  <div class='ocr_page' id='page_1' title='image "/cluster/home/n/w/nwhite01/storage/ocr_20150623/68/pst.000005712694/078.png"; bbox 0 0 3998 6304; ppageno 0'>
   <div class='ocr_carea' id='block_1_1' title="bbox 196 338 283 393">
    <p class='ocr_par' dir='ltr' id='par_1_1' title="bbox 196 338 283 393">
     <span class='ocr_line' id='line_1_1' title="bbox 196 338 283 393; baseline 0 0"><span class='ocrx_word' id='word_1_1' title='bbox 196 338 283 393; x_wconf 71' lang='grc'><strong>157</strong></span> 
     </span>
    </p>
   </div>
   <div class='ocr_carea' id='block_1_2' title="bbox 886 333 2652 393">
    <p class='ocr_par' dir='ltr' id='par_1_2' title="bbox 886 333 2652 393">
     <span class='ocr_line' id='line_1_2' title="bbox 886 333 2652 393; baseline -0.002 -2"><span class='ocrx_word' id='word_1_2' title='bbox 886 336 974 391; x_wconf 85' lang='lat' dir='ltr'><strong>DE</strong></span> <span class='ocrx_word' id='word_1_3' title='bbox 1010 333 1451 392; x_wconf 80' lang='lat' dir='ltr'><strong>ADORATIONE</strong></span> <span class='ocrx_word' id='word_1_4' title='bbox 1488 336 1555 391; x_wconf 78' lang='grc' dir='ltr'><strong>ΙΝ</strong></span> <span class='ocrx_word' id='word_1_5' title='bbox 1595 333 1864 393; x_wconf 74' lang='lat' dir='ltr'><strong>SPIRITU</strong></span> <span class='ocrx_word' id='word_1_6' title='bbox 1906 334 1993 389; x_wconf 89' lang='lat' dir='ltr'><strong>ET</strong></span> <span class='ocrx_word' id='word_1_7' title='bbox 2034 333 2401 389; x_wconf 80' lang='lat' dir='ltr'><strong>VERI&#39;I‘ATE.</strong></span> <span class='ocrx_word' id='word_1_8' title='bbox 2440 334 2570 390; x_wconf 85' lang='lat' dir='ltr'><strong>LIB.</strong></span> <span class='ocrx_word' id='word_1_9' title='bbox 2611 336 2652 389; x_wconf 90' lang='grc' dir='ltr'><strong>ῐ.</strong></span> 
     </span>
    </p>
   </div>
   <div class='ocr_carea' id='block_1_3' title="bbox 3336 335 3435 390">
    <p class='ocr_par' dir='ltr' id='par_1_3' title="bbox 3336 335 3435 390">
     <span class='ocr_line' id='line_1_3' title="bbox 3336 335 3435 390; baseline -0.02 0"><span class='ocrx_word' id='word_1_10' title='bbox 3336 335 3435 390; x_wconf 71' lang='grc'><strong>158</strong></span> 
     </span>
    </p>
   </div>
   <div class='ocr_carea' id='block_1_4' title="bbox 196 451 1777 527">
    <p class='ocr_par' dir='ltr' id='par_1_4' title="bbox 196 451 1762 527">
     <span class='ocr_line' id='line_1_4' title="bbox 196 451 1762 527; baseline 0.001 -19"><span class='ocrx_word' id='word_1_11' title='bbox 196 453 318 524; x_wconf 85' lang='grc' dir='ltr'><strong>Θεῷ,</strong></span> <span class='ocrx_word' id='word_1_12' title='bbox 355 454 412 507; x_wconf 88' lang='grc' dir='ltr'><strong>τί</strong></span> <span class='ocrx_word' id='word_1_13' title='bbox 453 455 517 527; x_wconf 81' lang='grc' dir='ltr'><strong>δὴ</strong></span> <span class='ocrx_word' id='word_1_14' title='bbox 557 453 665 525; x_wconf 80' lang='grc' dir='ltr'><strong>ἀρα</strong></span> <span class='ocrx_word' id='word_1_15' title='bbox 694 454 860 525; x_wconf 70' lang='grc' dir='ltr'><strong>φησὶν</strong></span> <span class='ocrx_word' id='word_1_16' title='bbox 884 455 915 506; x_wconf 83' lang='grc' dir='ltr'>ὁ</span> <span class='ocrx_word' id='word_1_17' title='bbox 941 454 1154 526; x_wconf 81' lang='grc' dir='ltr'><strong>Σωτὴρ,</strong></span> <span class='ocrx_word' id='word_1_18' title='bbox 1201 473 1220 505; x_wconf 77' lang='grc' dir='ltr'><strong>ι</strong></span> <span class='ocrx_word' id='word_1_19' title='bbox 1255 455 1370 509; x_wconf 82' lang='grc' dir='ltr'><strong>Οὐκ</strong></span> <span class='ocrx_word' id='word_1_20' title='bbox 1395 451 1561 527; x_wconf 78' lang='grc' dir='ltr'><strong>ἦλθον</strong></span> <span class='ocrx_word' id='word_1_21' title='bbox 1593 472 1762 509; x_wconf 85' lang='grc' dir='ltr'><strong>κατα-</strong></span> 
     </span>
    </p>
   </div>
   <div class='ocr_carea' id='block_1_5' title="bbox 1881 451 3434 527">
    <p class='ocr_par' dir='ltr' id='par_1_5' title="bbox 1881 453 3434 525">
     <span class='ocr_line' id='line_1_5' title="bbox 1881 453 3434 525; baseline -0.001 -17"><span class='ocrx_word' id='word_1_22' title='bbox 1881 454 2071 522; x_wconf 71' lang='grc' dir='ltr'><strong>)τίοτίε</strong></span> <span class='ocrx_word' id='word_1_23' title='bbox 2108 455 2352 510; x_wconf 98' lang='lat' dir='ltr'><strong>mandati</strong></span> <span class='ocrx_word' id='word_1_24' title='bbox 2402 454 2508 509; x_wconf 76' lang='lat' dir='ltr'><strong>fuit</strong></span> <span class='ocrx_word' id='word_1_25' title='bbox 2539 453 2655 510; x_wconf 64' lang='lat' dir='ltr'><strong>haec</strong></span> <span class='ocrx_word' id='word_1_26' title='bbox 2711 455 3038 525; x_wconf 70' lang='lat' dir='ltr'><strong>poscerioris</strong></span> <span class='ocrx_word' id='word_1_27' title='bbox 3096 453 3434 525; x_wconf 78' lang='lat' dir='ltr'><strong>subrogatto,</strong></span> 
     </span>
    </p>
   </div>
   <div class='ocr_carea' id='block_1_6' title="bbox 196 545 1758 618">
    <p class='ocr_par' dir='ltr' id='par_1_6' title="bbox 196 545 1758 618">
     <span class='ocr_line' id='line_1_6' title="bbox 196 545 1758 618; baseline -0.001 -17"><span class='ocrx_word' id='word_1_28' title='bbox 196 547 335 601; x_wconf 82' lang='grc' dir='ltr'><strong>λῦσαι</strong></span> <span class='ocrx_word' id='word_1_29' title='bbox 372 546 465 599; x_wconf 85' lang='grc' dir='ltr'><strong>τὸν</strong></span> <span class='ocrx_word' id='word_1_30' title='bbox 488 546 672 616; x_wconf 83' lang='grc' dir='ltr'><strong>νόμον,</strong></span> <span class='ocrx_word' id='word_1_31' title='bbox 697 545 831 600; x_wconf 84' lang='grc' dir='ltr'><strong>ἀλλά</strong></span> <span class='ocrx_word' id='word_1_32' title='bbox 864 547 1186 618; x_wconf 86' lang='grc' dir='ltr'><strong>πληρῶσαι;</strong></span> <span class='ocrx_word' id='word_1_33' title='bbox 1224 565 1242 598; x_wconf 73' lang='grc' dir='ltr'><strong>ι</strong></span> <span class='ocrx_word' id='word_1_34' title='bbox 1268 546 1363 600; x_wconf 62' lang='grc' dir='ltr'><strong>καὶ⁵</strong></span> <span class='ocrx_word' id='word_1_35' title='bbox 1387 546 1489 609; x_wconf 81' lang='grc' dir='ltr'><strong>ὅτι,</strong></span> <span class='ocrx_word' id='word_1_36' title='bbox 1525 565 1545 598; x_wconf 77' lang='grc' dir='ltr'><strong>ι</strong></span> <span class='ocrx_word' id='word_1_37' title='bbox 1582 548 1758 618; x_wconf 78' lang='grc' dir='ltr'><strong>Προσ-</strong></span> 
     </span>
    </p>
   </div>
   <div class='ocr_carea' id='block_1_7' title="bbox 197 637 1760 710">
    <p class='ocr_par' dir='ltr' id='par_1_7' title="bbox 197 637 1760 710">
     <span class='ocr_line' id='line_1_7' title="bbox 197 637 1760 710; baseline 0.001 -20"><span class='ocrx_word' id='word_1_38' title='bbox 197 640 303 710; x_wconf 73' lang='grc' dir='ltr'><strong>ήκει</strong></span> <span class='ocrx_word' id='word_1_39' title='bbox 336 640 664 708; x_wconf 88' lang='grc' dir='ltr'><strong>προσκυνεῖν</strong></span> <span class='ocrx_word' id='word_1_40' title='bbox 705 639 856 708; x_wconf 76' lang='grc' dir='ltr'><strong>ἡμᾶς</strong></span> <span class='ocrx_word' id='word_1_41' title='bbox 895 640 954 691; x_wconf 80' lang='grc' dir='ltr'><strong>ὲν</strong></span> <span class='ocrx_word' id='word_1_42' title='bbox 989 638 1258 709; x_wconf 79' lang='grc' dir='ltr'><strong>πνεύματι</strong></span> <span class='ocrx_word' id='word_1_43' title='bbox 1295 637 1393 692; x_wconf 78' lang='grc' dir='ltr'><strong>καὶ</strong></span> <span class='ocrx_word' id='word_1_44' title='bbox 1419 638 1647 710; x_wconf 78' lang='grc' dir='ltr'><strong>ἀληθείᾳ</strong></span> <span class='ocrx_word' id='word_1_45' title='bbox 1684 637 1760 709; x_wconf 87' lang='grc' dir='ltr'><strong>τῷ</strong></span> 
     </span>
    </p>
   </div>
   <div class='ocr_carea' id='block_1_8' title="bbox 197 725 1760 802">
    <p class='ocr_par' dir='ltr' id='par_1_8' title="bbox 197 725 1760 802">
     <span class='ocr_line' id='line_1_8' title="bbox 197 725 1760 802; baseline 0.001 -20"><span class='ocrx_word' id='word_1_46' title='bbox 197 729 301 800; x_wconf 82' lang='grc' dir='ltr'><strong>Θεῷ</strong></span> <span class='ocrx_word' id='word_1_47' title='bbox 323 729 416 783; x_wconf 75' lang='grc' dir='ltr'><strong>καὶ</strong></span> <span class='ocrx_word' id='word_1_48' title='bbox 449 729 665 801; x_wconf 84' lang='grc' dir='ltr'><strong>Πατρί;</strong></span> <span class='ocrx_word' id='word_1_49' title='bbox 701 748 719 782; x_wconf 74' lang='grc' dir='ltr'><strong>ι</strong></span> <span class='ocrx_word' id='word_1_50' title='bbox 763 730 921 800; x_wconf 87' lang='grc' dir='ltr'><strong>Δηλοῖ</strong></span> <span class='ocrx_word' id='word_1_51' title='bbox 951 729 1081 802; x_wconf 87' lang='grc' dir='ltr'><strong>γάρ,</strong></span> <span class='ocrx_word' id='word_1_52' title='bbox 1107 725 1281 801; x_wconf 75' lang='grc' dir='ltr'><strong>οἶμαι,</strong></span> <span class='ocrx_word' id='word_1_53' title='bbox 1311 731 1483 793; x_wconf 74' lang='grc' dir='ltr'><strong>τουτὶ,</strong></span> <span class='ocrx_word' id='word_1_54' title='bbox 1516 731 1578 784; x_wconf 80' lang='grc' dir='ltr'><strong>τὸ</strong></span> <span class='ocrx_word' id='word_1_55' title='bbox 1625 731 1760 785; x_wconf 87' lang='grc' dir='ltr'><strong>ἀπο-</strong></span> 
     </span>
    </p>
   </div>
   <div class='ocr_carea' id='block_1_9' title="bbox 197 820 1761 895">
    <p class='ocr_par' dir='ltr' id='par_1_9' title="bbox 197 820 1761 895">
     <span class='ocr_line' id='line_1_9' title="bbox 197 820 1761 895; baseline 0.002 -21"><span class='ocrx_word' id='word_1_56' title='bbox 197 820 495 875; x_wconf 78' lang='grc' dir='ltr'><strong>παύσασθαι</strong></span> <span class='ocrx_word' id='word_1_57' title='bbox 521 822 632 876; x_wconf 88' lang='grc' dir='ltr'>δεῖν</span> <span class='ocrx_word' id='word_1_58' title='bbox 665 823 814 893; x_wconf 75' lang='grc' dir='ltr'><strong>ἡμᾶς</strong></span> <span class='ocrx_word' id='word_1_59' title='bbox 858 821 1006 894; x_wconf 71' lang='grc' dir='ltr'><strong>ἠθῶν</strong></span> <span class='ocrx_word' id='word_1_60' title='bbox 1050 823 1145 877; x_wconf 69' lang='grc' dir='ltr'><strong>καὶ</strong></span> <span class='ocrx_word' id='word_1_61' title='bbox 1196 823 1453 895; x_wconf 72' lang='grc' dir='ltr'>λατρείας</span> <span class='ocrx_word' id='word_1_62' title='bbox 1478 823 1580 894; x_wconf 82' lang='grc' dir='ltr'><strong>τῆς</strong></span> <span class='ocrx_word' id='word_1_63' title='bbox 1620 822 1761 878; x_wconf 88' lang='grc' dir='ltr'><strong>κατά</strong></span> 
     </span>
    </p>
   </div>
   <div class='ocr_carea' id='block_1_10' title="bbox 196 909 483 981">
    <p class='ocr_par' dir='ltr' id='par_1_10' title="bbox 196 909 483 981">
     <span class='ocr_line' id='line_1_10' title="bbox 196 909 483 981; baseline 0.003 -16"><span class='ocrx_word' id='word_1_64' title='bbox 196 909 274 965; x_wconf 82' lang='grc' dir='ltr'><strong>τὸν</strong></span> <span class='ocrx_word' id='word_1_65' title='bbox 301 911 483 981; x_wconf 89' lang='grc' dir='ltr'><strong>νόμον.</strong></span> 
     </span>
    </p>
   </div>
   <div class='ocr_carea' id='block_1_11' title="bbox 259 1002 1760 1078">
    <p class='ocr_par' dir='ltr' id='par_1_11' title="bbox 259 1002 1760 1078">
     <span class='ocr_line' id='line_1_11' title="bbox 259 1002 1760 1078; baseline 0.001 -22"><span class='ocrx_word' id='word_1_66' title='bbox 259 1002 417 1057; x_wconf 79' lang='grc' dir='ltr'><strong>ΚΥΡ.</strong></span> <span class='ocrx_word' id='word_1_67' title='bbox 480 1002 571 1067; x_wconf 79' lang='grc' dir='ltr'><strong>Ὠς</strong></span> <span class='ocrx_word' id='word_1_68' title='bbox 599 1003 680 1067; x_wconf 85' lang='grc' dir='ltr'><strong>είς</strong></span> <span class='ocrx_word' id='word_1_69' title='bbox 708 1003 884 1063; x_wconf 79' lang='grc' dir='ltr'><strong>πλατὺ</strong></span> <span class='ocrx_word' id='word_1_70' title='bbox 915 1004 1248 1077; x_wconf 77' lang='grc' dir='ltr'><strong>ζητημάτων</strong></span> <span class='ocrx_word' id='word_1_71' title='bbox 1274 1004 1459 1078; x_wconf 78' lang='grc' dir='ltr'><strong>ὲξοίχῃ</strong></span> <span class='ocrx_word' id='word_1_72' title='bbox 1491 1004 1760 1076; x_wconf 71' lang='grc' dir='ltr'><strong>πέλαγοςῐ</strong></span> 
     </span>
    </p>
   </div>
   <div class='ocr_carea' id='block_1_12' title="bbox 197 1092 1763 1168">
    <p class='ocr_par' dir='ltr' id='par_1_12' title="bbox 197 1092 1763 1168">
     <span class='ocr_line' id='line_1_12' title="bbox 197 1092 1763 1168; baseline 0.002 -21"><span class='ocrx_word' id='word_1_73' title='bbox 197 1095 339 1157; x_wconf 87' lang='grc' dir='ltr'><strong>Ποῖος</strong></span> <span class='ocrx_word' id='word_1_74' title='bbox 372 1092 483 1165; x_wconf 82' lang='grc' dir='ltr'><strong>γὰρ</strong></span> <span class='ocrx_word' id='word_1_75' title='bbox 512 1094 579 1149; x_wconf 85' lang='grc' dir='ltr'><strong>ἃν</strong></span> <span class='ocrx_word' id='word_1_76' title='bbox 605 1094 858 1168; x_wconf 75' lang='grc' dir='ltr'><strong>ἀρκέσειε</strong></span> <span class='ocrx_word' id='word_1_77' title='bbox 884 1094 1029 1163; x_wconf 84' lang='grc' dir='ltr'><strong>νοῦς,</strong></span> <span class='ocrx_word' id='word_1_78' title='bbox 1058 1097 1172 1160; x_wconf 90' lang='grc' dir='ltr'><strong>τοῖς</strong></span> <span class='ocrx_word' id='word_1_79' title='bbox 1199 1096 1343 1151; x_wconf 75' lang='grc' dir='ltr'><strong>οὕτω</strong></span> <span class='ocrx_word' id='word_1_80' title='bbox 1375 1097 1593 1161; x_wconf 82' lang='grc' dir='ltr'><strong>λεπτοῖς</strong></span> <span class='ocrx_word' id='word_1_81' title='bbox 1627 1096 1763 1150; x_wconf 88' lang='grc' dir='ltr'><strong>θεω-</strong></span> 
     </span>
    </p>
   </div>
   <div class='ocr_carea' id='block_1_13' title="bbox 197 1186 1763 1260">
    <p class='ocr_par' dir='ltr' id='par_1_13' title="bbox 197 1186 1763 1260">
     <span class='ocr_line' id='line_1_13' title="bbox 197 1186 1763 1260; baseline 0.001 -21"><span class='ocrx_word' id='word_1_82' title='bbox 197 1188 426 1258; x_wconf 81' lang='grc' dir='ltr'><strong>ρήμασιν</strong></span> <span class='ocrx_word' id='word_1_83' title='bbox 469 1186 775 1242; x_wconf 79' lang='grc' dir='ltr'><strong>ὲνατενίσαι</strong></span> <span class='ocrx_word' id='word_1_84' title='bbox 815 1186 1114 1260; x_wconf 79' lang='grc' dir='ltr'><strong>λαμπρῶς,</strong></span> <span class='ocrx_word' id='word_1_85' title='bbox 1143 1187 1219 1253; x_wconf 82' lang='grc' dir='ltr'><strong>ὡς</strong></span> <span class='ocrx_word' id='word_1_86' title='bbox 1258 1190 1371 1253; x_wconf 89' lang='grc' dir='ltr'><strong>τοῖς</strong></span> <span class='ocrx_word' id='word_1_87' title='bbox 1405 1188 1572 1243; x_wconf 84' lang='grc' dir='ltr'><strong>πάλαι</strong></span> <span class='ocrx_word' id='word_1_88' title='bbox 1610 1187 1763 1241; x_wconf 86' lang='grc' dir='ltr'><strong>τεθε-</strong></span> 
     </span>
    </p>
   </div>
   <div class='ocr_carea' id='block_1_14' title="bbox 196 1273 1808 1351">
    <p class='ocr_par' dir='ltr' id='par_1_14' title="bbox 196 1273 1808 1351">
     <span class='ocr_line' id='line_1_14' title="bbox 196 1273 1808 1351; baseline 0 -19"><span class='ocrx_word' id='word_1_89' title='bbox 196 1276 504 1350; x_wconf 77' lang='grc' dir='ltr'><strong>σπισμὲνοις</strong></span> <span class='ocrx_word' id='word_1_90' title='bbox 547 1277 634 1334; x_wconf 81' lang='grc' dir='ltr'><strong>διὰ</strong></span> <span class='ocrx_word' id='word_1_91' title='bbox 660 1278 754 1332; x_wconf 86' lang='grc' dir='ltr'><strong>τοῦ</strong></span> <span class='ocrx_word' id='word_1_92' title='bbox 792 1279 1066 1349; x_wconf 84' lang='grc' dir='ltr'><strong>πανσόφου</strong></span> <span class='ocrx_word' id='word_1_93' title='bbox 1095 1280 1339 1345; x_wconf 82' lang='grc' dir='ltr'><strong>Μωσέως</strong></span> <span class='ocrx_word' id='word_1_94' title='bbox 1357 1321 1372 1347; x_wconf 91' lang='grc'><strong>,</strong></span> <span class='ocrx_word' id='word_1_95' title='bbox 1413 1278 1649 1351; x_wconf 80' lang='grc' dir='ltr'><strong>ἀδελφὴν</strong></span> <span class='ocrx_word' id='word_1_96' title='bbox 1680 1273 1766 1333; x_wconf 80' lang='grc' dir='ltr'><strong>οἷά</strong></span> <span class='ocrx_word' id='word_1_97' title='bbox 1794 1326 1808 1340; x_wconf 88' lang='grc'><strong>,</strong></span> 
     </span>
    </p>
   </div>
   <div class='ocr_carea' id='block_1_15' title="bbox 193 1370 1765 1445">
    <p class='ocr_par' dir='ltr' id='par_1_15' title="bbox 193 1370 1765 1445">
     <span class='ocr_line' id='line_1_15' title="bbox 193 1370 1765 1445; baseline 0.001 -21"><span class='ocrx_word' id='word_1_98' title='bbox 193 1387 291 1442; x_wconf 88' lang='grc' dir='ltr'><strong>περ</strong></span> <span class='ocrx_word' id='word_1_99' title='bbox 318 1370 416 1424; x_wconf 68' lang='grc' dir='ltr'><strong>καὶ</strong></span> <span class='ocrx_word' id='word_1_100' title='bbox 441 1370 680 1439; x_wconf 82' lang='grc' dir='ltr'><strong>γείτονα,</strong></span> <span class='ocrx_word' id='word_1_101' title='bbox 710 1371 805 1427; x_wconf 75' lang='grc' dir='ltr'><strong>καὶ</strong></span> <span class='ocrx_word' id='word_1_102' title='bbox 829 1370 917 1426; x_wconf 83' lang='grc' dir='ltr'><strong>διὰ</strong></span> <span class='ocrx_word' id='word_1_103' title='bbox 942 1370 1049 1425; x_wconf 84' lang='grc' dir='ltr'><strong>τῶν</strong></span> <span class='ocrx_word' id='word_1_104' title='bbox 1072 1371 1254 1427; x_wconf 75' lang='grc' dir='ltr'><strong>αὐτῶν</strong></span> <span class='ocrx_word' id='word_1_105' title='bbox 1284 1371 1472 1427; x_wconf 88' lang='grc' dir='ltr'><strong>ίοῦσαν</strong></span> <span class='ocrx_word' id='word_1_106' title='bbox 1503 1372 1765 1445; x_wconf 83' lang='grc' dir='ltr'><strong>πραγμά-</strong></span> 
     </span>
    </p>
   </div>
   <div class='ocr_carea' id='block_1_16' title="bbox 191 1462 1765 1538">
    <p class='ocr_par' dir='ltr' id='par_1_16' title="bbox 191 1462 1765 1538">
     <span class='ocr_line' id='line_1_16' title="bbox 191 1462 1765 1538; baseline 0.002 -22"><span class='ocrx_word' id='word_1_107' title='bbox 191 1479 311 1529; x_wconf 88' lang='grc' dir='ltr'><strong>των,</strong></span> <span class='ocrx_word' id='word_1_108' title='bbox 337 1462 440 1535; x_wconf 79' lang='grc' dir='ltr'><strong>τὴν</strong></span> <span class='ocrx_word' id='word_1_109' title='bbox 463 1462 593 1517; x_wconf 78' lang='grc' dir='ltr'><strong>νέαν</strong></span> <span class='ocrx_word' id='word_1_110' title='bbox 621 1464 756 1535; x_wconf 75' lang='grc' dir='ltr'><strong>ἡμῖν</strong></span> <span class='ocrx_word' id='word_1_111' title='bbox 788 1462 1052 1529; x_wconf 75' lang='grc' dir='ltr'><strong>ἐπιδεῖξαι</strong></span> <span class='ocrx_word' id='word_1_112' title='bbox 1076 1463 1322 1536; x_wconf 78' lang='grc' dir='ltr'><strong>Γραφὴν,</strong></span> <span class='ocrx_word' id='word_1_113' title='bbox 1356 1466 1449 1519; x_wconf 74' lang='grc' dir='ltr'><strong>καὶ</strong></span> <span class='ocrx_word' id='word_1_114' title='bbox 1476 1466 1577 1538; x_wconf 82' lang='grc' dir='ltr'><strong>τῆς</strong></span> <span class='ocrx_word' id='word_1_115' title='bbox 1611 1483 1765 1537; x_wconf 87' lang='grc' dir='ltr'><strong>νομι-</strong></span> 
     </span>
    </p>
   </div>
   <div class='ocr_carea' id='block_1_17' title="bbox 190 1554 1768 1630">
    <p class='ocr_par' dir='ltr' id='par_1_17' title="bbox 190 1554 1768 1630">
     <span class='ocr_line' id='line_1_17' title="bbox 190 1554 1768 1630; baseline 0.003 -23"><span class='ocrx_word' id='word_1_116' title='bbox 190 1556 289 1624; x_wconf 79' lang='grc' dir='ltr'><strong>κῆς</strong></span> <span class='ocrx_word' id='word_1_117' title='bbox 319 1554 601 1621; x_wconf 78' lang='grc' dir='ltr'><strong>πολιτείας</strong></span> <span class='ocrx_word' id='word_1_118' title='bbox 623 1554 685 1609; x_wconf 84' lang='grc' dir='ltr'><strong>οὕ</strong></span> <span class='ocrx_word' id='word_1_119' title='bbox 708 1554 914 1627; x_wconf 83' lang='grc' dir='ltr'><strong>σφόδρα</strong></span> <span class='ocrx_word' id='word_1_120' title='bbox 940 1555 1308 1628; x_wconf 74' lang='grc' dir='ltr'><strong>διῳκισμένην</strong></span> <span class='ocrx_word' id='word_1_121' title='bbox 1332 1556 1430 1628; x_wconf 80' lang='grc' dir='ltr'><strong>τὴν</strong></span> <span class='ocrx_word' id='word_1_122' title='bbox 1456 1557 1516 1611; x_wconf 81' lang='grc' dir='ltr'><strong>ὲν</strong></span> <span class='ocrx_word' id='word_1_123' title='bbox 1544 1557 1768 1630; x_wconf 82' lang='grc' dir='ltr'><strong>Χριστῷ</strong></span> 
     </span>
    </p>
   </div>
   <div class='ocr_carea' id='block_1_18' title="bbox 191 1644 1768 1721">
    <p class='ocr_par' dir='ltr' id='par_1_18' title="bbox 191 1644 1768 1721">
     <span class='ocr_line' id='line_1_18' title="bbox 191 1644 1768 1721; baseline 0.004 -25"><span class='ocrx_word' id='word_1_124' title='bbox 191 1644 351 1715; x_wconf 83' lang='grc' dir='ltr'><strong>ζωὴν,</strong></span> <span class='ocrx_word' id='word_1_125' title='bbox 384 1646 435 1698; x_wconf 79' lang='grc' dir='ltr'><strong>εί</strong></span> <span class='ocrx_word' id='word_1_126' title='bbox 465 1645 603 1718; x_wconf 82' lang='grc' dir='ltr'><strong>πρὸς</strong></span> <span class='ocrx_word' id='word_1_127' title='bbox 645 1644 883 1719; x_wconf 77' lang='grc' dir='ltr'>θεωρίαν</span> <span class='ocrx_word' id='word_1_128' title='bbox 924 1646 1111 1717; x_wconf 78' lang='grc' dir='ltr'><strong>ἄγοιτο</strong></span> <span class='ocrx_word' id='word_1_129' title='bbox 1154 1646 1255 1719; x_wconf 84' lang='grc' dir='ltr'><strong>τὴν</strong></span> <span class='ocrx_word' id='word_1_130' title='bbox 1291 1648 1669 1721; x_wconf 78' lang='grc' dir='ltr'><strong>πνευματικὴν</strong></span> <span class='ocrx_word' id='word_1_131' title='bbox 1700 1648 1768 1702; x_wconf 90' lang='grc' dir='ltr'><strong>τά</strong></span> 
     </span>
    </p>
   </div>
   <div class='ocr_carea' id='block_1_19' title="bbox 189 1734 1768 1810">
    <p class='ocr_par' dir='ltr' id='par_1_19' title="bbox 189 1734 1768 1810">
     <span class='ocr_line' id='line_1_19' title="bbox 189 1734 1768 1810; baseline 0.003 -24"><span class='ocrx_word' id='word_1_132' title='bbox 189 1736 295 1797; x_wconf 85' lang='grc' dir='ltr'><strong>τοῖς</strong></span> <span class='ocrx_word' id='word_1_133' title='bbox 326 1735 575 1805; x_wconf 88' lang='grc' dir='ltr'><strong>ἀρχαίοις</strong></span> <span class='ocrx_word' id='word_1_134' title='bbox 610 1734 965 1808; x_wconf 78' lang='grc' dir='ltr'><strong>διωρισμένα.</strong></span> <span class='ocrx_word' id='word_1_135' title='bbox 1009 1736 1191 1801; x_wconf 79' lang='grc' dir='ltr'><strong>Τόπος</strong></span> <span class='ocrx_word' id='word_1_136' title='bbox 1221 1738 1331 1809; x_wconf 82' lang='grc' dir='ltr'><strong>γὰρ</strong></span> <span class='ocrx_word' id='word_1_137' title='bbox 1380 1740 1409 1793; x_wconf 84' lang='grc' dir='ltr'>ὁ</span> <span class='ocrx_word' id='word_1_138' title='bbox 1464 1738 1627 1810; x_wconf 90' lang='grc' dir='ltr'><strong>νόμος</strong></span> <span class='ocrx_word' id='word_1_139' title='bbox 1673 1740 1768 1792; x_wconf 80' lang='grc' dir='ltr'><strong>καὶ</strong></span> 
     </span>
    </p>
   </div>
   <div class='ocr_carea' id='block_1_20' title="bbox 192 1800 1840 1899">
    <p class='ocr_par' dir='ltr' id='par_1_20' title="bbox 192 1800 1840 1899">
     <span class='ocr_line' id='line_1_20' title="bbox 192 1800 1840 1899; baseline 0.002 -23"><span class='ocrx_word' id='word_1_140' title='bbox 192 1824 333 1891; x_wconf 75' lang='grc' dir='ltr'><strong>σκιὰ,</strong></span> <span class='ocrx_word' id='word_1_141' title='bbox 366 1800 471 1878; x_wconf 51' lang='lat' dir='ltr'><strong>&quot;iet</strong></span> <span class='ocrx_word' id='word_1_142' title='bbox 496 1825 596 1897; x_wconf 84' lang='grc' dir='ltr'><strong>τῆς</strong></span> <span class='ocrx_word' id='word_1_143' title='bbox 626 1800 909 1891; x_wconf 71' lang='grc' dir='ltr'><strong>εὐσεϐείας</strong></span> <span class='ocrx_word' id='word_1_144' title='bbox 953 1828 987 1898; x_wconf 83' lang='grc' dir='ltr'>ἡ</span> <span class='ocrx_word' id='word_1_145' title='bbox 1029 1800 1311 1899; x_wconf 69' lang='grc' dir='ltr'><strong>μόρφωσις</strong></span> <span class='ocrx_word' id='word_1_146' title='bbox 1355 1828 1432 1893; x_wconf 85' lang='grc' dir='ltr'><strong>ὡς</strong></span> <span class='ocrx_word' id='word_1_147' title='bbox 1477 1800 1540 1882; x_wconf 66' lang='lat' dir='ltr'><strong>tv&#39;</strong></span> <span class='ocrx_word' id='word_1_148' title='bbox 1580 1800 1767 1882; x_wconf 67' lang='grc' dir='ltr'><strong>ῷδῖσιν</strong></span> <span class='ocrx_word' id='word_1_149' title='bbox 1801 1800 1840 1854; x_wconf 70' lang='grc' dir='ltr'><strong><em>υ</em></strong></span> 
     </span>
    </p>
   </div>
   <div class='ocr_carea' id='block_1_21' title="bbox 190 1913 1770 1990">
    <p class='ocr_par' dir='ltr' id='par_1_21' title="bbox 190 1913 1770 1990">
     <span class='ocr_line' id='line_1_21' title="bbox 190 1913 1770 1990; baseline 0.004 -23"><span class='ocrx_word' id='word_1_150' title='bbox 190 1913 287 1980; x_wconf 71' lang='grc' dir='ltr'><strong>ἔτι,</strong></span> <span class='ocrx_word' id='word_1_151' title='bbox 337 1917 435 1970; x_wconf 78' lang='grc' dir='ltr'><strong>καὶ</strong></span> <span class='ocrx_word' id='word_1_152' title='bbox 481 1917 871 1989; x_wconf 77' lang='grc' dir='ltr'><strong>κεκρυμμένον</strong></span> <span class='ocrx_word' id='word_1_153' title='bbox 918 1920 979 1971; x_wconf 82' lang='grc' dir='ltr'><strong>ὲν</strong></span> <span class='ocrx_word' id='word_1_154' title='bbox 1029 1919 1195 1990; x_wconf 70' lang='grc' dir='ltr'><strong>ἑαυτῇ</strong></span> <span class='ocrx_word' id='word_1_155' title='bbox 1245 1919 1304 1971; x_wconf 81' lang='grc' dir='ltr'><strong>τὸ</strong></span> <span class='ocrx_word' id='word_1_156' title='bbox 1349 1919 1448 1990; x_wconf 83' lang='grc' dir='ltr'><strong>τῆς</strong></span> <span class='ocrx_word' id='word_1_157' title='bbox 1511 1919 1770 1990; x_wconf 78' lang='grc' dir='ltr'><strong>ἀληθείας</strong></span> 
     </span>
    </p>
   </div>
   <div class='ocr_carea' id='block_1_22' title="bbox 192 2001 1737 2082">
    <p class='ocr_par' dir='ltr' id='par_1_22' title="bbox 192 2001 1737 2082">
     <span class='ocr_line' id='line_1_22' title="bbox 192 2001 1737 2082; baseline 0.003 -24"><span class='ocrx_word' id='word_1_158' title='bbox 192 2006 381 2078; x_wconf 76' lang='grc' dir='ltr'><strong>ἔχουσα</strong></span> <span class='ocrx_word' id='word_1_159' title='bbox 410 2008 629 2074; x_wconf 84' lang='grc' dir='ltr'><strong>κάλλος.</strong></span> <span class='ocrx_word' id='word_1_160' title='bbox 668 2010 738 2062; x_wconf 87' lang='grc' dir='ltr'>Ἣ</span> <span class='ocrx_word' id='word_1_161' title='bbox 769 2009 868 2080; x_wconf 83' lang='grc' dir='ltr'><strong>οὐχ</strong></span> <span class='ocrx_word' id='word_1_162' title='bbox 900 2001 1004 2065; x_wconf 78' lang='grc' dir='ltr'><strong>ὧδε</strong></span> <span class='ocrx_word' id='word_1_163' title='bbox 1042 2009 1187 2081; x_wconf 77' lang='grc' dir='ltr'><strong>ἔχειν</strong></span> <span class='ocrx_word' id='word_1_164' title='bbox 1219 2010 1363 2081; x_wconf 78' lang='grc' dir='ltr'><strong>ἐρεῖς</strong></span> <span class='ocrx_word' id='word_1_165' title='bbox 1401 2011 1538 2082; x_wconf 83' lang='grc' dir='ltr'><strong>ὅπερ</strong></span> <span class='ocrx_word' id='word_1_166' title='bbox 1563 2009 1737 2081; x_wconf 66' lang='grc' dir='ltr'><strong>ἔφηνς</strong></span> 
     </span>
    </p>
   </div>
   <div class='ocr_carea' id='block_1_23' title="bbox 260 2189 1772 2259">
    <p class='ocr_par' dir='ltr' id='par_1_23' title="bbox 260 2189 1772 2259">
     <span class='ocr_line' id='line_1_23' title="bbox 260 2189 1772 2259; baseline 0.001 -16"><span class='ocrx_word' id='word_1_167' title='bbox 260 2189 467 2244; x_wconf 82' lang='grc' dir='ltr'><strong>ΠΔΛΛ.</strong></span> <span class='ocrx_word' id='word_1_168' title='bbox 515 2191 668 2246; x_wconf 87' lang='grc' dir='ltr'><strong>Πάνυ</strong></span> <span class='ocrx_word' id='word_1_169' title='bbox 704 2190 918 2259; x_wconf 80' lang='grc' dir='ltr'><strong>μενοῦν.</strong></span> <span class='ocrx_word' id='word_1_170' title='bbox 956 2191 1119 2245; x_wconf 83' lang='grc' dir='ltr'><strong>Ἀλλά</strong></span> <span class='ocrx_word' id='word_1_171' title='bbox 1143 2190 1227 2255; x_wconf 87' lang='grc' dir='ltr'><strong>τίς</strong></span> <span class='ocrx_word' id='word_1_172' title='bbox 1251 2191 1317 2246; x_wconf 82' lang='grc' dir='ltr'><strong>ἂν</strong></span> <span class='ocrx_word' id='word_1_173' title='bbox 1341 2190 1555 2259; x_wconf 74' lang='grc' dir='ltr'><strong>γένοιτο</strong></span> <span class='ocrx_word' id='word_1_174' title='bbox 1581 2190 1772 2245; x_wconf 79' lang='grc' dir='ltr'><strong>τούτου</strong></span> 
     </span>
    </p>
   </div>
   <div class='ocr_carea' id='block_1_24' title="bbox 190 2281 1773 2356">
    <p class='ocr_par' dir='ltr' id='par_1_24' title="bbox 190 2281 1773 2356">
     <span class='ocr_line' id='line_1_24' title="bbox 190 2281 1773 2356; baseline 0.001 -21"><span class='ocrx_word' id='word_1_175' title='bbox 190 2282 225 2352; x_wconf 75' lang='grc' dir='ltr'><strong>ἡ</strong></span> <span class='ocrx_word' id='word_1_176' title='bbox 256 2281 611 2354; x_wconf 71' lang='grc' dir='ltr'><strong>διασαφησιςς</strong></span> <span class='ocrx_word' id='word_1_177' title='bbox 642 2284 715 2336; x_wconf 89' lang='grc' dir='ltr'><em>Ἢ</em></span> <span class='ocrx_word' id='word_1_178' title='bbox 743 2282 827 2347; x_wconf 88' lang='grc' dir='ltr'><strong>τίς</strong></span> <span class='ocrx_word' id='word_1_179' title='bbox 857 2285 885 2336; x_wconf 93' lang='grc' dir='ltr'><strong>ό</strong></span> <span class='ocrx_word' id='word_1_180' title='bbox 909 2283 1111 2356; x_wconf 82' lang='grc' dir='ltr'><strong>τρόπος</strong></span> <span class='ocrx_word' id='word_1_181' title='bbox 1133 2282 1229 2337; x_wconf 86' lang='grc' dir='ltr'><strong>τοῦ</strong></span> <span class='ocrx_word' id='word_1_182' title='bbox 1267 2281 1646 2337; x_wconf 83' lang='grc' dir='ltr'><strong>πολιτεύεσθαι</strong></span> <span class='ocrx_word' id='word_1_183' title='bbox 1673 2284 1773 2353; x_wconf 86' lang='grc' dir='ltr'><strong>μὲν</strong></span> 
     </span>
    </p>
   </div>
   <div class='ocr_carea' id='block_1_25' title="bbox 192 2372 1771 2446">
    <p class='ocr_par' dir='ltr' id='par_1_25' title="bbox 192 2372 1771 2446">
     <span class='ocr_line' id='line_1_25' title="bbox 192 2372 1771 2446; baseline 0.001 -19"><span class='ocrx_word' id='word_1_184' title='bbox 192 2373 579 2443; x_wconf 80' lang='grc' dir='ltr'><strong>Εὐαγγελικῶς</strong></span> <span class='ocrx_word' id='word_1_185' title='bbox 602 2372 835 2444; x_wconf 80' lang='grc' dir='ltr'><strong>ὲξῆφθαι</strong></span> <span class='ocrx_word' id='word_1_186' title='bbox 860 2372 940 2427; x_wconf 75' lang='grc' dir='ltr'><strong>ἔτι</strong></span> <span class='ocrx_word' id='word_1_187' title='bbox 961 2373 1139 2427; x_wconf 80' lang='grc' dir='ltr'>δοκεῖν</span> <span class='ocrx_word' id='word_1_188' title='bbox 1157 2376 1258 2445; x_wconf 82' lang='grc' dir='ltr'><strong>τῆς</strong></span> <span class='ocrx_word' id='word_1_189' title='bbox 1276 2373 1510 2445; x_wconf 80' lang='grc' dir='ltr'><strong>ἀρχαίας</strong></span> <span class='ocrx_word' id='word_1_190' title='bbox 1532 2374 1771 2446; x_wconf 81' lang='grc' dir='ltr'><strong>ἐντολῆς,</strong></span> 
     </span>
    </p>
   </div>
   <div class='ocr_carea' id='block_1_26' title="bbox 191 2465 1327 2538">
    <p class='ocr_par' dir='ltr' id='par_1_26' title="bbox 191 2465 1327 2538">
     <span class='ocr_line' id='line_1_26' title="bbox 191 2465 1327 2538; baseline -0.003 -16"><span class='ocrx_word' id='word_1_191' title='bbox 191 2467 286 2521; x_wconf 81' lang='grc' dir='ltr'><strong>καὶ</strong></span> <span class='ocrx_word' id='word_1_192' title='bbox 319 2465 568 2538; x_wconf 81' lang='grc' dir='ltr'><strong>πληροῦν</strong></span> <span class='ocrx_word' id='word_1_193' title='bbox 594 2465 803 2521; x_wconf 82' lang='grc' dir='ltr'><strong>οῖεσθαι</strong></span> <span class='ocrx_word' id='word_1_194' title='bbox 828 2465 899 2520; x_wconf 86' lang='grc' dir='ltr'><strong>τά</strong></span> <span class='ocrx_word' id='word_1_195' title='bbox 926 2466 1016 2521; x_wconf 82' lang='grc' dir='ltr'><strong>διὰ</strong></span> <span class='ocrx_word' id='word_1_196' title='bbox 1050 2466 1327 2533; x_wconf 84' lang='grc' dir='ltr'><strong>Μωσέως;</strong></span> 
     </span>
    </p>
   </div>
   <div class='ocr_carea' id='block_1_27' title="bbox 259 2645 1770 2718">
    <p class='ocr_par' dir='ltr' id='par_1_27' title="bbox 259 2645 1770 2718">
     <span class='ocr_line' id='line_1_27' title="bbox 259 2645 1770 2718; baseline -0.001 -17"><span class='ocrx_word' id='word_1_197' title='bbox 259 2645 424 2701; x_wconf 80' lang='grc' dir='ltr'><strong>ΚΥΡ.</strong></span> <span class='ocrx_word' id='word_1_198' title='bbox 467 2647 581 2718; x_wconf 78' lang='grc' dir='ltr'><strong>Οὐχ</strong></span> <span class='ocrx_word' id='word_1_199' title='bbox 618 2646 827 2711; x_wconf 79' lang='grc' dir='ltr'><strong>διπλοῦς</strong></span> <span class='ocrx_word' id='word_1_200' title='bbox 868 2649 897 2701; x_wconf 90' lang='grc' dir='ltr'><strong>ό</strong></span> <span class='ocrx_word' id='word_1_201' title='bbox 937 2647 1115 2717; x_wconf 84' lang='grc' dir='ltr'><strong>λόγος,</strong></span> <span class='ocrx_word' id='word_1_202' title='bbox 1163 2647 1240 2711; x_wconf 82' lang='grc' dir='ltr'><strong>ὡς</strong></span> <span class='ocrx_word' id='word_1_203' title='bbox 1280 2647 1346 2702; x_wconf 86' lang='grc' dir='ltr'><strong>ἄν</strong></span> <span class='ocrx_word' id='word_1_204' title='bbox 1387 2664 1471 2711; x_wconf 89' lang='grc' dir='ltr'><strong>τις</strong></span> <span class='ocrx_word' id='word_1_205' title='bbox 1512 2647 1770 2701; x_wconf 73' lang='grc' dir='ltr'><strong>εἰκάσειε·</strong></span> 
     </span>
    </p>
   </div>
   <div class='ocr_carea' id='block_1_28' title="bbox 191 2736 1775 2811">
    <p class='ocr_par' dir='ltr' id='par_1_28' title="bbox 191 2736 1775 2811">
     <span class='ocr_line' id='line_1_28' title="bbox 191 2736 1775 2811; baseline -0.001 -17"><span class='ocrx_word' id='word_1_206' title='bbox 191 2739 379 2811; x_wconf 80' lang='grc' dir='ltr'><strong>χρῆμα</strong></span> <span class='ocrx_word' id='word_1_207' title='bbox 413 2739 494 2805; x_wconf 81' lang='grc' dir='ltr'><strong>δὲ,</strong></span> <span class='ocrx_word' id='word_1_208' title='bbox 530 2736 718 2811; x_wconf 71' lang='grc' dir='ltr'><strong>οἴμαι,</strong></span> <span class='ocrx_word' id='word_1_209' title='bbox 760 2740 853 2794; x_wconf 76' lang='grc' dir='ltr'><strong>καὶ</strong></span> <span class='ocrx_word' id='word_1_210' title='bbox 883 2738 1204 2811; x_wconf 81' lang='grc' dir='ltr'><strong>πολυσχιδὲς</strong></span> <span class='ocrx_word' id='word_1_211' title='bbox 1233 2739 1328 2793; x_wconf 75' lang='grc' dir='ltr'><strong>καὶ</strong></span> <span class='ocrx_word' id='word_1_212' title='bbox 1364 2738 1710 2810; x_wconf 82' lang='grc' dir='ltr'><strong>πολύμορφον</strong></span> <span class='ocrx_word' id='word_1_213' title='bbox 1741 2740 1775 2809; x_wconf 82' lang='grc' dir='ltr'><strong>ἠ</strong></span> 
     </span>
    </p>
   </div>
   <div class='ocr_carea' id='block_1_29' title="bbox 190 2828 1775 2902">
    <p class='ocr_par' dir='ltr' id='par_1_29' title="bbox 190 2828 1775 2902">
     <span class='ocr_line' id='line_1_29' title="bbox 190 2828 1775 2902; baseline -0.001 -17"><span class='ocrx_word' id='word_1_214' title='bbox 190 2830 382 2901; x_wconf 80' lang='grc' dir='ltr'><strong>ἀρετή·</strong></span> <span class='ocrx_word' id='word_1_215' title='bbox 419 2829 513 2884; x_wconf 84' lang='grc' dir='ltr'><strong>καὶ</strong></span> <span class='ocrx_word' id='word_1_216' title='bbox 550 2830 651 2901; x_wconf 86' lang='grc' dir='ltr'><strong>τῆς</strong></span> <span class='ocrx_word' id='word_1_217' title='bbox 689 2831 747 2883; x_wconf 81' lang='grc' dir='ltr'><strong>ὲν</strong></span> <span class='ocrx_word' id='word_1_218' title='bbox 777 2829 997 2902; x_wconf 84' lang='grc' dir='ltr'><strong>Χριστῷ</strong></span> <span class='ocrx_word' id='word_1_219' title='bbox 1037 2828 1314 2894; x_wconf 85' lang='grc' dir='ltr'><strong>πολιτείας</strong></span> <span class='ocrx_word' id='word_1_220' title='bbox 1345 2830 1413 2885; x_wconf 82' lang='grc' dir='ltr'><strong>τὰ</strong></span> <span class='ocrx_word' id='word_1_221' title='bbox 1451 2830 1775 2902; x_wconf 81' lang='grc' dir='ltr'><strong>αὐχήματα,</strong></span> 
     </span>
    </p>
   </div>
   <div class='ocr_carea' id='block_1_30' title="bbox 191 2919 1780 2993">
    <p class='ocr_par' dir='ltr' id='par_1_30' title="bbox 191 2919 1780 2993">
     <span class='ocr_line' id='line_1_30' title="bbox 191 2919 1780 2993; baseline 0.003 -20"><span class='ocrx_word' id='word_1_222' title='bbox 191 2919 276 2975; x_wconf 86' lang='grc' dir='ltr'><strong>διά</strong></span> <span class='ocrx_word' id='word_1_223' title='bbox 310 2921 575 2992; x_wconf 72' lang='grc' dir='ltr'><strong>πλείστης</strong></span> <span class='ocrx_word' id='word_1_224' title='bbox 607 2923 740 2992; x_wconf 81' lang='grc' dir='ltr'><strong>ὅσης</strong></span> <span class='ocrx_word' id='word_1_225' title='bbox 778 2923 915 2993; x_wconf 81' lang='grc' dir='ltr'><strong>ἡμῖν</strong></span> <span class='ocrx_word' id='word_1_226' title='bbox 958 2921 1059 2992; x_wconf 81' lang='grc' dir='ltr'><strong>τῆς</strong></span> <span class='ocrx_word' id='word_1_227' title='bbox 1092 2921 1463 2993; x_wconf 82' lang='grc' dir='ltr'><strong>ἀγαθουργίας</strong></span> <span class='ocrx_word' id='word_1_228' title='bbox 1504 2922 1780 2977; x_wconf 79' lang='grc' dir='ltr'><strong>ὲκποικίλ-</strong></span> 
     </span>
    </p>
   </div>
   <div class='ocr_carea' id='block_1_31' title="bbox 190 3010 1782 3088">
    <p class='ocr_par' dir='ltr' id='par_1_31' title="bbox 190 3010 1782 3088">
     <span class='ocr_line' id='line_1_31' title="bbox 190 3010 1782 3088; baseline 0.001 -22"><span class='ocrx_word' id='word_1_229' title='bbox 190 3010 356 3088; x_wconf 77' lang='grc' dir='ltr'><strong>λεται.</strong></span> <span class='ocrx_word' id='word_1_230' title='bbox 395 3013 507 3068; x_wconf 75' lang='grc' dir='ltr'><strong>Καὶ</strong></span> <span class='ocrx_word' id='word_1_231' title='bbox 529 3011 660 3082; x_wconf 88' lang='grc' dir='ltr'><strong>γοῦν</strong></span> <span class='ocrx_word' id='word_1_232' title='bbox 683 3015 712 3068; x_wconf 86' lang='grc' dir='ltr'>ὁ</span> <span class='ocrx_word' id='word_1_233' title='bbox 741 3012 1031 3078; x_wconf 82' lang='grc' dir='ltr'><strong>θεσπέσιος</strong></span> <span class='ocrx_word' id='word_1_234' title='bbox 1068 3012 1235 3068; x_wconf 77' lang='grc' dir='ltr'><strong>Δαόὶδ</strong></span> <span class='ocrx_word' id='word_1_235' title='bbox 1254 3014 1314 3067; x_wconf 86' lang='grc' dir='ltr'>ὲν</span> <span class='ocrx_word' id='word_1_236' title='bbox 1350 3013 1551 3085; x_wconf 82' lang='grc' dir='ltr'><strong>ψαλμῷ</strong></span> <span class='ocrx_word' id='word_1_237' title='bbox 1589 3012 1665 3084; x_wconf 85' lang='grc' dir='ltr'><strong>τῷ</strong></span> <span class='ocrx_word' id='word_1_238' title='bbox 1694 3031 1782 3068; x_wconf 82' lang='grc' dir='ltr'><strong>τε·</strong></span> 
     </span>
    </p>
   </div>
   <div class='ocr_carea' id='block_1_32' title="bbox 1866 544 3434 617">
    <p class='ocr_par' dir='ltr' id='par_1_32' title="bbox 1866 544 3434 617">
     <span class='ocr_line' id='line_1_32' title="bbox 1866 544 3434 617; baseline -0.001 -19"><span class='ocrx_word' id='word_1_239' title='bbox 1866 560 1965 614; x_wconf 90' lang='lat' dir='ltr'><strong>per</strong></span> <span class='ocrx_word' id='word_1_240' title='bbox 1991 545 2138 615; x_wconf 90' lang='lat' dir='ltr'><strong>quod</strong></span> <span class='ocrx_word' id='word_1_241' title='bbox 2164 545 2277 601; x_wconf 88' lang='lat' dir='ltr'><strong>Deo</strong></span> <span class='ocrx_word' id='word_1_242' title='bbox 2310 545 2694 611; x_wconf 81' lang='lat' dir='ltr'><strong>conciliamur,</strong></span> <span class='ocrx_word' id='word_1_243' title='bbox 2733 560 2835 600; x_wconf 91' lang='lat' dir='ltr'><strong>cur</strong></span> <span class='ocrx_word' id='word_1_244' title='bbox 2864 560 2996 617; x_wconf 91' lang='lat' dir='ltr'><strong>ergo</strong></span> <span class='ocrx_word' id='word_1_245' title='bbox 3041 546 3290 603; x_wconf 75' lang='lat' dir='ltr'><strong>Salvator</strong></span> <span class='ocrx_word' id='word_1_246' title='bbox 3338 544 3434 608; x_wconf 89' lang='lat' dir='ltr'><strong>ait,</strong></span> 
     </span>
    </p>
   </div>
   <div class='ocr_carea' id='block_1_33' title="bbox 1872 636 3440 709">
    <p class='ocr_par' dir='ltr' id='par_1_33' title="bbox 1872 636 3440 709">
     <span class='ocr_line' id='line_1_33' title="bbox 1872 636 3440 709; baseline -0.001 -19"><span class='ocrx_word' id='word_1_247' title='bbox 1872 656 1889 689; x_wconf 76' lang='grc' dir='ltr'><strong>ι</strong></span> <span class='ocrx_word' id='word_1_248' title='bbox 1924 636 2044 692; x_wconf 87' lang='lat' dir='ltr'><strong>Non</strong></span> <span class='ocrx_word' id='word_1_249' title='bbox 2104 637 2231 692; x_wconf 89' lang='lat' dir='ltr'><strong>veni</strong></span> <span class='ocrx_word' id='word_1_250' title='bbox 2296 637 2509 693; x_wconf 86' lang='lat' dir='ltr'><strong>solvere</strong></span> <span class='ocrx_word' id='word_1_251' title='bbox 2565 637 2765 709; x_wconf 91' lang='lat' dir='ltr'><strong>legem,</strong></span> <span class='ocrx_word' id='word_1_252' title='bbox 2798 637 2894 693; x_wconf 90' lang='lat' dir='ltr'><strong>sed</strong></span> <span class='ocrx_word' id='word_1_253' title='bbox 2934 637 3324 708; x_wconf 67' lang='lat' dir='ltr'><strong>adimplere?»</strong></span> <span class='ocrx_word' id='word_1_254' title='bbox 3370 638 3440 691; x_wconf 88' lang='lat' dir='ltr'><strong>Et</strong></span> 
     </span>
    </p>
   </div>
   <div class='ocr_carea' id='block_1_34' title="bbox 1865 729 3437 800">
    <p class='ocr_par' dir='ltr' id='par_1_34' title="bbox 1865 729 3437 800">
     <span class='ocr_line' id='line_1_34' title="bbox 1865 729 3437 800; baseline -0.003 -11"><span class='ocrx_word' id='word_1_255' title='bbox 1865 733 2000 789; x_wconf 90' lang='lat' dir='ltr'><strong>illud</strong></span> <span class='ocrx_word' id='word_1_256' title='bbox 2024 732 2178 796; x_wconf 91' lang='lat' dir='ltr'><strong>item,</strong></span> <span class='ocrx_word' id='word_1_257' title='bbox 2219 750 2237 782; x_wconf 79' lang='grc' dir='ltr'><strong>ι</strong></span> <span class='ocrx_word' id='word_1_258' title='bbox 2259 729 2318 784; x_wconf 85' lang='lat' dir='ltr'><strong>In</strong></span> <span class='ocrx_word' id='word_1_259' title='bbox 2354 729 2551 800; x_wconf 84' lang='lat' dir='ltr'><strong>spiritu</strong></span> <span class='ocrx_word' id='word_1_260' title='bbox 2585 738 2640 785; x_wconf 91' lang='lat' dir='ltr'><strong>et</strong></span> <span class='ocrx_word' id='word_1_261' title='bbox 2672 730 2903 786; x_wconf 80' lang='lat' dir='ltr'><strong>veritate</strong></span> <span class='ocrx_word' id='word_1_262' title='bbox 2922 730 3095 785; x_wconf 91' lang='lat' dir='ltr'><strong>Deum</strong></span> <span class='ocrx_word' id='word_1_263' title='bbox 3131 744 3196 784; x_wconf 91' lang='lat' dir='ltr'><strong>ac</strong></span> <span class='ocrx_word' id='word_1_264' title='bbox 3222 730 3437 785; x_wconf 86' lang='lat' dir='ltr'><strong>Patrem</strong></span> 
     </span>
    </p>
   </div>
   <div class='ocr_carea' id='block_1_35' title="bbox 1865 821 3431 899">
    <p class='ocr_par' dir='ltr' id='par_1_35' title="bbox 1865 821 3431 899">
     <span class='ocr_line' id='line_1_35' title="bbox 1865 821 3431 899; baseline -0.006 -16"><span class='ocrx_word' id='word_1_265' title='bbox 1865 834 2085 899; x_wconf 86' lang='lat' dir='ltr'><strong>oportet</strong></span> <span class='ocrx_word' id='word_1_266' title='bbox 2117 824 2389 880; x_wconf 87' lang='lat' dir='ltr'><strong>adorare?</strong></span> <span class='ocrx_word' id='word_1_267' title='bbox 2416 844 2434 877; x_wconf 78' lang='grc' dir='ltr'><strong>ι</strong></span> <span class='ocrx_word' id='word_1_268' title='bbox 2472 824 2592 880; x_wconf 84' lang='lat' dir='ltr'><strong>Hoc</strong></span> <span class='ocrx_word' id='word_1_269' title='bbox 2642 824 2813 890; x_wconf 89' lang='lat' dir='ltr'><strong>enim,</strong></span> <span class='ocrx_word' id='word_1_270' title='bbox 2853 823 2962 878; x_wconf 89' lang='lat' dir='ltr'><strong>nisi</strong></span> <span class='ocrx_word' id='word_1_271' title='bbox 2992 821 3170 887; x_wconf 85' lang='lat' dir='ltr'><strong>fallor,</strong></span> <span class='ocrx_word' id='word_1_272' title='bbox 3226 821 3431 894; x_wconf 83' lang='lat' dir='ltr'><strong>signiﬁ-</strong></span> 
     </span>
    </p>
   </div>
   <div class='ocr_carea' id='block_1_36' title="bbox 1864 913 3436 988">
    <p class='ocr_par' dir='ltr' id='par_1_36' title="bbox 1864 913 3436 988">
     <span class='ocr_line' id='line_1_36' title="bbox 1864 913 3436 988; baseline -0.004 -12"><span class='ocrx_word' id='word_1_273' title='bbox 1864 928 1952 976; x_wconf 87' lang='lat' dir='ltr'><strong>cat</strong></span> <span class='ocrx_word' id='word_1_274' title='bbox 1976 934 2007 975; x_wconf 91' lang='lat' dir='ltr'><strong>a</strong></span> <span class='ocrx_word' id='word_1_275' title='bbox 2038 918 2238 973; x_wconf 88' lang='lat' dir='ltr'><strong>ritibus</strong></span> <span class='ocrx_word' id='word_1_276' title='bbox 2262 917 2522 987; x_wconf 89' lang='lat' dir='ltr'><strong>cultuque</strong></span> <span class='ocrx_word' id='word_1_277' title='bbox 2547 915 2684 988; x_wconf 85' lang='lat' dir='ltr'><strong>legis</strong></span> <span class='ocrx_word' id='word_1_278' title='bbox 2700 930 2822 972; x_wconf 89' lang='lat' dir='ltr'><strong>esse</strong></span> <span class='ocrx_word' id='word_1_279' title='bbox 2844 914 3006 970; x_wconf 89' lang='lat' dir='ltr'><strong>nobis</strong></span> <span class='ocrx_word' id='word_1_280' title='bbox 3030 913 3436 970; x_wconf 88' lang='lat' dir='ltr'><strong>abstinendum.</strong></span> 
     </span>
    </p>
   </div>
   <div class='ocr_carea' id='block_1_37' title="bbox 1935 1008 3442 1080">
    <p class='ocr_par' dir='ltr' id='par_1_37' title="bbox 1935 1008 3442 1080">
     <span class='ocr_line' id='line_1_37' title="bbox 1935 1008 3442 1080; baseline -0.005 -12"><span class='ocrx_word' id='word_1_281' title='bbox 1935 1011 2093 1069; x_wconf 84' lang='lat' dir='ltr'><strong>CYR.</strong></span> <span class='ocrx_word' id='word_1_282' title='bbox 2117 1010 2292 1079; x_wconf 84' lang='lat' dir='ltr'><strong>Quam</strong></span> <span class='ocrx_word' id='word_1_283' title='bbox 2321 1020 2537 1065; x_wconf 91' lang='lat' dir='ltr'><strong>vastum</strong></span> <span class='ocrx_word' id='word_1_284' title='bbox 2577 1009 2942 1080; x_wconf 65' lang='lat' dir='ltr'><strong>quaestionum</strong></span> <span class='ocrx_word' id='word_1_285' title='bbox 2981 1009 3210 1080; x_wconf 86' lang='lat' dir='ltr'><strong>pelagus</strong></span> <span class='ocrx_word' id='word_1_286' title='bbox 3255 1008 3442 1078; x_wconf 88' lang='lat' dir='ltr'><strong>ingrc-</strong></span> 
     </span>
    </p>
   </div>
   <div class='ocr_carea' id='block_1_38' title="bbox 1867 1096 3443 1169">
    <p class='ocr_par' dir='ltr' id='par_1_38' title="bbox 1867 1096 3443 1169">
     <span class='ocr_line' id='line_1_38' title="bbox 1867 1096 3443 1169; baseline -0.003 -12"><span class='ocrx_word' id='word_1_287' title='bbox 1867 1102 2021 1157; x_wconf 89' lang='lat' dir='ltr'><strong>deris</strong></span> <span class='ocrx_word' id='word_1_288' title='bbox 2050 1103 2064 1156; x_wconf 85' lang='lat' dir='ltr'><strong>l</strong></span> <span class='ocrx_word' id='word_1_289' title='bbox 2098 1100 2231 1167; x_wconf 67' lang='lat' dir='ltr'><strong>Qum</strong></span> <span class='ocrx_word' id='word_1_290' title='bbox 2259 1099 2409 1156; x_wconf 90' lang='lat' dir='ltr'><strong>enim</strong></span> <span class='ocrx_word' id='word_1_291' title='bbox 2454 1099 2656 1154; x_wconf 88' lang='lat' dir='ltr'><strong>mentis</strong></span> <span class='ocrx_word' id='word_1_292' title='bbox 2691 1098 2777 1153; x_wconf 93' lang='lat' dir='ltr'><strong>vis</strong></span> <span class='ocrx_word' id='word_1_293' title='bbox 2818 1106 2971 1154; x_wconf 89' lang='lat' dir='ltr'><strong>tanta</strong></span> <span class='ocrx_word' id='word_1_294' title='bbox 2996 1106 3178 1169; x_wconf 87' lang='lat' dir='ltr'><strong>potest</strong></span> <span class='ocrx_word' id='word_1_295' title='bbox 3221 1098 3278 1154; x_wconf 91' lang='lat' dir='ltr'><strong>in</strong></span> <span class='ocrx_word' id='word_1_296' title='bbox 3305 1096 3443 1153; x_wconf 90' lang='lat' dir='ltr'><strong>adeo</strong></span> 
     </span>
    </p>
   </div>
   <div class='ocr_carea' id='block_1_39' title="bbox 1867 1190 3437 1263">
    <p class='ocr_par' dir='ltr' id='par_1_39' title="bbox 1867 1190 3437 1263">
     <span class='ocr_line' id='line_1_39' title="bbox 1867 1190 3437 1263; baseline -0.004 -12"><span class='ocrx_word' id='word_1_297' title='bbox 1867 1194 2102 1252; x_wconf 82' lang='lat' dir='ltr'><strong>subtiles</strong></span> <span class='ocrx_word' id='word_1_298' title='bbox 2153 1191 2560 1263; x_wconf 86' lang='lat' dir='ltr'><strong>disputationes</strong></span> <span class='ocrx_word' id='word_1_299' title='bbox 2587 1190 2722 1246; x_wconf 87' lang='lat' dir='ltr'><strong>satis</strong></span> <span class='ocrx_word' id='word_1_300' title='bbox 2765 1190 2967 1246; x_wconf 90' lang='lat' dir='ltr'><strong>claram</strong></span> <span class='ocrx_word' id='word_1_301' title='bbox 3018 1191 3193 1246; x_wconf 91' lang='lat' dir='ltr'><strong>aciem</strong></span> <span class='ocrx_word' id='word_1_302' title='bbox 3256 1191 3437 1245; x_wconf 90' lang='lat' dir='ltr'><strong>inten-</strong></span> 
     </span>
    </p>
   </div>
   <div class='ocr_carea' id='block_1_40' title="bbox 1868 1281 3441 1355">
    <p class='ocr_par' dir='ltr' id='par_1_40' title="bbox 1868 1281 3441 1355">
     <span class='ocr_line' id='line_1_40' title="bbox 1868 1281 3441 1355; baseline -0.004 -13"><span class='ocrx_word' id='word_1_303' title='bbox 1868 1287 2024 1354; x_wconf 87' lang='lat' dir='ltr'><strong>dere,</strong></span> <span class='ocrx_word' id='word_1_304' title='bbox 2062 1293 2123 1340; x_wconf 90' lang='lat' dir='ltr'><strong>ut</strong></span> <span class='ocrx_word' id='word_1_305' title='bbox 2164 1284 2233 1339; x_wconf 90' lang='lat' dir='ltr'><strong>iis</strong></span> <span class='ocrx_word' id='word_1_306' title='bbox 2266 1300 2389 1355; x_wconf 77' lang='lat' dir='ltr'><strong>qua:</strong></span> <span class='ocrx_word' id='word_1_307' title='bbox 2418 1282 2553 1339; x_wconf 90' lang='lat' dir='ltr'><strong>olim</strong></span> <span class='ocrx_word' id='word_1_308' title='bbox 2586 1299 2618 1338; x_wconf 89' lang='lat' dir='ltr'><strong>a</strong></span> <span class='ocrx_word' id='word_1_309' title='bbox 2654 1281 3060 1353; x_wconf 89' lang='lat' dir='ltr'><strong>sapientissimo</strong></span> <span class='ocrx_word' id='word_1_310' title='bbox 3098 1281 3282 1353; x_wconf 80' lang='lat' dir='ltr'><strong>Moyse</strong></span> <span class='ocrx_word' id='word_1_311' title='bbox 3312 1296 3441 1335; x_wconf 88' lang='lat' dir='ltr'><strong>san-</strong></span> 
     </span>
    </p>
   </div>
   <div class='ocr_carea' id='block_1_41' title="bbox 1868 1373 3440 1448">
    <p class='ocr_par' dir='ltr' id='par_1_41' title="bbox 1868 1373 3440 1448">
     <span class='ocr_line' id='line_1_41' title="bbox 1868 1373 3440 1448; baseline -0.004 -14"><span class='ocrx_word' id='word_1_312' title='bbox 1868 1379 1975 1434; x_wconf 89' lang='lat' dir='ltr'><strong>cita</strong></span> <span class='ocrx_word' id='word_1_313' title='bbox 2012 1386 2163 1444; x_wconf 90' lang='lat' dir='ltr'><strong>sunt,</strong></span> <span class='ocrx_word' id='word_1_314' title='bbox 2192 1383 2454 1448; x_wconf 85' lang='lat' dir='ltr'><strong>tanquam</strong></span> <span class='ocrx_word' id='word_1_315' title='bbox 2507 1383 2790 1446; x_wconf 79' lang='lat' dir='ltr'><strong>cognatam</strong></span> <span class='ocrx_word' id='word_1_316' title='bbox 2846 1389 2909 1429; x_wconf 88' lang='lat' dir='ltr'><strong>ac</strong></span> <span class='ocrx_word' id='word_1_317' title='bbox 2941 1373 3247 1445; x_wconf 77' lang='lat' dir='ltr'><strong>proximam</strong></span> <span class='ocrx_word' id='word_1_318' title='bbox 3298 1388 3440 1433; x_wconf 82' lang='lat' dir='ltr'><strong>esse,</strong></span> 
     </span>
    </p>
   </div>
   <div class='ocr_carea' id='block_1_42' title="bbox 1869 1464 3443 1540">
    <p class='ocr_par' dir='ltr' id='par_1_42' title="bbox 1869 1464 3443 1540">
     <span class='ocr_line' id='line_1_42' title="bbox 1869 1464 3443 1540; baseline -0.004 -16"><span class='ocrx_word' id='word_1_319' title='bbox 1869 1470 1926 1526; x_wconf 89' lang='lat' dir='ltr'><strong>in</strong></span> <span class='ocrx_word' id='word_1_320' title='bbox 1990 1469 2298 1540; x_wconf 84' lang='lat' dir='ltr'><strong>iisdemque</strong></span> <span class='ocrx_word' id='word_1_321' title='bbox 2360 1466 2575 1524; x_wconf 84' lang='lat' dir='ltr'><strong>versari</strong></span> <span class='ocrx_word' id='word_1_322' title='bbox 2642 1466 2810 1522; x_wconf 86' lang='lat' dir='ltr'><strong>rebus</strong></span> <span class='ocrx_word' id='word_1_323' title='bbox 2863 1481 3065 1521; x_wconf 87' lang='lat' dir='ltr'><strong>novam</strong></span> <span class='ocrx_word' id='word_1_324' title='bbox 3101 1464 3443 1535; x_wconf 87' lang='lat' dir='ltr'><strong>Scripturam</strong></span> 
     </span>
    </p>
   </div>
   <div class='ocr_carea' id='block_1_43' title="bbox 1867 1556 3444 1632">
    <p class='ocr_par' dir='ltr' id='par_1_43' title="bbox 1867 1556 3444 1632">
     <span class='ocr_line' id='line_1_43' title="bbox 1867 1556 3444 1632; baseline -0.006 -13"><span class='ocrx_word' id='word_1_325' title='bbox 1867 1563 2144 1629; x_wconf 86' lang='lat' dir='ltr'><strong>ostendat,</strong></span> <span class='ocrx_word' id='word_1_326' title='bbox 2208 1576 2443 1632; x_wconf 86' lang='lat' dir='ltr'><strong>esseque</strong></span> <span class='ocrx_word' id='word_1_327' title='bbox 2495 1560 2663 1615; x_wconf 81' lang='lat' dir='ltr'><strong>vitam</strong></span> <span class='ocrx_word' id='word_1_328' title='bbox 2699 1560 2756 1614; x_wconf 89' lang='lat' dir='ltr'><strong>in</strong></span> <span class='ocrx_word' id='word_1_329' title='bbox 2785 1556 3009 1616; x_wconf 85' lang='lat' dir='ltr'><strong>Christo</strong></span> <span class='ocrx_word' id='word_1_330' title='bbox 3039 1573 3151 1613; x_wconf 94' lang='lat' dir='ltr'><strong>non</strong></span> <span class='ocrx_word' id='word_1_331' title='bbox 3201 1557 3363 1628; x_wconf 85' lang='lat' dir='ltr'><strong>longe</strong></span> <span class='ocrx_word' id='word_1_332' title='bbox 3414 1571 3444 1610; x_wconf 86' lang='lat' dir='ltr'><strong>a</strong></span> 
     </span>
    </p>
   </div>
   <div class='ocr_carea' id='block_1_44' title="bbox 1867 1648 3442 1727">
    <p class='ocr_par' dir='ltr' id='par_1_44' title="bbox 1867 1648 3442 1727">
     <span class='ocr_line' id='line_1_44' title="bbox 1867 1648 3442 1727; baseline -0.006 -17"><span class='ocrx_word' id='word_1_333' title='bbox 1867 1655 2026 1727; x_wconf 78' lang='lat' dir='ltr'><strong>legali</strong></span> <span class='ocrx_word' id='word_1_334' title='bbox 2056 1654 2410 1726; x_wconf 88' lang='lat' dir='ltr'><strong>disjunctam,</strong></span> <span class='ocrx_word' id='word_1_335' title='bbox 2431 1652 2477 1707; x_wconf 90' lang='lat' dir='ltr'><strong>si</strong></span> <span class='ocrx_word' id='word_1_336' title='bbox 2502 1666 2624 1722; x_wconf 75' lang='lat' dir='ltr'><strong>quae</strong></span> <span class='ocrx_word' id='word_1_337' title='bbox 2647 1650 2931 1706; x_wconf 85' lang='lat' dir='ltr'><strong>veteribus</strong></span> <span class='ocrx_word' id='word_1_338' title='bbox 2954 1648 3273 1721; x_wconf 57' lang='lat' dir='ltr'><strong>praescripta</strong></span> <span class='ocrx_word' id='word_1_339' title='bbox 3294 1654 3442 1709; x_wconf 87' lang='lat' dir='ltr'><strong>sunt,</strong></span> 
     </span>
    </p>
   </div>
   <div class='ocr_carea' id='block_1_45' title="bbox 1870 1738 3444 1814">
    <p class='ocr_par' dir='ltr' id='par_1_45' title="bbox 1870 1738 3444 1814">
     <span class='ocr_line' id='line_1_45' title="bbox 1870 1738 3444 1814; baseline -0.004 -15"><span class='ocrx_word' id='word_1_340' title='bbox 1870 1746 1938 1800; x_wconf 90' lang='lat' dir='ltr'><strong>ad</strong></span> <span class='ocrx_word' id='word_1_341' title='bbox 1968 1744 2317 1814; x_wconf 88' lang='lat' dir='ltr'><strong>spiritualem</strong></span> <span class='ocrx_word' id='word_1_342' title='bbox 2355 1743 2876 1813; x_wconf 88' lang='lat' dir='ltr'><strong>contemplationem</strong></span> <span class='ocrx_word' id='word_1_343' title='bbox 2907 1741 3303 1797; x_wconf 89' lang='lat' dir='ltr'><strong>traducantur:</strong></span> <span class='ocrx_word' id='word_1_344' title='bbox 3356 1738 3444 1793; x_wconf 76' lang='lat' dir='ltr'><strong>lex</strong></span> 
     </span>
    </p>
   </div>
   <div class='ocr_carea' id='block_1_46' title="bbox 1871 1833 3443 1907">
    <p class='ocr_par' dir='ltr' id='par_1_46' title="bbox 1871 1833 3443 1907">
     <span class='ocr_line' id='line_1_46' title="bbox 1871 1833 3443 1907; baseline -0.004 -15"><span class='ocrx_word' id='word_1_345' title='bbox 1871 1852 2107 1907; x_wconf 88' lang='lat' dir='ltr'><strong>namque</strong></span> <span class='ocrx_word' id='word_1_346' title='bbox 2147 1836 2319 1907; x_wconf 83' lang='lat' dir='ltr'><strong>ﬁgura</strong></span> <span class='ocrx_word' id='word_1_347' title='bbox 2358 1843 2414 1890; x_wconf 92' lang='lat' dir='ltr'><strong>et</strong></span> <span class='ocrx_word' id='word_1_348' title='bbox 2437 1835 2632 1890; x_wconf 87' lang='lat' dir='ltr'><strong>umbra</strong></span> <span class='ocrx_word' id='word_1_349' title='bbox 2659 1843 2765 1901; x_wconf 89' lang='lat' dir='ltr'><strong>est,</strong></span> <span class='ocrx_word' id='word_1_350' title='bbox 2798 1844 2853 1890; x_wconf 90' lang='lat' dir='ltr'><strong>et</strong></span> <span class='ocrx_word' id='word_1_351' title='bbox 2882 1833 3057 1889; x_wconf 82' lang='lat' dir='ltr'><strong>forma</strong></span> <span class='ocrx_word' id='word_1_352' title='bbox 3076 1833 3299 1906; x_wconf 90' lang='lat' dir='ltr'><strong>pietatis</strong></span> <span class='ocrx_word' id='word_1_353' title='bbox 3321 1840 3443 1887; x_wconf 78' lang='lat' dir='ltr'><strong>tan-</strong></span> 
     </span>
    </p>
   </div>
   <div class='ocr_carea' id='block_1_47' title="bbox 1870 1922 3443 1999">
    <p class='ocr_par' dir='ltr' id='par_1_47' title="bbox 1870 1922 3443 1999">
     <span class='ocr_line' id='line_1_47' title="bbox 1870 1922 3443 1999; baseline -0.005 -16"><span class='ocrx_word' id='word_1_354' title='bbox 1870 1942 2034 1999; x_wconf 90' lang='lat' dir='ltr'><strong>quam</strong></span> <span class='ocrx_word' id='word_1_355' title='bbox 2064 1926 2247 1983; x_wconf 89' lang='lat' dir='ltr'><strong>adbuc</strong></span> <span class='ocrx_word' id='word_1_356' title='bbox 2268 1926 2607 1997; x_wconf 87' lang='lat' dir='ltr'><strong>parturiens,</strong></span> <span class='ocrx_word' id='word_1_357' title='bbox 2640 1935 2697 1982; x_wconf 89' lang='lat' dir='ltr'><strong>et</strong></span> <span class='ocrx_word' id='word_1_358' title='bbox 2724 1926 2987 1981; x_wconf 89' lang='lat' dir='ltr'><strong>latentem</strong></span> <span class='ocrx_word' id='word_1_359' title='bbox 3012 1926 3068 1979; x_wconf 91' lang='lat' dir='ltr'><strong>in</strong></span> <span class='ocrx_word' id='word_1_360' title='bbox 3108 1939 3167 1979; x_wconf 88' lang='lat' dir='ltr'><strong>se</strong></span> <span class='ocrx_word' id='word_1_361' title='bbox 3194 1922 3443 1994; x_wconf 87' lang='lat' dir='ltr'><strong>pulchri-</strong></span> 
     </span>
    </p>
   </div>
   <div class='ocr_carea' id='block_1_48' title="bbox 1873 2010 3445 2078">
    <p class='ocr_par' dir='ltr' id='par_1_48' title="bbox 1873 2010 3445 2078">
     <span class='ocr_line' id='line_1_48' title="bbox 1873 2010 3445 2078; baseline -0.004 -7"><span class='ocrx_word' id='word_1_362' title='bbox 1873 2016 2120 2071; x_wconf 86' lang='lat' dir='ltr'><strong>tudinem</strong></span> <span class='ocrx_word' id='word_1_363' title='bbox 2169 2015 2423 2071; x_wconf 83' lang='lat' dir='ltr'><strong>veritatis</strong></span> <span class='ocrx_word' id='word_1_364' title='bbox 2465 2014 2773 2069; x_wconf 89' lang='lat' dir='ltr'><strong>continens.</strong></span> <span class='ocrx_word' id='word_1_365' title='bbox 2804 2013 2885 2068; x_wconf 83' lang='lat' dir='ltr'><strong>An</strong></span> <span class='ocrx_word' id='word_1_366' title='bbox 2923 2028 3033 2068; x_wconf 92' lang='lat' dir='ltr'><strong>non</strong></span> <span class='ocrx_word' id='word_1_367' title='bbox 3067 2014 3164 2078; x_wconf 91' lang='lat' dir='ltr'><strong>ita,</strong></span> <span class='ocrx_word' id='word_1_368' title='bbox 3199 2019 3261 2066; x_wconf 90' lang='lat' dir='ltr'><strong>ut</strong></span> <span class='ocrx_word' id='word_1_369' title='bbox 3308 2010 3445 2078; x_wconf 91' lang='lat' dir='ltr'><strong>dixi,</strong></span> 
     </span>
    </p>
   </div>
   <div class='ocr_carea' id='block_1_49' title="bbox 1873 2106 2528 2164">
    <p class='ocr_par' dir='ltr' id='par_1_49' title="bbox 1873 2106 2528 2164">
     <span class='ocr_line' id='line_1_49' title="bbox 1873 2106 2528 2164; baseline -0.005 -1"><span class='ocrx_word' id='word_1_370' title='bbox 1873 2123 1989 2164; x_wconf 91' lang='lat' dir='ltr'><strong>rem</strong></span> <span class='ocrx_word' id='word_1_371' title='bbox 2021 2123 2081 2163; x_wconf 90' lang='lat' dir='ltr'><strong>se</strong></span> <span class='ocrx_word' id='word_1_372' title='bbox 2102 2106 2310 2162; x_wconf 88' lang='lat' dir='ltr'><strong>habere</strong></span> <span class='ocrx_word' id='word_1_373' title='bbox 2335 2106 2528 2162; x_wconf 88' lang='lat' dir='ltr'><strong>dices?</strong></span> 
     </span>
    </p>
   </div>
   <div class='ocr_carea' id='block_1_50' title="bbox 1942 2193 3448 2270">
    <p class='ocr_par' dir='ltr' id='par_1_50' title="bbox 1942 2193 3448 2270">
     <span class='ocr_line' id='line_1_50' title="bbox 1942 2193 3448 2270; baseline -0.004 -15"><span class='ocrx_word' id='word_1_374' title='bbox 1942 2198 2142 2255; x_wconf 81' lang='lat' dir='ltr'><strong>PALL.</strong></span> <span class='ocrx_word' id='word_1_375' title='bbox 2180 2197 2263 2254; x_wconf 88' lang='lat' dir='ltr'><strong>Ita</strong></span> <span class='ocrx_word' id='word_1_376' title='bbox 2315 2213 2565 2270; x_wconf 89' lang='lat' dir='ltr'><strong>prorsus.</strong></span> <span class='ocrx_word' id='word_1_377' title='bbox 2622 2197 2894 2254; x_wconf 77' lang='lat' dir='ltr'><strong>Caeterum</strong></span> <span class='ocrx_word' id='word_1_378' title='bbox 2947 2209 3182 2267; x_wconf 89' lang='lat' dir='ltr'><strong>quanam</strong></span> <span class='ocrx_word' id='word_1_379' title='bbox 3233 2193 3448 2249; x_wconf 83' lang='lat' dir='ltr'><strong>ratione</strong></span> 
     </span>
    </p>
   </div>
   <div class='ocr_carea' id='block_1_51' title="bbox 1874 2283 3449 2360">
    <p class='ocr_par' dir='ltr' id='par_1_51' title="bbox 1874 2283 3449 2360">
     <span class='ocr_line' id='line_1_51' title="bbox 1874 2283 3449 2360; baseline -0.004 -16"><span class='ocrx_word' id='word_1_380' title='bbox 1874 2288 1992 2345; x_wconf 67' lang='lat' dir='ltr'><strong>haec</strong></span> <span class='ocrx_word' id='word_1_381' title='bbox 2020 2287 2291 2345; x_wconf 80' lang='lat' dir='ltr'><strong>declarari</strong></span> <span class='ocrx_word' id='word_1_382' title='bbox 2320 2289 2620 2360; x_wconf 85' lang='lat' dir='ltr'><strong>poterunt?</strong></span> <span class='ocrx_word' id='word_1_383' title='bbox 2652 2288 2761 2343; x_wconf 88' lang='lat' dir='ltr'><strong>Aut</strong></span> <span class='ocrx_word' id='word_1_384' title='bbox 2809 2285 3086 2357; x_wconf 91' lang='lat' dir='ltr'><strong>quomodo</strong></span> <span class='ocrx_word' id='word_1_385' title='bbox 3132 2283 3449 2355; x_wconf 82' lang='lat' dir='ltr'><strong>evangelice</strong></span> 
     </span>
    </p>
   </div>
   <div class='ocr_carea' id='block_1_52' title="bbox 1876 2375 3449 2453">
    <p class='ocr_par' dir='ltr' id='par_1_52' title="bbox 1876 2375 3449 2453">
     <span class='ocr_line' id='line_1_52' title="bbox 1876 2375 3449 2453; baseline -0.002 -21"><span class='ocrx_word' id='word_1_386' title='bbox 1876 2379 2145 2445; x_wconf 85' lang='lat' dir='ltr'><strong>vivamus,</strong></span> <span class='ocrx_word' id='word_1_387' title='bbox 2198 2379 2247 2434; x_wconf 90' lang='lat' dir='ltr'><strong>si</strong></span> <span class='ocrx_word' id='word_1_388' title='bbox 2304 2395 2408 2435; x_wconf 90' lang='lat' dir='ltr'><strong>nos</strong></span> <span class='ocrx_word' id='word_1_389' title='bbox 2462 2379 2645 2453; x_wconf 80' lang='lat' dir='ltr'><strong>adhuc</strong></span> <span class='ocrx_word' id='word_1_390' title='bbox 2682 2378 2750 2433; x_wconf 91' lang='lat' dir='ltr'><strong>de</strong></span> <span class='ocrx_word' id='word_1_391' title='bbox 2787 2377 2963 2433; x_wconf 85' lang='lat' dir='ltr'><strong>veteri</strong></span> <span class='ocrx_word' id='word_1_392' title='bbox 3013 2375 3271 2431; x_wconf 90' lang='lat' dir='ltr'><strong>mandato</strong></span> <span class='ocrx_word' id='word_1_393' title='bbox 3310 2391 3449 2446; x_wconf 89' lang='lat' dir='ltr'><strong>pen-</strong></span> 
     </span>
    </p>
   </div>
   <div class='ocr_carea' id='block_1_53' title="bbox 1874 2462 3450 2540">
    <p class='ocr_par' dir='ltr' id='par_1_53' title="bbox 1874 2462 3450 2540">
     <span class='ocr_line' id='line_1_53' title="bbox 1874 2462 3450 2540; baseline -0.003 -20"><span class='ocrx_word' id='word_1_394' title='bbox 1874 2464 2027 2531; x_wconf 89' lang='lat' dir='ltr'><strong>dere,</strong></span> <span class='ocrx_word' id='word_1_395' title='bbox 2065 2475 2122 2522; x_wconf 91' lang='lat' dir='ltr'><strong>et</strong></span> <span class='ocrx_word' id='word_1_396' title='bbox 2158 2466 2214 2540; x_wconf 65' lang='grc'><strong>4</strong></span> <span class='ocrx_word' id='word_1_397' title='bbox 2240 2482 2305 2522; x_wconf 91' lang='lat' dir='ltr'><strong>ea</strong></span> <span class='ocrx_word' id='word_1_398' title='bbox 2343 2465 2619 2538; x_wconf 85' lang='lat' dir='ltr'><strong>implenda</strong></span> <span class='ocrx_word' id='word_1_399' title='bbox 2653 2474 2910 2536; x_wconf 89' lang='lat' dir='ltr'><strong>putemus</strong></span> <span class='ocrx_word' id='word_1_400' title='bbox 2939 2478 3062 2535; x_wconf 67' lang='lat' dir='ltr'><strong>qua:</strong></span> <span class='ocrx_word' id='word_1_401' title='bbox 3085 2479 3188 2535; x_wconf 88' lang='lat' dir='ltr'><strong>per</strong></span> <span class='ocrx_word' id='word_1_402' title='bbox 3226 2462 3450 2534; x_wconf 79' lang='lat' dir='ltr'><strong>Moysen</strong></span> 
     </span>
    </p>
   </div>
   <div class='ocr_carea' id='block_1_54' title="bbox 1876 2558 2722 2614">
    <p class='ocr_par' dir='ltr' id='par_1_54' title="bbox 1876 2558 2722 2614">
     <span class='ocr_line' id='line_1_54' title="bbox 1876 2558 2722 2614; baseline -0.002 -1"><span class='ocrx_word' id='word_1_403' title='bbox 1876 2558 2083 2614; x_wconf 90' lang='lat' dir='ltr'><strong>sancita</strong></span> <span class='ocrx_word' id='word_1_404' title='bbox 2113 2559 2274 2614; x_wconf 80' lang='lat' dir='ltr'><strong>sunt?</strong></span> <span class='ocrx_word' id='word_1_405' title='bbox 2684 2564 2722 2593; x_wconf 70' lang='grc'><strong><em>³</em></strong></span> 
     </span>
    </p>
   </div>
   <div class='ocr_carea' id='block_1_55' title="bbox 1944 2644 3453 2720">
    <p class='ocr_par' dir='ltr' id='par_1_55' title="bbox 1944 2644 3453 2720">
     <span class='ocr_line' id='line_1_55' title="bbox 1944 2644 3453 2720; baseline -0.005 -13"><span class='ocrx_word' id='word_1_406' title='bbox 1944 2649 2106 2708; x_wconf 75' lang='lat' dir='ltr'><strong>CYR.</strong></span> <span class='ocrx_word' id='word_1_407' title='bbox 2161 2650 2283 2706; x_wconf 85' lang='lat' dir='ltr'><strong>Non</strong></span> <span class='ocrx_word' id='word_1_408' title='bbox 2313 2648 2545 2720; x_wconf 82' lang='lat' dir='ltr'><strong>simplex</strong></span> <span class='ocrx_word' id='word_1_409' title='bbox 2588 2656 2646 2704; x_wconf 90' lang='lat' dir='ltr'><strong>et</strong></span> <span class='ocrx_word' id='word_1_410' title='bbox 2687 2663 2795 2701; x_wconf 85' lang='lat' dir='ltr'><strong>una</strong></span> <span class='ocrx_word' id='word_1_411' title='bbox 2838 2646 2979 2702; x_wconf 89' lang='lat' dir='ltr'><strong>ratio</strong></span> <span class='ocrx_word' id='word_1_412' title='bbox 3019 2653 3125 2711; x_wconf 88' lang='lat' dir='ltr'><strong>est,</strong></span> <span class='ocrx_word' id='word_1_413' title='bbox 3153 2654 3215 2700; x_wconf 93' lang='lat' dir='ltr'><strong>ut</strong></span> <span class='ocrx_word' id='word_1_414' title='bbox 3250 2644 3453 2714; x_wconf 87' lang='lat' dir='ltr'><strong>aliquis</strong></span> 
     </span>
    </p>
   </div>
   <div class='ocr_carea' id='block_1_56' title="bbox 1878 2733 3453 2815">
    <p class='ocr_par' dir='ltr' id='par_1_56' title="bbox 1878 2733 3453 2815">
     <span class='ocr_line' id='line_1_56' title="bbox 1878 2733 3453 2815; baseline -0.008 -16"><span class='ocrx_word' id='word_1_415' title='bbox 1878 2740 2166 2815; x_wconf 87' lang='lat' dir='ltr'><strong>imaginari</strong></span> <span class='ocrx_word' id='word_1_416' title='bbox 2196 2738 2407 2811; x_wconf 88' lang='lat' dir='ltr'><strong>possit;</strong></span> <span class='ocrx_word' id='word_1_417' title='bbox 2454 2736 2743 2809; x_wconf 81' lang='lat' dir='ltr'><strong>multiplex</strong></span> <span class='ocrx_word' id='word_1_418' title='bbox 2800 2735 2948 2791; x_wconf 88' lang='lat' dir='ltr'><strong>enim</strong></span> <span class='ocrx_word' id='word_1_419' title='bbox 2993 2748 3055 2789; x_wconf 91' lang='lat' dir='ltr'><strong>ac</strong></span> <span class='ocrx_word' id='word_1_420' title='bbox 3100 2733 3453 2788; x_wconf 78' lang='lat' dir='ltr'><strong>multiformis</strong></span> 
     </span>
    </p>
   </div>
   <div class='ocr_carea' id='block_1_57' title="bbox 1879 2825 3450 2897">
    <p class='ocr_par' dir='ltr' id='par_1_57' title="bbox 1879 2825 3450 2897">
     <span class='ocr_line' id='line_1_57' title="bbox 1879 2825 3450 2897; baseline -0.008 -7"><span class='ocrx_word' id='word_1_421' title='bbox 1879 2850 1970 2890; x_wconf 89' lang='lat' dir='ltr'><strong>res</strong></span> <span class='ocrx_word' id='word_1_422' title='bbox 2003 2842 2089 2889; x_wconf 90' lang='lat' dir='ltr'><strong>est</strong></span> <span class='ocrx_word' id='word_1_423' title='bbox 2128 2832 2349 2897; x_wconf 87' lang='lat' dir='ltr'><strong>virtus;</strong></span> <span class='ocrx_word' id='word_1_424' title='bbox 2403 2836 2461 2884; x_wconf 88' lang='lat' dir='ltr'><strong>et</strong></span> <span class='ocrx_word' id='word_1_425' title='bbox 2503 2827 2831 2884; x_wconf 79' lang='lat' dir='ltr'><strong>Christianae</strong></span> <span class='ocrx_word' id='word_1_426' title='bbox 2885 2826 3013 2880; x_wconf 68' lang='lat' dir='ltr'><strong>vitae</strong></span> <span class='ocrx_word' id='word_1_427' title='bbox 3068 2825 3240 2896; x_wconf 82' lang='lat' dir='ltr'><strong>gloria</strong></span> <span class='ocrx_word' id='word_1_428' title='bbox 3287 2840 3450 2895; x_wconf 89' lang='lat' dir='ltr'><strong>quam</strong></span> 
     </span>
    </p>
   </div>
   <div class='ocr_carea' id='block_1_58' title="bbox 1879 2915 3454 2998">
    <p class='ocr_par' dir='ltr' id='par_1_58' title="bbox 1879 2915 3454 2998">
     <span class='ocr_line' id='line_1_58' title="bbox 1879 2915 3454 2998; baseline -0.009 -17"><span class='ocrx_word' id='word_1_429' title='bbox 1879 2925 2134 2998; x_wconf 88' lang='lat' dir='ltr'><strong>plurimis</strong></span> <span class='ocrx_word' id='word_1_430' title='bbox 2165 2923 2327 2980; x_wconf 88' lang='lat' dir='ltr'><strong>bonis</strong></span> <span class='ocrx_word' id='word_1_431' title='bbox 2351 2922 2614 2993; x_wconf 88' lang='lat' dir='ltr'><strong>operibus</strong></span> <span class='ocrx_word' id='word_1_432' title='bbox 2645 2919 2960 2990; x_wconf 82' lang='lat' dir='ltr'><strong>variegatur</strong></span> <span class='ocrx_word' id='word_1_433' title='bbox 2986 2925 3042 2971; x_wconf 90' lang='lat' dir='ltr'><strong>et</strong></span> <span class='ocrx_word' id='word_1_434' title='bbox 3069 2924 3320 2971; x_wconf 88' lang='lat' dir='ltr'><strong>ornatur.</strong></span> <span class='ocrx_word' id='word_1_435' title='bbox 3349 2915 3454 2968; x_wconf 85' lang='lat' dir='ltr'><strong>Ita-</strong></span> 
     </span>
    </p>
   </div>
   <div class='ocr_carea' id='block_1_59' title="bbox 1881 3008 3453 3091">
    <p class='ocr_par' dir='ltr' id='par_1_59' title="bbox 1881 3008 3453 3091">
     <span class='ocr_line' id='line_1_59' title="bbox 1881 3008 3453 3091; baseline -0.009 -17"><span class='ocrx_word' id='word_1_436' title='bbox 1881 3035 1988 3091; x_wconf 91' lang='lat' dir='ltr'><strong>que</strong></span> <span class='ocrx_word' id='word_1_437' title='bbox 2027 3017 2250 3073; x_wconf 90' lang='lat' dir='ltr'><strong>divinus</strong></span> <span class='ocrx_word' id='word_1_438' title='bbox 2284 3016 2375 3071; x_wconf 91' lang='lat' dir='ltr'><strong>ille</strong></span> <span class='ocrx_word' id='word_1_439' title='bbox 2399 3013 2572 3069; x_wconf 90' lang='lat' dir='ltr'><strong>David</strong></span> <span class='ocrx_word' id='word_1_440' title='bbox 2599 3012 2810 3084; x_wconf 88' lang='lat' dir='ltr'><strong>psalmo</strong></span> <span class='ocrx_word' id='word_1_441' title='bbox 2838 3008 3261 3080; x_wconf 83' lang='lat' dir='ltr'><strong>quadragesimo</strong></span> <span class='ocrx_word' id='word_1_442' title='bbox 3286 3023 3453 3077; x_wconf 88' lang='lat' dir='ltr'><strong>quar-</strong></span> 
     </span>
    </p>
   </div>
   <div class='ocr_carea' id='block_1_60' title="bbox 193 3098 1777 3198">
    <p class='ocr_par' dir='ltr' id='par_1_60' title="bbox 193 3101 1767 3176">
     <span class='ocr_line' id='line_1_60' title="bbox 193 3101 1767 3176; baseline 0.003 -23"><span class='ocrx_word' id='word_1_443' title='bbox 193 3101 374 3174; x_wconf 79' lang='grc' dir='ltr'><strong>τάρτῳ</strong></span> <span class='ocrx_word' id='word_1_444' title='bbox 400 3104 496 3156; x_wconf 72' lang='grc' dir='ltr'><strong>καί¹</strong></span> <span class='ocrx_word' id='word_1_445' title='bbox 519 3101 939 3175; x_wconf 81' lang='grc' dir='ltr'><strong>τεσσαρακοστῷ</strong></span> <span class='ocrx_word' id='word_1_446' title='bbox 972 3103 1270 3176; x_wconf 77' lang='grc' dir='ltr'><strong>παρίστησι</strong></span> <span class='ocrx_word' id='word_1_447' title='bbox 1300 3104 1398 3173; x_wconf 86' lang='grc' dir='ltr'><strong>μὲν</strong></span> <span class='ocrx_word' id='word_1_448' title='bbox 1421 3103 1499 3175; x_wconf 86' lang='grc' dir='ltr'><strong>τῷ</strong></span> <span class='ocrx_word' id='word_1_449' title='bbox 1529 3103 1767 3176; x_wconf 84' lang='grc' dir='ltr'><strong>Χριστῷ,</strong></span> 
     </span>
    </p>
   </div>
   <div class='ocr_carea' id='block_1_61' title="bbox 1881 3098 3456 3198">
    <p class='ocr_par' dir='ltr' id='par_1_61' title="bbox 1884 3098 3456 3177">
     <span class='ocr_line' id='line_1_61' title="bbox 1884 3098 3456 3177; baseline -0.008 -14"><span class='ocrx_word' id='word_1_450' title='bbox 1884 3117 1960 3176; x_wconf 86' lang='grc' dir='ltr'><strong>ιο,</strong></span> <span class='ocrx_word' id='word_1_451' title='bbox 1996 3107 2217 3165; x_wconf 90' lang='lat' dir='ltr'><strong>Christo</strong></span> <span class='ocrx_word' id='word_1_452' title='bbox 2264 3104 2535 3177; x_wconf 87' lang='lat' dir='ltr'><strong>virginem</strong></span> <span class='ocrx_word' id='word_1_453' title='bbox 2579 3111 2786 3159; x_wconf 91' lang='lat' dir='ltr'><strong>castam</strong></span> <span class='ocrx_word' id='word_1_454' title='bbox 2843 3108 3022 3156; x_wconf 86' lang='lat' dir='ltr'><strong>astare</strong></span> <span class='ocrx_word' id='word_1_455' title='bbox 3080 3098 3210 3153; x_wconf 79' lang='lat' dir='ltr'><strong>facit</strong></span> <span class='ocrx_word' id='word_1_456' title='bbox 3268 3098 3456 3151; x_wconf 85' lang='lat' dir='ltr'><strong>Eccle-</strong></span> 
     </span>
    </p>
   </div>
   <div class='ocr_carea' id='block_1_62' title="bbox 198 3194 1772 3268">
    <p class='ocr_par' dir='ltr' id='par_1_62' title="bbox 198 3194 1772 3268">
     <span class='ocr_line' id='line_1_62' title="bbox 198 3194 1772 3268; baseline -0.001 -19"><span class='ocrx_word' id='word_1_457' title='bbox 198 3194 464 3265; x_wconf 77' lang='grc' dir='ltr'><strong>παρθένον</strong></span> <span class='ocrx_word' id='word_1_458' title='bbox 489 3195 681 3265; x_wconf 81' lang='grc' dir='ltr'><strong>ἁγνὴν,</strong></span> <span class='ocrx_word' id='word_1_459' title='bbox 714 3194 790 3258; x_wconf 83' lang='grc' dir='ltr'><strong>ὡς</strong></span> <span class='ocrx_word' id='word_1_460' title='bbox 818 3196 877 3248; x_wconf 82' lang='grc' dir='ltr'><strong>ὲν</strong></span> <span class='ocrx_word' id='word_1_461' title='bbox 900 3194 1052 3261; x_wconf 83' lang='grc' dir='ltr'><strong>τάξει</strong></span> <span class='ocrx_word' id='word_1_462' title='bbox 1078 3194 1367 3266; x_wconf 81' lang='grc' dir='ltr'><strong>βασιλίδος,</strong></span> <span class='ocrx_word' id='word_1_463' title='bbox 1407 3196 1506 3266; x_wconf 83' lang='grc' dir='ltr'><strong>τὴν</strong></span> <span class='ocrx_word' id='word_1_464' title='bbox 1545 3196 1772 3268; x_wconf 87' lang='grc' dir='ltr'><strong>Ἐκκλη-</strong></span> 
     </span>
    </p>
   </div>
   <div class='ocr_carea' id='block_1_63' title="bbox 200 3286 1784 3359">
    <p class='ocr_par' dir='ltr' id='par_1_63' title="bbox 200 3286 1784 3359">
     <span class='ocr_line' id='line_1_63' title="bbox 200 3286 1784 3359; baseline 0.001 -20"><span class='ocrx_word' id='word_1_465' title='bbox 200 3287 334 3349; x_wconf 81' lang='grc' dir='ltr'><strong>σίαν,</strong></span> <span class='ocrx_word' id='word_1_466' title='bbox 373 3286 710 3358; x_wconf 86' lang='grc' dir='ltr'><strong>περίχρυσον</strong></span> <span class='ocrx_word' id='word_1_467' title='bbox 747 3287 803 3341; x_wconf 81' lang='grc' dir='ltr'><strong>δὲ</strong></span> <span class='ocrx_word' id='word_1_468' title='bbox 841 3288 981 3359; x_wconf 81' lang='grc' dir='ltr'><strong>αὐτῇ</strong></span> <span class='ocrx_word' id='word_1_469' title='bbox 1015 3288 1109 3342; x_wconf 78' lang='grc' dir='ltr'><strong>καὶ</strong></span> <span class='ocrx_word' id='word_1_470' title='bbox 1153 3286 1588 3359; x_wconf 79' lang='grc' dir='ltr'><strong>πεποικιλμένην</strong></span> <span class='ocrx_word' id='word_1_471' title='bbox 1628 3304 1784 3359; x_wconf 88' lang='grc' dir='ltr'><strong>περι-</strong></span> 
     </span>
    </p>
   </div>
   <div class='ocr_carea' id='block_1_64' title="bbox 198 3376 1782 3452">
    <p class='ocr_par' dir='ltr' id='par_1_64' title="bbox 198 3376 1782 3452">
     <span class='ocr_line' id='line_1_64' title="bbox 198 3376 1782 3452; baseline 0 -21"><span class='ocrx_word' id='word_1_472' title='bbox 198 3379 371 3451; x_wconf 86' lang='grc' dir='ltr'><strong>τίθησι</strong></span> <span class='ocrx_word' id='word_1_473' title='bbox 422 3378 636 3452; x_wconf 78' lang='grc' dir='ltr'><strong>στολὴν,</strong></span> <span class='ocrx_word' id='word_1_474' title='bbox 680 3377 823 3433; x_wconf 74' lang='grc' dir='ltr'><strong>οὕτω</strong></span> <span class='ocrx_word' id='word_1_475' title='bbox 862 3378 1059 3448; x_wconf 79' lang='grc' dir='ltr'><strong>λέγων·</strong></span> <span class='ocrx_word' id='word_1_476' title='bbox 1091 3395 1110 3429; x_wconf 77' lang='grc' dir='ltr'><strong>ι</strong></span> <span class='ocrx_word' id='word_1_477' title='bbox 1141 3377 1397 3449; x_wconf 85' lang='grc' dir='ltr'><strong>Παρέστη</strong></span> <span class='ocrx_word' id='word_1_478' title='bbox 1426 3379 1461 3449; x_wconf 77' lang='grc' dir='ltr'>ἡ</span> <span class='ocrx_word' id='word_1_479' title='bbox 1495 3376 1782 3447; x_wconf 86' lang='grc' dir='ltr'><strong>βασίλισσα</strong></span> 
     </span>
    </p>
   </div>
   <div class='ocr_carea' id='block_1_65' title="bbox 201 3467 1783 3541">
    <p class='ocr_par' dir='ltr' id='par_1_65' title="bbox 201 3467 1783 3541">
     <span class='ocr_line' id='line_1_65' title="bbox 201 3467 1783 3541; baseline -0.004 -16"><span class='ocrx_word' id='word_1_480' title='bbox 201 3473 259 3525; x_wconf 78' lang='grc' dir='ltr'><strong>ὲκ</strong></span> <span class='ocrx_word' id='word_1_481' title='bbox 299 3470 491 3537; x_wconf 66' lang='grc' dir='ltr'><strong>δεξὴῦν</strong></span> <span class='ocrx_word' id='word_1_482' title='bbox 523 3487 652 3535; x_wconf 86' lang='grc' dir='ltr'><strong>σου,</strong></span> <span class='ocrx_word' id='word_1_483' title='bbox 685 3470 741 3523; x_wconf 79' lang='grc' dir='ltr'><strong>ὲν</strong></span> <span class='ocrx_word' id='word_1_484' title='bbox 774 3470 1055 3541; x_wconf 72' lang='grc' dir='ltr'><strong>ἱματισμῷ</strong></span> <span class='ocrx_word' id='word_1_485' title='bbox 1099 3467 1376 3540; x_wconf 76' lang='grc' dir='ltr'><strong>διαχρύσῳ</strong></span> <span class='ocrx_word' id='word_1_486' title='bbox 1415 3467 1783 3539; x_wconf 79' lang='grc' dir='ltr'><strong>περιὸεὸλημο</strong></span> 
     </span>
    </p>
   </div>
   <div class='ocr_carea' id='block_1_66' title="bbox 204 3556 1783 3632">
    <p class='ocr_par' dir='ltr' id='par_1_66' title="bbox 204 3556 1783 3632">
     <span class='ocr_line' id='line_1_66' title="bbox 204 3556 1783 3632; baseline -0.003 -17"><span class='ocrx_word' id='word_1_487' title='bbox 204 3562 331 3632; x_wconf 79' lang='grc' dir='ltr'><strong>μένη</strong></span> <span class='ocrx_word' id='word_1_488' title='bbox 360 3562 455 3615; x_wconf 75' lang='grc' dir='ltr'><strong>καὶ</strong></span> <span class='ocrx_word' id='word_1_489' title='bbox 488 3560 908 3630; x_wconf 83' lang='grc' dir='ltr'><strong>πεποικιλμένη.</strong></span> <span class='ocrx_word' id='word_1_490' title='bbox 944 3578 963 3612; x_wconf 71' lang='grc' dir='ltr'><strong>ι</strong></span> <span class='ocrx_word' id='word_1_491' title='bbox 997 3558 1104 3612; x_wconf 84' lang='grc' dir='ltr'><strong>Τοῦ</strong></span> <span class='ocrx_word' id='word_1_492' title='bbox 1133 3558 1231 3630; x_wconf 85' lang='grc' dir='ltr'><strong>μὲν</strong></span> <span class='ocrx_word' id='word_1_493' title='bbox 1256 3558 1572 3630; x_wconf 81' lang='grc' dir='ltr'><strong>διαχρύσου,</strong></span> <span class='ocrx_word' id='word_1_494' title='bbox 1599 3557 1661 3610; x_wconf 82' lang='grc' dir='ltr'><strong>τὸ</strong></span> <span class='ocrx_word' id='word_1_495' title='bbox 1698 3556 1783 3610; x_wconf 78' lang='grc' dir='ltr'><strong>ἐν·</strong></span> 
     </span>
    </p>
   </div>
   <div class='ocr_carea' id='block_1_67' title="bbox 199 3647 1785 3722">
    <p class='ocr_par' dir='ltr' id='par_1_67' title="bbox 199 3647 1785 3722">
     <span class='ocr_line' id='line_1_67' title="bbox 199 3647 1785 3722; baseline -0.001 -20"><span class='ocrx_word' id='word_1_496' title='bbox 199 3667 350 3721; x_wconf 83' lang='grc' dir='ltr'><strong>τιμον</strong></span> <span class='ocrx_word' id='word_1_497' title='bbox 379 3651 476 3704; x_wconf 64' lang='grc' dir='ltr'><strong>καί¹</strong></span> <span class='ocrx_word' id='word_1_498' title='bbox 504 3650 823 3722; x_wconf 79' lang='grc' dir='ltr'><strong>περιφανὲς,</strong></span> <span class='ocrx_word' id='word_1_499' title='bbox 853 3649 1103 3720; x_wconf 79' lang='grc' dir='ltr'><strong>καθάπερ</strong></span> <span class='ocrx_word' id='word_1_500' title='bbox 1130 3649 1366 3720; x_wconf 79' lang='grc' dir='ltr'><strong>ἐγῷμαι,</strong></span> <span class='ocrx_word' id='word_1_501' title='bbox 1393 3648 1489 3701; x_wconf 85' lang='grc' dir='ltr'><strong>τοῦ</strong></span> <span class='ocrx_word' id='word_1_502' title='bbox 1520 3647 1577 3701; x_wconf 87' lang='grc' dir='ltr'><strong>δὲ</strong></span> <span class='ocrx_word' id='word_1_503' title='bbox 1608 3647 1785 3701; x_wconf 89' lang='grc' dir='ltr'><strong>ποικί-</strong></span> 
     </span>
    </p>
   </div>
   <div class='ocr_carea' id='block_1_68' title="bbox 200 3735 1783 3813">
    <p class='ocr_par' dir='ltr' id='par_1_68' title="bbox 200 3735 1783 3813">
     <span class='ocr_line' id='line_1_68' title="bbox 200 3735 1783 3813; baseline -0.001 -20"><span class='ocrx_word' id='word_1_504' title='bbox 200 3741 309 3809; x_wconf 77' lang='grc' dir='ltr'><strong>λου,</strong></span> <span class='ocrx_word' id='word_1_505' title='bbox 336 3743 399 3796; x_wconf 80' lang='grc' dir='ltr'><strong>τὸ</strong></span> <span class='ocrx_word' id='word_1_506' title='bbox 451 3741 731 3806; x_wconf 82' lang='grc' dir='ltr'><strong>πολυειδὲς</strong></span> <span class='ocrx_word' id='word_1_507' title='bbox 773 3741 874 3813; x_wconf 82' lang='grc' dir='ltr'><strong>τῆς</strong></span> <span class='ocrx_word' id='word_1_508' title='bbox 915 3741 1118 3812; x_wconf 83' lang='grc' dir='ltr'><strong>ἀρετῆς</strong></span> <span class='ocrx_word' id='word_1_509' title='bbox 1151 3735 1211 3793; x_wconf 80' lang='grc' dir='ltr'>εὗ</span> <span class='ocrx_word' id='word_1_510' title='bbox 1249 3739 1395 3811; x_wconf 82' lang='grc' dir='ltr'><strong>μάλα</strong></span> <span class='ocrx_word' id='word_1_511' title='bbox 1440 3738 1783 3811; x_wconf 83' lang='grc' dir='ltr'><strong>κατασημαί-</strong></span> 
     </span>
    </p>
   </div>
   <div class='ocr_carea' id='block_1_69' title="bbox 201 3828 1775 3904">
    <p class='ocr_par' dir='ltr' id='par_1_69' title="bbox 201 3828 1775 3904">
     <span class='ocr_line' id='line_1_69' title="bbox 201 3828 1775 3904; baseline -0.003 -18"><span class='ocrx_word' id='word_1_512' title='bbox 201 3848 395 3895; x_wconf 82' lang='grc' dir='ltr'><strong>νοντος.</strong></span> <span class='ocrx_word' id='word_1_513' title='bbox 445 3830 878 3904; x_wconf 85' lang='grc' dir='ltr'><strong>Εὺπρεπεστάτη</strong></span> <span class='ocrx_word' id='word_1_514' title='bbox 918 3832 1031 3903; x_wconf 88' lang='grc' dir='ltr'><strong>γάρ</strong></span> <span class='ocrx_word' id='word_1_515' title='bbox 1071 3829 1191 3884; x_wconf 91' lang='grc' dir='ltr'><strong>λίαν</strong></span> <span class='ocrx_word' id='word_1_516' title='bbox 1236 3831 1270 3902; x_wconf 83' lang='grc' dir='ltr'>ἠ</span> <span class='ocrx_word' id='word_1_517' title='bbox 1328 3828 1645 3900; x_wconf 83' lang='grc' dir='ltr'><strong>Ἐκκλησία,</strong></span> <span class='ocrx_word' id='word_1_518' title='bbox 1683 3828 1775 3882; x_wconf 85' lang='grc' dir='ltr'><strong>κό-</strong></span> 
     </span>
    </p>
   </div>
   <div class='ocr_carea' id='block_1_70' title="bbox 203 3920 1781 3996">
    <p class='ocr_par' dir='ltr' id='par_1_70' title="bbox 203 3920 1781 3996">
     <span class='ocr_line' id='line_1_70' title="bbox 203 3920 1781 3996; baseline -0.003 -19"><span class='ocrx_word' id='word_1_519' title='bbox 203 3939 336 3994; x_wconf 85' lang='grc' dir='ltr'><strong>σμον</strong></span> <span class='ocrx_word' id='word_1_520' title='bbox 354 3925 557 3996; x_wconf 78' lang='grc' dir='ltr'><strong>ἔχουσα</strong></span> <span class='ocrx_word' id='word_1_521' title='bbox 585 3924 681 3978; x_wconf 87' lang='grc' dir='ltr'><strong>τὸν</strong></span> <span class='ocrx_word' id='word_1_522' title='bbox 709 3923 1000 3994; x_wconf 81' lang='grc' dir='ltr'><strong>νοητὸν,ξού</strong></span> <span class='ocrx_word' id='word_1_523' title='bbox 1025 3925 1140 3988; x_wconf 87' lang='grc' dir='ltr'><strong>τοῖς</strong></span> <span class='ocrx_word' id='word_1_524' title='bbox 1159 3922 1259 3994; x_wconf 85' lang='grc' dir='ltr'><strong>τῆς</strong></span> <span class='ocrx_word' id='word_1_525' title='bbox 1279 3922 1481 3995; x_wconf 85' lang='grc' dir='ltr'><strong>σαρκὸς</strong></span> <span class='ocrx_word' id='word_1_526' title='bbox 1505 3920 1781 3993; x_wconf 83' lang='grc' dir='ltr'><strong>ὁρώμενον</strong></span> 
     </span>
    </p>
   </div>
   <div class='ocr_carea' id='block_1_71' title="bbox 198 4012 1782 4088">
    <p class='ocr_par' dir='ltr' id='par_1_71' title="bbox 198 4012 1782 4088">
     <span class='ocr_line' id='line_1_71' title="bbox 198 4012 1782 4088; baseline -0.003 -18"><span class='ocrx_word' id='word_1_527' title='bbox 198 4015 514 4088; x_wconf 76' lang='grc' dir='ltr'><strong>ὀφθαλμοῖς,</strong></span> <span class='ocrx_word' id='word_1_528' title='bbox 541 4016 659 4071; x_wconf 81' lang='grc' dir='ltr'><strong>ἀλλ’</strong></span> <span class='ocrx_word' id='word_1_529' title='bbox 684 4016 767 4080; x_wconf 88' lang='grc' dir='ltr'><strong>είς</strong></span> <span class='ocrx_word' id='word_1_530' title='bbox 791 4014 916 4071; x_wconf 81' lang='grc' dir='ltr'><strong>νοῦν</strong></span> <span class='ocrx_word' id='word_1_531' title='bbox 944 4014 1053 4069; x_wconf 79' lang='grc' dir='ltr'><strong>εσω</strong></span> <span class='ocrx_word' id='word_1_532' title='bbox 1079 4015 1172 4069; x_wconf 74' lang='grc' dir='ltr'><strong>καὶ</strong></span> <span class='ocrx_word' id='word_1_533' title='bbox 1199 4014 1450 4086; x_wconf 85' lang='grc' dir='ltr'><strong>καρδίαν,</strong></span> <span class='ocrx_word' id='word_1_534' title='bbox 1488 4013 1580 4067; x_wconf 78' lang='grc' dir='ltr'><strong>τὸν</strong></span> <span class='ocrx_word' id='word_1_535' title='bbox 1617 4015 1676 4067; x_wconf 78' lang='grc' dir='ltr'><strong>ἐν</strong></span> <span class='ocrx_word' id='word_1_536' title='bbox 1702 4012 1782 4085; x_wconf 88' lang='grc' dir='ltr'><strong>τῷ</strong></span> 
     </span>
    </p>
   </div>
   <div class='ocr_carea' id='block_1_72' title="bbox 198 4106 1782 4181">
    <p class='ocr_par' dir='ltr' id='par_1_72' title="bbox 198 4106 1782 4181">
     <span class='ocr_line' id='line_1_72' title="bbox 198 4106 1782 4181; baseline -0.002 -19"><span class='ocrx_word' id='word_1_537' title='bbox 198 4108 423 4181; x_wconf 79' lang='grc' dir='ltr'><strong>κρυπτῷ</strong></span> <span class='ocrx_word' id='word_1_538' title='bbox 441 4108 733 4180; x_wconf 81' lang='grc' dir='ltr'><strong>νοούμενον</strong></span> <span class='ocrx_word' id='word_1_539' title='bbox 765 4107 1033 4173; x_wconf 80' lang='grc' dir='ltr'><strong>Ἰουδαῖον,</strong></span> <span class='ocrx_word' id='word_1_540' title='bbox 1065 4106 1153 4163; x_wconf 78' lang='grc' dir='ltr'><strong>διὰ</strong></span> <span class='ocrx_word' id='word_1_541' title='bbox 1188 4106 1456 4161; x_wconf 81' lang='grc' dir='ltr'><strong>πλείστων</strong></span> <span class='ocrx_word' id='word_1_542' title='bbox 1479 4108 1614 4179; x_wconf 80' lang='grc' dir='ltr'><strong>ἡμῖν</strong></span> <span class='ocrx_word' id='word_1_543' title='bbox 1641 4106 1782 4159; x_wconf 81' lang='grc' dir='ltr'><strong>ὅσων</strong></span> 
     </span>
    </p>
   </div>
   <div class='ocr_carea' id='block_1_73' title="bbox 198 4197 1780 4273">
    <p class='ocr_par' dir='ltr' id='par_1_73' title="bbox 198 4197 1780 4273">
     <span class='ocr_line' id='line_1_73' title="bbox 198 4197 1780 4273; baseline 0 -20"><span class='ocrx_word' id='word_1_544' title='bbox 198 4201 494 4273; x_wconf 82' lang='grc' dir='ltr'><strong>ὼραῖσμῶν</strong></span> <span class='ocrx_word' id='word_1_545' title='bbox 527 4201 708 4271; x_wconf 82' lang='grc' dir='ltr'><strong>εὐφυᾶ</strong></span> <span class='ocrx_word' id='word_1_546' title='bbox 747 4199 842 4255; x_wconf 60' lang='grc' dir='ltr'><strong>καλ⁸</strong></span> <span class='ocrx_word' id='word_1_547' title='bbox 865 4199 1140 4271; x_wconf 71' lang='grc' dir='ltr'><strong>ἐξαίρετον</strong></span> <span class='ocrx_word' id='word_1_548' title='bbox 1170 4198 1400 4262; x_wconf 81' lang='grc' dir='ltr'><strong>ἀστείως</strong></span> <span class='ocrx_word' id='word_1_549' title='bbox 1431 4197 1780 4267; x_wconf 81' lang='grc' dir='ltr'><strong>ὲκφαίνοντα.</strong></span> 
     </span>
    </p>
   </div>
   <div class='ocr_carea' id='block_1_74' title="bbox 209 4287 1783 4364">
    <p class='ocr_par' dir='ltr' id='par_1_74' title="bbox 209 4287 1783 4364">
     <span class='ocr_line' id='line_1_74' title="bbox 209 4287 1783 4364; baseline -0.004 -17"><span class='ocrx_word' id='word_1_550' title='bbox 209 4292 296 4355; x_wconf 80' lang='grc' dir='ltr'><strong>Ὦς</strong></span> <span class='ocrx_word' id='word_1_551' title='bbox 322 4292 435 4364; x_wconf 81' lang='grc' dir='ltr'><strong>γὰρ</strong></span> <span class='ocrx_word' id='word_1_552' title='bbox 478 4294 507 4346; x_wconf 80' lang='grc' dir='ltr'><strong>ὁ</strong></span> <span class='ocrx_word' id='word_1_553' title='bbox 538 4291 807 4364; x_wconf 89' lang='grc' dir='ltr'><strong>μακάριος</strong></span> <span class='ocrx_word' id='word_1_554' title='bbox 833 4293 1034 4363; x_wconf 83' lang='grc' dir='ltr'><strong>γράφει</strong></span> <span class='ocrx_word' id='word_1_555' title='bbox 1065 4289 1275 4354; x_wconf 81' lang='grc' dir='ltr'><strong>Παῦλος</strong></span> <span class='ocrx_word' id='word_1_556' title='bbox 1296 4306 1311 4321; x_wconf 86' lang='grc'><strong>·</strong></span> <span class='ocrx_word' id='word_1_557' title='bbox 1353 4309 1371 4342; x_wconf 80' lang='grc' dir='ltr'><strong>ι</strong></span> <span class='ocrx_word' id='word_1_558' title='bbox 1413 4289 1489 4343; x_wconf 83' lang='grc' dir='ltr'><strong>Οὐ</strong></span> <span class='ocrx_word' id='word_1_559' title='bbox 1518 4287 1631 4361; x_wconf 83' lang='grc' dir='ltr'><strong>γὰρ</strong></span> <span class='ocrx_word' id='word_1_560' title='bbox 1661 4290 1690 4342; x_wconf 84' lang='grc' dir='ltr'><strong>ὁ</strong></span> <span class='ocrx_word' id='word_1_561' title='bbox 1722 4289 1783 4341; x_wconf 76' lang='grc' dir='ltr'><strong>ἐν</strong></span> 
     </span>
    </p>
   </div>
   <div class='ocr_carea' id='block_1_75' title="bbox 198 4376 1783 4453">
    <p class='ocr_par' dir='ltr' id='par_1_75' title="bbox 198 4376 1783 4453">
     <span class='ocr_line' id='line_1_75' title="bbox 198 4376 1783 4453; baseline -0.003 -19"><span class='ocrx_word' id='word_1_562' title='bbox 198 4382 275 4453; x_wconf 80' lang='grc' dir='ltr'><strong>τῷ</strong></span> <span class='ocrx_word' id='word_1_563' title='bbox 306 4382 533 4453; x_wconf 78' lang='grc' dir='ltr'><strong>φανερῷ</strong></span> <span class='ocrx_word' id='word_1_564' title='bbox 558 4381 829 4444; x_wconf 80' lang='grc' dir='ltr'><strong>,Ἰουδαῖός</strong></span> <span class='ocrx_word' id='word_1_565' title='bbox 870 4381 1039 4445; x_wconf 72' lang='grc' dir='ltr'><strong>ἐστιν,</strong></span> <span class='ocrx_word' id='word_1_566' title='bbox 1065 4378 1191 4434; x_wconf 74' lang='grc' dir='ltr'><strong>οὔτε</strong></span> <span class='ocrx_word' id='word_1_567' title='bbox 1223 4378 1329 4451; x_wconf 81' lang='grc' dir='ltr'><strong>μὴν</strong></span> <span class='ocrx_word' id='word_1_568' title='bbox 1353 4378 1413 4432; x_wconf 68' lang='grc' dir='ltr'><strong>ὲν</strong></span> <span class='ocrx_word' id='word_1_569' title='bbox 1457 4378 1536 4449; x_wconf 84' lang='grc' dir='ltr'><strong>τῷ</strong></span> <span class='ocrx_word' id='word_1_570' title='bbox 1564 4376 1783 4449; x_wconf 80' lang='grc' dir='ltr'><strong>φανερῷ</strong></span> 
     </span>
    </p>
   </div>
   <div class='ocr_carea' id='block_1_76' title="bbox 1883 3191 3453 3260">
    <p class='ocr_par' dir='ltr' id='par_1_76' title="bbox 1883 3191 3453 3260">
     <span class='ocr_line' id='line_1_76' title="bbox 1883 3191 3453 3260; baseline -0.01 -2"><span class='ocrx_word' id='word_1_571' title='bbox 1883 3202 2021 3258; x_wconf 89' lang='lat' dir='ltr'><strong>siam</strong></span> <span class='ocrx_word' id='word_1_572' title='bbox 2055 3221 2069 3257; x_wconf 86' lang='lat'><strong>:</strong></span> <span class='ocrx_word' id='word_1_573' title='bbox 2112 3201 2308 3257; x_wconf 89' lang='lat' dir='ltr'><strong>stolam</strong></span> <span class='ocrx_word' id='word_1_574' title='bbox 2343 3213 2474 3253; x_wconf 91' lang='lat' dir='ltr'><strong>vero</strong></span> <span class='ocrx_word' id='word_1_575' title='bbox 2519 3196 2599 3251; x_wconf 92' lang='lat' dir='ltr'><strong>illi</strong></span> <span class='ocrx_word' id='word_1_576' title='bbox 2659 3194 2978 3250; x_wconf 89' lang='lat' dir='ltr'><strong>deauratam</strong></span> <span class='ocrx_word' id='word_1_577' title='bbox 3037 3200 3093 3247; x_wconf 91' lang='lat' dir='ltr'><strong>et</strong></span> <span class='ocrx_word' id='word_1_578' title='bbox 3124 3191 3453 3260; x_wconf 87' lang='lat' dir='ltr'><strong>variegatam</strong></span> 
     </span>
    </p>
   </div>
   <div class='ocr_carea' id='block_1_77' title="bbox 1884 3280 3452 3365">
    <p class='ocr_par' dir='ltr' id='par_1_77' title="bbox 1884 3280 3452 3365">
     <span class='ocr_line' id='line_1_77' title="bbox 1884 3280 3452 3365; baseline -0.01 -16"><span class='ocrx_word' id='word_1_579' title='bbox 1884 3292 2273 3365; x_wconf 87' lang='lat' dir='ltr'><strong>circumponit,</strong></span> <span class='ocrx_word' id='word_1_580' title='bbox 2307 3291 2383 3345; x_wconf 89' lang='lat' dir='ltr'><strong>ita</strong></span> <span class='ocrx_word' id='word_1_581' title='bbox 2403 3289 2627 3344; x_wconf 91' lang='lat' dir='ltr'><strong>dicens:</strong></span> <span class='ocrx_word' id='word_1_582' title='bbox 2671 3306 2689 3337; x_wconf 77' lang='grc' dir='ltr'><strong>ι</strong></span> <span class='ocrx_word' id='word_1_583' title='bbox 2722 3285 2913 3340; x_wconf 87' lang='lat' dir='ltr'><strong>Astitit</strong></span> <span class='ocrx_word' id='word_1_584' title='bbox 2941 3282 3130 3353; x_wconf 90' lang='lat' dir='ltr'><strong>regina</strong></span> <span class='ocrx_word' id='word_1_585' title='bbox 3178 3298 3208 3335; x_wconf 89' lang='lat' dir='ltr'><strong>a</strong></span> <span class='ocrx_word' id='word_1_586' title='bbox 3249 3280 3452 3335; x_wconf 81' lang='lat' dir='ltr'><strong>dextris</strong></span> 
     </span>
    </p>
   </div>
   <div class='ocr_carea' id='block_1_78' title="bbox 1884 3366 3438 3438">
    <p class='ocr_par' dir='ltr' id='par_1_78' title="bbox 1884 3366 3438 3438">
     <span class='ocr_line' id='line_1_78' title="bbox 1884 3366 3438 3438; baseline -0.01 -2"><span class='ocrx_word' id='word_1_587' title='bbox 1884 3383 1994 3435; x_wconf 88' lang='lat' dir='ltr'><strong>tuis</strong></span> <span class='ocrx_word' id='word_1_588' title='bbox 2040 3380 2098 3434; x_wconf 90' lang='lat' dir='ltr'><strong>in</strong></span> <span class='ocrx_word' id='word_1_589' title='bbox 2131 3377 2337 3432; x_wconf 87' lang='lat' dir='ltr'><strong>vestitu</strong></span> <span class='ocrx_word' id='word_1_590' title='bbox 2379 3376 2666 3438; x_wconf 88' lang='lat' dir='ltr'><strong>deaurato,</strong></span> <span class='ocrx_word' id='word_1_591' title='bbox 2717 3369 3135 3427; x_wconf 88' lang='lat' dir='ltr'><strong>circumamicta</strong></span> <span class='ocrx_word' id='word_1_592' title='bbox 3178 3375 3235 3422; x_wconf 91' lang='lat' dir='ltr'><strong>et</strong></span> <span class='ocrx_word' id='word_1_593' title='bbox 3271 3366 3438 3421; x_wconf 48' lang='lat' dir='ltr'><strong>varie.</strong></span> 
     </span>
    </p>
   </div>
   <div class='ocr_carea' id='block_1_79' title="bbox 1884 3459 3445 3542">
    <p class='ocr_par' dir='ltr' id='par_1_79' title="bbox 1884 3459 3445 3542">
     <span class='ocr_line' id='line_1_79' title="bbox 1884 3459 3445 3542; baseline -0.007 -17"><span class='ocrx_word' id='word_1_594' title='bbox 1884 3480 2007 3542; x_wconf 88' lang='lat' dir='ltr'><strong>gata</strong></span> <span class='ocrx_word' id='word_1_595' title='bbox 2040 3470 2081 3522; x_wconf 82' lang='grc'><strong>⁸.</strong></span> <span class='ocrx_word' id='word_1_596' title='bbox 2109 3486 2128 3520; x_wconf 73' lang='grc' dir='ltr'><strong>ι</strong></span> <span class='ocrx_word' id='word_1_597' title='bbox 2163 3467 2265 3524; x_wconf 87' lang='lat' dir='ltr'><strong>Ubi</strong></span> <span class='ocrx_word' id='word_1_598' title='bbox 2313 3464 2566 3520; x_wconf 88' lang='lat' dir='ltr'><strong>deaurati</strong></span> <span class='ocrx_word' id='word_1_599' title='bbox 2594 3462 2887 3527; x_wconf 87' lang='lat' dir='ltr'><strong>vocabulo,</strong></span> <span class='ocrx_word' id='word_1_600' title='bbox 2940 3459 3199 3532; x_wconf 91' lang='lat' dir='ltr'><strong>splendor</strong></span> <span class='ocrx_word' id='word_1_601' title='bbox 3240 3467 3297 3515; x_wconf 88' lang='lat' dir='ltr'><strong>et</strong></span> <span class='ocrx_word' id='word_1_602' title='bbox 3328 3474 3445 3530; x_wconf 89' lang='lat' dir='ltr'><strong>pre-</strong></span> 
     </span>
    </p>
   </div>
   <div class='ocr_carea' id='block_1_80' title="bbox 1886 3551 3452 3622">
    <p class='ocr_par' dir='ltr' id='par_1_80' title="bbox 1886 3551 3452 3622">
     <span class='ocr_line' id='line_1_80' title="bbox 1886 3551 3452 3622; baseline -0.006 -6"><span class='ocrx_word' id='word_1_603' title='bbox 1886 3562 2023 3617; x_wconf 89' lang='lat' dir='ltr'><strong>tium</strong></span> <span class='ocrx_word' id='word_1_604' title='bbox 2050 3577 2062 3613; x_wconf 92' lang='lat'>:</span> <span class='ocrx_word' id='word_1_605' title='bbox 2087 3557 2225 3614; x_wconf 88' lang='lat' dir='ltr'><strong>varii</strong></span> <span class='ocrx_word' id='word_1_606' title='bbox 2245 3564 2429 3612; x_wconf 88' lang='lat' dir='ltr'><strong>autem</strong></span> <span class='ocrx_word' id='word_1_607' title='bbox 2456 3555 2700 3620; x_wconf 89' lang='lat' dir='ltr'><strong>nomine,</strong></span> <span class='ocrx_word' id='word_1_608' title='bbox 2727 3553 2950 3609; x_wconf 85' lang='lat' dir='ltr'><strong>virtutis</strong></span> <span class='ocrx_word' id='word_1_609' title='bbox 2978 3551 3215 3607; x_wconf 89' lang='lat' dir='ltr'><strong>varietas</strong></span> <span class='ocrx_word' id='word_1_610' title='bbox 3231 3551 3452 3622; x_wconf 84' lang='lat' dir='ltr'><strong>Optime,</strong></span> 
     </span>
    </p>
   </div>
   <div class='ocr_carea' id='block_1_81' title="bbox 1884 3642 3463 3721">
    <p class='ocr_par' dir='ltr' id='par_1_81' title="bbox 1884 3642 3463 3721">
     <span class='ocr_line' id='line_1_81' title="bbox 1884 3642 3463 3721; baseline -0.005 -15"><span class='ocrx_word' id='word_1_611' title='bbox 1884 3659 1947 3707; x_wconf 90' lang='lat' dir='ltr'><strong>ut</strong></span> <span class='ocrx_word' id='word_1_612' title='bbox 2001 3650 2219 3721; x_wconf 90' lang='lat' dir='ltr'><strong>opinor,</strong></span> <span class='ocrx_word' id='word_1_613' title='bbox 2276 3645 2639 3719; x_wconf 84' lang='lat' dir='ltr'><strong>signiﬁcatur.</strong></span> <span class='ocrx_word' id='word_1_614' title='bbox 2692 3645 3109 3717; x_wconf 88' lang='lat' dir='ltr'><strong>Speciosissima</strong></span> <span class='ocrx_word' id='word_1_615' title='bbox 3162 3642 3311 3699; x_wconf 90' lang='lat' dir='ltr'><strong>enim</strong></span> <span class='ocrx_word' id='word_1_616' title='bbox 3375 3651 3463 3699; x_wconf 90' lang='lat' dir='ltr'><strong>est</strong></span> 
     </span>
    </p>
   </div>
   <div class='ocr_carea' id='block_1_82' title="bbox 1884 3734 3459 3808">
    <p class='ocr_par' dir='ltr' id='par_1_82' title="bbox 1884 3734 3459 3808">
     <span class='ocr_line' id='line_1_82' title="bbox 1884 3734 3459 3808; baseline -0.006 -10"><span class='ocrx_word' id='word_1_617' title='bbox 1884 3742 2108 3798; x_wconf 90' lang='lat' dir='ltr'><strong>omnino</strong></span> <span class='ocrx_word' id='word_1_618' title='bbox 2137 3739 2401 3804; x_wconf 88' lang='lat' dir='ltr'><strong>Ecclesia,</strong></span> <span class='ocrx_word' id='word_1_619' title='bbox 2439 3743 2695 3793; x_wconf 88' lang='lat' dir='ltr'><strong>ornatum</strong></span> <span class='ocrx_word' id='word_1_620' title='bbox 2718 3735 2930 3792; x_wconf 88' lang='lat' dir='ltr'><strong>habens</strong></span> <span class='ocrx_word' id='word_1_621' title='bbox 2962 3735 3328 3808; x_wconf 86' lang='lat' dir='ltr'><strong>spiritualem,</strong></span> <span class='ocrx_word' id='word_1_622' title='bbox 3360 3734 3459 3804; x_wconf 90' lang='lat' dir='ltr'><strong>qui</strong></span> 
     </span>
    </p>
   </div>
   <div class='ocr_carea' id='block_1_83' title="bbox 1882 3824 3459 3895">
    <p class='ocr_par' dir='ltr' id='par_1_83' title="bbox 1882 3824 3459 3895">
     <span class='ocr_line' id='line_1_83' title="bbox 1882 3824 3459 3895; baseline -0.006 -6"><span class='ocrx_word' id='word_1_623' title='bbox 1882 3849 1994 3889; x_wconf 92' lang='lat' dir='ltr'><strong>non</strong></span> <span class='ocrx_word' id='word_1_624' title='bbox 2021 3831 2203 3887; x_wconf 90' lang='lat' dir='ltr'><strong>carnis</strong></span> <span class='ocrx_word' id='word_1_625' title='bbox 2225 3830 2403 3886; x_wconf 90' lang='lat' dir='ltr'><strong>oculis</strong></span> <span class='ocrx_word' id='word_1_626' title='bbox 2428 3828 2697 3895; x_wconf 91' lang='lat' dir='ltr'><strong>cernitur,</strong></span> <span class='ocrx_word' id='word_1_627' title='bbox 2722 3827 2817 3883; x_wconf 91' lang='lat' dir='ltr'><strong>sed</strong></span> <span class='ocrx_word' id='word_1_628' title='bbox 2840 3828 2898 3883; x_wconf 92' lang='lat' dir='ltr'><strong>in</strong></span> <span class='ocrx_word' id='word_1_629' title='bbox 2928 3836 3113 3883; x_wconf 86' lang='lat' dir='ltr'><strong>mente</strong></span> <span class='ocrx_word' id='word_1_630' title='bbox 3132 3835 3191 3883; x_wconf 89' lang='lat' dir='ltr'><strong>et</strong></span> <span class='ocrx_word' id='word_1_631' title='bbox 3207 3826 3266 3882; x_wconf 90' lang='lat' dir='ltr'><strong>in</strong></span> <span class='ocrx_word' id='word_1_632' title='bbox 3292 3824 3459 3881; x_wconf 89' lang='lat' dir='ltr'><strong>corde</strong></span> 
     </span>
    </p>
   </div>
   <div class='ocr_carea' id='block_1_84' title="bbox 1882 3916 3556 3999">
    <p class='ocr_par' dir='ltr' id='par_1_84' title="bbox 1882 3916 3556 3999">
     <span class='ocr_line' id='line_1_84' title="bbox 1882 3916 3556 3999; baseline -0.005 -21"><span class='ocrx_word' id='word_1_633' title='bbox 1882 3923 2115 3994; x_wconf 87' lang='lat' dir='ltr'><strong>positus,</strong></span> <span class='ocrx_word' id='word_1_634' title='bbox 2144 3920 2320 3987; x_wconf 92' lang='lat' dir='ltr'><strong>illum,</strong></span> <span class='ocrx_word' id='word_1_635' title='bbox 2357 3918 2534 3991; x_wconf 88' lang='lat' dir='ltr'><strong>quiin</strong></span> <span class='ocrx_word' id='word_1_636' title='bbox 2571 3918 2789 3975; x_wconf 90' lang='lat' dir='ltr'><strong>occulto</strong></span> <span class='ocrx_word' id='word_1_637' title='bbox 2811 3918 3163 3990; x_wconf 85' lang='lat' dir='ltr'><strong>intelligitur,</strong></span> <span class='ocrx_word' id='word_1_638' title='bbox 3208 3916 3459 3972; x_wconf 81' lang='lat' dir='ltr'><strong>Judaeum</strong></span> <span class='ocrx_word' id='word_1_639' title='bbox 3548 3988 3556 3999; x_wconf 38' lang='lat'><strong><em>.</em></strong></span> 
     </span>
    </p>
   </div>
   <div class='ocr_carea' id='block_1_85' title="bbox 1882 4009 3460 4089">
    <p class='ocr_par' dir='ltr' id='par_1_85' title="bbox 1882 4009 3460 4089">
     <span class='ocr_line' id='line_1_85' title="bbox 1882 4009 3460 4089; baseline -0.006 -18"><span class='ocrx_word' id='word_1_640' title='bbox 1882 4015 2136 4089; x_wconf 90' lang='lat' dir='ltr'><strong>plurimis</strong></span> <span class='ocrx_word' id='word_1_641' title='bbox 2174 4012 2515 4069; x_wconf 87' lang='lat' dir='ltr'><strong>ornamentis</strong></span> <span class='ocrx_word' id='word_1_642' title='bbox 2557 4012 2830 4083; x_wconf 88' lang='lat' dir='ltr'><strong>insignem</strong></span> <span class='ocrx_word' id='word_1_643' title='bbox 2882 4019 3045 4081; x_wconf 89' lang='lat' dir='ltr'><strong>atque</strong></span> <span class='ocrx_word' id='word_1_644' title='bbox 3099 4009 3460 4080; x_wconf 87' lang='lat' dir='ltr'><strong>conspicuum</strong></span> 
     </span>
    </p>
   </div>
   <div class='ocr_carea' id='block_1_86' title="bbox 1881 4100 3455 4165">
    <p class='ocr_par' dir='ltr' id='par_1_86' title="bbox 1881 4100 3455 4165">
     <span class='ocr_line' id='line_1_86' title="bbox 1881 4100 3455 4165; baseline -0.008 0"><span class='ocrx_word' id='word_1_645' title='bbox 1881 4109 2018 4165; x_wconf 89' lang='lat' dir='ltr'><strong>scite</strong></span> <span class='ocrx_word' id='word_1_646' title='bbox 2044 4108 2207 4163; x_wconf 89' lang='lat' dir='ltr'><strong>nobis</strong></span> <span class='ocrx_word' id='word_1_647' title='bbox 2227 4104 2487 4162; x_wconf 89' lang='lat' dir='ltr'><strong>ostendit.</strong></span> <span class='ocrx_word' id='word_1_648' title='bbox 2514 4104 2650 4159; x_wconf 87' lang='lat' dir='ltr'><strong>Nam</strong></span> <span class='ocrx_word' id='word_1_649' title='bbox 2679 4111 2741 4158; x_wconf 91' lang='lat' dir='ltr'><strong>ut</strong></span> <span class='ocrx_word' id='word_1_650' title='bbox 2772 4103 2968 4158; x_wconf 85' lang='lat' dir='ltr'><strong>beatus</strong></span> <span class='ocrx_word' id='word_1_651' title='bbox 2994 4102 3199 4157; x_wconf 87' lang='lat' dir='ltr'><strong>Paulus</strong></span> <span class='ocrx_word' id='word_1_652' title='bbox 3223 4100 3416 4155; x_wconf 85' lang='lat' dir='ltr'><strong>scribit</strong></span> <span class='ocrx_word' id='word_1_653' title='bbox 3442 4118 3455 4152; x_wconf 89' lang='lat'><strong>:</strong></span> 
     </span>
    </p>
   </div>
   <div class='ocr_carea' id='block_1_87' title="bbox 1891 4190 3455 4269">
    <p class='ocr_par' dir='ltr' id='par_1_87' title="bbox 1891 4190 3455 4269">
     <span class='ocr_line' id='line_1_87' title="bbox 1891 4190 3455 4269; baseline -0.006 -16"><span class='ocrx_word' id='word_1_654' title='bbox 1891 4219 1911 4253; x_wconf 73' lang='grc' dir='ltr'><strong>ε</strong></span> <span class='ocrx_word' id='word_1_655' title='bbox 1943 4199 2066 4255; x_wconf 84' lang='lat' dir='ltr'><strong>Non</strong></span> <span class='ocrx_word' id='word_1_656' title='bbox 2091 4198 2187 4269; x_wconf 91' lang='lat' dir='ltr'><strong>qui</strong></span> <span class='ocrx_word' id='word_1_657' title='bbox 2218 4198 2276 4252; x_wconf 89' lang='lat' dir='ltr'><strong>in</strong></span> <span class='ocrx_word' id='word_1_658' title='bbox 2301 4193 2625 4260; x_wconf 81' lang='lat' dir='ltr'><strong>manifesto,</strong></span> <span class='ocrx_word' id='word_1_659' title='bbox 2653 4193 2875 4249; x_wconf 73' lang='lat' dir='ltr'><strong>Iudaeus</strong></span> <span class='ocrx_word' id='word_1_660' title='bbox 2897 4201 3012 4257; x_wconf 89' lang='lat' dir='ltr'><strong>est,</strong></span> <span class='ocrx_word' id='word_1_661' title='bbox 3043 4207 3225 4261; x_wconf 88' lang='lat' dir='ltr'><strong>neque</strong></span> <span class='ocrx_word' id='word_1_662' title='bbox 3250 4204 3372 4260; x_wconf 61' lang='lat' dir='ltr'><strong>qua?</strong></span> <span class='ocrx_word' id='word_1_663' title='bbox 3402 4190 3455 4244; x_wconf 89' lang='lat' dir='ltr'><strong>in</strong></span> 
     </span>
    </p>
   </div>
   <div class='ocr_carea' id='block_1_88' title="bbox 1884 4280 3460 4352">
    <p class='ocr_par' dir='ltr' id='par_1_88' title="bbox 1884 4280 3460 4352">
     <span class='ocr_line' id='line_1_88' title="bbox 1884 4280 3460 4352; baseline -0.008 -5"><span class='ocrx_word' id='word_1_664' title='bbox 1884 4290 2177 4348; x_wconf 74' lang='lat' dir='ltr'><strong>manifesto</strong></span> <span class='ocrx_word' id='word_1_665' title='bbox 2198 4288 2257 4343; x_wconf 91' lang='lat' dir='ltr'><strong>in</strong></span> <span class='ocrx_word' id='word_1_666' title='bbox 2283 4302 2472 4352; x_wconf 89' lang='lat' dir='ltr'><strong>carne,</strong></span> <span class='ocrx_word' id='word_1_667' title='bbox 2498 4292 2584 4340; x_wconf 88' lang='lat' dir='ltr'><strong>est</strong></span> <span class='ocrx_word' id='word_1_668' title='bbox 2599 4283 2971 4346; x_wconf 88' lang='lat' dir='ltr'><strong>circumcisio,</strong></span> <span class='ocrx_word' id='word_1_669' title='bbox 2993 4281 3091 4337; x_wconf 90' lang='lat' dir='ltr'><strong>sed</strong></span> <span class='ocrx_word' id='word_1_670' title='bbox 3119 4281 3215 4350; x_wconf 89' lang='lat' dir='ltr'><strong>qui</strong></span> <span class='ocrx_word' id='word_1_671' title='bbox 3245 4281 3303 4335; x_wconf 90' lang='lat' dir='ltr'><strong>in</strong></span> <span class='ocrx_word' id='word_1_672' title='bbox 3329 4280 3460 4336; x_wconf 83' lang='lat' dir='ltr'><strong>abs-</strong></span> 
     </span>
    </p>
   </div>
   <div class='ocr_carea' id='block_1_89' title="bbox 1883 4371 3457 4447">
    <p class='ocr_par' dir='ltr' id='par_1_89' title="bbox 1883 4371 3457 4447">
     <span class='ocr_line' id='line_1_89' title="bbox 1883 4371 3457 4447; baseline -0.007 -9"><span class='ocrx_word' id='word_1_673' title='bbox 1883 4381 2128 4447; x_wconf 89' lang='lat' dir='ltr'><strong>condito,</strong></span> <span class='ocrx_word' id='word_1_674' title='bbox 2168 4379 2391 4435; x_wconf 72' lang='lat' dir='ltr'><strong>Iudaeus</strong></span> <span class='ocrx_word' id='word_1_675' title='bbox 2413 4383 2518 4443; x_wconf 88' lang='lat' dir='ltr'><strong>est,</strong></span> <span class='ocrx_word' id='word_1_676' title='bbox 2559 4383 2616 4431; x_wconf 89' lang='lat' dir='ltr'><strong>et</strong></span> <span class='ocrx_word' id='word_1_677' title='bbox 2648 4373 2999 4430; x_wconf 90' lang='lat' dir='ltr'><strong>circumcisio</strong></span> <span class='ocrx_word' id='word_1_678' title='bbox 3031 4372 3217 4427; x_wconf 88' lang='lat' dir='ltr'><strong>cordis</strong></span> <span class='ocrx_word' id='word_1_679' title='bbox 3261 4371 3318 4427; x_wconf 93' lang='lat' dir='ltr'><strong>in</strong></span> <span class='ocrx_word' id='word_1_680' title='bbox 3342 4373 3457 4443; x_wconf 85' lang='lat' dir='ltr'><strong>spi-</strong></span> 
     </span>
    </p>
   </div>
   <div class='ocr_carea' id='block_1_90' title="bbox 199 4465 1777 4547">
    <p class='ocr_par' dir='ltr' id='par_1_90' title="bbox 199 4468 1777 4547">
     <span class='ocr_line' id='line_1_90' title="bbox 199 4468 1777 4547; baseline -0.003 -19"><span class='ocrx_word' id='word_1_681' title='bbox 199 4476 259 4528; x_wconf 78' lang='grc' dir='ltr'><strong>ἑν</strong></span> <span class='ocrx_word' id='word_1_682' title='bbox 286 4475 454 4547; x_wconf 76' lang='grc' dir='ltr'><strong>σαρκὶ</strong></span> <span class='ocrx_word' id='word_1_683' title='bbox 486 4472 788 4545; x_wconf 79' lang='grc' dir='ltr'><strong>περιτομὴ,</strong></span> <span class='ocrx_word' id='word_1_684' title='bbox 814 4472 929 4526; x_wconf 86' lang='grc' dir='ltr'><strong>ἀλλ’</strong></span> <span class='ocrx_word' id='word_1_685' title='bbox 952 4475 982 4526; x_wconf 85' lang='grc' dir='ltr'><strong>ό</strong></span> <span class='ocrx_word' id='word_1_686' title='bbox 1002 4474 1062 4526; x_wconf 79' lang='grc' dir='ltr'><strong>ὲν</strong></span> <span class='ocrx_word' id='word_1_687' title='bbox 1090 4470 1169 4542; x_wconf 88' lang='grc' dir='ltr'><strong>τῷ</strong></span> <span class='ocrx_word' id='word_1_688' title='bbox 1207 4468 1458 4543; x_wconf 87' lang='grc' dir='ltr'><strong>κρυπτῷ,</strong></span> <span class='ocrx_word' id='word_1_689' title='bbox 1496 4469 1777 4532; x_wconf 79' lang='grc' dir='ltr'><strong>Ἰουδαῖος,</strong></span> 
     </span>
    </p>
   </div>
   <div class='ocr_carea' id='block_1_91' title="bbox 1881 4465 3459 4547">
    <p class='ocr_par' dir='ltr' id='par_1_91' title="bbox 1891 4465 3459 4542">
     <span class='ocr_line' id='line_1_91' title="bbox 1891 4465 3459 4542; baseline -0.007 -12"><span class='ocrx_word' id='word_1_690' title='bbox 1891 4476 2023 4541; x_wconf 91' lang='lat' dir='ltr'><strong>ritu,</strong></span> <span class='ocrx_word' id='word_1_691' title='bbox 2043 4489 2159 4535; x_wconf 84' lang='lat' dir='ltr'><strong>non</strong></span> <span class='ocrx_word' id='word_1_692' title='bbox 2187 4472 2394 4538; x_wconf 88' lang='lat' dir='ltr'><strong>littera,</strong></span> <span class='ocrx_word' id='word_1_693' title='bbox 2426 4471 2587 4542; x_wconf 83' lang='lat' dir='ltr'><strong>cujus</strong></span> <span class='ocrx_word' id='word_1_694' title='bbox 2607 4469 2728 4524; x_wconf 88' lang='lat' dir='ltr'><strong>laus</strong></span> <span class='ocrx_word' id='word_1_695' title='bbox 2755 4483 2867 4522; x_wconf 90' lang='lat' dir='ltr'><strong>non</strong></span> <span class='ocrx_word' id='word_1_696' title='bbox 2896 4483 2965 4523; x_wconf 87' lang='lat' dir='ltr'><strong>ex</strong></span> <span class='ocrx_word' id='word_1_697' title='bbox 2986 4465 3328 4533; x_wconf 89' lang='lat' dir='ltr'><strong>hominibus,</strong></span> <span class='ocrx_word' id='word_1_698' title='bbox 3361 4465 3459 4522; x_wconf 88' lang='lat' dir='ltr'><strong>sed</strong></span> 
     </span>
    </p>
   </div>
   <div class='ocr_carea' id='block_1_92' title="bbox 200 4555 1782 4650">
    <p class='ocr_par' dir='ltr' id='par_1_92' title="bbox 200 4555 1782 4650">
     <span class='ocr_line' id='line_1_92' title="bbox 200 4555 1782 4650; baseline -0.003 -30"><span class='ocrx_word' id='word_1_699' title='bbox 200 4567 295 4620; x_wconf 73' lang='grc' dir='ltr'><strong>καὶ</strong></span> <span class='ocrx_word' id='word_1_700' title='bbox 322 4565 600 4638; x_wconf 81' lang='grc' dir='ltr'><strong>περιτομὴ</strong></span> <span class='ocrx_word' id='word_1_701' title='bbox 627 4565 877 4638; x_wconf 86' lang='grc' dir='ltr'><strong>καρδίας,</strong></span> <span class='ocrx_word' id='word_1_702' title='bbox 908 4566 966 4619; x_wconf 79' lang='grc' dir='ltr'><strong>ἐν</strong></span> <span class='ocrx_word' id='word_1_703' title='bbox 994 4563 1265 4634; x_wconf 84' lang='grc' dir='ltr'><strong>πνεύματι</strong></span> <span class='ocrx_word' id='word_1_704' title='bbox 1291 4564 1352 4616; x_wconf 80' lang='grc' dir='ltr'><strong>οὐ</strong></span> <span class='ocrx_word' id='word_1_705' title='bbox 1379 4563 1687 4650; x_wconf 61' lang='grc' dir='ltr'><strong>γράμμαει,</strong></span> <span class='ocrx_word' id='word_1_706' title='bbox 1721 4555 1782 4615; x_wconf 75' lang='grc' dir='ltr'><strong>οὗ</strong></span> 
     </span>
    </p>
   </div>
   <div class='ocr_carea' id='block_1_93' title="bbox 198 4654 1636 4729">
    <p class='ocr_par' dir='ltr' id='par_1_93' title="bbox 198 4654 1636 4729">
     <span class='ocr_line' id='line_1_93' title="bbox 198 4654 1636 4729; baseline -0.001 -20"><span class='ocrx_word' id='word_1_707' title='bbox 198 4658 229 4709; x_wconf 86' lang='grc' dir='ltr'><strong>ὀ</strong></span> <span class='ocrx_word' id='word_1_708' title='bbox 252 4657 474 4723; x_wconf 70' lang='grc' dir='ltr'><strong>ἔπαινος</strong></span> <span class='ocrx_word' id='word_1_709' title='bbox 498 4658 599 4711; x_wconf 82' lang='grc' dir='ltr'><strong>οὐκ</strong></span> <span class='ocrx_word' id='word_1_710' title='bbox 625 4654 685 4723; x_wconf 76' lang='grc' dir='ltr'>ἐξ</span> <span class='ocrx_word' id='word_1_711' title='bbox 719 4656 1042 4729; x_wconf 81' lang='grc' dir='ltr'><strong>ἀνθρώπων,</strong></span> <span class='ocrx_word' id='word_1_712' title='bbox 1075 4655 1191 4709; x_wconf 87' lang='grc' dir='ltr'><strong>ἀλλ’</strong></span> <span class='ocrx_word' id='word_1_713' title='bbox 1220 4658 1286 4709; x_wconf 84' lang='grc' dir='ltr'><strong>ὲκ</strong></span> <span class='ocrx_word' id='word_1_714' title='bbox 1308 4655 1402 4708; x_wconf 82' lang='grc' dir='ltr'><strong>τοῦ</strong></span> <span class='ocrx_word' id='word_1_715' title='bbox 1432 4654 1583 4708; x_wconf 86' lang='grc' dir='ltr'><strong>Θεοῦ.</strong></span> <span class='ocrx_word' id='word_1_716' title='bbox 1618 4675 1636 4707; x_wconf 73' lang='grc' dir='ltr'><strong>ι</strong></span> 
     </span>
    </p>
   </div>
   <div class='ocr_carea' id='block_1_94' title="bbox 270 4741 1785 4820">
    <p class='ocr_par' dir='ltr' id='par_1_94' title="bbox 270 4741 1785 4820">
     <span class='ocr_line' id='line_1_94' title="bbox 270 4741 1785 4820; baseline -0.005 -16"><span class='ocrx_word' id='word_1_717' title='bbox 270 4750 482 4803; x_wconf 74' lang='grc' dir='ltr'><strong>ΠΔΛΛ.</strong></span> <span class='ocrx_word' id='word_1_718' title='bbox 512 4744 642 4820; x_wconf 69' lang='grc' dir='ltr'><strong>’Ἆρ’</strong></span> <span class='ocrx_word' id='word_1_719' title='bbox 670 4741 784 4811; x_wconf 78' lang='grc' dir='ltr'><strong>οὖν,</strong></span> <span class='ocrx_word' id='word_1_720' title='bbox 812 4746 935 4800; x_wconf 80' lang='grc' dir='ltr'><strong>εἰπέ</strong></span> <span class='ocrx_word' id='word_1_721' title='bbox 978 4763 1095 4816; x_wconf 86' lang='grc' dir='ltr'><strong>μοι,</strong></span> <span class='ocrx_word' id='word_1_722' title='bbox 1122 4746 1221 4816; x_wconf 83' lang='grc' dir='ltr'><strong>τῆς</strong></span> <span class='ocrx_word' id='word_1_723' title='bbox 1246 4746 1303 4799; x_wconf 78' lang='grc' dir='ltr'><strong>ἐν</strong></span> <span class='ocrx_word' id='word_1_724' title='bbox 1332 4743 1604 4815; x_wconf 85' lang='grc' dir='ltr'><strong>πνεύματι</strong></span> <span class='ocrx_word' id='word_1_725' title='bbox 1631 4761 1785 4813; x_wconf 83' lang='grc' dir='ltr'><strong>περι-</strong></span> 
     </span>
    </p>
   </div>
   <div class='ocr_carea' id='block_1_95' title="bbox 200 4835 1785 4909">
    <p class='ocr_par' dir='ltr' id='par_1_95' title="bbox 200 4835 1785 4909">
     <span class='ocr_line' id='line_1_95' title="bbox 200 4835 1785 4909; baseline -0.003 -17"><span class='ocrx_word' id='word_1_726' title='bbox 200 4841 372 4909; x_wconf 83' lang='grc' dir='ltr'><strong>τομῆς</strong></span> <span class='ocrx_word' id='word_1_727' title='bbox 416 4836 947 4909; x_wconf 83' lang='grc' dir='ltr'><strong>εῖσκεκομισμένης,</strong></span> <span class='ocrx_word' id='word_1_728' title='bbox 996 4837 1093 4891; x_wconf 70' lang='grc' dir='ltr'><strong>καὶ</strong></span> <span class='ocrx_word' id='word_1_729' title='bbox 1133 4836 1333 4889; x_wconf 83' lang='grc' dir='ltr'><strong>θυσιῶν</strong></span> <span class='ocrx_word' id='word_1_730' title='bbox 1377 4835 1484 4889; x_wconf 82' lang='grc' dir='ltr'><strong>τῶν</strong></span> <span class='ocrx_word' id='word_1_731' title='bbox 1514 4835 1657 4889; x_wconf 64' lang='grc' dir='ltr'><strong>κατὰ</strong></span> <span class='ocrx_word' id='word_1_732' title='bbox 1692 4835 1785 4888; x_wconf 80' lang='grc' dir='ltr'><strong>τὸν</strong></span> 
     </span>
    </p>
   </div>
   <div class='ocr_carea' id='block_1_96' title="bbox 201 4926 1786 5002">
    <p class='ocr_par' dir='ltr' id='par_1_96' title="bbox 201 4926 1786 5002">
     <span class='ocr_line' id='line_1_96' title="bbox 201 4926 1786 5002; baseline -0.004 -18"><span class='ocrx_word' id='word_1_733' title='bbox 201 4930 363 5001; x_wconf 82' lang='grc' dir='ltr'><strong>νόμον</strong></span> <span class='ocrx_word' id='word_1_734' title='bbox 392 4929 912 5002; x_wconf 82' lang='grc' dir='ltr'><strong>ἀνατετραμμένων,</strong></span> <span class='ocrx_word' id='word_1_735' title='bbox 953 4929 1046 4982; x_wconf 72' lang='grc' dir='ltr'><strong>καὶ</strong></span> <span class='ocrx_word' id='word_1_736' title='bbox 1082 4927 1245 4980; x_wconf 84' lang='grc' dir='ltr'><strong>τόπον</strong></span> <span class='ocrx_word' id='word_1_737' title='bbox 1271 4926 1462 4980; x_wconf 78' lang='grc' dir='ltr'><strong>οὐδένα</strong></span> <span class='ocrx_word' id='word_1_738' title='bbox 1492 4926 1621 4997; x_wconf 86' lang='grc' dir='ltr'><strong>παρ’</strong></span> <span class='ocrx_word' id='word_1_739' title='bbox 1652 4927 1786 4996; x_wconf 79' lang='grc' dir='ltr'><strong>ἡμῖν</strong></span> 
     </span>
    </p>
   </div>
   <div class='ocr_carea' id='block_1_97' title="bbox 203 5016 1787 5093">
    <p class='ocr_par' dir='ltr' id='par_1_97' title="bbox 203 5016 1787 5093">
     <span class='ocr_line' id='line_1_97' title="bbox 203 5016 1787 5093; baseline -0.003 -20"><span class='ocrx_word' id='word_1_740' title='bbox 203 5020 432 5093; x_wconf 76' lang='grc' dir='ltr'><strong>ἐχούσης</strong></span> <span class='ocrx_word' id='word_1_741' title='bbox 458 5019 561 5090; x_wconf 83' lang='grc' dir='ltr'><strong>τῆς</strong></span> <span class='ocrx_word' id='word_1_742' title='bbox 585 5020 880 5086; x_wconf 80' lang='grc' dir='ltr'><strong>πολιτείας,</strong></span> <span class='ocrx_word' id='word_1_743' title='bbox 915 5021 1016 5073; x_wconf 81' lang='grc' dir='ltr'><strong>οὐκ</strong></span> <span class='ocrx_word' id='word_1_744' title='bbox 1046 5019 1309 5073; x_wconf 84' lang='grc' dir='ltr'><strong>ἀπίθανόν</strong></span> <span class='ocrx_word' id='word_1_745' title='bbox 1336 5035 1452 5081; x_wconf 88' lang='grc' dir='ltr'><strong>πως</strong></span> <span class='ocrx_word' id='word_1_746' title='bbox 1477 5017 1616 5070; x_wconf 86' lang='grc' dir='ltr'><strong>εἶναι</strong></span> <span class='ocrx_word' id='word_1_747' title='bbox 1640 5016 1787 5070; x_wconf 88' lang='grc' dir='ltr'><strong>δοκεῖ</strong></span> 
     </span>
    </p>
   </div>
   <div class='ocr_carea' id='block_1_98' title="bbox 196 5106 1784 5187">
    <p class='ocr_par' dir='ltr' id='par_1_98' title="bbox 196 5106 1784 5187">
     <span class='ocr_line' id='line_1_98' title="bbox 196 5106 1784 5187; baseline -0.004 -22"><span class='ocrx_word' id='word_1_748' title='bbox 196 5112 259 5165; x_wconf 72' lang='grc' dir='ltr'><strong>τὸ</strong></span> <span class='ocrx_word' id='word_1_749' title='bbox 290 5113 459 5181; x_wconf 78' lang='grc' dir='ltr'><strong>φάναι</strong></span> <span class='ocrx_word' id='word_1_750' title='bbox 481 5113 740 5187; x_wconf 79' lang='grc' dir='ltr'><strong>Χριστὸν,</strong></span> <span class='ocrx_word' id='word_1_751' title='bbox 773 5131 791 5164; x_wconf 75' lang='grc' dir='ltr'><strong>ι</strong></span> <span class='ocrx_word' id='word_1_752' title='bbox 828 5113 944 5166; x_wconf 82' lang='grc' dir='ltr'><strong>υῦκ</strong></span> <span class='ocrx_word' id='word_1_753' title='bbox 966 5106 1128 5184; x_wconf 73' lang='grc' dir='ltr'><strong>ἦλθον</strong></span> <span class='ocrx_word' id='word_1_754' title='bbox 1160 5108 1460 5164; x_wconf 85' lang='grc' dir='ltr'><strong>καταλῦσαι</strong></span> <span class='ocrx_word' id='word_1_755' title='bbox 1484 5108 1574 5161; x_wconf 80' lang='grc' dir='ltr'><strong>τὸν</strong></span> <span class='ocrx_word' id='word_1_756' title='bbox 1600 5108 1784 5179; x_wconf 85' lang='grc' dir='ltr'><strong>νόμον,</strong></span> 
     </span>
    </p>
   </div>
   <div class='ocr_carea' id='block_1_99' title="bbox 202 5198 1789 5277">
    <p class='ocr_par' dir='ltr' id='par_1_99' title="bbox 202 5198 1789 5277">
     <span class='ocr_line' id='line_1_99' title="bbox 202 5198 1789 5277; baseline -0.005 -16"><span class='ocrx_word' id='word_1_757' title='bbox 202 5204 338 5261; x_wconf 77' lang='grc' dir='ltr'><strong>ἀλλὰ</strong></span> <span class='ocrx_word' id='word_1_758' title='bbox 368 5204 656 5277; x_wconf 83' lang='grc' dir='ltr'><strong>πληρῶσαι</strong></span> <span class='ocrx_word' id='word_1_759' title='bbox 677 5221 695 5270; x_wconf 87' lang='grc'>;</span> <span class='ocrx_word' id='word_1_760' title='bbox 716 5224 743 5257; x_wconf 78' lang='grc'><strong>·)</strong></span> <span class='ocrx_word' id='word_1_761' title='bbox 792 5204 863 5258; x_wconf 85' lang='grc' dir='ltr'>Ἢ</span> <span class='ocrx_word' id='word_1_762' title='bbox 894 5205 1051 5276; x_wconf 87' lang='grc' dir='ltr'><strong>εῖπερ</strong></span> <span class='ocrx_word' id='word_1_763' title='bbox 1088 5204 1188 5274; x_wconf 83' lang='grc' dir='ltr'><strong>οὐχ</strong></span> <span class='ocrx_word' id='word_1_764' title='bbox 1211 5198 1315 5257; x_wconf 79' lang='grc' dir='ltr'><strong>ὦδε</strong></span> <span class='ocrx_word' id='word_1_765' title='bbox 1349 5201 1481 5273; x_wconf 77' lang='grc' dir='ltr'><strong>ἔχει,</strong></span> <span class='ocrx_word' id='word_1_766' title='bbox 1528 5199 1789 5254; x_wconf 71' lang='grc' dir='ltr'><strong>διακωλύο</strong></span> 
     </span>
    </p>
   </div>
   <div class='ocr_carea' id='block_1_100' title="bbox 200 5291 1788 5369">
    <p class='ocr_par' dir='ltr' id='par_1_100' title="bbox 200 5291 1788 5369">
     <span class='ocr_line' id='line_1_100' title="bbox 200 5291 1788 5369; baseline -0.003 -20"><span class='ocrx_word' id='word_1_767' title='bbox 200 5310 347 5350; x_wconf 80' lang='grc' dir='ltr'><strong>σειεν</strong></span> <span class='ocrx_word' id='word_1_768' title='bbox 384 5296 453 5351; x_wconf 76' lang='grc' dir='ltr'><strong>ἂν</strong></span> <span class='ocrx_word' id='word_1_769' title='bbox 486 5292 638 5369; x_wconf 80' lang='grc' dir='ltr'><strong>οἶμαί</strong></span> <span class='ocrx_word' id='word_1_770' title='bbox 667 5313 771 5349; x_wconf 88' lang='grc' dir='ltr'><strong>που</strong></span> <span class='ocrx_word' id='word_1_771' title='bbox 811 5296 904 5349; x_wconf 71' lang='grc' dir='ltr'><strong>καὶ</strong></span> <span class='ocrx_word' id='word_1_772' title='bbox 937 5296 1087 5367; x_wconf 77' lang='grc' dir='ltr'><strong>ἡμᾶς</strong></span> <span class='ocrx_word' id='word_1_773' title='bbox 1114 5295 1288 5361; x_wconf 79' lang='grc' dir='ltr'><strong>οὐδὲν,</strong></span> <span class='ocrx_word' id='word_1_774' title='bbox 1339 5291 1648 5365; x_wconf 79' lang='grc' dir='ltr'><strong>βουθυσίαις</strong></span> <span class='ocrx_word' id='word_1_775' title='bbox 1689 5292 1788 5362; x_wconf 82' lang='grc' dir='ltr'><strong>μὲν</strong></span> 
     </span>
    </p>
   </div>
   <div class='ocr_carea' id='block_1_101' title="bbox 200 5372 1785 5454">
    <p class='ocr_par' dir='ltr' id='par_1_101' title="bbox 200 5372 1785 5454">
     <span class='ocr_line' id='line_1_101' title="bbox 200 5372 1785 5454; baseline -0.003 -15"><span class='ocrx_word' id='word_1_776' title='bbox 200 5387 298 5439; x_wconf 76' lang='grc' dir='ltr'><strong>καὶ</strong></span> <span class='ocrx_word' id='word_1_777' title='bbox 325 5385 645 5450; x_wconf 76' lang='grc' dir='ltr'><strong>λιϐανωτοῖς</strong></span> <span class='ocrx_word' id='word_1_778' title='bbox 687 5385 783 5441; x_wconf 77' lang='grc' dir='ltr'><strong>τὸν</strong></span> <span class='ocrx_word' id='word_1_779' title='bbox 826 5383 936 5438; x_wconf 83' lang='grc' dir='ltr'><strong>τῶν</strong></span> <span class='ocrx_word' id='word_1_780' title='bbox 986 5384 1125 5439; x_wconf 81' lang='grc' dir='ltr'><strong>ὅλων</strong></span> <span class='ocrx_word' id='word_1_781' title='bbox 1163 5372 1587 5454; x_wconf 72' lang='grc' dir='ltr'><strong>καταγεραίρειν</strong></span> <span class='ocrx_word' id='word_1_782' title='bbox 1628 5381 1785 5447; x_wconf 86' lang='grc' dir='ltr'><strong>Θεὸν,</strong></span> 
     </span>
    </p>
   </div>
   <div class='ocr_carea' id='block_1_102' title="bbox 200 5472 1789 5549">
    <p class='ocr_par' dir='ltr' id='par_1_102' title="bbox 200 5472 1789 5549">
     <span class='ocr_line' id='line_1_102' title="bbox 200 5472 1789 5549; baseline 0 -23"><span class='ocrx_word' id='word_1_783' title='bbox 200 5475 599 5546; x_wconf 76' lang='grc' dir='ltr'><strong>προσκομίζειν</strong></span> <span class='ocrx_word' id='word_1_784' title='bbox 622 5477 679 5530; x_wconf 80' lang='grc' dir='ltr'><strong>δὲ</strong></span> <span class='ocrx_word' id='word_1_785' title='bbox 707 5476 858 5548; x_wconf 83' lang='grc' dir='ltr'><strong>αὐτῷ</strong></span> <span class='ocrx_word' id='word_1_786' title='bbox 879 5477 1145 5549; x_wconf 81' lang='grc' dir='ltr'><strong>τρυγόνας</strong></span> <span class='ocrx_word' id='word_1_787' title='bbox 1179 5474 1273 5529; x_wconf 75' lang='grc' dir='ltr'><strong>καὶ</strong></span> <span class='ocrx_word' id='word_1_788' title='bbox 1302 5472 1633 5548; x_wconf 85' lang='grc' dir='ltr'><strong>περιστερὰς</strong></span> <span class='ocrx_word' id='word_1_789' title='bbox 1651 5514 1666 5539; x_wconf 96' lang='grc'><strong>,</strong></span> <span class='ocrx_word' id='word_1_790' title='bbox 1694 5473 1789 5528; x_wconf 61' lang='grc' dir='ltr'><strong>καί⁵</strong></span> 
     </span>
    </p>
   </div>
   <div class='ocr_carea' id='block_1_103' title="bbox 198 5564 1787 5641">
    <p class='ocr_par' dir='ltr' id='par_1_103' title="bbox 198 5564 1787 5641">
     <span class='ocr_line' id='line_1_103' title="bbox 198 5564 1787 5641; baseline 0.001 -23"><span class='ocrx_word' id='word_1_791' title='bbox 198 5568 257 5619; x_wconf 73' lang='grc' dir='ltr'><strong>εί</strong></span> <span class='ocrx_word' id='word_1_792' title='bbox 274 5586 330 5621; x_wconf 87' lang='grc' dir='ltr'><strong>τι</strong></span> <span class='ocrx_word' id='word_1_793' title='bbox 352 5568 484 5640; x_wconf 82' lang='grc' dir='ltr'><strong>δρᾷν</strong></span> <span class='ocrx_word' id='word_1_794' title='bbox 512 5568 702 5641; x_wconf 74' lang='grc' dir='ltr'><strong>ἕτερον</strong></span> <span class='ocrx_word' id='word_1_795' title='bbox 724 5570 839 5632; x_wconf 80' lang='grc' dir='ltr'><strong>τοῖς</strong></span> <span class='ocrx_word' id='word_1_796' title='bbox 860 5568 1234 5640; x_wconf 80' lang='grc' dir='ltr'><strong>ἀρχαιοτέροις</strong></span> <span class='ocrx_word' id='word_1_797' title='bbox 1265 5567 1597 5638; x_wconf 87' lang='grc' dir='ltr'><strong>νενόμισται,</strong></span> <span class='ocrx_word' id='word_1_798' title='bbox 1628 5564 1787 5620; x_wconf 87' lang='grc' dir='ltr'><strong>τοῦτο</strong></span> 
     </span>
    </p>
   </div>
   <div class='ocr_carea' id='block_1_104' title="bbox 198 5657 1330 5730">
    <p class='ocr_par' dir='ltr' id='par_1_104' title="bbox 198 5657 1330 5730">
     <span class='ocr_line' id='line_1_104' title="bbox 198 5657 1330 5730; baseline 0.002 -22"><span class='ocrx_word' id='word_1_799' title='bbox 198 5658 299 5709; x_wconf 70' lang='grc' dir='ltr'><strong>καὶ</strong></span> <span class='ocrx_word' id='word_1_800' title='bbox 322 5659 470 5728; x_wconf 76' lang='grc' dir='ltr'><strong>ἡμᾶς</strong></span> <span class='ocrx_word' id='word_1_801' title='bbox 496 5658 697 5721; x_wconf 78' lang='grc' dir='ltr'><strong>αὐτοὺς</strong></span> <span class='ocrx_word' id='word_1_802' title='bbox 724 5658 1039 5727; x_wconf 72' lang='grc' dir='ltr'><strong>ἐπείγεσθαι</strong></span> <span class='ocrx_word' id='word_1_803' title='bbox 1066 5657 1330 5730; x_wconf 86' lang='grc' dir='ltr'><strong>πληροῦν.</strong></span> 
     </span>
    </p>
   </div>
   <div class='ocr_carea' id='block_1_105' title="bbox 275 5768 1427 5838">
    <p class='ocr_par' dir='ltr' id='par_1_105' title="bbox 275 5768 1427 5838">
     <span class='ocr_line' id='line_1_105' title="bbox 275 5768 1427 5838; baseline 0.004 -13"><span class='ocrx_word' id='word_1_804' title='bbox 275 5768 451 5827; x_wconf 77' lang='lat' dir='ltr'><strong>&#39;Psal.</strong></span> <span class='ocrx_word' id='word_1_805' title='bbox 489 5787 639 5838; x_wconf 78' lang='lat' dir='ltr'><strong>thv,</strong></span> <span class='ocrx_word' id='word_1_806' title='bbox 694 5771 780 5835; x_wconf 80' lang='lat' dir='ltr'><strong>lt).</strong></span> <span class='ocrx_word' id='word_1_807' title='bbox 840 5771 1061 5827; x_wconf 23' lang='lat' dir='ltr'><strong>A’Rom.</strong></span> <span class='ocrx_word' id='word_1_808' title='bbox 1112 5787 1171 5833; x_wconf 80' lang='grc' dir='ltr'><strong>ιι,</strong></span> <span class='ocrx_word' id='word_1_809' title='bbox 1202 5772 1292 5837; x_wconf 74' lang='lat'><strong>28,</strong></span> <span class='ocrx_word' id='word_1_810' title='bbox 1341 5773 1427 5830; x_wconf 72' lang='lat'><strong>29.</strong></span> 
     </span>
    </p>
   </div>
   <div class='ocr_carea' id='block_1_106' title="bbox 518 5863 1256 5939">
    <p class='ocr_par' dir='ltr' id='par_1_106' title="bbox 518 5863 1256 5939">
     <span class='ocr_line' id='line_1_106' title="bbox 518 5863 1256 5939; baseline 0.001 -17"><span class='ocrx_word' id='word_1_811' title='bbox 518 5864 799 5923; x_wconf 70' lang='lat' dir='ltr'><strong>PATROL.</strong></span> <span class='ocrx_word' id='word_1_812' title='bbox 844 5863 959 5923; x_wconf 76' lang='lat' dir='ltr'><strong>Gn.</strong></span> <span class='ocrx_word' id='word_1_813' title='bbox 998 5863 1256 5939; x_wconf 82' lang='lat' dir='ltr'><strong>LXVIII.</strong></span> 
     </span>
    </p>
   </div>
   <div class='ocr_carea' id='block_1_107' title="bbox 1885 4565 2314 4621">
    <p class='ocr_par' dir='ltr' id='par_1_107' title="bbox 1885 4565 2314 4621">
     <span class='ocr_line' id='line_1_107' title="bbox 1885 4565 2314 4621; baseline -0.014 0"><span class='ocrx_word' id='word_1_814' title='bbox 1885 4582 1952 4621; x_wconf 90' lang='lat' dir='ltr'><strong>ex</strong></span> <span class='ocrx_word' id='word_1_815' title='bbox 1982 4566 2093 4621; x_wconf 89' lang='lat' dir='ltr'><strong>Deo</strong></span> <span class='ocrx_word' id='word_1_816' title='bbox 2120 4565 2273 4620; x_wconf 85' lang='lat' dir='ltr'><strong>est’.</strong></span> <span class='ocrx_word' id='word_1_817' title='bbox 2296 4582 2314 4615; x_wconf 70' lang='grc' dir='ltr'><strong>ι</strong></span> 
     </span>
    </p>
   </div>
   <div class='ocr_carea' id='block_1_108' title="bbox 1955 4733 3454 4821">
    <p class='ocr_par' dir='ltr' id='par_1_108' title="bbox 1955 4733 3454 4821">
     <span class='ocr_line' id='line_1_108' title="bbox 1955 4733 3454 4821; baseline -0.008 -10"><span class='ocrx_word' id='word_1_818' title='bbox 1955 4753 2151 4811; x_wconf 85' lang='lat' dir='ltr'><strong>PALL.</strong></span> <span class='ocrx_word' id='word_1_819' title='bbox 2186 4752 2283 4808; x_wconf 89' lang='lat' dir='ltr'><strong>Dic</strong></span> <span class='ocrx_word' id='word_1_820' title='bbox 2321 4750 2459 4806; x_wconf 90' lang='lat' dir='ltr'><strong>mihi</strong></span> <span class='ocrx_word' id='word_1_821' title='bbox 2489 4750 2678 4821; x_wconf 89' lang='lat' dir='ltr'><strong>igitur,</strong></span> <span class='ocrx_word' id='word_1_822' title='bbox 2704 4748 2751 4804; x_wconf 88' lang='lat' dir='ltr'><strong>si</strong></span> <span class='ocrx_word' id='word_1_823' title='bbox 2784 4733 3133 4805; x_wconf 77' lang='lat' dir='ltr'><strong>circumcisio</strong></span> <span class='ocrx_word' id='word_1_824' title='bbox 3165 4747 3222 4801; x_wconf 88' lang='lat' dir='ltr'><strong>in</strong></span> <span class='ocrx_word' id='word_1_825' title='bbox 3251 4747 3454 4816; x_wconf 88' lang='lat' dir='ltr'><strong>spiritu</strong></span> 
     </span>
    </p>
   </div>
   <div class='ocr_carea' id='block_1_109' title="bbox 1887 4836 3455 4911">
    <p class='ocr_par' dir='ltr' id='par_1_109' title="bbox 1887 4836 3455 4911">
     <span class='ocr_line' id='line_1_109' title="bbox 1887 4836 3455 4911; baseline -0.006 -12"><span class='ocrx_word' id='word_1_826' title='bbox 1887 4845 2201 4900; x_wconf 87' lang='lat' dir='ltr'><strong>introducta</strong></span> <span class='ocrx_word' id='word_1_827' title='bbox 2225 4849 2328 4907; x_wconf 88' lang='lat' dir='ltr'><strong>est,</strong></span> <span class='ocrx_word' id='word_1_828' title='bbox 2359 4849 2417 4896; x_wconf 89' lang='lat' dir='ltr'><strong>et</strong></span> <span class='ocrx_word' id='word_1_829' title='bbox 2450 4840 2646 4895; x_wconf 82' lang='lat' dir='ltr'><strong>hostiae</strong></span> <span class='ocrx_word' id='word_1_830' title='bbox 2672 4840 2873 4911; x_wconf 88' lang='lat' dir='ltr'><strong>legales</strong></span> <span class='ocrx_word' id='word_1_831' title='bbox 2898 4838 3145 4911; x_wconf 68' lang='lat' dir='ltr'><strong>sublatae,</strong></span> <span class='ocrx_word' id='word_1_832' title='bbox 3172 4836 3455 4893; x_wconf 86' lang='lat' dir='ltr'><strong>etnullum</strong></span> 
     </span>
    </p>
   </div>
   <div class='ocr_carea' id='block_1_110' title="bbox 1886 4927 3451 5007">
    <p class='ocr_par' dir='ltr' id='par_1_110' title="bbox 1886 4927 3451 5007">
     <span class='ocr_line' id='line_1_110' title="bbox 1886 4927 3451 5007; baseline -0.005 -16"><span class='ocrx_word' id='word_1_833' title='bbox 1886 4935 2034 5007; x_wconf 90' lang='lat' dir='ltr'><strong>apud</strong></span> <span class='ocrx_word' id='word_1_834' title='bbox 2059 4949 2165 4989; x_wconf 86' lang='lat' dir='ltr'><strong>nos</strong></span> <span class='ocrx_word' id='word_1_835' title='bbox 2178 4934 2362 4989; x_wconf 92' lang='lat' dir='ltr'><strong>locum</strong></span> <span class='ocrx_word' id='word_1_836' title='bbox 2378 4931 2548 4988; x_wconf 88' lang='lat' dir='ltr'><strong>habet</strong></span> <span class='ocrx_word' id='word_1_837' title='bbox 2564 4932 2657 4987; x_wconf 90' lang='lat' dir='ltr'><strong>illa</strong></span> <span class='ocrx_word' id='word_1_838' title='bbox 2669 4927 3140 4989; x_wconf 65' lang='lat' dir='ltr'><strong>JudaicaJivendi</strong></span> <span class='ocrx_word' id='word_1_839' title='bbox 3169 4929 3329 4993; x_wconf 89' lang='lat' dir='ltr'><strong>ratio,</strong></span> <span class='ocrx_word' id='word_1_840' title='bbox 3353 4944 3451 4983; x_wconf 90' lang='lat' dir='ltr'><strong>an-</strong></span> 
     </span>
    </p>
   </div>
   <div class='ocr_carea' id='block_1_111' title="bbox 1887 5017 3443 5103">
    <p class='ocr_par' dir='ltr' id='par_1_111' title="bbox 1887 5017 3443 5103">
     <span class='ocr_line' id='line_1_111' title="bbox 1887 5017 3443 5103; baseline -0.004 -23"><span class='ocrx_word' id='word_1_841' title='bbox 1887 5041 1996 5081; x_wconf 91' lang='lat' dir='ltr'><strong>non</strong></span> <span class='ocrx_word' id='word_1_842' title='bbox 2008 5023 2308 5080; x_wconf 88' lang='lat' dir='ltr'><strong>absurdum</strong></span> <span class='ocrx_word' id='word_1_843' title='bbox 2325 5039 2443 5079; x_wconf 91' lang='lat' dir='ltr'><strong>esse</strong></span> <span class='ocrx_word' id='word_1_844' title='bbox 2458 5021 2862 5103; x_wconf 85' lang='lat' dir='ltr'><strong>quodammodo</strong></span> <span class='ocrx_word' id='word_1_845' title='bbox 2878 5019 3117 5084; x_wconf 90' lang='lat' dir='ltr'><strong>videtur,</strong></span> <span class='ocrx_word' id='word_1_846' title='bbox 3137 5020 3281 5090; x_wconf 91' lang='lat' dir='ltr'><strong>quod</strong></span> <span class='ocrx_word' id='word_1_847' title='bbox 3295 5017 3443 5074; x_wconf 88' lang='lat' dir='ltr'><strong>Chri-</strong></span> 
     </span>
    </p>
   </div>
   <div class='ocr_carea' id='block_1_112' title="bbox 1887 5111 3449 5183">
    <p class='ocr_par' dir='ltr' id='par_1_112' title="bbox 1887 5111 3449 5183">
     <span class='ocr_line' id='line_1_112' title="bbox 1887 5111 3449 5183; baseline -0.004 -13"><span class='ocrx_word' id='word_1_848' title='bbox 1887 5125 2005 5170; x_wconf 87' lang='lat' dir='ltr'><strong>stus</strong></span> <span class='ocrx_word' id='word_1_849' title='bbox 2030 5116 2126 5182; x_wconf 91' lang='lat' dir='ltr'><strong>ait,</strong></span> <span class='ocrx_word' id='word_1_850' title='bbox 2153 5134 2171 5167; x_wconf 75' lang='grc' dir='ltr'><strong>ι</strong></span> <span class='ocrx_word' id='word_1_851' title='bbox 2193 5114 2314 5170; x_wconf 88' lang='lat' dir='ltr'><strong>Non</strong></span> <span class='ocrx_word' id='word_1_852' title='bbox 2327 5114 2455 5170; x_wconf 90' lang='lat' dir='ltr'><strong>veni</strong></span> <span class='ocrx_word' id='word_1_853' title='bbox 2477 5113 2691 5169; x_wconf 89' lang='lat' dir='ltr'><strong>solvere</strong></span> <span class='ocrx_word' id='word_1_854' title='bbox 2713 5112 2911 5182; x_wconf 88' lang='lat' dir='ltr'><strong>legem,</strong></span> <span class='ocrx_word' id='word_1_855' title='bbox 2944 5111 3040 5166; x_wconf 85' lang='lat' dir='ltr'><strong>sed</strong></span> <span class='ocrx_word' id='word_1_856' title='bbox 3062 5111 3398 5183; x_wconf 86' lang='lat' dir='ltr'><strong>adimplere?</strong></span> <span class='ocrx_word' id='word_1_857' title='bbox 3431 5131 3449 5163; x_wconf 73' lang='grc' dir='ltr'><strong>ι</strong></span> 
     </span>
    </p>
   </div>
   <div class='ocr_carea' id='block_1_113' title="bbox 1888 5202 3455 5275">
    <p class='ocr_par' dir='ltr' id='par_1_113' title="bbox 1888 5202 3455 5275">
     <span class='ocr_line' id='line_1_113' title="bbox 1888 5202 3455 5275; baseline -0.004 -11"><span class='ocrx_word' id='word_1_858' title='bbox 1888 5208 2055 5264; x_wconf 83' lang='lat' dir='ltr'><strong>Autsi</strong></span> <span class='ocrx_word' id='word_1_859' title='bbox 2072 5208 2231 5264; x_wconf 86' lang='lat' dir='ltr'><strong>aliter</strong></span> <span class='ocrx_word' id='word_1_860' title='bbox 2251 5222 2310 5262; x_wconf 88' lang='lat' dir='ltr'><strong>se</strong></span> <span class='ocrx_word' id='word_1_861' title='bbox 2333 5222 2422 5262; x_wconf 89' lang='lat' dir='ltr'><strong>res</strong></span> <span class='ocrx_word' id='word_1_862' title='bbox 2441 5206 2630 5273; x_wconf 88' lang='lat' dir='ltr'><strong>habet,</strong></span> <span class='ocrx_word' id='word_1_863' title='bbox 2653 5202 3042 5274; x_wconf 89' lang='lat' dir='ltr'><strong>nihil,opinor,</strong></span> <span class='ocrx_word' id='word_1_864' title='bbox 3064 5204 3455 5275; x_wconf 89' lang='lat' dir='ltr'><strong>impedimento</strong></span> 
     </span>
    </p>
   </div>
   <div class='ocr_carea' id='block_1_114' title="bbox 1889 5299 3454 5373">
    <p class='ocr_par' dir='ltr' id='par_1_114' title="bbox 1889 5299 3454 5373">
     <span class='ocr_line' id='line_1_114' title="bbox 1889 5299 3454 5373; baseline -0.006 -14"><span class='ocrx_word' id='word_1_865' title='bbox 1889 5304 2050 5359; x_wconf 87' lang='lat' dir='ltr'><strong>nobis</strong></span> <span class='ocrx_word' id='word_1_866' title='bbox 2085 5303 2215 5369; x_wconf 89' lang='lat' dir='ltr'><strong>erit,</strong></span> <span class='ocrx_word' id='word_1_867' title='bbox 2236 5302 2535 5373; x_wconf 90' lang='lat' dir='ltr'><strong>quominus</strong></span> <span class='ocrx_word' id='word_1_868' title='bbox 2584 5307 2874 5356; x_wconf 86' lang='lat' dir='ltr'><strong>taurorum</strong></span> <span class='ocrx_word' id='word_1_869' title='bbox 2908 5301 3157 5356; x_wconf 86' lang='lat' dir='ltr'><strong>victimis</strong></span> <span class='ocrx_word' id='word_1_870' title='bbox 3205 5315 3269 5356; x_wconf 89' lang='lat' dir='ltr'><strong>ac</strong></span> <span class='ocrx_word' id='word_1_871' title='bbox 3293 5299 3454 5353; x_wconf 89' lang='lat' dir='ltr'><strong>thure</strong></span> 
     </span>
    </p>
   </div>
   <div class='ocr_carea' id='block_1_115' title="bbox 1886 5386 3454 5460">
    <p class='ocr_par' dir='ltr' id='par_1_115' title="bbox 1886 5386 3454 5460">
     <span class='ocr_line' id='line_1_115' title="bbox 1886 5386 3454 5460; baseline -0.007 -10"><span class='ocrx_word' id='word_1_872' title='bbox 1886 5395 2060 5450; x_wconf 88' lang='lat' dir='ltr'><strong>Deum</strong></span> <span class='ocrx_word' id='word_1_873' title='bbox 2074 5407 2428 5458; x_wconf 88' lang='lat' dir='ltr'><strong>veneremur,</strong></span> <span class='ocrx_word' id='word_1_874' title='bbox 2447 5398 2504 5445; x_wconf 92' lang='lat' dir='ltr'><strong>tu</strong></span> <span class='ocrx_word' id='word_1_875' title='bbox 2512 5398 2798 5460; x_wconf 87' lang='lat' dir='ltr'><strong>rturesque</strong></span> <span class='ocrx_word' id='word_1_876' title='bbox 2819 5405 2883 5447; x_wconf 91' lang='lat' dir='ltr'><strong>ac</strong></span> <span class='ocrx_word' id='word_1_877' title='bbox 2898 5391 3177 5446; x_wconf 85' lang='lat' dir='ltr'><strong>columbas</strong></span> <span class='ocrx_word' id='word_1_878' title='bbox 3193 5388 3245 5443; x_wconf 90' lang='lat' dir='ltr'><strong>ei</strong></span> <span class='ocrx_word' id='word_1_879' title='bbox 3265 5386 3454 5442; x_wconf 69' lang='lat' dir='ltr'><strong>offera-</strong></span> 
     </span>
    </p>
   </div>
   <div class='ocr_carea' id='block_1_116' title="bbox 1889 5476 3456 5554">
    <p class='ocr_par' dir='ltr' id='par_1_116' title="bbox 1889 5476 3456 5554">
     <span class='ocr_line' id='line_1_116' title="bbox 1889 5476 3456 5554; baseline -0.004 -15"><span class='ocrx_word' id='word_1_880' title='bbox 1889 5499 2040 5551; x_wconf 87' lang='lat' dir='ltr'><strong>mus;</strong></span> <span class='ocrx_word' id='word_1_881' title='bbox 2062 5483 2299 5554; x_wconf 90' lang='lat' dir='ltr'><strong>denique</strong></span> <span class='ocrx_word' id='word_1_882' title='bbox 2317 5480 2588 5552; x_wconf 89' lang='lat' dir='ltr'><strong>quidquid</strong></span> <span class='ocrx_word' id='word_1_883' title='bbox 2601 5481 2800 5552; x_wconf 89' lang='lat' dir='ltr'><strong>priscis</strong></span> <span class='ocrx_word' id='word_1_884' title='bbox 2817 5481 2924 5538; x_wconf 91' lang='lat' dir='ltr'><strong>illis</strong></span> <span class='ocrx_word' id='word_1_885' title='bbox 2944 5478 3264 5536; x_wconf 84' lang='lat' dir='ltr'><strong>hominibus</strong></span> <span class='ocrx_word' id='word_1_886' title='bbox 3284 5476 3456 5533; x_wconf 78' lang='lat' dir='ltr'><strong>facere</strong></span> 
     </span>
    </p>
   </div>
   <div class='ocr_carea' id='block_1_117' title="bbox 1890 5567 3457 5643">
    <p class='ocr_par' dir='ltr' id='par_1_117' title="bbox 1890 5567 3457 5643">
     <span class='ocr_line' id='line_1_117' title="bbox 1890 5567 3457 5643; baseline -0.003 -16"><span class='ocrx_word' id='word_1_887' title='bbox 1890 5573 2060 5629; x_wconf 83' lang='lat' dir='ltr'><strong>moris</strong></span> <span class='ocrx_word' id='word_1_888' title='bbox 2084 5572 2209 5641; x_wconf 75' lang='lat' dir='ltr'><strong>fuit,</strong></span> <span class='ocrx_word' id='word_1_889' title='bbox 2245 5572 2301 5628; x_wconf 91' lang='lat' dir='ltr'><strong>id</strong></span> <span class='ocrx_word' id='word_1_890' title='bbox 2332 5585 2436 5628; x_wconf 90' lang='lat' dir='ltr'><strong>nos</strong></span> <span class='ocrx_word' id='word_1_891' title='bbox 2459 5571 2565 5643; x_wconf 88' lang='lat' dir='ltr'><strong>ipsi</strong></span> <span class='ocrx_word' id='word_1_892' title='bbox 2602 5586 2823 5643; x_wconf 88' lang='lat' dir='ltr'><strong>quoque</strong></span> <span class='ocrx_word' id='word_1_893' title='bbox 2852 5567 3457 5643; x_wconf 81' lang='lat' dir='ltr'><strong>implerestud&#39;eamus.</strong></span> 
     </span>
    </p>
   </div>
   <div class='ocr_carea' id='block_1_118' title="bbox 3076 5861 3108 5918">
    <p class='ocr_par' dir='ltr' id='par_1_118' title="bbox 3076 5861 3108 5918">
     <span class='ocr_line' id='line_1_118' title="bbox 3076 5861 3108 5918; baseline 0 0"><span class='ocrx_word' id='word_1_894' title='bbox 3076 5861 3108 5918; x_wconf 82' lang='grc'><strong>5</strong></span> 
     </span>
    </p>
   </div>
  </div>
