3998 6304
230 293 322 384 IM

940 286 1028 340 DE
1080 283 1519 339 ADORATIONE
1558 283 1621 336 IN
1667 281 1932 336 SPIRITU
1976 283 2062 337 ΕΤ
2093 281 2457 337 VERITATE.
2498 285 2626 338 LIB.
2668 287 2706 338 I.

3382 297 3484 351 HS

240 413 330 485 μὲν
363 409 432 464 ἀν
462 404 761 479 ὴθετῆσθαί
811 418 868 458 τε
916 403 1010 456 καὶ
1059 398 1464 470 ἀνατετράφθαι
1509 399 1701 471 βραχὺ.
1738 398 1802 450 τὰ

1941 399 1961 452 1
1994 415 2123 454 vero
2149 415 2310 455 secus
2337 409 2438 454 est.
2499 400 2655 454 Nam°
2671 411 2725 456 et
2759 401 2913 457 faber
2941 406 3163 461 aerarius
3213 415 3269 461 et
3304 410 3483 478 pictor

239 502 425 575 πρῶτὰ
453 517 510 552 τε
539 500 654 572 καὶ⁶
677 499 733 549 ἐν
767 498 910 568 ἀρχῇ
963 494 1238 564 σχήματα.
1271 493 1424 561 Ἔχει
1457 491 1514 544 δὲ
1541 492 1637 559 οὐχ
1666 489 1806 541 οῦτω

1941 507 2040 545 ere
2098 492 2383 547 dixerint:
2416 492 2527 546 Nos
2554 491 2776 560 quidem
2833 493 3060 551 minime
3112 496 3484 556 destruximns

237 596 291 647 τὸ
317 594 507 664 χρῆμα
536 593 602 661 τῇ
629 588 808 658 φύσει.
831 589 990 641 Φαῖεν
1010 585 1120 656 γὰρ
1147 582 1212 638 ἂν
1234 582 1615 653 ἀληθεύοντες,
1640 580 1808 650 χαλκ-

238 685 424 755 ουργός
468 699 529 734 τε
579 683 674 736 καί⁵
699 678 942 751 γραφεύς
963 695 974 707 ·
1007 677 1080 730 Ού
1109 673 1489 744 κατελύσαμεν
1509 672 1606 734 τὰς
1631 671 1808 733 σκιὰς,

238 777 331 828 οῦκ
361 776 442 837 είς
476 773 803 844 ἀχρειότητα
819 769 1060 839 παντελῆ
1087 768 1213 830 τοὺς
1228 766 1434 828 τύπους
1463 762 1808 833 ἐπέμψαμεν,

1913 583 2160 650 umbras,
2187 600 2368 655 neque
2419 586 2495 640 ita
2553 585 2721 640 rudes
2750 586 2872 641 illas
2906 586 3125 658 ﬁguras,
3164 599 3226 644 ut
3259 594 3482 650 inutiles

1913 689 2140 742 prorsus
2161 676 2486 746 abjecimus,
2537 677 2634 732 sed
2675 679 2859 747 potius
2907 679 3272 750 implevimus.
3327 686 3481 753 Quod

1909 767 2058 822 enim
2099 768 2155 822 in
2192 769 2418 824 umbris
2442 769 2624 825 adhuc
2672 781 2836 840 atque
2873 771 3068 843 ﬁguris
3103 775 3392 832 obscurius
3420 794 3483 834 ac

241 865 682 937 πεπληρώκαμεν
724 864 782 917 δέ
835 862 1054 934 μᾶλλον.
1094 861 1162 942 'Q
1199 860 1308 932 γὰρ
1340 855 1410 929 ἦν
1460 858 1588 911 ἰδεῖν
1635 855 1712 918 ὼς
1755 855 1812 906 ἐν

1941 858 2095 912 ninus
2120 870 2413 916 venustum
2462 863 2775 929 videbatur,
2832 864 2886 918 id
2935 866 3000 919 ad
3041 866 3324 922 meliorem
3357 870 3480 923 illu-

241 962 417 1022 σκιαῖς
446 958 527 1011 ἔτι
554 958 648 1012 καὶ
665 957 859 1020 τύποις
885 953 1254 1026 ἀφανέστερόν
1270 970 1330 1006 τε
1365 953 1459 1006 καὶ
1486 949 1813 1004 ἀκαλλέστε-

243 1069 353 1120 ρον,
381 1050 538 1104 τοῦτο
571 1048 916 1121 προϐέϐηκεν
948 1048 1043 1101 ἐπὶ
1080 1045 1144 1099 τὸ
1173 1044 1396 1116 ἄμεινόν
1421 1060 1480 1096 τε
1511 1043 1600 1096 καί
1634 1042 1814 1112 ἐμφα-

241 1141 509 1212 νέστερον.

310 1235 516 1287 ΠΑΛΛ.
556 1226 627 1285 Εὖ
649 1231 846 1298 λέγεις.

303 1329 469 1383 ΚΥΡ.
502 1325 612 1379 Καὶ
646 1323 806 1392 εἴπερ
855 1337 943 1383 τις
971 1319 1146 1372 ἕλοιτο
1174 1310 1653 1386 πολυπραγμονεῖν
1685 1306 1816 1380 άλη-

244 1424 346 1486 θῶς
376 1422 476 1491 τὴν
514 1418 665 1490 ἰεράν
705 1431 765 1468 τε
811 1415 904 1466 καὶ
943 1410 1300 1465 θεόπνευστον
1339 1407 1583 1479 Γραφὴν,
1617 1405 1817 1458 εἴσεται

1913 951 2283 1021 strioremque
2314 953 2544 1008 formam
2580 955 2848 1023 pervenit.

1987 1217 2181 1270 PALL.
2218 1218 2384 1273 Recte
2426 1219 2581 1273 dicis.

1987 1307 2142 1361 CYR.
2173 1307 2250 1361 Ac
2272 1309 2318 1363 si
2339 1311 2462 1379 quis
2513 1311 2749 1366 voluerit
2782 1313 2927 1368 serio
2962 1330 3171 1373 sacram
3209 1330 3265 1376 et
3294 1321 3490 1376 divini-

1921 1407 2006 1452 tus
2035 1399 2355 1468 inspiratam
2391 1401 2730 1471 Scripturam
2783 1407 3171 1478 pervestigare,
3208 1413 3344 1468 sciet
3370 1429 3488 1469 om-

243 1516 303 1585 δὴ
345 1489 577 1573 πάντως
607 1507 804 1578 ἀληθὲς
844 1504 1110 1574 ὑπάρχον,
1139 1503 1168 1554 ὃ
1211 1517 1374 1571 φημι.
1411 1498 1686 1568 Κάλυμμα
1713 1495 1820 1566 γὰρ

1941 1489 2052 1542 nino
2075 1505 2265 1543 verum
2294 1506 2417 1545 esse
2455 1492 2603 1561 quod
2626 1493 2739 1547 dixi
2778 1513 2790 1547 :
2837 1496 3086 1552 velamen
3115 1501 3264 1555 enim
3318 1518 3490 1572 pone-

246 1603 405 1658 ἐτίθει
448 1601 657 1671 Μωσῆς
690 1598 781 1651 ἐπὶ
820 1596 883 1650 τὸ
925 1595 1218 1666 πρόσωπον
1266 1592 1464 1654 αὐτοῦ,
1499 1589 1586 1642 διὰ
1626 1587 1689 1642 τὸ
1745 1587 1821 1656 μὴ

243 1694 497 1749 δύνασθαι
523 1693 649 1754 τοὺς
676 1689 828 1753 υἱοὺς
869 1686 1087 1759 Ἰσραὴλ
1127 1683 1393 1749 ἀτενίξειν
1434 1683 1511 1745 εἰς
1551 1681 1613 1733 τὸ
1657 1678 1824 1749 πρόσ-

247 1805 386 1840 ωπον
414 1784 602 1846 αὐτοῦ,
631 1781 770 1836 κατὰ
794 1780 856 1833 τὸ
885 1776 1290 1849 γεγραμμένον.

315 1876 525 1929 ΠΑΛΛ.
566 1875 676 1927 Καὶ
703 1872 756 1924 τί
787 1871 853 1940 δὴ
886 1868 1044 1922 τοῦτο
1068 1867 1370 1939 παραδηλοῖ
1395 1884 1408 1930 ;

308 2049 474 2104 ΚΥΡ.
536 2049 670 2110 Ταῖς
713 2047 822 2116 γὰρ
865 2044 1132 2098 Ἰουδαίων
1183 2041 1442 2104 διανοίαις
1489 2039 1821 2110 παχυτέραις

251 2141 425 2205 οὔσαις
455 2140 541 2191 ἔτι
573 2139 728 2192 οἰστά
755 2137 852 2208 μέν
881 2153 998 2198 πως
1026 2131 1096 2206 ἦν
1125 2133 1195 2186 τὰ
1225 2133 1475 2201 ὲξωφανῆ
1509 2130 1601 2184 τοῦ
1634 2131 1820 2200 νόμου,

252 2233 387 2301 φημὶ
438 2231 498 2285 δὲ
528 2230 594 2300 δὴ
636 2228 798 2282 πάλιν
847 2228 915 2280 τά
971 2227 1061 2280 διὰ
1121 2225 1284 2296 μόνου
1333 2223 1425 2278 τοῦ
1476 2223 1821 2294 γράμματος,

253 2325 498 2394 ἀφόρητα
540 2322 598 2373 δὲ
641 2321 736 2374 καὶ
771 2317 1093 2389 ἀπρόὸλητα
1145 2316 1444 2379 παντελῶς,
1489 2317 1559 2367 τὰ
1599 2314 1706 2366 ἔσω
1735 2329 1825 2365 κε-

248 2409 562 2484 κρυμμένα,
593 2411 687 2462 καὶ
730 2410 797 2462 ἶν’
839 2407 1013 2470 οὕτως
1055 2407 1297 2476 εἴπωμεν
1322 2405 1383 2458 τὸ
1403 2403 1511 2458 τῶν
1540 2405 1825 2473 νοημάτων

248 2504 542 2573 πρόσωπον
585 2499 806 2570 ἀληθές.
847 2498 1136 2569 Τοιγάρτοι
1175 2496 1268 2550 καὶ
1312 2497 1340 2549 ό
1380 2494 1665 2556 θεσπέσιος
1695 2495 1825 2565 ἡμῖν

247 2595 449 2664 γράφει
475 2591 686 2655 Παῦλος
709 2609 722 2622 ο
754 2611 773 2643 ι
804 2592 968 2661 ’Δχρι
995 2589 1104 2661 γὰρ
1129 2589 1226 2660 τῆς
1262 2589 1501 2658 σήμερον
1528 2585 1739 2656 ἡμέρας
1766 2584 1827 2637 τὸ

248 2687 380 2742 αὐτὸ
403 2684 669 2755 κάλυμμα
697 2684 790 2737 ἐπὶ
806 2684 873 2753 τῇ
904 2680 1208 2750 ἀναγνώσει
1238 2678 1339 2749 τῆς
1364 2677 1606 2740 Παλαιᾶς
1632 2676 1828 2747 Διαθή-

251 2799 353 2853 κης
390 2782 542 2851 μένει
578 2779 651 2850 μὴ
681 2776 1217 2847 ἀνακαλυπτόμενον,
1244 2776 1326 2829 ὅτι
1354 2776 1412 2827 ἐν
1439 2772 1659 2844 Χριστῷ
1692 2789 1824 2825 κατ-

250 2873 526 2939 αργεῖται.
565 2869 703 2922 Ἀλλ’
737 2868 842 2931 ἓως
870 2869 1146 2938 σήμερον,
1190 2865 1350 2936 ἡνίκα
1389 2863 1828 2934 ἀναγινώσκηται

252 2962 486 3030 Μωσῆς,
528 2960 792 3031 κάλυμμα
836 2959 930 3012 ἐπὶ
976 2958 1075 3028 τὴν
1103 2957 1328 3028 καρδίαν
1355 2956 1534 3010 αὐτῶν
1565 2957 1760 3010 κεῖται.
1803 2973 1822 3005 ›

1921 1581 2019 1635 bat
2046 1581 2257 1652 Moyses
2287 1598 2453 1653 super
2493 1583 2686 1638 faciem
2729 1601 2906 1651 suam,
2948 1603 3015 1643 eo
3045 1591 3193 1660 quod
3225 1608 3332 1647 non
3363 1610 3490 1663 pos-

1923 1682 2046 1726 sent
2084 1672 2181 1726 ﬁlii
2223 1673 2391 1728 Israel
2431 1675 2716 1731 intendere
2775 1679 2830 1731 in
2861 1677 3056 1735 faciem
3092 1682 3284 1752 ipsius,
3352 1685 3495 1741 sicut

1851 1753 1894 1806 Β
1923 1765 2188 1833 scriptum
2221 1774 2307 1819 est
2346 1768 2408 1818 ⁸⁵.

1993 1855 2188 1908 PALL.
2226 1856 2436 1926 Ecquid
2468 1857 2600 1912 illud
2643 1867 2726 1912 est
2767 1860 2914 1929 quod
2961 1861 3066 1918 hoc
3100 1863 3245 1920 facto
3290 1866 3495 1938 signiﬁ-

1925 1947 2121 2002 catur?

1991 2037 2148 2093 (ΠΒ.
2179 2039 2494 2096 Iudaeorum
2518 2025 2755 2113 namque
2777 2055 2992 2100 mentes
3025 2062 3150 2101 cum
3184 2049 3499 2104 hebetiores

1925 2129 2106 2184 adhuc
2137 2139 2342 2194 essent,
2384 2133 2657 2188 exteriore
2690 2135 2826 2204 legis
2868 2137 3053 2205 aliquo
3081 2138 3243 2192 modo
3296 2139 3498 2194 tolera-

1927 2218 2058 2273 bilia
2083 2219 2436 2289 judicabant;
2469 2237 2554 2286 ea,
2589 2222 2841 2292 inquam,
2886 2241 3009 2294 quae
3030 2241 3130 2296 per
3149 2227 3319 2282 solam
3349 2229 3498 2283 litte-

1929 2325 2045 2365 ram
2073 2310 2552 2380 signiﬁcabantur;
2581 2313 2773 2368 iisdem
2813 2328 2935 2369 vero
2957 2330 3068 2370 non
3091 2315 3315 2372 ferenda
3334 2328 3390 2373 et
3409 2318 3502 2373 abi

1923 2398 2164 2468 jicienda
2188 2400 2414 2454 omnino
2435 2401 2787 2465 videbantur,
2817 2418 2938 2471 quae
2966 2403 3200 2460 interius
3235 2407 3500 2470 latebant,

1927 2500 2112 2561 atque,
2138 2491 2292 2546 utita
2318 2491 2517 2556 dicam,
2543 2492 2659 2562 ipsa
2678 2509 2940 2548 sensuum
2959 2511 3085 2550 vera
3101 2496 3288 2552 facies.
3317 2498 3504 2568 Itaque

1929 2583 2122 2638 beatus
2166 2599 2390 2653 quoque
2442 2584 2645 2638 Paulus
2684 2585 2912 2639 scribit:
2979 2605 2997 2636 ι
3029 2586 3168 2642 Nam
3220 2603 3396 2658 usque
3448 2589 3502 2643 in

1929 2675 2258 2730 hodiernum
2293 2676 2437 2730 diem
2473 2676 2527 2730 id
2557 2676 2736 2745 ipsum
2767 2677 3016 2733 velamen
3044 2679 3102 2733 in
3123 2679 3358 2735 lectione
3398 2681 3504 2736 Ve-

1931 2769 2062 2824 teris
2088 2769 2424 2824 Testamenti
2463 2779 2650 2825 manet
2694 2786 2804 2824 non
2857 2772 3196 2838 revelatum;
3244 2774 3504 2844 quoniam

1931 2862 1987 2915 in
2033 2859 2254 2917 Christo
2306 2873 2626 2920 evacuatur.
2684 2865 2792 2920 Sed
2840 2881 3016 2935 usque
3073 2866 3130 2920 in
3174 2867 3506 2923 hodiernum

1930 2953 2098 3019 diem,
2144 2970 2270 3008 cum
2315 2957 2515 3026 legitur
2563 2956 2794 3027 Moyses,
2846 2958 3096 3013 velamen
3145 2959 3384 3028 positum
3425 2970 3506 3016 est

163 3055 170 3066 ’
268 3055 409 3109 Ἀλλ’
437 3048 542 3107 ὧδε
575 3053 677 3122 μὲν
705 3051 862 3122 δὴτὰ
884 3051 993 3104 τῶν
1029 3050 1296 3105 Ἰουδαίων
1322 3049 1550 3104 ἑστάτω.
1584 3065 1604 3099 ι
1644 3048 1829 3118 Ἡμεῖς

1941 3060 2099 3116 super
2130 3062 2226 3102 cor
2247 3062 2442 3102 eorum
2475 3048 2570 3100 ".i
2600 3046 2708 3102 Sed
2737 3049 2814 3103 ita
2833 3049 3056 3118 quidem
3083 3049 3396 3105 Iudaeorum
3420 3067 3507 3106 res

257 3152 313 3206 δὲ
349 3148 415 3217 δὴ
469 3147 689 3209 πάντες,
724 3142 1228 3214 ἀνακεκαλυμμένῳ
1251 3140 1546 3213 προσώπῳ,
1585 3159 1605 3194 ι
1649 3141 1830 3211 φησὶν,

264 3259 282 3290 ε
322 3242 418 3309 τὴν
475 3239 632 3302 δόξαν
681 3236 886 3308 Κυρίου
943 3235 1454 3305 κατοπτριζόμενοι,
1520 3233 1620 3304 τὴν
1667 3233 1836 3302 αὐτὴν

259 3328 445 3384 εἰκόνα
478 3322 980 3396 μεταμορφούμεθα
1011 3323 1119 3377 ἀπὸ
1155 3323 1312 3392 δόξης
1351 3325 1430 3385 εἰς
1457 3320 1632 3387 δόξαν,
1668 3320 1838 3374 καθά-

259 3433 364 3487 περ
408 3417 519 3469 ἀπὸ
551 3414 758 3486 Κυρίου
790 3413 1130 3482 πνεύματος’
1161 3415 1190 3466 ὁ
1214 3413 1270 3466 δὲ
1296 3412 1501 3483 Κύριος
1527 3412 1590 3466 τὸ
1623 3410 1840 3481 πνεῦμά

257 3512 424 3562 ἐστιν.
469 3528 487 3559 ν
528 3509 738 3574 ’Ὠσπερ
768 3506 877 3578 γὰρ
904 3507 952 3559 οί
976 3507 1035 3560 ἐν
1065 3506 1315 3577 ἐσόπτρῳ
1345 3505 1630 3573 βλέποντες
1656 3505 1838 3558 εἰκόνα

261 3603 354 3654 καὶ
385 3602 559 3654 τύπον
604 3599 697 3653 τοῦ
727 3599 981 3669 ἀληθοῦς,
1013 3600 1106 3654 καὶ
1131 3598 1231 3652 οῦκ
1261 3597 1394 3650 αὐτό
1422 3613 1523 3650 που
1552 3597 1614 3650 τδ
1642 3597 1839 3667 ἀληθὲς

261 3693 724 3763 ὲγκαταθρήσειαν
744 3691 809 3746 ἂν
828 3735 840 3756 ,
872 3692 1014 3746 κατὰ
1039 3692 1131 3745 τὸν
1157 3691 1318 3743 αὑτὸν
1353 3687 1511 3760 οἶμαι
1542 3690 1765 3760 τρόπον,
1791 3690 1839 3742 οἰ

263 3786 358 3855 τῆς
370 3786 434 3837 ἐν
453 3786 498 3836 Χ
507 3769 678 3854 ριστῷ
704 3784 974 3848 πολιτείας
995 3783 1055 3836 τὸ
1069 3782 1261 3846 κάλλος
1281 3779 1673 3853 ἐπιθυμοῦντες
1690 3780 1836 3844 ἰδεῖν,

267 3874 520 3945 καθάπερ
550 3873 801 3944 ἐσόπτρῳ
826 3872 904 3943 τῷ
939 3873 1089 3944 νόμῳ
1130 3870 1405 3944 χρώμενοι
1435 3869 1841 3942 κατορθώσειαν

269 3966 334 4019 ἂν
373 3967 450 4029 ὼς
498 3967 697 4036 ἄριστα
737 3965 798 4018 τὸ
839 3964 1202 4034 ποθούμενον.
1238 3963 1350 4031 Τὴν
1375 3963 1483 4033 γὰρ
1526 3962 1695 4034 αὐτὴν
1733 3962 1842 4016 τῶν

274 4057 621 4127 πραγμάτων
671 4055 857 4112 εἰκόνα
893 4055 1359 4125 μεταπλάττοντες
1425 4057 1505 4118 εἰς
1563 4054 1838 4125 ἀλήθειαν,

173 4187 176 4193 π
267 4149 502 4201 εἴσονται
550 4146 810 4218 καθαρῶς
871 4147 934 4200 τὸ
973 4149 1053 4200 ὃτι
1117 4147 1349 4217 μάλιστα
1394 4145 1583 4200 δοκοῦν
1631 4147 1725 4202 καὶ
1756 4148 1843 4200 εύ-

267 4237 498 4309 άρεστον
524 4238 605 4305 τῷ
632 4237 772 4308 Θεῷ.

333 4330 549 4384 ΠΑΛΛ.
583 4324 716 4382 Εἶτα
743 4328 827 4392 τίς
859 4329 924 4383 ἂν
957 4327 1167 4396 γένοιτο
1196 4329 1358 4399 τυχὸν
1396 4330 1422 4382 ὁ
1453 4327 1609 4394 λόγος
1645 4326 1738 4380 τοῦ
1767 4327 1842 4398 μὴ

1935 3153 1994 3193 se
2018 3138 2272 3193 habeant.
2295 3158 2313 3190 ι
2341 3139 2451 3194 Nos
2466 3154 2597 3194 vero
2617 3154 2809 3194 omnes
2827 3140 3062 3194 revelata
3082 3139 3240 3204 facie,
3263 3160 3280 3191 ι
3303 3141 3504 3211 induit,

1946 3245 1963 3276 ι
1991 3227 2220 3296 gloriam
2245 3228 2463 3282 Domini
2485 3228 2852 3297 speculantes,
2873 3227 2928 3280 in
2949 3227 3196 3282 eamdem
3216 3228 3506 3298 imaginem

1937 3315 2395 3370 transformamur
2421 3331 2453 3368 a
2482 3315 2731 3369 claritate
2759 3315 2814 3368 in
2835 3313 3162 3377 claritatem,
3194 3322 3452 3384 tanquam
3477 3332 3507 3370 a

1938 3405 2154 3460 Domini
2181 3404 2422 3473 spiritu;
2475 3403 2743 3457 Dominus
2793 3411 2978 3458 autem
3020 3402 3249 3472 spiritus
3277 3415 3362 3460 est
3391 3407 3451 3459 ’⁷.
3485 3427 3502 3459 ι

1939 3495 2010 3551 Ut
2037 3495 2185 3550 enim
2207 3494 2305 3564 qui
2335 3493 2390 3549 in
2443 3493 2669 3564 specqu
2701 3494 3169 3564 contemplantur,
3217 3495 3509 3566 imaginem

1939 3597 1998 3642 et
2023 3585 2254 3655 ﬁguram
2289 3585 2370 3641 rei
2419 3601 2562 3642 vera:
2599 3585 2812 3652 vident,
2861 3602 2971 3641 non
3011 3586 3185 3656 ipsam
3230 3601 3387 3642 rem:
3431 3591 3512 3645 sic

1941 3677 2035 3746 qui
2066 3677 2392 3732 Christiana:
2434 3679 2870 3733 conversationis
2907 3678 3379 3748 pulchritudinem
3426 3684 3511 3738 vi-

1941 3766 2072 3822 dere
2107 3766 2444 3832 desiderant,
2477 3767 2522 3822 si
2545 3767 2666 3838 lege
2699 3775 2962 3839 tanquam
3008 3770 3232 3840 speculo
3262 3781 3512 3839 utantur,

1941 3857 2150 3925 optime
2214 3857 2360 3926 quod
2399 3857 2650 3927 cupiunt,
2704 3868 3088 3928 assequentur.
3135 3861 3311 3933 Ipsam
3368 3865 3513 3918 enim

1943 3964 2127 4003 rerum
2152 3948 2442 4018 imaginem
2471 3949 2539 4003 ad
2559 3950 2844 4005 veritatem
2875 3949 3280 4018 transferendo,
3306 3954 3515 4024 liquido

1943 4038 2277 4108 perspicient
2309 4039 2442 4108 quid
2481 4039 2591 4095 Deo
2626 4050 2912 4110 acceptum
2941 4042 2996 4095 in
3044 4042 3240 4112 primis
3271 4055 3514 4115 gratum-

1945 4146 2050 4200 que
2077 4132 2169 4186 sit.

2016 4327 2216 4382 PALL.
2254 4327 2361 4382 Sed
2389 4343 2510 4397 quae
2551 4327 2693 4382 ratio
2719 4328 2904 4383 afferri
2943 4339 3146 4401 potest,
3175 4348 3273 4388 cur
3307 4349 3418 4388 non
3448 4337 3516 4390 ab

269 4421 325 4475 ἐν
354 4422 553 4492 ἀρχαῖς
593 4424 704 4485 τοῖς
751 4421 941 4485 πάλαι,
979 4421 1042 4475 τὸ
1080 4421 1198 4474 νέον
1235 4438 1294 4474 τε
1344 4421 1440 4474 καὶ
1479 4419 1829 4488 Εύαγγελικὸι

1948 4414 2106 4470 initio
2132 4416 2413 4471 veteribus
2450 4415 2558 4470 illis
2595 4431 2735 4471 nova
2769 4425 2825 4471 et
2869 4419 3181 4490 evangeliea
3224 4422 3311 4477 lex
3354 4422 3516 4479 dare-

269 4511 513 4565 δεδόσθαι
544 4511 958 4583 χρησμώδημαο
997 4511 1203 4574 τύπους
1247 4510 1303 4564 δὲ
1337 4511 1533 4580 μᾶλλον
1573 4511 1848 4581 νενομοθε-

268 4601 467 4671 τῆσθαι
501 4604 597 4655 καὶ
627 4603 785 4666 σκιάς
809 4621 826 4669 ;
1691 4595 1697 4600 ’

338 4691 504 4747 ΚΥΡ.
536 4693 610 4746 Τὸ
639 4693 737 4762 μὲν
766 4692 991 4762 ἅκριῦὲς
1011 4694 1114 4762 τῆς
1136 4694 1469 4764 οἰκονομίας,
1506 4695 1598 4748 καὶ
1618 4695 1764 4757 ὅπως
1781 4693 1845 4747 ἂν

272 4785 384 4854 ἔχοι
409 4787 591 4849 ταυτὶ,
611 4786 754 4842 κατά
781 4803 844 4853 γε
872 4786 933 4839 τὸ
955 4785 1336 4857 ἀληθέστερον,
1375 4787 1661 4841 ἀναθετέον
1693 4788 1845 4840 εὐσε-

270 4877 384 4941 ϐῶς
418 4877 497 4947 τῷ
523 4879 700 4940 πάντα
723 4877 886 4932 εἰδότι
914 4877 1056 4949 Θεῷ.
1082 4879 1344 4950 Λογισμοὶ
1372 4879 1429 4932 δὲ
1457 4880 1605 4950 ἡμᾶς
1630 4879 1845 4932 ἐννοιῶν

269 4967 492 5034 ἀγαθῶν
516 4967 766 5037 ἀμοιρεῖν
805 4968 906 5020 ούκ
954 4968 1177 5031 είδότες,
1218 4967 1554 5039 ἀποφέρουσι
1587 4985 1701 5032 πως
1744 4969 1846 5022 κᾶν

273 5057 401 5124 γοῦν
439 5059 521 5121 είς
557 5057 786 5128 μετρίαν
831 5058 1054 5128 εἴδησιν,
1091 5059 1124 5130 ἢ
1157 5058 1250 5111 καὶ
1290 5057 1429 5127 τάχα
1476 5074 1576 5110 που
1622 5058 1758 5127 πρὸς
1788 5058 1847 5110 τὸ

1948 4514 2059 4571 tur,
2107 4505 2292 4577 ﬁgura:
2310 4521 2445 4562 vero
2468 4505 2653 4576 potius
2667 4515 2831 4576 atque
2861 4508 2912 4578 7
2930 4508 3140 4564 umbrae
3164 4509 3517 4568 institueren-

1897 4600 2080 4662 _tur?

2015 4690 2174 4745 CYR.
2211 4691 2538 4744 Accuratam
2572 4704 2869 4762 veramque
2898 4694 3062 4764 hujus
3089 4694 3518 4763 dispensationis

1943 4782 2210 4837 rationem
2227 4781 2314 4852 pie
2331 4797 2396 4837 ac
2412 4793 2726 4841 reverenter
2741 4785 2836 4840 uni
2851 4786 2984 4852 Deo,
2999 4784 3087 4840 cui
3103 4786 3284 4839 omnia
3301 4786 3518 4856 cognita

1945 4875 2337 4945 explorataque
2368 4886 2521 4941 sunt,
2555 4877 2935 4947 relinquamus
2973 4883 3210 4945 oportet.
3253 4877 3514 4933 Rationes

1947 4976 2127 5020 tamen
2178 4982 2209 5020 a
2260 4966 2366 5037 piis
2424 4968 2850 5038 cogitationibus
2894 4983 3004 5021 non
3045 4967 3236 5022 alienae
3287 4968 3387 5026 nos
3445 4972 3512 5026 ad

1943 5060 2484 5130 quantulamcunque
2518 5062 2889 5132 cognitionem
2943 5060 3274 5130 perducunt,
3301 5073 3396 5118 aut
3448 5079 3516 5120 eo

271 5147 472 5200 εἰδέναι
503 5147 685 5201 δοκεῖν
717 5150 818 5218 τῆς
850 5148 1160 5219 οἰκονομίας
1196 5149 1292 5218 τὴν
1331 5149 1627 5218 πρόφασιν.
1662 5151 1829 5219 Φαμὲι

1948 5166 2124 5221 usque
2169 5161 2354 5216 certe,
2392 5161 2453 5206 ut
2483 5153 2626 5207 scire
2661 5152 2951 5206 videamur
2997 5167 3120 5222 quae
3159 5153 3326 5209 fuerit
3353 5156 3517 5226 hujus

268 5234 382 5302 οὖν,
427 5239 511 5292 ὅτι
546 5240 1077 5310 παιδαγωγίας-ἔδει
1112 5239 1334 5310 πολλῆς,
1388 5241 1482 5292 καὶ
1537 5241 1829 5312 ἀνατροφῆς

1951 5242 2167 5297 consilii
2202 5242 2648 5298 causa.Dicimus
2672 5241 2859 5314 igitur,
2891 5258 2956 5299 ex
2986 5243 3217 5316 Egypto
3268 5245 3515 5300 liberatis

265 5329 467 5399 τρόπον
491 5330 618 5383 τινὰ
659 5331 1087 5402 νηπιοπρεποῦς,
1119 5333 1231 5393 τοῖς
1273 5331 1332 5395 ἐξ
1375 5332 1650 5399 Αἰγύπτου
1689 5333 1829 5387 λελυ-

1951 5331 2237 5397 lsraelitis,
2269 5332 2544 5402 frequenti
2575 5332 2924 5388 institutione
2955 5334 3136 5405 longa,
3169 5346 3226 5390 et
3273 5349 3418 5399 esca,
3453 5345 3514 5390 ut

265 5423 589 5493 τρωμένοις.
637 5423 877 5492 Παχύνοι
907 5423 1016 5495 γὰρ
1046 5419 1185 5494 ἦσαν
1216 5422 1296 5476 ἔτι
1345 5423 1440 5476 καὶ
1469 5423 1829 5495 εύπαράφοροι

1951 5423 2025 5477 ita
2049 5420 2246 5488 dicam,
2282 5423 2479 5492 puerili
2523 5438 2661 5492 opus
2707 5423 2911 5491 fuisse;
2951 5427 3115 5480 rudes
3158 5425 3305 5480 enim
3333 5424 3513 5481 adhuc

265 5515 460 5585 κομιδῇ
495 5515 632 5586 πρρς
659 5515 770 5566 πᾶν
799 5515 976 5567 ὁτιοῦν
1009 5515 1115 5567 τῶν
1145 5514 1560 5584 ἀπηχεστάτων.
1598 5517 1829 5568 Δυσαπό

1948 5525 2125 5581 erant,
2157 5525 2211 5569 et
2251 5514 2317 5569 ad
2363 5515 2755 5570 absurdissima
2787 5533 3014 5588 quaeque
3058 5517 3349 5572 admodum
3383 5533 3512 5588 pru-

340 5693 378 5724 “
397 5693 567 5749 Exod.
617 5708 804 5756 xxxrv,
857 5693 1043 5747 33-55.

1125 5695 1165 5723 "
1219 5695 1262 5748 Il
1296 5693 1422 5749 Cor.
1488 5711 1560 5758 ιη,
1623 5694 1715 5760 Η,
1763 5695 1843 5749 15.
1927 5697 1966 5725 ¹⁷
2004 5696 2160 5762 ibid.,
2199 5696 2282 5761 18,
2320 5697 2403 5750 Π.
