3998 6304
493 323 595 380 145

1509 302 1562 356 S.
1604 297 1876 355 CYRILLI
1917 294 2382 349 ALEXANDRINI
2421 292 2737 348 ARCHIEP.

3625 291 3742 345 ‘1?“

494 443 678 497 clivos.
703 435 838 510 l_\"am
869 445 991 484 cum
1026 423 1205 480 carnis
1230 435 1414 475 amore
1457 418 1792 477 laborarent,
1823 422 1879 465 et
1926 427 2052 480 per—

2178 427 2356 464 νιπτον
2395 409 2449 463 δὲ
2483 407 2759 470 παντελῶς
2803 425 2899 476 την
2943 407 3305 478 φιλοσαρκίαν
3336 406 3738 477 ὴρῤωστηκόσι,

497 499 901 588 turbationibus
928 533 1110 574 essent
1145 510 1360 576 irretiti,
1393 523 1513 578 quae
1547 505 1837 560 dilliculter
1861 499 1972 554 elui
2005 506 2059 552 et

493 619 780 691 exstirpari
821 619 1064 685 possent,
1121 602 1454 675 impossibile
1496 595 1891 670 propemodum
1922 601 2056 654 erat,

496 681 828 779 minimeque
859 708 1194 775 promptum,
1231 694 1416 749 statim
1453 691 1523 745 ad
1567 700 1837 744 summam
1881 681 2061 752 perfe-

493 811 730 864 ctionem
756 799 986 856 evadere
1018 793 1272 857 velle,-ac
1302 787 1428 842 vitae
1457 781 1729 836 rationem
1781 773 2060 843 suscipere

474 900 629 954 adeo
656 896 924 949 illustrem
958 894 1014 940 et
1057 877 1456 939 admirandam,
1490 882 1570 938 ut,
1621 885 1746 926 cum
1796 868 1854 921 in
1900 861 2062 919 terris

495 989 860 1048 ambularent,
895 974 1363 1034 conversationem
1397 977 1578 1021 tamen
1594 964 1663 1017 in
1705 960 1862 1015 caelis
1889 955 2060 1010 habe-

498 1089 644 1146 rent,
677 1078 822 1134 sicut
849 1071 1118 1140 scriptum
1153 1071 1237 1118 est
1261 1063 1325 1112 ιδ.
1359 1059 1554 1114 Annon
1605 1054 1753 1110 enim
1787 1048 2060 1120 perfecto-

499 1191 616 1231 rum
643 1179 728 1227 est
754 1165 961 1223 solidus
987 1159 1164 1222 cibus,
1203 1156 1284 1208 lac
1338 1166 1469 1206 vero
1501 1147 1688 1219 pueris
1721 1144 1901 1200 adhuc
1943 1155 2061 1194 ma-

494 1267 577 1338 gis
608 1258 864 1320 convenit
897 1255 974 1306 ‘9?

564 1353 761 1413 PALL.
794 1349 1023 1405 Maxime
1046 1358 1194 1400 vero.

565 1445 719 1503 CYR.
769 1437 963 1496 Pueris
998 1435 1162 1504 igitur
1206 1426 1552 1484 institutione
1579 1435 1720 1492 Opus
1767 1425 1887 1474 erat
1942 1427 2063 1483 qua:

496 1537 684 1612 ﬁguris
735 1530 1130 1590 contineretur,
1158 1535 1232 1589 et,
1286 1530 1347 1576 ut
1376 1519 1451 1574 ita
1496 1517 1699 1579 dicam,
1743 1507 2063 1565 delicatiore

495 1598 641 1686 victu
665 1668 678 1693 ,
707 1641 818 1679 non
846 1638 913 1676 eo
952 1617 1225 1675 sermonis
1264 1626 1466 1684 genere
1495 1606 1641 1678 quod
1678 1603 1746 1658 ad
1772 1598 2064 1673 perfectio-

499 1739 622 1779 nem
657 1720 989 1778 institueret,
1025 1721 1080 1766 et
1105 1707 1516 1764 ad-absolutum
1543 1697 1790 1755 numeris
1809 1692 2065 1748 omnibus

2163 504 2259 556 καὶ
2303 501 2716 570 δυσδιαφύκτοις
2777 497 3005 552 πάθεσιν
3057 497 3604 572 ἐγκατειλημμένοις,
3645 497 3744 549 ἁν-

2163 596 2380 663 έφικτόν
2414 612 2530 657 πως
2567 589 2636 666 ἦν
2679 593 2760 645 ἔτι
2804 593 2900 645 καὶ
2933 591 3031 661 οὐχ
3067 571 3301 662 -ἒτοιμον
3327 571 3465 643 ἑλεῖν
3493 589 3554 642 τὸ
3582 590 3744 652 εὐθὺς

2163 687 2536 758 ἀναθρώσκειν
2585 685 2842 739 δύνασθαι
2889 684 3027 755 πρὸς
3063 683 3124 737 τὸ
3173 684 3314 752 ἄγαν
3355 683 3614 748 ἀστεῖον,
3653 681 3744 745 ὡς

2163 781 2258 834 καὶ
2287 776 2432 849 ζωῆς
2459 795 2580 831 τινα
2610 779 2809 848 τρόπον
2843 775 3234 842 ἐπανελέσθαι,
3277 775 3437 845 τυχὸν
3480 774 3576 844 τῆς
3602 772 3744 826 οὕτω

2163 867 2422 942 λαμπρᾶς
2446 871 2540 924 καὶ
2565 867 2901 939 ὑπερφυοῦς,
2932 868 3009 931 ὡς
3041 869 3365 939 περιπατεῖν
3394 857 3491 936 μὲν
3521 865 3616 917 ἐπὶ
3641 863 3744 932 τῆς

2164 962 2291 1032 γῆς,
2341 961 2487 1032 ἔχειν
2538 961 2595 1014 δὲ
2645 961 2706 1012 τὺ
2754 960 3059 1030 πολίτευμα
3097 959 3155 1011 ὲν
3187 959 3455 1029 οὐρανοῖς,
3493 955 3637 1009 κατὰ
3683 954 3744 1006 τὸ

2161 1048 2654 1126 γεγραμμένον.Ἦ
2676 1052 2784 1121 γὰρ
2806 1051 2926 1122 οὐχὶ
2947 1049 3168 1104 τελείων
3191 1051 3289 1120 μὲν
3314 1048 3464 1101 ἐστιν
3483 1049 3516 1116 ἡ
3549 1047 3744 1117 στερεά

2163 1145 2357 1217 τροφὴ,
2388 1144 2530 1214 γάλα
2553 1145 2610 1197 δὲ
2645 1146 2759 1208 τοῖς
2784 1142 2862 1196 ἔτι
2905 1142 3121 1213 νηπίοις
3153 1141 3214 1193 τὸ
3250 1139 3741 1210 πρεπωδέστερον;

2224 1325 2441 1380 ·’ΠΑΛΛ.
2475 1324 2585 1380 Καὶ
2613 1325 2777 1395 μάλα.

2233 1418 2399 1472 ΚΥΡ.
2433 1417 2580 1469 Ἔδει
2612 1416 2790 1469 τοίνυν
2815 1413 3188 1482 παιδαγωγίας
3215 1411 3311 1481 μὲν
3327 1409 3428 1479 τῆς
3454 1411 3511 1461 ἐν
3529 1407 3739 1470 τύποις,

2166 1509 2244 1562 ἔτι
2294 1508 2526 1579 νηπίοις,
2559 1505 2654 1559 καὶ
2704 1505 2770 1558 ἵν’
2802 1503 2977 1567 οὕτως
3006 1501 3273 1572 εἴπωμεν,
3321 1498 3741 1570 τρυφερωτέρας

2166 1603 2499 1675 ἀνατροφῆς,
2533 1602 2654 1672 οὐχὶ
2682 1600 2778 1654 τοῦ
2830 1600 2970 1670 πρὸς
3018 1583 3330 1668 τελειότητα
3370 1593 3742 1654 διατάττοντος

2166 1697 2345 1766 λόγου,
2375 1695 2467 1748 καὶ
2490 1689 2850 1762 ἀποκομίζειν
2889 1689 3002 1742 οἴου
3025 1705 3085 1741 τε
3114 1686 3250 1758 πρὸς
3277 1686 3339 1739 τὸ
3367 1685 3568 1756 ἀρτίως
3595 1682 3738 1752 ἔχον.

498 1824 698 1871 statum
734 1809 1078 1882 perduceret.
1119 1804 1196 1856 lla
1231 1813 1361 1854 vero
1385 1798 1535 1851 leves
1555 1805 1618 1846 ac
1657 1788 1888 1859 stupidi,
1919 1794 1974 1840 ct
1992 1783 2059 1838 ad

2179 1761 2435 1856 Ἐλαςρροὶ
2467 1784 2523 1837 δὲ
2553 1783 2724 1846 οὕτως
2755 1783 2851 1836 καὶ
2879 1778 3329 1849 ὀλιγογνώμονες,
3357 1776 3450 1829 καὶ
3479 1774 3614 1846 πρὸς
3636 1775 3745 1827 πᾶν

498 1909 681 1963 omnia
712 1880 1183 1974 perturbationum
1211 1906 1408 1962 genera
1441 1887 1628 1943 faciles
1640 1880 2062 1953 deprehendun—

502 2013 588 2055 tur
620 1997 716 2051 ﬁlii
750 1991 938 2055 lsrael,
988 1995 1068 2052 ut,
1124 1984 1171 2040 si
1227 1982 1516 2052 diligenter
1549 1990 1741 2032 eorum
1783 1986 1966 2027 mores
2002 1985 2066 2024 ac

499 2087 678 2143 studia
705 2078 1136 2154 perpendantur,
1173 2086 1244 2126 ne
1276 2068 1470 2123 umbra
1501 2063 1723 2135 quidem
1764 2060 1880 2129 ipsa
1913 2055 2064 2126 digni

497 2152 857 2236 aestimentur.
883 2170 1050 2239 quue
1078 2166 1289 2235 Moyses
1333 2156 1610 2221 ostendit;
1662 2152 1776 2209 Deo
1828 2163 2065 2218 namque

497 2274 577 2328 sic
599 2264 972 2340 prazcipiente,
1035 2255 1285 2313 ascendit
1326 2253 1419 2307 ille
1473 2249 1529 2304 in
1576 2254 1839 2308 montem,
1892 2243 2065 2311 legem

499 2333 875 2432 suscepturus.
949 2354 1020 2409 At
1071 2351 1130 2406 hi
1181 2345 1367 2404 statim
1410 2344 1466 2397 in
1507 2339 1871 2396 defectionem
1931 2333 2067 2404 lapsi

501 2423 680 2518 sunt
705 2449 876 2505 vitulo
908 2455 1144 2512 namque
1184 2436 1442 2499 conﬂato,
1492 2431 1676 2486 dicere
1715 2427 1899 2482 miseri
1948 2423 2066 2479 ausi

2165 1878 2342 1934 ὁτιοῦν
2372 1875 2584 1929 εὔκολοι
2613 1875 2722 1928 τῶν
2754 1873 2964 1939 παθῶν,
3010 1871 3187 1924 ἁλοῖεν
3215 1868 3279 1923 ἂν
3303 1869 3352 1921 οί
3383 1867 3444 1932 ἐξ
3488 1865 3740 1936 Ἰσραήλ·

2165 1972 2241 2034 ὼς
2273 1969 2430 2041 εἴπερ
2460 1986 2543 2032 τις
2572 1969 2628 2021 ὲν
2655 1968 2835 2029 αὐτοῖς
2861 1965 3095 2037 ἀκριϐὴς
3123 1960 3189 2035 ἦν
3222 1962 3453 2033 βάσανος
3472 1958 3616 2029 ἠθῶν
3648 1959 3746 2011 καὶ

2157 2062 2606 2134 «ἐγχειρημάτων,
2645 2061 2769 2114 οὐδὲ
2821 2059 2887 2113 ἂν
2931 2053 3086 2129 οἴμαι
3121 2057 3279 2119 σκιᾶς
3331 2053 3577 2125 ὴξίωντο.
3635 2051 3744 2128 καὶ

2165 2158 2324 2212 τοῦτο
2365 2157 2598 2226 δέδειχεν
2629 2155 2658 2207 6
2689 2153 2916 2222 Μωσῆς.
2958 2149 3094 2204 Θεοῦ
3135 2147 3243 2218 γὰρ
3289 2144 3741 2216 προστάττοντος,

2161 2250 2390 2321 -ἅνέθορε
2425 2247 2523 2319 μὲν
2553 2247 2634 2313 είς
2659 2245 2873 2315 τὸ-δρος
2910 2242 3089 2305 αὐτὸς,
3114 2240 3204 2291 τὸν
3233 2239 3394 2307 νόμον
3425 2233 3746 2304 ὑποδεξόμε-

2168 2358 2278 2406 νος.
2320 2339 2463 2393 Οίδὲ
2516 2339 2860 2408 παραχρῆμα
2900 2330 3241 2386 ςκατὼλισθον
3293 2329 3372 2390 είς
3421 2327 3744 2381 ἀπόστασιν.

2165 2432 2693 2503 Μεμοσχοποιήκασι
2722 2428 2848 2496 γὰρ,
2878 2424 3045 2493 φάναι
3068 2440 3127 2475 τε
3151 2423 3198 2474 οἱ
3224 2420 3450 2474 δείλαιοι
3479 2417 3748 2487 τετολμή-

501 2551 628 2599 sunt
647 2511 670 2594 ι’
707 2539 814 2593 «Hi
857 2542 987 2591 sunt
1031 2511 1109 2586 dii
1160 2529 1264 2593 tui,
1297 2524 1487 2588 Israel,
1525 2520 1620 2592 qui
1677 2529 1730 2574 te
1759 2518 2070 2573 eduxerunt

2178 2544 2328 2581 κασιν
2353 2543 2366 2556 ·
2407 2543 2426 2576 ι
2467 2518 2624 2578 υῦτοι
2659 2523 2706 2574 οἱ
2753 2520 2863 2574 θεοί
2899 2537 3013 2582 σου,
3051 2514 3289 2588 Ἰσραὴλ,
3322 2513 3517 2573 οἵτινες
3546 2511 3744 2580 ἀνήγα-

500 2649 569 2688 ex
625 2640 773 2685 terra
817 2624 1036 2695 (Egypti
1065 2622 1133 2674 ²⁰.
1165 2638 1182 2670 ι
1212 2615 1478 2683 Quocirca
1539 2619 1743 2666 tantam
1793 2608 2067 2662 levitatem

2178 2620 2264 2688 γόν
2299 2636 2358 2670 σε
2397 2619 2460 2670 ὲκ
2488 2617 2592 2686 γῆς
2617 2613 2913 2682 Αἰγύπτου.
2935 2627 2966 2662 ιι
3016 2609 3143 2662 Ἐπὶ
3179 2603 3274 2660 οὖν
3306 2606 3426 2666 ταῖς
3461 2601 3603 2654 οὕτω
3641 2600 3749 2652 δει-

501 2725 716 2794 Moyses
739 2717 963 2788 indigne
1004 2713 1190 2768 ferens
1211 2750 1226 2774 ,
1256 2705 1469 2763 tabulas
1497 2701 1765 2772 confregit
1788 2701 1843 2754 in
1869 2697 2070 2768 quibus

2178 2714 2288 2774 ναῖς
2314 2709 2600 2779 ὲλαφρίαις
2628 2705 2914 2776 ἐδυσφόρει
2952 2702 3051 2774 μὲν
3084 2702 3112 2753 6
3138 2699 3364 2767 Μωσῆς,
3396 2695 3745 2765 κατερῤήγνυ

501 2783 729 2872 ιθίθινλι
756 2783 1071 2876 descripta;
1109 2818 1221 2856 non
1250 2802 1362 2870 jam
1395 2797 1587 2851 umbra
1606 2792 1831 2863 quidem
1876 2799 1973 2844 aut
2001 2789 2065 2843 ﬁ-

2178 2805 2225 2858 5ὲ
2253 2803 2354 2866 τὰς
2381 2801 2614 2864 πλάκας,
2664 2802 2722 2852 ὲν
2753 2792 2840 2861 αἷς
2870 2792 2938 2867 ῆν
2970 2795 2998 2846 ὁ
3033 2793 3217 2861 νόμος,
3255 2789 3376 2842 οὐδὲ
3407 2788 3563 2848 σκιᾶς
3589 2785 3622 2855 ἢ
3653 2783 3748 2835 τύ-

504 2907 676 2979 guris,
710 2901 806 2958 sed
839 2915 906 2954 ne
935 2872 1047 2950 ulla
1073 2893 1296 2964 quidem
1337 2887 1593 2943 doctrina
1635 2883 1847 2939 ccelesti
1875 2883 2071 2952 dignos

2178 2909 2312 2955 πων,
2337 2890 2371 2961 ἢ
2400 2888 2501 2942 κᾶν
2523 2885 2652 2956 γοῦν
2669 2886 2806 2948 ὅλως
2826 2881 3204 2950 παιδαγωγίας
3219 2877 3317 2947 τῆς
3340 2875 3545 2930 ἀνωθεν
3563 2872 3749 2936 ἀξίους

504 2977 602 3054 eos
639 3008 891 3056 censeas,
920 2989 1015 3058 qui
1039 3002 1104 3040 eo
1129 2981 1380 3052 stuporis
1424 2977 1733 3041 venissent,
1791 2983 1852 3029 ut
1889 2980 2068 3028 tanto-

509 3104 628 3143 rum
660 3084 818 3140 obliti
872 3078 1288 3137 miraculorum,
1320 3085 1441 3141 quae
1481 3069 1663 3123 divina
1716 3067 1769 3120 vi
1825 3065 2068 3135 ipsorum

507 3194 668 3236 causa
703 3184 852 3247 gesta
869 3177 1046 3234 erant,
1067 3167 1239 3222 vitulo
1277 3160 1469 3218 r'ursus
1515 3157 1924 3214 venerationem
1971 3155 2071 3210 de-

506 3272 734 3330 ferrent,
774 3275 830 3319 et
854 3261 1166 3333 [Egyptium
1204 3255 1361 3310 illum
1389 3251 1598 3306 cultum
1624 3247 1889 3302 memoria
1913 3260 2072 3314 repe-

507 3367 708 3418 terent.
736 3359 909 3412 Porro
927 3354 984 3408 in
1037 3349 1243 3406 tabulis
1279 3343 1514 3417 lapideis
1569 3340 1896 3396 adumbrata
1954 3345 2070 3390 tum

507 3460 626 3510 erat
655 3447 936 3506 veteribus
974 3445 1060 3498 lex
1091 3441 1190 3496 Dei
1235 3438 1428 3508 digito,
1464 3442 1526 3488 ut
1573 3427 1842 3501 scriptum
1882 3429 1941 3498 8
1969 3436 2070 3482 est.

510 3544 614 3600 Sed
635 3542 724 3597 illa
747 3539 920 3610 ﬁgura
947 3542 1103 3591 erant
1123 3534 1317 3587 eorum
1349 3542 1471 3597 quae
1493 3523 1637 3596 apud
1658 3537 1760 3576 nos
1775 3521 1829 3574 in
1857 3517 2076 3575 Christo

509 3632 747 3706 perfecta
763 3608 882 3684 esse
896 3623 1198 3680 creduntur
1220 3636 1236 3672 :
1261 3615 1527 3672 describit
1549 3613 1697 3668 enim
1723 3608 2076 3680 quodammo-

510 3699 581 3778 do
605 3723 660 3774 in
680 3717 840 3773 nobis
857 3712 1158 3769 voluntatis
1183 3723 1296 3764 sua:
1321 3704 1691 3776 cognitionem
1714 3701 1807 3755 ille
1830 3699 2076 3756 omnium

508 3811 775 3868 Dominus
804 3808 972 3869 Deus,
1011 3811 1267 3870 tanquam
1283 3796 1498 3853 calamo
1523 3802 1684 3848 utens
1709 3805 1808 3845 suo
1837 3789 1975 3844 Filio
2022 3788 2078 3842 in

511 3902 742 3974 Spiritu.
776 3898 869 3953 Sic
905 3895 1054 3951 enim
1092 3893 1275 3963 ipsum
1303 3885 1600 3959 appellavit
1631 3900 1729 3955 per
1775 3882 1952 3938 David
1996 3882 2080 3938 di-

511 4005 682 4048 cens:
723 4008 741 4039 (
763 3987 974 4056 Lingua
1000 3997 1121 4038 mea
1152 3980 1397 4036 calamus
1421 3976 1618 4032 scriba:
1655 3975 1918 4031 velociter
1935 3974 2077 4029 scri-

512 4081 696 4141 bentis
728 4082 795 4133 ¹¹.
828 4099 846 4130 ι
883 4074 1172 4145 Inscripsit
1216 4070 1366 4128 enim
1428 4069 1485 4123 in
1517 4066 1766 4123 omnium
1814 4065 2078 4122 cordibus

515 4177 608 4231 ille
633 4175 876 4229 calamus
905 4168 1103 4232 Patris,
1131 4165 1184 4221 id
1211 4173 1297 4219 est
1348 4161 1538 4225 Filius,
1591 4159 1770 4215 omnis
1797 4159 1927 4213 boni
1981 4173 2076 4214 co-

515 4266 836 4338 gnitionem,
866 4259 1021 4331 quasi
1051 4257 1220 4327 digito
1243 4253 1480 4324 quodam
1507 4252 1625 4317 Dei,
1666 4249 1872 4320 Spiritu
1903 4249 2078 4304 Patris

514 4373 579 4414 ac
603 4371 704 4412 suo
733 4368 884 4408 usus.
912 4349 1152 4421 Digitum
1179 4359 1414 4415 namque
1431 4346 1644 4403 vocavit
1669 4346 1936 4416 Spiritum
1959 4342 2075 4406 Dei,

2173 2977 2311 3035 εἶναι
2340 2958 2566 3049 νομίσας
2599 2977 2725 3039 τοὺς
2752 2968 2833 3038 οἷς
2881 2990 2945 3044 γε
2973 2970 3226 3025 τοσοῦτον
3253 2967 3600 3035 ἀπόπληκτος
3624 2958 3692 3033 ἦν
3721 2965 3750 3014 ό

2175 3072 2320 3136 νοῦς,
2355 3071 2430 3133 ὡς
2457 3067 2842 3140 ἀμνημονῆσαι
2891 3065 2990 3134 μὲν
3023 3063 3131 3116 τῶν
3171 3060 3313 3114 οὕτω
3362 3054 3752 3127 τεθαυμασμέ-

2177 3182 2304 3231 νων,
2337 3161 2480 3217 ἃδιά
2501 3161 2598 3231 τῆς
2623 3159 2773 3221 θείας
2793 3156 2975 3227 ἰσχύος
3008 3155 3149 3225 ὑπὲρ
3170 3151 3349 3205 αὐτῶν
3371 3149 3749 3219 ἐξεπράττετο,

2182 3257 2374 3326 μόσχῳ
2420 3254 2489 3307 δὲ
2530 3251 2592 3306 τὸ
2657 3251 2823 3313 σέϐας
2864 3246 3141 3302 ἀναθεῖναι
3187 3243 3368 3309 πάλιν,
3405 3241 3500 3294 καὶ
3539 3237 3639 3307 τῆς
3694 3238 3754 3289 ἐν

2177 3347 2437 3416 Αἰγύπτῳ
2489 3343 2744 3414 λατρείας
2783 3340 2956 3394 ἐλθεῖν
3011 3341 3068 3402 ές
3117 3337 3443 3407 ἀνάμνησιν.
3505 3331 3642 3384 Ἀλλ’
3694 3331 3754 3382 ὲν

2179 3438 2343 3502 πλαξὶ
2373 3437 2470 3507 μὲν
2497 3435 2727 3498 λιθίναις
2751 3432 3168 3502 ὲσκιογραφεϊτο
3187 3428 3307 3483 τότε
3326 3429 3447 3490 τοῖς
3469 3421 3756 3496 ἀρχαιοτέι

2182 3547 2296 3600 ροις
2327 3529 2355 3580 ὁ
2381 3529 2546 3598 νόμος
2575 3528 2634 3580 ὲν
2659 3524 2905 3594 δακτύλῳ
2937 3521 3094 3586 Θεοῦ,
3123 3520 3268 3575 καθά
3290 3519 3617 3588 γέγραπται.
3649 3513 3758 3566 Τύ-

2180 3637 2282 3684 πος
2305 3621 2362 3674 δὲ
2393 3615 2462 3691 ἦν
2491 3621 2674 3672 ἐκεῖνα
2706 3617 2814 3671 τῶν
2843 3615 2964 3669 καθ’
2998 3615 3149 3685 ἡμᾶς
3168 3614 3226 3666 ὲν
3255 3607 3474 3682 Χριστῷ
3505 3604 3759 3677 γενέσθαι

2181 3712 2651 3782 πεπιστευμένων.
2679 3707 3040 3779 Καταγράφει
3069 3706 3178 3777 γὰρ
3204 3705 3391 3773 ὥσπερ
3417 3701 3476 3755 ὲν
3496 3700 3626 3770 ἡμῖν
3652 3697 3758 3766 τῆς

2181 3805 2374 3858 ἑαυτοῦ
2405 3803 2600 3873 βουλῆς
2622 3801 2720 3870 τὴν
2751 3799 2956 3869 εἴδησιν
2986 3800 3013 3850 6
3040 3798 3256 3850 πάντων
3292 3793 3569 3861 Δεσπότης
3597 3790 3757 3852 Θεὸς,

2181 3897 2342 3952 οἱονεὶ
2365 3894 2596 3962 καλάμῳ
2624 3889 2904 3960 χρώμενος
2928 3887 3003 3957 τῷ
3023 3885 3148 3956 ςΥίῷ
3177 3887 3234 3937 έν
3269 3883 3566 3952 Πνεύματι.
3613 3881 3762 3934 Ὠνό-

2185 3987 2322 4059 μαζε
2378 3984 2487 4054 γὰρ
2537 3981 2710 4043 οὕτως
2749 3978 2911 4033 αὐτὸν
2957 3977 3043 4030 διὰ
3094 3975 3278 4039 Δαὸὶδ,
3334 3974 3532 4042 λέγων·
3598 3991 3619 4024 ί
3694 3975 3762 4026 Ἥ

2181 4075 2404 4146 γλῶσσά
2445 4089 2546 4143 μου
2615 4069 2860 4140 κάλαμος
2909 4063 3283 4139 γραμματέως
3334 4062 3673 4135 ὀξυγράφου.
3733 4081 3754 4113 ι

2194 4160 2515 4235 Ἐνεχάραξε
2543 4159 2648 4231 γὰρ
2677 4161 2801 4221 ταῖς
2821 4156 3072 4210 ἁπάντων
3101 4153 3348 4226 καρδίαις
3368 4155 3396 4206 6
3420 4151 3513 4205 τοῦ
3545 4150 3762 4220 [ἰατρὸς

2183 4259 2448 4328 κάλαμος.
2482 4253 2628 4308 τοῦτ’
2678 4252 2846 4314 ἔστιν,
2891 4251 2920 4302 6
2963 4248 3114 4314 Υἱὸς,
3151 4245 3249 4316 τὴν
3305 4244 3506 4307 παντὸς
3553 4242 3761 4313 εἴδησιν

2184 4344 2412 4416 ἀγαθοῦ,
2447 4342 2610 4396 οίονεί
2640 4359 2744 4396 τινι
2769 4339 3019 4409 δακτύλῳ
3040 4335 3196 4400 Θεοῦ,
3219 4334 3298 4405 τῷ
3321 4351 3381 4387 τε
3403 4333 3496 4386 τοῦ
3525 4331 3759 4402 Πατρὸς,

515 4462 662 4504 nunc
685 4445 908 4516 quidem
937 4443 1160 4497 dicens:
1199 4459 1217 4490 ι
1245 4439 1302 4494 Si
1341 4455 1441 4510 ego
1469 4440 1525 4494 in
1565 4439 1773 4510 Spiritu
1800 4437 1897 4493 Dei
1920 4435 2071 4507 ejicio

2185 4440 2280 4494 καὶ
2308 4437 2385 4508 τῷ
2411 4437 2526 4507 ἰδίῳ
2551 4434 2834 4507 χρώμενος
2866 4430 3166 4500 Πνεῦματι.
3195 4425 3464 4480 Δάκτυλον
3489 4423 3595 4494 γὰρ
3621 4423 3762 4475 ὠνό-

514 4539 783 4596 dzemonia
821 4538 898 4602 ἰς
929 4554 948 4585 ι
1007 4548 1155 4588 nunc
1190 4547 1322 4588 vero
1346 4551 1419 4587 :.«
1450 4531 1507 4587 Si
1552 4540 1734 4586 autem
1763 4544 1864 4601 ego
1891 4529 1950 4582 in
1998 4528 2083 4582 di-

515 4633 627 4704 gito
649 4630 746 4684 Dei
798 4627 961 4698 cjicio
1016 4626 1283 4680 daemonia
1311 4625 1417 4678 “.3
1461 4624 1759 4694 Epistulam
1809 4637 1939 4676 vero
1984 4636 2086 4675 nos

515 4721 855 4796 spiritualem
910 4719 1078 4774 etiam
1105 4719 1310 4774 Paulus
1359 4717 1679 4789 appellavit,
1733 4731 1859 4771 cum
1909 4714 2081 4770 dixit:

524 4835 542 4866 ι
579 4814 819 4886 Epistula
859 4819 1046 4866 nostra
1087 4827 1184 4866 vos
1231 4810 1366 4866 estis
1417 4809 1679 4880 inscripta
1719 4809 1776 4863 in
1828 4807 2089 4863 cordibus

515 4906 741 4970 nostris,
767 4919 889 4974 quae
921 4903 1094 4959 scitur
1114 4911 1171 4960 et
1213 4903 1418 4973 legitur
1448 4901 1526 4955 .ab
1559 4899 1818 4955 omnibus
1845 4899 2087 4954 homini-

517 4998 644 5062 bus,
671 4993 1005 5049 manifestati
1043 4992 1188 5064 quod
1215 4991 1447 5061 epistola
1489 4991 1623 5044 estis
1660 4988 1888 5051 Christi,
1923 4987 2087 5041 mini-

517 5097 688 5143 strata
719 5103 748 5141 a
785 5086 967 5152 nobis,
1003 5094 1060 5140 et
1093 5084 1300 5153 scripta
1338 5096 1447 5136 non
1483 5087 1810 5142 atramento,
1833 5078 1927 5132 sed
1964 5078 2087 5148 Spi-

519 5178 630 5233 ritu
659 5178 756 5234 Dei
804 5177 1073 5242 viventis;
1104 5190 1215 5230 non
1248 5174 1304 5228 in
1342 5172 1542 5226 tabulis
1591 5169 1845 5238 lapideis,
1894 5169 1990 5224 sed
2035 5170 2089 5223 in

521 5268 724 5337 tabulis
757 5270 938 5325 cordis
965 5265 1278 5322 carnalibus
1305 5264 1369 5313 ".
1397 5281 1415 5313 ι

522 5601 527 5606 ι
591 5536 796 5592 PALL.
829 5533 1097 5602 Equidem
1157 5530 1450 5597 assentior,
1493 5531 1696 5604 ﬁguras
1749 5550 1870 5589 esse
1926 5549 2088 5608 atque

591 5624 635 5689 εἰ
659 5654 894 5724 Philipp.
924 5652 1112 5714 "1,20.
1194 5655 1236 5724 ιγ
1265 5653 1430 5708 Hebr.
1467 5673 1519 5722 v,
1542 5655 1728 5712 12-14.

521 5743 594 5783 ιι,
635 5723 725 5780 20.
804 5725 850 5755 ³⁵
886 5724 930 5780 ll
959 5724 1083 5778 Cor.
1109 5740 1186 5788 Ill,
1210 5723 1263 5788 2,
1292 5725 1342 5776 5.

2187 4547 2325 4604 μασε
2357 4530 2416 4582 τὸ
2443 4527 2671 4597 Πνεῦμα
2688 4523 2846 4590 Θεοῦ,
2874 4523 3067 4590 λέγων,
3092 4519 3228 4572 ποτὲ
3265 4517 3394 4588 μὲν,
3429 4535 3448 4568 ι
3486 4516 3546 4568 El
3573 4514 3628 4568 δὲ
3649 4513 3764 4582 ἐγὼ

2182 4603 2240 4676 ὲν
2271 4611 2554 4691 Πνεύματι
2587 4614 2724 4671 Θεοῦ
2753 4613 3000 4670 ἐκϐάλλω
3029 4611 3100 4665 τὰ
3136 4609 3418 4681 δαιμόνια·
3474 4626 3493 4660 ι
3534 4604 3664 4659 ποτὲ
3702 4603 3766 4658 δὲ

2184 4710 2276 4778 αὗ,
2311 4732 2330 4764 ι
2362 4714 2425 4766 Εἰ
2449 4712 2578 4766 δὲέν
2613 4706 2864 4777 δακτύλῳ
2891 4704 3030 4759 Θεοῦ
3054 4701 3302 4757 ἐκϐάλλω
3327 4700 3396 4753 τὰ
3425 4697 3696 4767 δαιμόνια.
3740 4713 3761 4747 ι

2197 4803 2515 4872 Ἐπιστολὴν
2548 4801 2606 4854 δὲ
2639 4801 2787 4872 ἡμᾶς
2821 4797 2921 4869 τὴν
2961 4793 3336 4866 πνευματικὴν
3363 4790 3457 4845 καὶ
3487 4791 3515 4842 ό
3549 4785 3768 4850 Παῦλος

2185 4899 2393 4962 ἐκάλει,
2411 4897 2583 4965 λέγων
2603 4910 2616 4922 ·
2651 4913 2669 4946 ι
2713 4894 2779 4946 Ἠ
2808 4889 3068 4960 ἐπιστολὴ
3093 4887 3252 4959 ἡμῶν
3271 4887 3427 4957 ὑμεῖς
3456 4883 3576 4936 ὲστε
3606 4882 3770 4949 ὲγγε-

2186 4990 2482 5063 γραμμένη
2514 4992 2572 5040 ὲν
2606 4986 2729 5049 ταῖς
2763 4983 3014 5053 καρδίαις
3043 4980 3220 5051 ἡμῶν,
3254 4972 3630 5046 γινωσκομένη
3672 4974 3771 5026 καὶ

2187 5062 2670 5151 ἀναγινωσκομένη
2702 5076 2808 5129 ὑπὸ
2831 5075 3049 5128 πάντων
3080 5069 3401 5141 ἀνθρώπων,
3427 5062 3771 5148 φανερούμετ

2187 5191 2268 5227 νοι
2295 5139 2378 5226 δτι
2403 5139 2801 5237 ὲστὲέπιστολὴ
2818 5165 2952 5220 Θεοῦ
2969 5139 3352 5234 διακονηθεῖσα
3372 5157 3462 5226 ὑφ’
3480 5155 3659 5229 ἡμῶν,
3679 5139 3774 5223 ὲγξ

2194 5263 2580 5336 γεγραμμένη.
2597 5262 2657 5315 οὺ
2683 5258 2897 5332 μέλανι,
2923 5254 3061 5312 ἀλλά
3089 5245 3365 5325 Πνεῦματι
3387 5251 3520 5306 Θεοῦ
3544 5249 3773 5316 ζῶντος,

2193 5358 2295 5410 οὐκ
2318 5357 2376 5408 ἐν
2400 5354 2584 5420 πίναξι
2617 5351 2868 5416 λιθίναις,
2901 5347 3015 5403 ἀλλ’
3043 5349 3100 5400 ἐν
3131 5345 3293 5410 πλαξὶ
3333 5344 3560 5417 καρδίας
3583 5342 3771 5413 σαρκία

2199 5466 2336 5512 ναις.
2382 5467 2400 5498 ι

2271 5541 2475 5592 ΠΑΛΛ.
2522 5536 2660 5590 Ἀλλ’
2711 5536 2790 5589 ὅτι
2837 5534 2935 5604 μὲν
2974 5531 3134 5586 τύποι
3172 5530 3266 5583 καὶ
3314 5529 3468 5581 σκιαὶ
3515 5527 3584 5581 τά
3633 5527 3776 5580 κατὰ

1783 5661 1836 5730 ,¹⁰
1866 5662 2036 5716 Exod.

2178 5681 2257 5729 ιιι,
2294 5665 2344 5717 4.
2411 5663 2452 5695 ²¹
2483 5662 2623 5717 Psal.
2658 5677 2797 5728 κων,
2835 5661 2890 5713 2.
2993 5651 3245 5708 "Matth.
3273 5652 3480 5720 m|,27.
3559 5651 3604 5684 ”
3640 5650 3777 5706 Luc.
