3998 6304
231 386 325 444 “5

970 394 1059 450 DE
1091 395 1532 453 ADORATIONE
1569 399 1637 454 IN
1678 399 1950 457 SPIRITU
1982 400 2071 455 ET
2111 400 2478 457 VEBITATE.
2521 402 2649 457 LlB.
2691 406 2729 459 l.

3378 407 3475 462 illi

229 504 313 591 τον
337 507 523 574 νόμον,
553 508 720 578 φαίην
748 507 815 562 ἂν
846 520 940 562 καί¹
980 509 1165 578 αὐτὸς,
1199 507 1257 564 εὖ
1287 509 1397 565 ίσθι
1435 529 1538 567 τοι.
1569 512 1702 585 Φέρε
1731 513 1795 585 δὴ

1906 515 2150 581 umbras,
2174 532 2296 586 quae
2323 517 2442 588 lege
2469 517 2848 573 continentur.
2897 520 3003 574 Sed
3041 536 3158 591 age,
3197 521 3475 577 subtiliter

229 589 312 650 οὖν
328 595 525 651 λεπτόν
548 615 611 652 τε
631 600 727 655 καὶ
754 599 956 673 ἀκριϐῆ
985 602 1100 665 τοῖς
1133 603 1193 656 ὲν
1219 602 1375 675 τύπῳ
1403 605 1796 677 κεχρησμωδη-

230 688 399 758 μένοις
437 689 676 756 ἐνιέντες
701 693 797 747 τὸν
821 691 965 759 νοῦν,
990 693 1534 767 πολυπραγμονῶμεν
1564 692 1623 750 εὖ
1648 696 1794 768 μάλα

226 782 313 850 τῆς
342 783 595 854 ἀληθείας
646 783 706 837 τὸ
754 783 967 851 κάλλος.
1013 785 1115 858 Ετη
1157 786 1268 858 γὰρ
1313 787 1380 842 ἀν
1420 786 1563 841 οὕτω
1611 788 1793 842 λοιπὸν

224 872 385 926 οὐδενί
427 872 536 926 τῶν
587 873 756 928 ὄντων
801 876 1119 948 ἀσυμςρανὲς
1156 878 1255 947 τῆς
1291 878 1349 933 ὲν
1396 878 1666 951 πνεύματι
1703 879 1795 932 λα-

224 963 402 1033 τρείας
431 963 493 1018 τὸ
522 965 843 1036 μυστήριον.

290 1054 451 1108 ΚΥΡ.
476 1056 589 1108 Καὶ
611 1057 740 1127 μὴν,
759 1050 804 1110 ὦ
820 1062 1059 1127 γενναῖε,
1076 1059 1476 1132 καταπέφρικά
1489 1078 1571 1115 τοι
1590 1060 1794 1133 σφόδρα

225 1147 457 1212 εἰκότως,
484 1146 848 1205 δυσοκνότατά
876 1151 937 1204 τέ
974 1151 1087 1223 εἰμι
1117 1151 1253 1223 πρὸς
1285 1153 1443 1208 τοῦτο
1486 1153 1628 1209 λίαν.
1669 1151 1792 1210 Εἶεν

226 1236 321 1309 γὰρ
352 1232 507 1308 οἶμαί
531 1255 634 1292 που
662 1242 776 1304 τοῖς
806 1240 927 1295 καθ’
956 1242 1103 1313 ήμᾶς
1118 1242 1216 1314 οὐχ
1240 1242 1511 1314 ἁλώσιμα,
1528 1244 1597 1299 τά
1623 1244 1793 1309 οὕτως

224 1326 600 1400 ἀνῳκισμένην
644 1330 740 1383 καὶ
787 1331 1056 1403 ὑπερτενῆ
1107 1332 1344 1406 λαχόντα
1376 1334 1477 1406 τὴν
1537 1334 1790 1407 θεωρίαν.

225 1419 426 1491 Χρῆναι
474 1420 533 1475 δὲ
586 1418 740 1492 οἶμαι
787 1421 969 1492 λέγειν
1002 1424 1470 1498 ἀνασκοπουμένῳ
1517 1427 1585 1480 τὰ
1632 1427 1793 1498 βάθος

222 1507 323 1561 τῶν
340 1509 397 1564 ὲν
423 1508 502 1580 τῷ
534 1510 684 1582 νόμῳ
705 1511 1085 1585 θεωρημάτων
1104 1533 1117 1547 ·
1156 1535 1191 1569 ι,
1209 1516 1305 1581 Τίς
1341 1516 1504 1587 σοφὸς
1533 1519 1641 1591 καὶ*
1670 1536 1785 1575 συν·

225 1602 335 1671 ήσει
367 1600 569 1671 ταῦτα;
592 1603 687 1658 καὶ
712 1606 953 1671 συνετὸς,
985 1607 1466 1677 καὶτὲπιγυνὼσεται
1487 1610 1657 1676 αῦτά;
1692 1630 1711 1663 ι

287 1784 493 1838 ΠΑΛΛ.
521 1785 635 1839 Οὐκ
680 1785 893 1857 ἀτραχυ
930 1787 1028 1857 μὲν
1058 1787 1117 1840 τὸ
1164 1788 1369 1859 χρῆμα,
1404 1781 1448 1841 ὦ
1485 1789 1605 1842 τᾶν.
1650 1808 1667 1840 ι
1700 1789 1791 1842 Αἰ-

1899 617 1955 663 et
1981 617 2259 675 accurate,
2296 625 2418 679 quae
2444 626 2544 680 per
2583 609 2784 682 ﬁguras
2815 611 3015 666 tradita
3044 620 3195 678 sunt,
3220 615 3472 670 animad—
3516 625 3521 629 ’

1898 709 2196 767 vertamus,
2232 717 2296 757 ac
2326 701 2624 774 diligenter
2674 703 3069 774 investigemus
3134 704 3306 773 ipsam
3343 707 3472 777 pul—

1899 792 2275 849 chritudinem
2303 795 2589 851 veritatis:
2618 796 2694 851 ita
2746 796 2971 851 demum
3022 796 3231 851 nemini
3268 799 3472 853 obscu-

1898 901 2019 939 rum
2042 900 2163 942 esse
2196 887 2520 959 mysterium
2543 888 2726 944 cultus
2754 889 2811 945 in
2847 890 3046 959 spiritu
3069 889 3293 959 poterit.
3445 889 3451 893 ’

1965 1064 2123 1121 CYB.
2166 1068 2435 1137 Equidem
2489 1069 2710 1136 horreo,
2741 1069 2985 1136 Palladi;
3044 1084 3223 1140 neque
3267 1068 3321 1124 id
3353 1068 3473 1123 sine

1897 1172 2080 1223 causa,
2122 1167 2179 1214 et
2200 1169 2419 1231 gravate
2462 1161 2757 1217 admodum
2794 1162 2863 1217 ad
2893 1162 3001 1217 hoc
3057 1177 3261 1217 munus
3312 1175 3469 1215 acce-

1897 1248 1988 1304 do.
2024 1250 2229 1305 Harum
2263 1251 2410 1306 enim
2432 1267 2618 1308 rerum
2656 1252 3053 1324 contemplatio
3082 1253 3158 1308 ita
3188 1251 3360 1306 ardua
3390 1260 3474 1306 est

1895 1349 2059 1412 atque
2123 1342 2397 1410 sublimis,
2430 1352 2492 1400 ut
2523 1344 2767 1401 humano
2811 1345 3094 1400 intellectu
3140 1344 3233 1399 vix
3262 1343 3471 1414 percipi

1894 1440 2097 1503 queat:
2126 1450 2191 1489 ac
2216 1435 2263 1489 si
2293 1436 2419 1506 quis
2440 1436 2786 1492 altitudinem
2829 1435 3359 1506 contemplationum
3376 1451 3473 1490 ea-

1895 1542 2018 1581 rum
2071 1544 2193 1598 quae
2221 1528 2398 1585 latent
2438 1530 2495 1584 in
2545 1531 2686 1601 lege,
2723 1529 3051 1600 spectaverit
3091 1544 3201 1583 non
3234 1526 3473 1583 absurde

1894 1618 2061 1673 verba
2095 1619 2187 1675 illa
2214 1636 2485 1692 usurpare
2512 1621 2718 1692 poterit
2744 1640 2757 1675 :
2799 1640 2818 1672 ι
2846 1620 2983 1688 Quis
3012 1620 3253 1691 sapiens,
3279 1628 3336 1675 et
3384 1619 3474 1673 in-

1896 1711 2105 1783 telliget
2138 1712 2295 1768 haec?
2315 1722 2372 1769 et
2391 1714 2657 1785 prudens,
2687 1721 2745 1769 et
2765 1720 3061 1786 cognoscet
3088 1712 3204 1784 ipsa
3226 1714 3270 1746 ³⁸
3294 1713 3319 1766 ?
3341 1732 3358 1763 ι

1967 1803 2166 1859 PALL.
2196 1803 2450 1875 Magnum
2501 1820 2642 1876 opus
2664 1812 2721 1861 et
2769 1805 3026 1871 arduum,
3080 1803 3303 1876 Cyrille.
3364 1802 3472 1859 Sed

220 1877 353 1929 τεῖτε
387 1896 405 1926 ι
456 1876 513 1930 δὲ
547 1878 718 1949 ὅμως,
751 1880 915 1951 φησιν
946 1880 984 1949 ,ό
1032 1879 1289 1952 Χριστὸς,
1328 1898 1346 1932 ι
1383 1880 1478 1934 καὶ
1507 1879 1794 1952 δοθήσεται

1906 1915 1921 1947 ι
1947 1895 2147 1965 petite,
2176 1915 2195 1947 ›
2215 1896 2396 1966 inquit
2417 1896 2690 1962 Christus,
2727 1917 2745 1948 ι
2771 1904 2827 1952 et
2848 1897 3069 1952 dabitur
3089 1895 3246 1951 vobis
3270 1913 3284 1961 ;
3320 1909 3473 1965 qua!-

222 1969 375 2038 ὑμῖν⁹
405 1968 623 2041 ζητεῖτε
654 1971 758 2024 καὶ
787 1971 1076 2043 εὑρήσετε,
1125 1970 1352 2043 κρούετε
1382 1971 1478 2025 καὶ
1509 1971 1793 2044 ἀνοιγήσε-

222 2078 302 2113 ται
324 2061 469 2131 ὑμῖν.
509 2080 529 2114 ι

289 2153 446 2208 ΚΥΡ.
498 2154 661 2209 Ἰτὲον
690 2154 755 2227 δὴ
801 2148 896 2209 οὖν
929 2157 1023 2210 ἐπὶ
1053 2155 1112 2210 τὸ
1142 2157 1338 2229 χρῆναι
1384 2157 1694 2230 φιλοθηρεῖν
1735 2158 1797 2212 τὸ

220 2243 398 2298 τελοῦν
425 2244 511 2309 εἰς
536 2240 725 2315 δνησιν
748 2260 762 2274 ·
793 2246 891 2299 καὶ
933 2246 999 2318 δὴ
1033 2247 1128 2301 καὶ
1164 2249 1442 2321 ἱκετηρίαν
1471 2249 1793 2320 προανατεί-

222 2354 393 2408 νωμεν
412 2335 668 2406 λέγοντες
690 2354 703 2368 ο
734 2356 752 2390 ι
800 2339 1178 2410 Ἀποκάλυψον
1200 2342 1322 2405 τοὺς
1337 2341 1651 2412 ὀφθαλμούς
1669 2360 1793 2416 μου,

222 2430 313 2482 καὶ
340 2430 665 2501 κατανοήσω
693 2429 765 2484 τά
787 2430 1076 2503 θαυμάσιά
1098 2449 1191 2486 σου
1226 2434 1290 2487 ἐκ
1312 2433 1406 2487 τοῦ
1439 2434 1605 2505 νόμου
1630 2451 1744 2488 σου.
1770 2454 1787 2486 ι

220 2524 308 2573 Δεῖ
328 2521 383 2573 δὲ
419 2522 593 2592 ἡμᾶς,
627 2521 703 2587 ῶς
730 2522 897 2590 ἔοικε,
931 2523 1038 2594 πρό
1061 2540 1125 2593 γε
1152 2524 1260 2579 τῶν
1283 2524 1459 2580 ἄλλων
1485 2526 1679 2591 εἰπεῖν,
1694 2527 1794 2597 τήν

218 2629 275 2663 τε
299 2613 378 2676 είς
393 2613 711 2685 φαυλότητα
726 2613 820 2667 τοῦ
839 2613 1128 2685 ἀνθρώπου
1151 2631 1227 2669 πα
1236 2615 1532 2687 ρατροπὴν,
1553 2615 1795 2679 δουλείας

216 2721 276 2756 τε
304 2703 451 2776 πέρι,
481 2705 574 2758 καὶ
596 2705 976 2776 αἰχμαλωσίας
995 2706 1095 2777 τῆς
1123 2706 1228 2760 ὑπὸ
1246 2706 1324 2778 τῷ
1344 2707 1562 2761 πάντων
1589 2706 1793 2778 ἐχθρῷ,

218 2796 360 2860 ὅπως
394 2813 455 2850 τε
501 2797 597 2850 καὶ
624 2797 744 2850 τίνα
789 2797 991 2869 τρόπον
1038 2798 1198 2852 ταυτὶ
1231 2798 1361 2871 παρ’
1406 2799 1565 2871 ήμῶν
1605 2801 1702 2853 καὶ
1736 2801 1792 2852 ὲν

217 2890 343 2960 ἡμῖν
385 2888 773 2962 ἐκπράττεται.
827 2893 1231 2963 Προσεπειπεῖν
1279 2891 1335 2944 δὲ
1380 2891 1444 2963 δὴ
1498 2890 1662 2959 οὕτω,
1693 2893 1792 2957 καὶ

217 2982 333 3036 τίνα
354 2983 460 3055 χρὴ
485 2984 687 3054 τρόπον
700 2983 987 3038 ἀπονεύειν
998 2984 1091 3039 τοῦ
1114 2983 1309 3052 κακοῦ,
1333 2985 1426 3039 καὶ
1440 2985 1794 3040 ἀποσείεσθαι

222 3073 317 3143 μὲν
341 3074 440 3145 τῆς
473 3074 563 3127 ἐπ’
591 3074 786 3145 ἐκείνῳ
828 3074 1074 3138 δουλείας
1094 3074 1187 3129 τὸν
1215 3075 1399 3144 ζυγὸν,
1421 3075 1794 3149 ἀναθρώσκειν

218 3162 272 3216 δὲ
288 3157 351 3217 αὗ
374 3164 511 3235 πρὸς
529 3165 592 3218 τὸ
616 3167 673 3218 ὲν
697 3166 914 3237 ἀρχαῖς,
937 3164 1296 3231 διασώζοντος
1307 3167 1402 3222 καὶ
1421 3167 1792 3240 ἐπαμύνοντος

1898 1987 2023 2052 rite,
2056 1994 2111 2042 et
2135 1985 2469 2054 invenietis;
2515 1987 2766 2058 pulsate,
2803 1988 3155 2058 etaperietur
3183 1985 3420 2041 vobis".
3448 2003 3467 2035 ι

1965 2166 2122 2223 CYR.
2150 2168 2494 2239 Pergendum
2521 2167 2686 2239 igitur
2720 2167 2882 2222 nobis
2921 2175 3007 2221 est
3040 2166 3109 2221 ad
3150 2180 3215 2221 ea
3242 2164 3474 2219 investi-

1897 2258 2070 2330 ganda
2128 2274 2249 2329 qua:
2294 2259 2588 2314 utilitatem
2625 2258 2828 2315 afferre
2877 2266 3128 2329 possunt,
3184 2272 3249 2312 ac
3283 2271 3476 2327 preces

1896 2348 2316 2418 prmmittamus,
2348 2348 2635 2404 dicentes:
2675 2367 2693 2399 ι
2722 2348 2925 2405 Revela
2973 2346 3165 2405 oculos
3212 2361 3385 2413 meos,
3418 2355 3476 2401 et

1896 2435 2263 2491 considerabo
2292 2435 2569 2491 mirabilia
2624 2436 2693 2492 de
2731 2436 2853 2508 lege
2902 2446 2994 2492 tua
3018 2437 3127 2489 ²⁷.›
3182 2437 3325 2491 Ante
3366 2436 3474 2491 alia

1900 2525 2069 2596 igitur
2111 2525 2408 2581 dicendum
2452 2526 2615 2581 nobis
2656 2534 2744 2582 est
2792 2526 2862 2581 de
2914 2526 3071 2596 lapsu
3110 2526 3353 2580 hominis
3415 2528 3473 2581 in

1895 2625 2214 2687 peccatum,
2244 2619 2423 2690 deque
2473 2619 2740 2675 servitute
2784 2626 2952 2690 atque
3002 2619 3326 2689 captivitate
3365 2633 3474 2688 qua

1892 2709 1950 2781 9
1973 2710 2077 2765 sub
2105 2710 2355 2766 omnium
2378 2711 2659 2767 communi
2686 2711 2845 2767 hoste
2893 2711 3205 2775 tenebatur,
3240 2717 3302 2765 ut
3329 2724 3474 2780 quo-

1897 2802 2189 2859 dammodo
2224 2804 2341 2859 haec
2380 2820 2413 2859 a
2441 2804 2604 2860 nobis
2630 2812 2688 2859 et
2731 2805 2788 2858 in
2829 2804 2996 2859 nobis
3017 2802 3170 2858 ﬁant.
3203 2802 3303 2858 llis
3328 2801 3471 2871 adii-

1896 2894 2153 2950 ciendum
2186 2904 2272 2950 est
2308 2894 2586 2966 quomodo
2629 2894 3021 2950 declinandum
3045 2894 3119 2948 sit
3157 2909 3188 2948 a
3210 2894 3378 2959 malo,
3416 2900 3475 2947 et

1894 2986 2289 3043 excutiendum
2322 2987 2608 3042 servitutis
2646 2987 2874 3058 iugum,
2899 3002 3009 3056 qua
3035 2984 3140 3041 sub
3192 2984 3287 3040 illo
3316 2993 3473 3040 tene-

1895 3094 2041 3145 mur,
2092 3085 2155 3134 ut
2196 3078 2263 3133 ad
2306 3078 2597 3149 pristinam
2639 3077 2859 3133 tandem
2910 3077 3302 3148 integritatem,
3356 3089 3473 3129 ser—

1895 3179 2058 3229 vante
2100 3179 2157 3227 et
2204 3170 2497 3243 adiuvante
2547 3172 2696 3236 Deo,
2731 3170 2917 3226 redire
2967 3166 3263 3239 possimus.
3320 3167 3473 3221 Hanc

219 3253 305 3308 τοῦ
337 3255 496 3309 Θεοῦ.
545 3256 685 3328 Τῇδε
730 3255 840 3327 γὰρ
883 3259 1016 3328 ήμῖν
1047 3257 1219 3322 ἰόντος
1257 3257 1353 3312 τοῦ
1383 3258 1543 3329 λόγου
1571 3260 1678 3333 ὁδῷ
1717 3263 1786 3333 τῇ

1906 3263 2039 3318 anim
2078 3261 2220 3316 viam
2261 3260 2307 3315 si
2354 3269 2545 3316 nostra
2591 3261 2768 3315 oratio
2805 3259 3067 3323 tenuerit,
3111 3265 3264 3312 recto
3306 3256 3473 3312 etiam

220 3346 522 3420 πρεπούσῃ,
553 3349 820 3419 προσήκοι
855 3348 942 3414 ἂν,
972 3344 1149 3420 οῗμαι,
1171 3349 1266 3404 καί
1294 3350 1362 3404 τὰ
1391 3346 1575 3408 λοιπά.

285 3439 491 3493 ΠΔΛΛ.
536 3439 829 3510 Ὀρθότατα
859 3440 1064 3513 διανοῇε

166 3592 173 3597 θ
284 3530 446 3586 ΚΥΡ.
489 3529 565 3584 Τὸ
593 3529 702 3602 γάρ
730 3548 813 3586 τοι
853 3535 1229 3605 καρποφορεῖν
1269 3534 1530 3589 δύνασθαι
1562 3534 1641 3607 τῷ
1674 3534 1793 3604 Θεῷ

222 3621 312 3675 καὶ
352 3621 653 3691 προσάγειν
682 3620 872 3687 θυσίας
915 3624 1314 3695 πνευματικὰς,
1343 3624 1510 3696 ἤγουν
1550 3625 1795 3697 ἀνδρίζε-

225 3712 343 3767 σθαι
365 3752 383 3779 ,
418 3712 515 3768 καὶ
539 3713 870 3785 εὐδοκιμεῖν,
904 3715 1205 3786 κατορθοῦν
1233 3716 1515 3780 ἐθέλοντας
1550 3717 1648 3789 τὴν
1670 3718 1796 3789 ἀρε-

220 3804 333 3876 τὴν,
382 3804 508 3877 οὐχὶ
539 3805 713 3878 δήπου
752 3805 952 3879 πρέποι
997 3807 1064 3861 ἂν
1095 3808 1209 3871 τοῖς
1243 3807 1385 3862 οῦτω
1421 3809 1663 3873 δουλείας
1702 3810 1795 3863 καὶ

127 3878 143 3899 ’
222 3891 403 3946 παθῶν
433 3893 683 3964 ἀνάγκης
714 3893 1189 3966 ἀπηλλαγμένοις,
1222 3896 1337 3950 ἀλλ’
1363 3891 1446 3961 οἷς
1477 3898 1591 3975 ἤδη
1619 3916 1735 3963 πως
1767 3901 1796 3953 ό

221 3984 338 4049 νοῦς
363 3986 634 4056 ἀνανήφει
654 3987 792 4058 πρὸς
807 3987 869 4040 τὸ
889 3986 1191 4058 ἐλεύθερον.
1225 3988 1322 4042 καὶ
1347 3989 1445 4042 οὐκ
1465 3990 1798 4063 ἀμελέτητον

221 4078 325 4149 ἔχει
342 4080 404 4134 τὸ
419 4079 773 4135 ἀποσείεσθαι
795 4079 885 4134 τὸν
903 4080 1066 4150 ζυγὸν
1090 4081 1187 4151 τῆς
1208 4080 1303 4135 τοῦ
1333 4080 1578 4136 διαϐόλου
1606 4082 1797 4139 πλεον-

220 4169 382 4235 εξίας.

283 4262 496 4316 ΠΔΛΛ.
534 4257 818 4334 Σὺμςρημι,
848 4264 988 4328 νοεῖς
1011 4263 1119 4335 γὰρ
1143 4264 1341 4336 ὀρθῶς.

284 4356 451 4411 ΚΥΡ.
483 4354 596 4409 Καὶ
632 4355 699 4428 δὴ
730 4354 825 4409 καὶ
853 4354 1121 4427 λέγωμεν,
1157 4356 1234 4421 ὡς
1283 4356 1575 4430 πεποίηται
1625 4359 1724 4430 μὲν
1770 4361 1800 4413 ὁ

218 4445 505 4519 ἄνθρωπος
536 4449 594 4501 ὲν
625 4447 845 4523 ἀρχαῖς,
881 4448 1158 4521 ἁμαρτίας
1187 4449 1288 4521 μὲν
1312 4449 1408 4505 καὶ
1438 4450 1628 4505 παθῶν
1656 4452 1800 4506 ἀνω-

1892 3353 2088 3409 itinere
2116 3348 2566 3421 progredientur,
2589 3360 2650 3405 ut
2679 3350 2898 3419 opinor,
2920 3355 2977 3403 et
2993 3348 3229 3419 reliqua.

1969 3443 2165 3499 PALL.
2208 3443 2379 3496 Recte
2405 3440 2598 3496 sentis.

1966 3535 2124 3590 ΟΥΕ.
2157 3532 2431 3599 Quocirca
2473 3530 2779 3586 oblationes
2838 3538 3002 3601 atque
3040 3530 3249 3585 hostias
3280 3530 3478 3587 oﬁ‘errc

1898 3628 2012 3682 Deo
2061 3623 2397 3695 spirituales,
2435 3630 2630 3693 nempe
2659 3628 2883 3679 strenue
2931 3638 2989 3678 se
3033 3631 3090 3678 et
3128 3621 3481 3677 laudabiliter

1896 3716 2255 3788 exsequenda:
2284 3715 2509 3770 virtutis
2534 3715 2719 3770 studio
2746 3731 2938 3786 gerere
2955 3756 2970 3781 ,
3004 3715 3229 3771 minime
3252 3715 3320 3771 iis
3344 3732 3480 3771 con-

1897 3807 2045 3863 venit
2080 3805 2177 3877 qui
2210 3821 2270 3861 se
2306 3804 2553 3860 nondum
2590 3805 2924 3875 a,vitiorum
2960 3805 3259 3872 servitute,
3299 3805 3480 3861 domi-

1897 3909 2140 3971 natuque
2163 3898 2489 3966 liberarint;
2523 3898 2620 3954 sed
2655 3898 2723 3955 iis
2761 3914 2996 3971 quorum
3036 3900 3253 3955 animus
3300 3899 3369 3954 ad
3409 3900 3480 3954 li-

1898 3993 2167 4048 bertatem
2210 3991 2462 4063 erigitur,
2519 4000 2576 4047 et
2630 3991 2698 4046 ad
2722 4012 2725 4019 ·
2749 3992 3141 4048 excutiendum
3197 3992 3484 4048 diabolicae

1901 4083 2208 4156 tyrannidis
2241 4083 2432 4155 iugum
2470 4097 2582 4139 non
2622 4090 2709 4139 est
2746 4083 3061 4139 incuriosus
3088 4093 3147 4139 et
3181 4083 3478 4156 negligens.

1972 4264 2167 4320 PALL.
2207 4263 2521 4341 Assentior:
2551 4270 2699 4316 recte
2729 4276 2965 4331 namque
2991 4261 3293 4316 existimas.

1971 4356 2127 4411 (ΠΒ.
2160 4354 2406 4409 Dicimus
2447 4353 2616 4424 igitur
2664 4351 2868 4406 factum
2916 4367 3037 4408 esse
3081 4351 3361 4406 hominem
3413 4352 3482 4406 ab

1904 4450 2065 4506 initio
2087 4447 2379 4521 eiusmodi,
2411 4455 2494 4513 ut,
2533 4445 2785 4518 quamvis
2816 4446 3058 4501 animum
3098 4445 3327 4502 haberet
3353 4463 3482 4518 pec-

218 4538 357 4610 τέρω
386 4558 507 4604 πως
534 4540 615 4594 ἔτι
640 4541 742 4611 τὴν
768 4540 1007 4596 διάνοιαν
1034 4541 1193 4613 ἔχων,
1216 4543 1277 4596 οὐ
1305 4542 1412 4614 μὴν
1445 4543 1795 4610 ἀνεπίδεκτος

1906 4548 2027 4598 cato
2059 4551 2117 4597 et
2144 4539 2433 4596 affectibus
2463 4538 2804 4610 superiorem
2830 4579 2843 4603 ,
2888 4554 2999 4593 non
3040 4538 3087 4594 is
3121 4548 3305 4595 tamen
3336 4552 3485 4595 esset

217 4631 499 4697 παντελῶς
528 4632 641 4702 τῆς,
658 4634 745 4702 ἐφ’
767 4632 906 4704 ὅπερ
934 4632 1002 4688 ἀν
1028 4632 1202 4687 ἕλοιτο
1246 4635 1621 4706 παρατροπῆς.
1659 4634 1803 4688 Ἐδό-

215 4739 300 4776 κει
353 4724 465 4797 γάρ
497 4725 641 4795 ἔχειν
672 4723 850 4797 ὀρθῶς
889 4722 968 4795 τῷ
1002 4724 1220 4780 πάντων
1252 4726 1605 4798 ἀριστοτέχνῃ
1647 4725 1797 4798 Θεῷ,

198 4814 321 4892 ⁸τῶν
357 4814 503 4869 ἰδίων
533 4814 856 4888 θελημάτων
895 4816 1156 4872 ἀνάπτειν
1181 4817 1329 4889 αὐτῷ
1358 4818 1459 4882 τάς
1496 4817 1674 4889 ἡνίας,
1707 4818 1801 4873 καὶ

215 4906 502 4962 ἀναθεῖναι
568 4907 700 4980 δρᾷν
748 4907 811 4961 τὸ
856 4908 1047 4963 δοκοῦν
1093 4909 1538 4975 αὐτοκελεύστοις
1578 4910 1797 4981 ὁρμαῖς.

214 4997 623 5069 Προαιρετικὴν
659 4996 767 5069 γὰρ
795 4996 936 5063 ἔδει,
967 4997 1061 5051 καὶ
1097 4999 1196 5070 οὐχ
1225 4997 1414 5070 ὥσπερ
1453 4998 1513 5062 ἐξ
1553 4998 1800 5070 ἀνάγκης

214 5088 451 5162 ὁρᾶσθαι
496 5092 596 5161 τὴν
621 5089 846 5163 ἀρετὴν,
896 5089 1014 5144 ἀλλ’
1038 5091 1160 5145 οὐδὲ
1198 5090 1412 5161 φύσεως
1435 5090 1621 5162 νόμοις
1645 5091 1801 5171 ἀδια-

216 5184 446 5246 πτώτως
470 5181 887 5253 ἐρηρεισμένην·
915 5182 1042 5237 ἴδιον
1060 5181 1167 5254 γὰρ
1185 5181 1251 5238 ἂν
1275 5181 1361 5254 εῐη
1375 5183 1526 5235 τουτὶ
1538 5182 1639 5254 τῆς
1660 5183 1805 5239 ἀνω-

218 5274 367 5328 τάτω
399 5274 593 5330 πασῶν
618 5274 810 5339 οὐσίας
854 5275 952 5329 καὶ
995 5275 1289 5347 ὑπεροχῆς.
1344 5274 1564 5346 Ἐπειδὴ
1591 5275 1650 5329 δὲ
1689 5277 1804 5339 τοῖς

217 5363 317 5434 τῆς
344 5364 486 5428 ἰδίας
511 5365 732 5436 φύσεως
757 5364 939 5435 λόγοις
966 5365 1028 5420 τδ
1054 5364 1193 5431 ζῶον
1211 5365 1518 5439 ἀπήρτιστο
1545 5382 1803 5437 τεχνουρ-

217 5455 445 5523 γοῦντος
490 5457 629 5512 Θεοῦ
648 5497 665 5524 ,
719 5457 1078 5513 κατεπλούτει
1127 5458 1472 5531 παραχρῆμα
1517 5457 1617 5529 τήν
1666 5458 1805 5529 πρὸς

218 5547 384 5601 αὐτὸν
411 5548 697 5619 ὁμοίωσιν.
745 5548 1167 5620 Ἔνεχαράττετο
1197 5549 1306 5621 γὰρ
1335 5548 1483 5621 αὐτῷ
1513 5548 1612 5621 τῆς
1655 5548 1805 5613 θείας

216 5639 435 5707 φύσεως
467 5644 501 5714 ἡ
551 5640 757 5706 εἰκὼν,
806 5640 1217 5713 ἔμφυσηθέντος
1262 5643 1417 5712 ἁγίου
1464 5641 1802 5713 Πνεῦματος.

286 5821 331 5852 ’⁸
352 5821 495 5880 Osee
535 5837 652 5887 le,
690 5818 774 5873 10.
855 5820 898 5852 ²⁶
931 5820 1121 5875 Matth.
1154 5837 1247 5888 vu,
1286 5821 1336 5874 7.

1902 4641 1965 4688 ut
1989 4634 2047 4688 in
2070 4641 2476 4702 utramcunque
2503 4637 2714 4700 partem
2739 4630 2925 4695 vellet,
2960 4630 3105 4686 ﬂecti
3141 4645 3249 4685 non
3276 4641 3479 4701 posset.

1901 4726 2119 4783 Etenim
2154 4725 2233 4779 illi
2266 4740 2453 4779 rerum
2487 4723 2870 4779 universarum
2904 4725 3114 4794 optimo
3150 4723 3332 4792 opiﬁci
3372 4725 3484 4778 Deo

1901 4815 2272 4872 rectissimum
2296 4824 2384 4871 est
2404 4815 2606 4883 visum,
2647 4817 2884 4887 propriae
2912 4814 3215 4871 voluntatis
3242 4813 3485 4868 habenas

1901 4911 1979 4965 illi
2006 4910 2347 4982 permittere,
2380 4909 2808 4981 spontaneisque
2827 4906 3117 4963 conatibus
3136 4905 3404 4971 tribuere,
3430 4905 3484 4960 id

1906 5009 1969 5058 ut
1990 5001 2215 5069 faceret,
2241 5002 2388 5074 quod
2424 5002 2642 5059 libitum
2667 5001 2881 5057 fuisset.
2917 4997 3217 5069 Oportebat
3244 4997 3397 5053 enim
3425 5008 3488 5054 ut

1907 5093 2087 5149 virtus
2106 5093 2387 5149 voluntate
2412 5099 2687 5162 suscepta,
2720 5105 2831 5145 non
2851 5088 3278 5145 vi-necessitatis
3300 5098 3489 5145 coacta

1912 5185 2193 5242 videretur
2215 5204 2243 5253 ;~
2279 5193 2383 5241 aut
2409 5185 2484 5240 ita
2510 5194 2721 5238 naturae
2764 5182 2880 5251 lege
2920 5181 3130 5236 munita
3151 5223 3164 5247 ,
3199 5189 3261 5237 ut
3293 5180 3488 5236 cadere

1907 5279 2132 5333 omnino
2155 5294 2265 5333 non
2292 5285 2479 5349 posset
2504 5293 2517 5329 :
2560 5274 2616 5329 id
2644 5273 2793 5328 enim
2831 5271 2908 5328 illi
2944 5288 3215 5345 supremae
3242 5271 3488 5328 omnium

1904 5370 2157 5426 essentia:
2207 5378 2372 5439 atque
2413 5365 2753 5423 excellentia:
2802 5365 3081 5437 proprium
3138 5372 3240 5421 est.
3292 5364 3490 5419 Postea

1906 5477 2038 5517 vero
2072 5476 2236 5531 quam
2282 5458 2519 5530 propria:
2546 5464 2760 5512 naturae
2796 5457 3102 5513 rationibus
3141 5456 3245 5510 hoc
3287 5453 3489 5509 animal

1908 5550 2359 5608 absolutumfuit
2397 5548 2593 5621 opiﬁce
2640 5549 2773 5613 Deo,
2809 5549 2991 5604 statim
3037 5546 3182 5601 illius
3228 5546 3488 5601 similitu-

1911 5644 2035 5700 dine
2059 5642 2346 5714 prmditum
2376 5650 2476 5697 est.
2506 5640 2773 5711 lmpressa
2807 5640 2951 5694 enim
2982 5639 3036 5693 in
3065 5636 3160 5691 illo
3187 5645 3271 5693 est
3294 5636 3491 5692 divinm

1416 5822 1458 5853 ’⁷
1495 5820 1636 5876 Psal.
1693 5837 1873 5886 cxvm,
1920 5819 2003 5873 18.
