3998 6304
508 275 610 333 N7

1530 284 1586 341 S.
1628 286 1903 345 CYRILLI
1941 291 2412 354 ALEXANDRINI
2450 300 2769 358 ARCHIEP.

3663 303 3764 362 “8

508 398 687 468 imago
715 408 940 465 naturae,
963 402 1228 470 Inspirato
1249 401 1457 472 Spiritu
1477 413 1684 462 sancto.
1707 408 1828 477 Ipse
1849 425 2084 481 namque

2193 418 2331 471 Αὐτὸ
2363 417 2465 489 γάρ
2494 421 2642 472 ἐστιν
2670 418 2698 488 ὴ
2731 413 2865 488 πνοή
2906 419 3201 495 τῆςιζωῆς,
3224 420 3350 475 ἐπεί
3375 438 3455 475 τοι
3483 422 3593 494 ζωὴ
3625 423 3765 480 κατά

503 497 589 544 est
613 487 841 558 spiritus
869 489 958 546 ille
996 490 1140 556 vitae,
1171 489 1615 563 quandoquidem
1655 496 1957 554 secundum
1982 516 2083 556 na-

505 588 686 635 turam
714 580 824 634 vita
840 579 987 636 Deus
1011 590 1113 637 est.

574 670 771 725 PALL.
811 671 1023 744 Ergone
1061 674 1242 731 anima
1270 676 1476 733 homini
1500 677 1721 736 divinus
1752 681 1980 752 spiritus
2000 694 2085 741 est

504 762 721 819 factus?

573 856 730 913 CYR.
773 854 1057 923 Quomodo
1089 874 1197 914 non
1243 861 1700 921 absurdissimum
1733 867 1808 922 sit
1843 869 1919 922 ita
1954 884 2082 924 sen-

509 948 644 1005 tire?
679 947 771 1004 Sic
797 950 944 1005 enim
974 950 1330 1009 immutabilis
1362 954 1479 1025 ipsa
1511 972 1730 1027 quoque
1761 960 1939 1021 anima
1960 976 2086 1030 per-

505 1042 828 1110 mansisset;
868 1059 1017 1099 nunc
1055 1061 1188 1100 vero
1214 1048 1495 1104 mutabilis
1536 1058 1639 1104 est.
1674 1050 1952 1108 Mutabilis
1982 1068 2083 1109 au-

505 1142 617 1189 tem
649 1132 803 1188 nullo
851 1133 1015 1190 modo
1056 1135 1284 1206 spiritus
1329 1147 1448 1206 est;
1481 1148 1609 1205 aut,
1664 1141 1710 1196 si
1763 1144 2086 1201 mutationis

505 1222 699 1278 morbo
740 1223 976 1290 laborat,
1009 1225 1076 1279 ad
1103 1225 1277 1297 ipsam
1326 1229 1424 1287 Dei
1460 1239 1711 1287 naturam
1761 1232 1878 1288 haec
1932 1234 2086 1291 labes

502 1313 843 1382 pertinebit;
880 1315 1151 1386 siquidem
1185 1330 1271 1373 est
1307 1320 1404 1376 Dei
1431 1329 1487 1376 et
1518 1323 1693 1379 Patris
1724 1333 1780 1380 et
1814 1325 1961 1394 Filii,
1993 1328 2084 1383 ille

504 1412 599 1483 qui
629 1413 1066 1471 substantialiter
1116 1432 1183 1472 ex
1232 1427 1485 1490 utroque,
1522 1421 1783 1481 nimirum
1822 1441 1889 1480 ex
1927 1426 2085 1483 Patre

503 1521 603 1575 per
643 1506 844 1561 Filium
867 1507 1094 1577 proﬂuit
1141 1508 1397 1580 Spiritus.
1434 1511 1676 1568 Stultum
1707 1513 1874 1585 igitur
1917 1515 2086 1572 fuerit

503 1603 697 1664 putare
719 1604 969 1651 sanctum
987 1596 1249 1668 Spiritum
1271 1599 1326 1654 in
1347 1601 1583 1656 animam
1599 1617 1720 1658 esse
1737 1618 2083 1669 conversum,

504 1697 561 1743 et
589 1687 647 1743 in
692 1688 935 1744 hominis
971 1691 1230 1746 transisse
1259 1701 1532 1747 naturam.
1582 1692 1689 1757 Sed
1723 1692 1951 1749 formata
1993 1695 2085 1749 illa

2188 506 2349 575 φύσιν
2375 509 2403 561 ὸ
2430 507 2582 571 Θεός.

2255 682 2464 736 ΠΔΛΛ.
2496 677 2624 756 ’Ἆρ’
2653 678 2746 739 οὖν
2774 681 2921 755 ψυχὴ
2949 682 3028 756 τῷ
3065 683 3339 756 ἀνθρώπῳ
3369 685 3428 739 τὸ
3460 687 3602 742 θεῖον
3640 688 3762 758 ἐγέσ·

2185 790 2308 827 νετο
2334 776 2553 844 πνεῦμα
2577 792 2590 840 ;

2256 867 2421 920 ΚΥΡ.
2456 868 2566 922 Καὶ
2602 867 2721 932 πῶς
2752 868 2851 922 οὐκ
2879 869 3077 926 ἄτοπον
3102 872 3298 944 κομιδῇ
3337 872 3400 926 τὸ
3426 872 3549 942 τῇδε
3586 876 3760 936 νοεῖν;

2185 952 2262 1010 Ἦ
2287 957 2397 1028 γάρ
2426 958 2493 1012 ἂν
2527 959 2815 1030 ἄτρεπτος,
2850 960 2947 1013 καὶ
2982 961 3123 1032 αὐτή
3164 979 3267 1016 που
3296 961 3697 1034 διαμεμένηκεν
3727 966 3759 1034 ἠ

2184 1048 2329 1120 ψυχή
2352 1066 2365 1082 ·
2398 1049 2515 1103 νυνὶ
2546 1050 2603 1105 δέ
2633 1050 2748 1103 ἐστι
2781 1053 3010 1122 τρεπτή.
3054 1051 3300 1123 Τρεπτὸν
3327 1053 3383 1107 δὲ
3420 1052 3538 1108 οῦτι
3572 1070 3676 1108 που
3704 1055 3763 1108 τὸ

2186 1141 2405 1212 πνεῦμά
2425 1144 2593 1201 ἐστιν,
2618 1142 2690 1195 Ἦ
2708 1142 2865 1213 εῐπερ
2891 1141 2952 1194 τὸ
2974 1142 3272 1214 τρέπεσθαι
3298 1145 3464 1208 νοσεῖ,
3484 1143 3571 1196 ἐπ’
3593 1143 3764 1213 αὐτὴν

2184 1233 2214 1285 ὁ
2244 1232 2435 1305 μῶμος
2459 1235 2555 1306 τὴν
2585 1232 2732 1286 θείαν
2765 1232 3155 1306 ἀναδραμεῖται
3189 1234 3388 1303 φύσιν;
3432 1234 3592 1306 εἴπερ
3638 1234 3758 1288 ἐστὶ

2184 1326 2278 1378 τοῦ
2315 1325 2450 1381 Θεοῦ
2476 1327 2568 1381 καὶ
2598 1326 2847 1399 Πατρὸς,
2879 1324 2973 1378 καὶ
3005 1326 3111 1397 μὴν
3148 1325 3364 1381 καὶτοῦ
3400 1325 3548 1392 Υίοῦ,
3583 1325 3644 1378 τὸ
3675 1326 3763 1378 οὐ·

2188 1414 2395 1492 σιωδῶς
2421 1417 2480 1482 ἐξ
2507 1418 2730 1489 ἀμφοῖν,
2758 1419 2926 1491 ἤγουν
2959 1418 3024 1470 ἐκ
3046 1417 3266 1489 ’Πατρὸς
3288 1417 3354 1470 δι’
3378 1415 3511 1470 Υίοῦ
3538 1415 3764 1486 προχεό-

2189 1523 2349 1576 μενον
2378 1507 2623 1580 Πνεῦμα.
2667 1508 2899 1579 Ἀμαθὲς
2919 1503 3011 1562 οὖν
3034 1508 3141 1580 ἄρα
3170 1507 3230 1562 τὸ
3253 1510 3333 1571 εἰς
3356 1506 3536 1578 ψυχὴν
3561 1506 3763 1560 οἴεσθαι

2191 1601 2638 1670 μεταπεπλάσθαι
2663 1602 2725 1655 τὸ
2764 1600 3010 1671 Πνεῦμα.
3038 1600 3133 1655 καὶ
3166 1603 3246 1666 είς
3281 1598 3573 1672 ἀνθρώπου
3603 1616 3766 1669 μετα-

2189 1689 2435 1763 χωρῆσαι
2457 1691 2635 1760 φύσιν.
2655 1692 2793 1749 Ἀλλ’
2817 1690 3083 1764 ἐψυχοῦτο
3113 1692 3212 1762 μὲν
3236 1692 3297 1763 τὸ
3317 1688 3764 1762 πλαστουργηθὲν

505 1795 686 1836 massa
716 1780 980 1837 ineﬂabili
1016 1784 1120 1855 ιο
1148 1783 1351 1839 virtute
1379 1756 1616 1840 animata
1639 1783 1764 1849 fuit,
1792 1795 1849 1841 et
1883 1787 2084 1842 evesti-

2193 1756 2419 1852 ἇρῤήτῳ
2445 1756 2710 1853 δυνάμει·
2753 1756 3183 1837 κατέκάλλὺνετο
3227 1758 3284 1836 δέ
3318 1756 3666 1854 παραχρῆμαί
3697 1781 3763 1850 τῇ

505 1873 597 1942 gio
625 1872 861 1945 Spiritus
891 1875 1066 1930 sancti
1110 1890 1339 1932 munere
1386 1876 1677 1944 decorata;
1722 1894 1901 1948 neque
1938 1879 2084 1935 enim

505 1966 613 2020 alia
638 1967 851 2022 ratione
886 1966 1071 2022 divina
1105 1968 1340 2039 imagine
1372 1969 1535 2026 ditari
1570 1978 1905 2042 poteramus.

576 2057 775 2121 PALL.
802 2060 972 2115 Recte
1006 2058 1105 2119 ais.

573 2150 732 2207 ΟΥΕ.
766 2149 908 2206 Huic
942 2151 1111 2222 igitur
1131 2151 1351 2223 opiﬁcio
1401 2154 1483 2209 sic
1523 2165 1806 2222 exornato,
1848 2156 2084 2225 paradisi

501 2241 684 2307 sedes,
715 2241 773 2297 in
801 2242 1005 2312 quibus
1032 2256 1365 2310 versaretur,
1400 2245 1628 2316 largitus
1646 2255 1733 2301 est
1768 2247 1933 2301 Deus.
1978 2246 2084 2301 Sed

502 2336 635 2406 quia
667 2350 886 2405 aquam
914 2345 1054 2400 erat,
1083 2335 1365 2391 hominem
1414 2336 1488 2392 ita
1515 2344 1935 2403 exornatum,et
1970 2352 2083 2394 οω-

503 2426 727 2483 lestium
775 2426 1046 2482 bonorum
1097 2427 1255 2496 copia
1314 2426 1629 2496 praeditum,
1675 2443 1787 2483 non
1820 2427 1978 2483 facile
2029 2429 2082 2484 in

502 2518 874 2590 arrogantiam
900 2519 1148 2590 pertrahi
1181 2519 1384 2585 sinere,
1416 2534 1526 2575 non
1549 2531 1932 2591 agnoscentem
1967 2539 2085 2585 ser-

502 2609 599 2665 vili
627 2625 689 2666 se
717 2624 840 2667 esse
884 2609 1595 2682 conditione,modumque
1654 2621 1867 2667 certum
1912 2613 2088 2668 servis

501 2715 624 2756 esse
681 2702 1044 2766 constitutum
1088 2702 1202 2774 (ille
1247 2719 1485 2773 namque
1536 2703 1678 2758 latus
1742 2704 1811 2765 ad
1854 2704 2085 2776 gloriam

501 2809 717 2858 cursus,
753 2804 809 2851 et
841 2794 1135 2851 immodica
1160 2796 1407 2861 libertas,
1438 2795 1505 2851 ad
1535 2797 1893 2866 supercilium
1911 2804 1971 2852 et
1988 2813 2086 2853 ex-

500 2886 771 2943 secrabile
803 2886 1001 2942 vitium
1028 2886 1343 2959 pertrahit),
1403 2887 1529 2943 ideo
1571 2889 1659 2943 lex
1687 2887 1767 2942 illi
1796 2889 2084 2945 continen-

501 2977 592 3031 tiae
615 2976 741 3031 data
772 2984 876 3043 est,
907 2993 1029 3048 quae
1069 2977 1286 3033 occasio
1308 2978 1385 3032 illi
1413 2986 1561 3035 esset
1584 2977 1874 3034 Dominum
1917 2995 2086 3050 agno-

499 3065 713 3131 scendi,
731 3075 793 3123 ut
810 3083 908 3137 per
927 3082 1048 3122 eam
1069 3082 1288 3137 semper
1306 3066 1377 3123 ad
1396 3068 1715 3124 memoriam
1738 3076 2088 3123 revocaretur
2114 3089 2157 3149 ρ

501 3157 653 3214 illius
704 3158 802 3230 qui
860 3156 1150 3228 potestatis
1194 3158 1320 3229 jure
1369 3158 1723 3229 praecepisset
1750 3198 1765 3223 ,
1821 3168 2082 3230 certoque

500 3245 671 3301 sciret
699 3260 759 3301 se
799 3245 1159 3303 dominatoris
1190 3247 1405 3320 legibus
1448 3263 1570 3305 esse
1612 3247 1941 3319 subjectum.
1974 3249 2081 3306 Sed

501 3339 671 3410 impia
698 3338 794 3394 illa
823 3340 1047 3409 Deoque
1073 3354 1239 3395 exosa
1262 3338 1445 3395 bellua
1474 3354 1584 3394 non
1612 3339 1951 3409 quiescebat.
2024 3327 2030 3333 ’

569 3429 764 3490 PALL.
799 3429 1076 3493 Satanam,
1102 3429 1321 3499 opinor,
1344 3429 1626 3502 intelligis,
1649 3429 1744 3500 qui
1777 3446 1808 3487 e
1839 3432 2081 3489 coelesti-

499 3523 607 3579 bus
653 3521 884 3577 orbibus
918 3521 1155 3592 fulguris
1200 3522 1375 3576 instar
1420 3521 1668 3594 deiectus
1712 3525 1880 3581 est".
1930 3524 2082 3580 Adeo

499 3614 650 3669 enim
669 3611 871 3682 puerili
895 3610 1134 3667 stultitia
1159 3610 1456 3680 laboravit,
1480 3621 1544 3668 ut
1565 3613 1711 3669 Deus
1740 3629 1862 3670 esse
1890 3616 2077 3682 vellet,

501 3713 560 3759 et
590 3718 714 3773 quae
749 3717 915 3774 supra
952 3709 1204 3761 naturam
1243 3718 1398 3758 suam
1427 3713 1602 3772 erant,
1630 3707 1859 3763 demens
1896 3708 2080 3771 animo

500 3792 753 3864 ﬁngeret.

571 3883 728 3945 ΟΥΕ.
762 3883 980 3955 Optime
1025 3883 1271 3955 conjicis.
1302 3885 1438 3942 Nam
1473 3902 1597 3944 cum
1626 3887 1845 3946 invidiae
1874 3899 1930 3946 et
1954 3907 2081 3961 pee-

501 3975 609 4030 cati
636 3986 783 4039 esset
836 3976 1112 4044 inventor,
1156 3993 1268 4033 non
1324 3979 1430 4034 sibi
1480 3981 1804 4037 cessandum
1843 3984 2075 4055 putavit,

501 4068 798 4139 quominus
828 4067 975 4125 circa
1003 4077 1280 4130 terrenum
1319 4070 1538 4137 animal,
1566 4072 1621 4127 id
1663 4081 1748 4128 est
1778 4073 2076 4141 hominem,

501 4161 712 4233 aliquid
747 4162 1115 4232 experiretur.
1161 4162 1301 4218 Tum
1332 4163 1462 4220 dolo
1497 4173 1555 4221 et
1581 4167 1792 4231 artibus
1818 4184 1946 4224 eum
1983 4184 2080 4239 ag-

472 4250 738 4324 'gressus,
795 4253 865 4310 ad
898 4240 1328 4311 inobedientiam
1360 4259 1647 4329 pertraxit,
1704 4260 1935 4317 muliere
1979 4276 2080 4330 pro

500 4346 865 4403 instrumento
890 4361 1004 4402 suae
1036 4345 1355 4403 calliditatis
1379 4362 1532 4403 usus.
1555 4346 1786 4420 Semper
1806 4348 1955 4404 enim
1979 4363 2080 4403 nos

500 4437 570 4493 ad
605 4436 1020 4508 turpitudinem,
1057 4439 1163 4494 hoc
1192 4447 1311 4505 est,
1345 4440 1410 4496 ad
1445 4450 1733 4512 peccatum
1768 4441 2077 4511 impellunt,
2110 4425 2157 4481 ἶ)

500 4544 625 4600 quae
644 4528 935 4586 nobiscum
952 4538 1007 4609 et
1033 4530 1089 4584 in
1118 4531 1282 4588 nobis
1310 4533 1588 4591 exsistunt
1605 4532 1912 4602 voluptates
1931 4546 2082 4597 μου-ε

468 4622 605 4679 .lier
648 4629 833 4700 autem
879 4622 1052 4694 ﬁgura
1091 4633 1175 4683 est
1210 4626 1541 4698 voluptatis;
1583 4623 1863 4681 blanditiis
1916 4639 2087 4701 porro.

498 4716 841 4786 voluptatum
866 4714 1082 4772 illectus
1118 4717 1334 4774 animus
1370 4717 1686 4788 frequenter
1719 4716 1788 4774 ad
1821 4716 1905 4782 id,
1933 4716 2078 4787 quod

498 4810 728 4875 minime
772 4810 1011 4878 volebat,
1044 4812 1339 4868 delabitur.
1385 4811 1542 4883 Quod
1590 4813 1758 4884 igitur
1805 4814 1861 4868 in
1908 4813 2081 4868 Adam

497 4910 760 4973 tanquam
784 4902 843 4957 in
869 4903 1139 4960 crassiore
1171 4903 1412 4975 quadam
1439 4919 1625 4958 rerum
1650 4904 1884 4975 imagine
1914 4904 2079 4960 etiam

499 4992 751 5053 sensibili
782 4992 948 5051 modo
980 4994 1306 5051 usuvenisse
1334 4993 1725 5064 conspicimus,
1755 4994 1861 5048 hoc
1899 4994 2079 5063 ipsum

500 5088 557 5142 in
597 5102 927 5165 unoquoque
954 5095 1206 5144 nostrum
1250 5085 1521 5157 spirituali
1556 5086 1719 5142 modo
1754 5102 1820 5142 ac
1847 5086 2080 5144 latenter

500 5177 738 5254 impleri,
767 5177 915 5237 haud
962 5175 1186 5231 difﬁcile
1235 5184 1321 5231 est
1361 5174 1573 5232 videre.
1625 5176 1889 5247 Voluptas
1933 5176 2080 5232 enim

499 5269 771 5342 aﬂ‘ulgens
816 5267 1109 5340 pmtigiis
1159 5266 1276 5322 suis
1321 5264 1553 5321 fascinat
1591 5275 1869 5332 mentem,
1908 5281 2084 5338 eoque

500 5363 767 5434 paulatim
800 5359 1048 5424 deducit,
1083 5370 1146 5414 ut
1177 5358 1513 5414 arbitremur
1529 5359 1648 5430 jam.
1682 5359 1890 5415 nullius
1923 5360 2084 5431 plane

502 5448 767 5505 momenti
796 5462 919 5503 esse
947 5445 1149 5504 divinae
1180 5446 1317 5518 legis
1345 5445 1717 5505 violationem.
1758 5450 1927 5521 quue
1951 5466 2084 5506 con-

504 5539 683 5595 ﬁrmat
714 5541 802 5596 ille
830 5538 1037 5595 Christi
1070 5539 1391 5611 discipulus,
1436 5542 1562 5599 cum
1604 5541 1738 5599 dicit
1771 5560 1782 5596 :
1836 5563 1853 5594 ‹
1891 5544 2081 5611 Nemo,

576 5717 619 5749 "
642 5715 776 5773 Luc.
809 5734 862 5785 ι,
892 5719 978 5775 18.

2185 1873 2280 1926 τοῦ
2315 1873 2623 1945 πνεύματος
2648 1875 2810 1932 δόσει.
2843 1871 2952 1929 Ἧν
2985 1873 3091 1945 γὰρ
3128 1866 3228 1945 οὐχ
3255 1872 3456 1944 ἑτέρως
3482 1871 3579 1942 τὴν
3614 1869 3765 1923 θείαν

2185 1967 2334 2035 ἡμᾶς
2363 1965 2547 2021 εἰκόνα
2573 1966 2830 2022 δύνασθαι
2858 1966 3126 2022 πλουτεῖν.

2258 2054 2468 2112 ΠΑΛΛ.
2502 2054 2577 2112 Εὖ
2610 2059 2808 2135 λέγεις.

2259 2146 2423 2204 ΚΥΡ.
2455 2150 2898 2220 Κατακοσμήσας
2929 2148 2992 2221 δὴ
3019 2143 3112 2203 οῦν
3140 2147 3200 2202 τὸ
3220 2148 3463 2217 τέχνημα
3491 2144 3643 2208 Θεὸς,
3667 2141 3765 2213 τὴν

2185 2246 2244 2299 ὲν
2270 2241 2581 2315 παραδείσῳ
2603 2240 2815 2295 δίαιταν
2847 2238 3148 2313 ἐχαρίζετο.
3198 2237 3418 2306 Ἐπειδὴ
3446 2236 3502 2289 δὲ
3538 2235 3642 2287 ἔδει
3672 2233 3767 2288 τὸν

2185 2335 2358 2400 οὕτως
2397 2333 2899 2405 κατηγλαῖσμένον,
2943 2332 3037 2385 καὶ
3063 2333 3131 2403 τῇ
3158 2328 3265 2383 τῶν
3293 2328 3498 2382 ἀνωθεν
3541 2325 3769 2394 ἀγαθῶν

2186 2422 2419 2498 ἀφθονίᾳ
2466 2424 2942 2497 κατεστεμμένον,
2991 2423 3066 2495 μὴ
3114 2421 3350 2483 εὖκό).ως
3393 2416 3770 2490 ἀναφέρεσθαι

2187 2519 2325 2592 πρὸς
2366 2517 2687 2583 ἀλαζονείαν
2731 2518 2846 2589 ἐᾷν,
2877 2514 3177 2583 ἀγνοοῦντα
3219 2512 3318 2584 τὴν
3356 2511 3620 2576 δουλείαν,
3669 2509 3772 2563 καὶ

2184 2612 2261 2677 ὡς
2288 2610 2404 2669 ἔστι
2432 2608 2628 2682 μέτρον
2662 2609 2768 2663 τῶν
2795 2605 3079 2662 οίκετικῶν
3111 2604 3191 2678 (τὸ
3225 2605 3334 2675 γάρ
3368 2621 3450 2657 τοι
3481 2601 3601 2655 λίαν
3630 2600 3770 2674 εὐρῦ

2188 2705 2324 2773 πρὸς
2357 2703 2420 2758 τὸ
2443 2702 2684 2766 εὐκλεὲς,
2720 2700 2815 2755 καὶ
2841 2699 2902 2753 τὸ
2932 2697 3188 2770 ἀμέτρως
3226 2693 3528 2764 ἐλεύθερον,
3560 2691 3775 2763 ἀποφέ-
3844 2719 3854 2728 -

2189 2812 2272 2867 ρει
2299 2792 2435 2863 πρὸς
2454 2793 2516 2846 τὸ
2544 2791 2826 2865 ὑπέροφρυ
2858 2788 2952 2842 καὶ
2981 2786 3255 2858 ἐπάρατον
3280 2783 3508 2850 πάθος),
3542 2780 3685 2854 πρόφ
3698 2798 3774 2835 α·-

2190 2899 2271 2947 σις
2301 2880 2450 2951 αὐτῷ
2476 2879 2572 2933 τοῦ
2620 2879 2699 2952 μὴ
2726 2878 2940 2946 ἀγνοεῖν
2975 2875 3067 2929 τὸν
3102 2873 3402 2945 Δεσπότην,
3441 2869 3778 2944 ἐγκρατείας

2189 2975 2345 3046 ἐδόθη
2374 2976 2538 3043 νόμος
2561 2988 2574 3002 °
2611 2972 2697 3025 ἵνα
2725 2969 2791 3025 δι’
2836 2967 3002 3024 αὐτοῦ
3033 2966 3254 3022 καλοῖτο
3287 2967 3425 3036 πρὸς
3462 2963 3778 3033 ἀνάμνησιν

2190 3068 2278 3122 ἀεὶ
2303 3063 2399 3119 τοῦ
2442 3064 2557 3136 μετ’
2586 3061 2835 3127 ἐξουσίας
2863 3057 3293 3133 προστεταχότος
3313 3097 3327 3121 ,
3363 3055 3456 3109 καὶ
3480 3053 3644 3124 εἰδείη
3672 3070 3779 3112 σαι

2185 3159 2324 3230 φῶς,
2364 3158 2440 3221 ὼς
2487 3155 2636 3210 ἔστιν
2685 3153 3095 3225 ὑπεζευγμένος
3134 3153 3248 3215 τοῖς
3290 3149 3382 3203 τοῦ
3439 3146 3781 3219 κρατοῦντος

2185 3250 2428 3320 θεσμοῖς.
2468 3246 2606 3300 Ἀλλ’
2644 3248 2744 3301 οὐκ
2769 3245 2968 3318 ἠρέμει
3000 3245 3059 3298 τὸ
3083 3245 3298 3298 ἀνόσιον
3325 3244 3501 3296 έκεῖνο
3529 3242 3620 3296 καὶ
3651 3240 3781 3296 θεον

2188 3341 2343 3413 μισὲς
2373 3330 2581 3410 θηρίονζ

2254 3433 2466 3488 ΠΑΛΛ.
2496 3431 2666 3501 Φαίης
2695 3430 2762 3485 ἃν
2798 3426 2950 3502 οἶμαί
2993 3446 3095 3483 που
3127 3427 3218 3483 τὸν
3247 3427 3490 3480 Σατανᾶν
3511 3464 3525 3491 ,
3561 3424 3620 3488 ὃς
3657 3423 3787 3479 τῶν

2183 3524 2449 3598 οὐρανίων
2486 3523 2690 3594 ἀψίδων
2747 3521 3034 3593 ἀστραπῆς
3086 3521 3244 3592 δίκην
3301 3516 3779 3588 κατηκοντίζετο·

2183 3619 2359 3672 νοσεῖν
2382 3615 2489 3687 γὰρ
2513 3612 2664 3685 αὐτῷ
2700 3612 3074 3686 μειρακιωδῶς
3103 3612 3276 3668 ἐδόκει
3300 3611 3363 3666 τὸ
3397 3609 3575 3664 θέλειν
3619 3600 3783 3662 εῖναι

2183 3708 2316 3771 Θεὸς
2341 3748 2356 3772 ,
2398 3707 2494 3761 καὶ
2538 3704 2607 3758 τὰ
2641 3704 2782 3775 ὑπὲρ
2836 3703 2998 3773 φύσιν
3040 3703 3141 3776 τὴν
3174 3702 3369 3759 ἑαυτοῦ
3417 3699 3789 3772 παραδηλῶν,

2183 3798 2532 3872 έφαντάζετο.

2252 3890 2416 3945 ΚΥΡ.
2461 3886 2837 3958 Διατεκμαίρῃ
2862 3882 3063 3948 καλῶς.
3098 3881 3294 3936 Φθόνου
3324 3880 3430 3952 γάρ
3463 3881 3556 3933 καὶ
3588 3881 3796 3953 ἀμαρ-

2181 3984 2301 4045 τίας
2362 3978 2590 4050 εὑρετὴς
2620 3978 2717 4041 ὣν,
2750 3978 2841 4030 καὶ
2882 3975 3092 4047 πατὴρ,
3127 3975 3424 4045 ἀπρακτεῖν
3463 3973 3566 4025 οὐκ
3607 3971 3795 4044 ἤθελε

2182 4075 2311 4146 περὶ
2351 4073 2412 4126 τὸ
2444 4074 2540 4125 ἐπὶ
2577 4071 2682 4141 γῆς
2726 4068 2886 4134 ζῶον,
2932 4067 3076 4121 τοῦτ’
3118 4066 3267 4128 ἔστι,
3319 4065 3411 4119 τὸν
3455 4065 3795 4137 ἄνθρωπον.

2182 4165 2316 4222 Εἶτα
2360 4163 2496 4235 δόλῳ
2540 4164 2637 4217 καὶ
2673 4161 2912 4225 ἀπάταις
2956 4157 3226 4224 ὑπελθὼν,
3269 4157 3647 4227 παρεκόμισεν
3692 4160 3800 4223 εἰς

2183 4257 2490 4332 παρακοὴν,
2520 4254 2859 4327 πανουργίας
2880 4251 3098 4325 ὀργάνῳ
3125 4247 3201 4320 τῷ
3227 4248 3433 4320 γυναίῳ
3459 4247 3798 4319 χρώμενος.

2196 4352 2307 4404 Ἀεὶ
2336 4348 2448 4420 γάρ
2479 4363 2596 4410 πως
2638 4345 2785 4416 ἡμᾶς
2832 4340 3180 4396 κατασείουσι
3222 4340 3357 4409 πρὸς
3389 4337 3450 4391 τὸ
3494 4336 3745 4401 ἀκαλλὲς
3778 4380 3799 4404 ,

2186 4440 2332 4498 τοῦτ’
2359 4439 2529 4503 ἔστιν,
2561 4439 2643 4500 είς
2662 4435 2959 4508 ἁμαρτίαν,
2984 4434 3039 4488 αἱ
3074 4432 3170 4487 σὺν
3199 4432 3330 4504 ἡμῖν
3353 4447 3411 4483 τε
3434 4429 3527 4483 καὶ
3550 4429 3606 4481 έν
3633 4429 3803 4499 ἡμῖν

2188 4532 2398 4608 ἡδοναί·
2426 4530 2619 4603 ἡδονῆς
2642 4528 2699 4582 δὲ
2725 4527 2915 4593 τύπος,
2944 4527 2977 4596 ἡ
3003 4526 3138 4595 γυνή
3159 4538 3171 4551 ·
3199 4520 3459 4585 θωπείαις
3486 4518 3541 4572 δὲ
3568 4520 3806 4608 ταῖςᾷὲξ

2187 4604 2387 4698 ηδονῶν
2420 4620 2647 4677 καταθεῖ
2696 4617 2957 4679 πολλάκις
2987 4614 3079 4667 ἐπὶ
3121 4611 3182 4665 τὸ
3205 4608 3522 4680 ἀνεθέλητον
3553 4609 3582 4660 ὁ
3618 4606 3803 4672 νοῦς,

2191 4718 2369 4789 Ὅπερ
2420 4709 2513 4773 οὖν
2548 4715 2606 4767 ἐν
2663 4708 2834 4780 Ἀδάμ
2871 4707 2947 4772 ὡς
2989 4708 3047 4760 ὲν
3088 4704 3252 4776 πάχει
3285 4699 3624 4774 πραγμάτων
3681 4704 3813 4756 καὶ

2188 4810 2463 4884 αἰσθητῶς
2497 4807 2692 4879 ὁρᾶται
2728 4799 3106 4874 συμϐεϐηκὸς,
3136 4795 3295 4852 τοῦτο
3324 4794 3420 4849 καὶ
3458 4795 3514 4845 ὲν
3549 4790 3813 4866 ἑκάστῳ

2186 4905 2294 4960 τῶν
2329 4901 2450 4958 καθ’
2480 4900 2649 4970 ἡμᾶς,
2690 4894 2897 4966 νοητῶς
2925 4910 2984 4947 τε
3011 4891 3107 4945 καὶ
3131 4884 3528 4959 κεκρυμμένους
3555 4884 3811 4940 κατίδοι

2186 5017 2269 5063 τις
2296 4997 2363 5052 ἀν
2394 4991 2792 5066 πληρούμενον.
2830 4980 3309 5058 Προανατέλλουσα
3334 4975 3443 5046 γὰρ
3475 4973 3639 5066 ἡδονὴ
3672 4991 3817 5031 κα,-

2185 5064 2621 5161 ταγοητεύειτὸν
2642 5082 2787 5145 νοῦν,
2819 5074 3071 5133 καὶκατὰ
3097 5070 3269 5144 βραχὺ
3298 5066 3517 5161 ὑποσπᾷ
3541 5064 3699 5161 πρὸς
3733 5071 3816 5124 τὸ

2183 5156 2392 5236 οἴεσθαι
2417 5178 2623 5241 λοιπὸν,
2666 5175 2726 5229 τὸ
2766 5170 2933 5245 μηδὲν
2964 5162 3104 5222 εἶναι
3141 5156 3417 5224 παντελῶς
3438 5199 3452 5224 ,
3483 5157 3576 5212 τοῦ
3619 5157 3820 5218 θείου

2182 5277 2348 5346 νόμου
2376 5271 2711 5344 παράϐασιν.
2744 5262 2856 5321 Καὶ
2902 5253 3440 5346 πιστώσεταιλέγων
3473 5252 3826 5346 ὁῃΧριο-τοῦ

2142 5396 2150 5405 ι
2185 5343 2506 5435 μαθητήςοίι
2549 5358 2754 5430 Μηδεὶς
2791 5350 3207 5425 πειραζόμενος,
3252 5345 3457 5414 λεγέτω
3505 5343 3586 5396 ὅτι
3639 5344 3836 5404 Ἀπδ

2182 5454 2317 5508 Θεοῦ
2339 5452 2690 5523 πειράζομαι.
2716 5449 2776 5500 Ὀ
2792 5443 2901 5516 γὰρ
2916 5441 3049 5505 Θεὸς
3070 5435 3400 5508 ἀπείραστός
3425 5436 3539 5487 ἐστι
3555 5437 3831 5494 κακῶν·

2187 5538 2436 5617 πειράζει
2471 5542 2526 5595 δὲ
2576 5540 2739 5604 αὐτὸς
2778 5534 2990 5591 οὐδένα.
3033 5529 3306 5590 Ἕκαστος
3351 5525 3406 5578 δὲ
3448 5524 3839 5593 πειράζεται,
