3998 6304
236 316 335 377 149
977 324 1065 379 DE
1100 321 1543 380 ADORATIONE
1582 323 1651 379 IN
1691 324 1842 380 SPIR

1945 326 1961 382 Ι
2004 325 2093 380 ET
2134 322 2503 380 VEBITA-TE.
2544 326 2671 381 LIB.
2717 328 2754 381 l.
3395 326 3529 387 ὥθ’

238 433 337 487 ὑπὸ
362 431 464 503 τῆς
500 433 637 497 ιδίας
669 433 964 503 ἐπιθυμίας
992 434 1344 506 ἐξελκόμενος
1373 437 1467 492 καὶ
1489 438 1808 510 δελεαζόμε-
1837 495 1842 506 ,

1945 457 2047 496 um
2103 447 2367 507 tentatur,
2404 438 2553 495 dicat
2583 441 2731 510 quod
2767 426 2813 494 ἰι
2866 442 2977 497 Deo
3039 451 3302 501 tentatur.
3352 445 3497 501 Deus

239 544 341 590 νος.
374 520 508 580 Εἶτα
542 527 576 597 ἡ
606 525 871 597 ἐπιθυμία
911 526 1249 581 συλλαϐοῦσα
1292 529 1467 583 τίκτει
1499 530 1771 602 ἁμαρτίαν
1791 547 1803 559 ·

1949 531 2063 586 nim
2100 532 2399 587 intentatur
2422 530 2690 585 malorum
2714 538 2832 595 est;
2872 531 2988 600 ipse
3016 542 3198 589 autem
3221 533 3496 591 neminem

242 619 266 687 ἡ
294 616 350 669 δὲ
376 614 622 687 ἁμαρτία
648 616 1088 685 ἀποτελεσθεῖσα,
1120 618 1352 673 ἀποκὺει
1382 620 1630 677 θάνατον.

1945 614 2110 679 entat.
2142 620 2529 692 Unusquisque
2557 630 2739 676 autem
2770 630 3012 677 tentatur
3048 640 3079 678 a
3102 628 3496 697 concupiscen-

147 750 153 755 .
241 714 310 767 tia
363 728 463 767 sua
529 712 839 768 abstractus
891 721 949 769 et
995 714 1232 770 illectus.
1269 715 1479 772 Deinde
1518 718 2004 789 concupiscentia,
2054 732 2178 772 cum
2238 716 2595 787 conceperit,
2645 715 2793 786 parit
2846 727 3164 787 peccatum;
3214 728 3497 789 peccatum

240 811 440 868 autem,
478 818 603 859 cum
660 812 1093 859 consummatum
1145 804 1330 873 fuerit,
1382 816 1607 877 generat
1652 817 1884 864 mortem
1905 808 1971 860 ¹⁹.
2013 825 2030 857 ι
3134 823 3141 830 ·

307 895 519 948 ΠΑΛΛ.
562 894 825 967 Ἀτρεκὴς
848 897 878 948 6
901 895 1079 965 λόγος.

1996 898 2192 954 PALL.
2232 896 2373 953 Vera
2398 896 2593 952 oratio.

307 985 473 1038 KTP.
506 985 967 1058 Ἀπεμπολήσασα
985 987 1048 1059 δὴ
1064 985 1157 1043 οὖν
1174 991 1273 1061 τὴν
1300 991 1452 1064 παρά
1474 986 1608 1047 Θεοῦ
1634 994 1815 1066 χάριν,

1992 990 2148 1047 CYR.
2185 971 2322 1045 Cum
2358 989 2457 1059 ιι
2492 989 2659 1060 igitur
2695 987 2793 1043 Dei
2818 986 3045 1059 gratiam
3091 996 3498 1054 commutasset,

244 1076 335 1130 καὶ
358 1074 708 1146 γυμνωθεῖσα
730 1076 831 1148 ἠδη
865 1075 973 1134 τῶν
1006 1079 1064 1133 ἐν
1086 1082 1278 1153 ἀρχαῖς
1306 1083 1546 1152 ἀγαθῶν,
1578 1084 1814 1156 ἑξεπὲμ-

1945 1100 1987 1141 ιο
2017 1084 2177 1139 bonis
2212 1082 2319 1137 illis
2356 1082 2559 1153 quibus
2587 1081 2657 1136 ab
2698 1080 2856 1136 initio
2888 1079 3089 1135 donata
3118 1072 3323 1146 fuerat,
3359 1090 3504 1136 esset

246 1182 373 1219 πετο
416 1166 515 1238 μὲν
547 1165 643 1222 τοῦ
676 1167 1007 1239 παραδείσου
1033 1172 1131 1243 τῆς
1154 1173 1386 1245 τρυφῆς,
1415 1176 1816 1246 μετεπλάττετο

1945 1174 2127 1229 nudata
2153 1189 2183 1229 e
2207 1171 2462 1243 paradiso
2489 1170 2811 1226 deliciarum
2839 1171 3032 1242 ejecta,
3063 1177 3119 1225 et
3147 1169 3215 1225 ad
3239 1169 3496 1227 deformi-

244 1257 298 1310 δὲ
325 1256 460 1327 πρὸς
488 1256 551 1311 τὸ
577 1258 808 1323 ἀκαλλὲς
835 1259 996 1325 εὐθὺς
1023 1263 1056 1334 ἡ
1083 1261 1372 1335 ἀνθρώπου
1398 1266 1579 1335 φύσις,
1614 1267 1820 1340 φθορᾶς

1951 1267 2093 1314 atem
2136 1258 2401 1330 evestigio
2429 1272 2691 1313 conversa
2714 1267 2798 1314 est
2818 1257 3101 1313 hominum
3122 1267 3336 1324 natura,
3354 1274 3503 1315 mor-

245 1344 300 1397 δὲ
330 1346 461 1399 εἵσω
488 1345 730 1401 πεσοῦσα
754 1347 940 1402 λοιπὸν
966 1350 1327 1407 ἀνεδείκνυτο.

1947 1350 2071 1419 ique
2105 1349 2366 1421 deinceps
2400 1348 2639 1404 obnoxia
2664 1356 2748 1404 est
2779 1348 3077 1407 declarata.

313 1435 522 1490 ΠΛΛΛ.
568 1437 933 1506 ’Δναγκαίωςυ
954 1441 1166 1497 Ἔνδεια
1193 1443 1302 1516 γὰρ
1335 1441 1488 1516 οἶμαι
1520 1434 1631 1501 τῶν
1675 1449 1825 1520 παρά

1993 1441 2188 1496 PALL.
2248 1441 2573 1497 Necessario
2610 1455 2762 1495 sane.
2801 1440 2900 1496 Dei
2946 1455 3186 1512 namque
3232 1440 3504 1497 donorum

249 1526 381 1580 Θεοῦ
442 1529 835 1602 χαρισμάτων,
886 1531 1038 1586 οὐδὲν
1093 1533 1283 1607 ἐτερόν
1339 1539 1487 1592 ἐστιν
1540 1539 1572 1610 ἦ
1622 1540 1823 1604 παντὸς

1945 1547 2141 1603 nopem
2171 1548 2314 1599 esse,
2334 1531 2477 1587 nihil
2502 1539 2607 1597 est,
2633 1531 2850 1603 opinor,
2878 1530 3229 1603 aiiud,quam
3254 1533 3323 1588 ab
3357 1535 3506 1588 omni

247 1618 563 1710 ἀπόπτωσις
591 1620 668 1693 (l)
692 1621 920 1691 ἀγαθοῦ.
960 1624 1357 1700 ’Δῤῥωστήσειε
1389 1629 1433 1682 δ’
1454 1627 1520 1683 ἀν
1550 1632 1581 1702 ἡ
1613 1629 1824 1704 ἀνθρὼ-

1945 1626 2144 1682 ienitus
2174 1627 2319 1683 bono
2360 1635 2638 1684 extorrem
2667 1625 2804 1683 ﬁeri.
2840 1624 3022 1682 Facile
3055 1635 3238 1683 autem
3266 1627 3509 1683 hominis

248 1726 351 1763 που
377 1708 541 1779 φύσις
582 1712 677 1764 καὶ
710 1712 855 1783 μάλα
900 1714 1101 1786 ῥᾳδίως
1132 1716 1230 1789 τὴν
1261 1718 1339 1781 είς
1379 1719 1485 1772 πᾶν
1512 1720 1687 1773 ὁτιοῦν
1716 1720 1823 1775 τῶν

248 1800 498 1858 ἐκτόπων
529 1801 875 1873 παραφορὰν,
912 1805 961 1857 εί
1009 1803 1084 1877 μὴ
1108 1806 1291 1878 ἀνέχοι
1323 1807 1460 1879 πρὸς
1493 1808 1693 1881 ἀρετὴν
1725 1810 1825 1865 αὑ-

245 1888 341 1960 τὴν
371 1891 404 1961 ἠ
439 1890 533 1945 τοῦ
562 1891 917 1959 διασώζοντος
945 1895 1128 1969 χάρις,
1158 1899 1274 1962 τοῖς
1312 1897 1523 1954 ἄνωθεν
1566 1902 1660 1955 καί
1694 1903 1824 1975 παρ’

249 1982 448 2054 ἑαυτῆς
479 1984 705 2050 ἀγαθοῖς
728 1986 1106 2050 πλουτίζουσα.

318 2073 486 2126 ΚΥΡ.
525 2071 599 2128 Εὖ
640 2075 846 2146 λέγεις.
883 2077 1271 2154 Συναινέσαιμι
1308 2083 1419 2156 γὰρ
1450 2083 1516 2139 ἂν
1546 2087 1640 2141 καὶ
1681 2086 1828 2157 μάλα

251 2162 477 2228 εἰκότως
498 2180 514 2196 ο
557 2165 748 2236 τρέφει
783 2168 882 2238 μὲν
906 2168 1012 2242 γὰρ
1032 2170 1110 2235 είς
1133 2171 1304 2245 ἀλκὴν
1326 2175 1425 2246 τὴν
1457 2176 1830 2250 πνευματικὴν

251 2256 278 2308 6
304 2253 469 2328 ἄρτος
489 2257 519 2310 6
547 2253 681 2322 ζῶν,
706 2257 849 2312 τοῦτ’
874 2259 1042 2327 ἔστιν,
1077 2264 1106 2316 6
1143 2264 1237 2317 τοῦ
1259 2265 1393 2319 Θεοῦ
1416 2266 1592 2336 λόγος.
1624 2268 1663 2320 Γ
1666 2268 1831 2340 ἐγρα-

253 2363 383 2400 πται
406 2346 541 2419 γάρ,
583 2349 664 2403 ὃτι
704 2367 722 2401 ι
758 2350 869 2405 Καὶ
895 2350 1060 2424 ἄρτος
1090 2356 1335 2425 στηρίξει
1359 2358 1585 2429 καρδίαν
1623 2358 1831 2431 ἀνθρώ-

252 2453 379 2492 που.
420 2457 443 2490 ι
476 2438 730 2504 Δουλείας
760 2440 817 2495 δὲ
849 2442 1185 2498 ἀπαλλάττει
1222 2448 1316 2500 καὶ
1345 2448 1552 2513 παθῶν,
1597 2451 1832 2516 καὶτοῖς

254 2529 334 2592 είς
364 2528 675 2602 ἐλευθερίαν
711 2533 1023 2605 αὐχήμασιν
1046 2531 1105 2590 εῦ
1144 2537 1288 2607 μάλα
1318 2543 1667 2612 καταχρυσοῖ.
1694 2542 1829 2595 Συν-

256 2620 581 2688 εσταλκότος
606 2624 663 2678 δὲ
685 2623 874 2697 ὥσπερ
916 2626 1020 2698 τὴν
1046 2630 1206 2700 χεῖρα
1228 2628 1321 2683 τοῦ
1349 2629 1506 2693 Θεοῦ,
1531 2634 1624 2686 καὶ
1642 2632 1740 2704 τὴν
1772 2634 1832 2690 ἐν

257 2712 468 2778 τούτοις
496 2716 625 2787 ἡμῖν
653 2716 918 2789 χορηγίαν
945 2719 1006 2772 οὑ
1038 2719 1408 2791 διανέμοντος*
1440 2724 1587 2777 πᾶσα
1617 2723 1830 2797 ἀνάγκη

259 2818 377 2865 πως
420 2805 516 2857 καὶ
548 2804 889 2879 ἀνεθελήτοις
925 2810 1072 2880 ἡμᾶς
1101 2812 1448 2883 περιπίπτειν
1481 2816 1671 2878 κακοῖς
1693 2854 1707 2880 ,
1737 2815 1833 2870 καὶ

260 2896 464 2969 ἀρετῆς
497 2896 596 2966 μέν
632 2898 848 2970 ἀπάσης
887 2900 1240 2966 ἀπωλισθεῖν,
1269 2903 1520 2961 ὑπελθεῖν
1551 2905 1609 2960 δέ
1643 2906 1833 2981 ῶσπερ

261 3079 447 3145 εξίάς,
494 3083 572 3146 ὡς
630 3082 800 3154 ἀγχοῦ
842 3084 1093 3154 γενέσθαι
1146 3086 1333 3142 λοιπὸν
1380 3089 1474 3142 τοῦ
1512 3091 1606 3145 καὶ
1663 3090 1833 3162 αὑτὴν

263 3171 524 3226 ἀπολέσαι
545 3172 644 3247 τὴν
671 3175 750 3238 είς
773 3170 882 3229 πᾶν
897 3175 1073 3231 ὁτιοῦν
1089 3178 1194 3232 τῶν
1221 3179 1440 3249 ἀγαθῶν
1459 3181 1836 3254 ὑπηρετοῦσαν

261 3264 394 3332 ἡμῖν
425 3264 521 3318 καὶ
554 3267 959 3339 συνῳκισμένην
995 3267 1206 3323 σύνεσιν
1226 3309 1241 3334 ,
1271 3271 1366 3324 καὶ
1394 3272 1583 3341 σοφίας
1622 3274 1836 3346 ἐρήμην

264 3354 362 3424 τῆς
399 3354 544 3410 κατά
593 3355 726 3411 Θεὸν
763 3359 1141 3433 ἀποφανθῆναι
1183 3379 1244 3416 τε
1278 3363 1556 3430 παντελῶς
1594 3365 1692 3436 τὴν
1734 3364 1831 3418 τοῦ

267 3445 532 3510 παθόντος
566 3449 809 3521 καρδίαν,
844 3453 1354 3526 ἐκπεπορνευμένην
1384 3455 1573 3528 ὥσπερ
1616 3457 1696 3528 τῷ
1733 3457 1840 3512 Σα-

266 3539 403 3610 τανᾷ
422 3577 437 3602 ,
474 3543 569 3593 καὶ
593 3541 979 3613 ὑπενεχθεῖσαν
1007 3545 1243 3609 εὐκόλως
1268 3545 1459 3617 ὑϐρεσί
1476 3563 1535 3601 τε
1560 3547 1652 3602 καὶ
1677 3548 1838 3603 ἀσελ-

269 3628 440 3695 γείαις
472 3634 591 3694 ταῖς
615 3631 708 3685 ὑπ’
735 3632 921 3688 αὑτοῦ.

338 3727 547 3783 ΠΑΛΛ.
582 3728 921 3795 ,Ἐκδείξειας
953 3730 1020 3785 ἀν
1061 3732 1227 3796 ὅπως,
1257 3732 1290 3804 ἢ
1319 3732 1491 3802 ψιλοῖς
1515 3734 1694 3797 ἐάσεις
1725 3735 1842 3788 ἐπι-

271 3818 527 3888 νήχεσθαι
560 3818 835 3891 λογισμοῖς
860 3838 877 3887 ;
1353 3842 1358 3850 ’

344 3904 509 3966 ΚΥΡ.
559 3912 799 3966 Ἤκιστά
825 3930 910 3981 γε.
946 3913 1342 3986 Παραδείξαιμι
1386 3915 1495 3987 γάρ
1544 3915 1610 3970 ἀν
1649 3918 1725 3981 ὡς
1764 3915 1843 3970 ἔνι

275 4002 449 4067 καλῶς
480 4005 555 4058 τά
587 4008 699 4069 τοῖς
745 4005 991 4077 ἀρχαίοις
1045 4005 1429 4080 συμϐεϐηκότα
1452 4048 1466 4073 ,
1518 4008 1838 4080 διαμορφῶν

271 4094 537 4166 εὐτέχνως
569 4097 649 4160 εἰς
675 4095 844 4152 τύπον
885 4099 991 4151 τῶν
1032 4098 1261 4177 νοητῶν,
1292 4098 1513 4165 Εἰκόνες
1544 4100 1652 4173 γὰρ
1685 4104 1843 4171 ἐναρ-

272 4187 386 4253 γεῖς
410 4187 503 4241 καὶ
526 4187 900 4260 ἀριδηλότατοι
928 4189 1166 4260 γένοιντο
1193 4190 1257 4245 ἀν
1282 4193 1412 4264 ἡμῖν
1432 4190 1541 4247 τῶν
1561 4194 1618 4245 ἐν
1646 4192 1846 4264 θεωρίᾳ

272 4273 464 4346 λεπτῇ,
494 4274 566 4329 τὰ
591 4276 666 4340 ὠς
693 4277 751 4329 ἐν
787 4276 1035 4349 αἰσθήσει
1068 4294 1129 4332 τε
1159 4279 1254 4333 καὶ
1282 4280 1358 4344 ὡς
1393 4281 1451 4335 ἐν
1481 4281 1599 4353 ὄψει
1636 4298 1846 4352 σημαν-

1926 1726 2120 1773 natura
2145 1719 2210 1774 ad
2232 1719 2438 1789 quaevis
2463 1718 2704 1774 absurda
2741 1715 3042 1784 deferetur,
3069 1719 3175 1774 nisi
3202 1718 3355 1773 illam
3386 1718 3506 1773 Sai-

1924 1811 2132 1865 vatoris
2168 1811 2342 1881 gratia
2377 1810 2436 1864 in
2480 1810 2686 1865 virtute
2732 1809 3022 1876 sustineat,
3054 1825 3118 1865 ac
3142 1809 3304 1865 bonis
3341 1809 3509 1866 cccle-

1928 1901 2125 1967 stibus,
2156 1915 2391 1971 quorum
2420 1910 2505 1955 est
2524 1893 2643 1971 ipsa
2671 1899 2814 1968 fons,
2838 1909 3085 1972 augeat:

1998 1991 2157 2049 ΟΥΕ.
2187 1992 2359 2047 Recte
2404 2004 2535 2046 sane
2579 1990 2738 2057 dicis,
2786 2001 2842 2046 et
2887 1990 3086 2047 merito
3111 1992 3369 2064 equidem
3412 1990 3511 2045 tibi

1929 2081 2235 2145 assentior;
2268 2078 2365 2134 alit
2382 2079 2529 2134 enim
2557 2079 2621 2134 ad
2648 2080 2963 2150 spirituales
2987 2080 3134 2136 vires
3166 2081 3511 2152 accipiendas

1930 2168 2091 2239 panis
2131 2169 2223 2224 ille
2248 2168 2441 2234 vivus,
2468 2168 2524 2223 id
2555 2178 2660 2233 est,
2692 2169 2791 2225 Dei
2818 2168 3073 2225 verbum.
3103 2169 3382 2242 Scriptum
3426 2179 3512 2226 est

1930 2259 2114 2316 enim:
2149 2278 2167 2311 ι
2199 2259 2366 2315 Panis
2397 2257 2688 2343 confirmat
2722 2274 2818 2314 cor
2836 2248 3076 2315 hominis
3097 2254 3161 2313 ³⁸.
3192 2279 3210 2312 ι
3240 2258 3515 2315 Servitute

1929 2366 2148 2421 quoque
2180 2360 2237 2406 et
2267 2349 2451 2421 pravis
2487 2350 2776 2407 affectibus
2807 2350 3039 2417 liberat,
3068 2359 3124 2407 et
3151 2367 3315 2406 aurea
3343 2351 3513 2407 liber-

1932 2440 2058 2495 tatis
2106 2439 2277 2510 gloria
2325 2438 2570 2494 decorat.
2612 2440 2683 2494 At
2736 2438 2785 2495 si
2831 2455 3056 2499 manum
3111 2439 3516 2510 quodammodo

1930 2528 2265 2583 contraxerit
2317 2528 2498 2595 Deus,
2546 2528 2854 2599 horumque
2898 2528 3169 2583 bonorum
3219 2527 3380 2583 nobis
3427 2542 3518 2581 eoo

1930 2617 2074 2687 piam
2105 2617 2329 2672 minime
2355 2615 2738 2688 suppeditarit,
2760 2618 2984 2673 necesse
3010 2623 3095 2671 est
3119 2615 3345 2670 omnino
3368 2622 3431 2669 ut
3462 2615 3519 2669 in

1931 2709 2072 2763 mala
2102 2708 2268 2763 etiam
2299 2717 2500 2780 praeter
2527 2709 2871 2765 voluntatem
2901 2707 3229 2773 incidamus,
3260 2715 3424 2778 atque
3449 2706 3518 2761 ab

1932 2800 2082 2855 omni
2121 2816 2346 2871 prorsus
2367 2801 2572 2857 virtute
2614 2801 2956 2867 cxcidamus,
2990 2815 3053 2857 ac
3086 2799 3259 2856 veluti
3290 2798 3520 2854 alterius

1928 2892 2116 2964 jugum
2146 2892 2462 2959 subeamus,
2493 2893 2563 2948 ad
2589 2906 2765 2964 caque
2800 2892 2964 2957 mala,
2996 2906 3227 2963 eamque
3258 2890 3517 2963 injuriam

151 3042 161 3052 ,
259 2988 350 3042 τὸν
380 2987 571 3063 ἐτέρου
596 2988 778 3059 ζυγὸν,
803 2985 959 3063 ἥκειν
984 3010 1043 3047 τε
1062 2994 1121 3059 ἐς
1147 2994 1303 3050 τοῦτο
1330 2996 1515 3052 κακῶν
1535 3000 1629 3055 καὶ
1648 3000 1837 3054 πλεον-

1945 2984 2337 3055 perveniamus,
2373 2994 2435 3041 ut
2454 3002 2566 3042 non
2586 2988 2822 3042 multum
2850 2985 2996 3042 absit
3022 2986 3158 3058 quin
3185 2986 3359 3057 ipsam
3385 3001 3521 3056 quo-

1940 3098 2047 3154 que
2085 3083 2199 3155 jam
2228 3083 2665 3156 intelligentiam,
2688 3098 2809 3154 qum
2835 3082 2905 3139 ad
2941 3084 3125 3137 omnia
3157 3080 3319 3136 nobis
3350 3080 3522 3134 bono-

1942 3188 2063 3228 rum
2093 3188 2291 3245 genera
2333 3172 2685 3245 adipiscenda
2724 3181 2781 3229 et
2810 3172 3130 3231 administra
3169 3178 3255 3225 est
3286 3178 3343 3225 et
3384 3184 3518 3224 con-

1936 3265 2145 3335 juncta,
2179 3263 2515 3330 amittamus,
2554 3270 2726 3333 utque
2756 3264 2878 3333 ejus
2909 3262 3004 3331 qui
3048 3263 3125 3315 ita
3175 3258 3404 3315 aﬂ‘ect‘us
3439 3268 3524 3314 est

1943 3371 2040 3411 cor
2067 3355 2253 3409 divina
2285 3354 2554 3427 sapientia
2573 3354 2735 3423 plane
2755 3354 2989 3407 vacuum
3012 3359 3290 3416 cernatur,
3321 3349 3524 3422 quippe

1945 3445 2037 3514 qui
2070 3460 2263 3515 passus
2289 3445 2359 3500 sit
2380 3443 2515 3499 illud
2550 3442 2807 3514 prostitui
2838 3442 3070 3508 Satanae,
3102 3442 3372 3512 facileque
3402 3443 3524 3514 ejus

1946 3536 2162 3591 libidini
2191 3544 2353 3606 atque
2390 3533 2742 3594 contumeliis
2773 3533 2992 3606 subjici.

2003 3714 2198 3769 PALL.
2241 3713 2718 3769 Demonstrabisne
2768 3728 2878 3784 quo
2903 3720 3062 3785 pacto
3093 3712 3148 3768 id
3180 3711 3421 3778 accidat,
3457 3727 3526 3767 an

1949 3807 2005 3861 in
2029 3805 2192 3861 nudis
2217 3805 2643 3878 cogitationibus
2662 3820 2764 3861 nos
2789 3804 3056 3861 ﬂuctuare
3079 3804 3267 3860 sines?

2018 3895 2173 3953 CYR.
2202 3894 2423 3954 Minime
2451 3896 2933 3955 vero..0stendam
2957 3898 3127 3963 enim,
3162 3905 3225 3952 ut
3256 3912 3346 3952 res
3382 3898 3526 3967 pati-

1952 3998 2060 4055 tur,
2088 3988 2460 4060 pulcherrime
2486 4030 2500 4055 ,
2527 3998 2586 4046 et
2618 4005 2680 4046 ea
2713 4005 2832 4061 quae
2874 3990 3154 4046 veteribus
3188 3989 3525 4054 acciderunt,

1951 4081 2243 4136 artiﬁciose
2269 4081 2335 4137 ad
2362 4096 2548 4137 rerum
2573 4082 2939 4152 spiritualium
2963 4080 3190 4153 figuram
3215 4081 3529 4151 expressius

1952 4170 2220 4242 ellingam.
2252 4171 2388 4225 Nam
2425 4187 2489 4226 ea
2519 4186 2640 4241 quae
2668 4172 2841 4226 veluti
2890 4172 3147 4227 sensibus
3187 4179 3244 4225 et
3283 4171 3527 4239 aspectui

1954 4274 2218 4330 corporeo
2244 4269 2372 4314 sunt
2394 4259 2663 4329 exposita,
2693 4275 2878 4314 rerum
2922 4274 3042 4329 quae
3070 4258 3257 4314 subtili
3279 4266 3528 4313 contem-

272 4339 747 4441 stxﬁ."l‘éypa1:1at
764 4339 947 4423 τοίνυν
961 4356 1192 4441 περὶτοῦ
1211 4339 1549 4445 προπάτορος
1576 4339 1842 4445 Ἀϐραάμ·

1953 4350 2191 4421 platione
2217 4358 2539 4415 cernuntur,
2572 4349 2840 4421 imagines
2878 4349 3166 4404 evidentes
3194 4356 3361 4419 atque
3406 4364 3530 4418 per-

280 4474 297 4506 ι
340 4458 452 4512 Καὶ
487 4459 705 4528 ἐγένετο
719 4457 771 4512 λι
779 4460 876 4531 μδς
896 4460 988 4513 ἐπὶ
1006 4460 1106 4532 τῆς
1126 4459 1250 4532 γῆς,
1265 4461 1357 4515 καὶ
1373 4461 1578 4532 κατέϐη
1601 4454 1851 4534 Ἀϐραὰμ

276 4549 357 4612 είς
386 4549 665 4618 Αἴγυπτον
694 4553 1013 4623 παροικίσαι
1043 4554 1176 4616 ἐκεῖ,
1206 4553 1289 4608 ὅτι
1319 4553 1597 4625 ἐνίσχυσεν
1629 4556 1656 4606 6
1698 4554 1852 4626 λιμὸς

272 4639 367 4693 ἐπὶ
397 4640 499 4711 τῆς
525 4642 646 4711 γῆς.
688 4661 706 4694 ι
742 4641 852 4714 Τὴν
882 4643 993 4715 γάρ
1024 4661 1108 4697 τοι
1131 4644 1291 4715 φίλην
1314 4645 1373 4698 τε
1394 4643 1542 4716 αὑτῷ
1573 4646 1665 4699 καὶ
1699 4648 1851 4716 ἐνεγ-

273 4731 480 4796 κοῦσαν
502 4734 680 4803 ἀφεὶς,
709 4734 1086 4807 μεθωρμίζετο
1108 4736 1244 4809 πρὸς
1268 4736 1482 4809 ἑτέραν,
1508 4736 1575 4810 ἣν
1607 4736 1851 4804 ὑπέδειξε

272 4821 428 4886 Θεός.
465 4841 484 4874 ι
526 4822 745 4888 Ἔξελθε
777 4825 905 4896 γὰρ,
946 4844 965 4877 ι
999 4824 1184 4895 φησιν,
1213 4844 1232 4877 ι
1264 4826 1329 4879 ἐκ
1354 4820 1453 4898 τῆς
1483 4827 1584 4898 γῆς
1617 4843 1734 4891 σου,
1759 4829 1854 4882 καὶ

272 4914 339 4965 ἐκ
375 4913 478 4982 τῆς
505 4913 828 4981 συγγενείας
859 4932 974 4981 σου,
1004 4915 1097 4968 καὶ
1123 4913 1281 4985 δεῦρο
1307 4915 1387 4978 είς
1415 4914 1538 4987 γῆν,
1572 4916 1638 4985 ἣν
1670 4915 1733 4971 ἀν
1769 4934 1853 4971 σοι

268 5004 455 5071 δείξω.
506 5024 527 5058 ι
584 5005 1022 5077 Καταόρίθοντος
1062 5006 1119 5060 δέ
1156 5007 1250 5060 τοῦ
1301 5007 1483 5079 λιμοῦ,
1515 5007 1608 5060 καὶ
1639 5007 1861 5063 δυσδιοί-⁴

271 5111 481 5165 φυκτον
508 5097 706 5169 κομιδῇ
744 5097 844 5169 τὴν
872 5094 1073 5170 ζημίαν
1106 5098 1424 5167 ἐπάγοντος,
1453 5097 1550 5169 τὴν
1583 5098 1854 5166 Αἴγυπτον

273 5184 431 5251 ἰδεῖν,
472 5186 570 5241 καὶ
614 5186 713 5259 οὐχ
764 5185 928 5253 ἑκὼν,
962 5187 1230 5252 ἐϐιάζετο.
1272 5188 1382 5241 Καὶ
1432 5187 1717 5259 κατῴκησε
1756 5189 1854 5258 μὲν

266 5275 417 5347 οὐχὶ,
442 5276 743 5349 παρῴκησε
771 5277 828 5331 δέ
852 5277 1050 5350 μᾶλλον
1079 5281 1136 5334 ἐν
1164 5280 1320 5350 αὑτῇ.

344 5449 561 5505 ΠΑΛΛ.
602 5449 668 5503 Τί
689 5445 785 5504 οὖν
808 5449 963 5505 τοῦτό
986 5468 1046 5520 γε
1069 5469 1083 5517 ;

1948 4441 2150 4513 spicuae
2187 4455 2312 4497 esse
2360 4446 2640 4511 poterunt.
2680 4439 2957 4510 Scriptum
2994 4449 3080 4494 est
3123 4438 3271 4494 enim
3319 4438 3388 4494 de
3426 4453 3527 4509 pa-

1949 4534 2184 4589 triarcha
2216 4532 2526 4588 Abraham:
2563 4548 2582 4583 ι
2623 4530 2694 4586 Et
2736 4530 2879 4585 facta
2913 4539 2999 4587 est
3035 4529 3212 4586 fames
3249 4530 3306 4585 in
3344 4538 3522 4585 terra:

1949 4634 2006 4680 et
2028 4623 2313 4680 descendit
2335 4622 2608 4677 Abraham
2635 4622 2693 4676 in
2721 4619 3032 4694 Egyptum,
3061 4629 3123 4677 ut
3147 4621 3526 4693 peregrinare-

1953 4728 2042 4772 tur
2088 4715 2199 4782 ibi;
2228 4715 2355 4784 quia
2387 4714 2691 4768 invaiuerat
2732 4713 2903 4769 fames
2939 4714 2994 4767 in
3041 4722 3192 4767 terra
3213 4713 3278 4765 ".
3313 4731 3330 4762 ι
3371 4711 3527 4765 Dulci

1951 4809 2097 4863 enim
2131 4816 2185 4861 et
2222 4805 2389 4860 natali
2428 4806 2546 4860 solo
2587 4805 2780 4861 relicto
2806 4845 2819 4870 ,
2847 4805 2902 4870 in
2947 4804 3112 4857 aliam
3149 4817 3208 4856 se
3248 4802 3527 4871 regionem

1952 4901 2380 4971 contulit,quam
2400 4898 2718 4955 ostenderat
2746 4900 2908 4954 Deus.
2931 4916 2948 4947 ι
2966 4892 3065 4956 Exi
3088 4894 3257 4961 enim,
3278 4915 3297 4945 ι
3328 4895 3526 4965 inquit,

1962 5014 1979 5047 ι
2013 4994 2081 5050 de
2110 5004 2256 5050 terra
2281 5002 2396 5058 tua,
2428 5002 2485 5049 et
2508 4993 2575 5048 de
2595 4990 2918 5063 cognatione
2953 4998 3064 5054 tua,
3086 4995 3143 5042 et
3171 4987 3297 5043 veni
3324 4987 3379 5043 in
3416 4995 3528 5042 ter—

1922 5120 1927 5127 -
1955 5101 2093 5152 ram,
2113 5096 2283 5156 quam
2302 5084 2681 5139 monstravere
2710 5078 2811 5137 tibi
2832 5078 2900 5132 ³³.
2918 5082 2921 5083 ⁷
2940 5098 2956 5129 ι
2989 5077 3407 5154 Ingravescente
3428 5090 3528 5132 au—

1960 5185 2069 5233 tem
2101 5171 2263 5241 fame,
2290 5183 2347 5230 et
2372 5166 2689 5231 inevitabile
2717 5166 2973 5223 damnum
3000 5165 3291 5231 intercute,
3326 5167 3529 5223 invitus

1920 5294 1933 5303 -
1966 5268 2069 5337 12
2101 5265 2314 5337 Egypti
2344 5264 2623 5334 regionem
2654 5259 2889 5315 invisere
2921 5266 3143 5315 coactus
3179 5266 3299 5323 est;
3340 5256 3394 5309 in
3421 5269 3529 5327 qua

1962 5375 2071 5415 non
2099 5367 2158 5411 ut
2179 5357 2378 5419 incola,
2409 5352 2504 5408 sed
2538 5361 2599 5407 ut
2623 5350 2946 5423 peregrinus
2967 5358 3217 5408 versatus
3241 5354 3346 5406 est.

2034 5448 2226 5504 PALL.
2255 5445 2525 5512 Quorsum
2556 5444 2661 5500 hoc
2686 5443 2934 5510 spectat?

342 5605 427 5674 (1)
487 5605 633 5669 ναι..
703 5607 1030 5674 ἀπόγνωσις.
1096 5606 1359 5669 Codicem
1416 5605 1603 5661 Sirleti
1638 5606 1966 5676 sequimur.

340 5719 394 5753 "
421 5720 533 5776 Jac.
571 5738 610 5788 ι,
644 5722 825 5776 15-15.
905 5724 947 5755 ³ο
977 5724 1114 5778 Psal.
1145 5726 1254 5789 cm,
1296 5724 1374 5779 13.

1454 5724 1493 5756 ”
1527 5724 1661 5779 Gen.
1694 5741 1786 5789 xu,
1827 5723 1906 5775 10.
1986 5721 2027 5754 ³³
2058 5720 2221 5777 lbid..
2256 5719 2295 5773 1.
