3998 6304
513 266 608 322 151

1539 266 1593 322 S.
1634 266 1909 322 CYRILLI
1948 267 2419 324 ALEXANDHINI
2459 269 2775 325 ARCHIEP.

3664 271 3765 326 152

525 434 529 436 _
579 377 735 433 CYR.
785 379 1215 434 Pulcherrimam
1266 383 1424 436 nobis
1488 397 1674 437 rerum
1728 385 2080 440 secretiorum

2260 387 2423 442 ΚΥΡ.
2442 387 2699 458 Ἀρίστην
2717 385 2848 457 ἡμῖν
2869 383 2976 436 τῶν
2999 381 3384 454 ἀφανεστέρων
3409 383 3506 454 τὴν
3531 383 3762 455 θεωρίαν

405 479 410 483 ’
509 469 737 523 formam
770 470 1025 541 proponit
1059 472 1551 541 contemplandam.

578 560 777 616 PALL.
810 560 928 627 Quo
957 563 1151 632 pacto?

575 652 730 708 ΟΥΕ.
782 652 1095 708 Iudaeorum
1149 653 1585 710 incredulitatem
1645 655 1969 728 increpans,
2005 661 2084 712 ait

509 745 685 799 Deus:
728 763 746 795 ι
781 745 920 800 Ecce
970 746 1225 800 inducam
1263 745 1463 801 famem
1496 762 1661 818 super
1691 757 1921 816 terram,
1972 766 2083 805 non

509 837 708 891 famem
751 839 928 907 panis,
956 853 1134 908 neque
1177 839 1323 893 sitim
1373 854 1561 908 aqum,
1605 839 1704 895 sed
1752 840 1956 904 famem
1985 858 2082 897 au-

509 927 695 982 diendi
723 928 952 982 verbum
980 928 1214 982 Domini.
1257 929 1327 984 Et
1351 930 1429 984 ab'
1448 930 1657 986 oriente
1685 947 1858 1002 usque
1886 933 1955 994 ad
1987 949 2082 988 oc-

510 1018 781 1073 cidentem
826 1019 1338 1074 circumcursabunt
1377 1029 1687 1090 quazrentes
1710 1025 1940 1078 verbum
1974 1025 2084 1088 Do-

509 1107 665 1172 mini,
699 1117 896 1164 etnon
943 1109 1224 1164 invenient
1244 1110 1338 1162 ⁸³.»
1385 1111 1571 1180 Atqui,
1606 1111 1801 1176 amice,
1840 1114 1933 1182 qui
1985 1114 2085 1169 hac

508 1195 650 1251 fame
697 1199 943 1268 oppressi
988 1207 1136 1264 sunt,
1183 1208 1241 1254 et
1282 1200 1790 1262 subministratione
1837 1203 1927 1258 illa
1965 1204 2081 1269 Dei,

507 1305 629 1359 quae
657 1305 759 1346 nos
795 1290 850 1344 in
880 1292 1084 1346 virtute
1113 1292 1360 1349 continet
1384 1293 1588 1365 lapsos,
1619 1294 1889 1362 destituti,
1929 1312 2083 1358 esca-

506 1396 614 1450 que
643 1381 724 1436 illi
766 1383 976 1438 caelesti
1015 1393 1180 1454 atque
1210 1399 1449 1454 superna
1476 1393 1688 1455 carent,
1720 1401 1790 1440 an
1828 1403 1936 1442 non
1965 1402 2085 1442 om-

507 1471 638 1528 nino
659 1487 884 1530 neeesse
910 1482 997 1530 est
1025 1475 1391 1546 peregrinari,
1422 1477 1778 1552 exsulemque
1818 1478 2084 1549 quodam-

507 1563 671 1620 modo
696 1573 940 1620 mentem
968 1565 1052 1622 eis
1078 1565 1197 1622 fieri
1221 1565 1291 1625 ad
1319 1565 1596 1628 deteriora
1627 1569 1886 1649 deinceps
1909 1569 2085 1625 demi-

505 1659 776 1720 grantem,
796 1662 855 1708 et
877 1668 946 1708 ex
967 1653 1188 1715 virtutis
1211 1653 1467 1716 ﬁrmitate
1489 1665 1747 1726 tanquam
1775 1674 1842 1714 ex
1866 1658 2088 1730 propria

506 1742 726 1813 regione
777 1745 992 1814 pulsam
1021 1785 1037 1812 ,
1086 1745 1422 1804 descendere
1484 1747 1542 1801 in
1600 1725 1770 1806 alium
1830 1725 2082 1808 habitum
2118 1725 2158 1782 Β

505 1842 669 1904 atque
698 1835 1062 1905 voluntatem,
1093 1853 1272 1908 neque
1300 1837 1560 1910 deinceps
1589 1840 1685 1895 Dei
1715 1841 2082 1913 imperio,sed

505 1926 738 1995 sceptris
775 1927 1064 1984 diabolicis
1123 1928 1428 2000 subjectam
1457 1930 1621 1986 esse?
1650 1932 1855 1996 Parens
1909 1936 2079 2001 enim,

503 2016 717 2086 opinor,
754 2026 809 2072 et
845 2035 944 2074 rex
980 2020 1190 2090 peccati
1240 2021 1287 2076 is
1329 2029 1413 2078 est
1452 2021 1546 2093 qui
1596 2009 1804 2094 primus
1838 2025 1970 2081 illud
2023 2026 2083 2083 in

501 2108 768 2164 mundum
797 2109 1001 2177 intulit,
1033 2114 1188 2183 cujus
1213 2111 1438 2184 ﬁguram
1461 2123 1623 2186 atque
1653 2116 1944 2187 imaginem
1968 2133 2081 2174 non

501 2199 758 2267 absurde,
787 2210 847 2258 ut
873 2203 1088 2274 opinor,
1113 2213 1318 2262 statuat
1353 2207 1696 2264 Pharaonem
1726 2209 1882 2270 illum
1913 2209 2080 2281 Egy-

503 2291 739 2360 ptiorum
759 2293 1086 2365 principem,
1117 2297 1264 2368 apud
1286 2301 1426 2367 ques
1442 2299 1626 2354 densa)
1645 2308 1802 2353 erant
1827 2315 2078 2356 errorum

503 2385 761 2453 tenebrae,
785 2387 1106 2460 nullumque
1133 2389 1396 2460 nequitia:
1419 2406 1594 2461 genus
1621 2391 1971 2448 intentatum.

573 2565 768 2620 PALL.
802 2567 872 2621 Et
902 2583 1138 2638 quanam
1171 2568 1277 2623 fuit
1305 2569 1579 2626 Abraham
1629 2570 1866 2628 affectus
1899 2571 2078 2628 mole-

500 2658 624 2722 stia,
657 2673 724 2713 ex
747 2673 815 2714 eo
845 2660 991 2730 quod
1013 2661 1068 2715 in
1096 2660 1386 2733 Egyptum
1414 2663 1811 2719 descenderat?

569 2749 727 2806 CYR.
750 2749 980 2806 Maxima
1002 2767 1151 2808 sane.
1182 2753 1584 2828 Propemodum
1610 2755 1758 2810 enim
1792 2755 1935 2814 ultra
1957 2770 2078 2816 om-

499 2856 627 2896 nem
650 2843 918 2899 malorum
949 2843 1174 2900 modum
1198 2844 1445 2913 perlatus
1474 2852 1575 2898 est.
1617 2843 1676 2898 Id
1709 2852 1891 2899 autem
1921 2845 2079 2904 facile

501 2933 701 3000 disces,
732 2933 1018 3004 Scriptura
1045 2935 1292 2990 dicente:
1321 2953 1339 2986 ι
1367 2933 1596 2991 Factum
1621 2945 1706 2992 est
1734 2945 1917 2991 autem
1951 2951 2078 2992 cum

500 3033 878 3137 ingrederetur
893 3033 1166 3137 Abraham
1191 3033 1249 3089 in
1275 3032 1588 3137 Egyptum,
1621 3033 1874 3137 videntes
1909 3032 2077 3137 @gy-
2103 3077 2146 3137 α

497 3125 600 3197 ptii
641 3125 930 3182 mulierem
951 3166 965 3192 ,
997 3126 1142 3196 quod
1175 3131 1324 3182 esset
1359 3127 1590 3198 pulchra
1622 3125 1810 3192 nimis,
1837 3133 1895 3181 et
1917 3125 2073 3182 vide-

498 3226 630 3274 runt
659 3233 782 3274 eam
811 3219 1085 3290 principes
1118 3219 1452 3284 Pharaonis,
1479 3227 1536 3274 et
1563 3218 1924 3274 laudaveruut
1953 3234 2075 3280 eam

498 3311 644 3382 apud
694 3311 1057 3377 Pharaonem,
1093 3319 1151 3366 et
1205 3309 1543 3366 induxerunt
1575 3325 1695 3365 eam
1748 3310 1806 3365 in
1850 3309 2075 3374 domum

498 3403 799 3462 Pharaonis
822 3401 888 3456 ⁸⁵.
930 3422 948 3454 ι
998 3402 1135 3458 Vide
1183 3397 1380 3472 igitur,
1417 3399 1644 3467 Palladi,
1680 3414 1845 3473 quam
1878 3416 2071 3473 parum

498 3494 735 3550 abfuerit
761 3493 894 3566 quin
922 3509 1152 3549 uxorem
1182 3491 1450 3548 amiserit.

567 3585 764 3642 PALL.
795 3585 971 3652 Quam
1001 3599 1162 3654 asper
1194 3598 1383 3649 casus,
1413 3591 1469 3638 et
1510 3583 1750 3654 graviter
1781 3580 2068 3638 ferendus!

566 3760 724 3824 ΟΥΕ.
758 3758 924 3830 Atqui
957 3760 1062 3815 hoc
1097 3760 1243 3814 idem
1277 3759 1635 3829 spiritualiter
1665 3759 1721 3814 in
1751 3759 1910 3814 nobis
1939 3759 2072 3830 ipsis

497 3849 776 3906 usuvenit.
819 3849 1031 3917 Quibus
1083 3850 1230 3906 enim
1279 3849 1542 3908 acciderit
1575 3851 1644 3907 ab
1687 3852 1969 3907 honestate
2009 3865 2072 3904 ac

497 3940 700 3995 virtute
723 3979 738 4006 ,
767 3954 932 4010 quam
966 3939 1071 3994 sibi
1102 3939 1335 3994 amicam
1364 3947 1423 3995 et
1449 3940 1771 3998 familiarem
1819 3939 2066 4005 fecerint,

498 4038 757 4100 tanquam
783 4045 814 4085 e
845 4045 943 4085 sua
966 4029 1143 4100 patria
1172 4029 1320 4099 pelli,
1356 4037 1414 4086 et
1440 4030 1508 4084 ad
1543 4031 1815 4090 deteriora
1844 4030 2069 4086 descen-

495 4120 645 4185 dere,
679 4127 735 4174 et
763 4120 990 4190 sceptris
1019 4119 1304 4174 diabolicis
1332 4120 1514 4186 subdi,
1550 4137 1646 4177 eos
1674 4121 1916 4191 undique
1946 4136 2068 4178 om-

493 4211 765 4282 nibusque
804 4211 982 4269 modis
1027 4210 1451 4283 aggrediuntur,
1489 4213 1666 4283 iisque
1707 4227 1897 4284 graves
1937 4211 2071 4265 insi-

491 4302 610 4360 dias
638 4311 858 4362 struunt
889 4303 1151 4374 improbae
1182 4311 1346 4375 atque
1374 4303 1700 4360 adversariae
1739 4314 2066 4376 potestates,

2185 479 2492 550 διαμορφοτ.

2257 572 2466 626 ΠΔΛΛ.
2506 569 2638 624 Τίνα
2666 569 2867 642 τρόπον
2887 585 2903 633 ;

2257 665 2422 718 ΚΥΡ.
2453 663 2585 726 Ταῖς
2605 661 2714 715 τῶν
2749 660 3016 714 Ἰουδαίων
3040 660 3316 724 ἁπειθίαις
3338 659 3633 730 ἐπιτιμῶν,
3658 659 3762 729 ἔφη

2188 775 2291 810 που
2329 758 2356 808 ὁ
2397 754 2560 817 Θεός·
2601 772 2620 805 ι
2673 754 2804 807 Ἰδοὺ
2849 753 3041 820 ἐπάγω
3083 751 3242 823 λιμὸν
3273 752 3365 805 ἐπὶ
3399 751 3500 821 τὴν
3531 751 3658 821 γῆν,
3699 753 3762 804 ού

2187 847 2343 918 λιμὸν
2365 847 2551 918 ἄρτου,
2572 843 2695 898 οὐδὲ
2725 843 2885 912 δίψαν
2912 843 3120 910 ὓδατος,
3147 842 3283 898 ἀλλὰ
3309 842 3468 913 λιμὸν
3487 841 3580 895 τοῦ
3602 841 3765 895 ἀκοῦ-

2189 956 2280 992 σαι
2323 938 2478 1007 λόγον
2517 935 2743 1008 Κυρίου.
2783 933 2895 988 Καὶ
2929 933 3038 987 ἀπὸ
3083 933 3356 987 ἀνατολῶν
3395 933 3502 996 ἓως
3542 932 3764 1001 δυσμῶν

2189 1026 2649 1101 περιδραμοῦνται
2693 1023 2983 1095 ζητοῦντες
3009 1025 3167 1093 λόγον
3195 1024 3428 1095 Κυρίου,
3458 1026 3552 1076 καὶ
3582 1025 3643 1076 οὐ
3689 1022 3764 1093 μὴ

2189 1121 2440 1191 εὕρωσιν.
2487 1138 2505 1170 ›
2540 1114 2666 1192 'Ap'
2707 1110 2888 1182 οὗν,ὣ
2942 1117 3144 1185 έταῖρε,
3187 1114 3313 1177 τοὺς
3363 1114 3549 1184 τοιῷδε
3599 1115 3764 1182 τυχὸν

2189 1209 2653 1271 καταπιεσθέντας
2681 1207 2825 1278 λιμῷ
2851 1247 2866 1270 ,
2913 1207 3007 1259 καὶ
3034 1205 3298 1278 χορηγίας
3338 1205 3763 1266 ἐκπεπτωκότας

2186 1303 2285 1372 τῆς
2307 1300 2702 1370 διακρατούσης
2725 1299 2804 1360 εἰς
2825 1297 3047 1368 ἀρετὴν,
3071 1296 3165 1350 καὶ⁵
3185 1294 3392 1367 τροφὰς
3413 1294 3512 1347 ούκ
3539 1293 3763 1363 ἔχοντας

2186 1391 2286 1456 τὰς
2318 1390 2378 1456 ἐξ
2407 1387 2635 1460 ούρανοῦ
2666 1387 2760 1441 καὶ
2788 1387 3015 1453 ἄνωθεν,
3053 1384 3173 1456 οὐχὶ
3213 1384 3364 1438 πᾶσά
3399 1401 3514 1448 πως
3546 1384 3758 1454 ἀνάγκη

2190 1481 2530 1554 μετανάστην
2580 1478 2767 1550 ὥσπερ
2804 1478 2924 1532 τινὰ
2965 1477 3060 1532 καὶ
3103 1476 3316 1546 φυγάδα
3359 1473 3628 1528 ποιεῖσθαι
3666 1475 3760 1528 τὸν

2188 1571 2333 1635 νοῦν,
2368 1568 2698 1642 μεταθέοντα
2733 1567 2917 1622 λοιπὸν
2948 1568 3041 1622 ἐπὶ
3071 1566 3142 1620 τά
3169 1566 3384 1637 αἰσχίω,
3436 1565 3530 1620 καὶ
3561 1565 3755 1636 ὥσπερ

2187 1662 2331 1725 τινὸς
2355 1661 2459 1731 γῆς
2485 1658 2620 1721 ἰδίας
2647 1657 2748 1727 τῆς
2771 1659 2851 1720 εἰς
2883 1656 3083 1728 ἀρετὴν
3116 1654 3426 1718 εύσθενείας
3454 1653 3759 1722 ἐξωθούμεο

2187 1770 2296 1818 νον,
2332 1749 2676 1806 καταϐαίνειν
2707 1749 2787 1813 εἰς
2810 1749 3002 1820 ἑτέραν
3021 1747 3133 1812 ἕξιν
3165 1765 3225 1800 τε
3260 1746 3354 1800 καὶ
3385 1745 3600 1816 θέλησιν
3619 1762 3633 1776 ’
3655 1747 3759 1800 οὐκ

2185 1845 2266 1899 ἔτι
2299 1844 2396 1914 μὲν
2427 1841 2524 1913 τὴν
2562 1841 2667 1895 ὑπὸ
2698 1841 2837 1911 Θεῷ,
2882 1842 3183 1912 σκήπτροις
3209 1840 3265 1892 δὲ
3299 1838 3498 1910 μᾶλλον
3535 1839 3759 1891 ὑποκει-

2187 1935 2356 2007 μένην
2392 1933 2732 1997 διασολικοῖς.
2766 1933 2954 2003 Πατὴρ
2991 1931 3100 2002 γὰρ
3123 1973 3138 1995 ,
3161 1927 3345 2002 οἶμαι,
3376 1930 3469 1984 καὶ
3502 1928 3758 2000 βασιλεὺς

2183 2026 2476 2098 ἁμαρτίας,
2501 2028 2530 2080 ό
2553 2024 2768 2098 πρῶτος
2797 2023 2964 2093 αὐτὴν
2984 2025 3040 2086 ἐς
3062 2023 3264 2093 κόσμον
3289 2020 3546 2090 ἐνεγκὼν,
3569 2013 3630 2073 οὗ
3661 2020 3759 2071 καὶ

2181 2121 2262 2183 εἰς
2300 2117 2484 2172 εἰκόνα
2513 2116 2607 2170 καὶ
2636 2115 2805 2169 τύπον
2841 2113 3192 2188 παραδέξαιτ’
3229 2112 3294 2166 ἂν
3333 2108 3485 2182 οἶμαί
3522 2128 3627 2174 τις,
3661 2109 3758 2163 καὶ

2183 2210 2393 2280 σφόδρα
2424 2208 2650 2272 είκότως
2671 2249 2686 2274 ,
2719 2207 2812 2261 τὸν
2841 2205 3044 2278 Φαραὼ
3065 2249 3080 2273 ,
3106 2205 3209 2275 τῆς
3246 2204 3558 2273 Αἰγυπτίων
3592 2202 3756 2272 ἐξάρ-

2181 2318 2364 2372 χοντα.
2397 2300 2532 2374 Παρ’
2559 2292 2642 2361 οἷς
2667 2297 2835 2370 βαθὺς
2858 2298 2956 2368 μὲν
2979 2292 3047 2369 ἦν
3067 2297 3188 2356 λίαν
3207 2298 3234 2349 ό
3255 2295 3348 2349 τοῦ
3374 2293 3757 2364 πεπλανῆσθαι

2182 2392 2373 2456 σκότος
2399 2409 2414 2425 ·
2447 2392 2650 2455 κακίας
2698 2390 2756 2445 δέ
2786 2389 2984 2462 τρόπος
3022 2387 3435 2458 ἀνεπιτήδευτος
3469 2385 3758 2449 παντελῶς

2180 2481 2371 2546 οὐδείς.

2253 2576 2463 2630 ΠΔΛΛ.
2490 2573 2601 2629 Καὶ
2615 2575 2668 2628 τί
2693 2573 2752 2633 τὸ
2779 2574 3024 2644 λυπῆσαν
3053 2572 3144 2625 τὸν
3174 2571 3442 2642 μακάριον
3478 2568 3754 2642 Ἀδραὰμ,

2181 2669 2247 2723 ἐκ
2270 2667 2364 2722 τοῦ
2391 2665 2714 2727 καθικέσθαι
2742 2665 2902 2737 τυχὸν
2931 2666 3011 2728 εἰς
3036 2663 3135 2740 τὴν
3166 2660 3512 2731 Αἰγυπτίων;

2249 2759 2412 2813 ΚΥΡ.
2439 2759 2695 2813 Πλεῖστον
2724 2757 2918 2829 μενοῦν
2951 2758 3094 2810 ὅσον.
3125 2754 3338 2826 Μικροῦ
3363 2753 3471 2824 γὰρ
3495 2751 3757 2807 ἐπέκεινα.

2182 2849 2380 2915 παντὸς
2406 2849 2610 2922 ἠνέχθη
2659 2849 2853 2904 κακοῦ.
2901 2846 3230 2917 Ἀναμάθοις
3266 2845 3309 2900 δ’
3351 2844 3416 2898 ἂν
3450 2844 3544 2897 καὶ
3592 2841 3758 2897 τοῦτο

2180 2943 2437 3012 εὐκόλως,
2472 2943 2616 3014 ἱεροῦ
2646 2943 2948 3014 φωνοῦντος
2967 2940 3328 3010 Γράμματοςο
3369 2957 3387 2989 ι
3423 2935 3668 3004 Ἐγένετο
3690 2935 3758 2989 δὲ

2179 3035 2343 3106 ἡνίκα
2391 3034 2637 3106 εἰσῆλθεν
2693 3033 2948 3106 Ἀϐραὰμ
2989 3034 3070 3096 εἰς
3109 3031 3405 3099 Αἴγυπτον,
3453 3027 3650 3090 ἰδόντες
3699 3027 3756 3080 οἱ

2179 3122 2466 3192 Αἰγύπτιοι
2518 3123 2617 3196 τὴν
2648 3125 2890 3193 γυναῖκα
2939 3123 3020 3175 ὅτι
3068 3120 3206 3190 καλὴ
3247 3119 3333 3190 εἴη
3375 3117 3618 3190 σφόδρα,
3654 3118 3757 3170 καὶ

2175 3213 2313 3270 εἶδον
2338 3205 2520 3288 αὐτὴν
2537 3217 2586 3270 οἱ
2610 3217 2869 3288 ἄρχοντες
2896 3216 3096 3286 Φαραὼ
3117 3254 3131 3280 ,
3159 3215 3253 3268 καὶ
3274 3213 3546 3284 ἐπῄνεσαν
3576 3211 3757 3280 αὐτὴν

2176 3307 2312 3378 πρὸς
2327 3307 2528 3381 Φαραὼ
2557 3306 2653 3362 καὶ
2679 3309 2886 3384 ἤγαγον
2911 3306 3081 3378 αὐτὴν
3097 3306 3175 3369 εἰς
3197 3304 3288 3357 τὸν
3309 3298 3456 3356 οἷκον
3477 3299 3695 3373 Φαραώ.
3726 3317 3752 3351 ι

2180 3399 2377 3472 Ἀθρει
2409 3399 2476 3477 δὴ
2503 3395 2597 3455 οὖν
2629 3399 2713 3453 ὅτι
2751 3395 2945 3470 μικροῦ
2974 3395 3222 3449 διόλωλεν
3251 3392 3396 3463 αὐτῷ
3417 3393 3478 3447 τὸ
3505 3391 3755 3462 γύναιον,

2173 3485 2219 3546 ὧ
2247 3492 2366 3548 τᾶν.

2244 3582 2454 3638 ΠΑΛΛ.
2497 3583 2584 3646 Ὠς
2630 3583 2793 3654 δριμὺ
2850 3582 2910 3636 τὸ
2977 3581 3168 3653 χρῆμα
3201 3617 3218 3644 ,
3271 3579 3365 3634 καί⁵
3414 3577 3762 3633 καταλυπεῖν

2173 3672 2374 3737 ἰκανόν.

2241 3767 2406 3822 ΚΥΡ.
2437 3767 2548 3820 Καὶ
2581 3767 2688 3836 μὴν
2716 3765 2875 3818 τοῦτό
2901 3781 2984 3817 τοι
3006 3765 3136 3835 περὶ
3159 3765 3309 3834 ἡμᾶς
3325 3762 3521 3826 αὐτοὺς
3542 3761 3762 3830 νοητῶς

2174 3859 2530 3932 συμϐήσεται.
2559 3852 2654 3920 Οἷς
2675 3857 2784 3927 γὰρ
2811 3857 2877 3909 ἂν
2897 3854 3106 3924 γένοιτο
3132 3854 3388 3922 πατρίδος
3416 3853 3534 3922 μὲν,
3558 3852 3764 3924 ὥσπερ

2170 3953 2270 4020 τῆς
2301 3949 2435 4012 ἰδίας
2457 3947 2790 4012 άπολισθεῖν,
2818 3949 2917 4016 τῆς
2945 3943 3210 4015 συνήθους
3229 3960 3289 3996 τε
3311 3943 3404 3996 καὶ
3424 3942 3767 4014 φιλαιτάτης

2170 4039 2466 4110 εὐκοσμίας
2492 4039 2584 4092 καὶ
2611 4039 2832 4111 ἀρετῆς,
2863 4036 3183 4091 καθικέσθαι
3213 4035 3270 4088 δέ
3295 4035 3430 4108 πρὸς
3460 4033 3527 4087 τὰ
3552 4034 3760 4106 χείρω,

2169 4131 2262 4186 καὶ
2299 4131 2404 4185 ὑπὸ
2441 4130 2698 4202 σκῆπτρα
2729 4128 2979 4198 γενέσθαι
3008 4126 3294 4181 διαϐολικὰ
3318 4166 3332 4190 ,
3369 4126 3548 4196 πάντη
3568 4141 3628 4177 τε
3651 4127 3766 4180 καὶ

2170 4222 2386 4285 πάντως
2423 4217 2740 4288 ἐπιφύονταί
2771 4234 2832 4271 τε
2876 4215 2972 4270 καὶ
3013 4214 3423 4270 ἐπιϐουλεύουσι
3465 4213 3656 4277 δεινῶς
3691 4215 3764 4267 αἰ

2171 4310 2403 4383 πονηραὶ
2427 4311 2521 4363 καὶ
2543 4307 2780 4364 ἐναντίαι
2797 4307 3083 4376 δυνάμεις·
3112 4306 3215 4360 κᾶν
3238 4308 3287 4360 εἰ
3311 4304 3591 4360 θεάσαιντό
3621 4322 3762 4359 τινα

491 4413 555 4454 ac
591 4397 638 4453 si
687 4412 851 4467 quem
881 4395 1127 4455 viderint
1155 4412 1225 4451 ex
1269 4395 1339 4451 iis
1367 4396 1462 4468 qui
1513 4397 1618 4452 sibi
1657 4397 1890 4469 subjecti
1935 4402 2066 4466 sint,

2188 4403 2279 4458 τῶν
2308 4405 2402 4458 ὑπ’
2443 4403 2636 4466 αὐταῖς
2663 4399 2964 4470 γεγονότων
3005 4400 3106 4453 ούκ
3153 4399 3364 4468 ἀκαλλῆ
3398 4399 3495 4471 τὴν
3530 4397 3761 4452 σύνεσιν

496 4489 596 4558 13
630 4489 860 4558 pulchro
889 4488 1279 4558 praestantique
1305 4487 1584 4546 intellectu
1615 4491 1924 4561 praeditum,
1943 4507 2070 4547 eum

491 4596 593 4634 suo
619 4580 744 4635 duci
769 4595 1014 4636 asserere
1039 4591 1328 4648 conantur,
1344 4591 1507 4653 atque
1525 4583 1672 4638 illius
1696 4583 1911 4638 libidini
1935 4584 2069 4639 sub-

487 4670 718 4741 jiciunt,
765 4679 828 4726 ut
857 4684 967 4724 non
996 4669 1110 4740 jam
1159 4671 1390 4741 amplius
1416 4671 1548 4739 Deo,
1576 4671 1672 4728 sed
1701 4672 1913 4728 Satana:
1950 4673 2069 4729 fru-

2171 4495 2316 4567 εχειν
2362 4493 2678 4565 δυνάμενον,
2733 4493 3037 4563 περιποιεῖν
3083 4489 3441 4554 σπουδάζουσι
3489 4489 3567 4558 τῷ
3628 4488 3784 4560 ἰδίῳ.

2172 4583 2456 4656 καθηγητῇ
2479 4625 2494 4651 ,
2541 4583 2772 4646 καὶτοῖς
2815 4581 3025 4634 ἐκείνου
3077 4579 3514 4650 σπερματισμοῖς
3542 4577 3763 4642 ὑποφέ-

2174 4689 2378 4744 ρουσιν,
2421 4673 2510 4726 ἵνα
2539 4671 2658 4742 Θεῷ
2694 4671 2792 4741 μὲν
2825 4670 3032 4734 οὐκέτι,
3077 4671 3401 4741 καρποφορῇ
3443 4667 3500 4720 δὲ
3541 4665 3764 4737 μᾶλλον

2169 4765 2248 4837 τῷ
2279 4767 2516 4836 Σατανᾷ.
2556 4784 2574 4817 ι
2626 4764 2708 4819 Τὰ
2744 4762 2854 4834 γὰρ
2903 4761 3168 4836 βρώματα
3198 4760 3382 4825 αὑτοῦ,
3434 4777 3453 4811 ι
3506 4756 3649 4812 κατὰ
3687 4761 3763 4812 τὸ

491 4763 712 4818 ctiticet.
750 4781 770 4814 ι
795 4761 946 4816 Escae
985 4775 1222 4832 namque
1265 4761 1435 4830 illius,
1474 4783 1492 4815 ι
1537 4771 1599 4818 ut
1646 4765 1911 4835 scriptum
1961 4773 2066 4831 est,

1081 4841 1160 4908 'ac
1191 4854 1505 4911 demulcere
1553 4855 1776 4911 student
1799 4857 2066 4927 quodam-
2169 4857 2569 4929 γεγραμμένον,
2605 4875 2624 4908 ι
2660 4855 2893 4911 ἐκλεκτά
2931 4871 2978 4906 ι’
3009 4851 3415 4925 κατακηλοῦσαι
3454 4849 3512 4904 δέ
3551 4847 3765 4922 ὥσπερ

499 4873 516 4906 ‹
553 4855 744 4909 electae
780 4860 912 4908 sunt
931 4852 997 4920 ³⁸;
1039 4871 1058 4905 ι
1095 4868 1160 4908 ac
1191 4854 1505 4911 demulcere
1553 4855 1776 4911 student
1799 4857 2066 4927 quodam-

491 4945 655 5000 modo
689 4945 965 5014 captivum
991 4960 1056 5000 ac
1087 4946 1406 5018 sublapsum
1437 4946 1701 5011 animum,
1739 4964 1808 5004 ne
1828 4949 1872 5004 si
1909 4957 2067 5008 acute

2188 4952 2254 5005 τὸν
2296 4951 2493 5005 ἁλόντα
2522 4967 2583 5002 τε
2627 4949 2720 5001 καὶ
2765 4946 3203 5017 ύπολισθήσαντα
3238 4942 3387 5006 νοῦν,
3433 4942 3510 5006 ὡς
3549 4940 3615 4994 ἂν
3668 4943 3764 5014 μὴ

490 5035 804 5107 perspiciat,
827 5035 894 5090 ad
907 5035 1224 5094 libertatem
1254 5052 1285 5091 a
1317 5036 1580 5092 servitute
1607 5038 1856 5108 refugiat.
1884 5039 2069 5108 Itaque

2188 5041 2299 5096 πολὺ
2319 5042 2533 5115 βλέπων
2554 5042 2632 5104 εἰς
2654 5040 2713 5094 τὸ
2735 5038 3036 5109 ἐλεύθερον,
3061 5037 3161 5107 τῆς
3189 5038 3279 5088 ὑπ’
3296 5035 3486 5096 αὑταῖς
3512 5031 3764 5102 θητείας

489 5125 786 5181 conciliant
815 5125 893 5181 illi
925 5143 1318 5197 nonnunquam
1350 5127 1406 5180 in
1448 5126 1685 5182 terrenis
1717 5127 1882 5182 rebus
1908 5129 2068 5182 volu-

2188 5133 2568 5201 ιποφοιτήσειε.
2615 5128 2997 5204 Περιποιοῦσιν
3044 5127 3159 5180 ἐσθ’
3201 5127 3288 5179 ὅτε
3327 5123 3426 5186 τὰς
3475 5123 3570 5176 ἐπὶ
3626 5127 3765 5188 τοῖς

487 5228 778 5290 ριιιιεελει
824 5220 1081 5275 inanibus
1121 5217 1580 5274 oblectationibus
1620 5227 1850 5290 augent,
1882 5229 1942 5274 ut
1984 5222 2062 5276 illi

2188 5225 2376 5293 τηῖνοις
2405 5224 2620 5295 ἡδονὰς,
2667 5223 2761 5277 καὶ
2786 5221 3067 5282 οἰονείπως
3093 5213 3582 5279 καταπλουτίζουσι
3618 5218 3764 5279 ταῖς

485 5327 703 5383 quoque
717 5309 1096 5382 Egyptiorum
1111 5309 1386 5379 principes
1398 5307 1666 5375 fecerunt,
1684 5311 1778 5381 qui
1791 5311 2062 5367 Abraham

2188 5318 2252 5380 εἰς
2281 5317 2342 5370 τὸ
2373 5317 2539 5388 μηδὲν
2575 5317 2885 5389 θυμηδίαις,
2915 5313 3172 5383 καθάπερ
3201 5311 3394 5382 ἀμέλει
3438 5308 3532 5362 καὶ
3558 5308 3606 5360 οἱ
3634 5308 3768 5362 τῶν

485 5405 683 5459 amissa
720 5405 948 5474 conjuge
971 5442 986 5466 ,
1017 5399 1369 5463 blandiendo,
1409 5400 1713 5458 honoribus
1750 5419 1814 5458 ac
1842 5404 2000 5459 donis
2032 5422 2061 5460 a

2188 5405 2486 5474 \lyumtwv
2536 5406 2830 5478 ἄρχοντες,
2864 5404 2962 5475 τὴν
3000 5402 3246 5455 σύνοικον
3295 5396 3602 5452 ἀπολλύντα
3651 5396 3768 5452 τὸν

485 5495 722 5555 maximo
765 5505 999 5545 mmrore
1041 5504 1270 5543 avocare
1307 5489 1618 5559 cupiebant.
1673 5494 1947 5564 Scriptum
1982 5505 2064 5549 cst

2188 5499 2440 5559 ιακάριον
2475 5498 2742 5568 Ἁϐραάμ,
2769 5497 2931 5551 οἱονεὶ
2953 5492 3359 5564 περισαίνοντες
3391 5491 3511 5551 ταῖς
3534 5489 3766 5556 τιμαῖς,

556 5692 597 5722 ⁸³
647 5688 810 5744 Amos
849 5705 958 5754 vm,
996 5688 1074 5742 ll.
1156 5689 1199 5722 ³⁸
1229 5690 1360 5745 Gen.
1399 5707 1486 5753 xu,
1529 5692 1610 5754 ll,
1651 5695 1729 5748 l5.
1813 5695 1853 5726 ³⁵
1893 5693 2094 5748 ιίιιίιίιρ.
2128 5709 2166 5754 ι,
2199 5692 2276 5745 16.
