3998 6304
227 290 318 346 155

924 295 1012 350 DE
1053 298 1495 363 ADORATIONE
1535 309 1602 365 IN
1643 311 1914 368 SPIRITU
1971 315 2060 370 ΕΤ
2109 314 2477 370 VERITATE.
2519 316 2646 370 LIB.
2690 317 2728 370 1.

3378 317 3401 371 Ι
3413 318 3480 374 54

226 409 310 464 καὶ
340 408 531 478 δώρων
568 414 980 480 προσαγωγαὶς,
1013 414 1108 466 τοῦ
1134 415 1421 472 λυπεῖσθαι
1441 418 1561 474 λίαν
1589 424 1792 476 ἀποκο-

1911 427 2077 481 enim:
2113 449 2131 480 ι
2164 429 2439 484 Abraham
2473 431 2707 502 benigne
2739 435 2820 488 usi
2848 445 2976 489 sunt
3004 447 3228 506 propter
3251 434 3420 498 Illam,
3453 453 3472 485 ι

228 496 388 563 μίζειν
410 497 622 570 ἤθελον.
645 499 956 572 Γέγραπται
976 503 1106 574 γὰρ,
1138 504 1223 559 ὅτι
1250 524 1268 557 ι
1303 507 1412 560 Καὶ
1435 508 1513 579 τῷ
1541 508 1792 581 Ἀϐραὰμ

229 583 280 640 εὖ
312 589 611 660 ἐχρήσαντο
640 590 709 642 δι’
735 589 926 662 αὐτὴν,
967 611 986 644 ι
1018 591 1177 662 δῆλον
1201 594 1279 660 δὲ,
1310 597 1394 650 ὃτι
1423 598 1521 670 τὴν
1550 599 1790 670 Σάρραν,

232 699 248 731 ι
286 682 371 733 καὶ
391 680 641 748 ἐγένοντο
661 683 827 755 αὐτῷ,
853 685 1102 756 πρόϐατά
1116 706 1175 741 τε
1193 689 1286 742 καὶ
1309 690 1517 760 μόσχοι,
1546 691 1640 744 καλ⁵
1659 691 1790 754 ὄνοι,

230 772 313 826 καὶ
333 773 540 837 παῖδες,
556 775 651 828 καὶ
670 778 972 843 παιδίσκαι,
998 781 1093 833 καὶ
1122 780 1356 851 ἡμίονοι,
1375 782 1468 836 καὶ
1484 781 1745 854 κάμηλοι.
1768 801 1786 835 ι

231 865 562 920 Πλεονεκτῶν
599 868 706 938 γὰρ
745 871 892 941 ἡμᾶς
920 873 998 937 είς
1021 873 1092 926 τά
1124 873 1485 944 καιριώτατα,
1517 876 1610 929 καὶ
1631 875 1796 929 οἱονεὶ

232 960 383 1030 γονῆς
414 976 474 1013 τε
506 962 600 1014 καὶ
629 963 932 1034 εὐκαρπίας
962 964 1283 1036 ἀποστερῶν
1317 965 1608 1038 ἐλευθέρας
1635 969 1662 1021 6
1690 969 1791 1021 Σα-

228 1053 404 1116 τανᾶς,
423 1055 518 1106 καὶ
537 1058 653 1119 ταῖς
678 1056 835 1120 ἰδίαις
853 1056 983 1128 ὐϐρε
991 1074 1040 1109 σι
1060 1057 1154 1111 καὶ
1169 1057 1476 1127 ἀσελγείαις
1491 1058 1582 1113 τὸν
1597 1059 1797 1130 εὐγενῆ

233 1143 341 1198 νοῦν
368 1144 655 1216 ὑποφέρων
681 1149 745 1200 ἐκ
767 1147 1099 1216 πλεονεξίας,
1119 1152 1186 1220 τῇ
1207 1150 1314 1204 τῶν
1331 1151 1587 1219 ἐπιγείων
1606 1151 1796 1222 τέρψει

233 1237 574 1308 καταδεσμεῖ.
603 1238 902 1310 Διελήλακε
927 1239 984 1293 δὲ
1018 1241 1215 1310 μανίας
1243 1243 1324 1306 είς
1351 1243 1508 1296 τοῦτὸ
1536 1259 1690 1306 ποτε,
1721 1243 1796 1307 ὡς

239 1329 323 1382 καὶ
363 1329 513 1400 αὐτῷ
552 1329 649 1400 τὴν
681 1334 873 1403 πεῖραν
917 1332 1166 1388 καθεῖναι
1200 1332 1278 1404 τῷ
1325 1333 1566 1404 Χριστῷ.
1607 1353 1626 1386 ι
1679 1333 1797 1388 Ἀν-

235 1421 447 1490 αγαγὼν
465 1421 576 1494 γάρ
601 1423 784 1487 αὐτὸν,
812 1442 830 1476 ι
857 1425 1042 1494 φησὶν,
1062 1443 1081 1476 ι
1103 1425 1302 1490 ἔδειξεν
1323 1426 1472 1498 αὐτῷ
1498 1427 1678 1491 πάσας
1698 1429 1796 1492 τὰς

235 1509 502 1579 βασιλείας
531 1511 630 1582 τῆς
658 1513 1001 1584 οἰκουμένης,
1027 1517 1085 1568 ἐν
1114 1519 1316 1588 στιγμῇ
1347 1518 1562 1588 χρόνου,
1591 1516 1687 1571 καὶ
1720 1511 1798 1569 εἷ-

231 1619 322 1657 πεν
342 1603 492 1674 αὐτῷ
519 1604 548 1656 6
579 1604 822 1669 διάϐολος
840 1621 854 1638 ο
886 1607 991 1674 Σοὶ]
1010 1607 1168 1662 δώσω
1195 1609 1292 1680 τὴν
1313 1609 1561 1674 ἐξουσίαν
1592 1608 1796 1677 ταύτην

229 1695 458 1760 ἃπασαν,
483 1698 577 1750 καὶ
598 1698 697 1768 τὴν
721 1697 878 1762 δόξαν
905 1700 1106 1766 αὐτῶν,
1131 1701 1212 1754 ὅτι
1235 1702 1358 1770 ἐμοὶ
1377 1701 1791 1772 παραδέδονται,

1900 519 2049 574 haud
2103 520 2333 575 dubium
2364 522 2498 591 quin
2536 532 2762 592 propter
2793 523 3034 589 Sarram,
3091 543 3110 576 ι
3145 535 3202 581 et
3253 526 3482 580 fuerunt

1899 609 1978 665 illi
2007 625 2139 666 oves
2164 622 2221 668 et
2251 612 2440 678 boves,
2475 622 2532 668 et
2583 614 2742 678 asini,
2778 623 2834 668 et
2865 615 3009 670 servi
3055 623 3114 668 et
3154 616 3384 679 ancillze,
3426 623 3483 670 et

1897 700 2032 754 muli
2061 710 2121 756 et
2153 703 2346 758 cameli
2367 705 2432 757 ⁸⁸.
2479 724 2496 756 ›
2539 705 2753 759 Fraude
2800 706 2946 760 enim
2987 721 3087 760 sua
3112 721 3212 759 nos
3246 706 3313 760 ad
3349 715 3486 761 tern-

1897 791 2118 857 poraria
2150 793 2454 862 pelliciens,
2480 803 2537 849 et
2561 795 2964 865 quodammodo
2994 795 3203 850 semine
3232 795 3298 848 ad
3336 796 3483 849 fetu-

1897 897 2013 936 ram
2055 883 2329 938 libertatis
2356 873 2688 940 defraudans
2728 885 2956 941 Satanas
2978 927 2992 952 ,
3023 893 3080 939 et
3117 884 3396 956 tyrannica
3429 885 3482 936 vi

1897 988 2010 1027 suae
2049 972 2268 1028 libidini
2326 982 2383 1028 et
2435 975 2872 1045 intemperantiae
2909 975 3252 1030 nobilitatem
3310 972 3482 1027 animi

1897 1064 2215 1135 subjiciens,
2249 1080 2434 1120 rerum
2464 1076 2809 1122 terrenarum
2842 1065 3263 1140 oblectamentis
3287 1065 3481 1119 devin-

1897 1155 1992 1211 cit.
2021 1155 2164 1222 Quin
2192 1156 2359 1212 etiam
2397 1172 2465 1212 eo
2505 1158 2737 1213 insaniae
2770 1157 3068 1228 aliquando
3104 1157 3388 1227 prorupit,
3421 1164 3483 1210 ut

1897 1245 2077 1319 ipsum
2123 1262 2344 1318 quoque
2392 1247 2674 1305 Christum
2728 1258 2940 1304 tentare
2989 1249 3200 1302 veritus
3235 1263 3346 1327 ηομ
3386 1247 3478 1301 sit.

1905 1356 1924 1391 ι
1961 1338 2031 1393 Et
2063 1353 2368 1406 assumens,
2412 1359 2430 1392 ›
2477 1340 2676 1412 inquit,
2711 1360 2728 1392 ι
2757 1355 2906 1405 eum,
2937 1339 3177 1394 ostendit
3215 1339 3268 1393 ei
3297 1338 3482 1393 omnia

1899 1443 2064 1500 regna
2091 1431 2242 1485 orbis
2271 1439 2432 1487 terras
2459 1432 2515 1487 in
2547 1441 2823 1488 momento
2863 1431 3149 1501 temporis,
3186 1440 3244 1486 et
3266 1430 3406 1485 dixit
3429 1429 3482 1484 ei

1897 1519 2182 1578 diabolus:
2211 1522 2336 1577 Tibi
2367 1523 2509 1578 dabo
2529 1532 2857 1594 potestatem
2888 1523 3031 1577 hanc
3063 1523 3400 1586 universam,
3426 1532 3484 1576 et

1896 1615 2123 1686 gloriam
2158 1630 2371 1680 eorum,
2394 1616 2526 1686 quia
2552 1616 2686 1670 mihi
2719 1615 2916 1670 tradita
2941 1624 3087 1680 sunt,
3121 1623 3178 1668 et
3217 1614 3306 1669 cui
3331 1613 3479 1679 volo,
3540 1653 3554 1674 .

1897 1706 1969 1762 do
2001 1707 2110 1762 illa.
2148 1707 2232 1761 Tu
2284 1707 2472 1777 igitur,
2505 1709 2550 1764 si
2603 1708 2918 1763 adoraveris
2984 1723 3168 1763 coram
3219 1721 3338 1770 me,
3391 1716 3483 1760 tua

229 1788 314 1838 καὶ
344 1780 388 1855 ᾧ
425 1788 522 1840 ὲάν
551 1763 726 1854 θέλε»,
756 1789 948 1860 δίδωμι
980 1763 1139 1845 αὐτά.
1173 1791 1245 1844 Σύ
1267 1763 1381 1846 ὀὖν
1422 1763 1517 1846 ἐάν
1550 1811 1792 1866 προσκυ-
1827 1763 1868 1819 Β
1898 1809 2060 1856 erunt
2084 1800 2268 1853 omnia
2287 1763 2352 1853 ³7.
2390 1820 2409 1851 ι

228 1879 386 1951 νήσῃς
423 1878 654 1935 ἐνώπιόν
687 1897 786 1951 μου
808 1923 822 1948 ,
862 1880 1013 1936 ἔσται
1045 1899 1128 1935 σοι
1157 1884 1358 1938 πάντα.
1397 1904 1415 1936 ›

289 1971 494 2024 ΠΑΛΔ.
543 1972 700 2041 Ἔχει
729 1971 828 2040 μὲν
861 1972 1056 2044 ὀρθῶς.
1088 1972 1234 2044 Πλὴν
1260 1975 1505 2046 ἐρομένῳ
1525 2016 1540 2039 ,
1564 1975 1791 2048 φράσον..

228 2061 313 2126 Τίς
343 2060 408 2116 ἀν
434 2063 653 2131 γένοιτο
681 2065 794 2126 τοῖς
841 2061 1105 2117 παθοῦσιν
1139 2065 1173 2136 ἢ
1205 2065 1392 2136 ὄνησις
1414 2066 1580 2135 ἧγουν
1612 2067 1646 2137 ὴ
1673 2067 1795 2118 ἐπιε-

229 2153 480 2226 κούρησις
500 2170 516 2218 ;

291 2246 454 2299 ΚΥΡ.
485 2244 650 2312 Θεὸς,
689 2239 735 2300 ὦ
768 2250 984 2315 γενναῖε
1004 2287 1018 2311 ,
1048 2249 1192 2320 καὶὴ
1230 2251 1364 2320 παρ’
1391 2248 1556 2306 αὐτοῦ
1600 2250 1758 2320 χάρις
1778 2289 1794 2314 ,

224 2339 283 2390 οὐ
335 2339 495 2409 μέχρι
543 2338 742 2402 παντὸς
784 2339 996 2408 ὲφιεϊσα
1037 2341 1129 2393 τὸν
1168 2340 1508 2411 ἡσθενηκότα
1539 2341 1664 2396 νοῦν
1692 2343 1796 2395 ὐπὸ

225 2430 387 2495 πόδας
413 2426 555 2484 εἶναι
581 2431 920 2496 διαϐολικούς
938 2473 953 2498 ,
981 2432 1116 2486 ἀλλά
1139 2433 1590 2503 ὐπερασπίζουσά
1616 2448 1675 2487 τε
1701 2435 1797 2487 καὶ

225 2523 598 2594 ἑξαιρουμένη,
629 2523 719 2576 τὸν
744 2522 897 2576 οὐδὲν
933 2522 1228 2594 ἐπαμύνειν
1270 2524 1448 2595 ἐαυτῷ
1476 2524 1792 2594 δυνάμενον.

217 2614 381 2676 ⁶Ἰδοις
409 2614 455 2666 δ’
489 2613 554 2668 ἂν
574 2654 589 2680 ,
632 2617 680 2668 εἰ
725 2614 932 2684 βούλοιο
952 2655 966 2674 .
1001 2616 1151 2669 τουτὶ
1197 2617 1419 2684 γεγονὸς
1445 2618 1540 2671 καὶ
1575 2617 1668 2670 ἐπὶ
1700 2616 1794 2671 τοῦ

224 2707 566 2776 προπάτορος
594 2706 864 2778 Ἀϐραάμ.
903 2707 1287 2778 Ἀπειρηκότος
1312 2708 1422 2780 γὰρ
1440 2707 1534 2761 τοῦ
1562 2709 1793 2773 δικαίου,

225 2798 316 2851 καὶ
339 2799 474 2870 δρᾷν
501 2798 615 2851 οἴου
644 2815 704 2852 τε
735 2798 1011 2862 παντελῶς
1035 2800 1206 2867 οὐδὲν,
1230 2801 1392 2870 μέσος
1415 2799 1608 2871 ἐχώρει
1641 2801 1794 2865 Θεὸς,

223 2890 315 2942 καὶ
342 2891 443 2960 τῆς
476 2889 788 2958 Αἰγυπτίων
815 2890 1104 2959 ἀσελγείας
1129 2891 1190 2944 τὸ
1229 2891 1447 2960 γύναιον
1479 2891 1794 2962 ἠλευθέρου.

226 3001 247 3036 ι
285 2986 488 3037 Ἤτασε
512 2982 620 3052 γάρ
665 2983 867 3053 Κύριος
891 2983 984 3039 τὸν
1011 2983 1208 3054 Φαραὼ
1251 2985 1505 3054 ὲτασμοῖς
1540 2983 1800 3054 μεγάλοις

223 3075 315 3127 καὶ
355 3076 615 3145 πονηροῖς
634 3114 648 3137 ,
681 3074 775 3127 καὶ
819 3075 910 3127 τὸν
939 3071 1086 3128 οἷκον
1112 3074 1274 3127 αὐτοῦ
1305 3077 1432 3146 περὶ
1457 3076 1674 3146 Σάρρας
1699 3077 1800 3146 τῆς
1828 3116 1871 3175 c

221 3167 478 3236 γυναικὸς
521 3164 792 3236 Ἀϐραάμ.
833 3185 850 3216 ι
887 3166 1066 3234 ’Πφίει
1115 3166 1172 3219 δὲ
1215 3165 1357 3220 οὓτω
1396 3169 1548 3237 μόλις
1586 3166 1798 3239 ὕϐρεως

225 3259 516 3330 ἐλευθέραν
560 3258 660 3329 τὴν
702 3258 780 3328 τῷ
817 3258 1008 3330 δικαίῳ
1057 3259 1490 3331 συνῳκισμένην.
1534 3259 1667 3323 Θεὸς
1706 3256 1801 3313 οὖν

223 3352 331 3422 ἄρα
360 3351 457 3404 καὶ
495 3350 656 3420 μόνος
683 3349 917 3415 ἐξέλοιτο
944 3350 1009 3404 ἂν
1039 3351 1104 3404 ἐκ
1139 3351 1238 3421 τῆς
1269 3350 1362 3404 τοῦ
1393 3350 1638 3404 διαϐόλου
1681 3368 1797 3421 χει-

225 3443 315 3514 ρὸς
332 3444 423 3499 τὸν
451 3443 711 3497 ὲναλόντα
739 3442 895 3509 νοῦν,
925 3446 1021 3499 καὶ
1040 3445 1119 3508 είς
1153 3443 1454 3514 εὐκοσμίαν
1481 3444 1644 3497 αὐτὸν
1679 3444 1803 3497 ἀνα-

223 3534 445 3606 στρέψει
476 3533 576 3605 τὴν
604 3536 664 3589 ὲν
693 3535 912 3607 ἀρχαῖς.

292 3707 502 3760 ΠΑΛΛ.
556 3705 764 3778 Ἐνδείᾳ
813 3706 876 3777 δὴ
917 3702 1013 3761 οὖν
1056 3707 1125 3776 τῇ
1175 3706 1286 3760 τῶν
1334 3705 1542 3760 ἄνωθεν
1582 3707 1802 3775 ἀγαθῶν

222 3797 628 3870 κατωθούμενοι
660 3797 891 3869 κάτιμεν
918 3797 1032 3854 ἐσθ’
1056 3798 1145 3851 ὅτε
1172 3796 1311 3870 πρὸς
1347 3798 1417 3852 τὰ
1457 3799 1660 3870 αἰσχρὰ
1706 3800 1801 3854 καὶ

223 3891 475 3962 βδελυρά.

293 3984 458 4036 ΚΥΡ.
489 3981 648 4036 Οὕτω
673 3983 836 4053 φημί.
1578 4007 1595 4019 ο

295 4076 504 4129 ΠΛΛΛ.
552 4073 692 4128 Ἀλλ’
722 4073 840 4128 ἐστι
878 4091 982 4126 που
1020 4074 1237 4138 πάντως
1263 4075 1342 4145 τῷ
1367 4075 1650 4146 φιλαγάθῳ
1675 4078 1802 4148 πρέ-

221 4183 323 4218 πον
364 4164 508 4236 Θεῷ,
543 4164 603 4217 τὸ
651 4163 845 4235 μηδενὶ
886 4162 994 4217 τῶν
1035 4162 1290 4217 τοιούτων
1318 4165 1411 4233 ἐᾷν
1453 4164 1802 4235 περιπίπτειν

219 4259 392 4327 ἡμᾶς.

294 4348 455 4400 ΚΥΡ.
481 4345 699 4416 Πρέπον
727 4345 826 4415 μὲν
850 4345 932 4398 ὅτι
959 4343 1195 4415 μάλιστα
1210 4346 1359 4398 τουτὶ
1379 4345 1518 4415 Θεῷ,
1536 4347 1632 4398 καὶ
1652 4345 1803 4417 θελη-

1971 1976 2168 2033 PALL.
2209 1979 2379 2033 Recte
2427 1978 2610 2032 habet.
2650 1958 3068 2042 CmterEm-dic,
3114 1979 3363 2033 obsecro.
3412 1978 3484 2034 lis

1901 2068 1996 2138 qui
2045 2068 2102 2124 in
2149 2068 2268 2122 haec
2314 2067 2454 2122 mala
2507 2067 2842 2132 inciderunt,
2884 2067 3158 2137 quodnam
3193 2067 3481 2131 levamen,

1901 2161 2117 2232 quodve
2145 2161 2410 2214 anxilium
2445 2160 2710 2214 exsistere
2739 2159 2951 2229 possit?

1973 2247 2130 2304 CYR.
2168 2249 2354 2313 Deus,
2395 2247 2644 2312 Palladi,
2689 2255 2746 2302 et
2796 2249 2916 2319 ejus
2957 2249 3164 2319 gratia,
3205 2264 3326 2318 quae
3373 2264 3483 2302 non

1903 2355 2298 2411 usquequaque
2365 2340 2633 2408 permittit
2671 2339 2950 2394 inﬁrmum
2989 2340 3233 2394 animum
3262 2340 3364 2394 sub
3392 2355 3486 2409 pe-

1901 2431 2064 2486 dibus
2087 2446 2207 2485 esse
2236 2430 2462 2494 diaboli,
2500 2431 2594 2484 sed
2624 2431 2860 2501 protegit
2889 2447 2951 2486 ac
2979 2431 3178 2486 liberat
3223 2448 3348 2486 eum
3391 2433 3484 2501 qui

1901 2536 1961 2576 se
1996 2520 2137 2576 tueri
2168 2535 2232 2574 ac
2266 2518 2562 2575 defendere
2597 2520 2748 2575 nullo
2781 2521 2943 2575 modo
2973 2531 3172 2591 potest.
3205 2523 3359 2576 Licet
3391 2537 3488 2575 au-

1903 2622 2011 2666 tem
2041 2612 2252 2676 videre,
2283 2611 2328 2666 si
2365 2611 2524 2677 velis,
2560 2611 2799 2682 idipsum
2849 2612 3124 2666 Abraham
3164 2611 3486 2681 patriarcha:

1902 2703 2196 2773 contigisse
2231 2720 2244 2754 :
2282 2717 2408 2756 cum
2450 2703 2600 2757 enim
2643 2703 2990 2774 desperasset
3030 2704 3116 2757 vir
3149 2705 3350 2774 justus,
3385 2719 3484 2756 ne-

1903 2809 2009 2864 que
2041 2794 2225 2850 animo
2257 2794 2465 2864 aliquid
2495 2794 2711 2850 eﬁicere
2754 2804 2958 2865 posset,
3002 2795 3218 2849 medius
3249 2795 3488 2849 interve-

1903 2887 1996 2941 nit.
2015 2887 2180 2951 Deus,
2214 2888 2306 2956 qui
2339 2887 2407 2941 ab
2434 2885 2808 2958 Egyptiorum
2841 2885 3262 2956 intemperantia
3292 2884 3484 2938 multe-

1905 2993 2022 3032 rem
2056 2978 2327 3033 liberavit.
2377 2997 2396 3029 ι
2431 2978 2748 3048 Flagellavit
2775 2993 3014 3047 namque
3043 2977 3308 3031 Dominus
3342 2977 3483 3030 Pha-

1904 3085 2130 3124 raonem
2169 3069 2399 3141 ﬂagellis
2441 3070 2652 3140 magnis
2697 3078 2863 3140 atque
2907 3069 3270 3133 terribilibus,
3301 3077 3356 3121 et
3391 3068 3489 3121 do-

1902 3177 2054 3216 mum
2092 3165 2213 3233 ejus
2260 3171 2485 3232 propter
2535 3162 2754 3216 Sarram
2803 3177 3030 3216 uxorem
3068 3159 3342 3214 Abraham
3363 3157 3429 3210 ³⁸.
3461 3177 3478 3208 ι

1902 3253 2022 3320 Quo
2055 3254 2198 3308 facto
2247 3254 2469 3308 tandem
2504 3253 2645 3323 justi
2678 3252 2920 3307 hominis
2967 3253 3252 3320 conjugem
3287 3249 3378 3301 vix
3417 3248 3486 3302 ab

1904 3346 2104 3416 injuria
2142 3345 2376 3397 liberam
2405 3343 2635 3396 dimisit.
2661 3343 2807 3396 Deus
2833 3341 3020 3410 igitur,
3058 3347 3114 3393 et
3147 3338 3374 3406 quidem,
3400 3353 3487 3391 so-

1903 3439 2009 3500 lus,
2050 3444 2272 3505 captum
2317 3435 2560 3488 animum
2606 3449 2672 3488 ex
2719 3432 2925 3487 diaboli
2975 3432 3228 3486 manibus
3273 3431 3486 3500 eripere

1904 3529 2064 3583 facile
2093 3534 2294 3596 potest,
2327 3535 2490 3596 atquc
2528 3525 2597 3579 ad
2632 3525 2971 3579 honestatem
3007 3523 3291 3593 pristinam
3333 3539 3490 3576 revo—

1903 3633 2030 3672 care
2039 3659 2051 3671 .

1982 3707 2087 3779 14
2133 3707 2328 3762 PALL.
2384 3706 2570 3776 Inopia
2628 3707 2795 3777 igitur
2851 3707 3158 3760 caelestium
3217 3703 3487 3757 bonorum

1904 3799 2119 3869 depulsi
2166 3799 2497 3869 quandoque
2553 3797 2622 3852 ad
2670 3807 2859 3868 turpes
2913 3806 3078 3867 atque
3130 3795 3490 3850 exsecrandas

1905 3892 2149 3946 actiones
2179 3891 2509 3945 delabimur.

1974 3983 2132 4037 CYR.
2171 3984 2252 4038 Ita
2286 3983 2486 4038 sentio.

1976 4075 2173 4129 PALL.
2236 4075 2491 4129 Attamen
2548 4073 2750 4128 divina:
2806 4074 3130 4144 benignitati
3185 4087 3489 4145 congruere

1905 4167 2159 4230 videtur,
2195 4180 2305 4219 non
2344 4165 2663 4234 permittere
2711 4173 2773 4218 ut
2815 4163 2873 4217 in
2918 4164 3231 4236 hujusmodi
3282 4163 3487 4231 aliquid

1908 4259 2238 4313 incidamus.

1982 4349 2140 4405 (ΠΒ.
2174 4346 2440 4416 Congruit
2467 4354 2525 4400 et
2560 4344 2783 4414 quidem
2820 4345 3055 4400 maxime
3085 4344 3140 4398 id
3166 4345 3298 4408 Deo,
3326 4350 3490 4412 atque

215 4442 311 4494 τόν
340 4457 427 4509 γε,
458 4435 505 4492 ὧ
537 4440 636 4494 τᾶν
655 4455 669 4471 ·
699 4438 784 4508 εἴη
811 4436 920 4508 γὰρ
946 4436 1012 4491 ἂν
1043 4437 1241 4507 ἥκιστα
1285 4437 1382 4506 μὲν
1411 4436 1644 4504 ἀγαθὸς,
1679 4437 1800 4506 φιλ-

1911 4443 2047 4498 adeo
2090 4440 2227 4504 vult,
2279 4437 2515 4503 Palladi;
2567 4436 2772 4506 alioqui
2821 4436 3066 4490 minime
3099 4436 3277 4490 bonus
3323 4444 3488 4499 esset,

216 4534 415 4604 ἀρετος
452 4532 510 4585 δὲ
542 4532 604 4584 οὐ
641 4531 793 4596 λίαν,
823 4532 870 4584 εἰ
898 4531 972 4602 μὴ
1000 4529 1189 4584 τοῦτον
1231 4530 1343 4600 ἔχοι
1377 4530 1512 4601 πρὸς
1542 4531 1688 4607 ἡμᾶς
1714 4530 1804 4584 τὸν

215 4625 445 4679 σκοπόν.
501 4622 788 4694 Παραίτιοι
835 4622 894 4676 δὲ
943 4621 1036 4675 τοῦ
1099 4621 1293 4674 παθεῖν
1338 4623 1553 4684 ἑαυτοῖς
1606 4623 1801 4692 ἡμεῖς,

216 4717 638 4787 παραθήγοντες
682 4716 762 4777 εἰς
804 4713 976 4785 ὀργὰς
1018 4712 1112 4768 τὸν
1153 4714 1262 4766 τῶν
1308 4714 1445 4767 ὅλων
1492 4713 1802 4782 Δεσπότηνο

212 4808 400 4877 ἐνίησι
428 4807 538 4876 γὰρ
573 4805 716 4860 οὕτω
747 4805 886 4876 πρὸς
927 4803 1129 4876 ἀσθενῆ
1155 4821 1214 4857 τε
1253 4805 1346 4858 καὶ
1369 4804 1629 4876 ἄνανδρον
1655 4802 1799 4858 νοῦν.

213 4898 292 4950 Ἢ
331 4897 454 4965 οὐχὶ
489 4886 724 4966 βοῶντος
750 4893 970 4957 ἀκούεις
1001 4893 1068 4946 δι’
1111 4892 1230 4957 ἐνὸς
1260 4893 1368 4946 τῶν
1391 4894 1564 4962 ἁγίων
1593 4910 1806 4964 προφη-

209 4990 365 5042 τῶν
405 5007 425 5040 ι
475 4989 607 5042 Ἰδοὺ
647 4987 758 5056 ἐγὼ
797 4987 986 5057 δίδωμι
1015 4987 1108 5040 ἐπὶ
1154 4988 1244 5044 τὸν
1282 4986 1410 5040 λαὸν
1446 4986 1633 5040 τοῦτον
1653 4985 1811 5041 ἀσθέ-

211 5097 395 5145 νειαν,
429 5080 525 5134 καὶ
564 5078 957 5149 ἀσθενήσουσιν
995 5079 1054 5132 ἐν
1087 5078 1224 5149 αὐτῇ
1267 5077 1501 5149 πατέρες
1544 5080 1638 5132 κα)⁴
1680 5077 1805 5131 υἱοίο

216 5173 421 5239 γείτων
449 5172 547 5225 καὶ
573 5172 602 5224 6
637 5169 862 5241 πλησίον
889 5169 1054 5224 αὐτοῦ
1075 5169 1438 5236 ἀπολοῦνται;
1467 5190 1485 5222 ι
1519 5171 1722 5242 Γράφει
1753 5173 1811 5226 δὲ

214 5264 356 5334 περὶ
394 5281 557 5318 τινων
597 5263 694 5317 καὶ
736 5266 765 5316 6
807 5263 1118 5333 σοφώτατος
1151 5263 1380 5327 Παῦλοςο
1422 5284 1440 5315 ι
1481 5266 1589 5318 Καὶ
1620 5265 1808 5330 καθὼς

211 5360 320 5411 οὐκ
361 5357 694 5429 ἐδοκίμασαν
739 5355 830 5409 τὸν
873 5355 1004 5410 Θεὸν
1031 5355 1174 5425 ἔχειν
1218 5357 1275 5408 ἐν
1306 5355 1633 5424 ἐπιγνώσει,
1665 5375 1804 5427 παρ-

207 5453 429 5505 έδωκεν
458 5450 660 5512 αὐτοὺς
688 5449 717 5501 ὁ
753 5447 886 5511 Θεὸς
926 5449 1007 5511 εἰς
1032 5446 1289 5516 ἀδόκιμον
1335 5446 1460 5499 νοῦν
1480 5485 1494 5509 ,
1537 5449 1711 5499 ποιεῖν
1739 5446 1808 5499 τά

211 5544 292 5612 μὴ
327 5541 666 5614 καθήκοντα.
722 5558 740 5590 ι
779 5528 1130 5611 Τρανώτερον
1174 5540 1229 5593 δὲ
1266 5541 1414 5593 τουτὶ
1440 5543 1530 5593 καὶ
1562 5541 1591 5592 6
1616 5539 1810 5593 θεσπέ-

291 5720 340 5750 ³⁶
363 5721 560 5776 Ucnes.
598 5736 690 5786 xu,
721 5720 801 5774 16.
881 5720 922 5751 ³⁷
947 5718 1079 5772 Luc.
1111 5734 1178 5778 ιγ,
1211 5718 1321 5771 3—7.

1910 4549 2015 4590 nec
2056 4547 2187 4588 sane
2231 4530 2454 4586 virtutis
2493 4545 2705 4594 amans,
2747 4529 2855 4584 nisi
2899 4529 3005 4584 hoc
3041 4545 3170 4600 erga
3210 4545 3311 4584 nos
3346 4537 3493 4584 esset

1911 4625 2115 4680 animo.
2152 4622 2260 4678 Sed
2293 4622 2439 4692 quod
2472 4622 2589 4676 haec
2619 4621 2782 4676 nobis
2811 4621 3085 4687 accidunt,
3114 4631 3304 4677 nostra
3333 4621 3492 4691 culpa

1909 4725 2016 4780 est,
2049 4715 2145 4784 qui
2172 4713 2417 4767 omnium
2449 4713 2739 4768 Dominum
2775 4714 2843 4768 ad
2877 4713 3014 4768 iram
3051 4728 3488 4776 commovemus;

1910 4824 2020 4878 quo
2062 4809 2226 4870 facto,
2256 4805 2500 4859 animum
2544 4807 2636 4860 ille
2677 4807 2840 4860 nobis
2877 4805 3152 4859 inﬁrmum
3188 4819 3492 4873 parumque

1911 4900 2126 4953 virilem
2164 4896 2430 4950 immittit.
2479 4896 2561 4951 An
2599 4905 2655 4952 tu
2693 4897 2919 4952 minime
2969 4896 3198 4950 exaudis
3241 4897 3361 4966 ejus
3399 4912 3493 4949 vo-

1909 5006 2050 5054 cem,
2095 5005 2220 5044 cum
2267 5004 2369 5058 per
2407 4988 2701 5058 quemdam
2747 4996 3060 5043 sanctorum
3101 4987 3490 5057 prophetarum

1909 5085 2110 5138 clamat
2141 5100 2154 5135 :
2194 5102 2212 5133 (
2255 5082 2395 5136 Ecce
2424 5097 2525 5153 ego
2561 5083 2633 5136 do
2667 5097 2834 5151 super
2858 5079 3122 5151 p0pulum
3161 5080 3310 5135 hunc
3343 5081 3494 5134 inﬁr-

1910 5177 2190 5240 mitatem;
2230 5183 2289 5229 et
2329 5174 2758 5228 inﬁrmabuntur
2793 5173 2850 5226 in
2895 5173 2988 5228 illa
3023 5184 3278 5245 parentes
3312 5183 3368 5228 et
3398 5173 3491 5227 ﬁlii

1909 5267 2095 5331 simul,
2113 5265 2328 5320 vicinus
2347 5274 2404 5318 et
2424 5264 2706 5334 proximus
2724 5264 2844 5335 ejus
2867 5265 3133 5334 peribunt
3150 5264 3230 5317 '9?
3248 5284 3264 5315 ι
3294 5262 3495 5316 Scribit

1912 5353 2078 5408 etiam
2126 5352 2196 5406 de
2241 5351 2567 5421 quibusdam
2609 5351 2694 5405 vir
2748 5352 3183 5423 sapientissimus
3233 5350 3434 5405 Paulus
3477 5368 3490 5402 :

1925 5464 1942 5497 ι
1975 5445 2043 5499 Et
2066 5443 2210 5498 sicut
2229 5460 2338 5498 non
2361 5445 2736 5513 probaverunt
2755 5445 2926 5500 Deum
2957 5447 3160 5501 habere
3191 5444 3246 5498 in
3276 5442 3491 5507 notitia,

1917 5541 2143 5596 tradidit
2172 5541 2294 5597 illos
2333 5543 2474 5598 Deus
2511 5542 2567 5599 in
2595 5545 2888 5613 reprobnm
2928 5558 3168 5606 sensum,
3202 5549 3262 5595 ut
3293 5539 3493 5596 faciant

1401 5718 1440 5746 δε
1467 5718 1600 5772 Gen.
1645 5735 1734 5784 xu,
1771 5720 1848 5773 l7.
1930 5719 1971 5750 ³⁹
2009 5719 2116 5774 Jcr.
2150 5736 2220 5778 γι,
2248 5721 2329 5775 21.
