3998 6304
477 325 588 387 185

1518 320 1578 378 s.
1618 306 1896 376 CYRILLI
1934 320 2408 377 ALEXANDRINI
2446 321 2763 381 ARCHIEP.

3636 331 3738 387 {56

477 456 602 513 qua
647 454 759 495 non
803 435 1136 494 conveniunt
1161 434 1227 489 ⁵ο.
1268 455 1287 487 ι
1333 435 1575 506 Idipsum
1623 436 1797 507 magis
1843 435 2094 507 per-api-‘

2200 453 2275 500 ιος
2313 437 2538 501 Ἡσαΐας
2559 438 2868 509 καθίστησι,
2901 437 3091 507 λέγων,
3118 437 3195 503 ὡς
3220 438 3285 492 ὲκ
3308 439 3600 511 προσώπου
3632 442 3739 495 τῶν

481 547 649 588 cuum
675 530 805 587 facit
829 529 1016 595 Isaias,
1041 527 1231 583 dicens
1267 535 1523 597 tanquam
1551 543 1621 582 ex
1652 540 1890 597 persona
1924 526 2066 582 filio-

482 638 605 678 rum
640 622 838 687 Israel,
886 629 984 675 aut
1014 634 1208 675 eorum
1247 626 1396 674 certe
1429 618 1524 689 qui
1568 618 1625 673 in
1662 626 1888 688 peccata
1926 618 2066 688 lapsi

484 722 718 770 essent:
763 732 782 765 ι
840 712 982 769 Ecce
1048 720 1108 767 tu
1176 711 1348 765 iratus
1409 724 1504 774 es,
1557 718 1616 763 et
1668 724 1769 765 nos
1820 709 2069 780 peccavi-

487 823 611 862 mus
639 809 703 861 “.
735 826 754 857 ι
1861 854 1867 860 .

558 898 757 953 PALL.
817 898 960 953 Num
1017 897 1212 969 igitur,
1263 894 1532 960 obsecro,
1603 892 1836 963 segnitia
1903 902 2070 963 atque

491 991 694 1045 inertia
726 989 1063 1045 decedentes
1098 988 1168 1043 ah
1205 985 1402 1051 oﬂicio,
1450 1000 1515 1040 ac
1552 984 1793 1055 peccatis
1847 983 2069 1049 irretiti,

489 1081 847 1152 conficiemus
872 1081 1090 1150 culpam
1130 1079 1187 1132 in
1222 1078 1416 1141 Deum,
1443 1083 1500 1130 et
1531 1077 1652 1147 ejus
1683 1076 1818 1131 iram
1849 1090 2074 1133 accusa-

490 1173 694 1238 bimus,
722 1179 785 1227 ut
813 1153 909 1242 (ιῖιὶ
939 1180 1165 1241 propter
1192 1185 1313 1226 eam
1350 1168 1793 1240 peccaverimus?

560 1264 718 1320 ΟΥΕ.
761 1264 857 1319 Ille
897 1279 1030 1318 vero
1077 1262 1302 1318 minime
1344 1260 1654 1332 culpandus
1685 1277 1716 1315 a
1756 1261 1915 1316 nobis
1951 1268 2073 1329 est;

493 1354 550 1410 id
593 1356 743 1410 enim
798 1363 949 1412 esset
1007 1356 1261 1422 insania;
1294 1354 1411 1419 sed,
1441 1370 1567 1409 cum
1615 1354 1850 1410 dicimus
1883 1371 1898 1408 :
1939 1373 1959 1407 ι
1989 1350 2076 1409 Tu

495 1447 671 1502 iratus
699 1462 781 1511 es,
810 1456 867 1502 et
898 1463 1001 1502 nos
1035 1448 1404 1518 peccavimus,
1439 1466 1459 1499 ι
1496 1447 1603 1503 tale
1633 1447 1841 1518 aliquid
1878 1444 2081 1503 intelli-

495 1536 673 1607 gimus
709 1553 722 1589 :
754 1537 869 1593 Nisi
926 1546 979 1593 te
1037 1539 1335 1609 benignum
1388 1539 1776 1606 habuerimus,
1826 1537 2078 1605 Domine,

423 1682 433 1699 ι
495 1627 636 1682 nihil
685 1626 791 1682 erit
828 1629 974 1698 quod
1019 1628 1310 1700 prohibeat
1344 1630 1639 1700 quominus
1680 1646 1712 1685 a
1746 1630 1954 1701 peccati
1994 1638 2079 1702 ty-

498 1720 731 1776 rannide
781 1722 1175 1790 opprimamur,
1217 1729 1441 1791 pr0pter
1486 1729 1690 1777 nostra
1736 1728 1950 1777 natura
1990 1721 2079 1776 in-

498 1788 837 1878 firmitatem,
856 1788 1029 1882 atque
1060 1814 1132 1867 ita
1163 1788 1401 1883 denique
1428 1813 1686 1869 omnibus
1713 1815 1871 1871 malis
1899 1811 2081 1885 impiis
2107 1788 2153 1847 Β

501 1918 711 1957 cemur.

574 1996 767 2051 PALL.
809 1995 1057 2067 Intelligo
1082 1996 1231 2066 quod
1264 1995 1425 2051 dicis.

568 2083 724 2140 CYR.
762 2085 1008 2156 Superas
1050 2085 1237 2155 itaque
1284 2100 1419 2140 cura
1462 2100 1529 2140 ac
1574 2085 1921 2155 providentia
1960 2097 2088 2155 spo—

499 2174 639 2240 liati,
677 2190 801 2230 cum
835 2175 902 2231 de
934 2176 1102 2230 nimia
1136 2183 1321 2231 nostra
1351 2176 1553 2231 inertia
1590 2184 1754 2246 atque
1786 2175 1854 2230 ad
1892 2174 2089 2247 nequi-

502 2269 633 2323 tiam
668 2268 936 2339 pracipiti
968 2269 1357 2339 propensione,
1400 2282 1576 2338 pana
1605 2284 1638 2323 a
1667 2267 1827 2324 nobis
1855 2280 2089 2323 sumun~

502 2367 614 2425 tur,
646 2358 851 2414 infirmi
891 2368 1007 2413 tum
1042 2368 1103 2413 et
1144 2368 1307 2428 captu
1350 2358 1559 2423 faciles,
1589 2368 1645 2414 et
1676 2372 1787 2428 quo
1821 2373 1933 2413 non
1967 2360 2090 2429 ejus

502 2452 725 2522 generis
753 2453 899 2507 malo
923 2452 1177 2507 laborare
1209 2450 1715 2519 deprehendimur?
1739 2449 1800 2504 In
1833 2457 2087 2520 promptu

500 2553 690 2599 autem
737 2545 834 2599 tibi
870 2553 976 2609 est,
1014 2544 1069 2598 id
1108 2552 1295 2613 aperte
1336 2543 1670 2612 perspicere,
1702 2542 1903 2611 legenti
1939 2542 2093 2597 Iere-

504 2634 630 2689 mia
656 2634 842 2689 verba.
877 2635 1117 2689 Eﬁ‘erata
1155 2648 1389 2703 namque
1417 2632 1732 2688 Judaorum
1771 2631 2087 2697 multitudo,

505 2723 759 2793 quamvis
782 2723 1078 2778 admodum
1113 2722 1330 2777 abunde
1368 2721 1693 2787 luxuriaret,
1720 2736 1784 2775 ac
1818 2719 2092 2777 difﬂueret

508 2812 566 2869 In
599 2818 811 2869 sumina
845 2814 943 2869 Dei
986 2814 1335 2880 liberalitate,
1372 2826 1495 2869 cum
1529 2822 1585 2869 et
1622 2814 1876 2868 hostibus
1917 2813 2092 2867 omni-

508 2902 615 2961 bus
646 2906 1043 2972 dominaretur,
1073 2915 1131 2962 et
1163 2907 1232 2961 ad
1267 2922 1542 2961 summum
1576 2904 1813 2976 denique
1842 2906 2093 2961 humana

509 2997 698 3067 gloria
724 2997 985 3053 verticem
1009 2997 1368 3068 pervenisset,
1399 2997 1500 3068 15
1522 2995 1868 3053 durissimam
1912 3004 2093 3052 tamen

512 3094 680 3157 atque
709 3088 1204 3158 pervicacissimam
1233 3087 1520 3158 perﬁdiam
1550 3096 1635 3141 est
1662 3086 1942 3142 meditata.
1980 3086 2091 3141 Ita-

512 3193 620 3248 que
651 3193 778 3234 cum
808 3180 978 3252 Moysi
1008 3179 1282 3235 mandatis
1322 3187 1531 3235 tantum
1554 3194 1663 3234 non
1683 3179 2090 3244 valedixissent,

510 3284 577 3326 ac
598 3274 838 3326 sancitas
859 3272 1007 3343 leges
1032 3287 1259 3343 prorsus
1276 3286 1377 3343 pro
1399 3271 1629 3326 minimo
1649 3271 2094 3342 haberent,pra-

510 3362 667 3431 cipiti
729 3362 937 3433 impetu
997 3363 1054 3418 in
1108 3372 1344 3419 mortem
1387 3372 1554 3433 atque
1596 3362 1898 3433 perniciem
1946 3363 2095 3418 fere-

516 3453 739 3510 bantur.
768 3454 882 3509 Sub
910 3469 1151 3525 quercus
1178 3469 1437 3523 namque,
1474 3462 1533 3509 et
1570 3454 1780 3524 populi,
1803 3462 1860 3508 et
1885 3454 2099 3509 arboris

516 3539 822 3595 frondentis
865 3542 1080 3606 umbra,
1123 3543 1276 3612 juxta
1326 3541 1609 3611 propheta
1654 3557 1848 3597 vocem
1881 3544 1948 3608 “,
1974 3556 2100 3599 aras

518 3635 914 3693 exstruxerant,
948 3636 1004 3683 et
1025 3630 1080 3683 in
1109 3628 1432 3684 nemoribus
1469 3628 1728 3684 arborum
1749 3631 2100 3688 multitudine

516 3720 768 3784 consitis,
811 3720 952 3776 fanis
978 3721 1045 3775 ad
1077 3720 1345 3776 daemonia
1371 3721 1601 3778 colenda
1626 3723 1959 3789 constitutis,
2010 3724 2102 3779 illa

523 3808 691 3863 boum
720 3808 967 3863 victimis
990 3818 1048 3864 et
1080 3810 1261 3873 thure,
1290 3818 1347 3865 et
1382 3811 1491 3867 alio
1518 3812 1668 3866 omni
1697 3813 1846 3867 cultu
1878 3829 2105 3871 venem—

524 3899 745 3963 bantur,
794 3899 927 3953 deos
981 3910 1537 3968 etconservatores,
1573 3911 1631 3957 et
1678 3904 1936 3961 omnibus
1984 3908 2106 3979 ejus

524 3991 744 4061 generis
788 3991 1104 4048 nominibus
1150 4009 1315 4063 opera
1357 4009 1457 4049 sua
1505 3996 1778 4065 appellare
1824 4014 1932 4053 non
1972 4012 2103 4055 eru-

527 4082 833 4151 bescentes.
876 4082 1020 4149 Quin
1058 4084 1226 4140 etiam
1276 4084 1334 4140 in
1375 4099 1495 4140 eam
1522 4087 1805 4142 stultitiam
1836 4105 2104 4160 pervene-

529 4179 660 4227 runt
708 4173 1023 4243 aliquando,
1058 4183 1119 4231 ut
1147 4177 1259 4247 jam
1306 4176 1505 4247 impias
1536 4178 1659 4235 illas
1700 4194 1923 4236 suorum
1970 4184 2108 4239 libe-

528 4279 717 4319 rorum
764 4265 941 4320 cades
985 4266 1092 4321 sibi
1135 4268 1322 4338 gloria
1367 4285 1488 4325 esse
1535 4279 1809 4340 putarent,
1849 4282 2107 4345 tantoque

528 4354 736 4410 scelere
776 4355 1015 4427 opimam
1053 4373 1110 4415 se
1142 4358 1250 4415 illis
1280 4360 1558 4417 victimam
1593 4363 1791 4420 offerre
1825 4366 2106 4422 existima-

2169 528 2299 583 υἱῶν
2338 530 2573 602 Ἰσραὴλ,
2598 532 2763 601 ἧγουν
2785 528 2894 584 τῶν
2915 528 3295 602 ὠλισθηκότων
3324 533 3405 596 είς
3434 532 3736 604 ἀμαρτίας’

2173 641 2191 674 ι
2247 622 2377 677 Ἰδοὺ
2415 624 2480 677 σὺ
2510 621 2809 694 ὠργίσθης,
2843 622 2937 676 καὶ
2970 623 3130 695 ἡμεῖς
3159 623 3499 696 ἡμάρτομεν.
3533 644 3553 673 ι

2241 883 2448 936 ΠΑΛΛ.
2494 877 2619 951 ’Ἆρ’
2664 878 2793 947 οὖν,
2845 882 2968 935 είπέ
3020 899 3144 953 μοι,
3189 864 3743 955 καταρῤᾳθυμοῦντες

2168 976 2332 1046 ἡμεῖς
2356 972 2449 1027 τοῦ
2471 973 2773 1044 πρέποντος
2802 975 2896 1029 καὶ
2913 977 3031 1039 ταῖς
3051 976 3347 1047 ἁμαρτίαις
3371 977 3743 1048 ἁλισκόμενοι,

2171 1065 2544 1138 προσρίψομεν
2581 1066 2681 1136 τὴν
2716 1066 2899 1120 αίτίαν
2930 1066 3009 1138 τῷ
3053 1066 3201 1139 Θεῷ,
3243 1070 3338 1123 καὶ
3378 1069 3746 1141 ὲγκαλέσομεν

2172 1156 2321 1228 αὐτῷ
2345 1157 2444 1227 τὴν
2466 1155 2634 1226 ὀργὴν
2652 1198 2668 1225 ,
2690 1155 2767 1221 ὡς
2792 1156 2883 1212 διὰ
2906 1156 3066 1211 τοῦτο
3089 1160 3472 1230 ἡμαρτηκότες
3491 1177 3506 1225 ;

2243 1246 2409 1301 ΚΥΡ.
2451 1246 2908 1319 Ἐπαιτιασόμεθα
2944 1248 3044 1319 μὲν
3080 1249 3223 1319 οὐχὶ,
3253 1249 3417 1320 μανία
3456 1249 3565 1320 γὰρ
3586 1250 3749 1305 τοῦτὸ

2174 1354 2260 1408 γε·
2280 1337 2578 1407 φάσκοντες
2596 1338 2674 1403 δὲ,
2695 1338 2776 1391 ὅτι
2800 1357 2819 1390 ι
2847 1339 2918 1392 Σὺ
2942 1337 3240 1410 ὠργίσθης,
3266 1341 3359 1393 καὶ
3382 1342 3542 1412 ἡμεῖς
3570 1342 3751 1412 ἡμάρ-

2173 1445 2369 1500 τομεν,
2401 1447 2421 1482 ι
2446 1427 2686 1482 τοιοῦτόν
2705 1446 2761 1481 τι
2792 1428 3021 1501 νοοῦμεν
3040 1445 3055 1461 ⁸
3102 1430 3187 1493 Ὠς
3217 1431 3264 1483 εί
3300 1432 3374 1503 μὴ
3399 1432 3461 1485 τὸ
3490 1433 3581 1486 σὺν
3613 1433 3752 1504 ἔχοι-

2178 1530 2280 1585 μεν
2313 1515 2559 1585 εὺμενὲς,
2591 1508 2636 1570 ὦ
2668 1515 2932 1582 Δέσποτα,
2962 1518 3023 1571 τὸ
3049 1518 3315 1590 ἀπεῖργον
3346 1519 3530 1586 οὐδὲν,
3549 1539 3752 1593 τυραν-

2177 1605 2388 1661 νεῖσθαι
2418 1607 2519 1677 μὲν
2544 1607 2650 1662 ὑπὸ
2673 1608 2969 1681 ἁμαρτίας,
2995 1608 3086 1664 διά
3122 1610 3184 1664 τὸ
3204 1611 3306 1682 τῆς
3333 1613 3609 1685 ἡμετέρας
3649 1614 3755 1685 φῦ-

2180 1714 2318 1766 σεως
2348 1701 2598 1770 ἀσθενὲς,
2631 1702 2793 1757 παντὶ
2822 1702 2881 1758 δὲ
2918 1702 3102 1757 λοιπὸν
3129 1700 3409 1776 ἐνέχεσθαι
3434 1706 3605 1775 κακῷ.

2202 2050 2207 2055 ,
2253 1987 2462 2042 ΠΑΛΛ.
2493 1987 2722 2059 Συνίημι
2752 1989 2781 2042 ὃ
2816 1989 2941 2062 φῄς.

2254 2080 2419 2133 ΚΥΡ.
2444 2064 2727 2151 Φρονδιίδος
2750 2078 2844 2135 οὖν
2875 2081 2991 2152 ἅμα
3019 2084 3113 2136 καὶ
3144 2083 3252 2156 μὴν
3293 2085 3385 2139 καὶ
3416 2084 3625 2154 φειδοῦς
3655 2092 3756 2161 τῆς

2183 2169 2390 2225 ἄνωθεν
2412 2171 2933 2244 ἀπαμφιεννύμενοι,
2956 2174 3050 2228 καὶ
3072 2176 3167 2246 τῆς
3193 2179 3271 2241 είς
3296 2177 3434 2246 ἄγαν
3456 2179 3753 2252 ὲξιτηλίας,

2184 2260 2280 2315 καὶ
2301 2260 2409 2314 τῶν
2454 2262 2534 2323 είς
2559 2261 2619 2314 τὸ
2658 2260 2859 2331 φαῦλον
2886 2263 3128 2334 ἀσχέτων
3156 2266 3551 2339 ἀπονευμάτων
3582 2289 3758 2345 πρατ-

2184 2351 2406 2422 τόμενοι
2436 2351 2592 2416 δίκας
2614 2393 2627 2418 ,
2656 2352 2907 2419 ἀσθενεῖς
2948 2358 3042 2409 καὶ
3070 2356 3358 2426 εὐάλωτοι,
3405 2362 3500 2415 καὶ
3541 2362 3593 2416 τί
3644 2365 3757 2435 γὰρ

2185 2444 2307 2514 οὐχὶ
2353 2443 2462 2497 τῶν
2512 2445 2768 2500 τοιούτων
2821 2444 3238 2520 ἡρᾴυστηκὸτες
3284 2450 3758 2525 ἀποδεικνύμεθας

2187 2535 2347 2607 Πάρα
2376 2535 2433 2589 δὲ
2462 2535 2524 2606 δή
2559 2551 2644 2590 σοι
2672 2538 2830 2591 ταυτὶ
2870 2538 3306 2595 καταθεάσασθαι
3333 2542 3620 2615 λαμπρῶς,
3644 2549 3762 2612 τοῖς

2199 2625 2464 2697 Ἰερεμίου
2510 2628 2853 2698 περιτυχόντι
2893 2628 3089 2698 λόγοις.
3147 2631 3412 2687 Ἰουδαίων
3459 2636 3557 2706 μὲν
3585 2637 3692 2709 γὰρ
3723 2640 3761 2709 ἡ

2189 2716 2360 2787 ἀγρία
2386 2715 2598 2787 πληθὺς
2617 2756 2633 2780 ,
2680 2716 2777 2771 καί
2822 2733 2902 2771 τοι
2935 2714 3139 2791 σφόδρα
3188 2720 3455 2787 πλουσίως
3482 2724 3756 2779 ὲνσπατα-

2190 2806 2342 2861 λῶσά
2382 2825 2443 2860 τε
2481 2809 2574 2861 καὶ
2606 2809 3002 2883 ὲνευρυνομὲνη
3035 2815 3155 2876 ταῖς
3192 2814 3343 2886 παρὰ
3378 2814 3514 2868 θεοῦ
3557 2817 3766 2887 φιλοτιι

2196 2899 2375 2970 μίαις,
2435 2900 2529 2953 καὶ
2583 2902 2838 2957 ἁπάντων
2905 2904 3226 2976 κρατήσασά
3287 2923 3349 2959 τε
3407 2906 3590 2961 λοιπὸν
3646 2907 3768 2963 τῶν

2193 2989 2424 3062 ἐχθρῶν,
2458 2990 2750 3047 διελάσασά
2786 3009 2846 3046 τε
2879 2993 3066 3049 λοιπὸν
3092 2997 3172 3060 είς
3201 2995 3330 3050 αὑτό
3357 3013 3460 3050 που
3484 2996 3623 3068 τάχα
3657 2999 3767 3069 τῆς

2195 3081 2254 3134 ὲν
2284 3079 2592 3154 ἀνθρώποις
2625 3082 2875 3148 εὐκλείας
2898 3084 2960 3138 τὸ
2984 3086 3243 3141 ἀνωτάτω
3262 3127 3276 3152 ,
3316 3087 3555 3160 σκληρὰν
3573 3104 3636 3141 τε
3666 3089 3770 3143 καὶ

2196 3171 2498 3244 ἄθραυστον
2526 3174 2756 3245 ἐμελέτα
2785 3177 2884 3248 τὴν
2914 3177 3215 3234 ἀπείθειαν.
3265 3180 3559 3252 Μονονουχὶ
3585 3180 3641 3233 δὲ
3668 3182 3771 3234 καὶ

2196 3264 2470 3337 ἐρρῶσθαι
2497 3266 2804 3338 φράσαντες
2830 3272 2951 3334 ταῖς
2982 3269 3071 3323 διὰ
3102 3271 3346 3335 Μωσέως
3377 3272 3633 3337 ἐντολαῖς,
3668 3272 3773 3327 καὶ

2201 3356 2399 3428 μικροῦ
2429 3358 2707 3424 παντελῶς
2748 3358 3025 3425 ἀξιοῦντες
3050 3360 3210 3431 λόγου
3241 3362 3309 3417 τά
3342 3363 3767 3435 τεθεσπισμένα,

2198 3447 2663 3518 ἀπαραποδίστοις
2711 3449 2967 3521 ἐφέροντο
3023 3454 3215 3522 ῥοπαῖς
3256 3455 3336 3516 είς
3392 3453 3613 3524 ὄλεθρον
3670 3454 3778 3508 καὶ

2200 3538 2490 3593 ἀπώλειαν.
2543 3542 2828 3596 Ὑποκάτω
2869 3543 2978 3614 γὰρ
3024 3544 3221 3616 δρυὸς,
3265 3545 3359 3598 καὶ
3390 3543 3624 3615 λεύκης,
3673 3547 3779 3600 καὶ

2200 3628 2417 3703 δένδρου
2446 3630 2827 3697 συσκιάζοντας
2849 3632 2991 3687 κατά
3015 3634 3113 3706 τὴν
3141 3633 3233 3687 τοῦ
3257 3635 3534 3706 προφήτου
3562 3634 3778 3705 φωνὴν,

2205 3720 2426 3793 βωμοὺς
2456 3724 2821 3795 ἀνεδείμαντο.
2851 3726 2945 3780 καὶ
2974 3729 3033 3780 ὲν
3062 3729 3176 3791 τοῖς
3210 3727 3637 3798 εὖδενδροτάτοις
3662 3726 3783 3781 τῶν

2204 3811 2403 3877 ἀλσῶν,
2433 3813 2633 3883 τεμένη
2662 3816 2773 3877 τοῖς
2800 3814 3016 3885 δαίμοσι
3045 3815 3434 3887 διαπηξαντες,
3465 3816 3785 3886 βουθυσίαις

2206 3903 2299 3956 καὶ
2321 3902 2652 3967 λιϐανωτοῖς,
2678 3903 2772 3955 καὶ
2797 3906 2906 3965 τοῖς
2931 3903 3109 3969 ἄλλοις
3134 3906 3324 3967 ἅπασι,
3352 3908 3654 3977 καταγεραί
3660 3927 3719 3978 ρε
3730 3929 3784 3963 ιν

2206 3992 2421 4060 ἠξίουν,
2457 3992 2624 4055 Θεοὺς
2659 3992 2752 4045 καὶ
2804 3994 3086 4063 σωτῆρας,
3132 3993 3224 4046 καὶ
3259 3996 3313 4046 τί
3357 3994 3465 4064 γὰρ
3497 3995 3618 4065 οὐχὶ
3663 3997 3783 4052 τῶν

2205 4083 2460 4138 τοιούτων
2496 4083 2595 4136 οὑκ
2626 4082 2984 4154 ὲρυθριῶντες
3027 4083 3233 4153 λέγειν,
3274 4085 3343 4139 τά
3381 4085 3469 4140 διὰ
3518 4086 3670 4156 σφῶν
3699 4106 3788 4142 τε-

2206 4175 2647 4244 χνουργούμενα;
2670 4172 2973 4229 Καθίκοντο
2997 4174 3053 4228 δὲ
3087 4176 3297 4248 μωρίας
3330 4178 3410 4239 είς
3436 4176 3593 4230 τοῦτό
3620 4195 3783 4238 ποτε.

2207 4265 2373 4328 ὡς’ὲν
2412 4265 2779 4335 καυχημάτων
2817 4264 2967 4329 τάξει
3016 4265 3197 4319 λοιπὸν
3243 4267 3510 4321 ποιεῖσθαι
3551 4269 3648 4332 τὰς
3686 4269 3787 4323 ἀνο

2206 4357 2386 4421 οσίους
2416 4357 2840 4427 τεκνοσφαγίας,
2888 4357 3093 4410 οἴεσθαι
3134 4351 3197 4410 ’δὲ
3248 4358 3345 4411 ὡδὶ
3395 4358 3787 4431 λιπαρωτάτην

530 4452 672 4500 rent.
706 4445 897 4516 Neque
927 4463 1059 4503 vero
1091 4449 1237 4504 intra
1274 4451 1375 4507 hos
1411 4451 1550 4509 ﬁnes
1585 4455 1838 4527 impietas
1871 4457 2094 4513 filiorum

2207 4449 2468 4504 ἀνάπτειν
2515 4450 2615 4520 τὴν
2653 4449 2843 4503 θυσίαν
2871 4450 3075 4513 αὐτοῖς.
3109 4449 3217 4503 Καὶ
3262 4450 3323 4502 οὐ
3362 4451 3524 4521 μέχρι
3573 4450 3788 4505 τούτων

528 4535 697 4590 Israel
738 4538 920 4604 stetit;
960 4539 1057 4594 sed
1098 4539 1303 4612 ﬂagitia
1339 4542 1559 4615 ﬂagitiis
1597 4549 2024 4613 accumulantes,
2056 4566 2094 4605 e‘

2206 4540 2278 4592 τὰ
2315 4538 2416 4610 τῆς
2429 4540 2748 4603 δυσσεϐείας
2776 4539 3075 4610 ἐπράττετο
3102 4543 3212 4603 τοῖς
3233 4539 3291 4606 se
3328 4541 3561 4612 Ἰσραήλ.
3601 4544 3788 4613 Προσ-

532 4625 590 4678 in
629 4625 1027 4683 absurdissima
1066 4646 1298 4702 quaque
1344 4636 1653 4707 pracipitcs
1687 4638 1802 4704 lati,
1832 4638 2109 4709 legislato-

534 4714 611 4769 ris
654 4717 1009 4785 quantumvis
1052 4719 1275 4794 benigni
1320 4725 1460 4782 iram
1507 4728 1565 4782 in
1615 4743 1674 4783 se
1719 4728 2107 4799 provocarunt.

533 4806 701 4878 Ergo,
734 4810 994 4880 quoniam
1052 4814 1175 4884 ejus
1227 4818 1547 4874 servitutem
1605 4819 1968 4876 audacissime
2032 4821 2109 4875 illi

534 4900 880 4970 repulerant,
930 4905 1182 4974 permisit
1224 4908 1272 4963 is
1311 4918 1372 4965 ut
1416 4910 1485 4964 ab
1535 4909 1787 4966 hostibus
1833 4911 2107 4981 opprime-

532 4998 747 5056 rentur,
789 5001 847 5048 et
887 4993 957 5048 ad
1000 4999 1366 5054 necessariam
1416 4998 1825 5054 abducerentur
1870 4999 2106 5055 servitu-

535 5087 667 5148 tem,
698 5098 805 5153 qua
839 5085 942 5141 sub
991 5087 1200 5145 ditione
1245 5088 1624 5146 Cbaldaorum
1658 5089 2107 5160 Babyloniorum-

536 5190 645 5245 que
686 5176 928 5234 fuerunt.
960 5179 1063 5247 Qui
1114 5197 1261 5247 cum,
1311 5181 1518 5237 relictis
1566 5195 1688 5251 qua
1734 5181 1883 5235 domi
1928 5191 2106 5248 erant,

538 5268 833 5336 venissent,
866 5280 928 5326 ut
960 5272 1081 5327 illos
1108 5272 1353 5343 captivos
1384 5271 1669 5336 ducerent,
1702 5287 1767 5327 ac
1787 5274 2112 5328 sanctamil-

537 5360 645 5415 lam
670 5362 1172 5432 nobilissimamque
1212 5363 1403 5418 urbem
1432 5362 1805 5431 incenderent,
1831 5372 1947 5419 tum
1977 5380 2111 5421 vero

539 5449 609 5505 iis
648 5454 743 5523 qui
782 5452 1237 5524 oppugnabantur
1280 5452 1371 5507 vix
1409 5454 1624 5510 tandem
1677 5456 1861 5511 animo
1909 5456 2112 5514 insedit

541 5550 601 5597 ut
621 5543 914 5599 Jeremiam
930 5542 1252 5614 prophetam
1284 5546 1636 5603 consulerent
1659 5548 1783 5619 quis
1814 5547 1939 5604 finis
1966 5548 2112 5605 illius

615 5732 661 5766 “
690 5735 848 5791 Rom.
880 5752 917 5802 I,
945 5737 1034 5793 28.
1116 5738 1154 5771 “
1196 5741 1319 5797 Isai.
1364 5758 1502 5810 ωιιν,
1536 5744 1586 5799 5.
1668 5744 1711 5777 δ’
1736 5741 1875 5799 Osee
1904 5758 1975 5808 tv,
2021 5741 2105 5794 13.

2209 4632 2384 4703 θήκην
2431 4631 2489 4685 δὲ
2540 4631 2728 4702 ῶσπερ
2763 4631 2886 4684 τινὰ
2937 4635 3049 4696 τοῖς
3098 4631 3441 4703 τολμήμασιν
3484 4632 3570 4685 ἀεὶ
3613 4649 3792 4704 προσ-

2208 4723 2538 4791 επάγοντες,
2569 4723 2669 4795 τὴν
2707 4726 2784 4787 είς
2826 4725 2935 4778 πᾶν
2974 4723 3154 4777 ὁτιοῦν
3200 4723 3310 4776 τῶν
3350 4723 3595 4777 ἐκτόπων
3638 4724 3793 4794 ἀχά-ο

2212 4831 2355 4869 Λινον
2388 4816 2768 4885 ἁποφοίτησιν,
2801 4815 2863 4868 οὐ
2898 4815 3132 4885 μετρίως
3176 4813 3261 4883 ἐφ’
3292 4815 3499 4878 ἑαυτοῖς
3545 4817 3795 4885 κατηρέ-

2211 4906 2361 4972 θιζον
2407 4909 2489 4970 εις
2531 4906 2697 4978 ὀργὰς
2720 4947 2735 4972 ,
2774 4908 2951 4962 καίτοι
2994 4906 3227 4977 χρηστὸν
3285 4906 3414 4959 ὄντα
3439 4906 3529 4959 τὸν
3553 4904 3793 4975 νομοθέ‹

2213 5014 2332 5069 την.
2376 4998 2592 5070 Ἐπειδὴ
2627 4998 2686 5052 δὲ
2720 4998 2821 5069 τὴν
2860 4999 2955 5051 ἐπ’
2988 4997 3140 5070 αὐτῷ
3180 4990 3425 5051 δουλείαν
3466 4983 3797 5052 ἁπεσείὸντο

2212 5089 2475 5154 νεανικῶς
2494 5133 2508 5158 ,
2535 5084 2708 5162 μεθίει
2740 5086 2926 5143 λοιπὸν
2948 5089 3043 5144 καὶ
3065 5087 3501 5144 πλεονεκτεῖσθαι
3528 5087 3621 5140 καὶ
3648 5104 3728 5140 πα
3736 5091 3794 5159 ρ’

2215 5178 2447 5250 ἐχθρῶν,
2474 5182 2566 5234 καὶ
2599 5179 2734 5252 πρὸς
2775 5179 3081 5249 ἀναγκαίαν
3107 5178 3208 5250 ἥδη
3255 5192 3372 5240 πως
3407 5170 3796 5246 ἀποφέρεσθαι

2216 5271 2457 5342 θητείαν,
2486 5271 2586 5344 τὴν
2625 5274 2730 5328 ὑπὸ
2759 5271 3047 5336 Χαλδαίοις
3077 5271 3223 5342 φημὶ
3265 5268 3359 5324 καὶ
3399 5264 3795 5332 Βαϐυλωνίοις.

2215 5362 2280 5417 Οἱ
2315 5361 2413 5433 μὲν
2442 5363 2572 5435 γὰρ,
2595 5361 2729 5436 ἦκον
2767 5365 2837 5418 τὰ
2863 5364 3000 5418 οἴκοι
3039 5362 3291 5434 μεθέντες
3332 5356 3802 5430 ἐξανδραποδισά-

2221 5449 2372 5520 μενοί
2398 5466 2459 5504 τε
2490 5451 2708 5519 αὐτοὺς,
2738 5453 2833 5506 καὶ
2872 5454 2973 5524 τὴν
2996 5453 3161 5522 ἁγίαν
3184 5453 3279 5507 καὶ
3306 5449 3595 5520 διαϐόητον
3631 5448 3804 5503 πόλιν

2216 5543 2617 5616 ἐμπρήσαντες,
2652 5545 2868 5617 ἔρεσθαι
2898 5545 2954 5599 δὲ
2987 5542 3139 5618 μόλις
3165 5543 3339 5598 ιδὸκει
3371 5544 3484 5604 τοῖς
3519 5538 3805 5609 πολεμουι
