3998 6304
309 329 406 386 157

1038 329 1128 386 DE
1167 333 1611 391 ADORATiONE
1651 336 1716 391 ΙΝ
1752 336 2022 393 SPIRITU
2068 340 2155 395 ET
2197 342 2563 399 VlililTATE.
2606 346 2734 401 LIB.
2777 350 2816 403 ῐ.

3458 355 3560 410 158

306 439 486 511 μένοις
507 435 596 492 τὸν
623 441 908 511 προφήτην
946 439 1234 514 Ἱερεμίαν,
1259 443 1321 497 τὸ
1338 445 1571 516 ὅποιπερ
1601 447 1665 501 ἂν
1692 449 1858 512 αὐτοῖς

1972 451 2099 505 mali
2127 462 2271 508 esset
2290 453 2509 509 futurus
2539 475 2551 509 :
2584 477 2604 508 ι
2631 458 2699 512 Et
2727 459 2883 525 dixit,
2913 482 2931 512 ι
2973 463 3168 533 inquit,
3210 488 3227 516 ι
3256 466 3553 521 Jcremias;

307 530 705 600 εκτελευτήσειε
734 530 794 583 τὸ
824 531 1007 585 κακόν.
1034 551 1055 587 ι
1079 533 1189 586 Καὶ
1221 530 1410 607 εἷπε,ξι
1434 537 1622 606 φησὶν,
1657 556 1674 589 ι
1711 539 1872 610 Ἰερεο

304 622 452 695 μίας·
480 621 665 687 Οὕτως
692 622 866 693 ἐρεῖτε
922 623 1058 696 πρὸς
1096 624 1347 679 Σεδεκίαν
1367 642 1380 655 ·
1410 626 1547 680 Τάδε
1580 627 1724 697 λέγει
1762 629 1873 682 Κύ-

303 730 436 786 ριος·
490 713 620 767 Ἰδοὺ
675 712 786 784 ἐγὼ
836 713 1195 785 μεταστρέφει)
1219 715 1286 770 τά
1314 717 1455 772 ὅπλα
1479 717 1548 771 τὰ
1579 718 1869 789 πολεμικὰ,

303 807 359 860 ὲν
385 801 468 870 οἷς
491 805 651 878 ὑμεῖς
677 807 960 877 πολεμεῖτε
986 808 1044 859 ὲν
1066 807 1248 872 αὐτοῖς
1270 808 1405 880 πρὸς
1427 810 1550 873 τοὺς
1574 809 1872 875 Χαλδαίους

302 897 427 960 τοὺς
468 898 922 967 συγκεκλεικότας
967 899 1111 970 ὑμᾶς
1152 899 1257 965 ἔξω
1296 900 1391 954 τοῦ
1424 901 1669 973 τείχους,
1703 904 1783 967 εἰς
1810 905 1871 957 τὸ

303 988 467 1060 μέσον
498 989 595 1060 τῆς
624 990 831 1051 πόλεως
864 990 1087 1061 ταύτης.
1125 991 1234 1045 Καὶ
1267 992 1561 1064 πολεμήσω
1590 993 1734 1063 ὑμᾶς
1760 993 1872 1063 ἐγὼ

301 1083 359 1133 ὲν
383 1082 527 1152 χειρί
565 1080 922 1152 ἐκτεταμένη,
955 1082 1049 1135 καὶ
1071 1083 1128 1135 ἐν
1157 1081 1402 1155 βραχίονι
1429 1085 1707 1157 κραταιῷ,
1732 1084 1871 1156 μετὰ

301 1172 475 1244 θυμοῦ
512 1174 607 1229 καὶ
632 1173 804 1245 ὀργῆς
836 1174 1097 1246 μεγάλης.
1135 1177 1244 1229 Καὶ
1263 1174 1488 1243 πατάξω
1510 1176 1716 1240 πάντας
1745 1178 1870 1242 τούς

301 1263 690 1328 κατοικοῦντας
713 1266 770 1316 ὲν
791 1267 857 1336 τῇ
887 1264 1038 1318 πόλει
1058 1265 1253 1337 ταύτῃ,
1275 1267 1402 1331 τοὺς
1432 1267 1752 1337 ἀνθρώπους
1774 1268 1868 1322 καὶ

299 1353 365 1408 τὰ
395 1356 567 1426 κτήνη
598 1356 659 1411 ὲν
697 1353 914 1426 θανάτῳ
948 1355 1202 1428 μεγάλῳ,
1245 1359 1339 1411 καὶ
1379 1357 1791 1413 ἀποθανοῦνται.
1840 1379 1861 1412 ι

299 1438 433 1500 Εἶτα
483 1444 602 1515 μεθ’
648 1445 833 1517 ἕτερασ
872 1465 889 1497 ι
941 1446 1051 1502 Καὶ
1079 1447 1215 1519 πρὸς
1261 1448 1354 1502 τὸν
1390 1444 1553 1517 λαὸν,
1596 1470 1616 1503 ι
1672 1451 1864 1522 φησὶν,

305 1555 325 1588 ι
361 1538 506 1609 ὲρεῖς
539 1536 748 1603 τοῦτον,
776 1537 914 1592 Τάδε
941 1537 1091 1609 λέγει
1110 1538 1336 1609 Κύριος·
1374 1541 1504 1595 Ἰδοὺ
1534 1541 1643 1612 ἐγὼ
1664 1542 1867 1596 δέδωκα

300 1630 404 1699 πρὸ
443 1628 738 1701 προσώπου
776 1629 930 1701 ὑμῶν
973 1631 1075 1701 τὴν
1107 1631 1225 1686 ὁδὸν
1270 1632 1369 1702 τῆς
1404 1631 1579 1703 ζωῆς,
1629 1634 1723 1687 καί
1767 1633 1865 1705 τὴν

298 1718 413 1772 ὁδὸν
453 1718 545 1773 τοῦ
576 1719 826 1775 θανάτου.
869 1717 926 1774 ’0
968 1720 1276 1792 καθήμενος
1299 1722 1357 1778 ὲν
1381 1726 1447 1795 τῇ
1493 1723 1648 1778 πόλει
1673 1723 1863 1798 ταύτῃ,

1974 541 2064 598 Sic
2098 544 2295 600 dicetis
2342 546 2588 602 S'cdccitc
2624 567 2637 602 :
2694 549 2821 606 Hace
2872 552 3011 607 dicit
3062 556 3324 613 Dominus
3359 575 3372 612 :
3415 559 3556 614 Ecce

1971 648 2071 703 ego
2103 647 2361 692 converto
2397 653 2548 693 arma
2592 640 2790 695 bellica
2840 641 2896 695 in
2939 643 3141 712 quibus
3171 661 3269 702 vos
3303 659 3557 720 pugnans

1971 725 2233 781 adversus
2260 726 2562 793 Chaldzeos,
2594 732 2686 800 qui
2710 730 3099 787 concluserunt
3131 749 3229 788 vos
3247 746 3399 792 extra
3430 755 3553 793 mu-

1972 832 2116 881 rum,
2153 818 2209 873 in
2248 820 2487 875 medium
2531 823 2773 878 civitatis
2816 824 3001 896 hujus,
3036 833 3093 880 et
3136 825 3423 884 debellabo
3453 848 3554 901 ego

1968 924 2068 964 vos
2096 909 2151 964 in
2182 927 2346 967 manu
2380 922 2621 979 extenta,
2653 924 2709 971 et
2748 916 2805 971 in
2848 917 3074 973 brachio
3111 918 3260 982 forti,
3296 934 3421 974 cum
3466 923 3552 976 fu-

1969 1015 2093 1055 rore
2123 1010 2178 1056 et
2209 1002 2290 1057 ira
2319 1019 2545 1075 magna;
2578 1015 2635 1060 et
2676 1008 2980 1076 percutiam
3022 1023 3213 1063 omnes
3242 1008 3559 1064 habitantes

1967 1092 2025 1147 in
2057 1093 2277 1149 civitate
2308 1095 2441 1162 hac,
2487 1097 2739 1153 homines
2782 1107 2839 1153 et
2867 1100 3116 1170 jumenta
3146 1101 3199 1155 in
3234 1111 3408 1156 morte
3434 1117 3551 1155 ma-

1967 1199 2092 1253 gna,
2120 1192 2176 1237 et
2204 1185 2507 1241 morientur
2531 1187 2598 1241 ⁸³.
2634 1207 2653 1240 ι
2688 1189 2896 1243 Deinde
2932 1199 3057 1259 post
3088 1192 3384 1246 nonnulla:
3433 1211 3451 1243 ι
3483 1192 3552 1247 Ει

1968 1274 2033 1328 ad
2063 1275 2344 1345 populum,
2378 1297 2396 1328 ι
2437 1278 2636 1349 inquit,
2668 1298 2686 1331 ι
2715 1280 2880 1335 istum
2909 1281 3095 1337 dices:
3123 1282 3248 1339 Haec
3276 1284 3410 1339 dicit
3438 1286 3548 1339 Do-

1967 1364 2148 1420 minus
2167 1385 2178 1419 :
2195 1366 2335 1423 Ecce
2353 1383 2454 1439 ego
2472 1369 2601 1424 dedi
2619 1384 2807 1425 coram
2827 1372 2985 1428 vobis
3005 1373 3148 1428 viam
3170 1375 3292 1431 vitae
3318 1384 3375 1430 et
3401 1377 3545 1430 viam

1966 1458 2162 1513 mortis
2194 1476 2207 1513 :
2237 1458 2332 1530 qui
2362 1462 2627 1517 manserit
2664 1462 2720 1517 in
2758 1463 2983 1520 civitate
3024 1466 3149 1530 hac,
3197 1467 3464 1522 morietur
3490 1469 3545 1523 in

1965 1548 2152 1619 gladio
2182 1559 2239 1605 et
2267 1550 2320 1606 in
2344 1551 2509 1619 fame,
2541 1561 2599 1607 et
2627 1553 2721 1623 qui
2751 1570 3008 1626 egressus
3034 1556 3201 1613 fuerit
3226 1567 3287 1613 ut
3306 1567 3548 1614 transeat

1965 1639 2032 1695 ad
2059 1639 2360 1707 Chaldaeos,
2379 1642 2476 1713 qui
2498 1645 2890 1701 concluserunt
2909 1663 3029 1713 vos,
3051 1648 3219 1713 vivet,
3245 1650 3349 1719 ιθ
3366 1657 3423 1705 et
3437 1650 3546 1705 erit

1965 1732 2145 1786 anima
2160 1734 2280 1803 ejus
2304 1734 2362 1788 in
2386 1735 2579 1805 spolia,
2600 1744 2657 1791 et
2680 1737 2854 1802 vivet;
2883 1738 3015 1809 quia
3034 1740 3321 1794 obfirmavi
3346 1740 3542 1797 faciem

297 1808 648 1863 ἀποθανεῖται
678 1813 735 1864 ἐν
783 1811 1046 1883 μαχαίρᾳ,
1079 1812 1172 1866 καὶ
1203 1815 1262 1866 ὲν
1303 1812 1466 1884 λιμῷ,
1514 1814 1607 1867 καί
1628 1816 1656 1868 ό
1694 1814 1858 1868 ἐκπο-

1961 1837 2140 1877 meam
2166 1824 2428 1880 adversus
2448 1826 2638 1882 urbem
2660 1827 2803 1883 hanc
2819 1828 2877 1882 in
2905 1829 3263 1892 mala,etnon
3285 1831 3340 1885 in
3368 1831 3540 1897 bona;

297 1901 585 1972 ρευόμενος
625 1905 1015 1974 προσχωρῆσαι
1059 1903 1195 1974 πρὸς
1233 1905 1358 1969 τοὺς
1400 1905 1699 1969 Χαλδαίους
1733 1906 1861 1969 τοὺς

295 1993 752 2062 συγκεκλεικότας
792 1995 965 2065 ὑμᾶς,
1017 1992 1266 2065 ζήσεται.
1301 1996 1412 2049 Καὶ
1443 1996 1596 2050 ἔσται
1638 1999 1671 2068 ή
1714 1996 1860 2069 ψυχή

294 2082 454 2139 αὐτοῦ
504 2086 587 2148 εἰς
636 2083 843 2148 σκύλα,
888 2085 983 2139 καί
1024 2085 1273 2157 ζήσεται.
1322 2085 1468 2141 Διότι
1503 2088 1761 2158 ἐστήριξα
1804 2087 1865 2142 τὸ

296 2176 585 2248 πρόσωπόν
616 2194 718 2246 μου
762 2180 857 2233 ἐπὶ
887 2178 988 2250 τὴν
1032 2180 1185 2233 πόλιν
1226 2179 1430 2250 ταύτην
1456 2182 1533 2244 εἰς
1560 2180 1737 2243 κακὰ,
1768 2182 1864 2235 καὶ

294 2268 386 2321 οὐκ
415 2268 499 2332 εἰς
536 2268 739 2338 ἁγαθὰ,
768 2271 862 2325 καὶ
889 2272 969 2334 εἰς
1008 2273 1196 2341 χεῖρας
1242 2270 1507 2342 βασιλέως
1546 2271 1863 2336 Βαϐυλῶνος

297 2359 753 2432 παραδοθήσεται,
786 2363 883 2417 καὶ
932 2361 1271 2417 κατακαύσει
1318 2363 1494 2435 αὐτὴν
1537 2366 1597 2418 ὲν
1640 2364 1792 2437 πυρί.
1839 2386 1859 2416 ε

1970 1923 2026 1970 et
2053 1915 2106 1969 in
2140 1931 2336 1970 manus
2368 1917 2511 1988 regis
2538 1917 2828 1990 Babylonis
2874 1920 3144 1987 tradetur,
3189 1930 3245 1976 et
3290 1922 3542 1978 inecndet

1966 2021 2089 2060 eam
2115 2005 2227 2077 igni
2253 2007 2318 2062 νδ.
2351 2027 2369 2060 ι
2407 2008 2670 2080 Intelligis
2696 2010 2883 2080 igitur,
2916 2012 2962 2065 si
3001 2012 3204 2068 nostris
3244 2014 3544 2071 malefactis

1962 2096 2135 2151 Deum
2157 2097 2574 2165 offenderimus,
2593 2099 2709 2155 fore
2729 2108 2789 2155 ut
2815 2100 3056 2157 hostium
3078 2104 3338 2172 potentia:
3357 2105 3541 2159 miseri

1964 2187 2233 2244 obsistere
2267 2205 2375 2244 non
2401 2190 2700 2261 possimus,
2739 2191 2835 2247 sed
2868 2193 3217 2263 opprimente
3247 2211 3348 2251 nos
3381 2206 3542 2267 atque

1962 2277 2259 2335 invadente
2300 2279 2382 2334 ira
2423 2280 2631 2348 divina,
2665 2283 2809 2338 servi
2837 2284 3008 2340 simus
3043 2300 3113 2341 ex
3147 2286 3358 2352 liberis,
3393 2288 3543 2360 igno.

1961 2365 2237 2437 bilemque
2275 2367 2443 2423 vitam
2476 2378 2641 2440 atque
2678 2370 3046 2429 miserabilem
3085 2374 3370 2432 ducamus.

291 2452 479 2522 Συνίης
542 2445 657 2515 οὖν.
707 2452 791 2505 ὅτι
856 2452 977 2516 ταῖς
1024 2450 1259 2518 εἰσάπαξ
1312 2451 1645 2522 φιλοτιμίαις
1684 2452 2125 2518 καταλυποῦντες
2197 2454 2363 2522 Θεὸν,
2408 2459 2649 2530 ἐσόμεθα
2698 2462 2798 2533 μὲν
2850 2464 2952 2534 οὐχ
3002 2459 3107 2518 οἷοί
3164 2484 3227 2520 τε
3274 2470 3395 2530 ταῖς
3435 2469 3543 2522 τῶν

288 2545 495 2617 ἐχθρῶν
557 2543 889 2607 εὐσθενείαις
947 2543 1364 2614 ἀντιπράττειν·
1394 2544 1445 2599 oi
1483 2543 1729 2608 δείλαιοι,
1799 2544 2127 2616 ἐγκειμένης
2183 2546 2242 2600 δὲ
2290 2545 2481 2621 ὥσπερ
2528 2551 2622 2605 καὶ
2688 2551 3187 2626 καταθρωσκούσης
3236 2557 3396 2628 ἡμῶν
3444 2559 3544 2630 τῆς

288 2641 437 2704 θείας
471 2640 661 2711 ὀργῆς,
706 2638 883 2694 δοῦλοι
931 2639 1029 2710 μὲν
1073 2640 1190 2693 ἀντ’
1241 2638 1539 2710 ἐλευθέρων
1582 2638 1841 2711 ἐσόμεθα,
1878 2639 2053 2694 ἀκλεᾶ
2087 2640 2145 2694 δὲ
2188 2642 2282 2696 καὶ
2313 2643 2546 2700 ἐλεεινὸν
2574 2647 2902 2721 διαζήσομεν
2935 2648 3072 2721 βίον.

357 2729 566 2787 ΠΔΛΛ.
596 2724 677 2794 Εὖ,
704 2726 905 2797 λέγεις.
1138 2792 1139 2795 η

355 2821 524 2875 ΚΥΡ.
578 2819 862 2890 Ἀποφέρει
901 2818 1001 2891 μὲν
1027 2818 1136 2890 γὰρ
1165 2821 1195 2873 ὁ
1223 2817 1317 2873 τοῦ
1355 2816 1489 2872 Θεοῦ
1518 2818 1682 2888 νόμος
1721 2816 1856 2890 πρὸς

288 2912 588 2985 ἀμώμητον
608 2911 880 2967 πολιτείαν
897 2910 988 2964 τὸν
1008 2910 1276 2983 τρυφερὸν
1294 2912 1389 2965 καὶ
1411 2912 1644 2981 εὐήνιον,
1666 2910 1858 2981 λύχνος

284 3006 345 3060 δὲ
381 3005 573 3076 ῶσπερ
602 3022 684 3068 τις
716 3003 933 3076 ἑκάστῳ
963 3004 1197 3072 γίνεται,
1232 3002 1369 3074 πρὸς
1401 3003 1500 3075 τὴν
1528 3002 1619 3057 τοῦ
1664 3005 1857 3076 χρησί-

288 3115 394 3168 μου
420 3114 483 3151 τε
514 3097 609 3152 καὶ
638 3096 935 3166 ἀναγκαίου
972 3095 1286 3179 παράδειξιν
1306 3135 1322 3161 ,
1352 3096 1447 3150 καὶ
1483 3096 1622 3149 αἰδοῖ
1660 3096 1759 3166 μὲν
1785 3097 1853 3167 τῇ

287 3190 423 3263 πρὸς
447 3191 609 3245 αὐτὸν
635 3189 973 3261 ἡττώμενος,
1001 3187 1230 3260 διαϐιώη
1263 3206 1348 3253 τις
1379 3187 1444 3241 ἂν
1470 3188 1571 3241 οὐκ
1600 3185 1855 3260 ἀθαυμά-

286 3303 424 3349 στως
451 3281 606 3357 οἶμαί
635 3302 765 3349 που,
796 3284 892 3338 καί
923 3282 1170 3355 καθάπερ
1203 3281 1363 3351 ἁγίαν
1405 3280 1726 3351 κατοικήσει
1757 3282 1854 3333 πό-

286 3378 370 3432 λιν
406 3377 468 3430 τὸ
515 3375 907 3447 ὲρηρεισμένον
952 3376 1033 3439 εἰς
1082 3372 1311 3445 ἀρετήν,
1361 3372 1456 3425 καί¹
1498 3369 1731 3441 βεϐηκὸς
1776 3371 1855 3433 εἰς

288 3464 592 3520 εὐλάϐειαν.
643 3467 704 3519 Εἰ
725 3465 783 3521 δὲ
813 3465 878 3536 δή
912 3480 999 3528 τις
1025 3462 1200 3517 ’ἐλοιτο
1229 3461 1479 3533 καθάπερ
1505 3459 1627 3514 τινὰ
1651 3459 1856 3530 δρυμόν

284 3575 344 3611 τε
370 3558 464 3611 καὶ
487 3556 621 3629 ὕλην
649 3556 850 3626 εὐανθῆ
893 3571 954 3610 τε
1001 3554 1095 3609 καὶ
1119 3551 1360 3618 εῦξυλον,
1389 3550 1690 3606 εἰσϐάλλειν
1721 3549 1857 3603 ἑτοί-

290 3668 403 3720 μως
428 3651 509 3714 εἰς
537 3649 637 3713 τὰς
663 3647 931 3719 κοσμικὰς
955 3645 1168 3717 ἡδονὰς,
1197 3644 1292 3698 καί⁵
1314 3641 1540 3714 τέρψεσι
1568 3643 1697 3704 ταῖς
1715 3640 1856 3693 κατὰ

284 3743 372 3797 τὸν
400 3742 515 3815 βίον
545 3742 963 3814 ὲμφιλοχωρεῖν,
991 3737 1086 3793 καὶ
1109 3736 1269 3791 οἱονεί
1290 3753 1407 3800 πως
1430 3734 1664 3789 εἰδώλων
1689 3731 1854 3801 ἐσμὸν

285 3836 364 3898 είς
408 3834 532 3888 νοῦν
575 3835 669 3887 καὶ
715 3832 942 3906 καρδίαν
979 3827 1318 3900 εἰσδέχεσθαι
1352 3826 1453 3898 τὴν
1506 3824 1853 3895 πολύμορφον

284 3926 506 3998 ἡδονὴν,
544 3925 639 3978 καὶ
687 3923 889 3997 θυμιᾷν
932 3925 1043 3985 τοίς
1100 3920 1315 3991 δαίμοσι
1366 3919 1494 3982 τοὺς
1536 3916 1635 3985 τῆς
1686 3912 1852 3968 αὐτοῦ

287 4014 595 4086 προθυμίας
632 4012 903 4087 καρπούςσ
941 4012 1061 4069 τότε
1094 4010 1157 4083 δὴ
1192 4010 1314 4063 τότε
1356 4009 1451 4063 καὶ
1481 4006 1684 4077 σφόδρα
1712 4004 1854 4059 είκό-

284 4123 389 4170 τως
422 4104 838 4176 ἁπολισθήσειεν
869 4103 936 4157 ἂν
963 4101 1177 4173 φειδοῦς
1196 4102 1295 4173 τῆς
1325 4098 1553 4171 ἄνωθεν,
1584 4098 1679 4153 καὶ
1714 4099 1853 4151 ἐτοι-

286 4197 491 4268 μοτάτη
519 4195 639 4248 λίαν
662 4194 1043 4266 προσκείσεται
1070 4192 1213 4266 θήρα
1240 4193 1351 4255 τοῖς
1379 4190 1655 4246 ἐθέλουσιν
1685 4189 1847 4245 ἑλεῖν.

283 4287 496 4350 Πόλεως
527 4286 584 4340 δὲ
618 4285 812 4357 ὥσπερ
841 4283 1001 4354 ἁγίας
1025 4281 1393 4354 ὲξωθούμενος
1425 4280 1526 4351 τῆς
1558 4282 1616 4333 ὲν
1654 4280 1850 4351 ἀρχαῖς

284 4377 601 4448 εὐκοσμίας,
628 4376 1008 4447 κατοιχήσεται
1036 4373 1222 4428 λοιπὸν
1248 4371 1438 4445 ὥσπερ
1458 4368 1518 4436 ἐξ
1547 4369 1845 4439 ἀναγκαίου

284 4467 470 4537 ζυγοῦ,
507 4466 644 4538 πρὸς
684 4467 746 4521 τὸ
783 4468 898 4530 τοῖς
931 4464 1195 4536 κρατοῦσι
1236 4461 1449 4526 δοκοῦν,
1498 4461 1593 4515 καὶ
1634 4459 1850 4533 μακρὰν

281 4560 431 4615 ἔσται
458 4558 617 4622 Θεοῦ,
635 4558 777 4614 κατά
802 4574 868 4627 γε
896 4556 987 4611 τὸν
1024 4558 1123 4627 τῆς
1148 4556 1439 4619 διαθέσεως
1467 4554 1692 4625 τρόπον,
1715 4569 1846 4623 μετ-

280 4651 530 4723 οικισμὸν
584 4650 867 4722 ὑπομένων
911 4648 1002 4702 τὸν
1038 4650 1119 4712 εἰς
1146 4645 1480 4721 βασυλῶνα,
1514 4644 1660 4700 τοῦτ’
1709 4643 1845 4707 ἔστι,

279 4745 349 4800 τὰ
389 4743 652 4798 ἐπέκεινα
685 4741 972 4814 τερμάτων
1013 4739 1118 4810 γῆς
1150 4738 1332 4808 ἁγίας,
1366 4740 1424 4791 ὲν
1466 4731 1503 4810 ᾖ
1533 4734 1773 4806 γνωστὸς
1820 4737 1849 4788 ό

278 4837 432 4903 Θεὸς,
461 4836 557 4891 καλ⁸
581 4835 724 4907 μέγα
749 4834 813 4888 τὸ
835 4833 1009 4905 ῦνομα
1032 4829 1217 4887 αὐτοῦ.
1241 4829 1527 4901 Τοιγάρτοι
1556 4824 1847 4897 διακεκρα-

279 4943 441 4995 γασιν
464 4928 516 4980 οἰ
543 4925 639 4981 τὸν
668 4923 812 4979 οὕτω
854 4922 1088 4994 σκληρὸν
1125 4921 1487 4993 ὑπομένοντες
1527 4920 1718 4983 πόνον,
1757 4918 1852 4975 καὶ

279 5020 360 5081 είς
390 5020 581 5089 χεῖρας
621 5016 882 5080 πεσόντες
922 5013 1154 5086 exeam,
1188 5015 1282 5068 καὶ
1312 5012 1409 5085 τὴν
1455 5012 1584 5084 παρ’
1621 5008 1850 5073 ἐκείνοις

277 5110 508 5176 δίαιταν,
534 5110 612 5175 ὡς
636 5108 1017 5181 ἀνδραποδώδη
1052 5108 1147 5162 καὶ
1175 5104 1452 5176 οἰκετικὴν
1480 5106 1540 5158 οὐ
1571 5103 1845 5175 φέροντες·

284 5221 306 5254 ‹
349 5202 474 5257 Ἐπί
515 5201 628 5256 τῶν
666 5201 928 5273 ποταμῶν
976 5198 1316 5263 Βαϐυλῶνος,
1355 5199 1472 5252 ἐκεῖ
1515 5196 1850 5267 ὲκαθίσαμεν

279 5294 378 5347 καὶ
400 5293 772 5363 ἐκλαύσαμεν,
799 5295 858 5348 ὲν
879 5291 958 5363 τῷ
985 5289 1288 5362 μνησθῆναι
1324 5289 1469 5360 ἡμᾶς
1497 5287 1597 5359 τὴν
1622 5285 1781 5341 Σιών.
1823 5303 1844 5337 ι
1882 5316 1889 5323 -

274 5383 446 5437 Nocet
470 5382 580 5455 γὰρ
604 5378 760 5454 οἶμαι
785 5398 839 5437 τι
871 5380 1108 5436 τοιοῦτον
1136 5381 1166 5434 ὸ
1195 5377 1533 5451 ἀνθρώπινος
1571 5376 1713 5440 νοῦς.

353 5558 563 5615 ΠΔΛΛ.
598 5559 673 5615 Τὸ
693 5558 745 5614 τί
772 5558 837 5631 δὴ
858 5559 998 5632 φῄς;

2035 2729 2233 2785 PALL.
2273 2732 2445 2789 Recte
2474 2734 2576 2791 ais.

2033 2820 2190 2878 CYR.
2244 2823 2463 2907 Etenim
2507 2827 2603 2884 Dei
2648 2828 2737 2885 lex
2782 2829 3001 2887 facilem
3030 2832 3325 2889 .hominem
3377 2843 3542 2906 atque

1961 2909 2427 2982 obtemperantem
2453 2917 2520 2972 ad
2545 2917 2843 2989 perfectam
2871 2922 3093 2996 vivendi
3120 2925 3386 2980 rationem
3413 2942 3540 2996 per-

1961 3000 2133 3068 ducit,
2173 3020 2237 3059 ac
2270 3006 2511 3062 lucernae
2542 3011 2946 3078 quodammodo
2974 3030 3136 3070 usum
3165 3019 3363 3087 cuique
3403 3034 3543 3088 pra)-

1960 3090 2053 3146 bet
2073 3091 2139 3145 ad
2165 3095 2562 3151 ostendendum
2592 3098 2722 3168 quid
2752 3102 3041 3171 expediat,
3075 3106 3277 3175 quidve
3317 3121 3541 3164 necesse

1959 3181 2062 3249 sit;
2092 3199 2255 3252 quam
2288 3186 2382 3255 qui
2419 3189 2787 3254 reverebitur,
2822 3190 2888 3253 is,
2921 3193 3138 3262 opinor,
3180 3211 3290 3249 non
3324 3196 3540 3265 ignobi—

1956 3272 2064 3327 lem
2097 3275 2265 3330 vitam
2317 3277 2597 3348 transiget,
2638 3289 2694 3333 et
2735 3281 2907 3336 veluti
2959 3283 3016 3337 in
3066 3293 3250 3339 sancta
3294 3286 3536 3354 civitate,

1955 3364 2219 3419 nimirum
2274 3366 2331 3419 in
2385 3367 2477 3420 illa
2537 3367 2795 3424 ﬁrmitate
2845 3371 3088 3437 virtutis,
3130 3389 3194 3428 ac
3242 3375 3539 3434 stabilitate

1956 3452 2236 3523 religionis
2273 3454 2564 3509 habitabit.
2605 3456 2677 3510 At
2711 3473 2843 3513 vero
2875 3459 2922 3513 si
2956 3460 3083 3530 quis
3116 3462 3353 3518 voluerit
3386 3480 3445 3521 se
3480 3467 3539 3521 in

1956 3543 2121 3614 hujus
2152 3544 2342 3599 mundi
2379 3545 2689 3616 voluptates
2728 3555 2986 3623 tanquam
3030 3552 3087 3607 in
3130 3569 3325 3610 nemus
3362 3557 3538 3625 quod-

1955 3633 2101 3701 dam,
2129 3651 2194 3691 ac
2221 3635 2506 3692 ﬂorentem
2526 3646 2581 3693 et
2609 3638 2900 3697 arboribus
2942 3641 3166 3699 densam
3207 3645 3421 3713 silvam,
3470 3650 3539 3704 li-

1955 3728 2273 3785 bentissime
2306 3729 2602 3802 conjicere,
2636 3740 2695 3788 et
2722 3732 2782 3788 in
2813 3733 2980 3808 hujus
3005 3737 3133 3793 vita:
3165 3738 3538 3796 oblectamen-

1953 3820 2025 3875 tis
2068 3821 2297 3887 versari,
2345 3837 2410 3877 ac
2455 3823 2849 3882 multiformem
2890 3827 3246 3899 voluptatem,
3278 3839 3539 3902 tanquam

1953 3912 2224 3969 idolorum
2257 3914 2536 3985 quoddam
2579 3933 2830 3986 examen,
2867 3920 2926 3976 in
2970 3936 3066 3976 cor
3109 3931 3274 3994 atque
3317 3925 3376 3979 in
3416 3926 3534 3980 ani-

1951 4018 2102 4058 mum
2128 4004 2440 4072 admittere,
2465 4015 2523 4061 et
2548 4007 2852 4065 alacritatis
2878 4025 2990 4065 suae
3017 4010 3231 4069 fructus
3257 4014 3538 4071 daemoniis

1951 4090 2275 4160 incendere,
2324 4095 2372 4150 is
2420 4112 2553 4151 vero
2589 4099 2716 4169 jure
2757 4101 2964 4170 optimo
2996 4117 3027 4155 a
3059 4102 3246 4158 divino
3284 4105 3539 4175 praesidio

1950 4184 2184 4251 excidet,
2224 4194 2281 4240 et
2311 4193 2373 4241 ut
2410 4188 2759 4261 paratissima
2787 4192 2969 4261 praeda
2999 4208 3194 4261 capere
3222 4195 3541 4252 volentibus

1950 4276 2228 4345 proposita
2267 4276 2393 4341 erit,
2420 4279 2793 4349 expulsusque
2833 4281 2904 4334 ab
2933 4297 2999 4336 ea
3036 4297 3144 4350 qua
3190 4283 3350 4339 initio
3393 4302 3537 4355 pra:—

1939 4351 2098 4418 ditus
2144 4360 2268 4418 erat
2320 4380 2539 4420 morum
2585 4367 2906 4433 honestate,
2944 4376 3208 4439 tanquam
3265 4387 3296 4425 e
3349 4351 3540 4435 sancta

1950 4455 2204 4523 civitate,
2258 4456 2570 4512 necessario
2623 4457 2907 4514 servitutis
2952 4460 3083 4531 jugo
3136 4460 3204 4515 ad
3257 4461 3538 4532 imperan-

1955 4547 2092 4601 tium
2141 4546 2431 4603 arbitrium
2472 4548 2788 4614 descendet,
2818 4558 2875 4604 ct
2910 4550 3068 4622 longe
3112 4553 3219 4607 erit
3251 4569 3282 4609 a
3318 4554 3450 4622 Deo,
3475 4572 3540 4611 ac

1947 4640 2103 4711 juxta
2139 4639 2404 4695 Moralem
2442 4638 2860 4710 intelligentiam
2906 4642 3270 4700 transferetur
3307 4645 3538 4718 Babylo-

1952 4745 2100 4796 nem,
2137 4729 2194 4785 id
2220 4738 2307 4787 est
2329 4770 2344 4797 ,
2379 4731 2527 4786 ultra
2559 4733 2826 4790 terminos
2865 4743 3026 4791 terrae
3067 4737 3217 4792 illius
3246 4748 3445 4793 sanctae
3481 4739 3538 4793 in

1952 4838 2062 4894 qua
2100 4830 2266 4878 notus
2311 4830 2395 4878 est
2437 4823 2613 4891 Deus,
2662 4833 2720 4881 et
2765 4842 3023 4898 magnum
3068 4841 3272 4883 nomen
3322 4831 3442 4899 ejus
3469 4830 3536 4886 “.

1946 4915 2134 4986 Itaque
2173 4914 2484 4994 clamabant
2532 4916 2572 4971 ii
2617 4917 2713 4988 qui
2751 4926 2865 4973 tam
2909 4917 3062 4988 gravi
3110 4933 3358 4995 aerumna
3410 4937 3517 4992 pre

1947 5005 2263 5072 utebantur,
2281 5014 2339 5062 et
2366 5006 2424 5062 in
2455 5007 2721 5064 ditionem
2740 5008 2985 5064 hostium
3009 5018 3294 5077 venerant,
3313 5020 3372 5067 et
3391 5010 3538 5067 illam

1947 5098 2095 5170 apud
2143 5114 2242 5155 eos
2286 5099 2630 5157 mansionem
2676 5108 2933 5170 tanquam
2985 5101 3275 5172 mancipiis
3316 5104 3536 5176 dignam

1947 5201 2110 5262 atque
2140 5190 2398 5246 servilem
2429 5205 2543 5245 non
2569 5189 2821 5245 ferebant
2862 5207 2876 5243 :
2921 5209 2940 5242 ‹
2971 5190 3147 5263 Super
3175 5191 3400 5249 ﬂumina
3432 5193 3535 5248 Ba-

1955 5279 2171 5353 bylonis
2212 5280 2326 5336 illic
2364 5279 2608 5336 sedimus
2646 5287 2705 5334 et
2745 5279 3016 5350 ﬂevimus,
3050 5284 3180 5339 dum
3212 5283 3535 5338 recordare-

1955 5390 2082 5431 mur
2129 5374 2242 5440 tui,
2290 5372 2422 5429 Sion
2455 5373 2519 5427 “.
2560 5391 2578 5424 ι
2608 5372 2931 5445 Hujusmodi
2958 5393 3190 5449 namque
3223 5376 3386 5443 malo,
3428 5376 3530 5434 nisi

1953 5462 2134 5529 fallor,
2164 5462 2379 5519 laborat
2409 5463 2684 5519 humanus
2710 5467 2946 5524 animus.

2026 5554 2225 5611 PALL.
2266 5553 2512 5621 Quonam
2559 5556 2818 5614 tandem?

354 5732 398 5764 ⁸³
423 5732 534 5789 Jer.
570 5750 679 5801 xxx,
712 5734 768 5800 3,
796 5735 846 5788 6.
923 5732 968 5763 “
998 5703 1161 5797 Ibid,
1198 5730 1349 5787 8—10.
1427 5734 1469 5767 ⁵⁸
1501 5735 1639 5789 Psal.
1673 5749 1827 5798 Lxxv,
1866 5731 1920 5785 2.
1974 5731 2045 5804 ,³⁸
2077 5732 2218 5788 Psal.
2258 5746 2468 5798 cxxxvt,
2499 5732 2545 5785 l.
