3998 6304
471 321 576 382 139

1504 329 1560 385 S.
1602 329 1879 386 CYRlLLl
1916 332 2390 390 ALEXANDRINI
2427 335 2744 392 ARCHIEP.

3640 341 3742 398 160

542 439 697 495 CYR.
743 440 936 510 Segnis
967 451 1050 498 est
1083 450 1140 496 et
1167 434 1399 513 supinus
1429 444 1540 499 fere
1571 445 1638 500 ad
1676 463 1739 501 ea
1766 446 1906 501 bona
1941 463 2048 516 qua

2235 450 2397 503 ΚΥΡ.
2428 452 2696 523 Ῥᾁθυμος
2721 455 2820 524 μὲν
2842 454 2950 526 γὰρ
2971 457 3064 508 καὶ
3085 421 3498 523 ἀναπεπτωκῶς
3515 460 3601 514 ἀεί
3623 479 3741 526 πως

473 539 601 585 sunt
631 531 686 584 in
717 545 904 595 manu,
949 533 1406 603 concupiscenda,
1444 552 1623 606 neque
1661 539 1956 593 admodum
1991 557 2053 595 ea

471 621 680 691 expetit
711 637 832 690 quae
866 632 994 676 sunt
1031 623 1086 677 in
1123 626 1243 696 ejus
1293 636 1559 696 potestate
1589 629 1710 683 sita.
1753 632 1854 700 17
1887 632 1975 697 At,
2008 634 2054 688 si

471 725 581 783 qua
623 713 767 769 facta
815 715 982 770 fuerit
1025 717 1078 770 in
1126 719 1353 773 alteram
1403 730 1612 790 partem
1659 723 1960 790 inclinatio,
2000 735 2056 780 et

471 806 844 872 ornamentis,
894 824 1017 876 qum
1065 809 1338 876 habebat,
1401 813 1663 868 minorari
1722 817 2051 887 contigerit,

473 905 606 950 tunc
647 895 739 949 vix
785 897 1002 952 tandem
1045 897 1100 952 in
1135 900 1294 954 malis
1328 901 1600 973 intelligit,
1631 904 1889 959 omnibus
1918 907 2054 960 viri-

473 987 576 1040 bus
621 986 1008 1053 resistendum,
1055 1005 1234 1060 neque
1285 991 1354 1046 ad
1403 1003 1711 1050 extremum
1758 1013 1932 1068 usque
1973 1000 2056 1053 in-

472 1077 642 1131 sultui
689 1079 871 1132 locum
915 1080 1157 1136 dandum
1201 1081 1389 1150 fuisse,
1427 1101 1496 1140 ne
1548 1087 1604 1140 in
1651 1089 1948 1145 discrimen
1997 1107 2055 1146 se

472 1170 790 1240 conjiceret.

543 1261 738 1316 PALL.
773 1263 852 1318 Ita
880 1272 982 1320 est.

541 1351 698 1408 (ΠΒ.
732 1355 1116 1413 Necessarium
1173 1369 1259 1415 est
1287 1361 1487 1433 igitur,
1519 1374 1575 1418 et
1603 1363 1885 1434 sapientiae
1935 1367 2054 1436 ple-

473 1457 630 1509 num,
652 1453 708 1501 et
740 1445 795 1500 in
825 1447 1021 1516 primis
1049 1450 1424 1517 utilissimum,
1455 1454 1755 1523 praecidere
1787 1457 2054 1512 malorum

473 1547 688 1600 causas,
726 1543 783 1590 et
803 1547 1006 1593 coactae
1031 1541 1315 1597 servitutis
1346 1543 1556 1599 aditum
1606 1547 1964 1616 praecludere,
1998 1557 2055 1604 et

472 1639 539 1677 ea
571 1640 785 1682 summo
814 1629 997 1684 studio
1031 1631 1328 1701 declinare,
1361 1651 1503 1705 quae,
1535 1636 1581 1691 si
1647 1639 1888 1708 experiri
1921 1656 2054 1695 con-

472 1716 677 1786 tigerit,
707 1720 762 1774 in
788 1723 1046 1778 omnibus
1089 1725 1248 1780 malis
1287 1728 1651 1783 versabimur.

544 1809 742 1866 PALL.
774 1813 853 1869 Ita
883 1831 940 1870 se
971 1833 1059 1872 res
1092 1817 1274 1875 habet.

544 1900 701 1956 CYR.
728 1903 807 1960 Ac
837 1907 883 1960 si
915 1907 1097 1962 divina
1127 1910 1284 1965 nobis
1317 1911 1397 1964 ira
1420 1914 1744 1969 necessariae
1764 1917 2050 1973 servitutis

467 1994 658 2064 iugum
700 1997 1033 2066 imponatur,
1092 2001 1228 2056 adeo
1281 2013 1343 2058 ut
1384 2003 1441 2058 in
1493 2006 2052 2075 reprobum‘sensum

471 2083 919 2143 descendendum
971 2091 1080 2157 sit,
1117 2093 1385 2148 obsistere
1435 2097 1659 2164 quidem
1697 2098 1844 2152 haud
1894 2099 2054 2155 facile

471 2175 658 2230 fuerit.
683 2177 822 2232 illud
855 2187 1040 2236 tamen
1060 2181 1314 2249 dixerim,
1338 2185 1600 2254 expedire
1621 2187 1706 2241 vel
1736 2188 2053 2244 meminisse

471 2269 686 2333 solum,
729 2272 1020 2341 exquibus
1069 2274 1125 2330 in
1170 2291 1292 2345 quae
1338 2277 1831 2345 deelinaverimus,
1890 2290 2054 2351 atque

470 2358 667 2412 acerbe
695 2359 897 2416 deﬂere
925 2370 1042 2416 tum
1071 2374 1313 2419 nostram
1343 2366 1634 2434 incuriam,
1673 2376 1787 2423 tum
1827 2371 2052 2441 superni

471 2465 602 2521 erga
647 2468 748 2507 nos
791 2455 979 2510 auxilii
1033 2457 1280 2526 inopiam—
1317 2477 1330 2512 ε
1376 2478 1394 2510 ‹
1430 2460 1524 2514 Illa
1547 2478 1780 2532 namque
1829 2464 2053 2518 tristitia

377 2547 381 2550 ‘
472 2556 597 2608 qua:
622 2545 927 2599 secundum
977 2547 1148 2601 Deum
1181 2557 1284 2613 est,
1327 2551 1704 2618 pmnitentiam
1737 2554 1790 2606 in
1823 2553 2051 2607 salutem

471 2629 923 2701 impaenitendam
954 2649 1212 2708 operatur
1249 2643 1312 2696 δ’.
1357 2663 1374 2693 ι
1430 2643 1538 2698 Sed
1584 2644 1628 2698 si
1675 2645 1834 2699 nobis
1865 2645 2049 2700 divina

471 2722 554 2776 ira
594 2739 705 2779 non
755 2725 1057 2794 immineat,
1107 2741 1270 2802 atque
1304 2735 1541 2788 liberum
1587 2735 1658 2788 sit
1697 2741 1753 2788 et
1784 2736 1946 2800 velle,
1997 2747 2053 2792 et

470 2815 619 2883 quod
667 2815 845 2870 visum
894 2817 1080 2885 fuerit,
1118 2820 1320 2889 facere,
1375 2833 1430 2878 et
1485 2824 1631 2878 illam
1674 2825 1731 2879 in
1765 2834 2054 2898 utramque

470 2916 684 2972 partem
729 2909 1173 2976 propensionem,
1220 2911 1286 2965 ad
1329 2913 1554 2978 malum,
1599 2914 1843 2984 inquam,
1889 2927 1940 2972 et
1985 2919 2049 2972 ad

471 2995 699 3060 bonum,
741 2997 969 3051 solutam
1025 3015 1088 3054 ac
1147 3000 1376 3055 liberam
1427 3011 1483 3057 et
1522 3004 1590 3057 ab
1638 3007 1786 3060 omni
1835 3009 2051 3076 penitus

469 3088 750 3142 coactione
770 3088 1002 3143 alienam
1026 3092 1267 3146 retinere
1293 3093 1474 3158 liceat,
1505 3095 1780 3152 cavendus
1806 3107 1889 3152 est
1912 3109 2050 3154 stre-

2160 541 2306 593 ὲστὶν
2339 543 2418 605 είς
2453 543 2748 614 ἐπιθυμίαν
2777 545 2884 598 τῶν
2917 547 2974 599 ὲν
3018 548 3207 618 χερσὶν
3245 549 3486 616 ἀγαθῶν,
3530 551 3742 620 ἐφίεται

2158 633 2214 685 δὲ
2243 633 2302 685 ού
2331 633 2449 688 λίαν
2468 629 2651 708 ὦνπερ
2697 636 2762 690 ἂν
2794 637 2907 707 ἔχοι
2946 637 3043 708 τὴν
3074 639 3344 703 ἐξουσίαν.
3381 643 3443 695 El
3473 643 3529 696 δὲ
3557 643 3620 715 δή
3655 662 3742 709 τις

2159 725 2369 791 γένοιτο
2401 727 2734 798 μετάκλησις
2760 729 2854 782 ἐπὶ
2881 729 3105 800 θάτερα,
3151 731 3246 785 καὶ
3273 725 3346 785 ὧν
3371 733 3438 787 ἂν
3459 734 3570 805 ἔχοι
3594 735 3739 806 λαμ-

2161 817 2312 886 πρῶν
2349 819 2616 888 ἡττᾶσθαι
2647 823 2816 892 παρῇ,
2849 822 2970 874 τότε
3003 823 3067 892 δὴ
3096 824 3248 890 μόλις
3282 825 3600 881 αἰσθάνεται
3630 847 3740 882 πα-

2159 908 2286 971 θὼν,
2311 910 2340 962 ὃ
2372 911 2535 963 παντὶ
2582 911 2646 982 δὴ
2697 912 2871 965 σθένει
2911 913 3298 985 διακρούεσθαι
3331 918 3518 990 ἐχρῆν,
3552 921 3643 974 καὶ
3675 922 3736 974 οὐ

2157 999 2246 1053 διὰ
2271 1001 2466 1072 πείρας
2497 1003 2654 1073 ἥκειν
2693 1005 2788 1073 ὲᾷν
2821 1008 3258 1080 προαναιροῦντα
3295 1009 3392 1080 τὴν
3423 1010 3629 1081 ἔφοδον.

2229 1264 2437 1319 nam.
2493 1263 2734 1335 Ἀληθές.

2227 1355 2391 1412 ΚΥΡ.
2449 1357 2766 1426 Ἀναγκαῖον
2799 1353 2893 1415 οὖν
2939 1357 3065 1430 ἀρα,
3121 1359 3217 1414 καὶ
3255 1361 3436 1431 σοφὸν,
3483 1361 3587 1414 ντὶ-
3626 1361 3734 1415 τῶν

2156 1447 2185 1500 δ
2204 1463 2258 1499 τι
2291 1447 2525 1517 μάλιστα
2553 1448 3009 1504 λυσιτελεστάτων
3032 1452 3094 1505 τὸ
3125 1455 3475 1524 προαναιρεῖν
3499 1448 3557 1506 εὖ
3589 1453 3733 1523 μάλα

2154 1538 2224 1592 τὰ
2254 1539 2524 1611 μοχθηρὰ,
2559 1541 2654 1594 καὶ
2683 1541 2782 1611 τῆς
2811 1541 3108 1613 ἀϐουλήτου
3135 1542 3354 1613 θητείας
3384 1544 3484 1614 τὴν
3523 1543 3730 1612 ἔφοδον,

2157 1632 2249 1683 καὶ
2293 1631 2683 1702 προαπονεύειν
2713 1632 3007 1706 πειρᾶσθαι
3044 1634 3262 1704 γοργῶς
3293 1634 3380 1698 τὰ,
3421 1629 3496 1689 ὧν
3541 1639 3589 1688 εί
3638 1637 3732 1703 γέ-

2156 1733 2299 1774 νοιτο
2328 1721 2463 1791 πρὸς
2493 1723 2687 1790 πεῖραν
2720 1720 2914 1787 ἐλθεῖν,
2941 1723 2998 1775 ὲν
3036 1723 3202 1777 παντὶ
3231 1721 3522 1792 κεισόμεθα
3553 1715 3728 1793 κακῷ.

2086 1804 2128 1858 Β
2229 1813 2431 1865 ΠΑΛΛ.
2474 1807 2605 1865 Ὧδε
2635 1812 2764 1883 ἔχει.

2229 1904 2388 1958 ΚΥΡ.
2440 1905 2551 1958 Καὶ
2577 1906 2626 1958 εί
2653 1905 2751 1974 μὲν
2784 1905 2849 1959 ἐκ
2873 1905 3020 1969 θείας
3049 1907 3219 1978 ὀργῆς
3245 1910 3273 1961 ὁ
3303 1906 3405 1977 τῆς
3429 1908 3730 1978 ἀναγκαίας

2155 1998 2395 2061 δουλείας
2421 1999 2551 2068 ἡμῖν
2586 1998 2900 2070 ἐπιφέροιτο
2929 1997 3112 2066 ζυγὸς,
3151 2000 3244 2051 καὶ
3270 1998 3374 2071 μὴν
3407 2002 3502 2053 καὶ
3533 2001 3594 2053 τὸ
3621 2001 3732 2053 δεῖν

2156 2090 2236 2151 είς
2261 2089 2516 2158 ἀδόκιμον
2562 2088 2882 2142 καθικέσθαι
2920 2087 3065 2154 νοῦν,
3109 2091 3495 2161 ἀντιφέρεσθαι
3532 2092 3628 2162 μὲν
3669 2093 3729 2146 ού

2159 2181 2306 2250 ῥᾷον.
2339 2181 2506 2251 Φαίην
2533 2181 2578 2233 δ’
2617 2179 2684 2232 ἂν
2718 2175 2855 2233 εἷναι
2906 2183 3193 2252 χρήσιμον,
3227 2181 3331 2234 κᾶν
3361 2181 3490 2250 γοῦν
3527 2183 3588 2235 τὸ
3611 2183 3729 2237 δια-

2160 2273 2466 2344 μεμνῆσθαι
2501 2275 2658 2344 μόνον
2692 2274 2749 2340 ἐξ
2785 2273 2912 2327 οἵων
2946 2279 3023 2337 είς
3050 2269 3136 2326 οἵα
3169 2277 3608 2344 μετακεκλίσθαι,
3636 2281 3730 2332 καὶ

2158 2365 2613 2436 κατολοφύρεσθαι
2662 2366 2874 2438 πικρῶς
2915 2366 3014 2436 τὴν
3070 2367 3426 2437 παράϐλεψιν,
3481 2370 3575 2421 καὶ
3627 2371 3730 2440 τῆς

2156 2457 2359 2511 ἀνωθεν
2387 2456 2705 2526 ἐπικουρίας
2733 2456 2830 2528 τὴν
2855 2458 3048 2511 σπάνιν
3069 2475 3083 2488 ·
3122 2477 3140 2508 ι
3185 2460 3256 2510 Ἦ·
3277 2459 3386 2528 γὰρ
3423 2460 3564 2513 κατὰ
3595 2460 3729 2513 Θεὸν

2155 2547 2321 2620 λύπη,
2359 2549 2645 2619 μετάνοιαν
2669 2549 2748 2612 είς
2777 2548 3048 2620 σωτηρίαν
3083 2549 3494 2621 ἀμεταμέλητον
3529 2569 3729 2622 κατερ-

2156 2637 2402 2707 γάζεται.
2443 2639 2648 2701 »Θείας
2685 2637 2742 2691 δὲ
2785 2639 2914 2708 ἡμῖν
2951 2637 3052 2691 οὐκ
3100 2639 3491 2709 ἀπηρτημένης
3537 2641 3728 2711 ὀργῆς,

2156 2729 2270 2782 ἀλλ’
2298 2729 2416 2782 ἐνὸν
2445 2729 2530 2782 ἐπ’
2561 2728 2809 2793 ἐξουσίας
2837 2728 3054 2782 ἑλέσθαι
3073 2745 3132 2781 τε
3156 2730 3248 2781 καὶ
3273 2729 3404 2800 δρᾷθν
3425 2730 3486 2781 τὸ
3515 2729 3725 2792 δοκοῦν,

2155 2821 2249 2874 καὶ
2279 2821 2379 2892 τὴν
2427 2821 2514 2872 ἐπ’
2571 2819 2736 2890 ἄμφω
2771 2818 2962 2891 ῥοπὴν,
3011 2820 3110 2890 τήν
3157 2837 3216 2871 τε
3269 2821 3347 2882 είς
3395 2819 3456 2872 τὸ
3502 2819 3726 2888 φαῦλον,

2156 2913 2318 2984 φημὶ,
2353 2913 2447 2966 καὶ
2482 2912 2580 2983 τὴν
2604 2915 2684 2976 εἰς
2710 2912 2771 2965 τὸ
2799 2911 3021 2981 ἀγαθὸν,
3060 2912 3348 2983 ἀνειμένην
3384 2929 3498 2976 πως
3527 2913 3605 2965 ἔτι
3636 2914 3731 2966 καὶ

2153 3003 2550 3059 ἀκαταὸίαστον
2577 3003 2856 3068 παντελῶς
2889 3005 3278 3075 διακεκτῆσθαι
3299 3003 3501 3074 παρὸν,
3535 3021 3730 3074 παραι-

2152 3099 2344 3168 τητέον
2376 3097 2637 3166 γεννικῶς
2676 3097 2767 3150 τὸν
2801 3097 2875 3160 ὡς
2919 3099 2976 3151 ἐν
3019 3095 3314 3168 φαυλότητι
3361 3095 3726 3166 μαλακισμὸν,

469 3193 577 3232 nue
621 3177 711 3232 ille
762 3178 819 3232 in
873 3180 1124 3250 nequitia
1167 3181 1416 3253 languor,
1475 3201 1538 3239 ac
1594 3187 1944 3256 repl'illendas,
1990 3190 2046 3243 ni

2156 3186 2302 3260 οἶμαι
2343 3190 2399 3243 δὲ
2458 3191 2568 3244 δεῖν
2611 3188 2962 3243 ἀποσείεσθαι
3009 3190 3182 3258 φιλεῖν
3238 3189 3336 3251 τὰς
3382 3188 3469 3241 ἐπ’
3516 3187 3730 3257 ἐχθροῖς

466 3267 645 3332 fallor,
675 3270 1004 3339 voluptates,
1037 3272 1106 3325 ab
1128 3272 1386 3328 hostibus
1403 3275 1621 3350 oblatre,
1650 3277 2047 3350 vitandumque

469 3373 535 3412 ne
578 3359 632 3411 in
679 3360 922 3414 hostium
985 3361 1196 3418 ditionc
1247 3347 1460 3430 simus;
1481 3367 1573 3436 qui
1635 3367 1799 3437 hujus
1857 3371 2046 3426 mundi

466 3450 744 3522 principes
766 3469 886 3508 esse
920 3453 1211 3522 dicuntur;
1247 3456 1460 3512 etiamsi
1493 3460 1656 3515 alicui
1681 3460 1909 3518 fortasse
1925 3481 2051 3534 pars

465 3541 645 3612 aliqua
690 3545 969 3602 fclicitatis
1004 3548 1175 3614 adsit,
1228 3547 1526 3615 felicitatis,
1587 3551 1831 3621 inquam,
1879 3555 2047 3622 illius,

466 3649 588 3700 quas
635 3635 690 3688 in
736 3639 943 3691 mundo
983 3639 1088 3692 hoc
1147 3654 1338 3709 magna
1391 3649 1614 3710 putatur
1658 3645 1906 3713 quidem,
1955 3648 2048 3702 sed

468 3733 685 3793 turpem
719 3728 944 3780 omnino
967 3727 1177 3782 exitum
1205 3739 1368 3800 atque
1402 3732 1705 3790 deformem
1754 3736 1940 3791 habet.

541 3814 736 3868 PALL.
765 3815 885 3882 Quo
925 3819 1143 3874 tandem
1179 3822 1378 3877 modo?
1464 3833 1468 3836 '

535 3907 694 3962 CYR.
728 3907 890 3965 Visne
926 3919 986 3966 ut
1023 3921 1272 3968 veterum
1304 3917 1552 3986 exempla
1582 3920 1896 3973 sumamus?

539 4101 734 4154 PALL.
771 4100 1020 4158 Maxime.

535 4189 691 4244 CYR.
714 4191 850 4246 Cum
871 4192 1012 4247 fame
1033 4194 1436 4250 conficerentur
1456 4209 1646 4249 omnes
1661 4195 1775 4250 fere
1799 4196 2048 4253 homines

2152 3281 2362 3352 ἡδονὰς,
2390 3281 2484 3334 καὶ
2508 3280 2568 3334 τὸ
2589 3281 2692 3334 ὑπὸ
2719 3283 2877 3350 χεῖρα
2907 3279 3166 3352 πράττειν
3188 3279 3418 3350 ἐχθρῶν,
3443 3279 3502 3331 οἳ-
3525 3277 3730 3349 κατάρ-

2151 3389 2267 3443 χειν
2303 3371 2549 3440 λέγονται
2579 3372 2676 3426 τοῦ
2710 3373 2904 3436 αἰῶνος
2935 3371 3146 3426 τούτου.
3186 3371 3301 3424 Κᾶν
3335 3372 3383 3424 εί
3432 3370 3647 3441 προσίοι
3668 3370 3730 3422 τὸ

2151 3464 2312 3534 τυχὸν
2344 3463 2641 3538 εὐημερίας
2679 3465 2779 3516 οὐκ
2817 3463 3105 3534 ἀμοιρούν,
3154 3463 3452 3533 εὐημερίας
3494 3461 3550 3514 δέ
3586 3478 3730 3531 φημι

2152 3557 2248 3621 τῆς
2281 3557 2338 3609 ὲν
2367 3557 2556 3627 κόσμῳ
2589 3555 2978 3627 τετιμημένης,
3015 3557 3094 3618 εἰς
3123 3555 3344 3626 αἰσχρὸν
3373 3554 3481 3625 γὰρ
3511 3553 3731 3617 πάντως

2153 3649 2247 3702 καὶ
2270 3648 2498 3713 ἀκαλλὲς
2538 3649 2904 3720 καταστρέφει
2942 3639 3112 3710 τέλος.

2225 3829 2431 3880 ΠΛΛΛ.
2481 3827 2603 3888 Πῶς
2636 3825 2802 3894 ἔφης

2223 3921 2387 3973 ΚΥΡ.
2429 3917 2614 3969 Βούλει
2650 3916 2899 3984 λέγωμεν
2948 3914 3006 3980 ἐξ
3040 3912 3279 3985 ἀρχαίων
3311 3911 3520 3975 ἑλόντες
3549 3930 3734 3984 παρα-

2151 4013 2267 4080 δειγ
2275 4011 2458 4081 μάτων
2475 4028 2488 4076 ;

2222 4103 2429 4158 ΠΑΛΛ.
2472 4103 2582 4156 Καὶ
2612 4101 2774 4172 μάλα.

2219 4195 2382 4248 ΚΥΡ.
2423 4191 2595 4264 Λιμοῦ
2635 4192 3032 4263 κατατήκοντος
3072 4194 3197 4256 τοὺς
3253 4192 3359 4246 ὰνά
3412 4195 3610 4256 πᾶσαν,
3653 4193 3737 4256 ὡς

464 4281 579 4351 qui,
611 4291 673 4336 ut
707 4282 761 4336 in
805 4300 1016 4340 summa
1062 4285 1262 4350 dicam,
1304 4285 1508 4354 ubique
1569 4294 1840 4343 terrarum
1863 4298 2040 4353 erant,

2156 4286 2275 4352 ἔπος
2314 4289 2508 4352 εἰπεῖν,
2550 4285 2647 4356 τὴν
2694 4285 2819 4355 γῆν,
2857 4283 3179 4337 καθικέσθαι
3214 4284 3350 4355 πρὸς
3399 4283 3736 4354 Αἰγυπτίους

463 4373 639 4428 visum
682 4385 766 4430 est
811 4375 936 4432 filiis
988 4377 1156 4432 Jacob
1200 4379 1256 4430 in
1294 4375 1584 4449 Egyptum
1635 4378 1969 4437 descendere
2027 4399 2039 4434 :

461 4473 619 4519 erant
648 4474 832 4520 autem
864 4467 1242 4522 adolescentes
1276 4483 1507 4522 numero
1530 4469 1739 4526 decem.
1771 4472 1830 4527 Id
1845 4460 2042 4527 autem

461 4557 618 4626 cujus
648 4558 822 4627 gratia
854 4559 1356 4628 peregrinationem
1392 4561 1784 4632 suscipiebant,
1818 4572 1938 4619 erat
1984 4572 2043 4618 ut

460 4655 780 4700 coemerent
806 4661 981 4711 escas,
1014 4655 1282 4716 praeterea
1307 4650 1464 4705 nihil.
1502 4653 1696 4710 Postea
1727 4669 1860 4708 vero
1875 4669 2040 4724 quam

459 4734 581 4804 ejus
602 4735 680 4790 rei
699 4745 985 4806 compotes
1003 4736 1130 4791 facti
1155 4745 1302 4804 sunt,
1336 4749 1498 4811 atque
1528 4744 1699 4816 agniti
1728 4745 1863 4816 jam,
1892 4744 2039 4814 quod

461 4823 660 4881 fratres
687 4835 874 4882 essent
899 4826 1124 4897 Ioseph,
1146 4829 1240 4899 qui
1263 4839 1385 4898 tum
1421 4833 1693 4889 frumenta
1743 4834 2039 4899 vendebat,

458 4927 516 4971 et
533 4919 791 4988 princeps
810 4927 930 4973 erat
959 4926 1119 4976 terra:
1146 4921 1384 4996 Egypti,
1431 4941 1547 4980 rem
1579 4935 1788 4996 gestam
1818 4926 2044 4980 auribus

458 5009 916 5079 accepitPharao,
965 5031 984 5063 ‹
1014 5013 1251 5080 Etdixit,
1278 5038 1296 5069 ι
1325 5017 1524 5087 inquit,
1552 5036 1570 5066 ι
1593 5017 1803 5071 Pharao
1817 5017 2040 5086 Ioseph:

463 5099 571 5169 18
602 5099 700 5155 Dic
734 5099 996 5160 fratribus
1041 5105 1151 5161 tuis
1172 5147 1187 5173 ,
1229 5107 1344 5162 Hoc
1370 5107 1532 5161 facite
1566 5124 1578 5159 :
1609 5107 1832 5175 lmplcte
1856 5121 2044 5161 saccos

459 5199 693 5258 vestros,
719 5201 776 5248 et
796 5194 942 5251 abite
966 5196 1021 5252 in
1067 5206 1271 5253 terram
1310 5197 1587 5261 Chanaan,
1620 5206 1677 5250 et
1707 5197 2042 5266 accipientes

460 5292 670 5351 patrem
710 5295 954 5344 vestrum
1000 5297 1057 5344 et
1107 5288 1470 5342 substantiam
1530 5296 1806 5350 vestram,
1853 5288 2038 5344 venite

459 5377 525 5430 ad
548 5393 655 5443 me,
683 5388 740 5434 et
767 5380 910 5436 dabo
945 5381 1105 5435 vobis
1133 5395 1198 5432 ex
1221 5379 1479 5433 omnibus
1506 5378 1666 5433 bonis
1712 5377 1948 5450 Egypti,
1984 5392 2040 5437 et

458 5469 764 5526 comedetis
792 5471 1086 5526 medullam
1114 5476 1291 5522 teme.
1322 5469 1403 5523 Tu
1433 5478 1614 5524 autem
1649 5471 1882 5543 przecipe
1899 5473 2034 5538 haec,

459 5571 518 5616 ut
539 5563 814 5632 accipiant
845 5561 1092 5630 plaustra
1119 5559 1188 5615 de
1221 5569 1368 5617 terra
1384 5562 1595 5636 XEgypti
1621 5565 1812 5620 liberis
1837 5567 2036 5622 vestris

531 5740 570 5767 ⁸⁷
607 5737 647 5790 ll
673 5735 797 5789 Cor.
829 5752 920 5805 vn,
956 5737 1040 5793 10.

2141 4381 2268 4444 τοὺς
2299 4379 2359 4446 ἐξ
2406 4377 2599 4432 Ἰακὼϐ
2627 4376 2820 4442 ἐδόκει,
2856 4377 3064 4430 νεανίαι
3115 4376 3172 4430 δὲ
3199 4371 3341 4448 ἦσαν
3373 4378 3464 4432 τὸν
3498 4376 3736 4448 ἀριθμόν

2142 4488 2245 4524 που
2279 4469 2433 4532 δέκα,
2464 4469 2558 4523 καὶ
2597 4469 2626 4522 ὁ
2666 4469 2764 4540 τῆς
2792 4466 3100 4538 ἀποδημίας
3141 4468 3360 4532 σκοπὸς,
3393 4468 3454 4520 τὸ
3499 4465 3734 4536 ὲκπρία-

2142 4561 2265 4616 σθαι
2297 4561 2525 4632 τροφὰς,
2557 4562 2652 4613 καὶ
2692 4559 2880 4630 ἕτερον
2912 4553 2980 4630 ἦν
3011 4558 3185 4612 οὐδέν.
3239 4559 3457 4630 Ἐπειδὴ
3485 4558 3541 4611 δὲ
3589 4553 3733 4628 ἦκον

2138 4656 2220 4718 εἰς
2250 4653 2407 4707 τοῦτο
2435 4653 2530 4706 καὶ
2547 4650 3008 4723 κατεγνωρίζοντο
3023 4649 3208 4703 λοιπὸν
3228 4649 3304 4713 ὡς
3319 4649 3557 4719 ἀδελφοὶ,
3579 4667 3731 4702 σιτο-

2137 4745 2414 4810 δοτοῦντος
2439 4745 2561 4799 τότε
2597 4744 2695 4798 καὶ
2741 4743 3064 4814 ἐξάρχοντος
3109 4743 3208 4813 τῆς
3266 4741 3579 4810 Αἰγυπτίων
3623 4743 3728 4795 τοῦ

2151 4835 2368 4907 Ἰωσὴφ,
2414 4835 2495 4899 εἰς
2534 4833 2628 4898 οὖς
2658 4833 2721 4888 τὸ
2758 4831 3003 4904 πραχθὲν
3047 4831 3263 4902 ἐδέχετο
3294 4830 3513 4903 Φαραὼ,
3555 4850 3574 4883 ί
3612 4832 3732 4885 Καὶ

2139 4919 2280 4987 εἷπε,
2317 4943 2336 4976 ι
2399 4924 2555 4996 φησὶ,
2623 4942 2642 4976 ι
2684 4922 2885 4994 Φαραὼ
2927 4921 3066 4992 πρὸς
3107 4921 3330 4991 Ἰωσήφ’
3391 4917 3560 4974 Εἶπον
3612 4923 3732 4985 τοῖς

2138 5016 2385 5084 ἀδελφοῖς
2418 5032 2534 5068 σου·
2582 5015 2754 5068 Τοῦτο
2795 5013 3058 5085 ποιήσατε
3079 5027 3094 5044 ·
3118 5012 3390 5082 Γεμίσατε
3421 5011 3492 5065 τὰ
3526 5013 3732 5081 πυρεῖα

2141 5105 2316 5178 ὑμῶν,
2355 5108 2449 5160 καὶ
2494 5105 2759 5159 ἀπέλθετε
2798 5106 2878 5169 εἰς
2925 5107 3031 5175 γῆν
3085 5104 3306 5157 Χαναὰν
3335 5102 3428 5156 καὶ
3477 5103 3731 5173 παραλα-

2140 5199 2327 5262 ϐόντες
2357 5197 2448 5252 τὸν
2491 5199 2702 5270 πατέρα
2735 5197 2913 5269 ὑμῶν,
2943 5198 3037 5252 καὶ
3078 5197 3146 5251 τὰ
3183 5196 3498 5269 ὑπάρχοντα
3545 5196 3725 5267 ὑμῶν,

2136 5292 2301 5362 ἥκετε
2333 5291 2466 5362 πρὸς
2498 5291 2586 5361 μὲ,
2618 5292 2713 5344 καὶ
2746 5289 2902 5344 δώσω
2939 5290 3068 5360 ὑμῖν
3112 5289 3333 5343 πάντων
3362 5288 3472 5342 τῶν
3500 5287 3728 5357 ἀγαθῶν

2136 5382 2436 5451 Αἰγύπτου,
2489 5383 2583 5436 καὶ
2628 5379 2866 5452 φάγεσθε
2895 5379 2986 5432 τὸν
3032 5379 3227 5450 μυελὸν
3255 5382 3357 5451 τῆς
3386 5379 3510 5449 γῆς.
3547 5379 3617 5430 Σὺ
3663 5377 3730 5430 δὲ

2137 5476 2369 5531 ἕντειλαι
2397 5476 2588 5540 ταῦτα,
2630 5475 2815 5530 λαϐεῖν
2847 5473 3046 5536 αὐτοὺς
3073 5472 3290 5542 ἀμάξας
3323 5474 3387 5525 ὲκ
3419 5472 3522 5542 γῆς
3554 5470 3727 5538 Ᾱίγύ-

2137 5585 2291 5632 πτου,
2320 5569 2432 5630 τοῖς
2459 5567 2688 5630 παιδίοις
2715 5565 2867 5636 ὑμῶν
2894 5564 2988 5620 καὶ
3007 5566 3127 5628 ταῖς
3153 5562 3388 5632 γυναιξὶ,
3415 5563 3512 5616 καὶ
3529 5561 3724 5616 ἀναλα-
