3998 6304
260 277 356 336 161

1009 283 1094 338 DE
1133 281 1575 342 ADORATIONE
1612 288 1681 344 IN
1721 288 1990 346 SPIRITU
2027 293 2114 348 ET
2151 295 2516 354 VERITATE.
2559 301 2685 357 LIB.
2726 303 2765 356 I.

3407 312 3510 369 162

258 390 444 454 δόντες
472 391 564 446 τὸν
592 393 805 465 πατέρα
834 394 991 465 ὑμῶν
1033 397 1424 466 παραγίνεσθε,
1459 399 1552 452 καὶ
1597 401 1673 471 μὴ
1715 402 1802 471 φεί

1939 412 1993 457 et
2012 407 2302 473 uxoribus,
2336 419 2391 464 et
2430 411 2679 466 tollentes
2711 425 2923 482 patrem
2947 430 3188 476 vestrum
3215 424 3418 488 venite,
3451 439 3508 485 ct

261 483 423 554 σησθε
471 486 583 548 τοῖς
628 485 925 556 ὀφθαλμοῖς
957 488 1067 541 τῶν
1121 488 1328 542 σκευῶν
1380 491 1532 561 ὑμῶν
1558 508 1570 520 ο
1611 492 1678 544 τὰ
1727 493 1835 564 γὰρ

259 572 433 626 πάντα
463 574 646 643 ἀγαθά
676 574 954 644 Αἰγύπτου
981 577 1108 647 ὑμῖν
1137 577 1308 632 ἔσται.
1349 597 1366 630 ι
1405 581 1462 634 ’0
1495 581 1592 651 μὲν
1612 577 1706 634 οῦν
1736 585 1835 654 τῆς

257 666 570 732 Αἰγυπτίων
601 666 902 737 ἡγούμενος
939 669 1122 732 αὐτοῖς
1169 670 1486 724 ἀνάπαυλαν
1531 674 1624 725 καί
1652 677 1830 746 τρυφῇ

258 758 635 813 καταπιαίνειν
673 756 731 812 εὖ
770 760 912 830 μάλα
947 763 1439 832 κατεπηγγείλατο,
1465 766 1559 818 καὶ
1604 765 1712 836 μὴν
1741 767 1832 819 καὶ

256 849 470 918 ἁμάξας
539 851 856 922 ἐχαρίζετο,
918 853 1284 908 καταλεαίνων
1340 851 1493 926 οἶμαί
1557 873 1658 910 που
1719 860 1832 921 τοῖς

254 941 468 994 ὀκνοῦσι
498 941 594 1013 τὴν
627 942 871 1000 κάθοδον.
909 944 972 996 Οί
1015 945 1071 996 δὲ
1104 947 1340 1012 πανοικὶ,
1389 947 1708 1001 κατέϐαινον
1740 949 1831 1000 εὑ-

1936 509 2005 548 ne
2027 496 2265 564 parcatis
2284 498 2458 552 oculis
2483 500 2917 569 supellectilibus
2938 510 3156 574 vestris,
3173 513 3300 580 quia
3319 513 3504 568 omnia

1935 582 2075 638 bona
2103 583 2317 655 )Egypti
2341 587 2498 642 vobis
2531 601 2694 644 erunt
2724 590 2785 643 ".
2827 611 2845 642 ι
2910 594 3097 664 Itaque
3125 597 3503 670 Egyptiorum

1933 674 2189 745 princeps
2219 676 2305 731 his
2333 679 2505 732 otium
2528 688 2583 734 et
2597 681 2904 752 voluptates
2925 685 3335 746 afﬂuentissime
3359 710 3500 763 prm-

1932 764 2174 820 biturum
2204 784 2262 822 se
2300 769 2692 838 pollicebatur;
2721 775 2959 843 plaustra
2983 792 3200 847 quoque
3231 781 3501 852 largieba-

1933 864 2042 921 tur,
2068 866 2130 912 ut
2152 859 2294 924 illos,
2331 870 2394 915 ut
2428 872 2580 932 puto,
2614 863 3034 924 reformidantes
3066 870 3133 923 ad
3157 871 3499 930 descenden-

1929 948 2060 1002 dum
2096 951 2360 1006 alliceret.
2392 953 2458 1006 Hi
2491 970 2624 1009 vero
2655 972 2783 1011 cum
2809 959 3065 1015 universa
3095 961 3300 1018 familia
3315 965 3500 1021 statim

253 1033 369 1098 θὺς,
417 1034 516 1105 τὴν
561 1035 893 1108 πρόσκαιρον
920 1039 1029 1091 τῶν
1069 1038 1346 1110 ἐδωδίμων
1377 1039 1693 1100 ἀπόλαυσιν,
1729 1040 1809 1092 oin

1927 1038 2350 1105 descenderunt,
2385 1045 2847 1113 temporariorum
2897 1048 3150 1103 ciborum
3191 1067 3354 1106 usum
3414 1070 3503 1108 ra-

251 1122 342 1179 οἷδ’
372 1127 527 1190 ὅπως
556 1129 1017 1200 προτετιμηκότες
1044 1132 1146 1202 γῆς
1176 1147 1235 1183 τε
1259 1129 1354 1183 καί⁵
1379 1132 1560 1201 χώρας
1579 1130 1809 1201 δοθείσης

1929 1129 2077 1185 tione
2121 1132 2307 1187 nescio
2363 1149 2492 1202 qua,
2533 1142 2690 1190 terrae
2742 1137 3061 1208 regionique
3117 1156 3149 1194 a
3204 1142 3316 1197 Deo
3359 1143 3501 1199 datae

252 1220 402 1289 παρά
422 1219 559 1272 Θεοῦ
584 1237 597 1250 ·
641 1217 708 1292 ἦν
740 1221 850 1292 γὰρ
881 1223 944 1292 δή
986 1239 1088 1276 που
1128 1223 1278 1294 παρά
1320 1223 1453 1278 πολὺ
1478 1225 1724 1295 κρεῖττόν
1765 1240 1809 1279 τι

1926 1220 2280 1291 praeferentes
2314 1242 2327 1278 :
2366 1225 2540 1280 multo
2591 1242 2827 1298 namque
2885 1230 3082 1286 melius
3113 1239 3275 1303 atque
3309 1235 3500 1290 utilius

252 1312 343 1364 καὶ
371 1311 596 1382 ἄμεινον
627 1312 688 1366 τὸ
719 1313 933 1386 ἐκείνην
966 1314 1246 1386 νέμεσθαι,
1274 1317 1322 1368 εί
1354 1318 1448 1369 καὶ
1488 1317 1585 1370 σὺν
1634 1315 1809 1386 βραχεῖ

1922 1320 2043 1364 erat
2079 1326 2146 1365 ex
2203 1312 2293 1366 illa
2358 1314 2466 1368 sibi
2515 1325 2732 1385 pastum
2783 1333 3054 1387 quaerere,
3111 1324 3362 1390 quamvis
3389 1340 3498 1378 non

246 1401 306 1453 τὸ
338 1401 528 1471 χρῆμα
569 1402 918 1473 κατωρθοῦτο
957 1404 1125 1475 πόνῳ,
1189 1403 1406 1476 Ἐπειδὴ
1455 1404 1512 1457 δὲ
1557 1399 1691 1475 ἦκον
1743 1405 1809 1468 είς

1923 1401 2042 1456 sine
2095 1403 2278 1473 aliquo
2318 1405 2506 1463 labore
2558 1408 2613 1461 id
2645 1407 2783 1462 eﬂiei
2840 1421 3044 1480 posset.
3110 1413 3305 1468 Postea
3365 1431 3496 1471 vero

251 1491 544 1559 Αἴγυπτον,
594 1489 763 1561 ᾤοντο
809 1493 907 1563 μὲν
957 1494 1087 1556 ἴσως
1149 1495 1244 1548 καὶ
1305 1495 1586 1565 διαδράναι
1638 1494 1809 1548 λοιπὺι

1920 1509 2082 1563 quam
2104 1494 2158 1548 in
2194 1495 2486 1567 Egyptum
2514 1508 2805 1564 venerunt,
2846 1501 3112 1570 putabant
3161 1519 3220 1558 se
3265 1505 3498 1561 fortasse

249 1583 374 1646 τοὺς
403 1582 544 1636 οἴκοι
589 1584 804 1647 πόνους,
840 1578 924 1648 οἷς
952 1585 1046 1637 καὶ
1078 1583 1189 1638 τῶν
1233 1585 1547 1656 παραυτίκα
1571 1585 1809 1656 τερπνῶν

1916 1586 2026 1655 jam
2055 1585 2310 1657 effugisse
2334 1588 2546 1644 labores
2569 1605 2706 1659 quos
2742 1590 2889 1646 domi
2923 1593 3246 1660 habuerant,
3271 1608 3496 1668 eratque

248 1677 278 1746 ἡ
303 1675 556 1746 αῐσθησις
602 1676 755 1746 ἡδεῖά
782 1691 898 1739 πως
925 1670 994 1747 ἦν
1026 1675 1228 1739 αὐτοῖς.
1277 1675 1596 1745 Διέρποντος
1641 1676 1698 1729 δὲ
1723 1676 1809 1730 τοῦ

1920 1675 2028 1730 illis
2056 1679 2410 1746 praesentium
2466 1679 2809 1748 voluptatum
2859 1697 3052 1738 sensus
3098 1687 3491 1756 perjucundus.

245 1767 457 1837 χρόνου,
493 1766 585 1821 τὸν
629 1768 799 1822 ἀκλεᾶ
830 1768 928 1839 τῆς
955 1767 1199 1832 δουλείας
1235 1769 1522 1840 ὑποτρέχει
1555 1767 1738 1837 ζυγὸν,
1783 1770 1809 1840 ἡ

1921 1763 2026 1818 Sed
2071 1765 2360 1835 interjecto
2410 1776 2652 1837 tempore
2690 1769 2986 1825 multitudo
3041 1772 3128 1825 illa
3178 1773 3287 1842 jam
3313 1775 3494 1829 indea

241 1858 447 1911 ἄνωθέν
487 1874 549 1910 τε
600 1858 696 1912 καὶ
736 1859 800 1910 ὲκ
847 1859 1100 1930 πατέρων
1135 1859 1360 1931 εὐγενὴς
1410 1859 1502 1914 καὶ
1559 1859 1809 1929 ἐλευθέρα

1919 1855 2035 1910 suis
2065 1857 2364 1927 majoribus
2393 1859 2630 1928 ingenua
2656 1874 2720 1913 ac
2777 1861 2972 1926 libera,
3034 1865 3169 1918 rude
3210 1867 3492 1922 servitutis

242 1950 466 2022 πληθύς.
503 1949 716 2004 Οὐκοῦν
742 1951 790 2003 εί
822 1951 1050 2021 προσείη
1075 1953 1190 2021 μετ’
1220 1951 1518 2022 εὐημερίας
1547 1953 1809 2021 κοσμικῆς

1916 1947 2105 2016 iugum
2136 1947 2330 2001 subiit.
2359 1949 2527 2018 Igitur
2559 1949 2834 2004 mundana
2859 1951 3108 2018 felicitas,
3160 1955 3250 2008 cui
3294 1956 3491 2026 adjunv

241 2043 298 2095 τὸ
333 2042 705 2113 προσπίπτειν
739 2044 818 2108 είς
865 2042 931 2094 τὰ
959 2043 1175 2112 αἰσχίω,
1206 2044 1590 2113 παραιτητέον,
1618 2037 1663 2096 ὦ
1696 2045 1816 2108 τᾶν,

241 2133 391 2202 είπερ
422 2132 548 2184 ἐστὶ
575 2135 706 2202 παρ’
731 2134 862 2202 ἡμῖν
886 2134 944 2185 ὲν
975 2133 1120 2202 λόγῳ
1144 2132 1202 2185 τὸ
1232 2131 1534 2203 ἐλεύθερον,
1569 2132 1817 2203 βδελυρόν

240 2240 295 2274 τε
323 2223 417 2275 ml.
447 2221 858 2292 ἀπηχθισμένον
907 2223 968 2276 τὸ
1004 2223 1368 2294 δουλοπρεπὲς
1408 2225 1598 2298 χρῆμά
1629 2243 1688 2280 τε
1722 2227 1817 2281 καὶ

240 2315 512 2386 φρόνημαο

307 2408 516 2461 ΠᾹΛΛ.
535 2446 544 2468 ,ι
563 2406 792 2475 Ἀριστα
819 2406 976 2474 ἔφης.

307 2499 475 2552 ΚΥΡ.
517 2498 582 2551 Τί
621 2497 698 2562 δὲ,
734 2499 853 2567 οὐχὶ
883 2499 1100 2553 κάκεῖνό
1130 2516 1332 2570 φαμεν,
1373 2500 1434 2552 οὐ
1472 2501 1699 2572 μετρίαν
1737 2501 1815 2566 ὥς

235 2591 298 2657 γέ
336 2607 426 2661 μοι
454 2591 601 2644 δοκεῖ
635 2593 747 2655 τοῖς
775 2590 976 2662 ἀρτίως
1011 2593 1144 2662 ἡμῖν
1175 2590 1488 2662 εἰρημένοις
1530 2593 1814 2649 συνωδίνον

235 2681 332 2752 τὴν
352 2681 570 2751 δνησιν;

304 2863 514 2918 ΠΑΛΛ.
557 2861 631 2915 Τὸ
659 2863 752 2914 ποῖ
769 2861 822 2914 τί
847 2860 972 2931 φῄς.

309 2953 472 3006 ΚΥΡ.
528 2951 807 3022 Ῥαψάκης
859 2953 890 3004 ό
943 2949 1277 3015 Βαϐυλώνιος
1333 2949 1441 3004 τῶν
1517 2951 1812 3022 Ἀσσυρίων

236 3045 563 3116 στρατηγὸς,
586 3044 820 3116 ἀριθμοῦ
857 3045 1143 3116 κρείττονα
1171 3044 1483 3115 δορυφόρων
1521 3043 1653 3096 ποτὲ
1675 3043 1811 3113 πλη-

232 3105 332 3193 θὺν
360 3105 676 3210 ἐπεσῦρετο,
709 3105 812 3209 ἧκέ
839 3105 910 3192 τε⁸
939 3105 1336 3208 πολιορκήσων,
1375 3105 1574 3207 μᾶλλον
1603 3137 1680 3200 δὲ,
1715 3105 1808 3190 καὶ
1836 3105 1878 3162 C

231 3228 352 3282 λίαν
384 3229 646 3297 ἀμογητὶ,
682 3229 861 3282 πᾶσαν
886 3229 949 3280 ὲκ
981 3226 1196 3298 βάθρων
1224 3227 1470 3298 αἱρήσειν
1492 3223 1806 3295 ὑπειληφὼς

227 3321 329 3389 τὴν
351 3321 515 3390 ἁγίαν
544 3321 715 3374 πόλιν.
747 3315 879 3375 Εἶτα
907 3319 1238 3392 προεσάλευε
1255 3317 1364 3372 τῶν
1383 3319 1563 3373 ὃπλων
1589 3317 1687 3389 τὴν
1708 3319 1807 3371 οὐκ

226 3413 562 3483 ἀμελέτητον
585 3412 754 3483 αὐτῷ,
791 3411 1211 3482 κατειθισμένην
1234 3410 1290 3465 δὲ
1318 3411 1522 3482 σφόδρα
1549 3411 1690 3465 κατά
1713 3411 1806 3464 τοῦ

226 3501 365 3555 Θεοῦ
395 3501 792 3570 γλωσσαλγίαν.
825 3501 1010 3572 Μυρία
1031 3501 1088 3554 δὲ
1117 3501 1217 3554 ὅσα
1245 3499 1582 3570 παλίμφημα
1609 3499 1803 3567 λέγων,

229 3596 642 3665 προσεπεφώνει
684 3595 744 3648 τὸ
771 3593 1078 3647 τελευταῖον
1121 3594 1235 3654 τοῖς
1273 3591 1372 3662 τὴν
1405 3591 1566 3660 ἁγίαν
1597 3588 1805 3643 οἰκοῦσι

227 3687 406 3741 πόλινο
431 3706 448 3738 ι
474 3686 611 3741 Τάδε
629 3687 776 3756 λέγει
797 3689 825 3739 ὁ
846 3684 1098 3756 βασιλεὺς
1123 3683 1443 3754 Ἀσσυρίων·
1462 3682 1526 3735 Ei.
1551 3680 1804 3751 βούλεσθε

226 3778 608 3848 εὐλογηθῆναι,
653 3775 948 3847 πορεύεσθε
981 3774 1116 3846 πρὸς
1155 3774 1242 3844 μὲ,
1278 3772 1370 3827 καὶ
1402 3770 1638 3842 φάγεσθε
1673 3770 1805 3824 ἕκα-

228 3885 351 3933 στος
383 3870 483 3939 τὴν
516 3868 759 3939 ἄμπελον
796 3866 982 3931 αὑτοῦ,
1015 3866 1112 3919 καὶ
1141 3867 1238 3928 τὰς
1273 3865 1445 3926 συκᾶς
1479 3862 1664 3929 αὐτοῦ,
1710 3861 1803 3915 καὶ

226 3960 416 4014 πίεσθε
469 3960 613 4030 ὕδωρ
662 3958 754 4012 τοῦ
809 3959 1012 4012 λάκκου
1068 3955 1241 4027 ὑμῶν,
1279 3955 1384 4018 ἕως
1413 3953 1478 4008 ἂν
1502 3953 1658 4018 ἔλθω,
1710 3952 1804 4006 καὶ

221 4052 374 4107 λάϐω
422 4054 567 4122 ὑμᾶς
620 4053 700 4115 εἰς
751 4052 875 4121 γῆν,
929 4049 1005 4112 ὡς
1037 4049 1071 4119 ἡ
1111 4047 1185 4117 γῆ
1215 4046 1390 4116 ὑμῶν,
1431 4045 1503 4114 γῆ
1535 4046 1680 4098 σίτου
1709 4045 1803 4098 καὶ

219 4142 366 4197 οἴνου
396 4143 493 4196 καὶ
522 4141 703 4212 ἄρτων
727 4140 824 4194 καὶ
855 4137 1212 4210 ἀμπελώνων.
1237 4154 1257 4188 ι
1294 4135 1485 4208 Ἀθρει
1514 4135 1578 4207 δὴ
1603 4132 1696 4189 οὖν
1720 4135 1802 4188 ὅτι

219 4234 321 4288 καὶ
349 4234 514 4297 αὐτὸς
542 4231 936 4302 ἐπαγγέλλεται
961 4230 1062 4300 τὴν
1084 4228 1171 4282 ἐπ’
1191 4227 1422 4300 ἀμπέλῳ
1452 4246 1512 4281 τε
1544 4229 1640 4282 καὶ
1661 4229 1799 4299 συκῇ

216 4327 436 4397 τρυφήν
460 4342 520 4378 τε
548 4325 642 4379 καὶ
665 4322 854 4396 τέρψιν
882 4320 1190 4393 προσετίθει
1215 4320 1293 4388 δὲ,
1319 4321 1402 4375 ὅτι
1435 4338 1456 4373 ι
1479 4320 1591 4375 Καὶ
1609 4318 1799 4372 πίεσθε

217 4417 368 4489 ὕδωρ
397 4415 492 4470 τοῦ
524 4415 728 4471 λάκκου
755 4414 931 4487 ὑμῶν.
965 4432 985 4466 ι

289 4593 504 4650 ΠΔΛΛ.
556 4593 718 4648 Ἀλλά
753 4593 809 4648 τί
856 4593 924 4648 ἂν
973 4592 1216 4664 βούλοιτο
1268 4591 1440 4646 ταῦτα
1493 4588 1800 4660 δηλοῦνκεί

209 4685 359 4756 πρὸς
384 4684 623 4756 θεωρίαν
639 4684 834 4753 ,ἄγοιτο
856 4687 955 4756 τὴν
975 4683 1388 4755 πνευματικήνς

282 4776 452 4831 ΚΥΡ.
493 4776 656 4831 Κατά
683 4777 858 4830 διττὸν
881 4774 1034 4848 οἶμαι
1059 4777 1260 4848 τρόπον
1289 4777 1323 4847 ἠ
1343 4774 1443 4845 τῆς
1467 4774 1799 4843 φαυλότητος

203 4871 270 4924 ἑν
313 4870 446 4938 ἡμῖν
476 4869 906 4941 ἀποπεραίνεται
947 4868 1195 4939 δύναμις.
1232 4869 1304 4922 Ἥ
1341 4868 1450 4938 γὰρ
1481 4869 1600 4930 ταῖς
1628 4865 1798 4936 θύρα-

200 4961 306 5014 θεν
356 4961 590 5029 ήδοναῖς,
624 4960 658 5032 ἢ
699 4963 822 5025 ταῖς
873 4960 1136 5031 ὲμφύτοις
1168 4961 1264 5014 καὶ
1315 4961 1373 5013 ὲν
1414 4962 1566 5030 ἡμῖν,
1591 4959 1695 5012 ὑπό
1736 4975 1797 5011 τε

199 5051 369 5122 σφῶν
395 5051 600 5116 αὐτῶν,
637 5052 731 5106 καὶ
763 5052 868 5123 μὴν
897 5053 992 5105 καὶ
1021 5051 1245 5122 ἐτέρων,
1279 5051 1549 5120 ὲντρυφᾷν
1571 5051 1796 5102 ἀναπει-

196 5145 452 5213 θόμενοι,
487 5142 624 5215 πρὸς
674 5145 781 5198 πᾶν
807 5142 982 5196 ὁτιοῦν
1022 5141 1131 5195 τῶν
1159 5140 1574 5211 ἀπηχεστάτων,
1614 5139 1794 5193 διωλι-

196 5236 475 5306 σθηκότες
528 5237 709 5291 ἀλοῖεν
755 5236 843 5302 ἂν,
915 5237 963 5289 οἱ
1014 5236 1151 5308 πρὸς
1209 5234 1481 5305 ἁμαρτίαν
1553 5232 1786 5286 εὔκολοι.

207 5328 511 5393 Ἐκδείξειε
556 5329 604 5382 δ’
649 5328 715 5382 ἂν
760 5328 856 5382 καὶ
899 5327 1055 5381 τοῦτο
1089 5328 1221 5398 ἡμῖν
1259 5325 1334 5388 ὡς
1381 5324 1525 5378 ἔστιν
1567 5314 1785 5394 ἀληθὲς,

188 5421 295 5476 τοῦ
324 5421 580 5492 Σωτῆρος
601 5423 630 5474 ὁ
649 5421 918 5492 μαθητὴς,
941 5419 1117 5490 ὼδίπη
1140 5417 1334 5486 λέγων,
1354 5418 1507 5470 «Ὅτι
1530 5418 1637 5470 πᾶν
1656 5417 1716 5469 τὸ
1733 5419 1790 5469 έν

188 5513 274 5584 τῷ
308 5511 526 5582 κόσμῳ,
568 5513 601 5582 ἡ
639 5510 910 5581 ἐπιθυμία
930 5511 1028 5580 τῆς
1070 5509 1292 5580 σαρκὸς,
1331 5508 1485 5577 καὶὴ
1523 5505 1789 5575 ἐπιθυμία

1827 4441 1874 4499 D

1917 2044 2039 2090 ctus
2082 2045 2167 2090 est
2221 2036 2310 2090 ille
2343 2037 2410 2091 ad
2479 2039 2724 2108 turpiora
2756 2043 2960 2110 lapsus,
3024 2046 3330 2114 respuenda
3383 2060 3486 2110 est,

1917 2127 2157 2192 Palladi,
2189 2128 2234 2181 si
2269 2143 2431 2196 quam
2464 2131 2728 2186 rationem
2759 2134 3030 2190 libertatis
3093 2135 3376 2200 habemus,
3435 2149 3492 2193 ct

1916 2218 2194 2274 servitutis
2217 2227 2273 2272 et
2295 2234 2410 2272 rem
2435 2230 2494 2275 et
2518 2235 2737 2278 sensum
2764 2241 3114 2280 exsecramur
3142 2238 3304 2298 atque
3336 2245 3493 2284 aver-

1915 2325 2120 2365 samur.

1985 2403 2180 2459 PALL.
2216 2405 2434 2476 Optime
2479 2407 2687 2462 dixisti.

1983 2494 2140 2551 CYR.
2176 2497 2320 2563 Quid
2349 2515 2482 2554 vero
2531 2499 2790 2569 prohibet
2836 2502 3134 2571 quominus
3161 2501 3295 2556 illud
3347 2499 3486 2570 quo-

1913 2601 2019 2656 que
2045 2587 2311 2655 dicamus,
2371 2591 2540 2661 quod,
2578 2602 2639 2646 ut
2685 2592 3072 2664 mihiquidem
3109 2594 3352 2660 videtur,
3376 2611 3484 2650 non

1912 2678 2244 2735 mediocrem
2292 2683 2454 2736 simul
2493 2699 2619 2738 cum
2649 2683 2718 2739 iis
2748 2700 2872 2755 qua:
2908 2686 3072 2741 modo
3105 2685 3346 2741 diximus
3375 2687 3488 2739 uti-

1912 2767 2120 2824 litatem
2143 2771 2432 2827 continet?

1981 2860 2176 2916 PALL.
2203 2861 2474 2929 Quidnam
2504 2865 2639 2920 illud
2661 2867 2784 2921 est?

1977 2949 2134 3007 CYR.
2200 2953 2472 3024 Rapsaees
2511 2955 2880 3027 Babylonius,
2933 2957 3278 3028 Assyriorum
3353 2959 3484 3022 dux,

1911 3045 2324 3102 multitudinem
2381 3049 2620 3103 militum
2694 3050 3039 3104 innumeram
3097 3059 3485 3116 contraxerat,

1911 3145 2245 3208 veneratque
2293 3150 2728 3211 oppugnaturus,
2772 3141 2882 3194 imo
2905 3155 3056 3206 vero,
3114 3152 3176 3196 ut
3211 3143 3329 3211 ipse
3381 3159 3487 3210 pu-

1912 3229 2080 3295 tabat,
2120 3232 2272 3286 nullo
2296 3233 2517 3303 negotio
2548 3242 2790 3288 sanctam
2815 3233 3094 3287 civitatem
3139 3249 3206 3287 ex
3239 3233 3364 3287 imis
3401 3249 3489 3290 se-

1910 3321 2073 3376 dibus
2109 3338 2404 3378 eversurus
2435 3325 2668 3379 :deinde
2699 3333 2994 3393 antequam
3029 3325 3135 3379 tela
3162 3326 3482 3395 conjiceret,

1908 3411 2141 3464 nimium
2187 3413 2541 3467 exercitatam
2596 3421 2651 3466 et
2712 3413 3035 3468 familiarem
3088 3415 3485 3484 blasphemiam

1908 3500 2171 3556 adversus
2205 3503 2379 3556 Deum
2416 3502 2672 3558 vibravit.
2714 3504 2903 3573 Itaque
2929 3520 3054 3559 cum
3085 3506 3258 3561 multa
3319 3508 3487 3564 male-

1909 3589 2054 3644 dicta
2095 3590 2438 3661 conjecisset,
2511 3590 2578 3645 ad
2637 3599 2945 3646 extremum
3002 3591 3112 3646 illis
3161 3591 3350 3646 verbis
3400 3598 3486 3646 est

1908 3679 2179 3732 allocutus
2220 3693 2318 3733 eos
2343 3679 2438 3748 qui
2484 3679 2541 3732 in
2605 3687 2791 3733 sancta
2847 3679 3068 3734 civitate
3122 3679 3479 3735 habitabant:

1915 3785 1934 3818 ι
1968 3766 2093 3821 Haec
2127 3766 2259 3821 dicit
2318 3782 2414 3822 rex
2445 3766 2794 3838 Assyriorum
2824 3785 2836 3820 :
2895 3765 2951 3821 Si
3007 3767 3175 3822 vultis
3207 3767 3479 3834 benedici,

1905 3858 2227 3929 egredimini
2267 3858 2335 3912 ad
2374 3874 2481 3924 me,
2515 3868 2571 3913 et
2595 3859 2866 3914 comedite
2893 3860 3268 3930 unusquisque
3314 3861 3482 3916 vitem

1903 3965 2078 4017 suam,
2099 3958 2157 4004 et
2196 3949 2333 4006 ﬁcus
2379 3967 2524 4016 suas,
2557 3959 2614 4005 et
2661 3952 2833 4006 bibite
2888 3966 3083 4020 aquam
3123 3951 3190 4006 de
3245 3951 3482 4007 cisterna

1901 4050 2104 4108 vestra,
2134 4040 2238 4112 l9
2268 4056 2556 4111 quousque
2586 4041 2823 4105 veniam,
2846 4048 2902 4094 et
2929 4039 3252 4094 transferam
3285 4056 3383 4094 vos
3426 4041 3480 4094 in

1905 4143 2105 4190 terram
2126 4148 2247 4203 quae
2263 4139 2365 4197 est,
2397 4133 2542 4186 sicut
2564 4140 2711 4186 terra
2733 4139 2938 4194 vestra,
2966 4137 3112 4185 terra
3148 4129 3408 4182 frumenti
3425 4139 3482 4183 et

1901 4225 2037 4291 vini,
2077 4233 2133 4280 et
2191 4238 2394 4294 panum
2459 4231 2516 4278 et
2543 4223 2830 4278 vinearum
2864 4225 2931 4272 δ’.
2989 4242 3008 4272 ι
3055 4220 3190 4275 Vide
3219 4220 3384 4290 igitur
3423 4227 3481 4274 et

1902 4317 2051 4371 hunc
2094 4314 2343 4386 polliceri
2384 4314 2488 4368 sub
2549 4313 2658 4367 vite
2701 4321 2759 4367 et
2809 4311 2913 4364 ficu
2944 4311 3280 4380 voluptatem
3313 4317 3478 4378 atque

1902 4407 2345 4464 oblectationem.
2383 4405 2524 4460 Illud
2567 4418 2732 4475 porro
2769 4400 2989 4473 adjecit,
3023 4420 3042 4454 ι
3080 4400 3255 4456 Bibite
3279 4416 3475 4472 aquam

1900 4499 1970 4556 de
1996 4501 2118 4555 lacu
2138 4506 2346 4554 vestro.
2386 4517 2404 4549 ι

1967 4588 2163 4646 PALL.
2228 4588 2337 4645 Sed
2390 4587 2652 4660 quidnam
2707 4586 2824 4643 haec
2878 4585 2986 4642 sibi
3045 4585 3257 4652 volunt,
3299 4587 3346 4643 si
3403 4586 3474 4642 ad

1897 4681 2239 4753 spiritualem
2281 4679 2795 4750 contemplationem
2826 4678 3261 4734 transferantur?

1965 4773 2121 4830 CYR.
2152 4773 2398 4837 Duobus,
2434 4781 2495 4827 ut
2527 4772 2790 4839 arbitror,
2809 4771 2986 4827 modis
3014 4770 3273 4840 nequitiae
3301 4771 3385 4825 vis
3416 4771 3472 4833 in

1893 4866 2056 4921 nobis
2094 4865 2400 4936 perficitur.
2449 4864 2558 4920 Aut
2583 4866 2730 4920 enim
2769 4863 3014 4919 externis
3077 4861 3468 4931 voluptatibus,

1894 4969 1990 5014 aut
2011 4958 2191 5013 insitis
2224 4967 2388 5028 atque
2419 4958 2476 5012 in
2514 4959 2676 5015 nobis
2727 4956 3081 5020 haerentibus,
3112 4955 3364 5011 homines
3401 4956 3469 5012 ad

1892 5048 2230 5117 peccandum
2265 5047 2452 5103 faciles
2477 5048 2561 5103 vel
2624 5063 2722 5102 sua
2757 5055 2970 5115 sponte,
3003 5044 3091 5098 vel
3127 5044 3195 5099 ab
3236 5045 3357 5100 aliis
3401 5045 3469 5100 ad

1891 5139 2285 5194 oblectationes
2313 5137 2698 5208 percipiendas
2742 5133 3010 5214 persuasi,
3080 5133 3146 5188 ad
3184 5133 3470 5194 absurdis-

1897 5231 2035 5286 sima
2081 5247 2310 5301 quteque
2363 5230 2499 5300 lapsi
2552 5243 2671 5283 esse
2712 5217 3200 5296 deprehenduntur
3245 5244 3258 5280 :
3305 5225 3472 5294 idque

1897 5339 2089 5378 verum
2122 5339 2243 5378 esse
2277 5323 2369 5377 ille
2411 5319 2710 5376 Salvatoris
2748 5319 2923 5373 nostri
2948 5319 3250 5389 discipulus
3277 5324 3469 5371 osten—

1897 5413 1979 5467 dit
2034 5413 2121 5466 bis
2148 5411 2330 5466 verbis
2363 5427 2378 5464 :
2427 5428 2444 5460 ι
2480 5407 2656 5464 Omne
2693 5407 2840 5480 quod
2894 5416 2980 5462 est
3007 5408 3064 5461 in
3093 5405 3334 5468 mundo,
3374 5412 3470 5460 aut

1897 5502 2343 5573 concupiscentia
2370 5502 2554 5556 carnis
2575 5508 2679 5568 est,
2711 5511 2807 5556 aut
2838 5496 3285 5571 concupiscentia
3337 5509 3470 5552 ocu-

264 5695 316 5728 “
362 5690 494 5748 Gen.
530 5707 656 5756 XLV,
701 5690 887 5746 17-20.
963 5691 1010 5722 δ’
1049 5691 1115 5746 IV
1149 5677 1446 5762 Reg.xvm,
1479 5687 1568 5754 5f,
1602 5685 1708 5755 52;
1755 5686 1857 5741 Isa.
1900 5699 2078 5750 xxxvi,
2118 5683 2206 5749 16,
2252 5683 2336 5737 17.
