3998 6304
506 290 606 348 {65

1528 287 1582 340 S.
1625 283 1902 340 CYlllLLl
1946 281 2418 338 ALEXANDRINI
2456 281 2771 336 ARCHIEP.

3663 285 3765 343 164

501 405 700 466 lorum,
739 410 832 455 aut
855 399 1113 470 superbia
1147 399 1274 452 vitae
1301 398 1366 450 '°.
1393 416 1411 448 ι
1449 389 1613 453 insita
1649 415 1886 468 namque
1910 407 1993 452 est
2024 408 2080 453 et

2191 397 2290 452 τῶν
2318 394 2632 465 ὀφθαλμῶν,
2661 395 2756 448 καὶ
2794 395 2826 465 ή
2855 394 3143 457 ἀλαζονεία
3177 390 3269 447 τοῦ
3308 394 3445 464 βίον.
3486 413 3504 445 ι
3545 397 3763 468 Ἐμφυ-

504 495 560 548 in
592 491 754 547 nobis
779 491 912 562 ipsis
940 489 1101 545 infixa
1135 498 1190 543 et
1213 490 1428 543 hterens
1457 489 1902 558 concupiscentia
1957 505 2080 543 car-

499 584 615 648 nis,
649 599 880 652 eamque
908 581 1116 651 peccati
1146 581 1320 650 lcgem
1363 581 1559 635 beatus
1608 597 1831 652 quoque
1880 582 2083 635 Paulus

501 676 738 745 appellat
768 677 837 739 ⁸¹,
860 674 1198 728 habitantem
1235 674 1292 727 in
1319 674 1582 728 membris
1606 674 1806 729 carnis.
1830 674 2084 730 Externze

501 777 682 820 autem
711 766 1018 835 voluptates
1055 771 1221 833 atque
1249 764 1563 819 adventitia:
1592 764 1984 819 oblectationes
2005 779 2084 818 ea:

501 865 629 910 sunt
677 870 799 924 quae
842 856 1129 908 oculorum
1178 869 1343 908 sensu
1400 854 1798 924 percipiuntur.
1855 855 2085 910 Divitias

500 946 647 1002 enim
687 962 787 1016 per
825 946 1016 1001 oculos
1051 945 1395 1000 admirantur
1439 944 1710 1011 homines,
1745 961 1958 1001 necnon
1989 963 2085 1001 ve-

502 1037 670 1089 stium
733 1036 1083 1106 splendorem
1143 1038 1465 1107 reliquaque
1524 1038 1579 1092 id
1641 1053 1814 1108 genus
1881 1039 2086 1108 quibus

503 1128 710 1182 addicti
741 1135 870 1182 sunt
890 1128 1161 1192 nonnulli,
1196 1139 1456 1200 tanquam
1485 1129 1843 1185 suavissimus
1865 1131 2084 1186 illorum

502 1221 575 1275 sit
604 1236 755 1284 usus,
787 1221 1147 1274 vehementer
1201 1223 1456 1291 probant.
1491 1223 1634 1292 Ergo
1673 1222 1802 1275 vitis
1839 1223 2084 1291 quidem,

501 1320 556 1365 et
583 1311 717 1365 licus
749 1318 990 1365 externae
1013 1312 1162 1367 illius
1186 1322 1241 1368 et
1260 1314 1574 1370 adventitiae
1598 1313 1986 1368 delectationis
2020 1328 2085 1367 ac

503 1403 797 1472 voluptatis
832 1403 1058 1474 ﬁguram
1086 1419 1196 1458 non
1231 1404 1471 1460 absurde
1503 1413 1715 1468 tenent,
1772 1419 1896 1457 cum
1922 1401 2084 1456 simul

503 1509 687 1548 rerum
735 1509 856 1564 qua:
897 1495 970 1547 in
1027 1495 1233 1548 mundo
1301 1503 1450 1560 sunt,
1510 1496 1733 1549 brevem
1775 1493 2087 1561 ﬂuxamquc

500 1591 772 1647 naturam,
803 1598 1020 1652 unaque
1060 1583 1409 1639 dulcedinem
1451 1585 1801 1655 conjunctam
1859 1599 1985 1636 cum
2020 1598 2084 1637 ea

502 1673 556 1726 vi
609 1688 730 1742 qua:
787 1681 951 1742 caput
990 1683 1182 1738 tentet,
1225 1683 1281 1729 et
1333 1676 1592 1730 tenebras
1647 1673 1912 1736 oﬂ'undat,
1972 1687 2083 1726 non

502 1765 838 1834 ineleganter
877 1766 1168 1819 ostendant
1221 1785 1232 1818 :

501 1856 681 1908 omnis
711 1856 925 1910 dulcem
967 1858 1132 1910 habet
1156 1858 1220 1911 ad
1256 1873 1496 1926 praesens
1527 1857 1608 1911 sui
1634 1856 2079 1926 perceptionem;

503 1946 598 2001 sed
653 1945 1216 2011 fruentcmobca'rcat,
1273 1958 1328 2001 et
1387 1949 1629 2018 graviter
1687 1948 1931 2002 inebriat
2014 1947 2081 2002 At

503 2052 632 2091 vero
664 2038 815 2090 lacus
837 2037 1006 2107 ﬁgura
1035 2049 1120 2092 est
1155 2039 1444 2093 insitorum
1482 2039 1535 2092 in
1590 2038 1746 2092 nobis
1793 2048 2038 2092 motuum
2065 2055 2078 2102 ;

500 2143 679 2196 neque
737 2128 882 2181 enim
910 2130 1198 2184 adventitii
1237 2139 1368 2183 sunt
1419 2131 1476 2183 bi
1514 2130 1767 2184 similiter
1792 2137 1955 2199 atque
1981 2129 2081 2193 illi,

501 2218 597 2272 sed
648 2219 701 2272 in
737 2219 897 2274 nobis
940 2221 1089 2274 velut
1131 2237 1162 2275 e
1195 2221 1346 2275 fonte
1397 2230 1642 2286 manant,
1698 2237 1821 2275 cum
1849 2236 1916 2275 ex
1970 2221 2084 2290 ipsa

500 2315 688 2362 nostra
765 2324 931 2362 carne
981 2312 1302 2364 scaturiant.
1361 2311 1564 2364 llarum
1622 2311 1786 2380 igitur
1839 2312 2086 2364 omnium.

504 2409 612 2452 tam
661 2401 993 2454 naturalium
1041 2417 1204 2470 quam
1254 2400 1682 2455 adventitiarum
1741 2401 2084 2470 voluptatum

502 2488 732 2543 liberam
797 2491 960 2544 nobis
1008 2491 1458 2562 perceptionem,
1510 2491 2086 2562 afﬂuentissimamquc

503 2580 926 2636 oblectationem
973 2584 1094 2638 fore
1140 2585 1398 2655 inquiunt
1455 2585 1560 2639 illa:
1605 2584 1954 2654 nequissima:
1985 2600 2087 2654 po-

504 2679 753 2737 testates,
781 2673 826 2726 si
849 2673 1192 2728 continentia
1223 2674 1502 2737 videlicet,
1542 2675 1693 2729 velut
1717 2683 1902 2729 sancta
1925 2684 2087 2744 atque

506 2756 816 2815 ﬁrmissima
861 2762 1083 2817 civitate
1143 2764 1368 2826 relicta,
1427 2763 1495 2818 ad
1541 2748 1726 2834 regem
1777 2763 2085 2834 Babylonis,

504 2848 600 2916 qui
645 2847 818 2920 ﬁgura
865 2860 948 2905 est
1004 2852 1254 2917 Satanae,
1294 2868 1395 2908 nos
1437 2853 1852 2909 contulerimus.
1900 2854 2087 2924 Itaque

507 2939 781 3008 liapsaces
807 2941 1034 3010 quidem
1086 2943 1370 3014 indulgere
1412 2945 1520 3000 illis
1549 2953 1876 3015 praesentem
1929 2947 2085 3001 volu-

507 3035 730 3095 ptatem,
758 3031 917 3100 eique
943 3047 1001 3087 se
1023 3033 1364 3104 adjecturum
1396 3035 1503 3104 2ο
1521 3021 1907 3105 pollicebatur,
1943 3037 1988 3092 si
2017 3037 2086 3092 ad

2181 505 2276 550 τος
2301 487 2409 557 γὰρ
2438 488 2530 539 καὶ
2559 488 2616 538 ἐν
2641 489 2772 557 ἡμῖν
2800 487 2984 549 αὐτοῖς
3013 486 3358 557 ἐρῤιζωμένη
3399 489 3495 541 καὶ
3530 490 3766 558 μένουσα

2182 579 2280 648 τῆς
2313 579 2514 649 σαρκὸς
2559 580 2591 648 ἡ
2623 577 2904 647 ἐπιθυμία,
2939 578 3104 648 νόμον
3144 578 3199 630 δὲ
3247 579 3418 652 αὐτὴν
3465 581 3764 652 ἁμαρτίας,

2183 669 2326 722 καὶὸ
2359 669 2500 733 θεῖος
2549 671 2682 740 ἡμῖν
2725 667 2976 739 ὠνόμαζε
3027 667 3259 733 Παῦλος,
3308 671 3618 725 ἐνοικοῦντα
3653 676 3766 738 τοῖς

2188 762 2372 830 μέλεσι
2413 763 2511 832 τῆς
2539 761 2762 832 σαρκός.
2794 761 3027 832 Τέρψεις
3077 760 3135 814 δέ
3177 762 3271 815 καὶ
3315 763 3498 834 ἡδοναὶ
3531 763 3767 836 θύραθέν

2185 869 2242 904 τε
2272 854 2366 907 καὶ
2402 854 2877 922 είσπεποιημέναι,
2908 852 2977 906 τά
3007 853 3075 906 δι’
3095 853 3380 925 ὀμμάτων.
3415 857 3766 928 Θαυμάζεται

2184 944 2293 1015 γὰρ
2333 943 2403 998 τὰ
2434 946 2499 997 ἐκ
2540 943 2772 996 πλούτου
2801 943 2866 996 δι’
2899 942 3218 1014 ὀφθαλμῶν,
3266 945 3364 998 καὶ
3413 947 3521 1018 μὴν
3546 948 3640 1001 καὶ
3672 950 3766 1003 εὑ-

2188 1032 2420 1102 ιματίαι,
2455 1032 2549 1085 καὶ
2579 1033 2646 1086 τὰ
2676 1028 2756 1096 οἷς
2788 1031 2852 1086 ἂν
2881 1035 3231 1104 προσκέοιντό
3258 1053 3424 1100 τινες,
3449 1037 3524 1100 ὡς
3544 1039 3766 1110 ἡδίστην
3795 1051 3805 1057 ’

2183 1123 2360 1193 ἔχοιεν
2414 1123 2514 1194 τὴν
2562 1123 2879 1188 ἀπόλαυσιν,
2935 1123 3118 1194 ψῆφον
3174 1125 3356 1190 αὐτοῖς
3411 1127 3512 1180 οὐκ
3561 1129 3764 1198 ἀγεννῆ

2183 1212 2531 1283 δωρούμενοι.
2583 1215 2813 1277 Οὐκοῦν,
2856 1215 3097 1285 ἄμπελος
3153 1217 3250 1286 μὲν
3307 1218 3401 1270 καὶ
3457 1219 3621 1289 συκῆ,
3662 1221 3765 1290 τῆς

2186 1303 2382 1369 ἔξωθέν
2418 1322 2472 1356 τε
2497 1303 2589 1356 καὶ
2610 1307 3070 1376 εἰσπεποιημὲνης
3093 1306 3334 1378 τέριῷεῲς
3356 1325 3414 1361 τε
3439 1311 3530 1364 καὶ
3550 1311 3764 1382 τρυφῆς

2187 1390 2297 1448 εἶεν
2323 1395 2388 1448 ἂν
2417 1396 2496 1457 είς
2525 1394 2694 1449 τύπον
2721 1396 2857 1467 ὁμοῦ
2892 1397 3002 1451 τῶν
3031 1400 3089 1452 ἐν
3117 1399 3307 1472 κόσμῳ
3337 1401 3674 1472 πραγμάτων
3702 1402 3766 1458 τί)

2185 1486 2518 1556 πρόσκαιρον
2569 1505 2628 1538 τε
2683 1488 2776 1541 καὶ
2827 1488 3168 1560 εύμάραντον
3227 1491 3457 1553 ἀστείως
3513 1492 3764 1548 καταδειο

2184 1573 2465 1640 κνύουσαι,
2505 1576 2598 1629 καὶ
2627 1576 2726 1629 σὺν
2757 1575 2896 1646 τῷδε
2950 1578 3011 1631 τὺ
3048 1578 3219 1647 γλυκὺ
3250 1579 3387 1649 μετά
3417 1580 3510 1652 τοῦ
3539 1582 3764 1637 σκοτοῦν

2185 1667 2454 1732 εἰωθότος.
2491 1668 2533 1721 Τ
2538 1670 2682 1740 ρυφὴ
2715 1669 2813 1739 μὲν
2845 1670 2955 1742 γάρ
2983 1672 3169 1726 ἅπασα
3203 1673 3460 1745 κοσμικὴ.
3505 1674 3762 1744 γλυκεῖαν

1288 1768 1492 1820 etenim
1524 1767 1811 1823 mundana,
1833 1765 2082 1833 voluptas

2191 1760 2284 1830 μὲν
2315 1759 2427 1829 ἔχει
2470 1759 2569 1830 τὴν
2604 1761 2914 1831 παραυτίκα
2949 1763 3186 1834 μέθεξιν,
3234 1769 3414 1818 σκοτεί
3450 1766 3507 1820 δέ
3542 1765 3606 1836 δὴ
3639 1766 3762 1818 λίαν

2183 1852 2278 1906 καὶ
2346 1851 2678 1923 ἐκμεθύσκει
2746 1853 2934 1917 δεινῶς
2980 1854 3072 1907 τὸν
3123 1854 3520 1924 είσδεδεγμένον
3567 1855 3762 1924 αὑτήν.

2183 1938 2360 1994 Είκὼν
2387 1939 2442 1993 δέ
2468 1941 2497 1992 ὁ
2523 1939 2722 2004 λάκκος
2743 1940 2850 1993 τῶν
2875 1941 3130 2011 ἐμφύτων
3151 1959 3210 1996 τε
3243 1941 3336 1996 καὶ
3360 1943 3416 1994 ἐν
3443 1943 3572 2012 ἡμῖν
3600 1960 3761 2014 κινη-

2187 2031 2390 2101 μάτων.
2424 2033 2498 2083 Ub
2529 2031 2636 2102 γὰρ
2666 2031 3045 2104 εἰσπεποίηται
3083 2033 3242 2088 ταυτὶ
3270 2031 3522 2106 καθάπερ
3553 2034 3762 2098 ἐκεῖνα,

2187 2123 2422 2194 πηγάςει
2446 2124 2502 2176 δὲ
2533 2125 2680 2178 ὥσπε
2690 2142 2720 2195 ρ
2743 2127 2798 2178 ἐν
2823 2126 2978 2195 ἡμῖν,
3003 2126 3061 2191 ἐξ
3083 2124 3255 2195 αὐτῆς
3278 2124 3618 2196 ἀναϐρύοντα
3661 2127 3765 2196 τῆς

2189 2217 2407 2286 σαρκός.
2453 2216 2670 2270 Τούτων
2711 2213 2802 2272 οὖν
2835 2218 3091 2271 ἁπάντων
3136 2217 3378 2286 φυσικῶν
3431 2234 3492 2270 τε
3531 2217 3626 2271 καὶ
3665 2219 3766 2271 ἐπ-

2187 2306 2389 2371 ακτῶν,
2422 2306 2710 2378 ἐλευθέραν
2734 2308 2864 2376 ἡμῖν
2884 2307 2984 2376 τὴν
3009 2305 3238 2376 μέθεξιν,
3267 2306 3360 2358 καὶ
3387 2305 3647 2358 πλατεῖαν
3671 2323 3765 2359 κο-

2191 2398 2316 2468 μιδῇ
2349 2397 2447 2469 τὴν
2489 2397 2807 2462 ἀπόλαυσιν,
2861 2397 3076 2450 ἔσεσθαί
3123 2413 3283 2466 φασιν
3313 2399 3368 2450 αί
3402 2399 3634 2467 πονηραὶ
3670 2397 3764 2449 δυ-

2187 2489 2400 2559 νάμεις,
2433 2491 2484 2542 εί
2515 2488 2764 2562 καθάπερ
2788 2488 2947 2557 ἁγίαν
2971 2489 3065 2541 καὶ
3091 2489 3481 2544 ἀκατάσειστον
3518 2491 3720 2544 καταλε
3737 2520 3756 2529 ο

2188 2577 2434 2643 λοιπότες
2481 2577 2656 2643 πόλιν,
2702 2579 2800 2651 τὴν
2857 2579 3204 2650 ἐγκράτειαν,
3268 2582 3764 2653 προσχωρήσαιμεν

2187 2667 2266 2740 τῷ
2310 2668 2520 2738 βασιλεῖ
2567 2669 2906 2736 Βαϐυλῶνος,
2941 2670 2999 2734 ὃς
3038 2665 3106 2742 ἦν
3132 2673 3190 2724 ἐν
3211 2671 3367 2742 τύπῳ
3399 2672 3492 2726 τοῦ
3525 2673 3762 2728 Σατανᾶ.

2202 2759 2340 2814 Ἀλλ’
2369 2763 2397 2815 δ
2423 2762 2520 2832 μὲν
2559 2762 2862 2834 Ῥαψάκης,
2889 2762 2951 2816 τὸ
2980 2764 3292 2835 παραυτίκα
3326 2765 3575 2836 τερπνὸν,
3616 2767 3766 2819 ἀνεῖ-

2190 2853 2276 2906 ναί
2305 2870 2366 2906 τε
2419 2853 2600 2917 αὐτοῖς
2637 2855 2732 2908 καὶ
2778 2854 3062 2908 ἐπιδώσειν
3109 2856 3477 2926 ἐπηγγέλλετο
3523 2874 3763 2929 προσκε-

2191 2945 2469 3017 χωρηκόσι
2521 2948 2637 3010 τοῖς
2686 2945 3067 3011 Βαϐυλωνίοις.
3127 2948 3189 3001 Ol
3233 2949 3290 3003 δέ
3335 2950 3434 3004 οὐκ
3486 2950 3767 3004 ἐπείθοντο

2191 3037 2514 3108 φρονοῦντες
2567 3037 2760 3110 ὀρθῶς,
2826 3039 3016 3108 ἕψεται
3064 3040 3172 3113 γάρ
3216 3042 3434 3106 πάντως
3470 3041 3548 3113 τῷ
3585 3041 3766 3095 θέλειν

506 3119 831 3192 Babylonios
849 3103 1180 3180 defecissent
1206 3125 1299 3179 :‘at
1315 3125 1393 3180 illi
1419 3103 1544 3181 cum
1561 3137 1836 3198 saperent,
1860 3128 2082 3184 minime

2191 3103 2404 3184 ἐλέσθαι
2429 3128 2500 3184 τὰ
2517 3103 2775 3202 κοσμικά,
2805 3103 3091 3203 ἰδ-χρῆναί
3117 3103 3304 3199 πεσεῖν
3333 3103 3427 3201 είς-
3440 3103 3763 3207 ἀνεθέλητον

504 3205 559 3260 id
585 3209 690 3263 sibi
729 3211 1048 3280 persuaderi
1073 3213 1217 3282 passi
1252 3223 1399 3268 sunt.
1441 3213 1543 3280 Qui
1584 3216 1733 3270 enim
1780 3216 2087 3274 mundanas

2191 3220 2458 3285 δουλείαν,
2491 3222 2586 3275 καὶ
2613 3224 2669 3275 ἐν
2693 3222 3040 3293 δορυκτήτων
3071 3225 3321 3293 γενέσθαι
3342 3226 3510 3294 τάξει.

505 3302 810 3372 voluptates
841 3305 1030 3362 volens
1075 3316 1337 3372 sectatur,
1404 3323 1528 3362 eum
1568 3309 1654 3363 vel
1695 3311 1972 3366 nolentem
2019 3321 2240 3382 oportet
2277 3315 2333 3369 in
2374 3315 2693 3371 servitutem
2733 3315 2996 3384 incidere,
3036 3327 3093 3373 et
3156 3319 3212 3374 in
3251 3321 3592 3390 captivorum
3654 3337 3766 3377 nu-

504 3409 658 3450 mero
689 3399 923 3454 censeri.

575 3489 771 3547 PALL.
805 3491 948 3547 Vera
969 3491 1126 3547 dicis.
1165 3492 1273 3548 Sed
1303 3493 1407 3548 hoc
1440 3493 1575 3548 mihi
1606 3494 1814 3549 dictum
1873 3497 2040 3550 velim
2063 3537 2078 3561 ,

503 3581 778 3654 quomodo
807 3582 873 3637 de
898 3583 1064 3637 tantis
1089 3583 1250 3636 malis
1275 3583 1416 3652 eripi
1435 3584 1726 3653 possimus.

575 3671 735 3726 CYR.
771 3670 1018 3736 Quonam
1049 3671 1158 3724 alio
1189 3670 1374 3735 modo,
1403 3671 1511 3725 nisi
1532 3672 1609 3726 illi
1642 3674 1814 3742 priori
1868 3685 2085 3730 contra-

510 3761 626 3814 rio?
648 3761 784 3814 Nam
819 3775 943 3813 cum
974 3768 1290 3814 nostrarum
1314 3761 1658 3816 voluntatum
1693 3765 1986 3818 momentis
2015 3765 2084 3819 ad

507 3849 677 3902 vitam
717 3849 953 3918 turpiter
1004 3848 1269 3918 agendam
1310 3849 1804 3919 propenderemus,
1845 3861 1900 3906 et
1941 3853 2085 3908 illam

511 3940 764 4008 perfectae
801 3939 925 3992 vitae
949 3938 1276 4009 elegantiam
1327 3939 1736 4010 abjecissemus,
1771 3943 1840 3997 ad
1873 3944 2088 4013 ignobi-

511 4031 617 4083 lem
649 4043 712 4082 ac
738 4027 992 4082 servilem
1017 4026 1262 4082 animum
1288 4027 1529 4098 prolapsi
1555 4044 1764 4096 sumus,
1807 4046 1933 4087 cum
1973 4035 2085 4088 sola

509 4134 574 4173 ea
608 4133 729 4188 qua:
757 4133 922 4188 super
953 4127 1157 4174 terram
1195 4127 1322 4174 sunt
1365 4134 1718 4189 saperemus,
1759 4131 1922 4194 atque
1965 4141 2084 4178 om-

511 4211 674 4265 nibus
723 4210 903 4266 modis
957 4211 1138 4265 carnis
1194 4211 1572 4282 voluptatibus
1615 4213 2076 4270 incumberemus.

510 4303 696 4372 itaque
715 4302 976 4372 permisit
1017 4303 1161 4357 Deus
1204 4312 1263 4357 ut
1295 4303 1351 4356 in
1385 4304 1684 4372 reprobum
1733 4322 1952 4362 sensum
1981 4308 2078 4362 de-

512 4393 839 4447 laberemur.

2261 3494 2466 3550 ΠΑΛΛ.
2520 3494 2781 3566 ’Δτρεκὴς
2810 3496 2839 3547 ὁ
2857 3495 3033 3564 λόγος.
3059 3495 3155 3562 Τίς
3174 3497 3219 3550 δ’
3243 3498 3308 3553 ἂν
3325 3499 3532 3566 γένοιτο
3554 3502 3767 3558 τούτων

2187 3590 2221 3658 ὴ
2253 3587 2423 3650 λύσις,
2452 3587 2528 3650 ὡς
2558 3588 2751 3657 ἥδιστα
2781 3588 2850 3641 ἂν
2875 3588 3118 3660 ἐρομένῳ
3151 3591 3372 3660 φράσον.

2259 3680 2424 3736 ΚΥΡ.
2465 3678 2562 3742 Τίς
2588 3679 2636 3732 δ’
2661 3679 2726 3732 ἂν
2756 3679 2916 3750 ἑτέρα
2948 3679 3098 3752 παρά
3122 3681 3220 3752 τὴν
3250 3681 3504 3748 ἐναντίως
3534 3683 3770 3754 ἔχουσαν

2189 3769 2254 3840 τῇ
2291 3768 2482 3841 πρώτῃ
2522 3767 2617 3821 καὶ
2657 3770 2715 3820 ἐν
2742 3770 2968 3838 ἁρχαῖς;
3015 3770 3233 3834 Ῥοπαῖς
3279 3771 3385 3842 γάρ
3436 3772 3580 3826 ίδίων
3627 3775 3771 3828 ἀπο-

2191 3859 2436 3921 νεύοντες
2465 3857 2806 3926 θελημάτων,
2849 3859 2942 3909 ἐπὶ
2971 3858 3030 3912 τὸ
3079 3858 3228 3927 βιοῦν
3265 3861 3468 3915 ἐθέλειν
3496 3865 3769 3935 αίσχρῶς,

2191 3952 2283 4004 καὶ
2314 3951 2412 4019 τῆς
2453 3949 2755 4018 ἀμωμήτου
2798 3949 3071 4012 πολιτείας
3114 3950 3212 4021 τὴν
3258 3952 3577 4025 ἀστειὸτητα
3621 3977 3774 4032 παρ.

2187 4039 2511 4109 ωθούμενοι,
2549 4038 2685 4109 πρὸς
2710 4040 2910 4109 ἀγεννῆ
2935 4041 3030 4093 καὶ
3060 4041 3436 4117 ἀνδραποδώδη
3466 4048 3770 4105 πεπτώκαο

2189 4145 2287 4198 μεν
2319 4127 2464 4192 νοῦν,
2499 4127 2635 4202 μόνα
2663 4127 2984 4198 φρονοῦντες
3007 4130 3076 4186 τά
3107 4133 3199 4185 ἐπὶ
3223 4133 3320 4204 τῆς
3343 4135 3468 4205 γῆς,
3502 4138 3598 4191 καὶ
3637 4144 3768 4205 ταῖς

2187 4223 2283 4290 τῆς
2340 4219 2538 4292 σαρκὸς
2588 4219 2800 4290 ἡδοναῖς
2850 4221 3159 4292 ὁλοτρόπως
3184 4224 3512 4295 ἐγκείμενοι.
3541 4227 3767 4304 Ταύτῃ..

2185 4328 2268 4365 τοι
2295 4309 2480 4367 λοιπὸν
2510 4312 2605 4366 καὶ
2629 4311 2962 4372 κατολισθείν
2992 4315 3139 4384 ἡμᾶς
3167 4316 3316 4386 ἠφίει
3351 4317 3504 4382 Θεὸς,
3539 4322 3617 4383 είς
3636 4321 3768 4376 ἀδό-

2187 4419 2243 4454 κι
2249 4417 2347 4470 μον
2373 4400 2518 4454 νοῦν.

578 4483 775 4536 PALL.
809 4481 1097 4536 Contrario
1131 4481 1297 4553 igitur
1323 4498 1486 4539 cursu
1515 4485 1675 4541 nobis
1703 4495 1789 4541 est
1807 4485 1876 4542 ad
1905 4487 2079 4540 virtu-

2258 4488 2466 4548 ΠΑἈΛ.
2507 4493 2898 4564 Παλινδρομεῖν
2927 4488 3022 4547 οὖν
3047 4495 3154 4565 ἄρα
3195 4495 3330 4566 πρὸς
3351 4497 3550 4568 ἀρετὴν
3585 4500 3760 4570 ἀναγ-

442 4625 446 4630 .
507 4580 620 4627 tem
642 4571 1014 4627 -remeandum
1038 4573 1062 4626 ?

578 4663 734 4718 CYR.
772 4665 840 4720 Et
867 4664 1092 4734 quidem
1121 4665 1271 4721 nulla
1298 4666 1621 4736 interposita
1652 4683 1826 4732 mora,
1851 4667 2078 4730 Palladi,

510 4754 583 4810 ita
628 4763 688 4809 ut
720 4755 880 4810 nobis
921 4754 1255 4810 mundanam
1305 4756 1447 4811 hanc
1481 4757 1648 4811 vitam
1685 4772 1796 4812 non
1829 4772 1950 4811 esse
1982 4771 2077 4809 cx-

506 4845 799 4914 petendam
832 4845 1117 4911 ducamus,
1135 4847 1289 4916 juxta
1321 4845 1455 4900 illud
1477 4886 1491 4908 ,
1532 4846 1680 4914 quod
1719 4855 1806 4902 est
1846 4863 1878 4902 a
1911 4847 2079 4902 Paulo

507 4938 765 5004 praeclare
789 4937 1030 4994 dictum:
1067 4957 1086 4988 ‹
1115 4937 1314 4992 Mortui
1331 4937 1477 4992 enim
1506 4937 1662 5001 estis,
1680 4947 1737 4992 et
1763 4939 1874 4994 vita
1899 4948 2078 4993 vestra

506 5026 827 5081 abscondita
854 5037 940 5082 est
975 5043 1101 5082 cum
1122 5027 1343 5082 Christo
1375 5027 1430 5079 in
1460 5026 1573 5079 Deo
1605 5027 1670 5078 δ’.
1707 5045 1726 5077 ι
1758 5027 1864 5080 Sed
1895 5028 2079 5096 potius

505 5131 574 5170 eo
601 5115 875 5172 desiderio
908 5119 1218 5182 ardeamus,
1250 5131 1452 5170 nomen
1484 5123 1547 5168 ut
1573 5124 1819 5169 nostrum
1841 5117 1896 5170 in
1923 5118 2078 5172 caelis

505 5207 868 5274 describatur,
896 5209 1242 5280 patriamque
1290 5213 1534 5258 nostram
1597 5215 1762 5274 atque
1797 5206 2074 5263 civitatem

497 5301 651 5362 illam
669 5318 961 5373 supernam
976 5299 1334 5361 aestimemus,
1352 5296 1761 5366 clamemusque
1781 5297 1848 5352 ad
1865 5299 2034 5354 Deum
2057 5321 2070 5356 :

2191 4592 2342 4642 καῖον
2361 4607 2378 4655 ;

2257 4679 2419 4736 ΚΥΡ.
2473 4679 2729 4751 Ἀμελητί
2760 4696 2845 4748 γε.
2867 4672 2912 4732 ὧ
2941 4681 3059 4745 τᾶν,
3084 4680 3185 4733 οὐκ
3214 4681 3530 4750 ἐφιεμένους
3549 4682 3627 4737 ἐτι
3650 4685 3763 4755 τῆς

2185 4774 2243 4827 ἐν
2272 4772 2463 4841 κόσμῳ
2486 4771 2650 4841 ζωῆς,
2681 4769 2802 4824 κατ’
2824 4771 3002 4824 ἐκεῖνό
3033 4787 3136 4823 που
3175 4771 3388 4834 πάντως
3423 4771 3486 4830 τὸ
3519 4773 3605 4828 διά
3651 4775 3763 4846 τῆς

2183 4862 2276 4914 τοῦ
2315 4861 2527 4915 Παύλου
2565 4862 2746 4932 φωνῆς
2783 4860 3069 4932 εἰρημένον
3114 4861 3308 4934 ὀρθῶς
3355 4879 3373 4913 ι
3430 4864 3761 4921 ’Δπεθάνετε

2183 4947 2312 5018 γὰρ,
2337 4950 2432 5004 καὶ
2465 4953 2498 5021 ἡ
2535 4949 2647 5022 ζωὴ
2691 4953 2844 5022 ὑμῶν
2867 4954 3172 5024 κέκρυπται
3205 4955 3301 5007 σῦν
3337 4956 3556 5026 Χριστῷ
3584 4959 3640 5009 ἐν
3672 4959 3764 5029 τῷ

2182 5037 2319 5108 Θειῖῑ.
2360 5057 2376 5090 ι
2406 5039 2774 5110 Δεδιψηκότας
2809 5042 2865 5096 δὲ
2896 5043 3092 5112 μᾶλλον
3120 5043 3216 5113 τὴν
3258 5045 3313 5097 ἐν
3337 5045 3582 5114 οὐρανοῖς
3612 5047 3762 5099 ἀπο-

2181 5125 2416 5196 γραφὴν,
2487 5128 2581 5181 καὶ
2629 5131 2789 5182 οἱονεὶ
2844 5131 3074 5202 πατρίδα
3124 5132 3219 5185 καὶ
3278 5131 3431 5186 πόλιν
3494 5133 3593 5205 τὴν
3639 5136 3760 5190 ἄνω

2184 5220 2603 5296 πεποιημένους,
2657 5223 2751 5275 καὶ
2796 5223 3238 5294 ἁνακεκραγότας
3292 5220 3350 5277 εὖ
3413 5224 3556 5294 μάλα
3614 5228 3764 5296 πρὸς

2181 5305 2331 5360 Θεόν·
2374 5326 2392 5359 ι
2431 5308 2590 5373 Ἀνες
2621 5328 2709 5380 μοι
2744 5312 2825 5364 ὅτι
2853 5313 3110 5383 πάροικος
3144 5311 3254 5380 ἐγὼ
3291 5313 3404 5382 εἰμι
3444 5313 3502 5366 ἐν
3542 5316 3605 5385 τῇ
3653 5317 3757 5384 τῇ,

513 5414 531 5446 ι
563 5397 801 5452 Remitte
826 5395 983 5459 mihi,
1030 5392 1160 5462 quia
1185 5389 1394 5444 advena
1427 5404 1529 5459 ego
1577 5405 1698 5444 sum
1731 5391 1784 5446 in
1822 5403 1984 5457 terra,
2017 5406 2072 5450 et

2191 5399 2271 5451 ιιαὶ
2311 5401 2712 5470 παρεπίδημος,
2747 5401 2927 5466 καθὼς
2961 5403 3160 5466 πάντες
3197 5404 3248 5455 οί
3279 5402 3509 5474 πατέρες
3550 5421 3677 5473 μου.
3733 5426 3752 5456 ι

506 5491 846 5560 peregrinus,
873 5487 1017 5542 sicut
1053 5498 1244 5540 omnes
1271 5489 1454 5552 patres
1488 5483 1594 5539 mei
1621 5485 1686 5539 ⁸³.
1732 5506 1750 5537 ›
1811 5485 1943 5540 Nam
1973 5489 2068 5557 qui

2189 5492 2246 5543 ’0
2281 5490 2389 5561 γάρ
2413 5507 2495 5543 τοι
2537 5492 2849 5562 περιπατῶν
2882 5494 2974 5547 ἐπὶ
3007 5494 3103 5564 τῆς
3137 5494 3256 5563 γῆς,
3294 5492 3387 5546 καὶ
3412 5493 3659 5565 λαμπρὸν
3690 5497 3762 5552 ἐν

578 5662 622 5690 ⁸⁸
650 5658 853 5714 l-loan.
896 5675 954 5725 ιι,
981 5659 1067 5714 ιο.
1143 5662 1185 5695 ⁸¹
1213 5662 1373 5718 Rom.
1401 5681 1496 5732 vn,
1537 5667 1624 5721 25.
1704 5670 1748 5700 "
1769 5667 1975 5723 Coloss.
2005 5685 2081 5736 ιιι,

2255 5671 2302 5702 η
2330 5669 2471 5724 Psal.
2505 5683 2724 5736 ικινιιι,
2757 5670 2841 5738 u,
2889 5671 2970 5724 ιδ.
