3998 6304
254 299 352 356 ωδ

1001 302 1088 358 DE
1126 300 1565 357 ADORATIONE
1602 302 1670 358 IN
1712 301 1979 358 SI'IRITU
2020 300 2106 356 ET
2149 301 2510 355 VERITATE.
2556 303 2681 357 LIB.
2727 304 2769 358 I.

3406 307 3508 366 106

249 417 496 487 οὐρανοῖς
524 418 584 471 τὸ
617 420 918 490 πολίτευμα
964 419 1103 491 ἔχων
1146 418 1407 490 πάροικός
1455 435 1515 472 τε
1554 418 1649 474 καὶ
1688 435 1828 489 παρ-

1956 435 1990 472 n
2032 419 2192 475 terris
2229 418 2494 483 ambulat,
2541 420 2855 489 praeclaram
2896 432 3078 479 autem
3132 426 3511 482 conversatio-

250 507 515 578 επίδημος
548 509 763 580 ἀληθῶς
793 510 855 574 ἐξ
877 510 1055 565 αὐτῶν
1090 510 1155 581 ἂν
1198 509 1424 574 εἰκότως
1456 509 1697 579 φαίνοιτο
1720 509 1827 561 τῶν

251 600 610 670 πραγμάτων.
632 601 740 654 Καὶ
776 601 906 670 γοῦν
952 599 1044 653 τοῦ
1071 600 1317 672 Σωτῆρος
1341 602 1368 653 ό
1396 599 1640 671 μαθητὴς
1670 597 1829 652 τοῦτο

256 691 527 745 ποιεῖσθαι
570 691 802 758 κελεύει,
848 694 945 747 καὶ
994 695 1142 764 ἡμᾶς
1186 693 1383 756 αὐτοὺς
1418 690 1645 762 αὔχημα
1673 707 1831 761 περιο

252 781 422 851 φανές
449 799 509 836 τε
553 784 650 838 καὶ
689 784 994 855 εὐπρεπὲς,
1034 785 1130 838 ὡδί
1170 802 1248 855 πη
1272 784 1467 853 λέγων’
1503 802 1522 836 ι
1565 783 1828 853 Ἀδελςροί,

253 871 556 942 παρακαλῶ
591 872 666 937 ὡς
703 873 997 945 παροίκους
1028 875 1122 928 καί
1163 873 1578 945 παρεπιδήμους
1628 873 1831 942 ἀπέχε-

256 961 377 1016 σθαι
398 961 509 1017 τῶν
539 963 817 1034 σαρκικῶν
854 952 1176 1035 ἐπιθυμιῶν,
1201 965 1403 1028 αἵτινες
1444 962 1832 1036 στρατεύονται

256 1052 396 1108 κατά
413 1055 514 1125 τῆς
532 1053 729 1127 ψυχῆς.
754 1073 774 1107 ι
1237 1103 1244 1117 ,

328 1143 539 1199 ΠΑΛΛ.
584 1140 651 1199 Ἀ
661 1146 709 1216 ρ’
732 1140 826 1200 οὗν
848 1143 1100 1215 ὰρκέσειε
1124 1142 1259 1216 πρὸς
1281 1142 1615 1215 κατόρθωσιν
1636 1142 1835 1216 ἀρετῆς

259 1236 293 1304 ὴ
328 1234 503 1288 τοιάδε
530 1234 789 1302 διάθεσις,
820 1235 884 1288 τὸ
909 1234 1209 1307 καταλῆξαί
1232 1253 1376 1307 φημι
1408 1235 1519 1292 τῶν
1558 1235 1833 1308 σαρκικῶν

261 1325 563 1398 ἰπιθυμιῶν
585 1343 600 1392 ;

335 1421 495 1474 K‘I‘P.
537 1420 600 1473 Et
628 1418 976 1491 προσγένοιτο
1006 1418 1186 1487 σοφῶς
1205 1420 1300 1475 καί
1325 1418 1396 1475 τὰ
1423 1420 1490 1473 ὲκ
1513 1419 1612 1490 τῆς
1644 1416 1836 1489 ἑτέρας

264 1510 583 1574 ἐπιεικείας,
617 1509 775 1580 δῆλον
791 1509 850 1564 δὲ
878 1509 961 1563 ὅτι
978 1510 1079 1581 τῆς
1103 1510 1507 1580 πνευματικῆςξ
1523 1509 1837 1578 Γέγραπται

265 1603 400 1674 γάρ’
435 1620 455 1654 ι
484 1602 721 1665 Πλατεῑα
739 1602 774 1671 ἠ
790 1600 975 1671 ἐντολή
997 1617 1091 1655 σου
1115 1602 1336 1673 σφόδρα.
1370 1619 1388 1654 ι
1427 1601 1498 1657 Ἢ
1523 1600 1640 1669 οὐχί
1661 1597 1837 1665 διττὸς

266 1690 323 1749 ι»)
346 1695 478 1765 ἡμῖν
501 1694 531 1746 ό
554 1692 850 1764 μολυσμὸς,
868 1691 1048 1763 ψυχῆς
1068 1709 1126 1747 τε
1147 1693 1244 1747 καίΙ
1263 1690 1513 1764 σώματος
1532 1708 1547 1757 ;
1569 1690 1835 1745 Ἔπεσθαι

1930 523 2055 563 nem
2088 509 2253 564 habet
2303 508 2357 563 in
2402 509 2577 573 caelis,
2608 510 2654 564 is
2687 509 2907 566 demum
2932 513 3142 569 advena
3178 524 3234 570 et
3265 515 3512 585 peregri-

1930 611 2034 651 nus
2057 612 2125 651 ex
2147 596 2281 667 ipsis
2306 597 2473 652 rebus
2502 598 2663 667 plane
2718 599 3127 669 comprobatur.
3168 604 3356 674 Itaque
3386 603 3510 660 Sal-

1928 688 2134 743 vatoris
2176 688 2351 745 nostri
2395 688 2699 759 discipulus
2751 690 2807 745 id
2880 699 3141 762 tanquam
3192 696 3513 762 praeclarum

1930 788 2095 851 atque
2121 780 2420 851 gloriosqu
2451 790 2644 852 putare
2667 797 2769 837 nos
2802 782 2951 853 ipsos
2973 783 3129 855 jubet
3162 783 3248 839 his
3278 786 3463 842 verbis
3496 805 3508 840 :

1939 888 1957 922 ι
1989 870 2228 936 Fratres,
2262 870 2512 937 obsecro,
2544 880 2799 942 tanquam
2831 873 3072 929 advenas
3099 881 3153 928 et
3171 875 3510 945 peregrinos,

1932 962 2208 1017 abstinere
2229 977 2328 1017 vos
2362 978 2395 1017 a
2421 962 2733 1020 carnalibus
2778 963 3071 1019 desideriis
3090 1005 3104 1031 ,
3135 979 3257 1035 quae
3278 964 3514 1023 militant

1933 1053 2198 1110 adversus
2219 1053 2459 1109 animam
2479 1053 2545 1108 “.
2579 1073 2599 1106 ι
3502 1070 3503 1073 η

2004 1145 2204 1202 PALL.
2244 1146 2385 1202 Num
2416 1146 2605 1218 igitur,
2653 1145 2734 1201 sic
2770 1138 3029 1201 atl‘eCtum
3070 1162 3215 1213 esse,
3254 1148 3309 1203 id
3343 1156 3448 1213 est,
3482 1163 3515 1204 a

1933 1237 2246 1293 carnalibus
2287 1237 2753 1308 concupiscentiis
2796 1239 3124 1305 cessavisse,
3151 1240 3286 1295 satis
3328 1250 3413 1297 est
3444 1240 3516 1297 ad

1933 1329 2198 1386 virtutem
2229 1329 2632 1400 praestandam?

1940 1426 1947 1431 ‘
2005 1419 2162 1476 CYB.
2182 1420 2467 1491 Siquidem
2484 1421 2601 1476 haec
2619 1435 2836 1491 quoque
2859 1421 3142 1491 sapienter
3160 1422 3513 1488 accesserint,

1935 1526 2058 1580 quae
2095 1511 2164 1567 ad
2211 1511 2359 1567 illam
2402 1513 2637 1568 alteram
2672 1526 2887 1567 morum
2942 1512 3294 1582 probitatem,
3350 1513 3517 1585 spiri-

1939 1602 2138 1657 tualem
2207 1618 2431 1674 nempe,
2489 1611 2760 1674 spectant.
2818 1602 3096 1673 Scriptum
3152 1613 3239 1660 est
3288 1605 3435 1661 enim
3499 1623 3515 1659 :

1946 1710 1964 1745 ι
1991 1692 2188 1749 Latum
2223 1693 2540 1749 mandatum
2566 1702 2723 1748 tuum
2748 1693 2916 1748 nimis
2941 1693 3009 1747 ⁸⁵.
3047 1714 3066 1746 ι
3111 1693 3292 1761 Quid?
3324 1695 3518 1750 Nonne

264 1763 653 1855 5335;710:th
690 1782 779 1847 ἂν,
810 1783 904 1838 καὶ
937 1782 1059 1841 λίαν
1108 1784 1355 1849 εἰκότως,
1394 1785 1508 1847 τοῖς
1544 1781 1836 1854 καταμιαί-

1952 1783 2141 1853 luplex
2177 1792 2261 1839 est
2305 1784 2362 1839 in
2412 1770 2574 1839 nobis
2628 1783 3131 1855 inquinamentum,
3175 1786 3390 1851 animae,
3429 1785 3517 1841 in-

266 1893 375 1930 νειν
407 1875 677 1941 εἰωθόσιν,
702 1872 933 1944 ἰσοπαλῆ
960 1891 1020 1929 τε
1045 1875 1140 1931 καὶ
1176 1873 1404 1946 ἰσουργὰ
1426 1875 1496 1931 τὰ
1516 1874 1837 1944 διασμήχειν

266 1967 510 2023 εἰωθότα.

334 2144 545 2199 ΠΑΛΛ.
601 2141 805 2214 Ὀρθῶς
830 2142 1005 2213 ἔφης-

335 2233 499 2288 ΚΥΡ.
544 2232 756 2305 ’Ὥσπερ
788 2228 881 2287 οὖν
914 2231 1107 2305 ἀμέλει
1143 2233 1318 2297 διττὸς
1344 2233 1373 2286 ό
1414 2232 1583 2305 ῥύπος
1612 2232 1840 2304 ψυχικός

266 2342 322 2380 τε
347 2326 441 2378 καὶ
486 2323 818 2395 σωματικὸς,
858 2321 1002 2377 οὕτω
1038 2324 1194 2395 καὶὴ
1234 2321 1590 2394 διακάθαρσις
1633 2322 1839 2394 ψυχική

265 2434 323 2473 τε
354 2419 449 2473 καὶ
484 2418 772 2489 σωματικὴ
815 2417 1011 2486 γένοιτ’
1064 2416 1131 2472 ἂν
1181 2417 1427 2482 εἰκότως.
1477 2417 1621 2487 Πλὴν
1649 2418 1729 2472 ὅτι
1779 2418 1842 2473 τὸ

264 2508 561 2580 παροικίαν
593 2507 864 2579 ἡγεῖσθαι,
893 2507 1067 2578 φιλεῖν
1094 2508 1193 2579 τὴν
1219 2509 1277 2562 ἐν
1315 2506 1506 2578 κόσμῳ
1531 2504 1699 2579 ζωὴν,
1728 2510 1842 2572 τοῖς

260 2599 393 2670 τῇδε
432 2596 797 2668 διακειμένοις
845 2598 944 2651 οὐκ
987 2595 1215 2667 ἀκερδὲς
1253 2593 1649 2666 ἀταλαιπώρως
1693 2596 1838 2663 ἰδεῖν,

260 2691 426 2762 εἴπερ
453 2690 627 2745 ἕλοιτό
648 2707 731 2754 τις
759 2691 943 2746 εἰκόνα
969 2689 1063 2745 τοῦ
1097 2689 1425 2761 πράγματος
1456 2688 1723 2745 ποιεῖσθαι
1752 2689 1843 2746 τὸν

276 2781 553 2852 Ἀϐραὰμ,
587 2782 722 2853 πρὸς
752 2779 812 2834 ὃν
840 2779 1055 2853 εἴρηται
1085 2782 1239 2853 παρὰ
1273 2780 1428 2836 Θεοῦ·
1465 2798 1486 2835 ι
1526 2779 1747 2847 Ἔξελθε
1779 2781 1844 2833 ὲκ

263 2875 367 2945 τῆς
398 2873 504 2944 γῆς
543 2890 637 2928 σου
670 2874 763 2927 καὶ
791 2874 856 2926 ὲκ
886 2875 982 2945 τῆς
1012 2872 1331 2942 συγγενείας
1380 2890 1497 2939 σου,
1527 2872 1622 2926 καὶ
1653 2875 1719 2926 ὲκ
1747 2869 1843 2926 τοῦ

263 2966 421 3019 οἰκου
452 2962 550 3018 τοῦ
580 2964 787 3037 πατρός
830 2980 945 3019 σου.
985 2964 1097 3017 Καὶ
1120 2963 1280 3035 δεῦρο
1307 2966 1387 3028 εἰς
1417 2963 1542 3034 γῆν,
1570 2964 1635 3036 ἢν
1666 2962 1732 3018 ἄν
1761 2979 1844 3016 σοι

264 3053 448 3121 δείξω,
480 3056 575 3109 καὶ
608 3055 820 3127 ποιήσω
860 3072 919 3109 σε
949 3055 1030 3120 εἰς
1051 3053 1203 3119 ἔθνος
1235 3053 1398 3126 μέγα,
1440 3053 1535 3108 καὶ
1567 3055 1845 3125 εὐλογήσω

269 3110 486 3210 σείκαί
536 3110 823 3217 μεγαλύνῶ
847 3147 906 3201 τὸ
930 3110 1100 3218 ὄνομα
1132 3110 1249 3215 cdo;
1280 3110 1504 3219 xtel'lan
1536 3110 1847 3218 εὐλογιλτὸς,
1874 3110 1917 3166 c

271 3238 368 3293 καὶ
391 3238 675 3310 εὐλογήσω
712 3239 841 3303 τούς
873 3222 1249 3308 εὐλογοῦντάς
1278 3256 1360 3306 σε,
1408 3239 1502 3294 καί
1537 3241 1663 3303 τοὺς
1720 3255 1853 3293 κατι

270 3333 591 3404 αρωμένους
610 3347 669 3385 σε
693 3329 1093 3401 καταράσομαι,
1115 3330 1210 3384 καί
1223 3329 1672 3402 εὐλογηθήσονται
1690 3331 1748 3384 ὲν
1769 3330 1853 3384 σοὶ

274 3426 445 3479 πᾶσαι
496 3426 554 3478 αἱ
593 3424 760 3494 φυλαὶ
782 3423 883 3495 τῆς
913 3424 1037 3494 γῆς.
1087 3443 1107 3478 ι
1136 3424 1330 3497 Συνίης
1355 3426 1503 3489 ὅπως
1532 3425 1634 3477 οὐκ
1659 3425 1724 3476 ὲκ
1747 3422 1852 3492 γῆς

270 3531 333 3568 τε
366 3515 459 3568 καὶ
484 3514 636 3568 οἴκου
671 3514 852 3585 μόνον.
886 3514 1022 3569 ἀλλὰ
1052 3514 1146 3570 καὶ
1174 3517 1240 3570 ὲκ
1265 3515 1364 3585 τῆς
1392 3516 1729 3584 συγγενείας,
1758 3513 1854 3567 καὶ

279 3606 387 3679 μὴν
414 3607 511 3661 καί
538 3609 603 3661 ὲκ
625 3605 720 3661 τοῦ
745 3605 894 3661 οἴκου
923 3605 1019 3660 τοῦ
1042 3606 1250 3678 πατρὸς
1271 3606 1527 3676 ἀπαίρειν
1549 3604 1851 3670 ἐκέλευσεν,

275 3700 430 3770 ἣκειν
459 3716 517 3752 τε
546 3699 629 3762 εἰς
656 3698 779 3769 γῆν,
803 3699 980 3769 ἥνπερ
1003 3698 1165 3762 αὐτὸς
1194 3697 1482 3767 ἐκδείξειεν
1506 3699 1536 3750 ό
1554 3695 1764 3761 καλῶν;

350 3790 558 3844 ΠΑΛΛ.
613 3788 773 3844 Ἀλλὰ
796 3788 850 3843 τί
879 3788 943 3860 δὴ
964 3786 1122 3843 τοῦτό
1149 3789 1329 3853 mw;

347 3881 512 3937 ΚΥΡ.
556 3877 693 3941 Εἶτά
721 3899 836 3946 πως
862 3883 966 3936 οὐκ
997 3880 1251 3954 ἐναργὲς,
1285 3881 1370 3935 ὅτι
1394 3879 1529 3934 Θεοῦ
1566 3878 1856 3944 καλοῦντος

284 3978 362 4040 εἰς
398 3973 780 4047 ἀκολούθησιν,
828 3974 985 4046 δῆλον
1012 3975 1069 4028 δὲ
1090 3975 1171 4028 ὃτι
1205 3974 1305 4045 τὴν
1341 3973 1735 4044 πνευματικὴν,
1762 3973 1858 4027 καὶ

282 4066 380 4137 τῆς
404 4067 463 4120 ὲν
485 4066 677 4137 κόσμῳ
698 4064 866 4136 ζωης,
899 4066 1045 4138 φημὶ
1070 4064 1128 4119 δὲ
1149 4065 1215 4136 δὴ
1237 4065 1398 4121 πάλιν
1425 4065 1530 4136 τῆς
1554 4066 1611 4119 ὲν
1643 4065 1858 4136 ἡδοναῖς

283 4158 378 4211 καὶ
419 4156 818 4228 φιλοσαρκίαις,
866 4155 960 4220 οὓς
1022 4156 1090 4213 ἂν
1135 4156 1311 4211 ἕλοιτο
1356 4158 1542 4228 τιμᾷν,
1605 4148 1859 4228 ἐξέρπειν

285 4248 582 4315 ἐθέλοντος,
613 4249 963 4320 ἀπόπληκτον
1006 4248 1225 4320 κομιδῇ,
1270 4248 1334 4303 τὸ
1391 4248 1641 4321 ἡγεῖσθαί
1679 4265 1735 4301 τι
1764 4246 1857 4301 τοῦ

288 4338 490 4392 τοιοῦδε
531 4338 792 4410 ἄμεινον;
825 4337 1281 4408 Καταλογιζέσθω
1308 4338 1418 4411 γὰρ
1455 4339 1529 4407 ὡς
1569 4339 1722 4393 οὐδὲν
1755 4355 1861 4393 πα·-

1936 1890 2121 1944 quam,
2155 1890 2218 1930 ae
2252 1874 2515 1946 spiritus?
2558 1875 2729 1947 Igitur
2772 1875 3151 1946 aequissimum
3184 1891 3304 1932 esse
3367 1875 3519 1931 arbi—

1938 1976 2053 2023 tror
2092 1975 2157 2022 ut
2190 1967 2260 2023 iis
2300 1983 2423 2038 quae
2455 1968 2747 2038 inquinare
2794 1969 2975 2024 solent
3010 1969 3237 2039 aequalia
3274 1985 3338 2025 ac
3366 1968 3521 2039 paria

1938 2058 2257 2124 succedant,
2289 2075 2411 2130 quae
2434 2059 2789 2131 abstergendi
2817 2059 2967 2117 vires
2994 2060 3250 2116 habeant.

2012 2149 2209 2205 PALL.
2240 2150 2411 2205 Recte
2440 2150 2600 2207 dicis.

2008 2239 2164 2296 ΟΥΕ.
2199 2240 2269 2296 Ut
2294 2241 2462 2312 igitur
2488 2241 2691 2312 duplex
2707 2252 2792 2298 est
2816 2243 3048 2307 macula,
3067 2241 3237 2298 animi
3254 2251 3310 2298 et
3328 2257 3523 2314 corpo-

1941 2329 2037 2394 ris,
2054 2331 2133 2386 sic
2148 2331 2278 2387 item
2295 2332 2672 2403 purgationem
2691 2335 2793 2404 21
2810 2334 2970 2389 aliam
2996 2333 3211 2400 animae,
3230 2334 3390 2389 aliam
3406 2350 3525 2389 cor-

1940 2421 2089 2491 poris
2105 2436 2246 2488 esse,
2273 2423 2855 2478 convenientissimum
2886 2433 2988 2480 est.
3012 2424 3282 2481 Caeterum
3312 2427 3417 2481 hoc
3438 2427 3523 2497 ip-

1942 2528 2083 2579 sum,
2111 2529 2307 2585 nempe
2328 2524 2652 2585 prmsentem
2675 2517 2844 2572 vitam
2889 2518 3187 2574 incolatum
3217 2529 3431 2590 putare,
3458 2520 3526 2576 iis

1941 2605 2035 2675 qui
2057 2604 2133 2660 ita
2155 2618 2284 2661 sunt
2309 2605 2512 2672 affecti,
2542 2623 2652 2663 non
2685 2624 2807 2665 esse
2831 2610 3048 2676 inutile,
3071 2611 3333 2681 perfacile
3349 2610 3524 2666 videri

1941 2704 2141 2766 potest,
2164 2697 2210 2752 si
2234 2698 2325 2753 cui
2361 2697 2633 2768 placuerit
2667 2698 2724 2755 in
2750 2698 3029 2757 Abraham
3062 2703 3183 2773 ejus
3215 2701 3295 2758 rei
3330 2702 3526 2773 imagi-

1942 2800 2068 2841 nem
2104 2785 2326 2853 intueri,
2366 2787 2455 2842 cui
2482 2787 2689 2844 dictum
2721 2804 2753 2843 a
2779 2789 2893 2845 Deo
2928 2797 3051 2847 est:
3095 2811 3113 2843 ι
3144 2791 3244 2847 Exi
3273 2791 3342 2847 de
3384 2800 3530 2850 terra

1943 2885 2056 2943 tua,
2081 2886 2138 2934 et
2164 2878 2233 2935 de
2274 2882 2598 2952 cognatione
2643 2895 2757 2952 tua,
2801 2893 2859 2941 et
2914 2884 3187 2951 de_domo
3217 2888 3389 2958 patris
3421 2886 3525 2955 tui;

1942 2979 1999 3024 et
2021 2970 2148 3027 veni
2195 2971 2252 3027 in
2308 2981 2508 3029 terram
2545 2990 2710 3046 quam
2746 2985 3123 3033 monstravero
3160 2978 3297 3043 tibi,
3335 2986 3391 3035 et
3444 2979 3526 3034 fa-

1948 3061 2088 3117 ciam
2127 3071 2178 3121 te
2207 3064 2264 3120 in
2302 3073 2521 3136 gentem
2556 3083 2832 3139 magnam,
2872 3075 2931 3124 et
2960 3068 3285 3124 benedicam
3314 3070 3435 3134 tibi,
3472 3077 3530 3126 et

1950 3154 2313 3225 magniﬁcabo
2367 3173 2571 3213 nomen
2601 3166 2778 3224 tuum,
2814 3168 2871 3215 et
2909 3159 3021 3217 eris
3070 3160 3430 3227 benedictus;
3475 3171 3531 3217 et

1950 3240 2272 3298 benedicam
2296 3244 2758 3303 benedicentibus
2805 3247 2940 3310 tibi,
2979 3255 3036 3303 et
3072 3246 3532 3304 maledicentibus

1954 3332 2055 3387 tibi
2090 3334 2454 3403 maledicam;
2489 3344 2547 3391 et
2580 3336 2986 3391 benedicentur
3034 3329 3090 3391 in
3134 3345 3187 3392 te
3216 3351 3408 3392 omnes
3437 3338 3534 3393 tri-

1951 3423 2056 3479 bus
2071 3430 2230 3479 terrae
2248 3424 2313 3477 ⁵⁸.
2355 3444 2374 3476 ι
2403 3424 2671 3496 Intelligis
2700 3425 2868 3497 igitur
2904 3426 3051 3498 quod
3084 3443 3194 3481 non
3216 3443 3284 3483 ex
3306 3436 3449 3483 terra
3477 3438 3535 3485 et

1951 3513 2117 3577 domo
2141 3513 2340 3579 solum,
2371 3514 2469 3571 sed
2495 3514 2662 3570 etiam
2689 3532 2759 3572 ex
2787 3515 3130 3587 cognatione,
3168 3526 3332 3590 atque
3392 3517 3531 3573 adeo

1951 3620 2019 3660 ex
2062 3604 2225 3660 domo
2264 3606 2437 3676 patris
2500 3606 2790 3665 discedere
2850 3608 3052 3682 jussit,
3115 3617 3172 3665 et
3229 3610 3419 3667 venire
3477 3611 3532 3667 in

1955 3706 2155 3756 terram
2183 3713 2345 3770 quam
2376 3699 2513 3770 ipse,
2551 3699 2646 3770 qui
2675 3701 2931 3768 vocabat,
2958 3701 3313 3760 ostenderet!

2022 3789 2221 3845 PALL.
2255 3789 2361 3846 Sed
2391 3790 2655 3862 quidnam
2688 3791 2795 3847 hoc
2826 3792 2932 3848 sibi
2958 3792 3113 3847 vult?

2021 3881 2179 3939 CYR.
2204 3883 2289 3939 An
2312 3900 2467 3951 vero,
2504 3898 2632 3940 cum
2667 3884 2814 3940 Deus
2849 3899 2951 3945 nos
2988 3884 3056 3944 ad
3095 3886 3437 3957 sequendum
3475 3903 3533 3943 se

1953 3982 2135 4041 vocet,
2183 3974 2330 4030 haud
2373 3974 2605 4031 dubium
2661 3976 2798 4046 quin
2846 3976 3212 4048 spiritualiter
3239 4019 3254 4045 ,
3298 3995 3534 4049 cumque

1952 4079 2049 4120 eos
2081 4079 2220 4135 quos
2246 4064 2327 4119 illi
2360 4064 2632 4122 honorare
2651 4065 2944 4136 placuerit,
2992 4081 3061 4120 ex
3089 4066 3367 4125 mundana
3396 4068 3531 4132 vita,

1954 4157 2313 4226 voluptuosa,
2366 4156 2622 4227 inquam,
2663 4163 2720 4211 et
2769 4155 2952 4212 carnis
2991 4156 3285 4212 desideriis
3327 4157 3533 4223 dedita,

1956 4248 2111 4305 exire
2146 4249 2300 4314 velit,
2330 4249 2518 4320 negari
2550 4256 2732 4319 potest
2759 4248 2893 4318 quin
2922 4256 3110 4317 aperte
3150 4248 3534 4304 stultissimum

1959 4340 2029 4395 sit
2059 4339 2341 4410 quidpiam
2369 4346 2565 4408 putare
2593 4337 2726 4392 huic
2764 4344 2931 4393 tantae
2973 4335 3054 4391 rei
3083 4352 3205 4392 esse
3241 4337 3536 4408 praeferen-

285 4430 402 4500 τρίς
438 4447 501 4485 τε
529 4431 625 4485 καί
656 4430 833 4500 γένος,
876 4432 972 4486 καὶ
1016 4425 1162 4495 οἶκος
1209 4430 1436 4501 πατρὸς,
1468 4431 1562 4489 καὶ
1591 4429 1700 4485 τῶν
1737 4430 1850 4483 ἐπι-

1962 4431 2133 4487 dum?
2161 4430 2277 4485 lmo
2302 4444 2433 4485 vero
2459 4444 2560 4499 pro
2598 4426 2773 4481 nihilo
2802 4427 3071 4482 habeatur
3100 4427 3305 4497 patria,
3341 4443 3533 4499 genus,

285 4521 447 4590 γείων
478 4523 514 4594 ὴ
556 4524 769 4593 κτῆσις.
797 4522 1085 4594 Τοιγάρτοι
1123 4524 1219 4576 καὶ
1260 4522 1423 4584 αὐτὸς
1448 4524 1478 4577 ὀ
1506 4523 1697 4594 Σωτὴρ
1724 4524 1850 4594 πρὸς

1964 4522 2160 4579 domus
2177 4524 2373 4591 patris,
2404 4519 2522 4589 ipsa
2550 4515 2790 4585 denique
2830 4524 3177 4571 terrenarum
3208 4531 3393 4571 rerum
3412 4532 3537 4587 pos-

284 4613 383 4684 τὴν
430 4614 554 4684 ἴσην
594 4617 740 4685 ἡμᾶς
772 4615 1024 4685 ἀνδρείαν
1060 4615 1263 4679 ἐκάλει,
1300 4614 1490 4682 λέγων’
1537 4632 1557 4667 ι
1603 4613 1661 4668 '0
1694 4614 1864 4683 φιλῶν

286 4706 504 4776 πατέρα
531 4706 564 4776 ἢ
592 4706 803 4778 μητέρα
833 4704 975 4777 ὑπὲρ
1003 4705 1124 4776 ἐμὲ,
1154 4706 1256 4758 οὐκ
1287 4703 1402 4758 ἔστι
1439 4721 1541 4776 μου
1571 4704 1737 4770 ἄξιος,
1771 4706 1867 4759 καὶ

285 4795 319 4846 ό
344 4793 514 4862 φιλῶν
565 4795 681 4849 υἱὸν
722 4794 756 4866 ἢ
801 4794 1077 4863 θυγατέρα
1120 4794 1261 4866 ὑπὲρ
1312 4796 1436 4866 ἐμὲ,
1470 4795 1570 4850 οὐκ
1615 4795 1732 4849 ἐστι
1765 4813 1868 4868 μου

285 4885 470 4951 ἄξιος·
507 4887 602 4939 καὶ
636 4886 697 4950 ὃς
736 4886 797 4939 οὐ
832 4871 1228 4955 λαμϐάνειτδν
1269 4885 1500 4957 σταυρὸν
1544 4887 1725 4953 αὐτοῦ,
1773 4886 1871 4941 καὶ

286 4976 575 5030 ἀκολουθεῖ
606 4977 783 5033 ὀπίσω
826 4994 953 5049 μου,
984 4978 1086 5031 οὐκ
1135 4976 1249 5032 ἔστι
1282 4995 1383 5049 μου
1418 4976 1587 5041 ἄξιος.
1633 4995 1652 5030 ι
1688 4979 1863 5047 Προσο

287 5066 456 5121 ετίθει
484 5067 577 5121 δέ’
618 5085 636 5120 ι
674 5067 785 5122 Καὶ
805 5069 915 5133 πᾶς
951 5069 1098 5132 ὅστις
1119 5068 1329 5140 ἀφῆκεν
1355 5066 1636 5135 ἀδελφοὺς,
1663 5066 1696 5137 ἢ
1720 5066 1871 5120 ἀδελ-

289 5156 419 5227 φὰς,
450 5159 485 5230 ἢ
521 5160 760 5231 πατέρα,
809 5160 845 5232 ἢ
889 5160 1122 5232 μητέρα,
1164 5158 1200 5229 ἢ
1249 5160 1502 5226 γυναῖκα,
1538 5156 1572 5228 ἦ
1604 5157 1790 5223 τέκνα,
1834 5157 1869 5228 ἢ

286 5250 517 5320 ἀγροὺς,
550 5249 584 5320 ἢ
610 5250 791 5315 οἰκίας
818 5250 982 5303 ἕνεκα
1001 5249 1095 5304 τοῦ
1120 5248 1384 5319 ὀνόματός
1410 5264 1533 5319 μου,
1564 5247 1867 5302 πολλαπλα-

286 5342 447 5396 σίονα
491 5342 747 5414 λήψεται,
783 5342 879 5398 καὶ
918 5341 1061 5413 ζωὴν
1112 5339 1330 5395 αἰώνιον
1384 5339 1801 5412 κληρονομήσει.
1844 5360 1864 5393 ι

290 5432 369 5487 ’Ἦ
401 5433 512 5505 γὰρ
536 5435 659 5505 οὐχὶ
694 5436 793 5508 τῆς
817 5436 897 5498 εἰς
921 5434 1090 5509 ἄκρον
1113 5431 1421 5495 εὐσθενειας
1441 5431 1543 5502 τῆς
1573 5433 1631 5485 ὲν
1651 5431 1870 5503 Χριστῷ

285 5527 591 5598 νοουμένης
635 5526 796 5597 ἔργον
823 5521 961 5581 εἶναι
1000 5526 1126 5596 φῂς,
1160 5524 1258 5596 τὴν
1303 5521 1444 5581 οὕτω
1475 5523 1735 5595 λαμπρὰν
1778 5526 1869 5579 καὶ

1961 4613 2153 4671 sessio.
2186 4612 2375 4682 Itaque
2403 4610 2571 4666 etiam
2605 4608 2722 4679 ipse
2761 4602 3011 4663 Salvatdr
3048 4608 3118 4664 ad
3162 4608 3402 4676 similem
3433 4607 3537 4664 no’s

1964 4705 2134 4762 animi
2153 4702 2530 4759 fortitudinem
2551 4701 2800 4767 vocabat,
2838 4700 3064 4756 dicens:
3096 4719 3114 4750 ι
3139 4699 3243 4766 Qui
3274 4708 3420 4754 amat
3442 4716 3539 4770 pa-

1969 4806 2109 4852 trem
2141 4803 2238 4850 aut
2256 4802 2489 4850 matrem
2508 4809 2676 4864 super
2707 4808 2815 4858 me,
2848 4808 2958 4847 non
2995 4798 3079 4845 est
3107 4805 3195 4844 me
3224 4788 3447 4861 dignus;
3484 4800 3538 4845 et

1967 4888 2063 4960 qui
2091 4894 2237 4943 amat
2263 4886 2435 4941 filium
2467 4894 2563 4941 aut
2604 4883 2769 4939 ﬁliam
2810 4899 2976 4954 super
3010 4898 3121 4946 me,
3160 4896 3270 4935 non
3313 4890 3397 4937 est
3451 4897 3540 4938 me

1965 4979 2192 5050 dignus;
2233 4983 2289 5032 et
2321 4976 2417 5047 qui
2450 4991 2559 5031 non
2588 4974 2789 5045 accipit
2811 4988 3033 5028 crucem
3063 4985 3241 5037 suam,
3268 4972 3537 5044 et'sequi-

1968 5078 2057 5125 tur
2084 5085 2192 5134 me,
2225 5084 2335 5123 non
2370 5076 2454 5123 est
2484 5082 2571 5121 me
2617 5065 2815 5135 dignus
2834 5064 2900 5115 ⁸⁷.
2942 5082 2960 5114 ι
3003 5061 3219 5134 Adjecit
3262 5062 3429 5118 etiam
3479 5062 3543 5117 il-

1968 5162 2063 5218 lud
2095 5180 2107 5214 :
2143 5181 2160 5213 ι
2183 5161 2251 5216 Ει
2272 5228 2276 5232 Α
2299 5159 2478 5216 omnis
2505 5157 2598 5227 qui
2628 5154 2902 5211 dimiserit
2937 5153 3156 5221 fratres,
3184 5162 3279 5210 aut
3304 5170 3540 5221 sorores,

1968 5261 2064 5309 aut
2103 5261 2337 5324 patrem,
2373 5259 2469 5305 aut
2501 5256 2756 5312 matrem,
2791 5256 2885 5301 aut
2939 5263 3188 5314 uxorem,
3235 5256 3329 5303 aut
3377 5247 3539 5311 ﬁlios,

1975 5354 2068 5401 aut
2094 5359 2271 5417 agros,
2302 5349 2397 5397 aut
2419 5340 2609 5396 domos
2625 5344 2850 5409 propter
2873 5354 3074 5395 nomen
3111 5353 3315 5401 meum,
3346 5344 3543 5393 centu-

1972 5436 2124 5507 plum
2172 5433 2440 5504 accipiet,
2483 5438 2540 5486 et
2584 5428 2752 5485 vitam
2800 5438 3060 5486 aeternam
3092 5426 3395 5500 possidebit
3413 5427 3481 5484 ⁸⁸.
3519 5445 3540 5480 ι

1973 5525 2153 5594 Quid?
2172 5525 2293 5586 Non
2313 5537 2540 5579 summae
2564 5520 2925 5589 fortitudinis,
2954 5522 3121 5588 illius,
3141 5521 3384 5591 inquam,
3424 5534 3549 5592 qua:

368 5713 413 5743 ”
446 5711 463 5765 I
506 5712 657 5765 Petr.
706 5726 765 5775 ιι,
806 5709 889 5763 il.
966 5708 1010 5740 ⁸³
1034 5705 1177 5761 Psal.
1216 5719 1396 5770 cxvm,
1423 5702 1511 5759 96.
1594 5701 1790 5760 “Gen.
1819 5720 1911 5771 xu,
1950 5705 2097 5759 I-5.‘
2166 5707 2208 5738 ⁸⁷
2256 5707 2447 5763 Matth.
2496 5723 2551 5777 τ,
2591 5706 2680 5775 57,
2707 5708 2795 5763 38.
2874 5710 2918 5743 "
2950 5705 3138 5761 Matth.
3180 5699 3290 5772 in,
3317 5703 3408 5761 29.
