3998 6304
476 225 578 281 107

1496 220 1550 275 S.
1596 220 1870 276 CYRILLI
1910 218 2374 273 ALEXANDlllNl
2417 220 2731 276 ARCHIEP.
3625 221 3716 276 168

475 341 529 392 in
554 335 771 391 Christo
797 342 899 397 cst,
941 347 1078 402 opus
1101 348 1220 388 esse
1249 333 1547 399 conﬁteris,
1579 334 1721 388 hanc
1746 332 1884 387 adeo
1909 348 2030 402 prae-

2153 334 2442 402 περίοπτον
2479 335 2750 402 ἀνδρείαν,
2783 340 2816 407 ἢ
2848 338 2976 410 παρ’
3007 337 3156 390 οὐδὲν
3186 338 3402 409 ἡγεῖται
3437 339 3622 402 ταυτί;
3665 343 3719 394 τὸ

473 431 701 491 claram,
741 434 1148 497 spectatamque
1193 424 1472 490 virtutem,
1507 442 1630 495 qua:
1649 425 1809 479 nihili
1849 425 2023 495 penda

2150 425 2204 475 δὲ
2229 425 2337 477 δεῖν
2366 424 2593 478 ἕπεσθαι
2621 426 2696 496 τῷ
2722 429 2940 498 Χριστῷ
2973 431 3206 482 ποιεῖται
3240 433 3368 503 περὶ
3398 430 3617 487 πολλοῦ.

471 521 587 574 haec
625 519 843 583 omnia;
869 517 1024 586 sequi
1058 525 1238 570 autem
1266 516 1568 582 Christum,
1609 517 1832 587 plurimi
1852 517 2050 571 faciat?

541 607 736 663 PALL.
772 608 885 677 Ego
912 622 1044 660 vero
1079 607 1273 672 fateor,
1309 623 1433 662 nam
1467 615 1523 662 ct
1551 609 1619 662 ab
1649 609 1738 662 illa
1783 618 2046 678 praestan-

473 699 682 753 tissima
716 714 810 767 spe
833 739 846 762 ,
881 704 939 752 et
971 714 1001 753 a
1035 698 1380 769 jucunditate
1410 715 1532 769 qua
1576 708 1660 754 est
1708 699 1762 752 in
1805 699 2044 763 Christo,

470 789 815 853 exciderunt,
847 789 940 858 qui
967 789 1179 854 venire,
1223 804 1346 844 cum
1377 790 1446 843 ad
1481 791 1700 860 nuptias
1728 798 1911 845 essent
1949 805 2045 844 vo—

359 865 365 876 ’
470 879 599 941 cati,
633 887 956 933 renuerunt.
993 880 1072 933 Ex
1112 879 1316 948 quibus
1358 896 1502 935 unus
1531 881 1670 934 dixit
1705 899 1718 934 :
1761 899 1777 931 ι
1811 881 2046 936 Uxorem

469 967 621 1030 duxi,
656 975 713 1022 et
740 984 850 1021 non
875 983 1098 1038 possum
1143 969 1335 1024 venire
1355 971 1421 1023 ⁸⁸.
1453 989 1471 1019 ι
1508 970 1662 1024 Alter
1685 985 1818 1025 vero
1855 986 2046 1040 agrum

469 1061 739 1116 coemisse
773 1076 898 1115 cum
931 1061 1163 1126 diceret,
1194 1061 1392 1117 divinae
1411 1062 1686 1117 vocationi
1729 1061 2048 1132 temporalia

468 1154 712 1222 praetulit
734 1155 778 1185 θ’

537 1241 695 1298 CYR.
737 1243 1004 1298 Praeclare
1037 1258 1188 1310 sane,
1214 1244 1440 1300 Palladi.
1469 1242 1727 1299 Oblectas
1751 1245 1898 1298 enim
1924 1259 2043 1309 nos,

467 1349 593 1387 cum
611 1333 828 1389 veritati
847 1342 1213 1390 consentanea
1242 1333 1402 1399 dicis,
1429 1343 1485 1390 et
1504 1333 1835 1405 22ingenii
1856 1334 2048 1389 alacri-

468 1431 577 1478 tate
607 1425 906 1494 praacurris
931 1424 998 1479 ad
1029 1434 1232 1480 nostrae
1253 1426 1518 1481 orationis
1545 1425 1711 1480 ﬁnem
1733 1425 1935 1481 acriter
1965 1424 2048 1479 in-

469 1515 844 1584 telligendum.
874 1516 1012 1572 Vide
1042 1516 1230 1588 igitur,
1261 1516 1331 1571 iis
1370 1517 1465 1587 qui
1495 1517 1709 1588 integre
1737 1525 1902 1586 atque
1922 1532 2048 1586 per-

465 1605 605 1660 fecte
652 1607 825 1661 Deum
871 1616 1202 1678 sequuntur,
1232 1618 1288 1663 et
1318 1609 1432 1679 spei
1478 1624 1642 1678 quam
1677 1608 1734 1662 in
1772 1608 1866 1661 illo
1911 1623 2044 1662 con-

2221 602 2429 657 ΠΑΛΛ.
2457 605 2603 657 Πάνυ
2627 604 2726 674 μὲν
2744 600 2856 667 οὖν,
2888 607 3008 658 ἐπεί
3034 625 3114 660 τοι
3139 608 3232 662 καὶ
3259 609 3359 678 τῆς
3377 610 3608 681 ἀρίστης
3639 610 3718 664 ἐλ-

2152 692 2322 756 πίδος,
2349 695 2442 747 καὶ
2472 697 2572 765 τῆς
2598 698 2654 749 ἐν
2685 697 2901 768 Χριστῷ
2918 700 3185 770 θυμηδίας
3215 702 3652 774 διωλισθήκασιν,
3675 710 3718 760 οἱ

2150 783 2475 853 κεκλημένοι
2504 785 2602 855 μὲν
2635 789 2716 850 είς
2744 789 2869 852 τοὺς
2902 789 3134 861 γάμους,
3163 796 3636 866 καταρνησάμενοι
3669 798 3719 852 δὲ

2149 873 2246 943 τὴν
2271 876 2473 943 ἄφιξιν.
2523 871 2622 931 Ὧν
2671 881 2698 932 ὁ
2743 880 2840 951 μέν
2873 899 2955 945 τις
2983 883 3086 954 ἔφη
3111 901 3125 916 ο
3171 903 3190 937 ι
3235 887 3472 941 Γυναῖκα
3509 889 3715 960 ἔγημα,

2151 965 2245 1018 καὶ
2269 967 2329 1018 οὐ
2361 967 2590 1038 δύναμαι
2623 970 2814 1026 ἐλθεῖν.
2847 992 2864 1024 ι
2911 975 2969 1027 Ὁ
2989 975 3066 1028 ’δέ
3089 993 3171 1040 τις
3197 977 3364 1049 ἀγρὸν
3391 979 3718 1051 ὲκπρίσσθαι

2150 1055 2342 1123 λέγων,
2373 1059 2580 1130 ἀμείνω
2603 1062 2703 1133 τῆς
2723 1064 2968 1135 κλήσεως
2992 1067 3227 1123 ἐποιεῖτο
3249 1071 3318 1125 τὰ
3346 1073 3674 1144 πρόσκαιρα.

2220 1235 2380 1287 ΚΥΡ.
2424 1234 2586 1307 Εὖγε,
2620 1235 2664 1294 ῶ
2688 1243 2950 1298 Παλλάδιε
2972 1263 2986 1276 ο
3014 1248 3324 1319 εὐφραίνεις
3354 1252 3461 1323 γὰρ
3488 1255 3632 1324 ἡμᾶς
3653 1256 3719 1310 τὰ

2148 1326 2333 1416 εἰκότα
2358 1327 2551 1398 λέγων,
2586 1335 2679 1387 καὶ
2715 1333 2775 1399 ἐξ
2803 1337 3100 1408 εὐμαθείας
3139 1345 3239 1412 τῆς
3286 1343 3424 1411 ἄγαν
3477 1364 3717 1416 προανα-

2149 1413 2409 1487 θρώσκων
2441 1417 2501 1475 εὖ
2514 1423 2675 1493 ’μάλα
2727 1426 2862 1497 πρὸς
2899 1428 2961 1480 τὸ
2996 1431 3231 1485 συνιέναι
3267 1433 3484 1505 θερμῶς
3511 1413 3602 1489 τοῦ
3633 1437 3718 1490 λό-

2147 1523 2243 1599 γου
2277 1508 2337 1561 τὸ
2354 1509 2564 1584 ’πέρας.
2600 1516 2791 1588 Ἀθρει
2822 1518 2885 1590 δὴ
2916 1517 3010 1575 οὖν
3045 1524 3127 1577 ὅτι
3165 1529 3274 1589 τοῖς
3308 1527 3607 1599 ὁλοσχερῶς
3657 1547 3715 1583 τε

2149 1597 2245 1648 καὶ
2291 1599 2600 1672 ὁλοτρόπως
2629 1605 2978 1662 ἀκολουθοῦσι
3007 1611 3144 1683 Θεῷ,
3181 1615 3274 1668 καὶ
3305 1619 3405 1687 τῆς
3555 1619 3715 1673 αὑτὸν

466 1697 788 1764 stituerunt,
819 1715 908 1755 res
957 1701 1204 1754 carnales
1239 1715 1303 1754 ac
1336 1699 1671 1754 mundanam
1702 1699 2030 1768 voluptatem

2145 1689 2357 1756 ἐλπίδος
2391 1699 2776 1768 πεποιημένοις
2815 1702 3044 1774 δεύτερα
3089 1705 3158 1760 τὰ
3207 1707 3308 1778 τῆς
3359 1686 3583 1780 σαρκὸς,
3622 1713 3716 1766 καὶ

465 1791 810 1858 posthabent,
844 1791 1161 1860 contingere
1199 1791 1423 1845 omnino
1464 1799 1522 1844 ut
1550 1789 1828 1844 caelestem
1869 1789 2040 1844 bene-

465 1883 761 1938 dictionem
794 1885 1011 1939 abunde
1043 1893 1473 1954 consequantur.
1518 1882 1662 1949 Quid
1700 1883 1848 1937 enim
1877 1883 1954 1936 ait
1972 1882 2040 1938 ad

462 1973 782 2027 Abraham?
834 1993 852 2025 ι
885 1975 953 2028 Et
979 1974 1171 2028 faciam
1213 1984 1265 2028 te
1299 1973 1356 2027 in
1395 1981 1614 2043 gentem
1660 1987 1932 2043 magnam,
1986 1980 2042 2027 et

463 2063 785 2119 benedicam
830 2074 883 2120 te
921 2065 1006 2130 ⁶⁰⁶,
1043 2084 1060 2115 ι
1121 2073 1178 2119 et
1209 2080 1272 2118 ea
1325 2080 1446 2133 quae
1493 2071 1821 2133 sequuntur.
1873 2063 2039 2119 Vides

463 2186 592 2239 ergo
640 2171 860 2238 quantis
905 2169 1058 2224 illum
1101 2170 1484 2240 Spiritualibus
1516 2171 1677 2226 bonis
1705 2169 2040 2226 cumularit?

459 2261 575 2313 Jam
630 2275 760 2314 vero
817 2259 1280 2330 quemadmodum
1338 2261 1569 2315 excedat
1613 2276 1644 2315 e
1696 2260 1865 2315 natali
1923 2261 2039 2314 solo

461 2351 755 2415 Abraham,
781 2367 964 2406 nonne
993 2367 1174 2422 operae
1190 2351 1430 2421 pretium
1463 2352 1571 2405 erit
1600 2352 1829 2422 videre?
1876 2371 1894 2403 ι
1933 2353 2038 2407 Ac-

461 2443 606 2512 cepit
639 2443 806 2509 enim,
834 2463 852 2495 ›
886 2443 1084 2513 inquit,
1125 2464 1142 2495 ι
1165 2444 1385 2500 Sarram
1408 2461 1634 2500 uxorem
1669 2461 1844 2511 suam,
1867 2455 1922 2501 et
1938 2447 2040 2501 Lot

463 2533 632 2588 lilium
660 2533 846 2588 fratris
886 2534 994 2598 sui,
1028 2544 1082 2588 et
1143 2550 1362 2590 omnem
1393 2537 1758 2591 substantiam
1793 2537 2036 2608 ipsorum

461 2640 623 2693 quam
653 2623 1033 2693 possederant,
1077 2633 1133 2680 et
1175 2640 1391 2681 omnem
1435 2627 1673 2682 animam
1702 2642 1864 2697 quam
1908 2643 2036 2697 pos-

461 2715 717 2769 sederant
738 2715 794 2770 in
817 2714 1085 2782 Charran,
1109 2724 1166 2771 et
1195 2717 1451 2772 exierunt
1471 2725 1531 2771 ut
1562 2719 1820 2772 venirent
1849 2717 1904 2771 in
1926 2724 2037 2772 ter-

461 2821 578 2859 ram
606 2804 884 2871 Chanaan,
914 2815 970 2861 et
989 2807 1344 2877 pet-transivit
1374 2817 1579 2862 terram
1615 2807 1892 2862 Abraham
1939 2822 2036 2877 per

458 2898 854 2969 longitudinem
915 2900 1053 2970 ejus,
1098 2914 1271 2969 usque
1330 2899 1396 2954 ad
1452 2899 1633 2955 locum
1693 2899 1912 2955 Sichem
1967 2899 2032 2953 ad

458 3003 723 3057 quercum
755 2988 1044 3044 sublimem
1067 2988 1130 3041 “.
1169 3008 1186 3040 ι
1218 2989 1467 3044 Excessit
1492 2989 1715 3059 quidem
1750 3005 1817 3043 ex
1857 2988 2030 3044 Char-

459 3097 575 3144 ran,
604 3097 706 3136 nec
727 3082 863 3136 ullas
895 3081 970 3135 ibi
1010 3096 1195 3136 rerum
1242 3097 1464 3137 suarum
1501 3081 1762 3152 reliquias
1789 3081 2028 3143 dimisit,

455 3173 550 3226 sed
601 3188 724 3228 cum
758 3189 957 3244 genere
996 3173 1254 3228 universo
1301 3173 1724 3244 quodammodo,
1752 3173 2033 3226 universa-

454 3282 563 3335 que
611 3266 835 3331 familia,
887 3281 1100 3321 summa
1149 3282 1274 3321 cum
1305 3266 1585 3321 alacritate
1641 3264 1925 3320 contendit
1975 3265 2030 3317 in

455 3366 656 3412 terram
671 3357 948 3438 Chanaan,
968 3375 1130 3430 quam
1149 3358 1294 3413 Deus
1315 3357 1658 3413 ostenderat.
1673 3356 1882 3412 Deinde
1900 3371 2028 3426 per-

454 3451 673 3505 transiit
705 3458 909 3504 terram
939 3465 1038 3520 per
1068 3449 1466 3520 longitudinem
1495 3450 1633 3520 ejus,
1656 3457 1712 3503 et
1744 3448 1800 3501 in
1828 3456 2030 3502 terram

450 3541 700 3609 pervenit
728 3541 1040 3594 sublimem.
1066 3539 1327 3608 Quisquis
1353 3539 1503 3592 enim
1540 3538 1852 3594 decreverit
1884 3534 2027 3591 divi-

450 3634 535 3688 nis
572 3632 802 3701 obsequi
850 3632 1178 3702 praeceptis,
1225 3647 1289 3687 ac
1330 3645 1624 3702 supernam
1683 3630 2027 3685 vocationem

447 3723 724 3791 prmeipua
763 3737 895 3776 cura
922 3720 1299 3792 excipiendam
1330 3720 1558 3792 putarit,
1593 3729 1752 3776 exeat
1790 3720 1837 3774 is
1869 3735 1900 3775 e
1926 3735 2025 3775 vo-

449 3815 702 3883 luptuosa
738 3813 870 3877 vita,
912 3821 1056 3868 totus
1082 3814 1231 3867 omni
1267 3829 1334 3868 ex
1360 3819 1534 3882 parte,
1581 3827 1645 3868 ac
1677 3807 1848 3866 veluti
1899 3828 2024 3867 cum

445 3919 647 3974 genere
682 3904 974 3971 universo;
1000 3921 1177 3975 neque
1206 3906 1373 3960 ullam
1409 3906 1608 3960 mentis
1660 3920 1772 3959 sua;
1806 3913 2022 3976 partem

444 3997 521 4051 ibi
554 3995 845 4066 relinquat,
881 3996 975 4051 ubi
1003 4007 1163 4052 antea
1193 3998 1538 4052 versabatur.
1584 3997 1676 4052 Sic
1715 3997 1863 4051 enim
1918 3999 2022 4052 rite

442 4085 844 4157 proficiscetur,
862 4096 1173 4158 terramque
1189 4089 1566 4159 pertransibit,
1597 4089 1665 4142 ad
1694 4105 1857 4158 quam
1882 4098 1966 4144 est
1989 4104 2020 4142 a

440 4177 552 4232 Deo
569 4187 814 4242 vocatus,
836 4187 915 4243 ut,
948 4178 1412 4249 quemadmodum
1439 4179 1638 4233 scribit
1654 4179 1850 4233 beatus
1874 4179 2018 4234 Pau-

439 4267 547 4332 lus,
608 4268 780 4336 possit
829 4267 1297 4337 comprehendere
1330 4283 1454 4324 cum
1506 4268 1763 4322 omnibus
1819 4267 2020 4322 sanctis

439 4374 560 4428 qua:
581 4358 654 4414 sit
687 4359 938 4427 latitudo,
969 4359 1346 4430 etlongitudo,
1377 4369 1432 4414 et
1455 4359 1786 4424 sublimitas,
1812 4366 1868 4412 et
1888 4373 2018 4428 pro-
2053 4394 2095 4448 Β

437 4450 670 4504 fundum
716 4451 965 4521 mysterii
1011 4451 1217 4507 Christi
1259 4451 1323 4504 ⁸⁸.
1381 4452 1538 4507 Tunc
1593 4452 1744 4506 cnim
1811 4453 2016 4521 optime

437 4543 507 4598 ad
541 4550 742 4596 terram
775 4542 1062 4597 sublimem
1099 4544 1377 4609 ascendet,
1409 4544 1583 4610 idest,
1621 4543 1688 4598 ad
1719 4543 1887 4597 animi
1915 4543 2016 4596 ha-

437 4634 635 4699 bitum,
656 4634 750 4704 qui
776 4634 832 4688 in
849 4634 1130 4705 superiore
1146 4637 1412 4691 virtutum
1428 4637 1550 4690 loco
1582 4635 1721 4690 situs
1736 4644 1842 4698 est,
1867 4634 2016 4688 nulla

433 4741 501 4780 ex
527 4735 682 4795 parte
720 4725 788 4780 ad
815 4726 995 4781 carnis
1026 4728 1335 4797 voluptates
1357 4729 1635 4798 projectus
1680 4736 1843 4796 atque
1885 4739 2014 4795 pro-

432 4817 612 4874 clivis.
646 4818 697 4872 Is
727 4825 908 4873 autem
941 4819 1038 4890 qui
1067 4835 1135 4874 eo
1170 4818 1484 4890 pervenerit
1525 4817 1658 4887 quid
1706 4817 1837 4873 boni
1867 4830 2016 4870 asse-

432 4915 650 4979 quatur,
685 4923 752 4961 ex
773 4908 905 4978 ipsis
934 4909 1103 4964 sacris
1121 4909 1344 4965 Litteris
1373 4907 1758 4976 intelligemus.
1787 4925 1804 4955 ι
1833 4905 2014 4974 Appa-

434 4997 544 5050 ruit
573 4998 741 5063 enim,
772 5018 790 5050 ι
839 4999 1038 5070 inquit,
1091 5019 1109 5052 ι
1147 5001 1413 5055 Dominus
1443 4997 1738 5059 Abraham,
1781 5006 1836 5050 et
1876 4996 2015 5049 dixit

431 5091 518 5144 ei:
554 5088 759 5144 Semini
778 5099 872 5147 tuo
901 5092 1046 5147 dabo
1087 5100 1285 5146 terram
1319 5091 1479 5143 hanc.
1504 5089 1573 5141 Et
1592 5087 1888 5141 aedificavit
1919 5087 2009 5154 .ibi

430 5179 705 5236 Abraham
761 5183 930 5238 altare
985 5183 1217 5236 Domino
1276 5181 1370 5249 qui
1421 5186 1752 5248 apparuerat
1799 5178 1851 5232 ei
1874 5177 1937 5230 °'.
1986 5196 2004 5227 ›

429 5271 565 5328 Nam
600 5290 725 5330 cum
750 5274 933 5328 adhuc
964 5273 1019 5326 in
1045 5273 1220 5341 patria
1249 5274 1721 5332 commoraretur,
1766 5268 2005 5323 necdum

425 5364 494 5417 ad
527 5374 770 5420 sanctam
822 5375 1025 5418 terram
1069 5377 1190 5416 sese
1239 5361 1601 5425 contulisset,
1634 5360 1814 5415 solum
1866 5360 2000 5414 illud

429 5471 751 5524 responsum
783 5454 1018 5523 accepit,
1048 5469 1158 5524 quo
1192 5453 1247 5508 in
1294 5453 1457 5507 aliam
1492 5451 1793 5523 regionem,
1853 5451 2002 5505 omni

427 5565 541 5686 xu"
571 5563 716 5684 .gaue.
772 5583 874 5631 xw,
918 5567 1007 5621 20.
1123 5568 1167 5599 '°
1215 5567 1375 5626 ibid..
1410 5568 1494 5622 18.

1607 5567 1670 5600 ⁸ο·
1699 5567 1850 5649 Gen.
1875 5583 1969 5640 xu,
2021 5567 2074 5620 2.

2150 1783 2459 1855 φιληδονίαν
2491 1792 2780 1864 κοσμικὴν,
2814 1789 3001 1865 ἕψεται
3029 1797 3093 1870 δὴ
3121 1799 3356 1867 πάντως,
3383 1803 3442 1856 τὸ
3471 1801 3714 1874 εὐλογίας

2275 1877 2480 1970 ἄνωθεν
2511 1883 2780 1950 πλουσίως
2810 1888 3153 1960 μεταλαχεϊν.
3187 1893 3252 1946 Τί
3278 1893 3386 1966 γὰρ
3413 1895 3558 1965 λέγει
3580 1898 3715 1970 πρὸς

2161 1965 2441 2040 Ἀϐραάμ;
2488 1991 2506 2023 ι
2547 1974 2658 2028 Καὶ
2686 1979 2893 2050 ποιήσω
2927 1997 2985 2032 σε
3011 1982 3090 2045 είς
3127 1982 3276 2048 ἔθνος
3314 1965 3476 2056 μέγα,
3508 1990 3598 2042 καὶ
3623 1965 3715 2042 εὑ-

2145 2055 2360 2129 λογήσω
2405 2077 2484 2128 σε,
2520 2081 2538 2114 ι
2573 2065 2666 2118 καὶ
2693 2066 2762 2120 τὰ
2807 2067 3016 2134 τούτοις
3046 2055 3403 2144 συνημμένα.
3435 2076 3596 2148 Ὁρᾷς
3625 2075 3715 2132 οὖν

2144 2150 2276 2221 ὅσην
2295 2153 2441 2226 αὐτῷ
2463 2155 2671 2229 πληθὺν
2689 2160 3030 2231 ὲπεσὼρευσε
3049 2167 3434 2236 πνευματικῶν
3456 2169 3677 2238 ἀγαθῶν
3696 2190 3711 2237 ;

2145 2242 2277 2298 Τίνα
2292 2245 2346 2298 δὲ
2367 2246 2563 2316 τρόπον
2581 2249 2805 2320 ἀπαίρει
2825 2251 2924 2322 τῆς
2942 2255 3266 2328 ἐνεγκούσης
3293 2258 3566 2330 Ἀϐραὰμ,
3595 2261 3717 2326 πῶς

2142 2337 2243 2391 οὐκ
2286 2339 2434 2405 ἄξιον
2466 2341 2621 2409 ίδεῖνς
2681 2363 2698 2394 ι
2752 2343 2950 2399 Ἐλαϐε
2988 2347 3116 2420 γὰρ,
3161 2369 3180 2402 ι
3229 2351 3382 2421 φησι,
3436 2371 3455 2404 ι
3494 2353 3715 2425 Σάρραν

2142 2427 2240 2497 τὴν
2279 2433 2512 2496 γυναῖκα
2539 2433 2726 2500 αὑτοῦ,
2757 2437 2852 2490 καὶ
2883 2437 2975 2491 τὸν
3004 2439 3126 2494 Λὼτ
3163 2441 3254 2496 τὸν
3291 2443 3404 2497 υἱδν
3436 2445 3530 2499 τοῦ
3562 2446 3714 2500 ἁδελ-

2143 2520 2243 2588 φοῦ
2297 2523 2482 2588 αὐτοῦ,
2527 2528 2621 2581 καὶ
2669 2529 2846 2583 πάντα
2883 2531 2950 2584 τὰ
3009 2533 3321 2605 ὑπάρχοντα
3359 2537 3558 2605 αὐτῶν,
3611 2539 3711 2594 ὅσα

2142 2613 2476 2683 ἐκτήσαντο,
2527 2619 2620 2671 καὶ
2679 2623 2859 2675 πᾶσαν
2933 2623 3128 2696 ψυχὴν,
3183 2626 3250 2697 ἢν
3305 2628 3600 2700 ἐκτήσαντο
3653 2633 3709 2684 ἐν

2139 2702 2383 2774 Χαρράν.
2418 2707 2525 2778 Kal
2564 2709 2786 2780 ἐξῆλθον
2827 2715 3159 2787 πορευθῆναι
3212 2719 3292 2781 εις
3326 2718 3431 2790 γῆν
3471 2719 3707 2786 Χαναὰν,

2140 2793 2232 2845 καὶ
2261 2793 2546 2849 διώδευσεν
2589 2798 2840 2872 Ἀϐραὰμ
2862 2803 2959 2872 τὴν
2992 2804 3096 2874 γῆν
3125 2808 3206 2870 είς
3231 2807 3289 2860 τὺ
3324 2808 3495 2879 μῆκος
3519 2811 3708 2881 αὐτῆς,

2139 2882 2245 2945 ἕως
2282 2885 2378 2938 τοῦ
2411 2888 2576 2942 τόπου
2614 2892 2815 2963 Συχὲμ,
2847 2895 2940 2949 ἐπὶ
2975 2896 3074 2968 τὴν
3111 2897 3241 2968 δρῦν
3280 2901 3376 2972 τὴν
3409 2902 3635 2974 ὑψηλήν.
3684 2924 3703 2956 ι

2152 2973 2432 3048 Ἐξεχὼρει
2460 2980 2557 3050 μὲν
2581 2981 2691 3054 γὰρ
2715 2985 2778 3037 ἐκ
2801 2986 3045 3058 Χαρρὰν,
3071 2990 3222 3042 οὐδὲν
3244 2992 3435 3046 ἑαυτοῦ
3458 2973 3710 3065 λείψανον

2138 3068 2317 3159 όιφιεις
2343 3071 2401 3124 έν
2426 3072 2583 3144 αὐτῇ,
2604 3080 2866 3146 παγχενεὶ
2891 3079 2947 3134 δὲ
2973 3081 3120 3134 ὥσπε
3130 3101 3160 3154 ρ
3189 3086 3282 3138 καὶ
3315 3089 3549 3156 πανοικὶ,
3573 3107 3708 3159 προ-

2135 3154 2414 3248 θυμότατα
2468 3165 2815 3235 μετατρέχων
2854 3170 2933 3232 είς
2979 3170 3085 3240 γῆν
3125 3173 3380 3246 Χαναὰμ,
3421 3179 3485 3248 ἣν
3535 3154 3708 3243 ἔδειξε

2133 3247 2283 3340 Θεός.
2326 3246 2458 3304 Εἶτα
2497 3251 2656 3308 δίεισι
2694 3257 2792 3329 τὴν
2835 3259 2940 3327 γῆν
2969 3263 3049 3325 είς
3083 3265 3143 3316 τδ
3170 3266 3344 3336 μῆκος
3384 3246 3575 3340 αύτῆς,
3613 3275 3709 3326 καὶ

2133 3339 2212 3432 εἰς
2231 3339 2332 3432 γῆν
2349 3340 2574 3432 ,ἔρχεται
2606 3347 2706 3416 τὴν
2745 3349 2977 3422 ὑψηλήν.
3011 3354 3070 3406 ’0
3088 3355 3194 3427 γάρ
3219 3374 3298 3410 τοι
3315 3339 3707 3432 βεϐουλημένος

2130 3430 2242 3492 τοῖς
2275 3429 2438 3496 θείοις
2475 3430 2534 3488 εὖ
2585 3437 2732 3506 μάλα
2762 3444 3176 3499 κατακολουθεῖν
3221 3429 3572 3520 θεσπίσμασι,
3609 3455 3708 3506 καὶ

2132 3522 2426 3613 φροντίδος-λ
2458 3524 2558 3594 τῆς
2591 3526 2820 3599 ἀρίστης
2866 3532 3050 3601 ἀξιοῦν
3087 3537 3186 3608 τὴν
3232 3537 3437 3594 ἄνωθεν
3490 3542 3704 3613 κλῆσιν,

2129 3606 2290 3699 ἐξίτω
2319 3608 2463 3681 ζωῆς
2505 3613 2602 3684 τῆς
2648 3615 2706 3669 ὲν
2739 3617 2953 3688 ἡδοναῖς
2996 3606 3289 3696 κοσμικαῖς
3331 3629 3450 3694 ὅλος
3501 3606 3702 3699 διόλου,

2130 3697 2224 3788 καὶ
2257 3701 2417 3754 οἱονεὶ
2450 3709 2732 3775 παγγενεὶ,
2774 3711 2926 3765 οὐδὲν
2967 3715 3065 3785 τῆς
3098 3718 3290 3771 ἑαυτοῦ
3319 3720 3558 3788 διανοίας
3590 3697 3719 3779 λείέι

2126 3786 2293 3885 quave—iv
2329 3791 2515 3885 ἀφεῖς,
2544 3795 2602 3885 ὲν
2632 3793 2713 3860 οἷς
2755 3795 2825 3870 ἦν
2872 3819 3022 3856 ποτε.
3068 3807 3316 3880 Ἀπαίρει
3366 3813 3474 3885 γὰρ
3527 3786 3706 3884 οὕτως

2127 3878 2328 3979 ιξρθιῑιςιςΖ
2362 3881 2456 3979 καὶ
2495 3881 2753 3940 διοδεύσει
2790 3890 2890 3960 τὴν
2931 3893 3054 3963 γῆν,
3085 3878 3342 3968 κέκληται
3377 3878 3500 3973 -γᾶρ
3547 3878 3703 3979 παρᾶ

2126 3969 2282 4073 ΘεοῦῘ
2306 3972 2394 4073 ἵνα
2410 3972 2599 4073 ῶσπερ
2618 3978 2647 4030 ὸ
2672 3982 2934 4053 μακάριος
2958 3987 3156 4057 γράφει
3184 3969 3415 4060 Παῦλος,
3439 3969 3700 4073 ἐξισχύσῃ

2125 4061 2523 4155 καταλαϐέσθαι
2547 4070 2645 4123 σὺν
2669 4073 2802 4126 πᾶσι
2831 4077 2942 4140 τοῖς
2965 4079 3158 4147 ἁγίοις,
3190 4083 3244 4135 τί
3267 4085 3327 4137 τὸ
3355 4061 3702 4155 πλάτοςῖκαῖ

2127 4152 2320 4253 μῆκος,
2336 4155 2431 4253 καὶ
2444 4155 2598 4253 ὕψος,
2616 4163 2709 4214 καὶ
2722 4162 2884 4233 βάθος
2899 4167 2991 4222 τοῦ
3017 4175 3316 4244 μυστηρίου
3328 4178 3421 4231 τοῦ
3437 4152 3669 4253 Χριστοῦ
3679 4230 3695 4242 .

2125 4245 2270 4343 Πρὸς
2295 4249 2398 4320 γῆν
2429 4250 2538 4322 γὰρ
2563 4255 2684 4308 τότε
2715 4256 2815 4327 τὴν
2861 4258 3069 4332 ὑψηλὴν
3100 4263 3449 4339 ἀναφοιτήσει
3489 4245 3693 4343 καλῶς,

2122 4341 2266 4394 τοῦτ’
2309 4345 2444 4406 ἐστι,
2474 4346 2620 4416 πρὸς
2649 4347 2761 4412 ἕξιν
2799 4349 2899 4421 τὴν
2933 4353 3310 4430 ἀνῳκισμένην
3353 4363 3412 4415 ὲν
3450 4341 3690 4434 ἀρεταῖς,

2124 4434 2216 4529 καὶ
2244 4435 2540 4529 οὐδαμόθεν
2567 4439 2796 4511 ἔχουσαν
2833 4444 2913 4501 ἔτι
2941 4449 3002 4501 τὸ
3031 4455 3464 4525 κατερριμμένον
3492 4461 3570 4524 είς
3603 4479 3693 4529 φι-

2120 4523 2430 4596 λοσαρκίαν.
2480 4529 2820 4606 Ἀφικομένῳ
2847 4537 2902 4590 δὲ
2941 4539 3042 4610 ἤδη
3078 4543 3214 4613 πρὸς
3245 4523 3420 4610 τοῦτο,
3445 4549 3499 4601 τί
3529 4523 3692 4604 πάλιν

2118 4614 2271 4708 ἕσται
2317 4617 2425 4708 τῶν
2474 4621 2712 4690 ἀγαθῶν,
2761 4625 2820 4692 ἐξ
2869 4627 3046 4683 αὐτῶν
3083 4633 3338 4704 εἰσόμεθα
3381 4637 3487 4689 τῶν
3527 4641 3692 4708 ἱερῶν

2120 4707 2486 4779 Γραμμάτων.
2543 4729 2563 4762 ι
2613 4714 2789 4785 Ὠφθη
2845 4718 2971 4788 γὰρ,
3018 4737 3036 4770 ι
3100 4723 3252 4792 φησι,
3297 4742 3316 4774 ι
3358 4707 3691 4800 Κύριοςτῷ

2131 4799 2398 4872 Ἀϐραὰμ,
2445 4805 2538 4858 καὶ
2584 4801 2735 4860 εἶπεν
2771 4809 2952 4880 αὐτῷ’
2983 4812 3073 4882 Τῷ
3098 4816 3370 4886 σπέρματί
3408 4836 3499 4871 σου
3531 4799 3690 4874 δώσω

2260 4893 2365 4963 γῆν
2412 4895 2636 4968 ταύτην.
2698 4899 2808 4952 Καὶ
2857 4900 3205 4974 ᾠκοδόμησεν
3268 4907 3519 4980 Ἀϐραὰμ
3572 4913 3694 4964 ἐκεῖ

2115 4984 2497 5058 θυσιαστήριον
2521 4987 2599 5059 τῷ
2624 4990 2833 5062 Κυρίῳ,
2850 4993 2926 5063 τῷ
2948 4994 3162 5064 ὀφθέντι
3179 4999 3346 5070 αὐτῷ.
3382 5017 3400 5049 ι
3431 5001 3680 5071 Ἐμςριλο-

2115 5076 2380 5150 χωροῦντι
2410 5080 2507 5149 μὲν
2535 5081 2643 5153 γὰρ
2673 5084 2752 5146 είς
2779 5085 2881 5153 γῆν
2916 5089 3171 5159 πατρίδος
3198 5090 3384 5157 αὑτοῦ,
3411 5093 3504 5145 καὶ
3531 5091 3686 5148 οὔπω

2115 5169 2252 5239 πρὸς
2287 5169 2385 5241 τὴν
2431 5171 2592 5240 ἁγίαν
2638 5177 3088 5246 μεταχωρήσαντι
3122 5181 3242 5252 γῆν,
3273 5182 3432 5252 μόνος
3476 5182 3685 5237 δέδοται

2113 5261 2362 5332 χρησμὸς
2389 5261 2483 5314 τοῦ
2523 5264 2904 5334 μεταχωρῆσαι
2927 5265 3034 5321 δεῖν
3065 5271 3143 5332 εἰς
3173 5271 3385 5340 ἑτέραν,
3413 5273 3510 5342 τῆς
3532 5274 3688 5340 ὲνεγ-

2113 5350 2314 5421 κούσης
2339 5351 2692 5423 ὴφειδηκότα.
2730 5353 2945 5427 Ἐπειδὴ
2970 5357 3027 5411 δὲ
3049 5354 3210 5429 ἦλθεν
3235 5363 3314 5424 εἰς
3334 5362 3438 5430 γῆν
3462 5360 3688 5415 Χαναὰν

2110 5443 2330 5497 πανοικί
2359 5461 2420 5496 τε
2461 5445 2556 5497 καὶ
2589 5447 2903 5506 πανσκευεὶ,
2939 5451 3030 5502 καὶ
3068 5451 3202 5522 πρὸς
3233 5453 3332 5521 τὴν
3372 5453 3531 5508 ἁγίαν
3556 5453 3688 5506 ἀνέ-

2181 5559 2409 5637 “ibid,
2442 5560 2516 5626 ὅ,
2568 5561 2620 5615 6.
2736 5563 3009 5634 "Ephes.
3052 5582 3128 5632 Ill,
3181 5567 3266 5621 18.
3316 5562 3324 5568 ’
3384 5569 3429 5601 ⁸³
3478 5568 3683 5627 Cenes.
