3998 6304
210 419 309 475 169

947 414 1035 469 DE
1070 408 1509 469 ADORATIONE
1546 409 1613 464 IN
1654 405 1921 464 SPIRITU
1963 405 2052 462 ET
2091 402 2458 461 \‘ERITATE.
2501 404 2628 459 LIB.
2670 405 2712 459 1.

3347 403 3449 459 170

211 535 332 604 θορε
365 530 551 601 γῆν,ῆ
597 528 696 598 τῆς
739 527 991 593 θεοπῖίας
1033 528 1242 583 δέδοται
1290 528 1470 599 χάρις,
1530 528 1625 581 καὶ
1679 528 1810 597 τῆς,

1910 539 2014 579 :ura
2067 521 2229 593 patrii
2298 520 2406 593 23
2474 520 2577 575 soli
2653 518 3001 590 posthabita,
3060 523 3292 593 migrare
3361 521 3451 592 ju-

212 623 423 685 ὲλπίδος
460 621 524 674 τὸ
565 620 804 689 ἀσφαλὲς
836 620 894 673 ἐν
936 618 1140 690 βεϐαίῳ
1184 619 1283 688 τῆς
1321 617 1652 690 ἐλευθερίας,
1685 617 1780 673 καὶ

1882 615 2151 671 bebatur:
2186 619 2376 684 postea
2395 627 2530 667 vero
2564 626 2731 681 quam
2790 625 2915 665 cum
2959 619 3072 665 tota
3118 614 3281 666 domo
3322 613 3450 667 uni-

212 716 271 769 τὸ
309 714 512 780 ἐξεῖναι
561 709 746 763 λοιπὸν
778 709 1011 780 ἐγείρειν
1055 708 1461 779 θυσιαστήριον.
1496 708 1605 761 Καὶ
1650 708 1780 777 ἡμῖν

1910 720 2148 777 'ersaque
2188 702 2517 775 supellectili
2553 701 2708 757 venit
2750 702 2807 758 in
2850 700 3108 757 Chanaan
3132 742 3146 766 ,
3178 711 3343 772 atque
3383 702 3452 757 ad

213 802 304 860 οὖν
333 805 462 874 ἀρα,
500 801 644 855 κατά
665 817 726 869 γε
764 800 825 854 τὸ
857 799 970 853 ίσον
993 799 1087 852 τοῦ
1114 798 1272 866 λόγου
1300 799 1502 870 σχῆμα,
1542 798 1785 869 «poeni-

215 913 363 951 νουσι
397 896 498 966 μὲν
529 895 607 966 τῷ
635 894 823 963 κόσμῳ
844 893 937 945 καὶ
967 893 1085 955 ταῖς
1113 892 1235 945 κατ’
1258 890 1420 945 αὐτὸν
1453 890 1784 961 βδελυρωτά-

213 1004 330 1050 ταις
356 986 589 1057 ἡδοναῖς,
634 985 859 1054 οὐδεμία
893 983 991 1053 μὲν
1033 980 1186 1034 ἔσται
1240 980 1391 1051 παρά
1436 979 1571 1033 Θεοῦ
1602 979 1781 1049 χάρις’

215 1076 568 1148 κεκλημένοις
613 1075 670 1129 δὲ
719 1075 814 1128 καὶ
854 1077 966 1137 τοῖς
1022 1072 1189 1136 θείοις
1237 1072 1524 1125 ὑπείκουσι
1574 1072 1784 1140 νόμοις,

215 1165 624 1237 ἀναθρώσκουσι
657 1162 764 1216 τῶν
812 1162 1065 1233 καθάπερ
1100 1163 1180 1225 είς
1217 1162 1319 1233 γῆν
1350 1160 1557 1232 ὑψηλὴν
1582 1160 1680 1231 τὴν
1708 1161 1788 1222 είς

217 1259 322 1312 πᾶν
362 1256 541 1311 ὁτιοῦν
581 1255 690 1309 τῶν
745 1253 965 1323 ἀγαθῶν
1007 1252 1192 1321 ἐφεσίν
1239 1268 1299 1305 τε
1334 1254 1426 1306 καὶ
1458 1252 1783 1323 προθυμίαν,

217 1348 388 1417 ἐνίησι
420 1348 518 1417 μὲν
540 1346 640 1416 τῆς
664 1345 801 1408 ίδίας
830 1344 989 1415 δόξης
1012 1344 1111 1413 τὴν
1142 1341 1346 1411 γνῶσιν
1369 1344 1398 1396 ό
1419 1342 1570 1406 Θεὸς,
1606 1343 1699 1395 καὶ
1728 1342 1789 1395 τὸ

217 1439 315 1508 τῆς
345 1438 562 1501 ἐλπίδος
594 1436 983 1508 ὲρηρεισμένον
1016 1433 1431 1502 ἐπαγγέλλεταιο
1473 1433 1699 1503 εὐσθενῆ
1733 1432 1791 1485 δὲ

217 1529 358 1582 οὕτω
393 1529 484 1582 τὸν
517 1530 575 1582 ὲν
612 1530 747 1599 ἡμῖν
787 1523 1159 1597 ἀπεργάζεται
1212 1522 1368 1588 νοῦν,
1415 1522 1491 1585 ὡς
1528 1523 1627 1593 ήδη
1677 1539 1792 1584 πως

222 1618 436 1689 ἰσχύσαι
472 1617 663 1680 θυσίας
682 1616 976 1687 προσάγειν
1010 1611 1410 1683 πνευματικὰς,
1443 1611 1535 1666 καὶ
1567 1610 1791 1664 εὐωδίαν

220 1708 471 1777 γενέσθαι
487 1707 724 1779 Χριστοῦ
746 1705 823 1777 τῷ
842 1703 959 1775 Θεῷ
984 1705 1077 1758 καλ⁵
1101 1704 1296 1775 Πατρὶ,
1318 1703 1457 1756 κατά
1476 1703 1536 1755 τὸ
1554 1718 1795 1772 γεγραμ-

225 1800 422 1870 μένον·
457 1799 803 1870 παραστῆσαι
847 1797 904 1850 δὲ
935 1796 1030 1849 καὶ
1072 1794 1220 1864 αὐτῷ
1264 1793 1326 1847 τὸ
1368 1792 1550 1863 σῶμα,
1604 1792 1795 1845 θυσίαν

1883 801 2086 850 terram
2142 803 2385 849 sanctam
2424 792 2713 857 ascendit,
2762 800 2878 848 tum
2936 807 3069 847 vero
3118 791 3199 846 illi
3252 792 3452 847 divina:

1883 885 2112 940 visionis
2173 885 2347 955 gratia
2391 899 2654 941 concessa
2692 894 2799 950 est,
2856 885 3087 955 ejusque
3140 897 3266 954 spes
3301 882 3455 937 ﬁrma

1884 974 2248 1046 promissione
2291 974 2642 1030 corroborata
2686 983 2798 1040 est,
2838 975 3136 1044 altarisquc
3166 982 3455 1029 exstruen-

1886 1067 1941 1120 di
1969 1068 2082 1138 jam
2130 1075 2381 1138 potestas
2415 1069 2579 1125 facta.
2617 1068 2685 1123 At
2715 1084 2815 1123 nos
2853 1068 2987 1123 item
3027 1066 3193 1121 simili
3226 1065 3456 1130 ratione,

1886 1155 2128 1223 quandiu
2169 1155 2226 1209 in
2278 1156 2485 1212 mundo
2543 1170 2850 1221 manemus,
2887 1165 2943 1211 et
2977 1156 3128 1210 illius
3164 1168 3456 1209 exsecran-

1886 1244 1974 1300 dis
2019 1247 2395 1317 voluptatibus
2437 1247 2879 1312 adhazrescimus,
2919 1248 3075 1302 nulla
3117 1245 3461 1318 permanebit

1890 1353 1921 1392 a
1970 1339 2082 1394 Deo
2115 1339 2319 1410 gratia;
2372 1340 2468 1395 sed
2519 1340 2565 1395 si
2620 1339 2796 1394 vocati
2858 1339 3062 1393 divinis
3103 1337 3317 1409 legibus
3357 1335 3459 1391 ob-

1886 1430 2402 1500 temperaverimus,
2433 1437 2490 1485 et
2521 1430 2589 1485 ad
2639 1430 2885 1485 omnium
2927 1429 3199 1483 bonorum
3253 1426 3463 1498 expeti-

1892 1524 2098 1578 tionem
2137 1532 2299 1593 atque
2331 1523 2506 1578 alacre
2532 1523 2774 1578 studium
2818 1531 3076 1592 tanquam
3104 1520 3160 1575 in
3193 1520 3463 1574 excelsam

1892 1621 2093 1668 terram
2120 1614 2642 1680 conscenderimus,
2670 1623 2792 1670 tum
2831 1629 2963 1669 vero
3008 1611 3171 1666 nobis
3212 1609 3464 1665 immittit

1893 1704 2039 1759 Deus
2064 1704 2248 1775 gloriae
2274 1721 2388 1761 sua:
2414 1706 2805 1777 cognitionem,
2834 1713 2891 1760 et
2943 1703 3059 1775 spei
3095 1701 3467 1760 conﬁrmatio-

1896 1809 2024 1849 nem
2054 1795 2383 1864 pollicetur,
2431 1803 2758 1866 tantumque
2798 1796 2969 1850 robur
3025 1792 3311 1849 mentibus
3366 1806 3468 1846 no-

221 1890 404 1953 ζῶσαν
433 1889 528 1942 καὶ
560 1889 851 1960 εὐάρεστον
895 1884 975 1957 τῷ
1006 1884 1146 1956 Θεῷ,
1185 1885 1286 1955 τὴν
1328 1884 1552 1954 λογικὴν
1598 1883 1692 1937 καὶ
1741 1885 1799 1936 ὲν

1910 1885 2031 1940 stris
2048 1884 2313 1950 immittit,
2338 1894 2397 1940 ut
2415 1888 2525 1957 jam
2544 1887 2817 1956 possimus
2844 1885 3056 1940 hostias
3081 1884 3281 1939 oﬂ'erre
3307 1881 3469 1953 spiri-
3536 1896 3553 1901 “

222 1980 492 2049 πνεύματι
525 1979 783 2049 λατρείαν
824 1977 921 2049 τὴν
952 1976 1247 2031 ἀπόδεκτον
1277 1974 1431 2045 παρὰ
1455 1974 1594 2044 Θεῷ.
1624 1976 1800 2045 Προσ-

226 2072 360 2125 ierat
398 2070 512 2141 γὰρ
548 2068 797 2139 ἀσμένως
839 2068 938 2136 τῆς
983 2069 1041 2119 ὲν
1089 2064 1361 2135 πνεύματι
1393 2064 1644 2136 λατρείας
1671 2066 1796 2129 τοὺς

224 2160 479 2229 τρόπους,
512 2158 608 2211 καὶ
634 2156 825 2211 θυσίαν
854 2156 1067 2225 ἡγεῖται
1087 2153 1150 2207 τὸ
1182 2155 1370 2225 χρῆμα
1398 2154 1794 2223 πνευματικήν.

1903 1975 2083 2029 tuales
2099 1974 2165 2038 ⁶⁴,
2194 1982 2250 2030 et
2269 1973 2473 2029 Christi
2506 1976 2684 2031 bonus
2716 1976 2853 2030 odor
2882 1973 3001 2029 ﬂeri
3048 1974 3162 2028 Deo
3205 1981 3262 2027 et
3287 1972 3465 2036 Patri,

1904 2066 2046 2122 sicut
2074 2067 2342 2137 scriptum
2381 2076 2468 2121 est
2486 2067 2569 2133 ⁶⁸;
2621 2067 2881 2121 exhibere
2926 2065 3091 2120 etiam
3123 2065 3225 2134 ipsi
3251 2076 3470 2134 quoque

1903 2171 2111 2226 corpus
2142 2157 2378 2211 hostiam
2429 2159 2735 2220 viventem,
2799 2158 3215 2227 placentemque
3247 2154 3469 2217 'Deo“,

228 2266 421 2322 nempe
476 2250 805 2304 rationalem
844 2248 1002 2302 illum
1064 2252 1122 2302 et
1173 2246 1231 2301 in
1274 2246 1471 2316 spiritu
1509 2246 1754 2311 cultum,
1788 2246 1883 2316 qui
1912 2248 2025 2303 Deo
2052 2249 2222 2303 estin
2256 2250 2451 2318 primis
2485 2256 2760 2319 acceptus.
2810 2248 3072 2303 Libenter
3130 2247 3278 2301 enim
3352 2260 3471 2301 am-

226 2342 484 2411 plectitur
511 2339 814 2409 spiritualis
851 2338 1002 2393 illius
1051 2337 1304 2408 obsequii
1358 2338 1498 2392 ritus
1522 2377 1537 2402 ,
1583 2346 1749 2408 atque
1800 2340 1937 2395 illud
1972 2340 2207 2395 hostiam
2233 2341 2573 2412 spiritualem
2606 2349 2781 2413 putat.

293 2453 504 2508 ΠΑΛΛ.
555 2450 993 2522 Μεθορμίζεσθαι
1037 2450 1102 2521 δὴ
1140 2445 1249 2505 οὖν
1311 2450 1404 2504 ἐπὶ
1469 2451 1536 2504 τά
1591 2451 1802 2522 ἀμείνω

227 2548 451 2620 πρέπει,
490 2545 597 2599 τῶν
629 2545 913 2614 αἰσχιόνων
959 2543 1312 2614 ἀπαίροντας’
1359 2544 1453 2596 καὶ
1482 2546 1800 2618 προσίεσθαι

231 2639 329 2710 μὲν
363 2638 440 2701 ὡς
471 2638 661 2708 ἥδιστα
688 2635 786 2707 τὴν
827 2634 1033 2691 ἀνωθεν
1070 2635 1281 2706 κλῆσιν,
1326 2635 1719 2709 ἐμφιλοχωρεῖν
1743 2638 1799 2691 δὲ

227 2729 311 2781 ὅτι
349 2727 586 2799 μάλιστα
617 2725 793 2795 φιλεῖν
832 2727 943 2789 τοῖς
973 2727 1037 2778 ἐκ
1077 2726 1244 2796 νόμου
1271 2726 1674 2796 τετιμημένοις,
1708 2729 1803 2781 καὶ

227 2819 324 2889 τὴν
351 2817 582 2889 ἀρίστην
633 2816 829 2888 ψῆφονο
855 2814 1077 2887 λαχοῦσι
1124 2815 1273 2888 παρά
1318 2815 1456 2887 Θεῷ.
1511 2815 1599 2881 Ὠς
1630 2817 1694 2871 τό
1726 2835 1809 2873 τοι

230 2910 414 2979 ζητεῖν
442 2910 632 2963 ἀνόπιν
661 2910 795 2963 ἰέναι
819 2908 912 2963 καὶ
942 2910 1243 2962 ὲπινοστεῖν
1271 2908 1361 2963 ὲπί
1387 2926 1439 2963 τι
1468 2909 1576 2964 τῶν
1604 2910 1808 2965 ἀδικεῖν

226 2999 521 3065 εἰωθότων,
548 2998 728 3061 αἰτίας
749 2998 848 3050 οὐκ
878 2997 1278 3069 ἀπαλλάξομεν.

302 3114 467 3167 ΚΥΡ.
510 3114 584 3166 Οὐ
621 3111 720 3182 μὲν
751 3107 864 3177 οὖν,
888 3105 932 3165 ὦ
967 3113 1170 3185 ἑταῖρε.
1196 3114 1550 3185 Παγχάλεπον
1578 3114 1676 3186 μὲν
1701 3115 1808 3187 γὰρ

1975 2453 2171 2508 PALL.
2208 2454 2372 2509 Decet
2403 2455 2590 2526 igitur,
2628 2464 2689 2509 ut
2730 2470 2762 2509 a
2807 2456 3148 2525 turpioribus
3201 2454 3361 2510 factis
3390 2453 3473 2509 di-

1905 2545 2103 2615 gressi,
2140 2545 2208 2600 ad
2230 2546 2514 2613 meliorem
2550 2547 2716 2602 vitam
2753 2563 2853 2602 nos
2881 2548 3247 2612 conferamus,
3277 2564 3471 2618 super-

1905 2650 2141 2705 namque
2177 2628 2519 2693 vocationem
2551 2638 2914 2694 libentissime
2956 2640 3386 2709 amplectamur,
3417 2640 3472 2693 in

1906 2726 2082 2797 iisque
2113 2727 2277 2783 rebus
2306 2729 2542 2785 maxime
2568 2730 2772 2785 versari
2815 2731 3124 2801 cupiamus,
3149 2746 3273 2801 qua:
3296 2746 3327 2785 a
3357 2731 3474 2801 lege

1903 2821 2231 2891 probantur,
2262 2831 2319 2877 et
2359 2838 2391 2877 a
2428 2823 2541 2878 Deo
2587 2823 2794 2893 optima
2840 2823 3177 2893 iudicantur.
3220 2823 3357 2877 Nam
3392 2838 3474 2877 re-

1906 2918 2143 2966 trorsum
2169 2911 2322 2966 abire
2350 2913 2511 2979 velle,
2537 2921 2593 2967 et
2623 2913 2692 2967 ad
2714 2928 2779 2967 ea
2807 2912 3085 2980 reverti,a
3102 2913 3304 2983 quibus
3328 2911 3475 2967 ladi-

1904 3016 2053 3067 mur,
2084 3003 2140 3057 id
2168 3018 2296 3058 vero
2322 3004 2480 3075 culpa
2505 3004 2731 3059 minime
2753 3014 2931 3060 vacat.

1974 3115 2130 3171 (ΠΒ.
2164 3117 2385 3173 Minime
2403 3134 2556 3182 vero,
2578 3118 2802 3173 Palladi.
2838 3117 3370 3173 Periculosissimum
3394 3125 3478 3171 est

229 3204 293 3260 τὸ
324 3206 501 3257 νοσεῖν
540 3202 754 3256 ἑλέσθαι
789 3202 952 3257 πάλιν
986 3203 1054 3256 τὰ
1090 3197 1165 3257 ὧν
1197 3204 1263 3259 ἂν
1295 3205 1554 3275 ὲξοίχοιτό
1590 3223 1700 3269 τις·
1732 3206 1807 3270 ὼς

1910 3207 2056 3261 enim
2103 3207 2162 3262 in
2215 3223 2312 3264 eos
2371 3209 2595 3264 morbos
2634 3209 2881 3264 recidere
2916 3209 3091 3272 velle,
3131 3222 3272 3277 quos
3308 3208 3477 3262 semel

231 3294 345 3359 τοίξ
388 3312 451 3364 γε
480 3293 629 3358 ἅπαξ
670 3293 1025 3367 ὲξῃρημένοις
1064 3294 1292 3365 δυνάμει
1346 3295 1482 3349 Θεοῦ
1531 3296 1809 3360 πολιτείας

232 3390 524 3459 κοσμικῆς,
578 3388 841 3461 σφαλερὸν
884 3388 1022 3457 ἀγαν
1062 3389 1125 3442 τὸ
1176 3388 1279 3443 κᾶν
1332 3388 1463 3457 γοῦν
1512 3392 1593 3452 είς
1641 3389 1809 3460 αὐτὴν

233 3478 541 3547 ἀποϐλέψαι
587 3477 765 3547 μόνον,
814 3476 907 3530 καὶ
953 3477 1114 3529 οἱονεὶ
1169 3476 1307 3545 πρὸς
1337 3476 1640 3546 ἀνάμνησιν
1674 3474 1812 3529 ίέναι

236 3570 744 3643 πλημμελημάτων,
778 3569 977 3638 είςξτὴν
1006 3568 1092 3621 ἐπ’
1119 3568 1305 3631 αὐτοῖς
1330 3568 1608 3638 ἀγάπησιν
1634 3566 1814 3629 ἱέντας

237 3662 327 3715 τὸν
354 3657 501 3716 νοῦν.
545 3660 655 3713 Καὶ
705 3659 834 3729 γοῦν
881 3661 910 3712 ό
950 3658 1234 3722 θεσπέσιος
1266 3658 1518 3727 Μελῳδὸς
1567 3657 1815 3727 ἐλιπάρει

238 3753 432 3822 λέγων’
483 3771 501 3804 ι
550 3750 913 3822 Ἀπόστρεψον
956 3752 1084 3813 τοὺς
1126 3749 1438 3819 ὀφθαλμούς
1481 3766 1582 3821 μου
1619 3747 1713 3801 τοῦ
1739 3748 1814 3820 μὴ

243 3844 371 3897 ἰδεῖν
421 3842 777 3914 ματαιότητα.
818 3860 836 3892 ι
896 3841 1209 3909 Ματαιότης
1254 3840 1364 3911 γὰρ
1411 3840 1487 3903 ὡς
1520 3839 1734 3909 ἀληθῶς
1783 3841 1813 3892 ό

244 3935 394 3989 τοῦδε
424 3932 521 3987 τοῦ
550 3933 667 4004 βίου
694 3932 1093 4002 περισπασμὸς,
1134 3931 1225 3984 καὶ
1249 3933 1282 4002 ἡ
1320 3930 1427 3983 τῶν
1466 3930 1813 4000 προσκαίρων

244 4026 488 4087 διάκενος
533 4024 755 4095 τέρψις,
796 4016 872 4075 ὧν
922 4023 1005 4076 ὅτι
1060 4024 1323 4093 προσήκει
1367 4022 1669 4075 διίστασθαι
1722 4022 1818 4076 καὶ

246 4118 567 4187 ἀποφοιτᾷν,
598 4115 979 4187 παραιτεῖσθαι
1011 4113 1068 4167 δὲ
1097 4114 1189 4167 καὶ
1220 4114 1386 4184 μόνην
1414 4113 1511 4184 τὴν
1538 4113 1616 4175 ὡς
1644 4113 1700 4165 ὲν
1730 4112 1818 4164 ὲν-

244 4209 416 4271 νοίαις
459 4209 556 4278 μὲν
593 4207 672 4260 ἔτι
722 4209 818 4260 σὺν
860 4206 1018 4276 ἡδονῇ
1044 4222 1105 4258 τε
1146 4204 1483 4273 κατάσκεψιν
1526 4203 1617 4255 τόν
1642 4218 1705 4270 γε
1745 4201 1822 4265 ὡς

244 4296 459 4366 ἀληθῶς
499 4297 811 4368 ὀρθοποδεῖν
850 4297 1144 4368 ᾑρημένον,
1179 4294 1447 4365 ἀναμάοοι
1485 4311 1568 4358 τις
1597 4292 1663 4347 ἂν
1693 4295 1823 4348 κάν-

244 4387 434 4440 τεῦθεν
459 4387 719 4451 εὐκόλως.

320 4477 527 4530 ΠΔΛΛ.
582 4478 677 4530 Ἐκ
707 4477 799 4532 τοῦ
833 4478 896 4549 δὴ
928 4479 1074 4549 quis;

321 4590 487 4646 ΚΥΡ.
528 4590 592 4644 Ol
633 4589 743 4643 τῶν
783 4591 1033 4660 Σοδόμων
1071 4591 1357 4661 οἰκήτορες
1408 4589 1489 4650 εἰς
1529 4584 1628 4648 τὰς
1674 4583 1825 4656 παρὰ

248 4680 413 4751 φύσιν
434 4680 633 4752 ἡδονὰς
653 4682 859 4753 ἀγρίως
879 4680 1328 4752 ὲξοιστροῦμενοι,
1358 4679 1453 4731 καὶ
1477 4676 1831 4747 ἀτιμάζοντες

251 4770 357 4840 μὲν
379 4768 471 4823 τὸν
492 4769 711 4823 συνόδου
745 4770 929 4839 νόμον,
957 4769 1016 4823 δν
1039 4769 1132 4822 ἐπὶ
1159 4769 1363 4822 παίδων
1394 4766 1577 4833 γοναῖς
1609 4766 1642 4834 ἡ
1671 4762 1832 4832 φύσις

245 4861 511 4931 ὡρίσατο,
560 4860 731 4932 ὥραις
759 4860 816 4914 δὲ
846 4862 967 4924 ταῖς
1004 4858 1251 4931 ἀρῤένων
1282 4854 1689 4924 ὲπιθηγόμενοι,
1738 4851 1833 4905 καὶ

247 4955 307 5008 τί
330 4954 441 5025 γὰρ
475 4955 594 5025 οὐχὶ
625 4954 733 5008 τῶν
762 4954 883 5007 λίαν
937 4954 1329 5008 ὲκτοπωτάτων
1375 4947 1832 5018 διαπεραίνοντες,

250 5040 617 5113 καηρέθιζον
662 5045 744 5106 είς
771 5043 962 5114 ὀργὰς,
1001 5044 1095 5098 καὶ
1135 5042 1413 5104 οίονείπως
1456 5037 1840 5101 κατεόιόιζοντο

251 5131 400 5202 πρὸς
426 5132 525 5202 τὴν
548 5132 635 5184 ἐπ’
660 5134 845 5195 αὐτοῖς
876 5134 1012 5186 ίέναι
1042 5133 1219 5201 δίκην,
1247 5130 1427 5186 καίτοι
1460 5126 1839 5198 φιλάνθρωπον

249 5225 392 5276 δντα
416 5222 509 5281 τὸν
550 5225 916 5295 Δημιουργόν.
961 5223 1176 5292 Ἐπειδὴ
1207 5223 1263 5275 δὲ
1291 5221 1382 5274 τοῦ
1416 5220 1612 5292 χρῆναι
1644 5220 1839 5273 παθεῖν

250 5314 359 5368 ἐπὶ
399 5311 592 5383 θύραις
616 5310 685 5384 ἦν
716 5316 745 5366 ὁ
779 5314 989 5387 καιρὸς,
1032 5312 1475 5383 δεδαπανημένης
1514 5310 1703 5382 ὥσπερ
1740 5313 1841 5381 τῆς

253 5405 352 5458 ἐπ’
417 5403 599 5467 αὐτοῖς
634 5404 1005 5470 ἀνεξικακίας,
1049 5401 1358 5456 εἰσέϐαλλον
1395 5404 1452 5454 ὲν
1498 5401 1752 5470 Σοδόμοις
1790 5402 1840 5453 οί

254 5492 426 5548 τοῦτο
455 5492 858 5564 πληρώσοντες.
904 5495 1219 5565 Γέγραπται
1261 5491 1318 5545 δὲ
1342 5490 1535 5555 οὕτως·
1574 5511 1593 5542 ι
1641 5488 1842 5544 Ἦλθον

253 5584 313 5639 δὲ
342 5581 441 5636 δύο
460 5581 684 5651 ἀγγελοι
716 5587 795 5649 εἰς
825 5585 1033 5655 Σόδομα
1062 5584 1321 5656 ἑσπέρας.
1355 5581 1477 5637 Λὼτ
1526 5582 1583 5636 δὲ
1611 5582 1844 5652 ἐκάθητο

337 5784 392 5819 ⁸⁸
418 5784 439 5841 1
463 5787 583 5842 Pet.
607 5802 667 5850 ιι,
696 5786 748 5840 5.
792 5786 837 5818 ⁸⁵
875 5787 919 5842 ll
953 5787 1082 5845 Cor.
1122 5806 1180 5851 η,
1215 5790 1300 5845 15.

595 5878 872 5937 ΡΑΤιιοιι.
917 5880 1032 5939 Gn.
1079 5880 1336 5939 LXVIII,

1402 5791 1447 5823 “
1480 5790 1638 5847 Rom.
1667 5805 1764 5855 xn,
1803 5791 1857 5846 Ι.

1908 3298 2151 3353 evaseris
2180 3317 2192 3351 :
2222 3313 2349 3354 nam
2382 3299 2471 3362 iis,
2503 3298 2596 3366 qui
2639 3299 2808 3351 semel
2837 3297 2935 3350 Dei
2974 3312 3077 3366 ope
3101 3310 3167 3349 ex
3206 3295 3479 3351 mundana

1907 3390 2319 3444 conversatione
2352 3389 2465 3447 sint
2502 3387 2702 3456 erepti,
2722 3388 2794 3442 ad
2832 3403 2953 3442 eam
2985 3387 3073 3441 vel
3104 3387 3373 3457 respicere
3394 3403 3467 3443 so

1908 3479 2045 3542 lum,
2077 3493 2141 3532 ac
2160 3478 2426 3532 memoria
2459 3485 2713 3547 repetere
2731 3484 2975 3547 peccata,
3012 3486 3174 3547 atque
3206 3477 3276 3532 ad
3298 3494 3363 3532 ea
3380 3478 3480 3533 ad-

1912 3569 2144 3624 amanda
2180 3569 2426 3623 animum
2455 3569 2752 3639 appellere,
2787 3568 3012 3623 minime
3045 3576 3223 3623 tutum
3254 3571 3481 3625 est.lta-

1913 3676 2020 3731 que
2053 3660 2274 3716 divinus
2306 3661 2396 3716 ille
2421 3660 2706 3715 Psalmista
2742 3661 2934 3715 orabat
2966 3661 3156 3717 dicens
3183 3680 3197 3716 :
3233 3681 3251 3713 ι
3287 3663 3483 3717 Averte

1914 3752 2104 3806 oculos
2139 3766 2312 3816 meos,
2359 3768 2429 3807 ne
2482 3752 2707 3807 videant
2754 3754 3053 3807 vanitatem
3074 3755 3137 3807 ⁵⁷.
3179 3772 3197 3805 ι
3262 3754 3484 3810 Vanitas

1915 3842 2060 3896 enim
2083 3858 2273 3897 revera
2299 3852 2383 3898 est
2409 3843 2575 3912 hujus
2600 3843 2728 3898 vitae
2763 3844 3068 3910 distractio,
3103 3854 3267 3916 atque
3298 3863 3483 3902 rerum

1918 3932 2298 4001 temporalium
2345 3930 2524 3986 inanis
2572 3932 2885 3999 oblectatio,
2918 3948 2947 3987 a
2997 3934 3200 4004 quibus
3246 3936 3484 4007 disjungi

1918 4030 2080 4092 atque
2097 4022 2350 4078 recedere
2372 4031 2645 4092 oportere,
2671 4039 2970 4093 earumque
2996 4041 3178 4080 rerum
3202 4027 3288 4081 vel
3315 4028 3486 4081 solam

1920 4113 2265 4183 cogitationis
2302 4128 2428 4167 cum
2464 4114 2743 4183 voluptate
2789 4116 3135 4183 conjunctam
3170 4117 3485 4171 consideras

1922 4203 2125 4257 tionem
2164 4204 2242 4266 ei,
2263 4203 2359 4271 qui
2389 4211 2537 4257 recte
2568 4203 2779 4271 ingredi
2813 4204 2980 4269 velit,
3015 4219 3137 4259 esse
3167 4206 3485 4269 cavendam,

1923 4293 2052 4347 hinc
2084 4293 2242 4347 facile
2268 4294 2497 4364 intelligi
2514 4302 2712 4362 potest.

1998 4473 2195 4530 PALL.
2220 4473 2526 4537 Undenam,
2568 4472 2794 4542 qmeso?

1999 4586 2108 4659 24
2128 4587 2284 4643 CYR.
2321 4587 2687 4642 Sodomorum
2729 4585 3088 4651 habitatores,
3130 4601 3253 4642 cum
3294 4587 3361 4642 ad
3401 4604 3491 4644 eas

1925 4681 2253 4750 voluptates,
2284 4694 2405 4748 quae
2431 4686 2627 4748 praeter
2649 4686 2898 4733 naturam
2933 4687 3147 4742 essent,
3186 4679 3501 4734 humaniter

1926 4772 2077 4825 velut
2117 4779 2285 4825 (nstro
2323 4769 2557 4837 quodam
2591 4769 3036 4835 stimularentur,
3077 4784 3313 4838 cumque
3361 4785 3491 4823 con-

1928 4871 2133 4931 tempta
2165 4875 2491 4929 congressus
2525 4860 2666 4931 lege,
2699 4876 2861 4932 quam
2910 4860 3100 4915 liberis
3145 4861 3498 4930 procreandis

1931 4951 2257 5019 naturaipsa
2289 4951 2641 5021 praescripsit,
2672 4951 3039 5005 masculorum
3079 4950 3259 5020 specie
3305 4950 3494 5013 illecti,

1936 5044 2005 5097 ad
2033 5042 2293 5097 libidines
2319 5043 2718 5108 excitarentur,
2750 5043 3009 5111 nullaque
3048 5042 3188 5096 adeo
3234 5041 3495 5114 ﬂagitiosa

1937 5148 2023 5188 res
2055 5140 2201 5187 esset
2241 5148 2272 5187 a
2298 5149 2407 5203 qua
2446 5132 2807 5203 perpetranda
2838 5131 3209 5198 abstinerent,
3245 5134 3380 5188 iram
3404 5134 3496 5189 Dei

1935 5233 2322 5294 provocarunt,
2358 5234 2414 5281 et
2441 5225 2752 5280 Creatorem
2797 5224 3005 5295 alioqui
3046 5227 3378 5299 benignum,
3431 5227 3497 5281 ad

1936 5332 2122 5384 poenas
2163 5319 2231 5371 ab
2268 5320 2350 5372 eis
2375 5318 2695 5387 repetendas
2731 5317 3061 5376 descendere
3101 5320 3505 5393 quodammodo

1938 5415 2251 5476 coegerunt.
2286 5406 2508 5477 Itaque,
2566 5422 2690 5461 cum
2750 5417 2965 5479 tempus
3008 5411 3197 5466 luendi
3251 5409 3509 5479 supplicii

1938 5497 2186 5559 instaret,
2208 5496 2494 5566 absumpta
2513 5498 2623 5569 jam
2648 5501 3050 5568 quodammodo
3090 5503 3275 5558 divina
3318 5502 3374 5556 in
3427 5502 3515 5557 eis

1942 5587 2224 5657 patientia,
2252 5588 2478 5659 ingressi
2526 5600 2653 5645 sunt
2673 5591 2909 5648 Sodoma
2929 5594 3157 5651 ultionis
3182 5594 3379 5649 divina:
3408 5590 3512 5645 mio

1949 5791 1992 5823 ⁸⁷
2042 5790 2185 5845 Psal.
2229 5808 2407 5857 cxvm,
2468 5794 2555 5847 37.

3121 5878 3159 5937 6
