  <div class='ocr_page' id='page_1' title='image "/cluster/home/n/w/nwhite01/storage/ocr_20150623/68/pst.000005712694/095.png"; bbox 0 0 3998 6304; ppageno 0'>
   <div class='ocr_carea' id='block_1_1' title="bbox 505 355 599 410">
    <p class='ocr_par' dir='ltr' id='par_1_1' title="bbox 505 355 599 410">
     <span class='ocr_line' id='line_1_1' title="bbox 505 355 599 410; baseline -0.021 -1"><span class='ocrx_word' id='word_1_1' title='bbox 505 355 599 410; x_wconf 75' lang='grc'><strong>171</strong></span> 
     </span>
    </p>
   </div>
   <div class='ocr_carea' id='block_1_2' title="bbox 1520 347 2743 408">
    <p class='ocr_par' dir='ltr' id='par_1_2' title="bbox 1520 347 2743 408">
     <span class='ocr_line' id='line_1_2' title="bbox 1520 347 2743 408; baseline -0.004 0"><span class='ocrx_word' id='word_1_2' title='bbox 1520 353 1573 408; x_wconf 90' lang='lat' dir='ltr'><strong>S.</strong></span> <span class='ocrx_word' id='word_1_3' title='bbox 1615 351 1887 408; x_wconf 71' lang='lat' dir='ltr'><strong>CYltlLLl</strong></span> <span class='ocrx_word' id='word_1_4' title='bbox 1927 348 2392 404; x_wconf 55' lang='lat' dir='ltr'><strong>ALEXMVDR&#39;INI</strong></span> <span class='ocrx_word' id='word_1_5' title='bbox 2431 347 2743 405; x_wconf 76' lang='lat' dir='ltr'><strong>ARCHlE-P.</strong></span> 
     </span>
    </p>
   </div>
   <div class='ocr_carea' id='block_1_3' title="bbox 3626 352 3732 409">
    <p class='ocr_par' dir='ltr' id='par_1_3' title="bbox 3626 352 3732 409">
     <span class='ocr_line' id='line_1_3' title="bbox 3626 352 3732 409; baseline 0.019 -2"><span class='ocrx_word' id='word_1_6' title='bbox 3626 352 3732 409; x_wconf 68' lang='grc'><strong>172</strong></span> 
     </span>
    </p>
   </div>
   <div class='ocr_carea' id='block_1_4' title="bbox 497 461 2062 539">
    <p class='ocr_par' dir='ltr' id='par_1_4' title="bbox 497 465 2058 539">
     <span class='ocr_line' id='line_1_4' title="bbox 497 465 2058 539; baseline -0.004 -15"><span class='ocrx_word' id='word_1_7' title='bbox 497 467 674 524; x_wconf 86' lang='lat' dir='ltr'><strong>nistri.</strong></span> <span class='ocrx_word' id='word_1_8' title='bbox 709 465 800 522; x_wconf 90' lang='lat' dir='ltr'><strong>Sic</strong></span> <span class='ocrx_word' id='word_1_9' title='bbox 826 481 1061 536; x_wconf 80' lang='lat' dir='ltr'><strong>namque</strong></span> <span class='ocrx_word' id='word_1_10' title='bbox 1077 467 1340 539; x_wconf 89' lang='lat' dir='ltr'><strong>scriptum</strong></span> <span class='ocrx_word' id='word_1_11' title='bbox 1365 476 1481 524; x_wconf 87' lang='lat' dir='ltr'><strong>est:</strong></span> <span class='ocrx_word' id='word_1_12' title='bbox 1518 487 1533 518; x_wconf 85' lang='grc'>‹</span> <span class='ocrx_word' id='word_1_13' title='bbox 1575 469 1853 523; x_wconf 76' lang='lat' dir='ltr'><strong>Venerunt</strong></span> <span class='ocrx_word' id='word_1_14' title='bbox 1875 474 2058 521; x_wconf 88' lang='lat' dir='ltr'><strong>autem</strong></span> 
     </span>
    </p>
   </div>
   <div class='ocr_carea' id='block_1_5' title="bbox 2161 461 3731 539">
    <p class='ocr_par' dir='ltr' id='par_1_5' title="bbox 2161 461 3731 538">
     <span class='ocr_line' id='line_1_5' title="bbox 2161 461 3731 538; baseline 0.003 -24"><span class='ocrx_word' id='word_1_15' title='bbox 2161 461 2311 532; x_wconf 79' lang='grc' dir='ltr'>παρὰ</span> <span class='ocrx_word' id='word_1_16' title='bbox 2357 463 2454 531; x_wconf 82' lang='grc' dir='ltr'>τὴν</span> <span class='ocrx_word' id='word_1_17' title='bbox 2487 462 2660 532; x_wconf 83' lang='grc' dir='ltr'>πύλην</span> <span class='ocrx_word' id='word_1_18' title='bbox 2701 461 2964 533; x_wconf 85' lang='grc' dir='ltr'>Σοδόμων.</span> <span class='ocrx_word' id='word_1_19' title='bbox 3013 462 3154 516; x_wconf 86' lang='grc' dir='ltr'>Ἰδὼν</span> <span class='ocrx_word' id='word_1_20' title='bbox 3189 463 3245 515; x_wconf 85' lang='grc' dir='ltr'>δὲ</span> <span class='ocrx_word' id='word_1_21' title='bbox 3292 462 3434 526; x_wconf 82' lang='grc' dir='ltr'>Λὼτ,</span> <span class='ocrx_word' id='word_1_22' title='bbox 3471 463 3731 538; x_wconf 76' lang='grc' dir='ltr'><strong>ἐξανέστη</strong></span> 
     </span>
    </p>
   </div>
   <div class='ocr_carea' id='block_1_6' title="bbox 495 555 2060 627">
    <p class='ocr_par' dir='ltr' id='par_1_6' title="bbox 495 555 2060 627">
     <span class='ocr_line' id='line_1_6' title="bbox 495 555 2060 627; baseline -0.003 -16"><span class='ocrx_word' id='word_1_23' title='bbox 495 557 607 611; x_wconf 87' lang='lat' dir='ltr'><strong>duo</strong></span> <span class='ocrx_word' id='word_1_24' title='bbox 644 557 821 627; x_wconf 82' lang='lat' dir='ltr'><strong>angeli</strong></span> <span class='ocrx_word' id='word_1_25' title='bbox 845 555 1136 611; x_wconf 88' lang='lat' dir='ltr'><strong>Sodomam</strong></span> <span class='ocrx_word' id='word_1_26' title='bbox 1182 557 1416 626; x_wconf 81' lang='lat' dir='ltr'><strong>vesperi.</strong></span> <span class='ocrx_word' id='word_1_27' title='bbox 1474 557 1576 611; x_wconf 86' lang='lat' dir='ltr'><strong>Lot</strong></span> <span class='ocrx_word' id='word_1_28' title='bbox 1616 565 1799 611; x_wconf 91' lang='lat' dir='ltr'><strong>autem</strong></span> <span class='ocrx_word' id='word_1_29' title='bbox 1836 555 2060 610; x_wconf 89' lang='lat' dir='ltr'><strong>sedebat</strong></span> 
     </span>
    </p>
   </div>
   <div class='ocr_carea' id='block_1_7' title="bbox 496 644 2062 716">
    <p class='ocr_par' dir='ltr' id='par_1_7' title="bbox 496 644 2062 716">
     <span class='ocr_line' id='line_1_7' title="bbox 496 644 2062 716; baseline -0.002 -17"><span class='ocrx_word' id='word_1_30' title='bbox 496 660 665 716; x_wconf 87' lang='lat' dir='ltr'><strong>prope</strong></span> <span class='ocrx_word' id='word_1_31' title='bbox 695 651 906 714; x_wconf 89' lang='lat' dir='ltr'><strong>portam</strong></span> <span class='ocrx_word' id='word_1_32' title='bbox 931 644 1311 699; x_wconf 88' lang='lat' dir='ltr'><strong>Sodomorum.</strong></span> <span class='ocrx_word' id='word_1_33' title='bbox 1344 644 1548 700; x_wconf 76' lang='lat' dir='ltr'><strong>Videns</strong></span> <span class='ocrx_word' id='word_1_34' title='bbox 1583 652 1763 698; x_wconf 90' lang='lat' dir='ltr'><strong>autem</strong></span> <span class='ocrx_word' id='word_1_35' title='bbox 1795 644 1918 708; x_wconf 92' lang='lat' dir='ltr'><strong>Lot,</strong></span> <span class='ocrx_word' id='word_1_36' title='bbox 1941 658 2062 697; x_wconf 91' lang='lat' dir='ltr'><strong>sur-</strong></span> 
     </span>
    </p>
   </div>
   <div class='ocr_carea' id='block_1_8' title="bbox 497 733 2062 804">
    <p class='ocr_par' dir='ltr' id='par_1_8' title="bbox 497 733 2062 804">
     <span class='ocr_line' id='line_1_8' title="bbox 497 733 2062 804; baseline -0.002 -13"><span class='ocrx_word' id='word_1_37' title='bbox 497 735 639 791; x_wconf 83' lang='lat' dir='ltr'><strong>rexit</strong></span> <span class='ocrx_word' id='word_1_38' title='bbox 670 736 726 790; x_wconf 91' lang='lat' dir='ltr'><strong>in</strong></span> <span class='ocrx_word' id='word_1_39' title='bbox 769 749 1059 789; x_wconf 90' lang='lat' dir='ltr'><strong>occursum</strong></span> <span class='ocrx_word' id='word_1_40' title='bbox 1100 750 1314 800; x_wconf 89' lang='lat' dir='ltr'><strong>eorum,</strong></span> <span class='ocrx_word' id='word_1_41' title='bbox 1362 744 1419 790; x_wconf 90' lang='lat' dir='ltr'><strong>et</strong></span> <span class='ocrx_word' id='word_1_42' title='bbox 1469 733 1716 789; x_wconf 76' lang='lat' dir='ltr'><strong>adoravit</strong></span> <span class='ocrx_word' id='word_1_43' title='bbox 1750 750 1957 804; x_wconf 90' lang='lat' dir='ltr'><strong>pronus</strong></span> <span class='ocrx_word' id='word_1_44' title='bbox 2003 733 2062 788; x_wconf 90' lang='lat' dir='ltr'><strong>in</strong></span> 
     </span>
    </p>
   </div>
   <div class='ocr_carea' id='block_1_9' title="bbox 500 823 2060 890">
    <p class='ocr_par' dir='ltr' id='par_1_9' title="bbox 500 823 2060 890">
     <span class='ocr_line' id='line_1_9' title="bbox 500 823 2060 890; baseline -0.001 -11"><span class='ocrx_word' id='word_1_45' title='bbox 500 832 720 890; x_wconf 89' lang='lat' dir='ltr'><strong>terram,</strong></span> <span class='ocrx_word' id='word_1_46' title='bbox 753 833 809 880; x_wconf 92' lang='lat' dir='ltr'><strong>et</strong></span> <span class='ocrx_word' id='word_1_47' title='bbox 829 824 967 879; x_wconf 82' lang='lat' dir='ltr'><strong>dixit</strong></span> <span class='ocrx_word' id='word_1_48' title='bbox 1000 825 1138 890; x_wconf 88' lang='lat' dir='ltr'><strong>:En,</strong></span> <span class='ocrx_word' id='word_1_49' title='bbox 1189 824 1418 890; x_wconf 87' lang='lat' dir='ltr'><strong>domini,</strong></span> <span class='ocrx_word' id='word_1_50' title='bbox 1438 825 1706 880; x_wconf 89' lang='lat' dir='ltr'><strong>declinate</strong></span> <span class='ocrx_word' id='word_1_51' title='bbox 1743 823 1801 878; x_wconf 90' lang='lat' dir='ltr'><strong>in</strong></span> <span class='ocrx_word' id='word_1_52' title='bbox 1838 824 2060 879; x_wconf 88' lang='lat' dir='ltr'><strong>domum</strong></span> 
     </span>
    </p>
   </div>
   <div class='ocr_carea' id='block_1_10' title="bbox 498 912 2058 984">
    <p class='ocr_par' dir='ltr' id='par_1_10' title="bbox 498 912 2058 984">
     <span class='ocr_line' id='line_1_10' title="bbox 498 912 2058 984; baseline -0.001 -14"><span class='ocrx_word' id='word_1_53' title='bbox 498 914 643 971; x_wconf 82' lang='lat' dir='ltr'><strong>servi</strong></span> <span class='ocrx_word' id='word_1_54' title='bbox 675 915 866 978; x_wconf 87' lang='lat' dir='ltr'><strong>vestri,</strong></span> <span class='ocrx_word' id='word_1_55' title='bbox 886 923 942 970; x_wconf 90' lang='lat' dir='ltr'><strong>et</strong></span> <span class='ocrx_word' id='word_1_56' title='bbox 974 914 1252 978; x_wconf 86' lang='lat' dir='ltr'><strong>divertite,</strong></span> <span class='ocrx_word' id='word_1_57' title='bbox 1301 922 1357 969; x_wconf 91' lang='lat' dir='ltr'><strong>et</strong></span> <span class='ocrx_word' id='word_1_58' title='bbox 1395 914 1600 968; x_wconf 89' lang='lat' dir='ltr'><strong>abluite</strong></span> <span class='ocrx_word' id='word_1_59' title='bbox 1627 912 1795 984; x_wconf 86' lang='lat' dir='ltr'><strong>pedes</strong></span> <span class='ocrx_word' id='word_1_60' title='bbox 1825 921 2058 978; x_wconf 76' lang='lat' dir='ltr'><strong>vestros,</strong></span> 
     </span>
    </p>
   </div>
   <div class='ocr_carea' id='block_1_11' title="bbox 496 1005 2060 1078">
    <p class='ocr_par' dir='ltr' id='par_1_11' title="bbox 496 1005 2060 1078">
     <span class='ocr_line' id='line_1_11' title="bbox 496 1005 2060 1078; baseline -0.003 -16"><span class='ocrx_word' id='word_1_61' title='bbox 496 1016 553 1062; x_wconf 87' lang='lat' dir='ltr'><strong>et</strong></span> <span class='ocrx_word' id='word_1_62' title='bbox 583 1023 739 1062; x_wconf 92' lang='lat' dir='ltr'><strong>mane</strong></span> <span class='ocrx_word' id='word_1_63' title='bbox 776 1015 1060 1078; x_wconf 79' lang='lat' dir='ltr'><strong>surgentes</strong></span> <span class='ocrx_word' id='word_1_64' title='bbox 1076 1005 1496 1076; x_wconf 81' lang='lat' dir='ltr'><strong>proticiscemini</strong></span> <span class='ocrx_word' id='word_1_65' title='bbox 1543 1006 1599 1060; x_wconf 90' lang='lat' dir='ltr'><strong>in</strong></span> <span class='ocrx_word' id='word_1_66' title='bbox 1627 1005 1771 1059; x_wconf 90' lang='lat' dir='ltr'><strong>viam</strong></span> <span class='ocrx_word' id='word_1_67' title='bbox 1801 1014 2060 1059; x_wconf 82' lang='lat' dir='ltr'><strong>vestram.</strong></span> 
     </span>
    </p>
   </div>
   <div class='ocr_carea' id='block_1_12' title="bbox 497 1093 2065 1165">
    <p class='ocr_par' dir='ltr' id='par_1_12' title="bbox 497 1093 2065 1165">
     <span class='ocr_line' id='line_1_12' title="bbox 497 1093 2065 1165; baseline -0.002 -15"><span class='ocrx_word' id='word_1_68' title='bbox 497 1095 567 1150; x_wconf 89' lang='lat' dir='ltr'><strong>Et</strong></span> <span class='ocrx_word' id='word_1_69' title='bbox 613 1095 870 1149; x_wconf 89' lang='lat' dir='ltr'><strong>dixerunt</strong></span> <span class='ocrx_word' id='word_1_70' title='bbox 905 1094 1084 1149; x_wconf 88' lang='lat' dir='ltr'><strong>:Non.</strong></span> <span class='ocrx_word' id='word_1_71' title='bbox 1125 1093 1234 1149; x_wconf 87' lang='lat' dir='ltr'><strong>Sed</strong></span> <span class='ocrx_word' id='word_1_72' title='bbox 1279 1094 1336 1149; x_wconf 92' lang='lat' dir='ltr'><strong>in</strong></span> <span class='ocrx_word' id='word_1_73' title='bbox 1379 1095 1561 1165; x_wconf 86' lang='lat' dir='ltr'><strong>platea</strong></span> <span class='ocrx_word' id='word_1_74' title='bbox 1605 1093 1969 1149; x_wconf 85' lang='lat' dir='ltr'><strong>manebimus.</strong></span> <span class='ocrx_word' id='word_1_75' title='bbox 1994 1094 2065 1148; x_wconf 90' lang='lat' dir='ltr'><strong>Et</strong></span> 
     </span>
    </p>
   </div>
   <div class='ocr_carea' id='block_1_13' title="bbox 497 1184 2062 1257">
    <p class='ocr_par' dir='ltr' id='par_1_13' title="bbox 497 1184 2062 1257">
     <span class='ocr_line' id='line_1_13' title="bbox 497 1184 2062 1257; baseline 0.001 -16"><span class='ocrx_word' id='word_1_76' title='bbox 497 1186 677 1256; x_wconf 81' lang='lat' dir='ltr'><strong>coegit</strong></span> <span class='ocrx_word' id='word_1_77' title='bbox 701 1185 846 1250; x_wconf 91' lang='lat' dir='ltr'><strong>illos,</strong></span> <span class='ocrx_word' id='word_1_78' title='bbox 875 1191 933 1240; x_wconf 90' lang='lat' dir='ltr'><strong>et</strong></span> <span class='ocrx_word' id='word_1_79' title='bbox 973 1184 1391 1242; x_wconf 81' lang='lat' dir='ltr'><strong>declinaverunt</strong></span> <span class='ocrx_word' id='word_1_80' title='bbox 1437 1187 1506 1241; x_wconf 88' lang='lat' dir='ltr'><strong>ad</strong></span> <span class='ocrx_word' id='word_1_81' title='bbox 1541 1202 1692 1252; x_wconf 88' lang='lat' dir='ltr'><strong>eum,</strong></span> <span class='ocrx_word' id='word_1_82' title='bbox 1730 1196 1787 1242; x_wconf 90' lang='lat' dir='ltr'><strong>et</strong></span> <span class='ocrx_word' id='word_1_83' title='bbox 1831 1187 2062 1257; x_wconf 88' lang='lat' dir='ltr'><strong>ingressi</strong></span> 
     </span>
    </p>
   </div>
   <div class='ocr_carea' id='block_1_14' title="bbox 500 1275 2065 1348">
    <p class='ocr_par' dir='ltr' id='par_1_14' title="bbox 500 1275 2065 1348">
     <span class='ocr_line' id='line_1_14' title="bbox 500 1275 2065 1348; baseline 0 -18"><span class='ocrx_word' id='word_1_84' title='bbox 500 1284 630 1330; x_wconf 89' lang='lat' dir='ltr'><strong>sunt</strong></span> <span class='ocrx_word' id='word_1_85' title='bbox 651 1275 874 1330; x_wconf 87' lang='lat' dir='ltr'><strong>domum</strong></span> <span class='ocrx_word' id='word_1_86' title='bbox 907 1277 1047 1348; x_wconf 83' lang='lat' dir='ltr'><strong>ejus,</strong></span> <span class='ocrx_word' id='word_1_87' title='bbox 1078 1284 1135 1331; x_wconf 90' lang='lat' dir='ltr'><strong>et</strong></span> <span class='ocrx_word' id='word_1_88' title='bbox 1171 1276 1303 1331; x_wconf 90' lang='lat' dir='ltr'><strong>fecit</strong></span> <span class='ocrx_word' id='word_1_89' title='bbox 1329 1277 1410 1332; x_wconf 92' lang='lat' dir='ltr'><strong>eis</strong></span> <span class='ocrx_word' id='word_1_90' title='bbox 1453 1277 1787 1342; x_wconf 85' lang='lat' dir='ltr'><strong>convivium,</strong></span> <span class='ocrx_word' id='word_1_91' title='bbox 1827 1286 1884 1332; x_wconf 91' lang='lat' dir='ltr'><strong>et</strong></span> <span class='ocrx_word' id='word_1_92' title='bbox 1917 1277 2065 1331; x_wconf 80' lang='lat' dir='ltr'><strong>coxit</strong></span> 
     </span>
    </p>
   </div>
   <div class='ocr_carea' id='block_1_15' title="bbox 499 1366 2056 1437">
    <p class='ocr_par' dir='ltr' id='par_1_15' title="bbox 499 1366 2056 1437">
     <span class='ocr_line' id='line_1_15' title="bbox 499 1366 2056 1437; baseline -0.001 -17"><span class='ocrx_word' id='word_1_93' title='bbox 499 1381 706 1437; x_wconf 84' lang='lat' dir='ltr'><strong>azyma,</strong></span> <span class='ocrx_word' id='word_1_94' title='bbox 733 1374 788 1420; x_wconf 90' lang='lat' dir='ltr'><strong>et</strong></span> <span class='ocrx_word' id='word_1_95' title='bbox 807 1366 1164 1422; x_wconf 84' lang='lat' dir='ltr'><strong>comederunt</strong></span> <span class='ocrx_word' id='word_1_96' title='bbox 1193 1374 1484 1437; x_wconf 85' lang='lat' dir='ltr'><strong>antequam</strong></span> <span class='ocrx_word' id='word_1_97' title='bbox 1511 1368 1654 1422; x_wconf 87' lang='lat' dir='ltr'><strong>irent</strong></span> <span class='ocrx_word' id='word_1_98' title='bbox 1673 1367 1922 1422; x_wconf 87' lang='lat' dir='ltr'><strong>cubitum</strong></span> <span class='ocrx_word' id='word_1_99' title='bbox 1941 1367 2006 1419; x_wconf 83' lang='lat'><strong>“..</strong></span> <span class='ocrx_word' id='word_1_100' title='bbox 2037 1385 2056 1418; x_wconf 69' lang='grc' dir='ltr'><strong>ι</strong></span> 
     </span>
    </p>
   </div>
   <div class='ocr_carea' id='block_1_16' title="bbox 498 1455 2063 1526">
    <p class='ocr_par' dir='ltr' id='par_1_16' title="bbox 498 1455 2063 1526">
     <span class='ocr_line' id='line_1_16' title="bbox 498 1455 2063 1526; baseline 0.001 -16"><span class='ocrx_word' id='word_1_101' title='bbox 498 1455 600 1510; x_wconf 88' lang='lat' dir='ltr'><strong>Lot</strong></span> <span class='ocrx_word' id='word_1_102' title='bbox 627 1471 859 1526; x_wconf 87' lang='lat' dir='ltr'><strong>namque</strong></span> <span class='ocrx_word' id='word_1_103' title='bbox 892 1471 1016 1511; x_wconf 92' lang='lat' dir='ltr'><strong>cum</strong></span> <span class='ocrx_word' id='word_1_104' title='bbox 1054 1473 1120 1511; x_wconf 86' lang='lat' dir='ltr'><strong>ex</strong></span> <span class='ocrx_word' id='word_1_105' title='bbox 1153 1458 1361 1512; x_wconf 80' lang='lat' dir='ltr'><strong>semine</strong></span> <span class='ocrx_word' id='word_1_106' title='bbox 1399 1467 1544 1512; x_wconf 90' lang='lat' dir='ltr'><strong>esset</strong></span> <span class='ocrx_word' id='word_1_107' title='bbox 1587 1457 1880 1522; x_wconf 81' lang='lat' dir='ltr'><strong>Abraham,</strong></span> <span class='ocrx_word' id='word_1_108' title='bbox 1919 1464 1974 1511; x_wconf 93' lang='lat' dir='ltr'><strong>et</strong></span> <span class='ocrx_word' id='word_1_109' title='bbox 2008 1457 2063 1512; x_wconf 91' lang='lat' dir='ltr'><strong>in</strong></span> 
     </span>
    </p>
   </div>
   <div class='ocr_carea' id='block_1_17' title="bbox 498 1545 2064 1616">
    <p class='ocr_par' dir='ltr' id='par_1_17' title="bbox 498 1545 2064 1616">
     <span class='ocr_line' id='line_1_17' title="bbox 498 1545 2064 1616; baseline 0 -18"><span class='ocrx_word' id='word_1_110' title='bbox 498 1545 663 1600; x_wconf 90' lang='lat' dir='ltr'><strong>rectis</strong></span> <span class='ocrx_word' id='word_1_111' title='bbox 686 1545 900 1616; x_wconf 85' lang='lat' dir='ltr'><strong>legibus</strong></span> <span class='ocrx_word' id='word_1_112' title='bbox 926 1545 1212 1612; x_wconf 86' lang='lat' dir='ltr'><strong>educatus,</strong></span> <span class='ocrx_word' id='word_1_113' title='bbox 1238 1555 1294 1600; x_wconf 87' lang='lat' dir='ltr'><strong>et</strong></span> <span class='ocrx_word' id='word_1_114' title='bbox 1325 1545 1548 1616; x_wconf 90' lang='lat' dir='ltr'><strong>pietatis</strong></span> <span class='ocrx_word' id='word_1_115' title='bbox 1588 1547 1645 1602; x_wconf 89' lang='lat' dir='ltr'><strong>in</strong></span> <span class='ocrx_word' id='word_1_116' title='bbox 1693 1547 1868 1602; x_wconf 91' lang='lat' dir='ltr'><strong>Deum</strong></span> <span class='ocrx_word' id='word_1_117' title='bbox 1898 1545 2064 1599; x_wconf 90' lang='lat' dir='ltr'><strong>vehe-</strong></span> 
     </span>
    </p>
   </div>
   <div class='ocr_carea' id='block_1_18' title="bbox 499 1635 2065 1702">
    <p class='ocr_par' dir='ltr' id='par_1_18' title="bbox 499 1635 2065 1702">
     <span class='ocr_line' id='line_1_18' title="bbox 499 1635 2065 1702; baseline 0.001 -14"><span class='ocrx_word' id='word_1_118' title='bbox 499 1643 712 1690; x_wconf 87' lang='lat' dir='ltr'><strong>menter</strong></span> <span class='ocrx_word' id='word_1_119' title='bbox 767 1635 1071 1702; x_wconf 88' lang='lat' dir='ltr'><strong>studiosus,</strong></span> <span class='ocrx_word' id='word_1_120' title='bbox 1138 1637 1424 1692; x_wconf 85' lang='lat' dir='ltr'><strong>babitabat</strong></span> <span class='ocrx_word' id='word_1_121' title='bbox 1495 1637 1550 1692; x_wconf 91' lang='lat' dir='ltr'><strong>in</strong></span> <span class='ocrx_word' id='word_1_122' title='bbox 1605 1636 1876 1692; x_wconf 88' lang='lat' dir='ltr'><strong>Sodomis.</strong></span> <span class='ocrx_word' id='word_1_123' title='bbox 1933 1637 2065 1691; x_wconf 89' lang='lat' dir='ltr'><strong>Erat</strong></span> 
     </span>
    </p>
   </div>
   <div class='ocr_carea' id='block_1_19' title="bbox 498 1727 2061 1798">
    <p class='ocr_par' dir='ltr' id='par_1_19' title="bbox 498 1727 2061 1798">
     <span class='ocr_line' id='line_1_19' title="bbox 498 1727 2061 1798; baseline -0.001 -17"><span class='ocrx_word' id='word_1_124' title='bbox 498 1736 678 1782; x_wconf 84' lang='lat' dir='ltr'><strong>autem</strong></span> <span class='ocrx_word' id='word_1_125' title='bbox 709 1727 854 1798; x_wconf 90' lang='lat' dir='ltr'><strong>apud</strong></span> <span class='ocrx_word' id='word_1_126' title='bbox 886 1743 982 1784; x_wconf 92' lang='lat' dir='ltr'><strong>eos</strong></span> <span class='ocrx_word' id='word_1_127' title='bbox 1016 1727 1224 1783; x_wconf 85' lang='lat' dir='ltr'><strong>advena</strong></span> <span class='ocrx_word' id='word_1_128' title='bbox 1251 1736 1306 1782; x_wconf 88' lang='lat' dir='ltr'><strong>et</strong></span> <span class='ocrx_word' id='word_1_129' title='bbox 1331 1727 1531 1798; x_wconf 89' lang='lat' dir='ltr'><strong>hospes</strong></span> <span class='ocrx_word' id='word_1_130' title='bbox 1555 1735 1613 1782; x_wconf 91' lang='lat' dir='ltr'><strong>et</strong></span> <span class='ocrx_word' id='word_1_131' title='bbox 1635 1741 1833 1798; x_wconf 85' lang='lat' dir='ltr'><strong>genere</strong></span> <span class='ocrx_word' id='word_1_132' title='bbox 1867 1735 1921 1780; x_wconf 92' lang='lat' dir='ltr'><strong>et</strong></span> <span class='ocrx_word' id='word_1_133' title='bbox 1943 1741 2061 1780; x_wconf 88' lang='lat' dir='ltr'><strong>mo-</strong></span> 
     </span>
    </p>
   </div>
   <div class='ocr_carea' id='block_1_20' title="bbox 498 1796 2139 1885">
    <p class='ocr_par' dir='ltr' id='par_1_20' title="bbox 498 1796 2139 1885">
     <span class='ocr_line' id='line_1_20' title="bbox 498 1796 2139 1885; baseline -0.002 -12"><span class='ocrx_word' id='word_1_134' title='bbox 498 1819 672 1873; x_wconf 92' lang='lat' dir='ltr'><strong>ribus.</strong></span> <span class='ocrx_word' id='word_1_135' title='bbox 712 1839 731 1871; x_wconf 76' lang='grc' dir='ltr'><strong>ι</strong></span> <span class='ocrx_word' id='word_1_136' title='bbox 765 1817 895 1885; x_wconf 72' lang='lat' dir='ltr'><strong>Qua:</strong></span> <span class='ocrx_word' id='word_1_137' title='bbox 916 1819 1063 1874; x_wconf 90' lang='lat' dir='ltr'><strong>enim</strong></span> <span class='ocrx_word' id='word_1_138' title='bbox 1104 1818 1337 1873; x_wconf 89' lang='lat' dir='ltr'><strong>societas</strong></span> <span class='ocrx_word' id='word_1_139' title='bbox 1378 1818 1490 1873; x_wconf 92' lang='lat' dir='ltr'><strong>luci</strong></span> <span class='ocrx_word' id='word_1_140' title='bbox 1541 1817 1616 1872; x_wconf 87' lang='lat' dir='ltr'><strong>ad</strong></span> <span class='ocrx_word' id='word_1_141' title='bbox 1642 1817 1936 1872; x_wconf 82' lang='lat' dir='ltr'><strong>tenebras?</strong></span> <span class='ocrx_word' id='word_1_142' title='bbox 1979 1817 2063 1871; x_wconf 85' lang='lat' dir='ltr'><strong>vel</strong></span> <span class='ocrx_word' id='word_1_143' title='bbox 2097 1796 2139 1852; x_wconf 76' lang='grc' dir='ltr'><strong><em>Β</em></strong></span> 
     </span>
    </p>
   </div>
   <div class='ocr_carea' id='block_1_21' title="bbox 497 1907 2061 1981">
    <p class='ocr_par' dir='ltr' id='par_1_21' title="bbox 497 1907 2061 1981">
     <span class='ocr_line' id='line_1_21' title="bbox 497 1907 2061 1981; baseline -0.002 -17"><span class='ocrx_word' id='word_1_144' title='bbox 497 1927 618 1980; x_wconf 68' lang='lat' dir='ltr'><strong>qua:</strong></span> <span class='ocrx_word' id='word_1_145' title='bbox 645 1927 770 1981; x_wconf 87' lang='lat' dir='ltr'><strong>pars</strong></span> <span class='ocrx_word' id='word_1_146' title='bbox 791 1910 936 1965; x_wconf 84' lang='lat' dir='ltr'><strong>ﬁdeli</strong></span> <span class='ocrx_word' id='word_1_147' title='bbox 968 1925 1096 1965; x_wconf 88' lang='lat' dir='ltr'><strong>cum</strong></span> <span class='ocrx_word' id='word_1_148' title='bbox 1117 1908 1362 1964; x_wconf 80' lang='lat' dir='ltr'><strong>infideli?</strong></span> <span class='ocrx_word' id='word_1_149' title='bbox 1384 1929 1402 1960; x_wconf 70' lang='grc' dir='ltr'><strong>ι</strong></span> <span class='ocrx_word' id='word_1_150' title='bbox 1427 1909 1570 1964; x_wconf 82' lang='lat' dir='ltr'><strong>sicut</strong></span> <span class='ocrx_word' id='word_1_151' title='bbox 1599 1907 1862 1978; x_wconf 89' lang='lat' dir='ltr'><strong>scriptum</strong></span> <span class='ocrx_word' id='word_1_152' title='bbox 1892 1916 1977 1963; x_wconf 91' lang='lat' dir='ltr'><strong>est</strong></span> <span class='ocrx_word' id='word_1_153' title='bbox 1997 1909 2061 1961; x_wconf 64' lang='grc' dir='ltr'><strong>θ’,</strong></span> 
     </span>
    </p>
   </div>
   <div class='ocr_carea' id='block_1_22' title="bbox 497 1999 2066 2073">
    <p class='ocr_par' dir='ltr' id='par_1_22' title="bbox 497 1999 2066 2073">
     <span class='ocr_line' id='line_1_22' title="bbox 497 1999 2066 2073; baseline 0 -18"><span class='ocrx_word' id='word_1_154' title='bbox 497 2001 681 2073; x_wconf 84' lang='lat' dir='ltr'><strong>Itaque</strong></span> <span class='ocrx_word' id='word_1_155' title='bbox 705 2017 828 2057; x_wconf 92' lang='lat' dir='ltr'><strong>cum</strong></span> <span class='ocrx_word' id='word_1_156' title='bbox 857 2009 1228 2058; x_wconf 80' lang='lat' dir='ltr'><strong>contemneret</strong></span> <span class='ocrx_word' id='word_1_157' title='bbox 1263 2001 1396 2056; x_wconf 84' lang='lat' dir='ltr'><strong>vitia</strong></span> <span class='ocrx_word' id='word_1_158' title='bbox 1453 1999 1852 2070; x_wconf 82' lang='lat' dir='ltr'><strong>indigenarum,</strong></span> <span class='ocrx_word' id='word_1_159' title='bbox 1877 2015 1941 2055; x_wconf 91' lang='lat' dir='ltr'><strong>ac</strong></span> <span class='ocrx_word' id='word_1_160' title='bbox 1968 2015 2066 2070; x_wconf 90' lang='lat' dir='ltr'><strong>per</strong></span> 
     </span>
    </p>
   </div>
   <div class='ocr_carea' id='block_1_23' title="bbox 496 2088 2062 2159">
    <p class='ocr_par' dir='ltr' id='par_1_23' title="bbox 496 2088 2062 2159">
     <span class='ocr_line' id='line_1_23' title="bbox 496 2088 2062 2159; baseline 0.001 -17"><span class='ocrx_word' id='word_1_161' title='bbox 496 2089 631 2143; x_wconf 82' lang='lat' dir='ltr'><strong>illud</strong></span> <span class='ocrx_word' id='word_1_162' title='bbox 679 2089 785 2143; x_wconf 89' lang='lat' dir='ltr'><strong>iter</strong></span> <span class='ocrx_word' id='word_1_163' title='bbox 811 2089 936 2143; x_wconf 60' lang='lat' dir='ltr'><strong>vitae</strong></span> <span class='ocrx_word' id='word_1_164' title='bbox 995 2088 1405 2159; x_wconf 85' lang='lat' dir='ltr'><strong>ingrederetur,</strong></span> <span class='ocrx_word' id='word_1_165' title='bbox 1460 2089 1549 2144; x_wconf 90' lang='lat' dir='ltr'><strong>cui</strong></span> <span class='ocrx_word' id='word_1_166' title='bbox 1609 2098 1862 2144; x_wconf 89' lang='lat' dir='ltr'><strong>assuetus</strong></span> <span class='ocrx_word' id='word_1_167' title='bbox 1921 2099 2062 2157; x_wconf 90' lang='lat' dir='ltr'><strong>erat,</strong></span> 
     </span>
    </p>
   </div>
   <div class='ocr_carea' id='block_1_24' title="bbox 494 2179 2065 2252">
    <p class='ocr_par' dir='ltr' id='par_1_24' title="bbox 494 2179 2065 2252">
     <span class='ocr_line' id='line_1_24' title="bbox 494 2179 2065 2252; baseline 0.001 -18"><span class='ocrx_word' id='word_1_168' title='bbox 494 2179 698 2235; x_wconf 88' lang='lat' dir='ltr'><strong>sanctis</strong></span> <span class='ocrx_word' id='word_1_169' title='bbox 729 2180 1132 2235; x_wconf 71' lang='lat' dir='ltr'><strong>adhaerescebat</strong></span> <span class='ocrx_word' id='word_1_170' title='bbox 1177 2181 1395 2247; x_wconf 88' lang='lat' dir='ltr'><strong>studiis,</strong></span> <span class='ocrx_word' id='word_1_171' title='bbox 1430 2189 1595 2252; x_wconf 89' lang='lat' dir='ltr'><strong>atque</strong></span> <span class='ocrx_word' id='word_1_172' title='bbox 1626 2197 1750 2237; x_wconf 90' lang='lat' dir='ltr'><strong>cum</strong></span> <span class='ocrx_word' id='word_1_173' title='bbox 1779 2181 2065 2252; x_wconf 91' lang='lat' dir='ltr'><strong>hospitali-</strong></span> 
     </span>
    </p>
   </div>
   <div class='ocr_carea' id='block_1_25' title="bbox 495 2269 2063 2340">
    <p class='ocr_par' dir='ltr' id='par_1_25' title="bbox 495 2269 2063 2340">
     <span class='ocr_line' id='line_1_25' title="bbox 495 2269 2063 2340; baseline 0 -17"><span class='ocrx_word' id='word_1_174' title='bbox 495 2271 624 2325; x_wconf 87' lang='lat' dir='ltr'><strong>tatis</strong></span> <span class='ocrx_word' id='word_1_175' title='bbox 659 2270 836 2340; x_wconf 89' lang='lat' dir='ltr'><strong>legem</strong></span> <span class='ocrx_word' id='word_1_176' title='bbox 864 2269 921 2324; x_wconf 91' lang='lat' dir='ltr'><strong>in</strong></span> <span class='ocrx_word' id='word_1_177' title='bbox 959 2269 1152 2339; x_wconf 90' lang='lat' dir='ltr'><strong>primis</strong></span> <span class='ocrx_word' id='word_1_178' title='bbox 1174 2270 1405 2335; x_wconf 90' lang='lat' dir='ltr'><strong>coleret,</strong></span> <span class='ocrx_word' id='word_1_179' title='bbox 1443 2270 1500 2324; x_wconf 91' lang='lat' dir='ltr'><strong>in</strong></span> <span class='ocrx_word' id='word_1_180' title='bbox 1543 2269 1661 2340; x_wconf 91' lang='lat' dir='ltr'><strong>ipso</strong></span> <span class='ocrx_word' id='word_1_181' title='bbox 1697 2269 1852 2324; x_wconf 88' lang='lat' dir='ltr'><strong>urbis</strong></span> <span class='ocrx_word' id='word_1_182' title='bbox 1910 2269 2063 2324; x_wconf 89' lang='lat' dir='ltr'><strong>aditu</strong></span> 
     </span>
    </p>
   </div>
   <div class='ocr_carea' id='block_1_26' title="bbox 495 2360 2066 2431">
    <p class='ocr_par' dir='ltr' id='par_1_26' title="bbox 495 2360 2066 2431">
     <span class='ocr_line' id='line_1_26' title="bbox 495 2360 2066 2431; baseline -0.001 -15"><span class='ocrx_word' id='word_1_183' title='bbox 495 2361 714 2426; x_wconf 90' lang='lat' dir='ltr'><strong>sedens,</strong></span> <span class='ocrx_word' id='word_1_184' title='bbox 767 2361 1138 2431; x_wconf 80' lang='lat' dir='ltr'><strong>ingredientes</strong></span> <span class='ocrx_word' id='word_1_185' title='bbox 1179 2360 1416 2431; x_wconf 84' lang='lat' dir='ltr'><strong>benigne</strong></span> <span class='ocrx_word' id='word_1_186' title='bbox 1462 2361 1767 2430; x_wconf 88' lang='lat' dir='ltr'><strong>accipiebat</strong></span> <span class='ocrx_word' id='word_1_187' title='bbox 1808 2379 1822 2414; x_wconf 86' lang='lat'><strong>:</strong></span> <span class='ocrx_word' id='word_1_188' title='bbox 1856 2361 2066 2415; x_wconf 84' lang='lat' dir='ltr'><strong>sciebat</strong></span> 
     </span>
    </p>
   </div>
   <div class='ocr_carea' id='block_1_27' title="bbox 492 2451 2060 2522">
    <p class='ocr_par' dir='ltr' id='par_1_27' title="bbox 492 2451 2060 2522">
     <span class='ocr_line' id='line_1_27' title="bbox 492 2451 2060 2522; baseline -0.001 -16"><span class='ocrx_word' id='word_1_189' title='bbox 492 2453 640 2506; x_wconf 88' lang='lat' dir='ltr'><strong>enim</strong></span> <span class='ocrx_word' id='word_1_190' title='bbox 666 2452 718 2506; x_wconf 91' lang='lat' dir='ltr'><strong>id</strong></span> <span class='ocrx_word' id='word_1_191' title='bbox 739 2467 857 2506; x_wconf 88' lang='lat' dir='ltr'><strong>esse</strong></span> <span class='ocrx_word' id='word_1_192' title='bbox 881 2452 994 2506; x_wconf 91' lang='lat' dir='ltr'><strong>Deo</strong></span> <span class='ocrx_word' id='word_1_193' title='bbox 1006 2461 1338 2522; x_wconf 86' lang='lat' dir='ltr'><strong>pergratum.</strong></span> <span class='ocrx_word' id='word_1_194' title='bbox 1369 2451 1505 2507; x_wconf 87' lang='lat' dir='ltr'><strong>Cum</strong></span> <span class='ocrx_word' id='word_1_195' title='bbox 1531 2467 1664 2507; x_wconf 83' lang='lat' dir='ltr'><strong>vero</strong></span> <span class='ocrx_word' id='word_1_196' title='bbox 1694 2452 1974 2506; x_wconf 88' lang='lat' dir='ltr'><strong>venissent</strong></span> <span class='ocrx_word' id='word_1_197' title='bbox 2001 2452 2060 2516; x_wconf 89' lang='lat' dir='ltr'><strong>ii,</strong></span> 
     </span>
    </p>
   </div>
   <div class='ocr_carea' id='block_1_28' title="bbox 493 2542 2061 2613">
    <p class='ocr_par' dir='ltr' id='par_1_28' title="bbox 493 2542 2061 2613">
     <span class='ocr_line' id='line_1_28' title="bbox 493 2542 2061 2613; baseline -0.001 -17"><span class='ocrx_word' id='word_1_198' title='bbox 493 2543 588 2611; x_wconf 85' lang='lat' dir='ltr'><strong>qui</strong></span> <span class='ocrx_word' id='word_1_199' title='bbox 612 2542 932 2596; x_wconf 90' lang='lat' dir='ltr'><strong>hominibus</strong></span> <span class='ocrx_word' id='word_1_200' title='bbox 958 2542 1195 2596; x_wconf 91' lang='lat' dir='ltr'><strong>libidine</strong></span> <span class='ocrx_word' id='word_1_201' title='bbox 1224 2542 1486 2598; x_wconf 78' lang='lat' dir='ltr'><strong>eﬂ&#39;renata</strong></span> <span class='ocrx_word' id='word_1_202' title='bbox 1516 2543 1829 2598; x_wconf 88' lang='lat' dir='ltr'><strong>furentibus</strong></span> <span class='ocrx_word' id='word_1_203' title='bbox 1853 2542 2061 2613; x_wconf 86' lang='lat' dir='ltr'><strong>suppli-</strong></span> 
     </span>
    </p>
   </div>
   <div class='ocr_carea' id='block_1_29' title="bbox 495 2631 2061 2706">
    <p class='ocr_par' dir='ltr' id='par_1_29' title="bbox 495 2631 2061 2706">
     <span class='ocr_line' id='line_1_29' title="bbox 495 2631 2061 2706; baseline 0 -20"><span class='ocrx_word' id='word_1_204' title='bbox 495 2633 640 2686; x_wconf 90' lang='lat' dir='ltr'><strong>cium</strong></span> <span class='ocrx_word' id='word_1_205' title='bbox 668 2632 872 2686; x_wconf 87' lang='lat' dir='ltr'><strong>illaturi</strong></span> <span class='ocrx_word' id='word_1_206' title='bbox 903 2641 1060 2687; x_wconf 89' lang='lat' dir='ltr'><strong>erant</strong></span> <span class='ocrx_word' id='word_1_207' title='bbox 1087 2633 1222 2703; x_wconf 89' lang='lat' dir='ltr'><strong>(par</strong></span> <span class='ocrx_word' id='word_1_208' title='bbox 1244 2632 1297 2686; x_wconf 93' lang='lat' dir='ltr'><strong>id</strong></span> <span class='ocrx_word' id='word_1_209' title='bbox 1329 2640 1448 2687; x_wconf 93' lang='lat' dir='ltr'><strong>erat</strong></span> <span class='ocrx_word' id='word_1_210' title='bbox 1477 2631 1836 2706; x_wconf 85' lang='lat' dir='ltr'><strong>angelorum),</strong></span> <span class='ocrx_word' id='word_1_211' title='bbox 1868 2648 2061 2687; x_wconf 89' lang='lat' dir='ltr'><strong>occur-</strong></span> 
     </span>
    </p>
   </div>
   <div class='ocr_carea' id='block_1_30' title="bbox 496 2721 2064 2793">
    <p class='ocr_par' dir='ltr' id='par_1_30' title="bbox 496 2721 2064 2793">
     <span class='ocr_line' id='line_1_30' title="bbox 496 2721 2064 2793; baseline 0.001 -18"><span class='ocrx_word' id='word_1_212' title='bbox 496 2722 568 2776; x_wconf 91' lang='lat' dir='ltr'><strong>rit</strong></span> <span class='ocrx_word' id='word_1_213' title='bbox 596 2723 867 2785; x_wconf 88' lang='lat' dir='ltr'><strong>alacriter,</strong></span> <span class='ocrx_word' id='word_1_214' title='bbox 900 2731 956 2777; x_wconf 92' lang='lat' dir='ltr'><strong>et</strong></span> <span class='ocrx_word' id='word_1_215' title='bbox 985 2721 1338 2792; x_wconf 85' lang='lat' dir='ltr'><strong>benignitatis</strong></span> <span class='ocrx_word' id='word_1_216' title='bbox 1377 2738 1488 2778; x_wconf 69' lang='lat' dir='ltr'><strong>sua:</strong></span> <span class='ocrx_word' id='word_1_217' title='bbox 1520 2723 1797 2793; x_wconf 89' lang='lat' dir='ltr'><strong>specimen</strong></span> <span class='ocrx_word' id='word_1_218' title='bbox 1841 2723 2064 2778; x_wconf 89' lang='lat' dir='ltr'><strong>eviden-</strong></span> 
     </span>
    </p>
   </div>
   <div class='ocr_carea' id='block_1_31' title="bbox 446 2801 2056 2885">
    <p class='ocr_par' dir='ltr' id='par_1_31' title="bbox 446 2801 2056 2885">
     <span class='ocr_line' id='line_1_31' title="bbox 446 2801 2056 2885; baseline 0.003 -20"><span class='ocrx_word' id='word_1_219' title='bbox 446 2801 454 2815; x_wconf 79' lang='grc'>’</span> <span class='ocrx_word' id='word_1_220' title='bbox 497 2813 768 2868; x_wconf 91' lang='lat' dir='ltr'><strong>tissimum</strong></span> <span class='ocrx_word' id='word_1_221' title='bbox 791 2814 898 2869; x_wconf 90' lang='lat' dir='ltr'><strong>illis</strong></span> <span class='ocrx_word' id='word_1_222' title='bbox 935 2814 1141 2884; x_wconf 66' lang='lat' dir='ltr'><strong>praebet</strong></span> <span class='ocrx_word' id='word_1_223' title='bbox 1177 2814 1232 2869; x_wconf 91' lang='lat' dir='ltr'><strong>in</strong></span> <span class='ocrx_word' id='word_1_224' title='bbox 1277 2829 1371 2880; x_wconf 91' lang='lat' dir='ltr'><strong>eo,</strong></span> <span class='ocrx_word' id='word_1_225' title='bbox 1405 2816 1550 2885; x_wconf 91' lang='lat' dir='ltr'><strong>quod</strong></span> <span class='ocrx_word' id='word_1_226' title='bbox 1602 2816 1726 2870; x_wconf 91' lang='lat' dir='ltr'><strong>illos</strong></span> <span class='ocrx_word' id='word_1_227' title='bbox 1781 2816 2056 2871; x_wconf 82' lang='lat' dir='ltr'><strong>salutavit.</strong></span> 
     </span>
    </p>
   </div>
   <div class='ocr_carea' id='block_1_32' title="bbox 388 4936 433 4950">
    <p class='ocr_par' dir='ltr' id='par_1_32' title="bbox 388 4936 433 4950">
     <span class='ocr_line' id='line_1_32' title="bbox 388 4936 433 4950; baseline 0 0"><span class='ocrx_word' id='word_1_228' title='bbox 388 4936 433 4950; x_wconf 56' lang='grc' dir='ltr'><strong><em>ν</em></strong></span> 
     </span>
    </p>
   </div>
   <div class='ocr_carea' id='block_1_33' title="bbox 416 5032 436 5146">
    <p class='ocr_par' dir='ltr' id='par_1_33' title="bbox 416 5032 436 5146">
     <span class='ocr_line' id='line_1_33' title="bbox 416 5032 436 5146; baseline 0 -10"><span class='ocrx_word' id='word_1_229' title='bbox 416 5032 436 5146; x_wconf 64' lang='lat'><em>3</em></span> 
     </span>
    </p>
   </div>
   <div class='ocr_carea' id='block_1_34' title="bbox 401 5233 446 5245">
    <p class='ocr_par' dir='ltr' id='par_1_34' title="bbox 401 5233 446 5245">
     <span class='ocr_line' id='line_1_34' title="bbox 401 5233 446 5245; baseline 0 0"><span class='ocrx_word' id='word_1_230' title='bbox 401 5233 446 5245; x_wconf 52' lang='grc' dir='ltr'><strong>ΑΔ</strong></span> 
     </span>
    </p>
   </div>
   <div class='ocr_carea' id='block_1_35' title="bbox 495 2904 2058 2976">
    <p class='ocr_par' dir='ltr' id='par_1_35' title="bbox 495 2904 2058 2976">
     <span class='ocr_line' id='line_1_35' title="bbox 495 2904 2058 2976; baseline 0.002 -18"><span class='ocrx_word' id='word_1_231' title='bbox 495 2904 756 2959; x_wconf 83' lang='lat' dir='ltr'><strong>Adoravit</strong></span> <span class='ocrx_word' id='word_1_232' title='bbox 804 2905 953 2959; x_wconf 90' lang='lat' dir='ltr'><strong>enim</strong></span> <span class='ocrx_word' id='word_1_233' title='bbox 997 2920 1206 2976; x_wconf 90' lang='lat' dir='ltr'><strong>pronus</strong></span> <span class='ocrx_word' id='word_1_234' title='bbox 1254 2905 1311 2959; x_wconf 91' lang='lat' dir='ltr'><strong>in</strong></span> <span class='ocrx_word' id='word_1_235' title='bbox 1371 2914 1608 2972; x_wconf 90' lang='lat' dir='ltr'><strong>terram;</strong></span> <span class='ocrx_word' id='word_1_236' title='bbox 1666 2914 1722 2961; x_wconf 93' lang='lat' dir='ltr'><strong>et</strong></span> <span class='ocrx_word' id='word_1_237' title='bbox 1747 2915 1808 2961; x_wconf 93' lang='lat' dir='ltr'><strong>ut</strong></span> <span class='ocrx_word' id='word_1_238' title='bbox 1834 2907 2058 2961; x_wconf 89' lang='lat' dir='ltr'><strong>domum</strong></span> 
     </span>
    </p>
   </div>
   <div class='ocr_carea' id='block_1_36' title="bbox 494 2994 2056 3067">
    <p class='ocr_par' dir='ltr' id='par_1_36' title="bbox 494 2994 2056 3067">
     <span class='ocr_line' id='line_1_36' title="bbox 494 2994 2056 3067; baseline 0.001 -19"><span class='ocrx_word' id='word_1_239' title='bbox 494 3002 640 3058; x_wconf 90' lang='lat' dir='ltr'><strong>cant,</strong></span> <span class='ocrx_word' id='word_1_240' title='bbox 681 2994 964 3060; x_wconf 89' lang='lat' dir='ltr'><strong>hortatur,</strong></span> <span class='ocrx_word' id='word_1_241' title='bbox 995 2995 1384 3065; x_wconf 85' lang='lat' dir='ltr'><strong>charitatisque</strong></span> <span class='ocrx_word' id='word_1_242' title='bbox 1428 2996 1642 3067; x_wconf 88' lang='lat' dir='ltr'><strong>legibus</strong></span> <span class='ocrx_word' id='word_1_243' title='bbox 1683 2995 2056 3066; x_wconf 79' lang='lat' dir='ltr'><strong>perfruantur.</strong></span> 
     </span>
    </p>
   </div>
   <div class='ocr_carea' id='block_1_37' title="bbox 492 3084 2056 3157">
    <p class='ocr_par' dir='ltr' id='par_1_37' title="bbox 492 3084 2056 3157">
     <span class='ocr_line' id='line_1_37' title="bbox 492 3084 2056 3157; baseline 0.001 -18"><span class='ocrx_word' id='word_1_244' title='bbox 492 3085 563 3139; x_wconf 85' lang='lat' dir='ltr'><strong>At</strong></span> <span class='ocrx_word' id='word_1_245' title='bbox 584 3085 684 3149; x_wconf 87' lang='lat' dir='ltr'><strong>illi,</strong></span> <span class='ocrx_word' id='word_1_246' title='bbox 720 3084 962 3151; x_wconf 87' lang='lat' dir='ltr'><strong>Minime,</strong></span> <span class='ocrx_word' id='word_1_247' title='bbox 982 3085 1264 3155; x_wconf 82' lang='lat' dir='ltr'><strong>inquiunt,</strong></span> <span class='ocrx_word' id='word_1_248' title='bbox 1297 3085 1392 3140; x_wconf 89' lang='lat' dir='ltr'><strong>sed</strong></span> <span class='ocrx_word' id='word_1_249' title='bbox 1421 3087 1475 3140; x_wconf 90' lang='lat' dir='ltr'><strong>in</strong></span> <span class='ocrx_word' id='word_1_250' title='bbox 1493 3087 1674 3157; x_wconf 88' lang='lat' dir='ltr'><strong>platea</strong></span> <span class='ocrx_word' id='word_1_251' title='bbox 1691 3088 2056 3142; x_wconf 86' lang='lat' dir='ltr'><strong>manebimus.</strong></span> 
     </span>
    </p>
   </div>
   <div class='ocr_carea' id='block_1_38' title="bbox 493 3176 2060 3248">
    <p class='ocr_par' dir='ltr' id='par_1_38' title="bbox 493 3176 2060 3248">
     <span class='ocr_line' id='line_1_38' title="bbox 493 3176 2060 3248; baseline 0.001 -17"><span class='ocrx_word' id='word_1_252' title='bbox 493 3176 702 3243; x_wconf 83' lang='lat' dir='ltr'><strong>Quibus</strong></span> <span class='ocrx_word' id='word_1_253' title='bbox 722 3176 907 3232; x_wconf 87' lang='lat' dir='ltr'><strong>verbis</strong></span> <span class='ocrx_word' id='word_1_254' title='bbox 936 3177 1183 3248; x_wconf 87' lang='lat' dir='ltr'><strong>hospites</strong></span> <span class='ocrx_word' id='word_1_255' title='bbox 1215 3179 1436 3248; x_wconf 92' lang='lat' dir='ltr'><strong>quidem</strong></span> <span class='ocrx_word' id='word_1_256' title='bbox 1464 3194 1522 3235; x_wconf 91' lang='lat' dir='ltr'><strong>se</strong></span> <span class='ocrx_word' id='word_1_257' title='bbox 1554 3187 1610 3232; x_wconf 91' lang='lat' dir='ltr'><strong>et</strong></span> <span class='ocrx_word' id='word_1_258' title='bbox 1631 3178 1750 3234; x_wconf 91' lang='lat' dir='ltr'><strong>sine</strong></span> <span class='ocrx_word' id='word_1_259' title='bbox 1780 3185 1924 3233; x_wconf 90' lang='lat' dir='ltr'><strong>tecto</strong></span> <span class='ocrx_word' id='word_1_260' title='bbox 1941 3193 2060 3232; x_wconf 91' lang='lat' dir='ltr'><strong>esse</strong></span> 
     </span>
    </p>
   </div>
   <div class='ocr_carea' id='block_1_39' title="bbox 492 3268 2062 3340">
    <p class='ocr_par' dir='ltr' id='par_1_39' title="bbox 492 3268 2062 3340">
     <span class='ocr_line' id='line_1_39' title="bbox 492 3268 2062 3340; baseline 0.001 -17"><span class='ocrx_word' id='word_1_261' title='bbox 492 3268 898 3339; x_wconf 81' lang='lat' dir='ltr'><strong>signiﬁcabant;</strong></span> <span class='ocrx_word' id='word_1_262' title='bbox 949 3268 1112 3324; x_wconf 88' lang='lat' dir='ltr'><strong>simul</strong></span> <span class='ocrx_word' id='word_1_263' title='bbox 1162 3284 1294 3324; x_wconf 91' lang='lat' dir='ltr'><strong>vero</strong></span> <span class='ocrx_word' id='word_1_264' title='bbox 1343 3270 1624 3329; x_wconf 86' lang='lat' dir='ltr'><strong>hominem</strong></span> <span class='ocrx_word' id='word_1_265' title='bbox 1675 3269 2062 3340; x_wconf 88' lang='lat' dir='ltr'><strong>hospitalitatis</strong></span> 
     </span>
    </p>
   </div>
   <div class='ocr_carea' id='block_1_40' title="bbox 491 3357 2058 3430">
    <p class='ocr_par' dir='ltr' id='par_1_40' title="bbox 491 3357 2058 3430">
     <span class='ocr_line' id='line_1_40' title="bbox 491 3357 2058 3430; baseline 0.001 -17"><span class='ocrx_word' id='word_1_266' title='bbox 491 3359 799 3414; x_wconf 87' lang='lat' dir='ltr'><strong>studiosum</strong></span> <span class='ocrx_word' id='word_1_267' title='bbox 828 3360 896 3414; x_wconf 90' lang='lat' dir='ltr'><strong>ad</strong></span> <span class='ocrx_word' id='word_1_268' title='bbox 923 3361 1204 3430; x_wconf 85' lang='lat' dir='ltr'><strong>majorem,</strong></span> <span class='ocrx_word' id='word_1_269' title='bbox 1225 3361 1329 3430; x_wconf 83' lang='lat'><strong>25</strong></span> <span class='ocrx_word' id='word_1_270' title='bbox 1356 3370 1418 3416; x_wconf 92' lang='lat' dir='ltr'><strong>ut</strong></span> <span class='ocrx_word' id='word_1_271' title='bbox 1443 3357 1698 3426; x_wconf 85' lang='lat' dir='ltr'><strong>arbitror,</strong></span> <span class='ocrx_word' id='word_1_272' title='bbox 1722 3361 1890 3416; x_wconf 91' lang='lat' dir='ltr'><strong>studii</strong></span> <span class='ocrx_word' id='word_1_273' title='bbox 1923 3376 2058 3415; x_wconf 91' lang='lat' dir='ltr'><strong>con-</strong></span> 
     </span>
    </p>
   </div>
   <div class='ocr_carea' id='block_1_41' title="bbox 495 3450 2059 3515">
    <p class='ocr_par' dir='ltr' id='par_1_41' title="bbox 495 3450 2059 3515">
     <span class='ocr_line' id='line_1_41' title="bbox 495 3450 2059 3515; baseline 0 -11"><span class='ocrx_word' id='word_1_274' title='bbox 495 3450 792 3506; x_wconf 89' lang='lat' dir='ltr'><strong>tentionem</strong></span> <span class='ocrx_word' id='word_1_275' title='bbox 831 3451 1155 3515; x_wconf 89' lang='lat' dir='ltr'><strong>incitabant,</strong></span> <span class='ocrx_word' id='word_1_276' title='bbox 1182 3467 1245 3506; x_wconf 90' lang='lat' dir='ltr'><strong>ac</strong></span> <span class='ocrx_word' id='word_1_277' title='bbox 1288 3459 1499 3507; x_wconf 85' lang='lat' dir='ltr'><strong>tantum</strong></span> <span class='ocrx_word' id='word_1_278' title='bbox 1543 3467 1652 3506; x_wconf 91' lang='lat' dir='ltr'><strong>non</strong></span> <span class='ocrx_word' id='word_1_279' title='bbox 1689 3453 1896 3508; x_wconf 88' lang='lat' dir='ltr'><strong>urbane</strong></span> <span class='ocrx_word' id='word_1_280' title='bbox 1923 3451 2059 3505; x_wconf 91' lang='lat' dir='ltr'><strong>insi-</strong></span> 
     </span>
    </p>
   </div>
   <div class='ocr_carea' id='block_1_42' title="bbox 495 3539 2058 3605">
    <p class='ocr_par' dir='ltr' id='par_1_42' title="bbox 495 3539 2058 3605">
     <span class='ocr_line' id='line_1_42' title="bbox 495 3539 2058 3605; baseline 0.002 -14"><span class='ocrx_word' id='word_1_281' title='bbox 495 3548 749 3604; x_wconf 88' lang='lat' dir='ltr'><strong>nuantes,</strong></span> <span class='ocrx_word' id='word_1_282' title='bbox 785 3539 931 3594; x_wconf 88' lang='lat' dir='ltr'><strong>haud</strong></span> <span class='ocrx_word' id='word_1_283' title='bbox 965 3540 1049 3595; x_wconf 90' lang='lat' dir='ltr'><strong>illi</strong></span> <span class='ocrx_word' id='word_1_284' title='bbox 1091 3541 1383 3595; x_wconf 91' lang='lat' dir='ltr'><strong>honestum</strong></span> <span class='ocrx_word' id='word_1_285' title='bbox 1409 3541 1548 3605; x_wconf 86' lang='lat' dir='ltr'><strong>fore,</strong></span> <span class='ocrx_word' id='word_1_286' title='bbox 1585 3542 1632 3596; x_wconf 89' lang='lat' dir='ltr'><strong>si</strong></span> <span class='ocrx_word' id='word_1_287' title='bbox 1675 3557 1734 3596; x_wconf 93' lang='lat' dir='ltr'><strong>se</strong></span> <span class='ocrx_word' id='word_1_288' title='bbox 1773 3542 1933 3596; x_wconf 89' lang='lat' dir='ltr'><strong>tectis</strong></span> <span class='ocrx_word' id='word_1_289' title='bbox 1961 3557 2058 3595; x_wconf 87' lang='lat' dir='ltr'><strong>ex-</strong></span> 
     </span>
    </p>
   </div>
   <div class='ocr_carea' id='block_1_43' title="bbox 492 3630 2060 3701">
    <p class='ocr_par' dir='ltr' id='par_1_43' title="bbox 492 3630 2060 3701">
     <span class='ocr_line' id='line_1_43' title="bbox 492 3630 2060 3701; baseline 0 -16"><span class='ocrx_word' id='word_1_290' title='bbox 492 3631 675 3685; x_wconf 89' lang='lat' dir='ltr'><strong>clusos</strong></span> <span class='ocrx_word' id='word_1_291' title='bbox 703 3638 760 3684; x_wconf 92' lang='lat' dir='ltr'><strong>et</strong></span> <span class='ocrx_word' id='word_1_292' title='bbox 792 3630 849 3684; x_wconf 90' lang='lat' dir='ltr'><strong>in</strong></span> <span class='ocrx_word' id='word_1_293' title='bbox 883 3630 1060 3685; x_wconf 90' lang='lat' dir='ltr'><strong>triviis</strong></span> <span class='ocrx_word' id='word_1_294' title='bbox 1092 3631 1337 3701; x_wconf 76' lang='lat' dir='ltr'><strong>abiectos</strong></span> <span class='ocrx_word' id='word_1_295' title='bbox 1363 3631 1667 3686; x_wconf 89' lang='lat' dir='ltr'><strong>dimitteret</strong></span> <span class='ocrx_word' id='word_1_296' title='bbox 1705 3649 1720 3684; x_wconf 90' lang='lat'><strong>:</strong></span> <span class='ocrx_word' id='word_1_297' title='bbox 1752 3631 1898 3700; x_wconf 90' lang='lat' dir='ltr'><strong>quod</strong></span> <span class='ocrx_word' id='word_1_298' title='bbox 1935 3647 2060 3686; x_wconf 91' lang='lat' dir='ltr'><strong>cum</strong></span> 
     </span>
    </p>
   </div>
   <div class='ocr_carea' id='block_1_44' title="bbox 493 3719 2059 3791">
    <p class='ocr_par' dir='ltr' id='par_1_44' title="bbox 493 3719 2059 3791">
     <span class='ocr_line' id='line_1_44' title="bbox 493 3719 2059 3791; baseline 0.001 -17"><span class='ocrx_word' id='word_1_299' title='bbox 493 3721 585 3774; x_wconf 87' lang='lat' dir='ltr'><strong>ille</strong></span> <span class='ocrx_word' id='word_1_300' title='bbox 633 3719 720 3773; x_wconf 87' lang='lat' dir='ltr'><strong>vir</strong></span> <span class='ocrx_word' id='word_1_301' title='bbox 775 3721 960 3790; x_wconf 84' lang='lat' dir='ltr'><strong>justus</strong></span> <span class='ocrx_word' id='word_1_302' title='bbox 1004 3719 1384 3784; x_wconf 80' lang='lat' dir='ltr'><strong>intellexisset,</strong></span> <span class='ocrx_word' id='word_1_303' title='bbox 1427 3721 1814 3776; x_wconf 88' lang='lat' dir='ltr'><strong>vehementius</strong></span> <span class='ocrx_word' id='word_1_304' title='bbox 1865 3737 2059 3791; x_wconf 89' lang='lat' dir='ltr'><strong>urgere</strong></span> 
     </span>
    </p>
   </div>
   <div class='ocr_carea' id='block_1_45' title="bbox 491 3810 2060 3881">
    <p class='ocr_par' dir='ltr' id='par_1_45' title="bbox 491 3810 2060 3881">
     <span class='ocr_line' id='line_1_45' title="bbox 491 3810 2060 3881; baseline 0.001 -16"><span class='ocrx_word' id='word_1_305' title='bbox 491 3810 686 3880; x_wconf 70' lang='lat' dir='ltr'><strong>ompit;</strong></span> <span class='ocrx_word' id='word_1_306' title='bbox 720 3824 900 3878; x_wconf 91' lang='lat' dir='ltr'><strong>neque</strong></span> <span class='ocrx_word' id='word_1_307' title='bbox 928 3817 1184 3878; x_wconf 90' lang='lat' dir='ltr'><strong>tanquam</strong></span> <span class='ocrx_word' id='word_1_308' title='bbox 1223 3810 1418 3881; x_wconf 83' lang='lat' dir='ltr'><strong>frigide</strong></span> <span class='ocrx_word' id='word_1_309' title='bbox 1454 3826 1755 3881; x_wconf 88' lang='lat' dir='ltr'><strong>parumque</strong></span> <span class='ocrx_word' id='word_1_310' title='bbox 1787 3826 1854 3866; x_wconf 89' lang='lat' dir='ltr'><strong>ex</strong></span> <span class='ocrx_word' id='word_1_311' title='bbox 1877 3811 2060 3867; x_wconf 89' lang='lat' dir='ltr'><strong>animo</strong></span> 
     </span>
    </p>
   </div>
   <div class='ocr_carea' id='block_1_46' title="bbox 493 3900 2059 3973">
    <p class='ocr_par' dir='ltr' id='par_1_46' title="bbox 493 3900 2059 3973">
     <span class='ocr_line' id='line_1_46' title="bbox 493 3900 2059 3973; baseline 0.002 -17"><span class='ocrx_word' id='word_1_312' title='bbox 493 3901 618 3956; x_wconf 90' lang='lat' dir='ltr'><strong>illos</strong></span> <span class='ocrx_word' id='word_1_313' title='bbox 657 3900 933 3966; x_wconf 89' lang='lat' dir='ltr'><strong>invitaret,</strong></span> <span class='ocrx_word' id='word_1_314' title='bbox 965 3900 1182 3955; x_wconf 90' lang='lat' dir='ltr'><strong>illorum</strong></span> <span class='ocrx_word' id='word_1_315' title='bbox 1206 3902 1614 3957; x_wconf 88' lang='lat' dir='ltr'><strong>excusationem</strong></span> <span class='ocrx_word' id='word_1_316' title='bbox 1641 3917 1740 3973; x_wconf 89' lang='lat' dir='ltr'><strong>pro</strong></span> <span class='ocrx_word' id='word_1_317' title='bbox 1774 3904 2059 3959; x_wconf 89' lang='lat' dir='ltr'><strong>occasione</strong></span> 
     </span>
    </p>
   </div>
   <div class='ocr_carea' id='block_1_47' title="bbox 492 3991 2060 4065">
    <p class='ocr_par' dir='ltr' id='par_1_47' title="bbox 492 3991 2060 4065">
     <span class='ocr_line' id='line_1_47' title="bbox 492 3991 2060 4065; baseline 0.003 -20"><span class='ocrx_word' id='word_1_318' title='bbox 492 3991 691 4060; x_wconf 88' lang='lat' dir='ltr'><strong>rapuit.</strong></span> <span class='ocrx_word' id='word_1_319' title='bbox 728 3991 915 4060; x_wconf 79' lang='lat' dir='ltr'><strong>itaque</strong></span> <span class='ocrx_word' id='word_1_320' title='bbox 952 3991 1175 4046; x_wconf 89' lang='lat' dir='ltr'><strong>domum</strong></span> <span class='ocrx_word' id='word_1_321' title='bbox 1199 4008 1296 4048; x_wconf 90' lang='lat' dir='ltr'><strong>eos</strong></span> <span class='ocrx_word' id='word_1_322' title='bbox 1334 3991 1507 4058; x_wconf 87' lang='lat' dir='ltr'><strong>ducit,</strong></span> <span class='ocrx_word' id='word_1_323' title='bbox 1538 4007 1709 4064; x_wconf 91' lang='lat' dir='ltr'><strong>panes</strong></span> <span class='ocrx_word' id='word_1_324' title='bbox 1730 4009 1949 4065; x_wconf 84' lang='lat' dir='ltr'><strong>azymos</strong></span> <span class='ocrx_word' id='word_1_325' title='bbox 1966 4009 2060 4064; x_wconf 89' lang='lat' dir='ltr'><strong>ap-</strong></span> 
     </span>
    </p>
   </div>
   <div class='ocr_carea' id='block_1_48' title="bbox 493 4081 2059 4152">
    <p class='ocr_par' dir='ltr' id='par_1_48' title="bbox 493 4081 2059 4152">
     <span class='ocr_line' id='line_1_48' title="bbox 493 4081 2059 4152; baseline 0.001 -17"><span class='ocrx_word' id='word_1_326' title='bbox 493 4082 701 4151; x_wconf 90' lang='lat' dir='ltr'><strong>posuit,</strong></span> <span class='ocrx_word' id='word_1_327' title='bbox 754 4081 1066 4136; x_wconf 87' lang='lat' dir='ltr'><strong>convivium</strong></span> <span class='ocrx_word' id='word_1_328' title='bbox 1129 4082 1403 4138; x_wconf 85' lang='lat' dir='ltr'><strong>instruxit.</strong></span> <span class='ocrx_word' id='word_1_329' title='bbox 1442 4081 1620 4152; x_wconf 83' lang='lat' dir='ltr'><strong>Atque</strong></span> <span class='ocrx_word' id='word_1_330' title='bbox 1661 4083 1780 4138; x_wconf 67' lang='lat' dir='ltr'><strong>hazc</strong></span> <span class='ocrx_word' id='word_1_331' title='bbox 1837 4083 2059 4152; x_wconf 90' lang='lat' dir='ltr'><strong>quidem</strong></span> 
     </span>
    </p>
   </div>
   <div class='ocr_carea' id='block_1_49' title="bbox 491 4171 2062 4244">
    <p class='ocr_par' dir='ltr' id='par_1_49' title="bbox 491 4171 2062 4244">
     <span class='ocr_line' id='line_1_49' title="bbox 491 4171 2062 4244; baseline 0 -16"><span class='ocrx_word' id='word_1_332' title='bbox 491 4172 583 4228; x_wconf 86' lang='lat' dir='ltr'><strong>ille</strong></span> <span class='ocrx_word' id='word_1_333' title='bbox 623 4173 709 4227; x_wconf 88' lang='lat' dir='ltr'><strong>vir</strong></span> <span class='ocrx_word' id='word_1_334' title='bbox 731 4173 933 4244; x_wconf 87' lang='lat' dir='ltr'><strong>justus.</strong></span> <span class='ocrx_word' id='word_1_335' title='bbox 963 4171 1259 4229; x_wconf 51' lang='lat' dir='ltr'><strong>Sodomitas</strong></span> <span class='ocrx_word' id='word_1_336' title='bbox 1297 4189 1426 4228; x_wconf 89' lang='lat' dir='ltr'><strong>vero</strong></span> <span class='ocrx_word' id='word_1_337' title='bbox 1458 4183 1647 4244; x_wconf 91' lang='lat' dir='ltr'><strong>aperto</strong></span> <span class='ocrx_word' id='word_1_338' title='bbox 1689 4189 1753 4228; x_wconf 93' lang='lat' dir='ltr'><strong>ac</strong></span> <span class='ocrx_word' id='word_1_339' title='bbox 1783 4174 1931 4244; x_wconf 90' lang='lat' dir='ltr'><strong>turpi</strong></span> <span class='ocrx_word' id='word_1_340' title='bbox 1965 4189 2062 4228; x_wconf 89' lang='lat' dir='ltr'><strong>vo-</strong></span> 
     </span>
    </p>
   </div>
   <div class='ocr_carea' id='block_1_50' title="bbox 492 4263 2056 4334">
    <p class='ocr_par' dir='ltr' id='par_1_50' title="bbox 492 4263 2056 4334">
     <span class='ocr_line' id='line_1_50' title="bbox 492 4263 2056 4334; baseline -0.001 -16"><span class='ocrx_word' id='word_1_341' title='bbox 492 4264 714 4334; x_wconf 88' lang='lat' dir='ltr'><strong>luptatis</strong></span> <span class='ocrx_word' id='word_1_342' title='bbox 747 4263 940 4318; x_wconf 92' lang='lat' dir='ltr'><strong>morbo</strong></span> <span class='ocrx_word' id='word_1_343' title='bbox 968 4278 1095 4318; x_wconf 91' lang='lat' dir='ltr'><strong>cum</strong></span> <span class='ocrx_word' id='word_1_344' title='bbox 1135 4263 1484 4327; x_wconf 87' lang='lat' dir='ltr'><strong>laborarent,</strong></span> <span class='ocrx_word' id='word_1_345' title='bbox 1524 4265 1763 4320; x_wconf 91' lang='lat' dir='ltr'><strong>hominis</strong></span> <span class='ocrx_word' id='word_1_346' title='bbox 1814 4265 1890 4334; x_wconf 90' lang='lat' dir='ltr'><strong>pii</strong></span> <span class='ocrx_word' id='word_1_347' title='bbox 1953 4264 2056 4317; x_wconf 90' lang='lat' dir='ltr'><strong>do-</strong></span> 
     </span>
    </p>
   </div>
   <div class='ocr_carea' id='block_1_51' title="bbox 490 4353 2061 4425">
    <p class='ocr_par' dir='ltr' id='par_1_51' title="bbox 490 4353 2061 4425">
     <span class='ocr_line' id='line_1_51' title="bbox 490 4353 2061 4425; baseline -0.001 -17"><span class='ocrx_word' id='word_1_348' title='bbox 490 4355 804 4421; x_wconf 84' lang='lat' dir='ltr'><strong>munculam</strong></span> <span class='ocrx_word' id='word_1_349' title='bbox 845 4353 1052 4410; x_wconf 79' lang='lat' dir='ltr'><strong>nefarie</strong></span> <span class='ocrx_word' id='word_1_350' title='bbox 1099 4354 1346 4425; x_wconf 91' lang='lat' dir='ltr'><strong>cingunt,</strong></span> <span class='ocrx_word' id='word_1_351' title='bbox 1383 4362 1547 4424; x_wconf 91' lang='lat' dir='ltr'><strong>atque</strong></span> <span class='ocrx_word' id='word_1_352' title='bbox 1587 4363 1842 4409; x_wconf 67' lang='lat' dir='ltr'><strong>extrema:</strong></span> <span class='ocrx_word' id='word_1_353' title='bbox 1882 4354 2061 4423; x_wconf 91' lang='lat' dir='ltr'><strong>impu-</strong></span> 
     </span>
    </p>
   </div>
   <div class='ocr_carea' id='block_1_52' title="bbox 2164 550 3733 628">
    <p class='ocr_par' dir='ltr' id='par_1_52' title="bbox 2164 550 3733 628">
     <span class='ocr_line' id='line_1_52' title="bbox 2164 550 3733 628; baseline 0.003 -24"><span class='ocrx_word' id='word_1_354' title='bbox 2164 553 2241 614; x_wconf 86' lang='grc' dir='ltr'><strong>εἰς</strong></span> <span class='ocrx_word' id='word_1_355' title='bbox 2267 551 2586 621; x_wconf 75' lang='grc' dir='ltr'><strong>συνάντησιν</strong></span> <span class='ocrx_word' id='word_1_356' title='bbox 2609 550 2808 614; x_wconf 80' lang='grc' dir='ltr'>αὐτῶν,</span> <span class='ocrx_word' id='word_1_357' title='bbox 2833 553 2925 603; x_wconf 66' lang='grc' dir='ltr'><strong>καὶ</strong></span> <span class='ocrx_word' id='word_1_358' title='bbox 2959 551 3328 623; x_wconf 82' lang='grc' dir='ltr'><strong>προσεκύνησε</strong></span> <span class='ocrx_word' id='word_1_359' title='bbox 3351 552 3430 622; x_wconf 85' lang='grc' dir='ltr'>τῷ</span> <span class='ocrx_word' id='word_1_360' title='bbox 3455 553 3733 628; x_wconf 81' lang='grc' dir='ltr'>προσώπῳ</span> 
     </span>
    </p>
   </div>
   <div class='ocr_carea' id='block_1_53' title="bbox 2162 637 3731 713">
    <p class='ocr_par' dir='ltr' id='par_1_53' title="bbox 2162 637 3731 713">
     <span class='ocr_line' id='line_1_53' title="bbox 2162 637 3731 713; baseline 0.003 -19"><span class='ocrx_word' id='word_1_361' title='bbox 2162 643 2255 695; x_wconf 75' lang='grc' dir='ltr'><strong>ἐπῖ⁸</strong></span> <span class='ocrx_word' id='word_1_362' title='bbox 2280 641 2381 713; x_wconf 85' lang='grc' dir='ltr'>τὴν</span> <span class='ocrx_word' id='word_1_363' title='bbox 2410 642 2536 712; x_wconf 84' lang='grc' dir='ltr'>γῆν,</span> <span class='ocrx_word' id='word_1_364' title='bbox 2595 641 2692 694; x_wconf 78' lang='grc' dir='ltr'>καὶ</span> <span class='ocrx_word' id='word_1_365' title='bbox 2756 637 2936 694; x_wconf 77' lang='grc' dir='ltr'>εἶπεν·</span> <span class='ocrx_word' id='word_1_366' title='bbox 2999 642 3150 706; x_wconf 79' lang='grc' dir='ltr'>Ἰδοὺ,</span> <span class='ocrx_word' id='word_1_367' title='bbox 3195 642 3410 712; x_wconf 83' lang='grc' dir='ltr'><strong>Κύριοι,</strong></span> <span class='ocrx_word' id='word_1_368' title='bbox 3447 644 3731 698; x_wconf 81' lang='grc' dir='ltr'>ἐκκλίνατε</span> 
     </span>
    </p>
   </div>
   <div class='ocr_carea' id='block_1_54' title="bbox 2166 728 3734 803">
    <p class='ocr_par' dir='ltr' id='par_1_54' title="bbox 2166 728 3734 803">
     <span class='ocr_line' id='line_1_54' title="bbox 2166 728 3734 803; baseline 0.004 -18"><span class='ocrx_word' id='word_1_369' title='bbox 2166 734 2246 794; x_wconf 81' lang='grc' dir='ltr'><strong>είς</strong></span> <span class='ocrx_word' id='word_1_370' title='bbox 2271 733 2362 786; x_wconf 85' lang='grc' dir='ltr'>τὸν</span> <span class='ocrx_word' id='word_1_371' title='bbox 2397 728 2544 787; x_wconf 79' lang='grc' dir='ltr'>οἷκον</span> <span class='ocrx_word' id='word_1_372' title='bbox 2580 731 2674 786; x_wconf 89' lang='grc' dir='ltr'><strong>τοῦ</strong></span> <span class='ocrx_word' id='word_1_373' title='bbox 2707 733 2895 796; x_wconf 74' lang='grc' dir='ltr'>παιδὸς</span> <span class='ocrx_word' id='word_1_374' title='bbox 2923 732 3094 803; x_wconf 83' lang='grc' dir='ltr'>ὑμῶν,</span> <span class='ocrx_word' id='word_1_375' title='bbox 3127 734 3220 787; x_wconf 75' lang='grc' dir='ltr'>καὶ</span> <span class='ocrx_word' id='word_1_376' title='bbox 3246 733 3608 803; x_wconf 88' lang='grc' dir='ltr'>καταλύσατε,</span> <span class='ocrx_word' id='word_1_377' title='bbox 3638 739 3734 792; x_wconf 82' lang='grc' dir='ltr'>καὶ</span> 
     </span>
    </p>
   </div>
   <div class='ocr_carea' id='block_1_55' title="bbox 2166 822 3734 896">
    <p class='ocr_par' dir='ltr' id='par_1_55' title="bbox 2166 822 3734 896">
     <span class='ocr_line' id='line_1_55' title="bbox 2166 822 3734 896; baseline 0.004 -20"><span class='ocrx_word' id='word_1_378' title='bbox 2166 823 2389 893; x_wconf 76' lang='grc' dir='ltr'>νίψασθε</span> <span class='ocrx_word' id='word_1_379' title='bbox 2414 825 2541 886; x_wconf 82' lang='grc' dir='ltr'>τοὺς</span> <span class='ocrx_word' id='word_1_380' title='bbox 2579 822 2746 888; x_wconf 82' lang='grc' dir='ltr'>πόδας</span> <span class='ocrx_word' id='word_1_381' title='bbox 2791 823 2963 894; x_wconf 83' lang='grc' dir='ltr'>ὑμῶν,</span> <span class='ocrx_word' id='word_1_382' title='bbox 3004 824 3100 877; x_wconf 70' lang='grc' dir='ltr'>καὶ</span> <span class='ocrx_word' id='word_1_383' title='bbox 3123 825 3473 896; x_wconf 75' lang='grc' dir='ltr'>ὀρθρίσαντις</span> <span class='ocrx_word' id='word_1_384' title='bbox 3501 827 3734 882; x_wconf 85' lang='grc' dir='ltr'>ἀπελεύ-</span> 
     </span>
    </p>
   </div>
   <div class='ocr_carea' id='block_1_56' title="bbox 2166 909 3734 986">
    <p class='ocr_par' dir='ltr' id='par_1_56' title="bbox 2166 909 3734 986">
     <span class='ocr_line' id='line_1_56' title="bbox 2166 909 3734 986; baseline 0.004 -20"><span class='ocrx_word' id='word_1_385' title='bbox 2166 911 2322 966; x_wconf 82' lang='grc' dir='ltr'>σεσθε</span> <span class='ocrx_word' id='word_1_386' title='bbox 2361 915 2441 976; x_wconf 75' lang='grc' dir='ltr'>εἰς</span> <span class='ocrx_word' id='word_1_387' title='bbox 2481 912 2581 981; x_wconf 83' lang='grc' dir='ltr'>τὴν</span> <span class='ocrx_word' id='word_1_388' title='bbox 2608 913 2724 966; x_wconf 81' lang='grc' dir='ltr'>ὁδὸν</span> <span class='ocrx_word' id='word_1_389' title='bbox 2757 913 2931 983; x_wconf 85' lang='grc' dir='ltr'>ὑμῶν.</span> <span class='ocrx_word' id='word_1_390' title='bbox 2961 914 3072 967; x_wconf 74' lang='grc' dir='ltr'><strong>Καὶ</strong></span> <span class='ocrx_word' id='word_1_391' title='bbox 3109 909 3280 969; x_wconf 73' lang='grc' dir='ltr'>εἷποψ</span> <span class='ocrx_word' id='word_1_392' title='bbox 3329 916 3484 986; x_wconf 88' lang='grc' dir='ltr'>Οὐχί.</span> <span class='ocrx_word' id='word_1_393' title='bbox 3509 917 3650 970; x_wconf 77' lang='grc' dir='ltr'>Ἀλλ’</span> <span class='ocrx_word' id='word_1_394' title='bbox 3673 919 3734 972; x_wconf 84' lang='grc' dir='ltr'><strong>ἐν</strong></span> 
     </span>
    </p>
   </div>
   <div class='ocr_carea' id='block_1_57' title="bbox 2161 1001 3730 1072">
    <p class='ocr_par' dir='ltr' id='par_1_57' title="bbox 2161 1001 3730 1072">
     <span class='ocr_line' id='line_1_57' title="bbox 2161 1001 3730 1072; baseline 0.004 -18"><span class='ocrx_word' id='word_1_395' title='bbox 2161 1003 2227 1072; x_wconf 84' lang='grc' dir='ltr'><strong>τῇ</strong></span> <span class='ocrx_word' id='word_1_396' title='bbox 2259 1001 2491 1072; x_wconf 74' lang='grc' dir='ltr'>πλατείᾳ</span> <span class='ocrx_word' id='word_1_397' title='bbox 2535 1001 2935 1072; x_wconf 82' lang='grc' dir='ltr'><strong>καταλύσομεν,</strong></span> <span class='ocrx_word' id='word_1_398' title='bbox 2985 1003 3079 1057; x_wconf 71' lang='grc' dir='ltr'>καὶ</span> <span class='ocrx_word' id='word_1_399' title='bbox 3116 1003 3469 1067; x_wconf 81' lang='grc' dir='ltr'>κατεϐιάζετο</span> <span class='ocrx_word' id='word_1_400' title='bbox 3510 1007 3730 1071; x_wconf 73' lang='grc' dir='ltr'>αὐτοὺς,</span> 
     </span>
    </p>
   </div>
   <div class='ocr_carea' id='block_1_58' title="bbox 2164 1091 3734 1164">
    <p class='ocr_par' dir='ltr' id='par_1_58' title="bbox 2164 1091 3734 1164">
     <span class='ocr_line' id='line_1_58' title="bbox 2164 1091 3734 1164; baseline 0.006 -20"><span class='ocrx_word' id='word_1_401' title='bbox 2164 1093 2257 1145; x_wconf 79' lang='grc' dir='ltr'>καὶ</span> <span class='ocrx_word' id='word_1_402' title='bbox 2277 1091 2552 1157; x_wconf 74' lang='grc' dir='ltr'>ἐξέκλιναν</span> <span class='ocrx_word' id='word_1_403' title='bbox 2593 1093 2730 1163; x_wconf 86' lang='grc' dir='ltr'>πρὸς</span> <span class='ocrx_word' id='word_1_404' title='bbox 2756 1092 2937 1158; x_wconf 82' lang='grc' dir='ltr'>αὑτὸν,</span> <span class='ocrx_word' id='word_1_405' title='bbox 2965 1095 3061 1146; x_wconf 79' lang='grc' dir='ltr'>καὶ</span> <span class='ocrx_word' id='word_1_406' title='bbox 3096 1093 3342 1164; x_wconf 72' lang='grc' dir='ltr'>εἰσῆλθον</span> <span class='ocrx_word' id='word_1_407' title='bbox 3368 1097 3449 1159; x_wconf 83' lang='grc' dir='ltr'>εἰς</span> <span class='ocrx_word' id='word_1_408' title='bbox 3476 1097 3566 1150; x_wconf 79' lang='grc' dir='ltr'>τὸν</span> <span class='ocrx_word' id='word_1_409' title='bbox 3585 1092 3734 1153; x_wconf 77' lang='grc' dir='ltr'>οἶκον</span> 
     </span>
    </p>
   </div>
   <div class='ocr_carea' id='block_1_59' title="bbox 2165 1180 3734 1256">
    <p class='ocr_par' dir='ltr' id='par_1_59' title="bbox 2165 1180 3734 1256">
     <span class='ocr_line' id='line_1_59' title="bbox 2165 1180 3734 1256; baseline 0.004 -20"><span class='ocrx_word' id='word_1_410' title='bbox 2165 1180 2351 1246; x_wconf 80' lang='grc' dir='ltr'>αὐτοῦ,</span> <span class='ocrx_word' id='word_1_411' title='bbox 2381 1181 2475 1234; x_wconf 76' lang='grc' dir='ltr'>καὶ</span> <span class='ocrx_word' id='word_1_412' title='bbox 2499 1182 2752 1253; x_wconf 86' lang='grc' dir='ltr'>ἐποίησεν</span> <span class='ocrx_word' id='word_1_413' title='bbox 2781 1183 2963 1247; x_wconf 83' lang='grc' dir='ltr'>αὐτοῖς</span> <span class='ocrx_word' id='word_1_414' title='bbox 2987 1184 3166 1239; x_wconf 88' lang='grc' dir='ltr'>πότον.</span> <span class='ocrx_word' id='word_1_415' title='bbox 3201 1186 3308 1237; x_wconf 80' lang='grc' dir='ltr'><strong>Καὶ</strong></span> <span class='ocrx_word' id='word_1_416' title='bbox 3339 1186 3579 1256; x_wconf 82' lang='grc' dir='ltr'><strong>ἀζύμους</strong></span> <span class='ocrx_word' id='word_1_417' title='bbox 3601 1188 3699 1242; x_wconf 82' lang='grc' dir='ltr'><strong>ἐπε</strong></span> <span class='ocrx_word' id='word_1_418' title='bbox 3715 1217 3734 1230; x_wconf 89' lang='lat'><strong>-</strong></span> 
     </span>
    </p>
   </div>
   <div class='ocr_carea' id='block_1_60' title="bbox 2163 1272 3733 1349">
    <p class='ocr_par' dir='ltr' id='par_1_60' title="bbox 2163 1272 3733 1349">
     <span class='ocr_line' id='line_1_60' title="bbox 2163 1272 3733 1349; baseline 0.008 -26"><span class='ocrx_word' id='word_1_419' title='bbox 2163 1272 2262 1344; x_wconf 74' lang='grc' dir='ltr'><strong>ψεν</strong></span> <span class='ocrx_word' id='word_1_420' title='bbox 2296 1273 2498 1338; x_wconf 80' lang='grc' dir='ltr'>αὐτοῖς,</span> <span class='ocrx_word' id='word_1_421' title='bbox 2533 1273 2628 1328; x_wconf 74' lang='grc' dir='ltr'>καὶ</span> <span class='ocrx_word' id='word_1_422' title='bbox 2656 1273 2858 1342; x_wconf 77' lang='grc' dir='ltr'>ἔφαγον</span> <span class='ocrx_word' id='word_1_423' title='bbox 2899 1273 3008 1343; x_wconf 79' lang='grc' dir='ltr'>πρὸ</span> <span class='ocrx_word' id='word_1_424' title='bbox 3045 1273 3140 1328; x_wconf 90' lang='grc' dir='ltr'><strong>τοῦ</strong></span> <span class='ocrx_word' id='word_1_425' title='bbox 3172 1277 3520 1349; x_wconf 86' lang='grc' dir='ltr'>κοιμηθῆναι.</span> <span class='ocrx_word' id='word_1_426' title='bbox 3556 1297 3575 1330; x_wconf 74' lang='grc' dir='ltr'><strong>ι</strong></span> <span class='ocrx_word' id='word_1_427' title='bbox 3607 1279 3733 1335; x_wconf 81' lang='grc' dir='ltr'><strong>Λὼτ</strong></span> 
     </span>
    </p>
   </div>
   <div class='ocr_carea' id='block_1_61' title="bbox 2169 1359 3729 1440">
    <p class='ocr_par' dir='ltr' id='par_1_61' title="bbox 2169 1359 3729 1440">
     <span class='ocr_line' id='line_1_61' title="bbox 2169 1359 3729 1440; baseline 0.005 -26"><span class='ocrx_word' id='word_1_428' title='bbox 2169 1360 2268 1430; x_wconf 82' lang='grc' dir='ltr'>μὲν</span> <span class='ocrx_word' id='word_1_429' title='bbox 2297 1359 2427 1432; x_wconf 88' lang='grc' dir='ltr'>γὰρ,</span> <span class='ocrx_word' id='word_1_430' title='bbox 2467 1360 2562 1416; x_wconf 79' lang='grc' dir='ltr'>ἇτε</span> <span class='ocrx_word' id='word_1_431' title='bbox 2591 1361 2656 1431; x_wconf 81' lang='grc' dir='ltr'>δὴ</span> <span class='ocrx_word' id='word_1_432' title='bbox 2684 1363 2776 1416; x_wconf 76' lang='grc' dir='ltr'>καὶ</span> <span class='ocrx_word' id='word_1_433' title='bbox 2803 1360 2863 1428; x_wconf 80' lang='grc' dir='ltr'>ἐξ</span> <span class='ocrx_word' id='word_1_434' title='bbox 2901 1363 3130 1434; x_wconf 82' lang='grc' dir='ltr'>αἵματος</span> <span class='ocrx_word' id='word_1_435' title='bbox 3159 1366 3416 1437; x_wconf 85' lang='grc' dir='ltr'><strong>ὑπάρχων</strong></span> <span class='ocrx_word' id='word_1_436' title='bbox 3458 1367 3729 1440; x_wconf 75' lang='grc' dir='ltr'>Ἀϐραὰμ,</span> 
     </span>
    </p>
   </div>
   <div class='ocr_carea' id='block_1_62' title="bbox 2163 1451 3730 1528">
    <p class='ocr_par' dir='ltr' id='par_1_62' title="bbox 2163 1451 3730 1528">
     <span class='ocr_line' id='line_1_62' title="bbox 2163 1451 3730 1528; baseline 0.007 -25"><span class='ocrx_word' id='word_1_437' title='bbox 2163 1451 2257 1504; x_wconf 74' lang='grc' dir='ltr'>καὶ</span> <span class='ocrx_word' id='word_1_438' title='bbox 2287 1454 2400 1514; x_wconf 87' lang='grc' dir='ltr'>τοῖς</span> <span class='ocrx_word' id='word_1_439' title='bbox 2427 1451 2527 1522; x_wconf 82' lang='grc' dir='ltr'><strong>τῆς</strong></span> <span class='ocrx_word' id='word_1_440' title='bbox 2542 1452 2825 1524; x_wconf 80' lang='grc' dir='ltr'>ὀρθότητος</span> <span class='ocrx_word' id='word_1_441' title='bbox 2865 1453 3049 1524; x_wconf 90' lang='grc' dir='ltr'>νόμοις</span> <span class='ocrx_word' id='word_1_442' title='bbox 3086 1457 3540 1528; x_wconf 86' lang='grc' dir='ltr'>ἐντεθραμμένος,</span> <span class='ocrx_word' id='word_1_443' title='bbox 3578 1460 3730 1514; x_wconf 80' lang='grc' dir='ltr'>εὐσε-</span> 
     </span>
    </p>
   </div>
   <div class='ocr_carea' id='block_1_63' title="bbox 2164 1540 3730 1622">
    <p class='ocr_par' dir='ltr' id='par_1_63' title="bbox 2164 1540 3730 1622">
     <span class='ocr_line' id='line_1_63' title="bbox 2164 1540 3730 1622; baseline 0.006 -30"><span class='ocrx_word' id='word_1_444' title='bbox 2164 1540 2315 1605; x_wconf 79' lang='grc' dir='ltr'>ϐείας</span> <span class='ocrx_word' id='word_1_445' title='bbox 2351 1559 2410 1595; x_wconf 89' lang='grc' dir='ltr'><strong>τε</strong></span> <span class='ocrx_word' id='word_1_446' title='bbox 2433 1543 2532 1613; x_wconf 85' lang='grc' dir='ltr'>τῆς</span> <span class='ocrx_word' id='word_1_447' title='bbox 2572 1543 2652 1606; x_wconf 81' lang='grc' dir='ltr'><strong>είς</strong></span> <span class='ocrx_word' id='word_1_448' title='bbox 2691 1544 2823 1597; x_wconf 81' lang='grc' dir='ltr'>Θεὸν</span> <span class='ocrx_word' id='word_1_449' title='bbox 2859 1545 2960 1598; x_wconf 82' lang='grc' dir='ltr'>οὐκ</span> <span class='ocrx_word' id='word_1_450' title='bbox 2987 1547 3045 1600; x_wconf 89' lang='grc' dir='ltr'><strong>ἐν</strong></span> <span class='ocrx_word' id='word_1_451' title='bbox 3084 1546 3276 1618; x_wconf 88' lang='grc' dir='ltr'>βραχεῖ</span> <span class='ocrx_word' id='word_1_452' title='bbox 3317 1549 3458 1620; x_wconf 87' lang='grc' dir='ltr'>λόγῳ</span> <span class='ocrx_word' id='word_1_453' title='bbox 3493 1566 3730 1622; x_wconf 80' lang='grc' dir='ltr'>πεφρον-</span> 
     </span>
    </p>
   </div>
   <div class='ocr_carea' id='block_1_64' title="bbox 2163 1629 3733 1714">
    <p class='ocr_par' dir='ltr' id='par_1_64' title="bbox 2163 1629 3733 1714">
     <span class='ocr_line' id='line_1_64' title="bbox 2163 1629 3733 1714; baseline 0.008 -30"><span class='ocrx_word' id='word_1_454' title='bbox 2163 1630 2349 1698; x_wconf 86' lang='grc' dir='ltr'>τικὼς,</span> <span class='ocrx_word' id='word_1_455' title='bbox 2379 1632 2625 1704; x_wconf 85' lang='grc' dir='ltr'>παρῲκει</span> <span class='ocrx_word' id='word_1_456' title='bbox 2648 1634 2718 1688; x_wconf 90' lang='grc' dir='ltr'><strong>τά</strong></span> <span class='ocrx_word' id='word_1_457' title='bbox 2747 1635 2975 1706; x_wconf 83' lang='grc' dir='ltr'>Σόδομα.</span> <span class='ocrx_word' id='word_1_458' title='bbox 3000 1629 3109 1690; x_wconf 87' lang='grc' dir='ltr'>Ἦν</span> <span class='ocrx_word' id='word_1_459' title='bbox 3133 1637 3189 1690; x_wconf 86' lang='grc' dir='ltr'><strong>δέ</strong></span> <span class='ocrx_word' id='word_1_460' title='bbox 3213 1639 3298 1690; x_wconf 86' lang='grc' dir='ltr'><strong>ἐπ’</strong></span> <span class='ocrx_word' id='word_1_461' title='bbox 3319 1641 3502 1704; x_wconf 80' lang='grc' dir='ltr'>αὐτοῖς</span> <span class='ocrx_word' id='word_1_462' title='bbox 3527 1642 3733 1714; x_wconf 76' lang='grc' dir='ltr'>ἔπηλυς</span> 
     </span>
    </p>
   </div>
   <div class='ocr_carea' id='block_1_65' title="bbox 2163 1723 3735 1804">
    <p class='ocr_par' dir='ltr' id='par_1_65' title="bbox 2163 1723 3735 1804">
     <span class='ocr_line' id='line_1_65' title="bbox 2163 1723 3735 1804; baseline 0.009 -28"><span class='ocrx_word' id='word_1_463' title='bbox 2163 1724 2257 1776; x_wconf 78' lang='grc' dir='ltr'>καὶ</span> <span class='ocrx_word' id='word_1_464' title='bbox 2283 1723 2430 1787; x_wconf 82' lang='grc' dir='ltr'>ξένος</span> <span class='ocrx_word' id='word_1_465' title='bbox 2465 1727 2559 1778; x_wconf 81' lang='grc' dir='ltr'>καὶ</span> <span class='ocrx_word' id='word_1_466' title='bbox 2590 1726 2734 1794; x_wconf 81' lang='grc' dir='ltr'>γένει</span> <span class='ocrx_word' id='word_1_467' title='bbox 2764 1727 2859 1780; x_wconf 75' lang='grc' dir='ltr'>καὶ</span> <span class='ocrx_word' id='word_1_468' title='bbox 2881 1727 3087 1798; x_wconf 87' lang='grc' dir='ltr'>τρόπῳ.</span> <span class='ocrx_word' id='word_1_469' title='bbox 3135 1748 3154 1781; x_wconf 72' lang='grc' dir='ltr'><strong>ι</strong></span> <span class='ocrx_word' id='word_1_470' title='bbox 3201 1730 3298 1794; x_wconf 86' lang='grc' dir='ltr'>Τίς</span> <span class='ocrx_word' id='word_1_471' title='bbox 3326 1731 3433 1804; x_wconf 86' lang='grc' dir='ltr'><strong>γὰρ</strong></span> <span class='ocrx_word' id='word_1_472' title='bbox 3480 1735 3735 1790; x_wconf 79' lang='grc' dir='ltr'>κοινωνία</span> 
     </span>
    </p>
   </div>
   <div class='ocr_carea' id='block_1_66' title="bbox 2163 1814 3733 1893">
    <p class='ocr_par' dir='ltr' id='par_1_66' title="bbox 2163 1814 3733 1893">
     <span class='ocr_line' id='line_1_66' title="bbox 2163 1814 3733 1893; baseline 0.006 -26"><span class='ocrx_word' id='word_1_473' title='bbox 2163 1814 2304 1879; x_wconf 76' lang='grc' dir='ltr'>φωτὶ</span> <span class='ocrx_word' id='word_1_474' title='bbox 2359 1815 2494 1886; x_wconf 84' lang='grc' dir='ltr'>πρὸς</span> <span class='ocrx_word' id='word_1_475' title='bbox 2546 1816 2766 1882; x_wconf 86' lang='grc' dir='ltr'>σκότος;</span> <span class='ocrx_word' id='word_1_476' title='bbox 2817 1817 2850 1888; x_wconf 80' lang='grc' dir='ltr'>ἢ</span> <span class='ocrx_word' id='word_1_477' title='bbox 2897 1818 2980 1881; x_wconf 88' lang='grc' dir='ltr'><strong>τίς</strong></span> <span class='ocrx_word' id='word_1_478' title='bbox 3015 1819 3173 1891; x_wconf 82' lang='grc' dir='ltr'>μερὶς</span> <span class='ocrx_word' id='word_1_479' title='bbox 3219 1821 3393 1892; x_wconf 83' lang='grc' dir='ltr'>πιστῷ</span> <span class='ocrx_word' id='word_1_480' title='bbox 3435 1824 3571 1893; x_wconf 87' lang='grc' dir='ltr'>μετὰ</span> <span class='ocrx_word' id='word_1_481' title='bbox 3603 1826 3733 1880; x_wconf 83' lang='grc' dir='ltr'>ἀπί-</span> 
     </span>
    </p>
   </div>
   <div class='ocr_carea' id='block_1_67' title="bbox 2166 1906 3731 1986">
    <p class='ocr_par' dir='ltr' id='par_1_67' title="bbox 2166 1906 3731 1986">
     <span class='ocr_line' id='line_1_67' title="bbox 2166 1906 3731 1986; baseline 0.007 -26"><span class='ocrx_word' id='word_1_482' title='bbox 2166 1923 2324 1972; x_wconf 89' lang='grc' dir='ltr'>στου,</span> <span class='ocrx_word' id='word_1_483' title='bbox 2364 1925 2384 1958; x_wconf 77' lang='grc' dir='ltr'><strong>ι</strong></span> <span class='ocrx_word' id='word_1_484' title='bbox 2426 1906 2568 1960; x_wconf 87' lang='grc' dir='ltr'>κατὰ</span> <span class='ocrx_word' id='word_1_485' title='bbox 2602 1907 2662 1962; x_wconf 79' lang='grc' dir='ltr'>τὸ</span> <span class='ocrx_word' id='word_1_486' title='bbox 2698 1909 3114 1980; x_wconf 86' lang='grc' dir='ltr'>γεγραμμένον;</span> <span class='ocrx_word' id='word_1_487' title='bbox 3154 1912 3647 1986; x_wconf 86' lang='grc' dir='ltr'>Κατευμεγεθήσας</span> <span class='ocrx_word' id='word_1_488' title='bbox 3672 1918 3731 1970; x_wconf 82' lang='grc' dir='ltr'><strong>δέ</strong></span> 
     </span>
    </p>
   </div>
   <div class='ocr_carea' id='block_1_68' title="bbox 2162 1995 3730 2076">
    <p class='ocr_par' dir='ltr' id='par_1_68' title="bbox 2162 1995 3730 2076">
     <span class='ocr_line' id='line_1_68' title="bbox 2162 1995 3730 2076; baseline 0.008 -29"><span class='ocrx_word' id='word_1_489' title='bbox 2162 1995 2272 2048; x_wconf 82' lang='grc' dir='ltr'>τῶν</span> <span class='ocrx_word' id='word_1_490' title='bbox 2321 1995 2625 2066; x_wconf 75' lang='grc' dir='ltr'>ἐπιχωρίων</span> <span class='ocrx_word' id='word_1_491' title='bbox 2679 1996 2882 2062; x_wconf 83' lang='grc' dir='ltr'>κακῶν,</span> <span class='ocrx_word' id='word_1_492' title='bbox 2933 1997 3025 2051; x_wconf 75' lang='grc' dir='ltr'>καὶ</span> <span class='ocrx_word' id='word_1_493' title='bbox 3073 1999 3171 2070; x_wconf 82' lang='grc' dir='ltr'>τὴν</span> <span class='ocrx_word' id='word_1_494' title='bbox 3214 2001 3362 2072; x_wconf 82' lang='grc' dir='ltr'><strong>αύτῷ</strong></span> <span class='ocrx_word' id='word_1_495' title='bbox 3407 2003 3604 2076; x_wconf 80' lang='grc' dir='ltr'>συνήθη</span> <span class='ocrx_word' id='word_1_496' title='bbox 3635 2008 3730 2059; x_wconf 84' lang='grc' dir='ltr'><strong>τοῦ</strong></span> 
     </span>
    </p>
   </div>
   <div class='ocr_carea' id='block_1_69' title="bbox 2166 2086 3730 2165">
    <p class='ocr_par' dir='ltr' id='par_1_69' title="bbox 2166 2086 3730 2165">
     <span class='ocr_line' id='line_1_69' title="bbox 2166 2086 3730 2165; baseline 0.006 -25"><span class='ocrx_word' id='word_1_497' title='bbox 2166 2086 2282 2156; x_wconf 86' lang='grc' dir='ltr'>βίου</span> <span class='ocrx_word' id='word_1_498' title='bbox 2318 2086 2632 2156; x_wconf 89' lang='grc' dir='ltr'>διαστείχων</span> <span class='ocrx_word' id='word_1_499' title='bbox 2673 2087 2808 2151; x_wconf 84' lang='grc' dir='ltr'>ὁδὸν,</span> <span class='ocrx_word' id='word_1_500' title='bbox 2853 2088 3024 2156; x_wconf 81' lang='grc' dir='ltr'>ἁγίων</span> <span class='ocrx_word' id='word_1_501' title='bbox 3057 2087 3233 2160; x_wconf 83' lang='grc' dir='ltr'>εἴχετο</span> <span class='ocrx_word' id='word_1_502' title='bbox 3280 2095 3730 2165; x_wconf 88' lang='grc' dir='ltr'>σπουδασμάτων,</span> 
     </span>
    </p>
   </div>
   <div class='ocr_carea' id='block_1_70' title="bbox 2164 2176 3729 2257">
    <p class='ocr_par' dir='ltr' id='par_1_70' title="bbox 2164 2176 3729 2257">
     <span class='ocr_line' id='line_1_70' title="bbox 2164 2176 3729 2257; baseline 0.006 -27"><span class='ocrx_word' id='word_1_503' title='bbox 2164 2176 2259 2230; x_wconf 71' lang='grc' dir='ltr'>καὶ</span> <span class='ocrx_word' id='word_1_504' title='bbox 2309 2177 2408 2246; x_wconf 81' lang='grc' dir='ltr'>τῆς</span> <span class='ocrx_word' id='word_1_505' title='bbox 2455 2176 2754 2246; x_wconf 82' lang='grc' dir='ltr'>φιλοξενίας</span> <span class='ocrx_word' id='word_1_506' title='bbox 2796 2179 2887 2230; x_wconf 85' lang='grc' dir='ltr'>τὸν</span> <span class='ocrx_word' id='word_1_507' title='bbox 2931 2178 3092 2249; x_wconf 81' lang='grc' dir='ltr'>νόμον</span> <span class='ocrx_word' id='word_1_508' title='bbox 3133 2183 3212 2234; x_wconf 83' lang='grc' dir='ltr'>ὅτι</span> <span class='ocrx_word' id='word_1_509' title='bbox 3256 2183 3489 2251; x_wconf 86' lang='grc' dir='ltr'>μάλιστα</span> <span class='ocrx_word' id='word_1_510' title='bbox 3531 2187 3729 2257; x_wconf 86' lang='grc' dir='ltr'>τιμῶν,</span> 
     </span>
    </p>
   </div>
   <div class='ocr_carea' id='block_1_71' title="bbox 2162 2265 3733 2340">
    <p class='ocr_par' dir='ltr' id='par_1_71' title="bbox 2162 2265 3733 2340">
     <span class='ocr_line' id='line_1_71' title="bbox 2162 2265 3733 2340; baseline 0.006 -20"><span class='ocrx_word' id='word_1_511' title='bbox 2162 2270 2280 2332; x_wconf 85' lang='grc' dir='ltr'>ταῖς</span> <span class='ocrx_word' id='word_1_512' title='bbox 2339 2265 2432 2320; x_wconf 86' lang='grc' dir='ltr'><strong>τοῦ</strong></span> <span class='ocrx_word' id='word_1_513' title='bbox 2478 2268 2683 2331; x_wconf 80' lang='grc' dir='ltr'>ἄστεως</span> <span class='ocrx_word' id='word_1_514' title='bbox 2732 2269 3066 2340; x_wconf 79' lang='grc' dir='ltr'>προσιζήσας</span> <span class='ocrx_word' id='word_1_515' title='bbox 3113 2272 3410 2338; x_wconf 75' lang='grc' dir='ltr'>εἰσϐολαῖς,</span> <span class='ocrx_word' id='word_1_516' title='bbox 3461 2278 3590 2339; x_wconf 84' lang='grc' dir='ltr'>τοὺς</span> <span class='ocrx_word' id='word_1_517' title='bbox 3619 2279 3733 2330; x_wconf 88' lang='grc' dir='ltr'>είσ-</span> 
     </span>
    </p>
   </div>
   <div class='ocr_carea' id='block_1_72' title="bbox 2164 2358 3735 2434">
    <p class='ocr_par' dir='ltr' id='par_1_72' title="bbox 2164 2358 3735 2434">
     <span class='ocr_line' id='line_1_72' title="bbox 2164 2358 3735 2434; baseline 0.006 -24"><span class='ocrx_word' id='word_1_518' title='bbox 2164 2358 2452 2428; x_wconf 84' lang='grc' dir='ltr'>τρέχοντας</span> <span class='ocrx_word' id='word_1_519' title='bbox 2478 2359 2534 2411; x_wconf 86' lang='grc' dir='ltr'><strong>ἐν</strong></span> <span class='ocrx_word' id='word_1_520' title='bbox 2561 2358 2752 2422; x_wconf 82' lang='grc' dir='ltr'>αὑταῖς</span> <span class='ocrx_word' id='word_1_521' title='bbox 2785 2361 3064 2430; x_wconf 84' lang='grc' dir='ltr'>προσίεται</span> <span class='ocrx_word' id='word_1_522' title='bbox 3103 2362 3454 2434; x_wconf 78' lang='grc' dir='ltr'>φιλοφρόνως,</span> <span class='ocrx_word' id='word_1_523' title='bbox 3484 2365 3735 2434; x_wconf 67' lang='grc' dir='ltr'>θεοφιλὲς</span> 
     </span>
    </p>
   </div>
   <div class='ocr_carea' id='block_1_73' title="bbox 2162 2445 3732 2523">
    <p class='ocr_par' dir='ltr' id='par_1_73' title="bbox 2162 2445 3732 2523">
     <span class='ocr_line' id='line_1_73' title="bbox 2162 2445 3732 2523; baseline 0.005 -25"><span class='ocrx_word' id='word_1_524' title='bbox 2162 2447 2222 2499; x_wconf 85' lang='grc' dir='ltr'>τὸ</span> <span class='ocrx_word' id='word_1_525' title='bbox 2261 2446 2448 2518; x_wconf 81' lang='grc' dir='ltr'>χρῆμα</span> <span class='ocrx_word' id='word_1_526' title='bbox 2485 2445 2660 2510; x_wconf 74' lang='grc' dir='ltr'>εἰδώς.</span> <span class='ocrx_word' id='word_1_527' title='bbox 2723 2449 2943 2520; x_wconf 85' lang='grc' dir='ltr'>Ἐπειδὴ</span> <span class='ocrx_word' id='word_1_528' title='bbox 2989 2451 3043 2502; x_wconf 84' lang='grc' dir='ltr'><strong>δέ</strong></span> <span class='ocrx_word' id='word_1_529' title='bbox 3073 2445 3205 2523; x_wconf 82' lang='grc' dir='ltr'>ἦκον</span> <span class='ocrx_word' id='word_1_530' title='bbox 3248 2454 3294 2505; x_wconf 81' lang='grc' dir='ltr'>οι</span> <span class='ocrx_word' id='word_1_531' title='bbox 3320 2455 3429 2516; x_wconf 80' lang='grc' dir='ltr'>τοῖς</span> <span class='ocrx_word' id='word_1_532' title='bbox 3460 2456 3537 2516; x_wconf 87' lang='grc' dir='ltr'><strong>είς</strong></span> <span class='ocrx_word' id='word_1_533' title='bbox 3567 2455 3732 2508; x_wconf 85' lang='grc' dir='ltr'>ἀσέλ-</span> 
     </span>
    </p>
   </div>
   <div class='ocr_carea' id='block_1_74' title="bbox 2161 2537 3734 2614">
    <p class='ocr_par' dir='ltr' id='par_1_74' title="bbox 2161 2537 3734 2614">
     <span class='ocr_line' id='line_1_74' title="bbox 2161 2537 3734 2614; baseline 0.004 -24"><span class='ocrx_word' id='word_1_534' title='bbox 2161 2553 2314 2605; x_wconf 88' lang='grc' dir='ltr'>γειαν</span> <span class='ocrx_word' id='word_1_535' title='bbox 2344 2537 2611 2608; x_wconf 81' lang='grc' dir='ltr'>ἀχαλίνως</span> <span class='ocrx_word' id='word_1_536' title='bbox 2652 2537 3065 2612; x_wconf 84' lang='grc' dir='ltr'>ἐκλελυττηκόσι</span> <span class='ocrx_word' id='word_1_537' title='bbox 3098 2541 3197 2612; x_wconf 81' lang='grc' dir='ltr'>τὴν</span> <span class='ocrx_word' id='word_1_538' title='bbox 3224 2541 3378 2614; x_wconf 89' lang='grc' dir='ltr'>δίκην</span> <span class='ocrx_word' id='word_1_539' title='bbox 3421 2543 3734 2607; x_wconf 79' lang='grc' dir='ltr'>ἐποίσοντες</span> 
     </span>
    </p>
   </div>
   <div class='ocr_carea' id='block_1_75' title="bbox 2161 2625 3732 2704">
    <p class='ocr_par' dir='ltr' id='par_1_75' title="bbox 2161 2625 3732 2704">
     <span class='ocr_line' id='line_1_75' title="bbox 2161 2625 3732 2704; baseline 0.003 -22"><span class='ocrx_word' id='word_1_540' title='bbox 2161 2629 2329 2698; x_wconf 82' lang='grc' dir='ltr'>(δυὰς</span> <span class='ocrx_word' id='word_1_541' title='bbox 2353 2629 2397 2681; x_wconf 90' lang='grc' dir='ltr'>δ’</span> <span class='ocrx_word' id='word_1_542' title='bbox 2422 2625 2490 2699; x_wconf 80' lang='grc' dir='ltr'>ἦν</span> <span class='ocrx_word' id='word_1_543' title='bbox 2527 2629 2825 2698; x_wconf 80' lang='grc' dir='ltr'>ἀγγέλων),</span> <span class='ocrx_word' id='word_1_544' title='bbox 2874 2631 3193 2696; x_wconf 80' lang='grc' dir='ltr'>ὑπαντιάζει</span> <span class='ocrx_word' id='word_1_545' title='bbox 3222 2633 3457 2704; x_wconf 85' lang='grc' dir='ltr'>γοργῶς,</span> <span class='ocrx_word' id='word_1_546' title='bbox 3498 2635 3590 2688; x_wconf 76' lang='grc' dir='ltr'>καὶ</span> <span class='ocrx_word' id='word_1_547' title='bbox 3631 2636 3732 2704; x_wconf 81' lang='grc' dir='ltr'>τῆς</span> 
     </span>
    </p>
   </div>
   <div class='ocr_carea' id='block_1_76' title="bbox 2161 2719 3732 2797">
    <p class='ocr_par' dir='ltr' id='par_1_76' title="bbox 2161 2719 3732 2797">
     <span class='ocr_line' id='line_1_76' title="bbox 2161 2719 3732 2797; baseline 0.004 -25"><span class='ocrx_word' id='word_1_548' title='bbox 2161 2719 2383 2789; x_wconf 79' lang='grc' dir='ltr'>ἐνούσης</span> <span class='ocrx_word' id='word_1_549' title='bbox 2415 2719 2561 2790; x_wconf 80' lang='grc' dir='ltr'>αὐτῷ</span> <span class='ocrx_word' id='word_1_550' title='bbox 2598 2721 2960 2792; x_wconf 86' lang='grc' dir='ltr'>χρηστότητος</span> <span class='ocrx_word' id='word_1_551' title='bbox 2995 2726 3222 2794; x_wconf 85' lang='grc' dir='ltr'>μήνυσιν</span> <span class='ocrx_word' id='word_1_552' title='bbox 3254 2725 3457 2796; x_wconf 77' lang='grc' dir='ltr'>ἐναργῆ</span> <span class='ocrx_word' id='word_1_553' title='bbox 3489 2743 3732 2797; x_wconf 85' lang='grc' dir='ltr'>προανα-</span> 
     </span>
    </p>
   </div>
   <div class='ocr_carea' id='block_1_77' title="bbox 2161 2810 3736 2889">
    <p class='ocr_par' dir='ltr' id='par_1_77' title="bbox 2161 2810 3736 2889">
     <span class='ocr_line' id='line_1_77' title="bbox 2161 2810 3736 2889; baseline 0.006 -27"><span class='ocrx_word' id='word_1_554' title='bbox 2161 2810 2337 2878; x_wconf 87' lang='grc' dir='ltr'>φαίνει</span> <span class='ocrx_word' id='word_1_555' title='bbox 2383 2811 2479 2882; x_wconf 79' lang='grc' dir='ltr'><strong>τὴν</strong></span> <span class='ocrx_word' id='word_1_556' title='bbox 2505 2810 2826 2883; x_wconf 86' lang='grc' dir='ltr'>πρόσρησιν.</span> <span class='ocrx_word' id='word_1_557' title='bbox 2860 2814 3277 2885; x_wconf 84' lang='grc' dir='ltr'>Προσκεκύνηκε</span> <span class='ocrx_word' id='word_1_558' title='bbox 3309 2817 3417 2888; x_wconf 79' lang='grc' dir='ltr'><strong>γὰρ</strong></span> <span class='ocrx_word' id='word_1_559' title='bbox 3454 2816 3528 2888; x_wconf 80' lang='grc' dir='ltr'><strong>τῷ</strong></span> <span class='ocrx_word' id='word_1_560' title='bbox 3562 2835 3736 2889; x_wconf 79' lang='grc' dir='ltr'>προσ-</span> 
     </span>
    </p>
   </div>
   <div class='ocr_carea' id='block_1_78' title="bbox 2159 2899 3734 2978">
    <p class='ocr_par' dir='ltr' id='par_1_78' title="bbox 2159 2899 3734 2978">
     <span class='ocr_line' id='line_1_78' title="bbox 2159 2899 3734 2978; baseline 0.007 -27"><span class='ocrx_word' id='word_1_561' title='bbox 2159 2899 2294 2971; x_wconf 81' lang='grc' dir='ltr'><strong>ώπῳ</strong></span> <span class='ocrx_word' id='word_1_562' title='bbox 2345 2900 2436 2952; x_wconf 79' lang='grc' dir='ltr'>ἐπὶ</span> <span class='ocrx_word' id='word_1_563' title='bbox 2468 2901 2567 2972; x_wconf 75' lang='grc' dir='ltr'>τὴν</span> <span class='ocrx_word' id='word_1_564' title='bbox 2593 2902 2715 2970; x_wconf 84' lang='grc' dir='ltr'>γῆν,</span> <span class='ocrx_word' id='word_1_565' title='bbox 2757 2901 2936 2956; x_wconf 82' lang='grc' dir='ltr'>οἴκαδε</span> <span class='ocrx_word' id='word_1_566' title='bbox 2981 2920 3040 2956; x_wconf 87' lang='grc' dir='ltr'><strong>τε</strong></span> <span class='ocrx_word' id='word_1_567' title='bbox 3087 2904 3222 2958; x_wconf 79' lang='grc' dir='ltr'>ἰέναι</span> <span class='ocrx_word' id='word_1_568' title='bbox 3261 2907 3578 2978; x_wconf 86' lang='grc' dir='ltr'>προτρέπει,</span> <span class='ocrx_word' id='word_1_569' title='bbox 3633 2910 3734 2962; x_wconf 70' lang='grc' dir='ltr'>καὶ</span> 
     </span>
    </p>
   </div>
   <div class='ocr_carea' id='block_1_79' title="bbox 2159 2993 3724 3071">
    <p class='ocr_par' dir='ltr' id='par_1_79' title="bbox 2159 2993 3724 3071">
     <span class='ocr_line' id='line_1_79' title="bbox 2159 2993 3724 3071; baseline 0.004 -25"><span class='ocrx_word' id='word_1_570' title='bbox 2159 2995 2268 3056; x_wconf 85' lang='grc' dir='ltr'>τοῖς</span> <span class='ocrx_word' id='word_1_571' title='bbox 2304 2993 2403 3062; x_wconf 80' lang='grc' dir='ltr'>τῆς</span> <span class='ocrx_word' id='word_1_572' title='bbox 2425 2993 2644 3064; x_wconf 83' lang='grc' dir='ltr'>ἀγάπης</span> <span class='ocrx_word' id='word_1_573' title='bbox 2677 2995 3079 3064; x_wconf 82' lang='grc' dir='ltr'>ἐνσπαταλῆσαι</span> <span class='ocrx_word' id='word_1_574' title='bbox 3113 2999 3316 3069; x_wconf 80' lang='grc' dir='ltr'>νόμοις.</span> <span class='ocrx_word' id='word_1_575' title='bbox 3351 3001 3413 3053; x_wconf 77' lang='lat' dir='ltr'><strong>Oi</strong></span> <span class='ocrx_word' id='word_1_576' title='bbox 3452 3001 3509 3054; x_wconf 85' lang='grc' dir='ltr'><strong>δέ</strong></span> <span class='ocrx_word' id='word_1_577' title='bbox 3537 3018 3724 3071; x_wconf 81' lang='grc' dir='ltr'>φασιν·</span> 
     </span>
    </p>
   </div>
   <div class='ocr_carea' id='block_1_80' title="bbox 2163 3081 3733 3160">
    <p class='ocr_par' dir='ltr' id='par_1_80' title="bbox 2163 3081 3733 3160">
     <span class='ocr_line' id='line_1_80' title="bbox 2163 3081 3733 3160; baseline 0.006 -26"><span class='ocrx_word' id='word_1_578' title='bbox 2163 3082 2315 3152; x_wconf 75' lang='grc' dir='ltr'>Οὐχὶ,</span> <span class='ocrx_word' id='word_1_579' title='bbox 2340 3081 2452 3135; x_wconf 86' lang='grc' dir='ltr'>ἀλλ’</span> <span class='ocrx_word' id='word_1_580' title='bbox 2476 3083 2533 3136; x_wconf 90' lang='grc' dir='ltr'><strong>ἐν</strong></span> <span class='ocrx_word' id='word_1_581' title='bbox 2561 3085 2627 3154; x_wconf 85' lang='grc' dir='ltr'>τῇ</span> <span class='ocrx_word' id='word_1_582' title='bbox 2655 3083 2886 3154; x_wconf 74' lang='grc' dir='ltr'>πλατείᾳ</span> <span class='ocrx_word' id='word_1_583' title='bbox 2920 3086 3312 3157; x_wconf 85' lang='grc' dir='ltr'>καταλύσομεν·</span> <span class='ocrx_word' id='word_1_584' title='bbox 3365 3088 3427 3142; x_wconf 80' lang='grc' dir='ltr'>τὸ</span> <span class='ocrx_word' id='word_1_585' title='bbox 3468 3091 3564 3160; x_wconf 83' lang='grc' dir='ltr'>μὲν</span> <span class='ocrx_word' id='word_1_586' title='bbox 3589 3085 3733 3144; x_wconf 81' lang='grc' dir='ltr'>εἷναι</span> 
     </span>
    </p>
   </div>
   <div class='ocr_carea' id='block_1_81' title="bbox 2165 3173 3736 3249">
    <p class='ocr_par' dir='ltr' id='par_1_81' title="bbox 2165 3173 3736 3249">
     <span class='ocr_line' id='line_1_81' title="bbox 2165 3173 3736 3249; baseline 0.005 -23"><span class='ocrx_word' id='word_1_587' title='bbox 2165 3173 2301 3236; x_wconf 81' lang='grc' dir='ltr'>ξένοι</span> <span class='ocrx_word' id='word_1_588' title='bbox 2333 3173 2425 3226; x_wconf 75' lang='grc' dir='ltr'>καὶ</span> <span class='ocrx_word' id='word_1_589' title='bbox 2453 3174 2687 3227; x_wconf 88' lang='grc' dir='ltr'>ἀνέστιοι</span> <span class='ocrx_word' id='word_1_590' title='bbox 2720 3173 2806 3228; x_wconf 85' lang='grc' dir='ltr'>διὰ</span> <span class='ocrx_word' id='word_1_591' title='bbox 2831 3175 3018 3229; x_wconf 90' lang='grc' dir='ltr'>τούτου</span> <span class='ocrx_word' id='word_1_592' title='bbox 3049 3179 3558 3249; x_wconf 87' lang='grc' dir='ltr'>κατασημαίνοντες,</span> <span class='ocrx_word' id='word_1_593' title='bbox 3595 3196 3736 3234; x_wconf 87' lang='grc' dir='ltr'>κατ·</span> 
     </span>
    </p>
   </div>
   <div class='ocr_carea' id='block_1_82' title="bbox 2161 3259 3736 3340">
    <p class='ocr_par' dir='ltr' id='par_1_82' title="bbox 2161 3259 3736 3340">
     <span class='ocr_line' id='line_1_82' title="bbox 2161 3259 3736 3340; baseline 0.004 -22"><span class='ocrx_word' id='word_1_594' title='bbox 2161 3262 2507 3335; x_wconf 52' lang='grc' dir='ltr'>ερεθίζοντεςη</span> <span class='ocrx_word' id='word_1_595' title='bbox 2547 3263 2603 3316; x_wconf 85' lang='grc' dir='ltr'>δὲ</span> <span class='ocrx_word' id='word_1_596' title='bbox 2635 3259 2788 3333; x_wconf 77' lang='grc' dir='ltr'>οἶμαί</span> <span class='ocrx_word' id='word_1_597' title='bbox 2843 3281 2944 3319; x_wconf 93' lang='grc' dir='ltr'><strong>που</strong></span> <span class='ocrx_word' id='word_1_598' title='bbox 2986 3268 3121 3338; x_wconf 81' lang='grc' dir='ltr'>πρὸς</span> <span class='ocrx_word' id='word_1_599' title='bbox 3170 3270 3529 3340; x_wconf 89' lang='grc' dir='ltr'>ἐντονωτέραν</span> <span class='ocrx_word' id='word_1_600' title='bbox 3564 3286 3736 3324; x_wconf 89' lang='grc' dir='ltr'>σπου-</span> 
     </span>
    </p>
   </div>
   <div class='ocr_carea' id='block_1_83' title="bbox 2158 3352 3739 3431">
    <p class='ocr_par' dir='ltr' id='par_1_83' title="bbox 2158 3352 3739 3431">
     <span class='ocr_line' id='line_1_83' title="bbox 2158 3352 3739 3431; baseline 0.005 -24"><span class='ocrx_word' id='word_1_601' title='bbox 2158 3353 2252 3425; x_wconf 81' lang='grc' dir='ltr'>δὴν</span> <span class='ocrx_word' id='word_1_602' title='bbox 2317 3354 2408 3408; x_wconf 83' lang='grc' dir='ltr'>τὸν</span> <span class='ocrx_word' id='word_1_603' title='bbox 2468 3352 2761 3423; x_wconf 78' lang='grc' dir='ltr'>φιλοξενεῖν</span> <span class='ocrx_word' id='word_1_604' title='bbox 2813 3357 3121 3428; x_wconf 77' lang='grc' dir='ltr'>ᾑρημένον,</span> <span class='ocrx_word' id='word_1_605' title='bbox 3186 3362 3465 3431; x_wconf 73' lang='grc' dir='ltr'>μονονουχὶ</span> <span class='ocrx_word' id='word_1_606' title='bbox 3516 3362 3572 3414; x_wconf 84' lang='grc' dir='ltr'>δὲ</span> <span class='ocrx_word' id='word_1_607' title='bbox 3634 3364 3739 3415; x_wconf 71' lang='grc' dir='ltr'>καὶ</span> 
     </span>
    </p>
   </div>
   <div class='ocr_carea' id='block_1_84' title="bbox 2159 3445 3742 3524">
    <p class='ocr_par' dir='ltr' id='par_1_84' title="bbox 2159 3445 3742 3524">
     <span class='ocr_line' id='line_1_84' title="bbox 2159 3445 3742 3524; baseline 0.006 -25"><span class='ocrx_word' id='word_1_608' title='bbox 2159 3445 2387 3509; x_wconf 85' lang='grc' dir='ltr'>ἀστείως</span> <span class='ocrx_word' id='word_1_609' title='bbox 2433 3447 2923 3517; x_wconf 85' lang='grc' dir='ltr'>ὑποσημαίνοντες,</span> <span class='ocrx_word' id='word_1_610' title='bbox 2959 3450 3035 3512; x_wconf 83' lang='grc' dir='ltr'><strong>ὡς</strong></span> <span class='ocrx_word' id='word_1_611' title='bbox 3070 3450 3167 3503; x_wconf 83' lang='grc' dir='ltr'>οὐκ</span> <span class='ocrx_word' id='word_1_612' title='bbox 3193 3450 3260 3504; x_wconf 86' lang='grc' dir='ltr'>ἂν</span> <span class='ocrx_word' id='word_1_613' title='bbox 3290 3453 3483 3516; x_wconf 80' lang='grc' dir='ltr'>αὐτοὺς</span> <span class='ocrx_word' id='word_1_614' title='bbox 3514 3453 3742 3524; x_wconf 86' lang='grc' dir='ltr'>μεοεῖτο</span> 
     </span>
    </p>
   </div>
   <div class='ocr_carea' id='block_1_85' title="bbox 2160 3535 3743 3607">
    <p class='ocr_par' dir='ltr' id='par_1_85' title="bbox 2160 3535 3743 3607">
     <span class='ocr_line' id='line_1_85' title="bbox 2160 3535 3743 3607; baseline 0.005 -21"><span class='ocrx_word' id='word_1_615' title='bbox 2160 3535 2475 3606; x_wconf 82' lang='grc' dir='ltr'>πρεπόντως</span> <span class='ocrx_word' id='word_1_616' title='bbox 2533 3537 2773 3606; x_wconf 81' lang='grc' dir='ltr'>ἐρήμους</span> <span class='ocrx_word' id='word_1_617' title='bbox 2817 3536 2976 3601; x_wconf 78' lang='grc' dir='ltr'>ὄντας</span> <span class='ocrx_word' id='word_1_618' title='bbox 3032 3539 3235 3603; x_wconf 88' lang='grc' dir='ltr'>ἐστίας,</span> <span class='ocrx_word' id='word_1_619' title='bbox 3281 3541 3374 3592; x_wconf 77' lang='grc' dir='ltr'>καὶ</span> <span class='ocrx_word' id='word_1_620' title='bbox 3432 3542 3488 3594; x_wconf 90' lang='grc' dir='ltr'><strong>ἐν</strong></span> <span class='ocrx_word' id='word_1_621' title='bbox 3539 3543 3743 3607; x_wconf 82' lang='grc' dir='ltr'>αὐταῖς</span> 
     </span>
    </p>
   </div>
   <div class='ocr_carea' id='block_1_86' title="bbox 2159 3624 3740 3700">
    <p class='ocr_par' dir='ltr' id='par_1_86' title="bbox 2159 3624 3740 3700">
     <span class='ocr_line' id='line_1_86' title="bbox 2159 3624 3740 3700; baseline 0.005 -23"><span class='ocrx_word' id='word_1_622' title='bbox 2159 3624 2388 3696; x_wconf 84' lang='grc' dir='ltr'>τριόδοις</span> <span class='ocrx_word' id='word_1_623' title='bbox 2417 3625 2871 3696; x_wconf 74' lang='grc' dir='ltr'>ἐξερῤιμμένουςο</span> <span class='ocrx_word' id='word_1_624' title='bbox 2932 3627 2960 3680; x_wconf 80' lang='grc' dir='ltr'><strong><em>ὃ</em></strong></span> <span class='ocrx_word' id='word_1_625' title='bbox 2991 3628 3056 3700; x_wconf 86' lang='grc' dir='ltr'>δὴ</span> <span class='ocrx_word' id='word_1_626' title='bbox 3091 3630 3184 3683; x_wconf 74' lang='grc' dir='ltr'>καὶ</span> <span class='ocrx_word' id='word_1_627' title='bbox 3218 3631 3394 3695; x_wconf 71' lang='grc' dir='ltr'>συνεὶς</span> <span class='ocrx_word' id='word_1_628' title='bbox 3431 3632 3459 3685; x_wconf 84' lang='grc' dir='ltr'><strong>ὁ</strong></span> <span class='ocrx_word' id='word_1_629' title='bbox 3499 3631 3740 3698; x_wconf 82' lang='grc' dir='ltr'>δίκαιος,</span> 
     </span>
    </p>
   </div>
   <div class='ocr_carea' id='block_1_87' title="bbox 2163 3713 3746 3791">
    <p class='ocr_par' dir='ltr' id='par_1_87' title="bbox 2163 3713 3746 3791">
     <span class='ocr_line' id='line_1_87' title="bbox 2163 3713 3746 3791; baseline 0.006 -25"><span class='ocrx_word' id='word_1_630' title='bbox 2163 3713 2426 3784; x_wconf 84' lang='grc' dir='ltr'>μειζόνως</span> <span class='ocrx_word' id='word_1_631' title='bbox 2450 3714 2823 3779; x_wconf 78' lang='grc' dir='ltr'>κατεϐιάζετο,</span> <span class='ocrx_word' id='word_1_632' title='bbox 2851 3717 2944 3770; x_wconf 79' lang='grc' dir='ltr'>καὶ</span> <span class='ocrx_word' id='word_1_633' title='bbox 2969 3720 3064 3788; x_wconf 83' lang='grc' dir='ltr'>οὐχ</span> <span class='ocrx_word' id='word_1_634' title='bbox 3091 3720 3381 3789; x_wconf 83' lang='grc' dir='ltr'>ἁρπαγμὸν</span> <span class='ocrx_word' id='word_1_635' title='bbox 3404 3722 3500 3791; x_wconf 84' lang='grc' dir='ltr'>τὴν</span> <span class='ocrx_word' id='word_1_636' title='bbox 3532 3723 3746 3791; x_wconf 85' lang='grc' dir='ltr'>παραί-</span> 
     </span>
    </p>
   </div>
   <div class='ocr_carea' id='block_1_88' title="bbox 2159 3805 3748 3880">
    <p class='ocr_par' dir='ltr' id='par_1_88' title="bbox 2159 3805 3748 3880">
     <span class='ocr_line' id='line_1_88' title="bbox 2159 3805 3748 3880; baseline 0.007 -24"><span class='ocrx_word' id='word_1_637' title='bbox 2159 3821 2313 3875; x_wconf 86' lang='grc' dir='ltr'>τησιν</span> <span class='ocrx_word' id='word_1_638' title='bbox 2365 3805 2440 3868; x_wconf 85' lang='grc' dir='ltr'>ὡς</span> <span class='ocrx_word' id='word_1_639' title='bbox 2491 3805 2549 3871; x_wconf 79' lang='grc' dir='ltr'><strong>ἐξ</strong></span> <span class='ocrx_word' id='word_1_640' title='bbox 2599 3805 2862 3875; x_wconf 81' lang='grc' dir='ltr'>ἀδρανοῦς</span> <span class='ocrx_word' id='word_1_641' title='bbox 2922 3809 3015 3859; x_wconf 76' lang='grc' dir='ltr'>καὶ</span> <span class='ocrx_word' id='word_1_642' title='bbox 3077 3809 3440 3880; x_wconf 86' lang='grc' dir='ltr'>ύδαρεστέρας</span> <span class='ocrx_word' id='word_1_643' title='bbox 3498 3814 3748 3868; x_wconf 86' lang='grc' dir='ltr'>ἐποιεῖτο</span> 
     </span>
    </p>
   </div>
   <div class='ocr_carea' id='block_1_89' title="bbox 2159 3895 3746 3971">
    <p class='ocr_par' dir='ltr' id='par_1_89' title="bbox 2159 3895 3746 3971">
     <span class='ocr_line' id='line_1_89' title="bbox 2159 3895 3746 3971; baseline 0.004 -23"><span class='ocrx_word' id='word_1_644' title='bbox 2159 3897 2373 3966; x_wconf 81' lang='grc' dir='ltr'>φρενός.</span> <span class='ocrx_word' id='word_1_645' title='bbox 2401 3895 2606 3948; x_wconf 84' lang='grc' dir='ltr'>Οὐκοῦν</span> <span class='ocrx_word' id='word_1_646' title='bbox 2651 3895 2994 3959; x_wconf 80' lang='grc' dir='ltr'>είσοικίζεται</span> <span class='ocrx_word' id='word_1_647' title='bbox 3029 3897 3125 3965; x_wconf 81' lang='grc' dir='ltr'>μὲν</span> <span class='ocrx_word' id='word_1_648' title='bbox 3157 3898 3374 3962; x_wconf 80' lang='grc' dir='ltr'>αὐτοὺς,</span> <span class='ocrx_word' id='word_1_649' title='bbox 3401 3899 3648 3971; x_wconf 78' lang='grc' dir='ltr'>ἀζύμους</span> <span class='ocrx_word' id='word_1_650' title='bbox 3672 3922 3746 3959; x_wconf 82' lang='grc' dir='ltr'><strong>τε</strong></span> 
     </span>
    </p>
   </div>
   <div class='ocr_carea' id='block_1_90' title="bbox 2158 3985 3748 4059">
    <p class='ocr_par' dir='ltr' id='par_1_90' title="bbox 2158 3985 3748 4059">
     <span class='ocr_line' id='line_1_90' title="bbox 2158 3985 3748 4059; baseline 0.005 -18"><span class='ocrx_word' id='word_1_651' title='bbox 2158 3988 2355 4058; x_wconf 79' lang='grc' dir='ltr'>ἄρτους</span> <span class='ocrx_word' id='word_1_652' title='bbox 2381 3985 2681 4056; x_wconf 87' lang='grc' dir='ltr'>παρετίθει,</span> <span class='ocrx_word' id='word_1_653' title='bbox 2715 3987 2808 4040; x_wconf 79' lang='grc' dir='ltr'>καὶ</span> <span class='ocrx_word' id='word_1_654' title='bbox 2856 3987 3016 4040; x_wconf 87' lang='grc' dir='ltr'>πότον</span> <span class='ocrx_word' id='word_1_655' title='bbox 3044 3987 3344 4059; x_wconf 76' lang='grc' dir='ltr'>είργάζετο.</span> <span class='ocrx_word' id='word_1_656' title='bbox 3387 3991 3547 4045; x_wconf 87' lang='grc' dir='ltr'>Ἀλλά</span> <span class='ocrx_word' id='word_1_657' title='bbox 3571 3999 3748 4050; x_wconf 77' lang='grc' dir='ltr'>ταυτὶ</span> 
     </span>
    </p>
   </div>
   <div class='ocr_carea' id='block_1_91' title="bbox 2162 4077 3748 4155">
    <p class='ocr_par' dir='ltr' id='par_1_91' title="bbox 2162 4077 3748 4155">
     <span class='ocr_line' id='line_1_91' title="bbox 2162 4077 3748 4155; baseline 0.007 -26"><span class='ocrx_word' id='word_1_658' title='bbox 2162 4077 2310 4147; x_wconf 81' lang='grc' dir='ltr'>μένό</span> <span class='ocrx_word' id='word_1_659' title='bbox 2357 4077 2581 4139; x_wconf 86' lang='grc' dir='ltr'>δίκαιος.</span> <span class='ocrx_word' id='word_1_660' title='bbox 2628 4077 2906 4149; x_wconf 82' lang='grc' dir='ltr'>Σοδομῖται</span> <span class='ocrx_word' id='word_1_661' title='bbox 2949 4079 3004 4132; x_wconf 87' lang='grc' dir='ltr'><strong>δέ</strong></span> <span class='ocrx_word' id='word_1_662' title='bbox 3056 4081 3268 4152; x_wconf 82' lang='grc' dir='ltr'>γυμνὴν</span> <span class='ocrx_word' id='word_1_663' title='bbox 3302 4081 3397 4134; x_wconf 76' lang='grc' dir='ltr'>καὶ</span> <span class='ocrx_word' id='word_1_664' title='bbox 3445 4083 3748 4155; x_wconf 75' lang='grc' dir='ltr'>ἀσχήμονα</span> 
     </span>
    </p>
   </div>
   <div class='ocr_carea' id='block_1_92' title="bbox 2158 4165 3748 4242">
    <p class='ocr_par' dir='ltr' id='par_1_92' title="bbox 2158 4165 3748 4242">
     <span class='ocr_line' id='line_1_92' title="bbox 2158 4165 3748 4242; baseline 0.004 -21"><span class='ocrx_word' id='word_1_665' title='bbox 2158 4165 2436 4230; x_wconf 80' lang='grc' dir='ltr'>νοσοῦντες</span> <span class='ocrx_word' id='word_1_666' title='bbox 2485 4167 2694 4238; x_wconf 80' lang='grc' dir='ltr'>ἡδονὴν,</span> <span class='ocrx_word' id='word_1_667' title='bbox 2741 4168 2802 4221; x_wconf 82' lang='grc' dir='ltr'>τὸ</span> <span class='ocrx_word' id='word_1_668' title='bbox 2830 4167 2922 4222; x_wconf 87' lang='grc' dir='ltr'><strong>τοῦ</strong></span> <span class='ocrx_word' id='word_1_669' title='bbox 2954 4168 3161 4223; x_wconf 84' lang='grc' dir='ltr'>δικαίου</span> <span class='ocrx_word' id='word_1_670' title='bbox 3193 4170 3461 4241; x_wconf 90' lang='grc' dir='ltr'>δωμάτιον</span> <span class='ocrx_word' id='word_1_671' title='bbox 3498 4174 3748 4242; x_wconf 83' lang='grc' dir='ltr'>ἀνοσίως</span> 
     </span>
    </p>
   </div>
   <div class='ocr_carea' id='block_1_93' title="bbox 2159 4259 3746 4333">
    <p class='ocr_par' dir='ltr' id='par_1_93' title="bbox 2159 4259 3746 4333">
     <span class='ocr_line' id='line_1_93' title="bbox 2159 4259 3746 4333; baseline 0.004 -22"><span class='ocrx_word' id='word_1_672' title='bbox 2159 4259 2591 4330; x_wconf 86' lang='grc' dir='ltr'>περιερχόμενοι,</span> <span class='ocrx_word' id='word_1_673' title='bbox 2624 4259 2716 4312; x_wconf 71' lang='grc' dir='ltr'>καὶ</span> <span class='ocrx_word' id='word_1_674' title='bbox 2742 4259 2838 4330; x_wconf 84' lang='grc' dir='ltr'><strong>τῆς</strong></span> <span class='ocrx_word' id='word_1_675' title='bbox 2868 4261 2947 4324; x_wconf 78' lang='grc' dir='ltr'>εἰς</span> <span class='ocrx_word' id='word_1_676' title='bbox 2975 4260 3141 4330; x_wconf 83' lang='grc' dir='ltr'>ἀκρον</span> <span class='ocrx_word' id='word_1_677' title='bbox 3171 4261 3410 4332; x_wconf 77' lang='grc' dir='ltr'>ἡκούσης</span> <span class='ocrx_word' id='word_1_678' title='bbox 3437 4265 3746 4333; x_wconf 83' lang='grc' dir='ltr'>ἀναισχυν-</span> 
     </span>
    </p>
   </div>
   <div class='ocr_carea' id='block_1_94' title="bbox 2159 4349 3745 4426">
    <p class='ocr_par' dir='ltr' id='par_1_94' title="bbox 2159 4349 3745 4426">
     <span class='ocr_line' id='line_1_94' title="bbox 2159 4349 3745 4426; baseline 0.003 -24"><span class='ocrx_word' id='word_1_679' title='bbox 2159 4349 2277 4412; x_wconf 89' lang='grc' dir='ltr'>τίας</span> <span class='ocrx_word' id='word_1_680' title='bbox 2301 4349 2554 4412; x_wconf 86' lang='grc' dir='ltr'>πεσόντες</span> <span class='ocrx_word' id='word_1_681' title='bbox 2575 4349 2845 4415; x_wconf 86' lang='grc' dir='ltr'>ἐπέκεινα,</span> <span class='ocrx_word' id='word_1_682' title='bbox 2875 4349 3118 4404; x_wconf 84' lang='grc' dir='ltr'>ἀνεῖσθαι</span> <span class='ocrx_word' id='word_1_683' title='bbox 3143 4351 3240 4420; x_wconf 85' lang='grc' dir='ltr'>μὲν</span> <span class='ocrx_word' id='word_1_684' title='bbox 3266 4351 3412 4420; x_wconf 83' lang='grc' dir='ltr'>σφίσι</span> <span class='ocrx_word' id='word_1_685' title='bbox 3435 4353 3500 4405; x_wconf 77' lang='grc' dir='ltr'><strong>τά</strong></span> <span class='ocrx_word' id='word_1_686' title='bbox 3524 4355 3745 4426; x_wconf 86' lang='grc' dir='ltr'>συνήθη</span> 
     </span>
    </p>
   </div>
   <div class='ocr_carea' id='block_1_95' title="bbox 500 4434 2062 4517">
    <p class='ocr_par' dir='ltr' id='par_1_95' title="bbox 500 4444 2062 4515">
     <span class='ocr_line' id='line_1_95' title="bbox 500 4444 2062 4515; baseline -0.002 -16"><span class='ocrx_word' id='word_1_687' title='bbox 500 4445 700 4499; x_wconf 72' lang='lat' dir='ltr'><strong>dentia:</strong></span> <span class='ocrx_word' id='word_1_688' title='bbox 730 4445 993 4499; x_wconf 89' lang='lat' dir='ltr'><strong>terminos</strong></span> <span class='ocrx_word' id='word_1_689' title='bbox 1014 4445 1241 4515; x_wconf 81' lang='lat' dir='ltr'><strong>egressi,</strong></span> <span class='ocrx_word' id='word_1_690' title='bbox 1280 4445 1453 4499; x_wconf 76' lang='lat' dir='ltr'><strong>solitae</strong></span> <span class='ocrx_word' id='word_1_691' title='bbox 1483 4444 1731 4500; x_wconf 91' lang='lat' dir='ltr'><strong>libidinis</strong></span> <span class='ocrx_word' id='word_1_692' title='bbox 1759 4460 1918 4499; x_wconf 92' lang='lat' dir='ltr'><strong>usum</strong></span> <span class='ocrx_word' id='word_1_693' title='bbox 1940 4459 2062 4513; x_wconf 89' lang='lat' dir='ltr'><strong>per-</strong></span> 
     </span>
    </p>
   </div>
   <div class='ocr_carea' id='block_1_96' title="bbox 2161 4434 3748 4517">
    <p class='ocr_par' dir='ltr' id='par_1_96' title="bbox 2164 4434 3748 4517">
     <span class='ocr_line' id='line_1_96' title="bbox 2164 4434 3748 4517; baseline 0.004 -26"><span class='ocrx_word' id='word_1_694' title='bbox 2164 4439 2295 4510; x_wconf 81' lang='grc' dir='ltr'>δρᾷν</span> <span class='ocrx_word' id='word_1_695' title='bbox 2319 4438 2522 4508; x_wconf 76' lang='grc' dir='ltr'>ἠξίουν,</span> <span class='ocrx_word' id='word_1_696' title='bbox 2555 4434 2672 4491; x_wconf 75' lang='grc' dir='ltr'>εἶτα</span> <span class='ocrx_word' id='word_1_697' title='bbox 2711 4437 2827 4492; x_wconf 89' lang='grc' dir='ltr'>δέον</span> <span class='ocrx_word' id='word_1_698' title='bbox 2857 4439 3067 4493; x_wconf 80' lang='grc' dir='ltr'>ἑλέσθαι</span> <span class='ocrx_word' id='word_1_699' title='bbox 3117 4440 3437 4509; x_wconf 83' lang='grc' dir='ltr'>φιλοξενίαν,</span> <span class='ocrx_word' id='word_1_700' title='bbox 3472 4443 3748 4517; x_wconf 76' lang='grc' dir='ltr'>ἀσελγείᾳ</span> 
     </span>
    </p>
   </div>
   <div class='ocr_carea' id='block_1_97' title="bbox 491 4532 2062 4605">
    <p class='ocr_par' dir='ltr' id='par_1_97' title="bbox 491 4532 2062 4605">
     <span class='ocr_line' id='line_1_97' title="bbox 491 4532 2062 4605; baseline -0.002 -17"><span class='ocrx_word' id='word_1_701' title='bbox 491 4535 636 4588; x_wconf 90' lang='lat' dir='ltr'><strong>mitti</strong></span> <span class='ocrx_word' id='word_1_702' title='bbox 675 4534 780 4588; x_wconf 91' lang='lat' dir='ltr'><strong>sibi</strong></span> <span class='ocrx_word' id='word_1_703' title='bbox 821 4535 1262 4602; x_wconf 87' lang='lat' dir='ltr'><strong>contendebant;</strong></span> <span class='ocrx_word' id='word_1_704' title='bbox 1293 4547 1350 4590; x_wconf 90' lang='lat' dir='ltr'><strong>et</strong></span> <span class='ocrx_word' id='word_1_705' title='bbox 1391 4535 1448 4588; x_wconf 92' lang='lat' dir='ltr'><strong>in</strong></span> <span class='ocrx_word' id='word_1_706' title='bbox 1480 4550 1619 4605; x_wconf 92' lang='lat' dir='ltr'><strong>quos</strong></span> <span class='ocrx_word' id='word_1_707' title='bbox 1671 4532 2062 4604; x_wconf 87' lang='lat' dir='ltr'><strong>hospitalitatis</strong></span> 
     </span>
    </p>
   </div>
   <div class='ocr_carea' id='block_1_98' title="bbox 2157 4529 3748 4602">
    <p class='ocr_par' dir='ltr' id='par_1_98' title="bbox 2157 4529 3748 4602">
     <span class='ocr_line' id='line_1_98' title="bbox 2157 4529 3748 4602; baseline 0.006 -20"><span class='ocrx_word' id='word_1_708' title='bbox 2157 4533 2224 4601; x_wconf 81' lang='grc' dir='ltr'><strong>τῇ</strong></span> <span class='ocrx_word' id='word_1_709' title='bbox 2259 4529 2411 4600; x_wconf 88' lang='grc' dir='ltr'><strong>παρά</strong></span> <span class='ocrx_word' id='word_1_710' title='bbox 2454 4529 2614 4598; x_wconf 85' lang='grc' dir='ltr'>φύσιν</span> <span class='ocrx_word' id='word_1_711' title='bbox 2677 4530 2955 4584; x_wconf 76' lang='grc' dir='ltr'>ἐδούλοντο</span> <span class='ocrx_word' id='word_1_712' title='bbox 3010 4532 3233 4585; x_wconf 88' lang='grc' dir='ltr'>κακοῦν.</span> <span class='ocrx_word' id='word_1_713' title='bbox 3295 4533 3622 4602; x_wconf 81' lang='grc' dir='ltr'>Ἀφιστάντα</span> <span class='ocrx_word' id='word_1_714' title='bbox 3675 4535 3748 4591; x_wconf 81' lang='grc' dir='ltr'>δὲ</span> 
     </span>
    </p>
   </div>
   <div class='ocr_carea' id='block_1_99' title="bbox 414 4986 2061 5056">
    <p class='ocr_par' dir='ltr' id='par_1_99' title="bbox 414 4986 2061 5056">
     <span class='ocr_line' id='line_1_99' title="bbox 414 4986 2061 5056; baseline 0 -18"><span class='ocrx_word' id='word_1_715' title='bbox 414 5005 430 5054; x_wconf 68' lang='grc'>;</span> <span class='ocrx_word' id='word_1_716' title='bbox 494 4987 627 5056; x_wconf 83' lang='lat' dir='ltr'><strong>quin</strong></span> <span class='ocrx_word' id='word_1_717' title='bbox 649 4986 728 5039; x_wconf 87' lang='lat' dir='ltr'><strong>illi</strong></span> <span class='ocrx_word' id='word_1_718' title='bbox 753 4987 862 5040; x_wconf 90' lang='lat' dir='ltr'><strong>vim</strong></span> <span class='ocrx_word' id='word_1_719' title='bbox 895 4986 1177 5050; x_wconf 73' lang='lat' dir='ltr'><strong>afferrent,</strong></span> <span class='ocrx_word' id='word_1_720' title='bbox 1211 4987 1318 5041; x_wconf 85' lang='lat' dir='ltr'><strong>nisi</strong></span> <span class='ocrx_word' id='word_1_721' title='bbox 1349 4986 1653 5041; x_wconf 76' lang='lat' dir='ltr'><strong>adfuissent</strong></span> <span class='ocrx_word' id='word_1_722' title='bbox 1696 4986 1775 5038; x_wconf 90' lang='lat' dir='ltr'><strong>illi</strong></span> <span class='ocrx_word' id='word_1_723' title='bbox 1814 4993 2061 5040; x_wconf 84' lang='lat' dir='ltr'><strong>servato-</strong></span> 
     </span>
    </p>
   </div>
   <div class='ocr_carea' id='block_1_100' title="bbox 488 4619 2062 4696">
    <p class='ocr_par' dir='ltr' id='par_1_100' title="bbox 488 4623 2062 4696">
     <span class='ocr_line' id='line_1_100' title="bbox 488 4623 2062 4696; baseline 0 -19"><span class='ocrx_word' id='word_1_724' title='bbox 488 4623 668 4678; x_wconf 84' lang='lat' dir='ltr'><strong>olIicia</strong></span> <span class='ocrx_word' id='word_1_725' title='bbox 703 4623 950 4679; x_wconf 88' lang='lat' dir='ltr'><strong>conferre</strong></span> <span class='ocrx_word' id='word_1_726' title='bbox 976 4624 1282 4691; x_wconf 88' lang='lat' dir='ltr'><strong>debebant,</strong></span> <span class='ocrx_word' id='word_1_727' title='bbox 1325 4627 1382 4680; x_wconf 91' lang='lat' dir='ltr'><strong>in</strong></span> <span class='ocrx_word' id='word_1_728' title='bbox 1415 4642 1514 4682; x_wconf 93' lang='lat' dir='ltr'><strong>eos</strong></span> <span class='ocrx_word' id='word_1_729' title='bbox 1547 4627 1832 4681; x_wconf 90' lang='lat' dir='ltr'><strong>libidinem</strong></span> <span class='ocrx_word' id='word_1_730' title='bbox 1868 4632 2062 4696; x_wconf 80' lang='lat' dir='ltr'><strong>praeter</strong></span> 
     </span>
    </p>
   </div>
   <div class='ocr_carea' id='block_1_101' title="bbox 2161 4619 3752 4696">
    <p class='ocr_par' dir='ltr' id='par_1_101' title="bbox 2161 4619 3752 4694">
     <span class='ocr_line' id='line_1_101' title="bbox 2161 4619 3752 4694; baseline 0.003 -19"><span class='ocrx_word' id='word_1_731' title='bbox 2161 4621 2354 4684; x_wconf 80' lang='grc' dir='ltr'>αὐτοὺς</span> <span class='ocrx_word' id='word_1_732' title='bbox 2392 4620 2483 4674; x_wconf 72' lang='grc' dir='ltr'>τὸν</span> <span class='ocrx_word' id='word_1_733' title='bbox 2530 4619 2654 4673; x_wconf 85' lang='grc' dir='ltr'><strong>Λὼτ</strong></span> <span class='ocrx_word' id='word_1_734' title='bbox 2691 4621 2797 4674; x_wconf 86' lang='grc' dir='ltr'><strong>τῶν</strong></span> <span class='ocrx_word' id='word_1_735' title='bbox 2829 4621 3000 4685; x_wconf 79' lang='grc' dir='ltr'>οὓτως</span> <span class='ocrx_word' id='word_1_736' title='bbox 3028 4623 3234 4694; x_wconf 85' lang='grc' dir='ltr'>ἀγρίων</span> <span class='ocrx_word' id='word_1_737' title='bbox 3274 4625 3366 4678; x_wconf 67' lang='grc' dir='ltr'><strong>καὶ</strong></span> <span class='ocrx_word' id='word_1_738' title='bbox 3393 4624 3752 4694; x_wconf 79' lang='grc' dir='ltr'>βδελυρωτά-</span> 
     </span>
    </p>
   </div>
   <div class='ocr_carea' id='block_1_102' title="bbox 493 4711 2062 4788">
    <p class='ocr_par' dir='ltr' id='par_1_102' title="bbox 493 4717 2060 4788">
     <span class='ocr_line' id='line_1_102' title="bbox 493 4717 2060 4788; baseline -0.001 -18"><span class='ocrx_word' id='word_1_739' title='bbox 493 4724 742 4772; x_wconf 89' lang='lat' dir='ltr'><strong>naturam</strong></span> <span class='ocrx_word' id='word_1_740' title='bbox 762 4731 1018 4772; x_wconf 88' lang='lat' dir='ltr'><strong>exercere</strong></span> <span class='ocrx_word' id='word_1_741' title='bbox 1045 4717 1322 4772; x_wconf 89' lang='lat' dir='ltr'><strong>volebant.</strong></span> <span class='ocrx_word' id='word_1_742' title='bbox 1358 4718 1467 4788; x_wconf 87' lang='lat' dir='ltr'><strong>Ipsi</strong></span> <span class='ocrx_word' id='word_1_743' title='bbox 1490 4718 1592 4772; x_wconf 91' lang='lat' dir='ltr'><strong>Lot</strong></span> <span class='ocrx_word' id='word_1_744' title='bbox 1613 4726 1898 4788; x_wconf 84' lang='lat' dir='ltr'><strong>praeterea,</strong></span> <span class='ocrx_word' id='word_1_745' title='bbox 1935 4731 2060 4771; x_wconf 91' lang='lat' dir='ltr'><strong>cum</strong></span> 
     </span>
    </p>
   </div>
   <div class='ocr_carea' id='block_1_103' title="bbox 2161 4711 3755 4788">
    <p class='ocr_par' dir='ltr' id='par_1_103' title="bbox 2161 4711 3755 4786">
     <span class='ocr_line' id='line_1_103' title="bbox 2161 4711 3755 4786; baseline 0.004 -23"><span class='ocrx_word' id='word_1_746' title='bbox 2161 4728 2262 4764; x_wconf 88' lang='grc' dir='ltr'><strong>των</strong></span> <span class='ocrx_word' id='word_1_747' title='bbox 2287 4711 2698 4780; x_wconf 87' lang='grc' dir='ltr'>ἐγχειρημάτων</span> <span class='ocrx_word' id='word_1_748' title='bbox 2723 4712 3019 4782; x_wconf 83' lang='grc' dir='ltr'>παραλύειν</span> <span class='ocrx_word' id='word_1_749' title='bbox 3041 4713 3247 4783; x_wconf 73' lang='grc' dir='ltr'>ἤθελον,</span> <span class='ocrx_word' id='word_1_750' title='bbox 3277 4715 3389 4783; x_wconf 74' lang='grc' dir='ltr'>ἥλω</span> <span class='ocrx_word' id='word_1_751' title='bbox 3417 4715 3460 4768; x_wconf 82' lang='grc' dir='ltr'>δ’</span> <span class='ocrx_word' id='word_1_752' title='bbox 3496 4715 3562 4768; x_wconf 80' lang='grc' dir='ltr'>ἂν</span> <span class='ocrx_word' id='word_1_753' title='bbox 3589 4715 3755 4786; x_wconf 72' lang='grc' dir='ltr'>τάχα</span> 
     </span>
    </p>
   </div>
   <div class='ocr_carea' id='block_1_104' title="bbox 495 4800 2062 4877">
    <p class='ocr_par' dir='ltr' id='par_1_104' title="bbox 495 4806 2062 4877">
     <span class='ocr_line' id='line_1_104' title="bbox 495 4806 2062 4877; baseline -0.001 -17"><span class='ocrx_word' id='word_1_754' title='bbox 495 4807 616 4861; x_wconf 80' lang='lat' dir='ltr'><strong>Illos</strong></span> <span class='ocrx_word' id='word_1_755' title='bbox 647 4821 676 4860; x_wconf 93' lang='lat' dir='ltr'><strong>a</strong></span> <span class='ocrx_word' id='word_1_756' title='bbox 719 4813 830 4860; x_wconf 88' lang='lat' dir='ltr'><strong>tam</strong></span> <span class='ocrx_word' id='word_1_757' title='bbox 870 4806 1202 4862; x_wconf 89' lang='lat' dir='ltr'><strong>immanibus</strong></span> <span class='ocrx_word' id='word_1_758' title='bbox 1241 4807 1510 4877; x_wconf 71' lang='lat' dir='ltr'><strong>fmdisque</strong></span> <span class='ocrx_word' id='word_1_759' title='bbox 1559 4808 1755 4877; x_wconf 85' lang='lat' dir='ltr'><strong>coeptis</strong></span> <span class='ocrx_word' id='word_1_760' title='bbox 1816 4814 2062 4861; x_wconf 88' lang='lat' dir='ltr'><strong>avertere</strong></span> 
     </span>
    </p>
   </div>
   <div class='ocr_carea' id='block_1_105' title="bbox 2161 4800 3748 4877">
    <p class='ocr_par' dir='ltr' id='par_1_105' title="bbox 2161 4800 3748 4875">
     <span class='ocr_line' id='line_1_105' title="bbox 2161 4800 3748 4875; baseline 0.003 -21"><span class='ocrx_word' id='word_1_761' title='bbox 2161 4801 2252 4855; x_wconf 77' lang='grc' dir='ltr'>καὶ</span> <span class='ocrx_word' id='word_1_762' title='bbox 2280 4803 2358 4864; x_wconf 82' lang='grc' dir='ltr'>εἰς</span> <span class='ocrx_word' id='word_1_763' title='bbox 2396 4800 2527 4854; x_wconf 81' lang='grc' dir='ltr'>αὐτὸ</span> <span class='ocrx_word' id='word_1_764' title='bbox 2551 4802 2612 4854; x_wconf 87' lang='grc' dir='ltr'>τὸ</span> <span class='ocrx_word' id='word_1_765' title='bbox 2639 4803 2851 4868; x_wconf 85' lang='grc' dir='ltr'>παθεῖν,</span> <span class='ocrx_word' id='word_1_766' title='bbox 2887 4805 2935 4856; x_wconf 80' lang='grc' dir='ltr'>εἰ</span> <span class='ocrx_word' id='word_1_767' title='bbox 2969 4805 3043 4875; x_wconf 86' lang='grc' dir='ltr'>μὴ</span> <span class='ocrx_word' id='word_1_768' title='bbox 3077 4805 3329 4875; x_wconf 85' lang='grc' dir='ltr'>παρῆσαν</span> <span class='ocrx_word' id='word_1_769' title='bbox 3360 4805 3408 4856; x_wconf 77' lang='lat' dir='ltr'><strong>oi</strong></span> <span class='ocrx_word' id='word_1_770' title='bbox 3442 4803 3748 4871; x_wconf 76' lang='grc' dir='ltr'>σώζοντες.</span> 
     </span>
    </p>
   </div>
   <div class='ocr_carea' id='block_1_106' title="bbox 493 4889 2062 4966">
    <p class='ocr_par' dir='ltr' id='par_1_106' title="bbox 493 4895 2062 4966">
     <span class='ocr_line' id='line_1_106' title="bbox 493 4895 2062 4966; baseline 0 -17"><span class='ocrx_word' id='word_1_771' title='bbox 493 4901 801 4956; x_wconf 89' lang='lat' dir='ltr'><strong>conaretur,</strong></span> <span class='ocrx_word' id='word_1_772' title='bbox 833 4895 942 4948; x_wconf 91' lang='lat' dir='ltr'><strong>vim</strong></span> <span class='ocrx_word' id='word_1_773' title='bbox 975 4896 1172 4950; x_wconf 78' lang='lat' dir='ltr'><strong>afferre</strong></span> <span class='ocrx_word' id='word_1_774' title='bbox 1194 4897 1482 4961; x_wconf 89' lang='lat' dir='ltr'><strong>volebant,</strong></span> <span class='ocrx_word' id='word_1_775' title='bbox 1538 4912 1842 4966; x_wconf 86' lang='lat' dir='ltr'><strong>parumque</strong></span> <span class='ocrx_word' id='word_1_776' title='bbox 1887 4895 2062 4950; x_wconf 83' lang='lat' dir='ltr'><strong>abluit</strong></span> 
     </span>
    </p>
   </div>
   <div class='ocr_carea' id='block_1_107' title="bbox 2161 4889 3752 4966">
    <p class='ocr_par' dir='ltr' id='par_1_107' title="bbox 2167 4889 3752 4964">
     <span class='ocr_line' id='line_1_107' title="bbox 2167 4889 3752 4964; baseline 0.004 -24"><span class='ocrx_word' id='word_1_777' title='bbox 2167 4908 2184 4940; x_wconf 73' lang='grc' dir='ltr'><strong>ι</strong></span> <span class='ocrx_word' id='word_1_778' title='bbox 2232 4889 2599 4952; x_wconf 78' lang='grc' dir='ltr'>Ἐκτείναντες</span> <span class='ocrx_word' id='word_1_779' title='bbox 2629 4890 2757 4959; x_wconf 78' lang='grc' dir='ltr'>γὰρ,</span> <span class='ocrx_word' id='word_1_780' title='bbox 2793 4908 2811 4940; x_wconf 72' lang='grc' dir='ltr'><strong>ι</strong></span> <span class='ocrx_word' id='word_1_781' title='bbox 2845 4892 3027 4961; x_wconf 75' lang='grc' dir='ltr'>φησὶν,</span> <span class='ocrx_word' id='word_1_782' title='bbox 3065 4911 3084 4943; x_wconf 77' lang='grc' dir='ltr'><strong>ι</strong></span> <span class='ocrx_word' id='word_1_783' title='bbox 3117 4894 3162 4945; x_wconf 86' lang='grc' dir='ltr'>οἱ</span> <span class='ocrx_word' id='word_1_784' title='bbox 3186 4892 3376 4964; x_wconf 84' lang='grc' dir='ltr'>ἄνδρες</span> <span class='ocrx_word' id='word_1_785' title='bbox 3399 4892 3497 4955; x_wconf 85' lang='grc' dir='ltr'><strong>τὰς</strong></span> <span class='ocrx_word' id='word_1_786' title='bbox 3522 4895 3752 4962; x_wconf 84' lang='grc' dir='ltr'>χεῖρας,</span> 
     </span>
    </p>
   </div>
   <div class='ocr_carea' id='block_1_108' title="bbox 2161 4977 3754 5049">
    <p class='ocr_par' dir='ltr' id='par_1_108' title="bbox 2161 4977 3754 5049">
     <span class='ocr_line' id='line_1_108' title="bbox 2161 4977 3754 5049; baseline 0.004 -18"><span class='ocrx_word' id='word_1_787' title='bbox 2161 4978 2564 5032; x_wconf 87' lang='grc' dir='ltr'>εἰσεσπάσαντο</span> <span class='ocrx_word' id='word_1_788' title='bbox 2595 4978 2685 5032; x_wconf 84' lang='grc' dir='ltr'>τὸν</span> <span class='ocrx_word' id='word_1_789' title='bbox 2721 4977 2843 5032; x_wconf 88' lang='grc' dir='ltr'><strong>Λὼτ</strong></span> <span class='ocrx_word' id='word_1_790' title='bbox 2878 4981 3010 5049; x_wconf 85' lang='grc' dir='ltr'>πρὸς</span> <span class='ocrx_word' id='word_1_791' title='bbox 3045 4982 3270 5045; x_wconf 76' lang='grc' dir='ltr'>ἑαυτοὺς</span> <span class='ocrx_word' id='word_1_792' title='bbox 3311 4985 3390 5044; x_wconf 86' lang='grc' dir='ltr'><strong>εἰς</strong></span> <span class='ocrx_word' id='word_1_793' title='bbox 3422 4983 3511 5034; x_wconf 80' lang='grc' dir='ltr'>τὸν</span> <span class='ocrx_word' id='word_1_794' title='bbox 3559 4979 3754 5048; x_wconf 74' lang='grc' dir='ltr'>οἷκον,</span> 
     </span>
    </p>
   </div>
   <div class='ocr_carea' id='block_1_109' title="bbox 2160 5069 3758 5140">
    <p class='ocr_par' dir='ltr' id='par_1_109' title="bbox 2160 5069 3758 5140">
     <span class='ocr_line' id='line_1_109' title="bbox 2160 5069 3758 5140; baseline 0.004 -18"><span class='ocrx_word' id='word_1_795' title='bbox 2160 5071 2254 5123; x_wconf 73' lang='grc' dir='ltr'>καὶ</span> <span class='ocrx_word' id='word_1_796' title='bbox 2281 5070 2380 5140; x_wconf 80' lang='grc' dir='ltr'>τὴν</span> <span class='ocrx_word' id='word_1_797' title='bbox 2414 5069 2582 5140; x_wconf 90' lang='grc' dir='ltr'>θύραν</span> <span class='ocrx_word' id='word_1_798' title='bbox 2647 5071 2738 5123; x_wconf 83' lang='grc' dir='ltr'><strong>τοῦ</strong></span> <span class='ocrx_word' id='word_1_799' title='bbox 2787 5073 2934 5124; x_wconf 81' lang='grc' dir='ltr'>οἴκου</span> <span class='ocrx_word' id='word_1_800' title='bbox 2995 5073 3339 5128; x_wconf 76' lang='grc' dir='ltr'>ἀπέκλεισαν.</span> <span class='ocrx_word' id='word_1_801' title='bbox 3380 5073 3516 5135; x_wconf 76' lang='grc' dir='ltr'>Τοὺς</span> <span class='ocrx_word' id='word_1_802' title='bbox 3549 5073 3606 5125; x_wconf 83' lang='grc' dir='ltr'><strong>δέ</strong></span> <span class='ocrx_word' id='word_1_803' title='bbox 3639 5077 3758 5128; x_wconf 73' lang='grc' dir='ltr'><strong>ἄν-</strong></span> 
     </span>
    </p>
   </div>
   <div class='ocr_carea' id='block_1_110' title="bbox 2159 5162 3757 5237">
    <p class='ocr_par' dir='ltr' id='par_1_110' title="bbox 2159 5162 3757 5237">
     <span class='ocr_line' id='line_1_110' title="bbox 2159 5162 3757 5237; baseline 0.008 -24"><span class='ocrx_word' id='word_1_804' title='bbox 2159 5162 2290 5232; x_wconf 84' lang='grc' dir='ltr'>δρας</span> <span class='ocrx_word' id='word_1_805' title='bbox 2318 5164 2443 5226; x_wconf 81' lang='grc' dir='ltr'>τοὺς</span> <span class='ocrx_word' id='word_1_806' title='bbox 2470 5163 2626 5228; x_wconf 78' lang='grc' dir='ltr'>ὄντας</span> <span class='ocrx_word' id='word_1_807' title='bbox 2662 5165 2754 5216; x_wconf 78' lang='grc' dir='ltr'>ἐπὶ</span> <span class='ocrx_word' id='word_1_808' title='bbox 2796 5169 2894 5237; x_wconf 84' lang='grc' dir='ltr'>τῆς</span> <span class='ocrx_word' id='word_1_809' title='bbox 2927 5167 3094 5237; x_wconf 90' lang='grc' dir='ltr'>θύρας</span> <span class='ocrx_word' id='word_1_810' title='bbox 3132 5169 3226 5221; x_wconf 85' lang='grc' dir='ltr'><strong>τοῦ</strong></span> <span class='ocrx_word' id='word_1_811' title='bbox 3270 5169 3417 5221; x_wconf 71' lang='grc' dir='ltr'>οἴκου</span> <span class='ocrx_word' id='word_1_812' title='bbox 3455 5168 3757 5234; x_wconf 74' lang='grc' dir='ltr'>ἐπάταξαν</span> 
     </span>
    </p>
   </div>
   <div class='ocr_carea' id='block_1_111' title="bbox 2160 5251 3758 5328">
    <p class='ocr_par' dir='ltr' id='par_1_111' title="bbox 2160 5251 3758 5328">
     <span class='ocr_line' id='line_1_111' title="bbox 2160 5251 3758 5328; baseline 0.01 -27"><span class='ocrx_word' id='word_1_813' title='bbox 2160 5251 2391 5322; x_wconf 79' lang='grc' dir='ltr'>ἀορασίᾳ</span> <span class='ocrx_word' id='word_1_814' title='bbox 2424 5253 2531 5305; x_wconf 85' lang='grc' dir='ltr'><strong>ἀπὸ</strong></span> <span class='ocrx_word' id='word_1_815' title='bbox 2559 5255 2753 5325; x_wconf 82' lang='grc' dir='ltr'>μικροῦ</span> <span class='ocrx_word' id='word_1_816' title='bbox 2795 5256 2898 5318; x_wconf 77' lang='grc' dir='ltr'>ἕως</span> <span class='ocrx_word' id='word_1_817' title='bbox 2933 5259 3191 5325; x_wconf 87' lang='grc' dir='ltr'>μεγάλου,</span> <span class='ocrx_word' id='word_1_818' title='bbox 3221 5259 3312 5312; x_wconf 74' lang='grc' dir='ltr'>καὶ</span> <span class='ocrx_word' id='word_1_819' title='bbox 3347 5258 3758 5328; x_wconf 84' lang='grc' dir='ltr'>παρελύθησαν</span> 
     </span>
    </p>
   </div>
   <div class='ocr_carea' id='block_1_112' title="bbox 2161 5341 3759 5420">
    <p class='ocr_par' dir='ltr' id='par_1_112' title="bbox 2161 5341 3759 5420">
     <span class='ocr_line' id='line_1_112' title="bbox 2161 5341 3759 5420; baseline 0.009 -28"><span class='ocrx_word' id='word_1_820' title='bbox 2161 5341 2448 5410; x_wconf 80' lang='grc' dir='ltr'>ζητοῦντες</span> <span class='ocrx_word' id='word_1_821' title='bbox 2472 5343 2570 5412; x_wconf 80' lang='grc' dir='ltr'><strong>τὴν</strong></span> <span class='ocrx_word' id='word_1_822' title='bbox 2596 5344 2786 5416; x_wconf 88' lang='grc' dir='ltr'>θύραν.</span> <span class='ocrx_word' id='word_1_823' title='bbox 2835 5365 2854 5397; x_wconf 76' lang='grc' dir='ltr'><strong>ι</strong></span> <span class='ocrx_word' id='word_1_824' title='bbox 2899 5347 3320 5420; x_wconf 83' lang='grc' dir='ltr'>Εὐμεμέτρηται</span> <span class='ocrx_word' id='word_1_825' title='bbox 3353 5350 3410 5402; x_wconf 86' lang='grc' dir='ltr'><strong>δέ</strong></span> <span class='ocrx_word' id='word_1_826' title='bbox 3457 5349 3555 5401; x_wconf 84' lang='grc' dir='ltr'>οὐκ</span> <span class='ocrx_word' id='word_1_827' title='bbox 3586 5348 3642 5402; x_wconf 82' lang='grc' dir='ltr'><strong>έν</strong></span> <span class='ocrx_word' id='word_1_828' title='bbox 3675 5369 3759 5420; x_wconf 83' lang='grc' dir='ltr'><strong>γε</strong></span> 
     </span>
    </p>
   </div>
   <div class='ocr_carea' id='block_1_113' title="bbox 2164 5435 3763 5512">
    <p class='ocr_par' dir='ltr' id='par_1_113' title="bbox 2164 5435 3763 5512">
     <span class='ocr_line' id='line_1_113' title="bbox 2164 5435 3763 5512; baseline 0.007 -25"><span class='ocrx_word' id='word_1_829' title='bbox 2164 5435 2402 5488; x_wconf 82' lang='grc' dir='ltr'>τουτοισὶ</span> <span class='ocrx_word' id='word_1_830' title='bbox 2432 5437 2610 5505; x_wconf 82' lang='grc' dir='ltr'>μόνοις</span> <span class='ocrx_word' id='word_1_831' title='bbox 2637 5437 2704 5490; x_wconf 81' lang='grc' dir='ltr'><strong>τά</strong></span> <span class='ocrx_word' id='word_1_832' title='bbox 2737 5438 2836 5506; x_wconf 82' lang='grc' dir='ltr'>τῆς</span> <span class='ocrx_word' id='word_1_833' title='bbox 2860 5439 3178 5512; x_wconf 83' lang='grc' dir='ltr'>ἐπικουρίας</span> <span class='ocrx_word' id='word_1_834' title='bbox 3209 5439 3377 5509; x_wconf 81' lang='grc' dir='ltr'>αὐτῷ.</span> <span class='ocrx_word' id='word_1_835' title='bbox 3412 5440 3763 5507; x_wconf 83' lang='grc' dir='ltr'>Γέγραπται</span> 
     </span>
    </p>
   </div>
   <div class='ocr_carea' id='block_1_114' title="bbox 497 5075 2064 5148">
    <p class='ocr_par' dir='ltr' id='par_1_114' title="bbox 497 5075 2064 5148">
     <span class='ocr_line' id='line_1_114' title="bbox 497 5075 2064 5148; baseline -0.001 -19"><span class='ocrx_word' id='word_1_836' title='bbox 497 5090 601 5129; x_wconf 88' lang='lat' dir='ltr'><strong>res.</strong></span> <span class='ocrx_word' id='word_1_837' title='bbox 630 5093 648 5126; x_wconf 89' lang='grc'><em>‹</em></span> <span class='ocrx_word' id='word_1_838' title='bbox 675 5075 1045 5133; x_wconf 80' lang='lat' dir='ltr'><strong>Extendentes</strong></span> <span class='ocrx_word' id='word_1_839' title='bbox 1078 5079 1247 5143; x_wconf 89' lang='lat' dir='ltr'><strong>enim,</strong></span> <span class='ocrx_word' id='word_1_840' title='bbox 1283 5099 1300 5129; x_wconf 82' lang='grc'><strong><em>›</em></strong></span> <span class='ocrx_word' id='word_1_841' title='bbox 1330 5077 1529 5147; x_wconf 88' lang='lat' dir='ltr'><strong>inquit,</strong></span> <span class='ocrx_word' id='word_1_842' title='bbox 1579 5095 1597 5126; x_wconf 85' lang='grc'><strong>‹</strong></span> <span class='ocrx_word' id='word_1_843' title='bbox 1628 5076 1731 5130; x_wconf 85' lang='lat' dir='ltr'><strong>viri</strong></span> <span class='ocrx_word' id='word_1_844' title='bbox 1759 5075 1839 5129; x_wconf 89' lang='lat' dir='ltr'><strong>illi</strong></span> <span class='ocrx_word' id='word_1_845' title='bbox 1868 5091 2064 5148; x_wconf 89' lang='lat' dir='ltr'><strong>manus</strong></span> 
     </span>
    </p>
   </div>
   <div class='ocr_carea' id='block_1_115' title="bbox 494 5153 2064 5235">
    <p class='ocr_par' dir='ltr' id='par_1_115' title="bbox 494 5153 2064 5235">
     <span class='ocr_line' id='line_1_115' title="bbox 494 5153 2064 5235; baseline 0.001 -17"><span class='ocrx_word' id='word_1_846' title='bbox 494 5180 618 5220; x_wconf 88' lang='lat' dir='ltr'><strong>suas</strong></span> <span class='ocrx_word' id='word_1_847' title='bbox 648 5175 1030 5235; x_wconf 80' lang='lat' dir='ltr'><strong>pertraxerunt</strong></span> <span class='ocrx_word' id='word_1_848' title='bbox 1057 5167 1160 5222; x_wconf 92' lang='lat' dir='ltr'><strong>Lot</strong></span> <span class='ocrx_word' id='word_1_849' title='bbox 1190 5167 1259 5221; x_wconf 91' lang='lat' dir='ltr'><strong>ad</strong></span> <span class='ocrx_word' id='word_1_850' title='bbox 1293 5183 1350 5222; x_wconf 92' lang='lat' dir='ltr'><strong>se</strong></span> <span class='ocrx_word' id='word_1_851' title='bbox 1374 5167 1627 5228; x_wconf 86' lang='lat' dir='ltr'><strong>domum,</strong></span> <span class='ocrx_word' id='word_1_852' title='bbox 1677 5174 1735 5219; x_wconf 92' lang='lat' dir='ltr'><strong>et</strong></span> <span class='ocrx_word' id='word_1_853' title='bbox 1771 5165 1918 5220; x_wconf 83' lang='lat' dir='ltr'><strong>fores</strong></span> <span class='ocrx_word' id='word_1_854' title='bbox 1961 5153 2064 5219; x_wconf 79' lang='lat' dir='ltr'><strong>do-</strong></span> 
     </span>
    </p>
   </div>
   <div class='ocr_carea' id='block_1_116' title="bbox 495 5255 2066 5325">
    <p class='ocr_par' dir='ltr' id='par_1_116' title="bbox 495 5255 2066 5325">
     <span class='ocr_line' id='line_1_116' title="bbox 495 5255 2066 5325; baseline -0.001 -15"><span class='ocrx_word' id='word_1_855' title='bbox 495 5271 616 5312; x_wconf 89' lang='lat' dir='ltr'><strong>mus</strong></span> <span class='ocrx_word' id='word_1_856' title='bbox 663 5258 999 5314; x_wconf 88' lang='lat' dir='ltr'><strong>clauserunt.</strong></span> <span class='ocrx_word' id='word_1_857' title='bbox 1057 5258 1321 5312; x_wconf 84' lang='lat' dir='ltr'><strong>llomincs</strong></span> <span class='ocrx_word' id='word_1_858' title='bbox 1376 5264 1560 5310; x_wconf 89' lang='lat' dir='ltr'><strong>autem</strong></span> <span class='ocrx_word' id='word_1_859' title='bbox 1596 5297 1610 5321; x_wconf 95' lang='lat'><strong>,</strong></span> <span class='ocrx_word' id='word_1_860' title='bbox 1646 5255 1739 5325; x_wconf 90' lang='lat' dir='ltr'><strong>qui</strong></span> <span class='ocrx_word' id='word_1_861' title='bbox 1799 5255 1867 5309; x_wconf 89' lang='lat' dir='ltr'><strong>ad</strong></span> <span class='ocrx_word' id='word_1_862' title='bbox 1917 5255 2066 5310; x_wconf 91' lang='lat' dir='ltr'><strong>fores</strong></span> 
     </span>
    </p>
   </div>
   <div class='ocr_carea' id='block_1_117' title="bbox 491 5347 2060 5418">
    <p class='ocr_par' dir='ltr' id='par_1_117' title="bbox 491 5347 2060 5418">
     <span class='ocr_line' id='line_1_117' title="bbox 491 5347 2060 5418; baseline 0 -16"><span class='ocrx_word' id='word_1_863' title='bbox 491 5355 653 5402; x_wconf 88' lang='lat' dir='ltr'><strong>erant</strong></span> <span class='ocrx_word' id='word_1_864' title='bbox 697 5349 912 5412; x_wconf 91' lang='lat' dir='ltr'><strong>domus,</strong></span> <span class='ocrx_word' id='word_1_865' title='bbox 974 5355 1366 5418; x_wconf 88' lang='lat' dir='ltr'><strong>percusserunt</strong></span> <span class='ocrx_word' id='word_1_866' title='bbox 1425 5348 1703 5412; x_wconf 71' lang='lat' dir='ltr'><strong>cmcitate,</strong></span> <span class='ocrx_word' id='word_1_867' title='bbox 1750 5364 1782 5402; x_wconf 88' lang='lat' dir='ltr'><strong>a</strong></span> <span class='ocrx_word' id='word_1_868' title='bbox 1832 5347 2060 5402; x_wconf 91' lang='lat' dir='ltr'><strong>minimo</strong></span> 
     </span>
    </p>
   </div>
   <div class='ocr_carea' id='block_1_118' title="bbox 494 5435 2062 5508">
    <p class='ocr_par' dir='ltr' id='par_1_118' title="bbox 494 5435 2062 5508">
     <span class='ocr_line' id='line_1_118' title="bbox 494 5435 2062 5508; baseline 0.001 -17"><span class='ocrx_word' id='word_1_869' title='bbox 494 5451 666 5508; x_wconf 89' lang='lat' dir='ltr'><strong>usque</strong></span> <span class='ocrx_word' id='word_1_870' title='bbox 699 5439 765 5492; x_wconf 86' lang='lat' dir='ltr'><strong>ad</strong></span> <span class='ocrx_word' id='word_1_871' title='bbox 793 5439 1090 5492; x_wconf 84' lang='lat' dir='ltr'><strong>maximum</strong></span> <span class='ocrx_word' id='word_1_872' title='bbox 1113 5477 1126 5499; x_wconf 93' lang='lat'><strong>,</strong></span> <span class='ocrx_word' id='word_1_873' title='bbox 1160 5444 1216 5489; x_wconf 91' lang='lat' dir='ltr'><strong>et</strong></span> <span class='ocrx_word' id='word_1_874' title='bbox 1260 5435 1538 5506; x_wconf 81' lang='lat' dir='ltr'><strong>defatigati</strong></span> <span class='ocrx_word' id='word_1_875' title='bbox 1576 5447 1704 5492; x_wconf 91' lang='lat' dir='ltr'><strong>sunt</strong></span> <span class='ocrx_word' id='word_1_876' title='bbox 1752 5447 2062 5508; x_wconf 71' lang='lat' dir='ltr'><strong>quaerentes</strong></span> 
     </span>
    </p>
   </div>
   <div class='ocr_carea' id='block_1_119' title="bbox 484 5527 2060 5599">
    <p class='ocr_par' dir='ltr' id='par_1_119' title="bbox 484 5527 2060 5599">
     <span class='ocr_line' id='line_1_119' title="bbox 484 5527 2060 5599; baseline 0.002 -19"><span class='ocrx_word' id='word_1_877' title='bbox 484 5528 795 5596; x_wconf 82' lang='lat' dir='ltr'><strong>januam&quot;.</strong></span> <span class='ocrx_word' id='word_1_878' title='bbox 831 5547 849 5578; x_wconf 73' lang='grc' dir='ltr'><strong>ι</strong></span> <span class='ocrx_word' id='word_1_879' title='bbox 881 5527 1068 5595; x_wconf 84' lang='lat' dir='ltr'><strong>Neque</strong></span> <span class='ocrx_word' id='word_1_880' title='bbox 1118 5541 1247 5579; x_wconf 86' lang='lat' dir='ltr'><strong>vero</strong></span> <span class='ocrx_word' id='word_1_881' title='bbox 1289 5527 1581 5593; x_wconf 76' lang='lat' dir='ltr'><strong>auxilium,</strong></span> <span class='ocrx_word' id='word_1_882' title='bbox 1623 5529 1766 5598; x_wconf 83' lang='lat' dir='ltr'><strong>quod</strong></span> <span class='ocrx_word' id='word_1_883' title='bbox 1806 5529 1884 5583; x_wconf 93' lang='lat' dir='ltr'><strong>illi</strong></span> <span class='ocrx_word' id='word_1_884' title='bbox 1923 5545 2060 5599; x_wconf 67' lang='lat' dir='ltr'><strong>prae-</strong></span> 
     </span>
    </p>
   </div>
   <div class='ocr_carea' id='block_1_120' title="bbox 591 5701 2326 5775">
    <p class='ocr_par' dir='ltr' id='par_1_120' title="bbox 591 5701 2326 5775">
     <span class='ocr_line' id='line_1_120' title="bbox 591 5701 2326 5775; baseline 0.003 -20"><span class='ocrx_word' id='word_1_885' title='bbox 591 5704 632 5733; x_wconf 78' lang='grc'><strong>⁶⁸</strong></span> <span class='ocrx_word' id='word_1_886' title='bbox 671 5701 939 5766; x_wconf 75' lang='lat' dir='ltr'><strong>Gcn.x1x,</strong></span> <span class='ocrx_word' id='word_1_887' title='bbox 974 5703 1089 5758; x_wconf 62' lang='lat'><strong>1—4.</strong></span> <span class='ocrx_word' id='word_1_888' title='bbox 1183 5707 1225 5738; x_wconf 66' lang='lat'><strong>‘9</strong></span> <span class='ocrx_word' id='word_1_889' title='bbox 1251 5708 1292 5762; x_wconf 86' lang='lat' dir='ltr'><strong>Il</strong></span> <span class='ocrx_word' id='word_1_890' title='bbox 1317 5708 1441 5763; x_wconf 86' lang='lat' dir='ltr'><strong>Cor.</strong></span> <span class='ocrx_word' id='word_1_891' title='bbox 1481 5726 1552 5775; x_wconf 82' lang='lat' dir='ltr'><strong>vt,</strong></span> <span class='ocrx_word' id='word_1_892' title='bbox 1583 5710 1664 5763; x_wconf 77' lang='lat' dir='ltr'><strong>M.</strong></span> <span class='ocrx_word' id='word_1_893' title='bbox 1757 5711 1800 5742; x_wconf 87' lang='lat'><strong>&quot;°</strong></span> <span class='ocrx_word' id='word_1_894' title='bbox 1842 5709 1975 5765; x_wconf 88' lang='lat' dir='ltr'><strong>Gen.</strong></span> <span class='ocrx_word' id='word_1_895' title='bbox 2021 5725 2126 5771; x_wconf 71' lang='lat' dir='ltr'><strong>xm,</strong></span> <span class='ocrx_word' id='word_1_896' title='bbox 2173 5707 2326 5762; x_wconf 78' lang='lat' dir='ltr'><strong>9-H.</strong></span> 
     </span>
    </p>
   </div>
   <div class='ocr_carea' id='block_1_121' title="bbox 2162 5527 3768 5602">
    <p class='ocr_par' dir='ltr' id='par_1_121' title="bbox 2162 5527 3768 5602">
     <span class='ocr_line' id='line_1_121' title="bbox 2162 5527 3768 5602; baseline 0.006 -24"><span class='ocrx_word' id='word_1_897' title='bbox 2162 5527 2271 5598; x_wconf 79' lang='grc' dir='ltr'><strong>γὰρ</strong></span> <span class='ocrx_word' id='word_1_898' title='bbox 2297 5527 2478 5580; x_wconf 88' lang='grc' dir='ltr'>πάλιν·</span> <span class='ocrx_word' id='word_1_899' title='bbox 2521 5546 2538 5578; x_wconf 75' lang='grc' dir='ltr'><strong>ι</strong></span> <span class='ocrx_word' id='word_1_900' title='bbox 2588 5528 2776 5583; x_wconf 83' lang='grc' dir='ltr'>Ἠνίκα</span> <span class='ocrx_word' id='word_1_901' title='bbox 2790 5530 2846 5583; x_wconf 89' lang='grc' dir='ltr'><strong>δέ</strong></span> <span class='ocrx_word' id='word_1_902' title='bbox 2865 5530 3056 5602; x_wconf 73' lang='grc' dir='ltr'>ὄρθρος</span> <span class='ocrx_word' id='word_1_903' title='bbox 3081 5531 3316 5600; x_wconf 86' lang='grc' dir='ltr'>ἐγένετο,</span> <span class='ocrx_word' id='word_1_904' title='bbox 3335 5531 3768 5597; x_wconf 76' lang='grc' dir='ltr'>ἐπεσπούδαζον</span> 
     </span>
    </p>
   </div>
  </div>
