3998 6304
226 423 328 478 ιτπ

969 421 1060 475 DE
1101 416 1543 475 ADORATIONE
1577 417 1644 472 1N
1686 415 1955 472 SPIRITU
1993 415 2082 473 ET
2123 415 2495 470 VERITATE.
2538 415 2667 470 LIB.
2702 416 2742 468 l.

3392 415 3495 469 174

222 541 274 590 οἱ
300 534 526 604 ἄγγελοι
559 532 651 587 τὸν
698 531 843 596 Λὼτ,
894 531 1141 600 λέγοντες
1167 549 1181 562 ·
1238 531 1503 595 Ἀναστὰς
1545 530 1678 584 λάϐε
1717 530 1814 598 τὴν

1927 530 2157 593 stabant,
2201 529 2342 582 intra
2373 527 2521 581 hunc
2550 525 2774 580 modum
2809 525 3001 591 stetit;
3040 528 3307 598 scriptum
3343 545 3497 584 nam-

229 628 465 696 γυναῖκὰ
521 642 614 678 σου
663 625 757 678 καὶ¹
799 624 900 687 τὰς
946 623 1038 676 δύο
1075 623 1384 694 θυγατέρας
1411 621 1478 686 ἃς
1506 621 1669 692 ἔχεις,
1720 622 1813 674 καὶ

231 719 433 786 ἔξελθε,
474 717 562 770 ἵνα
614 714 689 787 μὴ
727 716 821 768 καὶ
869 715 934 768 σὺ
973 714 1247 786 συναπόλῃ
1277 716 1395 778 ταῖς
1428 713 1682 784 ἀνομίαις
1711 711 1812 782 τῆς

232 810 462 873 πόλεως.
489 807 601 862 Καὶ
636 806 1036 892 ἐταράχθησαν,
1083 807 1178 860 καὶ
1228 806 1537 878 ἐκράτησαν
1565 805 1614 857 οἱ
1652 803 1816 871 ἀγγε-

229 900 309 953 λοι
345 901 448 969 τῆς
485 899 669 970 χειρὸς
725 897 912 962 αὐτοῦ,
952 898 1046 950 καὶ
1081 900 1181 968 τῆς
1209 897 1389 968 χειρὸς
1426 896 1528 963 τῆς
1557 895 1815 965 γυναικὸς

229 988 421 1054 αὐτοῦ,
456 989 550 1041 m1
585 987 693 1042 τῶν
721 987 814 1040 δύο
845 985 1161 1058 θυγατέρων
1203 987 1389 1050 αὐτοῦ,
1425 987 1483 1038 ὲν
1513 985 1591 1057 τῷ
1623 985 1814 1054 φείσα-

233 1081 358 1134 σθαι
416 1079 622 1151 Κύριον
665 1079 864 1134 αὐτῶν.
900 1098 920 1132 ι
952 1079 1247 1149 Ἐνδειγμα
1293 1077 1356 1148 δή
1406 1093 1487 1130 σοι
1531 1077 1683 1130 τουτὶ
1721 1077 1817 1130 καὶ

232 1172 442 1244 σφόδρα
487 1170 685 1242 τρανὲς
727 1170 822 1224 τοῦ
858 1171 934 1242 μὴ
980 1170 1162 1240 μόνοις
1195 1170 1342 1239 ἡμᾶς
1397 1163 1816 1239 παράθήγεσθαι

230 1261 432 1330 λόγοις,
482 1261 578 1314 καὶ
617 1262 737 1323 ταῖς
780 1261 839 1322 ἐς
887 1258 1013 1314 νοῦν
1063 1258 1475 1329 παρακλήσεσιν
1517 1259 1816 1327 ἀποφοιτᾷν

215 1353 530 1424 ,ἁμαρτίας,
555 1353 712 1422 ἥκειν
741 1351 798 1405 δὲ
824 1354 920 1406 καὶ
958 1353 1038 1415 είς
1068 1350 1226 1403 τοῦτο
1267 1348 1452 1402 λοιπὸν
1482 1349 1818 1420 ἡμερότητος

233 1447 331 1514 τῆς
355 1445 435 1506 είς
457 1443 604 1514 ἡμᾶς
630 1441 724 1495 τὸν
752 1441 861 1495 τῶν
895 1441 1032 1495 ὅλων
1065 1441 1284 1511 σωτῆρα
1309 1439 1462 1507 Θεὸν,
1494 1441 1570 1502 ὡς
1598 1439 1818 1510 ἐνεργὸν

237 1533 504 1588 ποιεῖσθαι
532 1535 632 1602 τὴν
657 1531 996 1604 ἐπικουρίαν,
1028 1531 1172 1585 κατά
1213 1547 1275 1598 γε
1301 1530 1382 1596 τὸ,
1429 1547 1447 1580 ι
1470 1530 1815 1600 Ἐκράτησας

237 1624 334 1695 τῆς
374 1623 559 1695 χειρὸς
607 1623 708 1692 τῆς
742 1621 921 1686 δεξιᾶς
966 1638 1100 1691 μου,
1157 1621 1250 1674 καὶ
1300 1621 1357 1674 ἐν
1399 1623 1465 1691 τῇ
1514 1620 1673 1690 βουλῇ
1723 1636 1818 1672 σου

232 1715 528 1796 ώδήγησᾴς
559 1730 646 1785 με.
689 1731 708 1765 ι
755 1711 974 1784 Ἐπειδὴ
1009 1713 1116 1784 γάρ
1149 1714 1298 1766 ἐστιν
1322 1712 1383 1765 οὐ
1413 1711 1533 1766 λίαν
1561 1711 1820 1781 εὐσθενὴς

1915 637 2020 692 que
2048 631 2133 676 est
2159 621 2398 676 iterum:
2442 637 2458 670 ι
2498 618 2636 673 Cum
2683 632 2814 672 vero
2852 632 3014 672 mane
3070 619 3278 674 factum
3323 632 3494 700 esset,

1916 712 2184 783 urgebant
2230 711 2408 782 angeli
2469 710 2606 775 Lot,
2647 709 2897 765 dicentes
2939 725 2952 761 :
3004 707 3205 779 Accipe
3264 726 3494 767 uxorem

1917 813 2087 868 tuam,
2112 811 2168 858 et
2189 803 2328 858 duas
2356 803 2498 858 ﬁlias
2529 812 2670 867 tuas,
2705 816 2841 872 quas
2868 800 3063 864 habes,
3108 808 3166 856 et
3185 801 3296 866 exi,
3334 818 3404 856 ne
3438 812 3497 858 et

1917 902 1974 948 tu
2015 908 2207 964 pereas
2245 907 2382 960 cum
2429 891 2817 963 iniquitatibus
2868 890 3129 946 civitatis.
3171 891 3241 946 Et
3286 893 3496 948 turbati

1917 993 2064 1050 sunt,
2100 994 2156 1040 et
2191 993 2484 1040 tenuerunt
2533 984 2710 1054 angeli
2740 998 2964 1038 manum
2999 984 3139 1054 ejus,
3176 992 3498 1060 etmanum

1918 1077 2104 1130 uxoris
2150 1077 2290 1146 ejus,
2337 1085 2394 1131 et
2445 1090 2642 1130 manus
2679 1074 2912 1128 duarum
2951 1073 3188 1128 ﬁliarum
3238 1059 3389 1145 ejus,
3431 1089 3500 1129 eo

1917 1165 2064 1235 quod
2099 1165 2366 1228 Dominus
2402 1172 2654 1234 parceret
2703 1163 2866 1217 illi".
2905 1182 2924 1214 ι
2968 1162 3028 1217 ld
3057 1178 3219 1233 porro
3253 1179 3373 1218 esse
3413 1179 3500 1217 ar-

1917 1264 2178 1327 gumento
2215 1255 2632 1312 evidentissimo
2654 1263 2857 1325 potest,
2887 1270 2990 1310 nos
3021 1270 3133 1310 non
3157 1255 3342 1310 verbis
3375 1267 3498 1309 tan-

1920 1357 2034 1402 tum
2071 1357 2127 1403 et
2156 1347 2628 1403 admonitionibus
2661 1347 2717 1401 in
2755 1347 2998 1401 animum
3040 1347 3300 1402 immissis
3359 1346 3499 1401 inei-

1921 1439 2022 1492 tari
2051 1445 2169 1492 uta
2217 1439 2458 1508 peccatis
2511 1436 2856 1502 recedamus,
2919 1437 3015 1492 sed
3040 1437 3207 1492 etiam
3259 1437 3327 1492 ad
3378 1453 3501 1492 eam

1919 1545 2045 1600 erga
2068 1545 2169 1584 nos
2197 1528 2591 1600 benignitatem
2615 1528 2949 1584 descendere
2981 1531 3230 1584 omnium
3270 1530 3504 1585 salvato-

1920 1637 2037 1676 rem
2064 1621 2256 1688 Deum,
2278 1629 2339 1675 ut
2355 1619 2562 1676 efﬁcaci
2589 1636 2693 1675 nos
2718 1621 2922 1676 auxilio
2942 1622 3120 1693 juvet,
3145 1624 3299 1694 juxta
3323 1623 3462 1679 illud
3486 1642 3499 1677 :

1929 1733 1946 1764 ι
1979 1713 2228 1768 Tenuisti
2255 1728 2479 1767 manum
2505 1713 2786 1768 dexteram
2818 1729 3018 1780 meam,
3051 1723 3107 1769 et
3137 1715 3192 1769 in
3221 1715 3505 1771 voluntate

234 1811 268 1876 ή
303 1807 592 1878 ἀνθρώπου
652 1807 834 1875 φύσις,
873 1804 996 1859 οὔτε
1049 1806 1155 1877 μὴν
1207 1803 1574 1877 ἀποχρώντως
1619 1804 1819 1875 ἔχουσα

1927 1813 2017 1859 tua
2064 1805 2339 1861 deduxisti
2390 1805 2562 1859 me".
2602 1824 2620 1855 ι
2660 1806 2796 1860 Nam
2844 1808 2975 1876 quia
3015 1806 3256 1870 hominis
3307 1815 3506 1862 natura

238 1897 372 1968 πρὸς
420 1898 484 1950 τὸ
513 1895 818 1951 διεκνεῦσαι
867 1893 1123 1948 δύνασθαι
1160 1891 1256 1947 τοῦ
1306 1892 1515 1958 κακοῦ,
1572 1892 1822 1948 συναθλεῖ

1927 1912 2034 1951 non
2060 1904 2144 1951 est
2171 1895 2465 1951 admodum
2501 1895 2681 1965 ﬁrma,
2704 1912 2884 1966 neque
2914 1899 3049 1952 satis
3076 1899 3280 1961 virium
3314 1899 3503 1964 habet,

236 2006 352 2052 πως
398 1990 541 2061 αὐτῇ
595 1989 734 2060 πρὸς
766 1985 924 2040 τοῦτο
944 1985 1097 2050 Θεός.
1143 1985 1253 2038 Καὶ
1299 1984 1484 2056 διττὴν
1534 1985 1825 2055 ἀπονέμων

235 2082 424 2152 ὁρᾶται
457 2080 557 2151 τὴν
585 2079 744 2150 χάριν
761 2091 782 2132 τ
815 2075 1116 2140 νουθεσίαις
1151 2075 1459 2131 ἀναπείθων
1482 2077 1576 2130 καὶ
1604 2077 1826 2130 ἐπικου-

239 2171 356 2243 ρίαν
405 2170 614 2243 εὑρὼν,
660 2169 754 2224 καὶ
794 2168 1003 2239 ἀμείνω
1023 2167 1192 2232 τιθεὶς
1231 2167 1326 2222 τοῦ
1362 2169 1512 2240 παρὰ
1559 2167 1726 2232 πόδας
1766 2185 1827 2220 τε

238 2261 330 2316 καὶ
359 2259 756 2332 τυραννοῦντος
786 2256 981 2312 κακοῦ.
1015 2258 1174 2324 Ἵδοις
1212 2258 1256 2311 δ’
1280 2258 1346 2314 ἂν
1374 2259 1569 2331 ἀληθὲς
1609 2261 1829 2313 κάκεῖνο

241 2356 507 2427 ὑπάρχον,
544 2351 621 2416 ὡς
666 2351 840 2420 ὀλίγοι
887 2349 988 2422 μὲν
1030 2351 1226 2423 κομιδῇ
1278 2351 1374 2423 τῆς
1409 2351 1750 2422 δικαιοσύνης
1780 2353 1828 2406 οἱ

238 2442 589 2516 ἐπιμεληταὶ,
634 2442 729 2495 καὶ
776 2439 948 2510 πολλὴ
992 2439 1132 2494 κατά
1163 2440 1278 2510 βίον
1323 2441 1356 2512 ἡ
1391 2442 1589 2505 σπάνις
1619 2441 1827 2512 ἀνδρῶν

237 2539 480 2608 ἀγαθῶν·
535 2537 707 2608 ἄνδρα
762 2535 871 2607 γάρ
909 2535 1098 2590 πιστὸν
1125 2534 1286 2605 ἔργον
1327 2536 1529 2607 εὑρεῖν,
1576 2535 1716 2589 κατά
1767 2535 1828 2589 τὸ

234 2629 648 2704 γεγραμμένον.
680 2629 828 2700 Πλὴν
855 2628 1157 2692 ἀπόλεκτος
1182 2629 1210 2681 ὁ
1241 2627 1507 2694 τοιοῦτος,
1530 2628 1627 2682 καὶ
1660 2645 1828 2701 φρον-

238 2727 377 2792 τίδος
417 2727 519 2797 τῆς
551 2724 760 2781 ἀνωθεν
799 2725 859 2778 ού
905 2724 1202 2796 παρέργως
1235 2723 1560 2795 ἠξιωμένος.
1607 2722 1671 2775 Et
1717 2720 1827 2791 γάρ

239 2821 355 2873 ἐστι
379 2819 525 2873 κατά
552 2818 644 2873 τὸν
673 2818 877 2890 κόσμον
911 2816 1116 2888 ἀναμὶξ
1152 2817 1265 2881 τοῖς
1298 2816 1497 2882 ἀλλοις,
1529 2814 1644 2869 ἀλλ’
1674 2813 1827 2867 οὐδὲν

237 2915 487 2968 ἐντεῦθεν
524 2913 784 2984 ὑπομένει
811 2912 873 2965 τὸ
899 2911 1116 2983 βλάϐος,
1157 2912 1232 2975 ὼς
1269 2911 1452 2982 κρίνον
1490 2908 1549 2973 ἐξ
1574 2905 1828 2962 ἀκανθῶν

243 3006 582 3078 ἀρπάζεται,
622 3005 717 3060 καὶ
749 3005 849 3058 οὐκ
900 3003 966 3057 ἀν
1017 3003 1370 3058 συναπόλοιτο
1415 3001 1624 3064 δίκαιος
1679 2995 1825 3069 μετά

236 3097 470 3165 ἀσεϐῶν,
508 3097 653 3151 κατὰ
679 3096 780 3161 τάς
808 3097 917 3154 τῶν
944 3099 1118 3168 ἁγίων
1141 3096 1346 3165 φωνάς.

305 3355 526 3411 ΠᾹΛΛ.
566 3354 805 3426 ΙἈραρεν
831 3348 948 3419 οὖν,
974 3355 1056 3408 ὅτι
1079 3354 1254 3423 φειδοῖ
1277 3355 1342 3424 τῇ
1363 3349 1697 3423 παράΘεοῦ,
1732 3351 1828 3405 καὶ

235 3448 483 3519 ἀγγέλων
515 3446 686 3515 ἀγίων
717 3445 1007 3517 ωνδρομῇ,
1031 3445 1124 3498 καὶ
1150 3446 1250 3516 τὴν
1276 3445 1340 3497 ἐκ
1365 3445 1462 3514 τῆς
1493 3442 1827 3512 φαυλότητος

237 3539 557 3606 πλεονεξίαν
589 3535 1006 3607 ἀπονιψόμεθα,
1047 3537 1143 3590 καὶ
1185 3535 1247 3588 τὸ
1285 3533 1511 3606 μηδαμῆ
1563 3532 1824 3604 μηδαμῶς

233 3634 358 3696 ταῖς
387 3630 497 3685 τῶν
529 3629 781 3701 πονηρῶν
811 3628 1014 3684 ἁλῶναι
1038 3627 1218 3691 δίκαις
1248 3625 1638 3696 ἀναμφιλόγως
1666 3624 1828 3694 εὑρήο

241 3739 426 3794 σομεν,
454 3721 573 3793 Θεῷ
594 3721 941 3784 πιστεύοντες
971 3717 1158 3788 σαφῶς
1185 3714 1585 3787 ἀνακεκραγότι
1616 3713 1682 3767 δι’
1712 3713 1828 3776 ἐνὸς

237 3815 348 3868 τῶν
396 3814 716 3886 προφητῶν,
776 3813 860 3866 ὅτι
896 3830 920 3864 ε
962 3809 1103 3878 Ἐγὼ
1151 3807 1358 3879 Κύριος
1383 3802 1415 3859 ὅ
1447 3805 1580 3870 Θεός
1628 3823 1760 3868 σου,
1799 3807 1828 3859 ό

241 3905 460 3976 κρατῶν
493 3906 592 3977 τῆς
622 3903 800 3969 δεξιᾶς
833 3920 948 3967 σου,
978 3903 1007 3954 ὁ
1031 3901 1206 3968 λέγων
1226 3905 1350 3982 σοι,
1377 3897 1468 3969 Μὴ
1487 3897 1676 3968 φοϐοῦ,
1720 3897 1823 3950 Ἰα-

242 3994 380 4060 κὼϐ,
422 3992 704 4062 ὀλιγοστὸς
751 3991 998 4064 Ἰσραὴλ,
1046 3988 1156 4058 ἐγὼ
1204 3987 1478 4060 ἐϐοήθησά
1525 4004 1628 4055 σοι,
1653 3987 1826 4060 ,λέγει

240 4087 466 4159 Κύριος,
493 4087 522 4139 ὁ
549 4083 910 4156 λυτρούμενός
942 4099 1022 4148 σε,
1065 4080 1302 4152 Ἰσραήλ.
1341 4099 1361 4132 ι

1924 1997 1986 2043 ut
2010 2004 2289 2060 emergere
2322 2006 2352 2045 e
2387 1990 2496 2061 26
2521 1991 2672 2044 vitiis
2698 1991 2894 2060 possit,
2917 2005 3076 2060 opem
3112 1991 3192 2045 illi
3222 1991 3329 2046 fert
3359 1991 3416 2046 in
3440 2007 3508 2047 ea

1926 2098 1983 2136 re
2008 2082 2171 2137 Deus.
2205 2082 2393 2153 Itaque
2434 2082 2711 2153 duplicem
2756 2083 2985 2154 gratiam
3022 2084 3266 2138 tribuere
3303 2099 3507 2154 cogno-

1925 2173 2140 2228 scitur:
2171 2189 2296 2229 cum
2344 2174 2493 2229 enim
2531 2174 2759 2234 monitis
2792 2175 3004 2240 suadet,
3041 2185 3158 2230 tum
3214 2176 3510 2247 adjuvandi

1929 2265 2176 2321 rationes
2206 2265 2436 2331 invenit,
2467 2281 2670 2337 easque
2699 2266 2954 2337 praesenti
2985 2267 3128 2322 malo
3155 2267 3377 2339 vimque
3407 2283 3508 2323 no-

1928 2357 2014 2412 bis
2041 2357 2308 2413 aﬁ‘erente
2340 2358 2677 2413 valentiores
2706 2357 2893 2414 efﬁcit.
2927 2359 3114 2414 Videri
3139 2368 3322 2415 autem
3350 2359 3512 2416 facile

1926 2458 2128 2519 potest,
2193 2466 2386 2506 verum
2445 2467 2568 2508 esse
2607 2451 2765 2517 illud,
2812 2467 3020 2523 paucos
3054 2453 3355 2509 admodum
3390 2469 3513 2511 esse

1925 2540 2128 2611 quibus
2161 2542 2372 2613 justitia
2402 2558 2549 2599 curae
2571 2543 2662 2608 sit,
2700 2545 3038 2614 multamque
3065 2544 3121 2599 in
3153 2545 3257 2601 hac
3275 2546 3388 2600 vita
3411 2562 3511 2616 pe-

1925 2630 2144 2685 nuriam
2202 2632 2504 2702 proborum
2571 2633 2900 2688 hominum:
2935 2634 3127 2690 Virum
3181 2635 3330 2690 enim
3371 2637 3511 2692 ﬁde-

1926 2724 2057 2789 lem,
2102 2733 2163 2779 ut
2196 2725 2464 2796 scriptum
2494 2735 2599 2792 est,
2628 2726 2849 2782 difﬁcile
2900 2736 2984 2783 est
3026 2727 3275 2785 invenire
3295 2731 3362 2786 ".
3404 2731 3513 2786 Ta-

1926 2826 2054 2866 men
2074 2812 2344 2883 ejusmodi
2375 2814 2542 2870 homo
2571 2815 2781 2872 electus
2818 2825 2924 2882 est,
2949 2825 3006 2872 et
3031 2817 3219 2874 divina
3255 2835 3385 2876 cura
3426 2832 3513 2878 at-

1926 2918 2035 2972 que
2073 2903 2416 2974 providentia
2463 2919 2574 2959 non
2608 2906 2877 2961 mediocri
2927 2907 3201 2979 dignatus.
3252 2909 3517 2977 Quamvis

1925 2991 2075 3046 enim
2095 2991 2154 3046 in
2184 2991 2289 3047 hac
2313 2993 2426 3048 vita
2452 2994 2526 3049 sit
2560 2994 2705 3050 inter
2741 3005 2970 3052 caeteros
2998 2998 3217 3064 mistus,
3255 3001 3395 3055 nihil
3427 3009 3512 3056 ta-

1927 3099 2052 3138 men
2079 3100 2146 3139 ex
2179 3101 2244 3139 ea
2272 3101 2330 3140 re
2362 3085 2549 3141 damni
2579 3103 2796 3156 passus,
2831 3097 2892 3144 ut
2925 3089 3102 3144 lilium
3141 3107 3171 3146 e
3209 3092 3384 3161 spinis
3410 3094 3511 3148 de-

1928 3175 2191 3246 cerpitur,
2220 3192 2400 3248 neque
2441 3179 2650 3249 justum
2674 3180 2955 3236 hominem
2979 3182 3060 3237 fas
3099 3193 3204 3249 est,
3245 3193 3304 3239 ut
3336 3189 3512 3242 saneti

1932 3263 2036 3318 viri
2071 3273 2362 3331 testantur,
2387 3282 2512 3321 cum
2536 3267 2720 3336 impiis
2755 3269 2955 3337 perire.

2004 3354 2202 3408 PALL.
2238 3356 2381 3426 Ergo
2426 3357 2524 3411 Dei
2561 3357 2920 3427 benignitate,
2960 3375 3024 3414 ac
3054 3370 3372 3420 sanctorum
3410 3382 3510 3424 an-

1936 3443 2184 3512 gelorum
2211 3457 2333 3511 ope,
2354 3451 2468 3496 tum
2494 3444 2757 3512 nequitiae
2785 3445 3124 3504 dominatum
3149 3455 3510 3518 excutiemus.

1936 3543 2051 3588 tum
2071 3534 2209 3589 illud
2227 3549 2452 3605 quoque
2478 3536 2671 3606 procul
2692 3535 2862 3592 dubio
2894 3553 3275 3610 assequemur,
3308 3555 3515 3604 utnus-

1933 3637 2100 3693 quam
2147 3623 2374 3677 omnino
2415 3624 2472 3678 in
2519 3641 2821 3696 pravorum
2875 3627 3161 3686 hominum
3211 3636 3391 3704 pmnis
3433 3640 3510 3694 εί-

1934 3716 2047 3770 mul
2091 3715 2470 3786 implicemur,
2518 3717 2632 3773 Deo
2683 3719 2845 3785 freti,
2887 3719 2980 3792 qui
3045 3735 3235 3794 aperte
3294 3731 3512 3798 procla-

1933 3815 2046 3862 mat
2085 3808 2370 3878 prophetze
2440 3809 2728 3880 cujusdam
2783 3827 2969 3868 voce:
3023 3834 3040 3864 ι
3083 3816 3197 3888 Ego
3247 3819 3516 3878 Dominus

1933 3899 2078 3954 Deus
2115 3907 2264 3963 tuus,
2311 3900 2406 3969 qui
2469 3909 2628 3956 teneo
2667 3901 2948 3958 dexteram
2996 3914 3175 3973 tuam,
3237 3911 3332 3981 qui
3389 3913 3514 3969 dico

1934 3989 2069 4054 tibi,
2099 3991 2222 4045 Noli
2257 3991 2473 4056 timere,
2531 3993 2721 4059 Jacob,
2753 3996 2983 4066 exiguus
3012 3998 3321 4073 lsrael,ego
3353 4010 3511 4061 auxi-

1932 4081 2099 4136 liatus
2129 4097 2253 4136 sum
2292 4082 2415 4148 tibi,
2449 4082 2587 4138 dicit
2610 4084 2909 4150 Dominus,
2942 4086 3037 4157 qui
3072 4090 3283 4146 redemi
3315 4101 3392 4161 te,
3428 4097 3510 4152 ls-

1932 4175 2042 4229 rael
2070 4174 2136 4228 7‘.
2177 4193 2195 4224 ι

310 4265 480 4318 ΚΥΡ.
519 4264 591 4317 Ἢ
621 4262 728 4336 γάρ
767 4261 889 4332 οὐχὶ
919 4259 1262 4331 συλλήπτορα
1302 4259 1414 4322 τοῖς
1441 4257 1615 4327 ἀγίοις
1648 4260 1822 4313 ἐκδεί-

2001 4265 2160 4319 CYR.
2189 4263 2272 4318 An
2303 4278 2436 4318 vero
2480 4280 2674 4334 parum
2704 4267 3016 4323 ostenditur
3055 4271 3227 4325 Deum
3257 4275 3512 4346 omnipo-

245 4355 386 4420 ξειεν
434 4355 504 4408 ἂν
543 4354 636 4408 τὸν
681 4353 859 4406 πάντα
906 4349 1159 4421 ἰσχύοντα
1199 4349 1332 4403 Θεὸν
1367 4349 1430 4402 τὸ
1474 4350 1822 4422 ἀπηρτῆσθαι

1932 4365 2138 4412 tentem
2165 4369 2287 4410 esse
2313 4365 2629 4410 sanctorum
2661 4357 2948 4415 hominum
2988 4361 3296 4432 adjutorem
3314 4407 3329 4431 ,
3363 4366 3418 4423 in
3446 4386 3514 4426 eo

241 4447 334 4502 τὸν
358 4446 482 4500 Λὼτ
515 4446 616 4514 τῆς
645 4443 755 4498 τῶν
782 4442 1030 4512 ἀγγέλων
1062 4441 1275 4513 χειρός;
1315 4439 1451 4495 Θεοῦ
1497 4441 1606 4512 γὰρ
1655 4442 1822 4506 τύπος

1930 4445 2078 4518 quod
2110 4447 2213 4501 Lot
2261 4462 2425 4502 manu
2472 4446 2577 4502 fuit
2623 4449 2943 4520 angelorum
2989 4455 3514 4524 apprehensus?llli

244 4538 314 4593 ἂν
344 4534 455 4591 εἷεν
489 4535 603 4608 [ἂν]
633 4529 801 4590 οὗτοι.
843 4535 1005 4605 Τρεῖς
1038 4533 1135 4610 μέν
1170 4535 1228 4586 ἐν
1258 4534 1398 4605 ἀρχῇ
1431 4531 1508 4604 τῷ
1570 4534 1822 4606 Ἀϐραὰμ

1932 4538 2080 4594 enim
2131 4536 2310 4608 angeli
2341 4536 2571 4608 ﬁguram
2604 4539 2703 4594 Dei
2732 4549 2843 4594 non
2871 4540 3111 4600 absurde
3142 4554 3352 4616 tenent,
3387 4566 3514 4606 eum

244 4629 675 4702 προσϐάλλοντες
707 4629 767 4681 ἐν
813 4629 880 4698 τῇ
924 4625 1046 4698 δρυῒ
1085 4626 1154 4698 τῇ
1188 4625 1456 4698 Μαμϐρῇ,
1485 4625 1578 4680 δύο
1619 4626 1677 4680 δὲ
1717 4631 1822 4690 τοῖς

1936 4637 2049 4685 tres
2070 4630 2222 4700 prius
2235 4628 2302 4684 ad
2318 4627 2593 4684 Abraham
2610 4631 2944 4688 accesserint
2959 4634 3027 4689 ad
3051 4651 3317 4707 quercum
3341 4641 3514 4699 Mam-

243 4721 500 4792 Σοδόμοις
531 4719 1001 4790 ἐπιφοιτήσαντες.
1037 4734 1056 4768 ι
1093 4716 1226 4770 Οὐδὲ
1248 4715 1356 4788 γὰρ
1384 4719 1412 4769 ό
1434 4716 1626 4788 Πατὴρ
1652 4718 1822 4789 κρίνει

1937 4723 2068 4786 bre,
2120 4723 2230 4778 duo
2289 4735 2481 4776 rursus
2543 4721 2812 4779 adversus
2889 4724 3183 4783 Sodomam
3235 4735 3511 4792 venerint.

241 4812 461 4879 οὐδένα,
515 4831 534 4865 ι
599 4811 743 4866 κατὰ
790 4807 890 4880 τὴν
939 4807 1104 4861 αὑτοῦ
1151 4805 1246 4861 τοῦ
1301 4808 1554 4880 Σωτῆρος
1623 4808 1822 4880 φωνὴν,

1946 4833 1962 4864 ι
1985 4813 2172 4883 Neque
2205 4813 2351 4867 enim
2378 4813 2538 4868 Pater
2561 4814 2773 4885 judicat
2793 4831 3144 4888 quemquam,
3171 4841 3188 4872 ι
3208 4823 3364 4894 juxta
3393 4827 3514 4885 Sal-

246 4924 267 4956 σ
309 4904 445 4958 ἀλλά
476 4905 663 4958 πᾶσαν
691 4902 789 4974 τὴν
813 4901 994 4973 κρίσιν
1021 4899 1222 4954 δέδωκε
1251 4898 1332 4970 τῷ
1357 4899 1491 4970 Υίῷο
1527 4919 1547 4953 ι
1583 4901 1822 4965 συνόντος

1939 4904 2146 4959 vatoris
2198 4904 2372 4959 nostri
2417 4919 2630 4972 vocem,
2671 4925 2690 4955 ι
2716 4907 2812 4962 sed
2849 4924 3012 4965 omne
3043 4911 3316 4981 judicium
3361 4917 3516 4977 dedit

239 4993 394 5065 αὖτῷ
439 4993 685 5064 δηλονότι
734 4992 832 5047 καὶ
868 4991 1265 5063 ἐνυπάρχοντος
1302 4991 1549 5059 φυσικῶς
1595 4993 1690 5045 καὶ
1733 4993 1822 5046 τοῦ

1935 4994 2159 5049 Filio":
2192 5015 2208 5046 ι
2230 5010 2353 5050 cum
2378 5012 2488 5067 quo
2510 4999 2700 5068 procul
2726 4999 2895 5055 dubio
2916 5001 3079 5057 simul
3110 5003 3266 5061 adest
3290 5020 3515 5070 sanctus

237 5083 402 5150 ἁγίου
440 5083 584 5138 Πνεύ
593 5100 783 5154 ματος.

1935 5087 2172 5158 Spiritus
2194 5097 2252 5144 et
2279 5091 2605 5146 naturaliter
2636 5092 2797 5146 inest.

318 5176 527 5229 ΠΑΔΛ.
562 5175 759 5246 Συνίης
793 5168 852 5228 εὖ
884 5174 1046 5245 μάλα.
1084 5173 1165 5227 Τὰ
1202 5173 1257 5226 δὲ
1291 5172 1488 5244 ἐφεξῆς
1519 5175 1822 5255 Δπεριαθρῶ-

2004 5179 2199 5235 PALL.
2231 5181 2400 5237 Recte
2419 5183 2699 5254 intelligis.
2733 5183 2862 5250 Sed,
2889 5186 2934 5240 si
2967 5188 3166 5261 placet,
3186 5209 3250 5250 ea
3279 5212 3402 5267 qua:
3429 5214 3516 5253 se-

239 5283 372 5337 μεν,
399 5267 448 5318 εί
468 5265 636 5319 δοκεῖ.

1934 5283 2180 5340 quuntur
2211 5273 2643 5328 consideremus.

316 5357 482 5413 ΚΥΡ.
522 5357 854 5412 Ἀοκνότατά
873 5374 958 5427 γε,
984 5356 1080 5410 καὶ
1111 5355 1176 5427 δὴ
1206 5355 1380 5428 ἐρῶ.ξ‹
1401 5357 1512 5410 Καὶ
1542 5357 1776 5423 ἐγένετο,
1804 5378 1822 5410 ι

2004 5362 2160 5417 CYR.
2209 5363 2356 5418 Nihil
2397 5380 2602 5429 moror,
2639 5374 2803 5436 atque
2840 5371 2952 5440 jam
2997 5373 3198 5430 dicam.
3258 5397 3275 5428 ι
3311 5379 3380 5432 Et
3426 5379 3510 5434 fa-

232 5449 434 5519 φησὶν,
471 5451 678 5521 «ἡνίκα
709 5449 975 5521 ἐξήγαγον
1007 5448 1168 5502 αὑτὸν
1191 5447 1317 5513 ἔξω,
1354 5444 1525 5502 εἷπον·
1556 5448 1704 5514 Σῶζε
1737 5450 1822 5519 τὴι

1936 5460 2084 5506 etum
2110 5462 2215 5518 est,
2258 5472 2276 5504 ι
2316 5453 2521 5530 inquit,
2555 5472 2572 5505 ι
2600 5448 3383 5526 ροειίιυοιιιέίὶυχεωηιευηι
3426 5469 3510 5524 fo-

234 5541 476 5593 σεαυτοῦ
513 5539 713 5612 ψυχὴν,
757 5541 832 5612 μὴ
873 5539 1177 5614 περιϐλέψῃ
1217 5540 1297 5603 είς
1337 5539 1406 5592 τά
1455 5538 1659 5604 ὀπίσω,
1700 5541 1822 5611 μηδέ

1937 5560 2048 5609 ras,
2079 5543 2381 5600 dixerunt:
2417 5545 2578 5602 Salva
2629 5549 2868 5606 animam
2918 5563 3087 5619 tuam,
3130 5571 3200 5610 ne
3253 5561 3514 5630 respicias

230 5632 378 5701 στῇς
406 5635 465 5685 ἐν
492 5633 642 5705 πάσῃ
689 5634 756 5704 τῇ
797 5631 1090 5703 περιχώρῳ
1109 5649 1124 5662 ο
1156 5633 1236 5694 είς
1263 5629 1325 5684 τὸ
1351 5629 1477 5701 ὅρος
1515 5628 1711 5699 σώζου,
1758 5633 1822 5703 μή

1936 5644 2108 5701 retro,
2139 5635 2321 5708 neque
2346 5645 2459 5692 stes
2489 5637 2546 5691 in
2576 5641 2727 5695 omni
2744 5642 2888 5698 circa
2922 5645 3144 5715 regione
3165 5664 3178 5699 :
3198 5647 3253 5702 in
3267 5628 3512 5706 montem

327 5815 377 5849 ’ί
409 5816 547 5875 Gen.
599 5835 714 5886 xxx,
757 5819 844 5884 15,
881 5820 967 5877 Ιϐ.

1070 5820 1115 5853 τ’
1144 5819 1286 5875 Psal.
1321 5835 1486 5888 Lxxu,
1530 5820 1618 5875 24.
1719 5817 1766 5851 "
1805 5817 1964 5872 Prov.
2004 5835 2095 5882 xx,
2148 5821 2200 5874 6.

2300 5823 2349 5855 "
2413 5823 2516 5878 lsa.
2565 5842 2675 5895 xu,
2813 5845 2935 5899 sqq.
3051 5831 3098 5862 "
3126 5831 3285 5885 Joan.
3319 5835 3378 5901 κ’,
3417 5831 3509 5888 22.
