3968 6300
433 371 540 428 1⁸75

1452 370 1505 424 s.
1547 370 1821 426 cvmm
1860 369 2328 425 ALEXANDRINI
2370 353 2687 426 Ancnln'p.

3587 368 3689 426 £76

435 492 644 545 salvum
681 498 733 543 te
761 487 874 551 fac,
917 503 984 543 ne
1008 486 1147 543 forte
1181 490 1342 542 simul
1373 488 1936 558 comprehendaris".
1979 509 1995 538 ι

2135 505 2236 542 ποτε
2262 489 2750 560 συμπαραληφθῇς.
2789 508 2804 538 ι
2857 489 2942 542 Ἐν
2977 489 3074 558 μὲν
3103 482 3196 542 οῦν
3225 487 3324 558 τῷ,
3361 507 3378 538 ι
3419 489 3566 553 Σῶζε
3594 492 3694 561 τὴν

437 582 495 634 ln
540 580 647 634 illis
674 579 854 648 itaque
883 578 1084 642 verbis,
1115 597 1133 628 ‹
1171 577 1328 632 Salva
1350 579 1586 632 animam
1611 587 1779 641 tuam,
1815 597 1833 628 ι
1873 577 2007 632 illud

437 671 723 725 manifeste
753 669 1165 723 diciarbitror:
1204 688 1221 720 ‹
1261 669 1335 723 Te
1372 669 1550 738 ipsum
1597 679 1810 724 castum
1880 684 2007 723 cus-

439 763 571 827 todi,
594 771 649 816 et
667 777 733 816 ne
755 761 1124 816 communices
1155 762 1391 830 peccatis
1413 761 1686 816 alienis".
1718 780 1734 810 ι
1757 759 1833 814 Ac
1854 760 2009 814 vince

437 868 522 916 ea,
553 868 673 922 qua:
705 851 944 905 mundus
973 850 1153 915 all‘ert,
1182 849 1607 920 impedimenta;
1639 863 1819 918 neque
1861 848 2010 902 enim

440 943 734 997 universus
757 941 994 996 mundus
1011 942 1219 1013 justum
1243 948 1325 995 est
1355 941 1611 1010 pretium,
1645 956 1742 1009 pro
1762 954 1870 1009 quo
1891 938 2011 992 ani-

440 1049 528 1087 ma
581 1043 971 1088 commutetur.
1020 1052 1038 1085 ‹
1077 1033 1218 1099 Quid
1257 1032 1403 1086 enim
1430 1031 1652 1102 prodest
1699 1029 1930 1094 homini,
1965 1028 2012 1084 si

442 1128 758 1181 universum
779 1125 1042 1181 mundum
1073 1125 1336 1190 lucretur,
1373 1126 1478 1194 27
1513 1124 1707 1178 anima:
1737 1139 1869 1178 vero
1903 1138 2014 1178 sua:

441 1219 830 1272 detrimentum
857 1217 1094 1286 patiatur
1113 1215 1194 1268 ⁷⁸2
1226 1235 1242 1266 ι
1269 1215 1424 1281 Quod
1472 1224 1654 1269 autem
1694 1215 1770 1269 ait
1802 1215 1875 1268 ita
1909 1215 2014 1269 sibi

441 1327 561 1366 esse
593 1310 1004 1375 ambulandum,
1044 1326 1112 1364 ne
1171 1325 1229 1364 se
1268 1318 1566 1364 retrorsum
1612 1318 1919 1374 convertat,
1960 1309 2014 1363 id

443 1387 670 1456 fortasse
691 1400 982 1470 signiﬁcat,
1017 1400 1323 1455 cavendum
1362 1415 1506 1464 esse,
1544 1416 1612 1454 ne
1644 1400 1774 1454 dum
1819 1416 1920 1454 nos
1947 1399 2015 1454 ad

445 1492 751 1562 nequitiam
779 1492 1170 1557 convertimus,
1204 1493 1394 1547 eadem
1430 1508 1555 1547 cum
1588 1493 1656 1546 iis
1681 1492 1863 1546 denuo
1889 1506 2016 1546 sen-

445 1583 548 1638 tire
595 1583 964 1652 incipiamus,
1015 1584 1109 1653 qui
1148 1583 1204 1638 in
1242 1584 1570 1655 supplicium
1612 1583 1754 1653 ignis
1797 1591 2019 1652 propter

446 1674 921 1745 intemperantiam
955 1675 1284 1730 inciderunt.
1325 1696 1342 1726 ι
1366 1677 1536 1730 Nemo
1559 1676 1726 1739 enim,
1758 1695 1775 1726 ι
1819 1675 2016 1744 inquit,

453 1788 470 1818 ι
503 1767 726 1823 mittens
758 1783 979 1821 manum
1016 1766 1086 1821 ad
1120 1775 1390 1830 aratrum,
1424 1777 1482 1821 et
1517 1781 1818 1820 conversus
1849 1775 2017 1828 retro,

2110 581 2337 634 σεαυτοῦ
2357 581 2554 653 ψυχὴν,
2584 601 2600 632 ι
2633 582 2775 650 φημὶ
2794 581 2857 652 δὴ
2879 579 3130 648 λέγεσθαι
3163 579 3350 648 σαφῶς
3367 580 3447 644 τὸ,
3481 599 3499 631 ι
3527 583 3696 634 Σεαυ-

2109 672 2197 726 τὸν
2228 673 2386 741 ἁγνὸν
2413 676 2586 744 τήρει·
2635 673 2728 726 καὶ
2765 671 2839 742 μὴ
2886 671 3134 724 κοινώνει
3182 671 3482 741 ἁμαρτίαις
3531 671 3695 724 ἀλλο⁴

2108 763 2305 834 τρίαις.
2347 784 2365 816 ι
2412 765 2520 816 Καὶ
2547 763 2785 833 ἀμείνων
2831 763 2923 816 ἑσο
2953 763 3065 816 τῶν
3115 765 3170 816 ἐν
3209 763 3401 834 κόσμῳ
3433 781 3694 833 παραπο-

2109 833 2402 924 δισμάτων·
2439 853 2615 924 ψυχῆς
2647 853 2756 924 γὰρ
2796 854 3151 924 ἀντάλλαγμα
3181 854 3241 907 τὸ
3265 833 3498 926 ξύμπαν
3519 856 3694 910 οὐδέν.

2118 964 2134 996 ι
2174 946 2238 998 Τί
2265 945 2372 1017 γὰρ
2403 945 2813 1015 ὠφεληθήσεται
2859 945 3143 1016 ἄνθρωπος
3163 986 3176 1009 ,
3211 947 3339 1002 ὅταν
3369 948 3461 1001 τὸν
3492 949 3698 1019 κόσμον

2111 1033 2229 1086 ὅλον
2259 1033 2517 1104 κερδήσῃ,
2553 1034 2648 1103 τὴν
2672 1035 2728 1086 δὲ
2756 1033 2934 1104 ψυχὴν
2965 1035 3126 1088 αὐτοῦ
3163 1034 3451 1107 ζημιωθῇ;
3491 1055 3508 1088 ι
3539 1038 3613 1090 Τὸ
3643 1038 3701 1090 δὲ

2112 1125 2176 1194 δὴ
2201 1125 2396 1196 χρῆναι
2417 1124 2594 1193 λέγειν
2622 1126 3033 1197 ἀμεταστρεπτὶ
3054 1127 3326 1182 ποιεῖσθαι
3347 1129 3444 1200 τὴν
3465 1128 3696 1198 βάδισιν,

2117 1217 2370 1288 σημαίνει
2415 1234 2518 1272 που
2566 1218 2708 1287 τάχα
2735 1217 2815 1280 τὸ,
2849 1217 2922 1290 μὴ
2955 1221 3074 1281 ταῖς
3117 1221 3197 1283 είς
3241 1221 3552 1290 φαυλότητα
3603 1239 3702 1292 με-

2115 1311 2442 1378 ταστροφαῖς
2488 1309 2558 1362 τὰ
2592 1308 2680 1362 ἴσα
2713 1311 2928 1378 φρονεῖν
2969 1309 3186 1363 ἑλέσθαι
3233 1311 3394 1365 πάλιν
3442 1315 3552 1375 τοῖς
3594 1313 3702 1365 ὑπὸ

2114 1400 2269 1470 δίκην
2298 1400 2396 1471 τὴν
2422 1400 2593 1471 πυρὸς
2627 1401 2685 1466 ἐξ
2718 1401 2990 1473 ἀκρασίας
3011 1401 3393 1471 ἐνηνεγμένοις
3424 1403 3470 1474 (ι
3507 1401 3702 1466 Οὐδεὶς

2118 1491 2247 1560 γὰρ,
2289 1509 2308 1542 ι
2350 1491 2505 1560 φησὶ,
2553 1510 2570 1542 ι
2622 1491 2719 1562 τὴν
2770 1495 2924 1562 χεῖρα
2971 1491 3146 1562 βαλὼν
3191 1495 3278 1546 ἐπ’
3317 1494 3566 1566 ἄροτρον,
3607 1495 3705 1548 καὶ

2120 1582 2379 1651 στραφεὶς
2421 1585 2502 1644 εἰς
2538 1582 2608 1636 τά
2636 1585 2832 1648 ὀπίσω,
2865 1583 3082 1648 εὔθετός
3114 1587 3261 1639 ἐστιν
3301 1588 3381 1650 είς
3412 1587 3509 1658 τὴν
3543 1587 3702 1657 βασι-

2119 1674 2268 1728 λείαν
2297 1675 2403 1728 τῶν
2437 1675 2702 1746 οὐρανῶν)
2725 1695 2738 1708 ο
2780 1696 2797 1727 ι
2837 1675 3060 1746 ἔχεσθαι
3101 1677 3158 1731 δέ
3199 1678 3310 1732 δεῖν
3342 1678 3443 1747 τῆς
3481 1680 3562 1742 είς
3595 1696 3705 1733 σω-

2120 1767 2314 1838 τηρίαν
2347 1766 2490 1832 ὁδοῦ,
2533 1767 2606 1838 μὴ
2639 1768 2765 1838 τῇδε
2799 1769 3020 1821 κάκεῖσε
3069 1769 3520 1840 περισπωμένους
3542 1808 3557 1834 ,
3609 1770 3708 1824 καὶ

446 1869 605 1930 aptus
630 1869 714 1914 est
749 1875 918 1931 regno
939 1860 1202 1914 caelorum
1226 1860 1290 1911 ’9.
1334 1878 1351 1908 ι
1384 1857 1644 1911 Tenenda
1670 1865 1752 1910 est
1786 1870 2020 1924 namque

2135 1858 2443 1930 ραντᾳσίαις
2473 1859 2659 1922 ἑώλοις
2694 1860 2974 1929 κοσμικῶν
3003 1860 3311 1931 ἐπιθυμιῶν
3344 1862 3576 1934 ἐλαφρὸν
3607 1866 3705 1918 καὶ

445 1952 639 2007 salutis
664 1951 771 2016 via,
817 1967 926 2006 non
970 1951 1071 2004 hac
1112 1950 1235 2003 illac
1272 1947 1696 2011 deﬂectendum,
1733 1961 1912 2016 neque
1951 1947 2020 2001 ad

447 2061 610 2100 vanas
637 2043 900 2114 imagines
930 2041 1328 2096 mundanarum
1369 2040 1732 2110 cupiditatum
1762 2040 1901 2094 levis
1931 2048 2020 2094 at-

445 2156 550 2210 que
584 2137 842 2193 volubilis
883 2137 1101 2190 animus
1129 2144 1214 2189 est
1267 2135 1785 2204 impellendus;scd
1817 2135 2024 2204 integer

445 2243 607 2302 atque
625 2231 872 2302 vigilans,
901 2237 958 2283 et
1000 2228 1092 2298 qui
1123 2243 1339 2298 semper
1367 2227 1635 2281 directum
1671 2227 1776 2281 iter
1809 2227 2022 2296 aspice-

447 2339 504 2376 re
542 2331 727 2386 curet,
770 2321 826 2375 in
861 2321 1022 2374 nobis
1062 2319 1197 2390 ipsis
1233 2327 1315 2374 est
1367 2319 1802 2374 conservandus.
1847 2318 2022 2384 Quin-

447 2416 612 2470 etiam
632 2416 708 2480 id,
742 2414 886 2485 quod
909 2415 1090 2484 majus
1120 2422 1224 2476 est,
1257 2412 1436 2465 dicam
1461 2429 1472 2464 :
1505 2411 1582 2465 ait
1608 2411 1753 2464 enim
1777 2410 2023 2479 angelus,

448 2525 556 2562 non
586 2507 751 2562 modo
782 2507 856 2560 ita
886 2503 962 2558 illi
999 2519 1119 2558 esse
1163 2501 1578 2565 ambulandum,
1623 2516 1692 2556 ne
1727 2510 2026 2554 retrorsum

2124 1949 2557 2021 εὑδιαρῤίπιστον
2587 1949 2733 2014 νοῦν,
2765 1950 2878 2004 ἀλλ’
2917 1952 3102 2021 ἐντελῆ
3133 1970 3190 2004 τε
3223 1953 3318 2006 καὶ
3346 1954 3570 2020 ἄϋπνον,
3609 1957 3708 2010 καὶ

2125 2044 2202 2106 είς
2251 2041 2378 2095 εὐθὺ
2428 2041 2645 2112 βλέπειν
2695 2043 2779 2097 ἀεὶ
2832 2044 3262 2114 μεμελετηκότα,
3302 2047 3601 2116 τηροῦντας
3647 2049 3709 2100 ἑ)

2123 2130 2353 2191 ἑαυτοῖς.
2383 2129 2492 2182 Καὶ
2519 2131 2579 2182 τὸ
2605 2130 2686 2182 ἔτι
2715 2131 2898 2200 μεῖζον
2929 2132 3057 2202 ἐρῶ·
3103 2135 3236 2204 φησι
3267 2134 3374 2205 γὰρ
3404 2137 3433 2189 ό
3470 2135 3705 2204 ἄγγελος

2126 2221 2224 2289 οὐχ
2256 2221 2335 2273 ὅτι
2363 2220 2468 2291 χρὴ
2490 2221 2588 2292 ἤδη
2615 2221 2777 2292 μόνον
2805 2222 2966 2276 αὐτὸν
2993 2223 3406 2295 ἀμεταστρεπτὶ
3435 2227 3709 2280 ποιεῖσθαι

2129 2313 2226 2381 τὴν
2249 2311 2474 2382 βάδισιν·
2501 2314 2807 2384 προσετίθει
2829 2315 2885 2368 δὲ
2916 2315 3197 2386 χρησίμως
3222 2316 3302 2380 τὸ,
3338 2335 3356 2369 ς
3381 2317 3472 2388 Μὴ
3493 2321 3624 2389 στῇς
3651 2321 3711 2372 ἐν

2128 2405 2276 2477 πάσῃ
2300 2408 2366 2476 τῇ
2396 2405 2708 2477 περιχώρῳ.
2743 2407 2838 2470 El;
2863 2405 2924 2459 τὸ
2945 2406 3070 2477 ὅρος
3101 2405 3295 2474 σώζου,
3326 2409 3535 2480 μήποτε
3569 2427 3711 2480 συμ·

2133 2497 2518 2569 παραληφθῇς.
2558 2517 2576 2549 ι

448 2621 507 2661 se
547 2609 849 2666 convertat,
878 2600 975 2656 sed
1007 2609 1316 2668 opportune
1354 2598 1596 2670 adjecit:
1639 2616 1657 2648 ι
1697 2597 1774 2652 Ne
1808 2608 1918 2651 stes
1961 2597 2016 2650 in
2053 2595 2200 2649 omni
2231 2595 2378 2650 circa
2415 2595 2679 2666 regione;
2718 2596 2773 2650 in
2844 2607 3086 2652 montem
3127 2597 3337 2653 salvum
3375 2607 3429 2653 te
3492 2597 3598 2664 fac,
3639 2614 3712 2654 ne

451 2697 590 2752 forte
615 2705 672 2751 et
701 2704 759 2749 tu
781 2691 942 2748 simul
975 2690 1230 2761 capiaris.
1270 2710 1288 2742 ι

521 2787 719 2843 PALL.
754 2783 896 2852 Quid
926 2798 1058 2837 vero
1095 2783 1230 2837 illud
1293 2791 1412 2848 est,
1461 2800 1480 2834 ι
1508 2781 1585 2836 Ne
1619 2790 1731 2836 stes
1785 2781 1839 2834 in
1874 2779 2023 2834 omni

454 2881 600 2935 circa
629 2875 892 2948 regione?
921 2895 938 2926 ι

529 2967 686 3023 CYR.
728 2967 902 3030 Illam,
932 2964 985 3018 ni
1026 2964 1206 3028 fallor,
1253 2964 1510 3019 inertiam
1545 2972 1706 3033 atque
1736 2965 2025 3035 segnitiem

456 3061 524 3114 ad
565 3059 924 3114 resiliendum
949 3073 980 3110 a
1018 3057 1190 3122 vitiis,
1223 3056 1493 3112 lubricam
1521 3070 1664 3119 esse,
1725 3057 2024 3126 etpcrieu-

456 3154 626 3206 losam
669 3150 964 3220 signiﬁcat.

525 3242 677 3297 ΡΜ..
715 3242 961 3307 Quonam
993 3239 1176 3305 modo,
1219 3239 1332 3304 die,
1373 3239 1626 3294 obsecro.

523 3333 682 3388 CYR.
707 3330 1069 3400 PrOpheticus
1086 3330 1234 3385 enim
1262 3344 1443 3385 sermo
1468 3330 1549 3386 sic
1583 3330 1662 3384 ait
1688 3348 1700 3383 :
1740 3348 1757 3380 ‹
1788 3330 1898 3393 ναξ,
1933 3331 2025 3398 qui

472 3419 653 3475 tacitis
674 3435 811 3489 opus
838 3420 932 3474 Dei
970 3419 1308 3489 negligenter
1330 3420 1396 3473 ⁸ο.
1423 3451 1494 3460 —
1523 3419 1742 3475 Currite
1780 3418 1945 3473 etiam
1971 3430 2032 3474 ut

459 3511 957 3582 comprehendatis,
993 3531 1010 3562 ι
1056 3511 1134 3564 ait
1160 3511 1354 3566 beatus
1385 3511 1589 3565 Paulus
1618 3511 1684 3563 ⁸³.
1717 3511 1852 3564 Nam
1886 3510 2030 3565 nolle

461 3604 676 3658 fortiter
690 3619 754 3658 ac
773 3603 920 3657 serio
933 3617 962 3656 a
981 3601 1212 3670 turpiori
1237 3601 1348 3654 vita
1364 3601 1635 3670 refugere,
1654 3602 1800 3671 quod
1815 3601 2033 3656 animus

461 3711 603 3765 aegre
631 3709 688 3748 se
725 3691 950 3746 aveteri
989 3690 1391 3745 consuetudine
1430 3690 1619 3745 divelli
1661 3693 1923 3761 patiatur,
1970 3707 2034 3747 ac

465 3783 635 3838 veluti
663 3797 788 3837 cum
828 3780 1060 3850 quadam
1085 3778 1335 3833 molestia
1373 3793 1404 3833 a
1447 3779 1677 3850 singulis
1724 3780 2033 3849 quibusque

475 3875 633 3929 vitiis
680 3872 929 3927 discedat
981 3870 1410 3942 gravissimeque
1457 3886 1514 3926 se
1552 3871 1622 3925 ad
1669 3872 1722 3925 id
1766 3871 2030 3938 conferat,

464 3964 612 4036 quod
663 3968 855 4032 suapte
883 3968 1078 4016 natura
1116 3961 1358 4030 prodest,
1394 3975 1504 4015 non
1536 3962 1688 4016 aliud
1729 3971 1834 4027 est,
1869 3979 2032 4033 quam

468 4059 522 4111 in
563 4055 742 4110 vicina
770 4052 1031 4123 nequitiae
1070 4052 1290 4122 regione
1348 4052 1668 4118 subsistere,
1695 4053 1838 4108 unde
1868 4055 2032 4108 celeri

467 4164 632 4203 cursu
677 4145 940 4200 excedere
980 4151 1215 4214 oportet.
1247 4143 1392 4197 Fieri
1443 4159 1678 4214 namque
1744 4152 1925 4215 potest
1976 4155 2037 4200 ut

467 4241 788 4312 priusquam
823 4236 941 4291 vitii
977 4235 1231 4291 terminis
1257 4235 1674 4299 excesserimus,
1720 4235 1850 4289 dum
1889 4250 2002 4289 sem
2019 4264 2034 4271 --

2198 2774 2404 2828 ΠΑΛΛ.
2442 2773 2550 2828 Καὶ
2586 2773 2636 2826 τί
2671 2773 2736 2826 ἂν
2767 2770 3009 2842 βούλοιτο
3040 2771 3234 2844 δηλοῦν
3291 2775 3371 2837 τὸ,
3416 2791 3432 2825 ι
3465 2773 3554 2844 Μὴ
3583 2776 3711 2844 στῇς

2127 2870 2184 2920 ἑν
2214 2866 2361 2936 πάσῃ
2392 2867 2456 2936 τῇ
2488 2864 2812 2935 περιχώρῳς
2857 2884 2873 2914 ι

2200 2957 2364 3009 ΚΥΡ.
2395 2957 2468 3008 Τὸ
2496 2954 2646 3024 οἶμαι
2675 2954 2878 3025 νωθρόν
2919 2971 2977 3006 τε
3009 2954 3103 3008 καὶ
3143 2953 3371 3024 ἀδρανὲς
3413 2956 3491 3018 είς
3516 2955 3575 3006 τὸ
3603 2954 3714 3007 δεῖν

2131 3046 2448 3111 ἐξίπτασθαι
2474 3047 2566 3100 τοῦ
2595 3045 2788 3111 κακοῦ,
2817 3045 3081 3116 σφαλερόν
3111 3063 3168 3098 τε
3209 3047 3299 3100 καὶ
3325 3046 3636 3116 ἐπιζήμιον.

2198 3225 2402 3278 ΠΑΛΛ.
2435 3223 2646 3295 Φράσον
2673 3224 2841 3286 ὅπως.
3687 3281 3706 3293 ,

2198 3316 2361 3369 ΚΥΡ.
2396 3315 2738 3385 Προφητικδς
2766 3314 2867 3385 ἔφη
2908 3313 3084 3382 λόγος’
3119 3335 3138 3366 ι
3171 3315 3324 3379 Οὐαὶ,
3360 3315 3407 3366 oi
3441 3313 3714 3376 ποιοῦντες

2127 3408 2187 3459 τὸ
2214 3407 2372 3477 ἔργον
2413 3406 2618 3477 Κυρίου
2653 3404 2890 3475 ἀμελῶς.
2918 3404 3234 3475 -Τρέχετε
3261 3405 3316 3458 δὲ
3348 3405 3434 3460 ἵνα
3476 3405 3718 3458 καταλά-

2130 3495 2282 3565 ϐητε,
2313 3514 2332 3546 ι
2365 3495 2460 3548 καὶ
2492 3495 2654 3558 αὑτός
2686 3496 2786 3549 ποῦ
2820 3513 2981 3566 φησιν
3010 3498 3038 3548 ό
3061 3496 3343 3558 θεσπέσιος
3367 3495 3598 3558 Παῦλος.
3635 3495 3710 3546 Τὸ

2131 3589 2239 3658 γάρ
2289 3605 2371 3640 τοι
2421 3587 2496 3658 μὴ
2546 3588 2676 3658 δρᾷν
2733 3587 2936 3641 ἐθέλειν
2986 3587 3382 3641 εὐσθενὲστατὰ
3427 3603 3486 3639 τε
3533 3586 3628 3639 καὶ
3661 3587 3719 3638 ἐν

2133 3679 2337 3750 σπουδῇ
2385 3679 2484 3749 τὴν
2524 3678 2589 3731 ἐκ
2629 3677 2736 3732 τῶν
2775 3678 3059 3748 αἰσχιόνων
3107 3677 3441 3749 ἀποδρομὴν,
3477 3677 3716 3730 δυσαπο-

2134 3769 2388 3831 σπάστως
2419 3768 2630 3836 ἔχοντος
2666 3767 2801 3837 πρὸς
2829 3767 2896 3819 τὰ
2928 3768 3127 3836 ἀρχαῖα
3155 3766 3248 3818 τοῦ
3288 3767 3402 3830 νοῦ,
3433 3767 3527 3820 καὶ
3556 3766 3721 3820 οἱονεὶ

2135 3859 2371 3926 στυγνῶς
2402 3859 2494 3925 ἀφ’
2528 3858 2758 3909 ἑκάστου
2813 3855 2920 3908 τῶν
2951 3855 3170 3922 φαύλων
3199 3857 3556 3925 ἀπαίροντος,
3594 3857 3721 3910 δυσ-

2133 3950 2395 4002 οκνότατα
2415 3947 2469 3998 δὲ
2490 3943 2955 4014 μεθορμιζομένου
2979 3943 3113 4013 πρὸς
3130 3945 3189 3996 τὸ
3212 3945 3452 4012 πεφυκὸς
3465 3946 3720 4014 ὠφελεῖν,

2133 4039 2216 4108 εἴη
2254 4039 2318 4092 ἂν
2350 4037 2532 4104 ἕτερον
2558 4034 2784 4103 οὐδὲν,ἦ
2816 4033 2874 4086 τὸ
2904 4033 3090 4102 στῆναι
3119 4032 3302 4088 λοιπὸν
3333 4036 3390 4087 ἐν
3424 4035 3722 4108 περιχώρῳ

2136 4128 2366 4190 κακίας,
2411 4126 2588 4202 καίτοι
2631 4123 2902 4195 δρομαίως
2947 4121 3149 4187 ἐξιέναι
3191 4123 3329 4177 δέον.
3384 4126 3457 4178 ’Ἦ
3504 4127 3612 4196 γὰρ
3652 4127 3719 4180 ἂν

2136 4221 2242 4274 τῶν
2285 4217 2665 4288 ἐνδεχομένων,
2707 4216 2834 4287 πρὶν
2877 4215 3015 4286 ὅρων
3069 4213 3174 4278 ἔξω
3219 4216 3472 4282 γενέσθαι
3521 4217 3721 4281 κακοῦ,

467 4320 568 4402 per
602 4335 932 4384 cunctamur
956 4341 1019 4380 ac
1045 4326 1490 4396 tergiversamur,
1531 4325 1715 4379 divina
1762 4340 1863 4380 nos
1901 4324 2025 4379 ultic

2145 4311 2434 4382 μέλλοντας
2476 4308 2562 4360 ἀεὶ
2611 4305 2704 4359 καὶ
2751 4305 3145 4374 ἀναδυομένους
3188 4305 3601 4375 καταληφθῆναι
3651 4310 3721 4378 τῇ

467 4419 783 4491 praaveniat,
810 4429 1103 4488 antequam
1145 4415 1388 4470 maculas
1410 4417 1848 4487 purgaverimus,
1881 4425 2025 4469 ante-

2145 4403 2291 4475 δίκῃ,
2318 4401 2448 4472 πρὶν
2479 4398 2930 4470 ἀποκαθήρασθαι
2953 4398 3051 4466 τὴν
3080 4397 3292 4468 κηλίδα,
3320 4400 3448 4468 πρὶν
3477 4398 3722 4451 ἀποπλύ-

470 4526 635 4581 quam
669 4508 871 4562 veteris
903 4507 1166 4562 socordia:
1192 4506 1425 4560 infusam
1445 4507 1630 4561 animo
1664 4507 1844 4561 labem
1882 4507 2025 4560 elue-

2137 4495 2327 4549 νασθαι
2365 4495 2456 4547 τὸν
2491 4493 2554 4544 ἐκ
2587 4494 2684 4561 τῆς
2717 4489 2950 4559 ἀρχαίας
2986 4487 3254 4558 ῥᾳθυμίας
3301 4489 3621 4558 ἐντετηκότα
3648 4492 3717 4560 τῇ

470 4603 664 4663 rimus,
699 4605 992 4666 antequam
1021 4595 1313 4650 criminum
1365 4611 1396 4649 a
1443 4595 1603 4650 nobis
1627 4595 1897 4650 sarcinam
1941 4611 2025 4648 ex-

2136 4587 2280 4656 ψυχῇ
2315 4582 2606 4655 μολυσμὸν,
2629 4581 2758 4650 πρὶν
2783 4578 3251 4649 ἀποφορτίσασθαι
3276 4578 3343 4630 τὰ
3372 4578 3715 4648 ἐγκλήματα,

468 4688 825 4752 cusserimus,
869 4687 1170 4756 jugumque
1226 4687 1560 4741 subierimus
1593 4686 1726 4739 illud
1777 4686 2025 4739 salutare.

2139 4675 2233 4729 καὶ
2262 4673 2423 4741 ζυγὸν
2458 4671 2790 4741 ὑποδραμεῖν
2836 4670 2927 4722 τὸν
2968 4669 3254 4737 σωτήριον,
3303 4665 3720 4738 ἀναπαύσασθαι

463 4796 531 4840 ac
570 4779 812 4850 requiem
847 4793 945 4848 per
975 4777 1254 4832 Christum
1289 4778 1683 4832 invenerimus.
1723 4775 1940 4846 Optima
1957 4788 2025 4831 est

2137 4766 2226 4819 διά
2275 4762 2528 4836 Χριστοῦ.
2593 4763 2848 4832 ΙἈριστον
2899 4756 2992 4814 οῦν
3041 4757 3571 4828 παρακελευσμάτων
3622 4757 3720 4822 τὸ,

381 4888 391 4896 ο
465 4869 633 4940 igitur
671 4867 999 4929 exhortatio,
1051 4885 1068 4917 ι
1109 4866 1186 4921 Ne
1218 4875 1332 4921 stes
1375 4866 1432 4919 in
1479 4866 1626 4919 omni
1676 4866 1822 4919 circa
1859 4866 2038 4935 regio-

467 4975 558 5024 ne,
590 4979 608 5010 ι
660 4959 766 5013 hoc
801 4966 906 5021 est,
965 4972 1095 5011 cave
1145 4973 1212 5010 ne
1252 4957 1308 5010 in
1363 4956 1475 5010 ullo
1521 4955 1783 5024 nequitiae
1837 4971 2039 5026 genere

471 5059 654 5102 moras
683 5048 902 5102 trahere
952 5045 1405 5116 deprehendaris,
1452 5043 1548 5097 sed
1587 5043 1820 5097 ascende
1869 5043 2038 5098 veluti

471 5149 526 5191 in
552 5145 810 5202 montem,
852 5136 906 5190 in
940 5136 1196 5191 eximiam
1235 5149 1429 5202 nempe
1460 5148 1523 5186 ac
1550 5132 1900 5201 spectabilem
1953 5134 2039 5187 vi-

447 5215 602 5293 tam,
631 5243 752 5298 qua:
800 5227 1009 5282 humile
1041 5234 1099 5281 et
1149 5225 1425 5294 abjectum
1477 5220 1614 5274 nihil
1667 5221 1887 5286 habeat,
1930 5224 2040 5293 28

471 5319 566 5375 sed
598 5320 810 5374 excelsa
861 5317 1195 5384 sublimique
1239 5312 1444 5364 virtute
1489 5309 1782 5377 praecellat,
1823 5311 1891 5365 ab
1935 5312 2040 5366 hu-

473 5412 585 5467 mili
612 5426 829 5482 quoque
853 5423 1038 5470 sensu,
1070 5414 1310 5463 terreno,
1341 5401 1584 5471 inquam,
1615 5411 1779 5474 atque
1810 5405 2038 5468 carnali,

471 5506 542 5559 sit
609 5504 808 5557 aliena.
867 5499 1145 5564 Scriptum
1209 5508 1446 5560 namque
1503 5504 1586 5550 est
1638 5513 1651 5548 :
1708 5516 1725 5546 ι
1762 5495 1857 5550 Dei
1933 5496 2042 5549 for-

475 5601 556 5644 tes
613 5604 644 5642 a
677 5598 820 5642 terra
871 5582 1227 5636 vehementer
1264 5578 1462 5634 elevati
1501 5589 1629 5637 sunt
1673 5582 1737 5634 3’.
1773 5602 1789 5633 ι
1838 5582 2042 5637 Sensus

2149 4875 2168 4908 ι
2201 4855 2292 4926 Μὴ
2312 4857 2439 4924 στῇς
2469 4853 2525 4906 ἐν
2553 4852 2700 4922 πάσῃ
2729 4854 2797 4922 τῇ
2832 4847 3123 4921 περιχώρῳ
3142 4889 3155 4910 ,
3197 4867 3214 4898 ι
3251 4845 3394 4899 τοῦτ’
3419 4846 3586 4911 ἐστιν,
3633 4847 3722 4900 Ἐν

2151 4940 2339 5010 μηδενὶ⁸
2371 4940 2558 5008 τρόπῳ
2598 4937 2927 5007 φαυλότητος
2966 4934 3326 5005 διαμελλήσας
3362 4933 3537 5004 ἀλῷς,
3579 4935 3724 4988 ἄνιθι

2143 5032 2195 5084 δέ
2227 5030 2444 5100 μᾶλλον,
2479 5029 2666 5098 ῶσπερ
2694 5029 2776 5089 εἰς
2819 5027 2962 5097 ὅρος,
2997 5027 3074 5088 εἰς
3110 5024 3452 5096 ἐξῃρημένην
3480 5024 3599 5076 τινὰ
3629 5027 3726 5078 καὶ

2145 5123 2435 5192 περίοπτον
2470 5120 2635 5190 ζωὴν,
2661 5119 2812 5172 οὐδὲν
2844 5117 3069 5187 ἔχουσαν
3098 5115 3158 5168 τὸ
3187 5114 3574 5184 χαμαιρριφές,
3607 5115 3724 5168 ἀλλ’

2144 5218 2202 5268 ἑν
2234 5212 2411 5283 ὑψηλῇ
2442 5229 2501 5264 τε
2531 5212 2624 5265 καὶ
2655 5211 2938 5280 ἑπηρμένῃ
2961 5207 3366 5277 διαπρέπουσαν
3395 5206 3564 5277 ἀρετῇ
3583 5248 3597 5272 ,
3627 5209 3724 5260 καὶ

2149 5304 2539 5376 ἀπηλλαγμένῃ
2573 5303 2917 5374 φρονήματος
2964 5299 3054 5353 τοῦ
3094 5297 3545 5369 χθαμαλωτάτου,
3581 5297 3729 5352 τοῦτ’

2150 5396 2294 5449 ἔστιν
2321 5395 2412 5448 τοῦ
2435 5395 2676 5461 ἐπιγείου
2703 5393 2796 5444 καὶ
2829 5389 3111 5460 σαρκικοῦ.
3141 5389 3455 5459 Γέγραπται
3481 5389 3611 5462 γὰρ,
3639 5390 3726 5441 ὅτι

2155 5507 2172 5539 ι
2204 5488 2310 5540 Τοῦ
2335 5485 2467 5540 Θεοῦ
2491 5487 2537 5538 οί
2566 5484 2814 5556 κραταιοὶ
2837 5483 2934 5550 τῆς
2960 5483 3064 5551 γῆς
3103 5482 3302 5552 σφόδρα
3323 5483 3428 5552 ὲπή
3439 5481 3662 5552 ρθησαν.
3698 5498 3719 5528 ι

2162 5579 2446 5633 Ἀνωτάτω
2464 5577 2571 5649 γὰρ
2590 5576 2694 5630 τῶν
2715 5573 2969 5640 ἐπιγείων
2998 5573 3056 5624 τὸ
3074 5573 3410 5639 ἀγιοπρεπές
3439 5574 3555 5624 ἐστι
3585 5573 3726 5641 φρό-

545 5700 590 5732 "
620 5700 751 5752 Gen.
792 5713 900 5767 xix,
936 5694 1019 5767 Π.
1097 5693 1140 5723 ⁷⁷
1177 5693 1461 5767 l_Timoth.
1494 5714 1543 5761 v,
1580 5697 1668 5751 Ἠ.
1699 5697 1750 5767 ,⁷⁸
1786 5696 1974 5751 Matth.
2004 5712 2025 5748 ι

2139 5733 2151 5758 ,
2182 5692 2270 5747 26.
2347 5692 2391 5724 ⁷⁸
2425 5691 2557 5745 Luc.
2594 5706 2651 5750 ιι,
2679 5687 2767 5742 62.
2843 5683 3108 5739 “Jerem.
3147 5682 3402 5746 XLvn,10.
3483 5682 3526 5714 ⁸³
3552 5679 3732 5738 lCor.

483 5786 553 5832 ix,
579 5767 668 5821 ‘14.
757 5768 802 5796 ⁸³
833 5765 972 5818 Psal.
1017 5779 1156 5828 XLvI,
1188 5763 1232 5818 ί.
