3968 6300
189 306 293 362 ίῖἹ

929 292 1018 368 DE
1057 313 1501 372 ADORATIONE
1537 314 1605 371 1N
1646 312 1918 372 SPlRlTU
1954 313 2047 370 ET
2090 312 2462 395 venture.
2505 313 2633 367 LIB.
2673 313 2714 368 ι.

3355 311 3461 367 178

191 437 352 516 νῆμα.
383 440 403 474 ι
434 423 542 478 Καὶ
561 425 765 480 νεοττοὶ
789 428 960 496 γυπὸς
985 429 1054 484 τὰ
1079 431 1258 503 ὑψηλὰ
1278 433 1553 501 πέτονται,
1589 455 1607 488 ι
1633 434 1774 489 κατὰ

1887 434 2025 490 enim
2081 435 2197 501 ille,
2240 434 2336 505 qui
2386 439 2607 489 sanctos
2644 430 2823 496 decet,
2882 431 3042 503 longe
3079 441 3165 489 est
3222 430 3462 488 terrenis

192 513 247 566 tb
272 516 679 587 γεγραμμένον,
715 519 876 593 εἴπερ
920 521 1104 594 ἔχουσι
1153 525 1403 601 καθάπερ
1434 530 1513 591 εἰς
1545 529 1672 600 ὅρος
1716 531 1775 583 ὲν

190 605 402 677 οὐρανῷ
443 607 505 660 τὸ
533 608 866 681 πολίτευμα,
898 615 993 666 καὶ
1045 618 1469 684 μεταποιοῦνται
1519 619 1775 690 πατρίδος

192 697 283 765 τῆς
312 696 444 752 ἄνω.
482 699 688 770 Γράφει
730 703 788 757 δέ
817 722 918 757 που
958 707 1051 760 καὶ
1084 707 1313 773 Παῦλοςο
1357 729 1377 762 ι
1416 710 1496 764 Τὰ
1528 710 1640 767 ἄνω
1678 711 1775 781 ζη-

191 790 350 855 τεῖτε,
382 790 457 861 μὴ
490 791 558 847 τὰ
590 792 682 846 ἐπὶ
717 793 820 865 τῆς
853 795 974 866 γῆς.
1012 816 1030 849 ι

257 1055 467 1112 ΠΑΛΛ.
521 1060 684 1133 Ὄρος
727 1056 821 1116 οῦν
850 1062 959 1134 ἄρα
992 1065 1053 1119 τὸ
1101 1068 1308 1141 νοητὸν,
1348 1070 1381 1140 ἡ
1420 1071 1479 1124 έν
1523 1067 1777 1139 ἁγιασμῷ

191 1148 322 1219 ζωὴ,
352 1152 447 1204 καὶ
471 1155 569 1224 τῆς
596 1154 875 1226 ὲξαιρέτου
905 1157 1179 1223 πολιτείας
1208 1162 1269 1214 τὸ
1293 1161 1612 1233 ὑπερτενὲς,
1636 1179 1780 1215 νοου-

195 1242 360 1314 μένης
392 1261 495 1297 που
524 1246 673 1300 κάτω
696 1248 794 1319 τῆς
826 1251 885 1302 ὲν
916 1249 1280 1323 ἀκαθαρσίαις
1308 1254 1400 1307 καὶ
1432 1252 1778 1325 φιλαμαρτή-

196 1348 370 1401 μονος,
405 1334 499 1387 καὶ
535 1337 646 1400 τοῖς
672 1336 933 1406 ἐπιγείοις
960 1339 1383 1414 ὲντετηγμένης.

258 1621 423 1675 ΚΥΡ.
452 1616 525 1676 Εὖ
560 1622 719 1692 ἔφηςο
772 1623 926 1677 τουτὶ
961 1623 1071 1696 γὰρ
1104 1624 1239 1695 ἡμῖν
1278 1625 1308 1677 6
1338 1623 1495 1695 λόγος
1524 1618 1583 1677 εὖ
1634 1623 1778 1695 μάλα

196 1714 500 1785 καταδηλοῖ,
530 1715 867 1786 θαυμάσειας
889 1715 935 1770 δ’
966 1714 1032 1770 ἂν
1059 1715 1137 1771 ἔτι
1168 1717 1260 1771 καὶ
1282 1716 1421 1772 τόδε.

259 1804 471 1860 ΠΑΛΛ.
505 1805 579 1860 Τὸ
617 1809 670 1862 τί
693 1824 709 1874 ;

256 1895 423 1950 ΚΥΡ.
472 1898 532 1953 Ὀ
575 1898 677 1970 μὲν
718 1898 828 1971 γὰρ
862 1901 1130 1972 μακάριος
1174 1900 1405 1971 ἄγγελος
1448 1901 1683 1973 ἀμελητί
1719 1919 1777 1955 τε

193 1988 282 2042 καὶ
332 1990 754 2063 ἀμεταστρεπτὶ⁵
808 1992 1087 2047 διαθέοντα
1138 1993 1231 2047 τὸν
1277 1993 1567 2048 θεσπέσιον
1614 1993 1738 2049 Λὼτ
1763 2036 1777 2062 ,

194 2081 381 2151 χρῆναι
412 2081 530 2135 δεῖν
566 2081 805 2153 ἔφασκεν
837 2085 916 2147 εἰς
963 2084 1024 2137 τὸ
1068 2085 1192 2157 δρος
1220 2085 1523 2157 ἁναπηδᾷν.
1563 2087 1629 2139 Ὃ
1675 2086 1783 2141 ὲλι·

198 2177 361 2245 πάρει
391 2174 592 2243 λέγωνσ
643 2195 662 2228 ι
699 2175 923 2248 Δέομαι,
958 2176 1164 2249 Κύριε,
1192 2179 1383 2250 ἐπειδὴ
1410 2170 1569 2252 εὗρεν
1594 2182 1622 2234 6
1654 2182 1782 2246 παῖς

196 2283 283 2318 σου
304 2265 452 2328 ἔλεος
474 2264 714 2320 ἐναντίον
743 2284 859 2330 σου,
893 2268 988 2321 καὶ
1015 2270 1360 2340 ὲμεγάλυνας
1391 2271 1489 2342 τὴν
1510 2272 1783 2327 δικαιοσύ-

190 2374 284 2427 νην
320 2374 440 2421 σου,
484 2356 515 2409 6
551 2360 724 2423 ποιεῖς
751 2359 845 2412 ἐπὶ
866 2359 959 2413 τοῦ
999 2348 1224 2432 ζῆν’τὴν
1281 2361 1460 2434 ψυχήν
1498 2380 1634 2434 μου’
1672 2362 1783 2433 ἐγὼ

190 2447 243 2500 δὲ
270 2447 333 2500 οὐ
367 2448 668 2520 δυνήσομαι
705 2448 1038 2520 διασωθῆναι
1070 2451 1149 2515 εἰς
1183 2450 1242 2504 τὸ
1287 2451 1447 2522 ὅρος,
1499 2453 1575 2524 μὴ
1609 2470 1780 2507 κατα-ο

191 2537 327 2609 λάϐῃ
365 2556 435 2610 με
473 2541 542 2592 τὰ
569 2539 715 2593 κακὰ
738 2579 754 2605 ,
793 2541 885 2593 καὶ
918 2540 1194 2596 ἀποθάνω.
1234 2542 1366 2597 Ἰδοὺ
1397 2545 1431 2615 ἡ
1458 2544 1612 2608 πόλις
1640 2543 1781 2615 αῦτη

190 2631 357 2699 ἐγγὺς
397 2630 494 2684 τοῦ
523 2633 855 2701 καταφυγεῖν
897 2649 965 2703 με
1008 2633 1157 2699 ἐκεῖ,
1185 2633 1221 2704 ἦ
1253 2634 1370 2687 ἐστι
1403 2635 1577 2708 μικρὰ
1600 2675 1615 2699 ,
1665 2637 1783 2690 ἐκεῖ

197 2721 535 2793 σωθήσομαι.
560 2723 632 2776 Οὐ
665 2722 837 2793 μικρά
866 2724 1002 2790 ἐστι,
1032 2724 1126 2777 καὶ
1155 2723 1378 2795 ζήσεται
1410 2726 1444 2797 ἡ
1469 2727 1614 2797 ψυχή
1645 2744 1780 2798 pou;

190 2813 302 2868 Καὶ
331 2812 507 2866 εἰπὼν
539 2812 710 2885 αὐτῷ,
737 2814 923 2885 φησίν*
979 2814 1109 2869 Ἰδοὺ
1138 2814 1250 2884 ἐγὼ
1283 2816 1571 2887 ἐθαύμασα
1605 2835 1698 2872 σου
1721 2819 1783 2872 τὸ

189 2905 484 2975 πρόσωπον
512 2907 606 2960 καὶ
634 2908 727 2961 ἐπὶ
764 2906 841 2978 τῷ
880 2908 1086 2979 ῥήματι
1126 2910 1338 2980 τούτῳ,
1378 2907 1472 2963 τοῦ
1515 2908 1591 2982 μὴ
1614 2927 1782 2964 κατα-

189 2996 421 3068 στρέψαι
440 2997 539 3068 τὴν
560 2997 711 3052 πόλιν
734 2999 864 3069 περὶ
894 2994 962 3072 ῆς
991 2998 1279 3070 ὲλάλησας.
1306 3000 1548 3055 Σπεῦσον
1570 2995 1662 3055 οὖν
1686 3001 1780 3055 τοῦ

194 3087 441 3158 σωθῆναι
489 3089 639 3151 ἐκεῖ,
671 3089 731 3142 οὐ
783 3089 892 3161 γὰρ
939 3089 1239 3162 δυνήσομαι
1277 3091 1510 3162 ,ποιῆσαι
1551 3093 1784 3164 πρᾶγμα

186 3178 289 3243 ἕως
316 3179 411 3233 τοῦ
438 3181 499 3235 σὲ
520 3181 781 3237 εἰσελθεῖν
796 3183 933 3237 ἐκεῖ.
959 3181 1061 3236 Διὰ
1087 3182 1246 3237 τοῦτο
1265 3182 1491 3238 ἐκάλεσε
1524 3182 1584 3236 τὸ
1602 3183 1776 3256 ὄνομα

185 3270 289 3338 τῆς
320 3271 531 3337 πόλεως
574 3273 815 3345 ἐκείνης,
847 3271 1065 3346 Σηγὼρ.
1110 3274 1169 3328 '0
1214 3274 1365 3346 ῆλιος
1411 3274 1637 3346 ἐξῆλθεν
1686 3276 1779 3330 ἐπὶ

184 3364 285 3434 τὴν
314 3361 442 3432 γῆν,
476 3364 572 3417 καὶ
602 3363 726 3418 Λὼτ
748 3364 995 3437 είσῆλθεν
1028 3367 1107 3430 εἰς
1133 3366 1234 3437 τὴν
1263 3365 1481 3440 Σηγὼρ,
1516 3385 1536 3418 ι

258 3456 469 3511 ΠΑΛΛ.
504 3458 614 3511 Καὶ
642 3457 726 3522 τίς
762 3457 828 3512 ἂν
858 3457 1069 3527 γένοιτο
1096 3459 1191 3513 καὶ
1223 3458 1311 3513 διὰ
1344 3459 1550 3515 τούτων
1583 3461 1715 3535 ἡμῖν
1745 3465 1778 3534 ἡ

186 3550 406 3621 θνησις,
435 3549 673 3623 ἐθέλοιμ’
697 3549 785 3617 ἂν,
814 3550 891 3615 ὡς
929 3546 988 3605 εὖ
1022 3550 1131 3607 ῐσθι
1173 3568 1285 3618 τοι,
1326 3552 1633 3625 διαμαθεῖν.

260 3726 432 3781 ΚΥΡ.
469 3728 541 3780 Ἢ
563 3726 684 3799 οὐχὶ
714 3727 922 3800 συνίης,
947 3729 1126 3783 καίτοι
1147 3728 1284 3784 πολὺ
1312 3730 1580 3792 νενευκὼς
1608 3731 1689 3794 εἰς
1719 3730 1781 3785 τὸ

185 3820 306 3874 λίαν
337 3820 598 3892 εὐμαθὲς,
636 3821 720 3874 ὅτι
768 3823 880 3885 τοῖς
915 3821 1043 3893 ἄρτι
1081 3821 1415 3893 φαυλότητος
1448 3822 1780 3894 ἐκδεδραμη-

189 3912 329 3975 κόσι,
364 3912 558 3984 χρῆναι
595 3913 652 3967 δὲ
678 3914 787 3969 δεῖν
823 3914 1091 3986 οἰομένοις
1115 3914 1210 3967 ἐπὶ
1240 3913 1341 3985 τὴν
1368 3913 1469 3984 τῆς
1501 3914 1778 3985 σωτηρίας

191 4005 365 4059 ῐεσθαι
391 4005 602 4078 τρίϐον,
628 4007 729 4061 οὐκ
754 4005 938 4071 εὐθὺς,
965 4005 1089 4060 οὔτε
1118 4006 1225 4077 μὴν
1250 4007 1315 4059 ὲκ
1343 4004 1575 4076 πρώτων
1599 4006 1778 4075 ἐγχει-

189 4097 472 4169 ρημάτων,
499 4097 776 4169 ἁλώσιμος
804 4101 838 4170 ἡ
868 4098 1036 4170 ἀρετὴ
1066 4099 1160 4152 καὶ
1186 4097 1418 4168 βάσιμον
1450 4096 1511 4150 τὸ
1547 4096 1774 4165 δοκοῢν;

186 4191 328 4243 Ἀλλ’
360 4190 470 4245 οὐδ’
502 4189 570 4246 ἂν
596 4191 833 4255 εὐκόλως
853 4189 1241 4263 ἀνακομίζοιτό
1264 4207 1347 4253 τις
1384 4191 1465 4253 εἰς
1504 4187 1777 4243 πολιτείαν

186 4281 557 4356 ὲξῃρημένην,
589 4282 698 4336 οὐδ’
734 4282 799 4359 ay
831 4281 1043 4351 γένοιτο
1072 4280 1291 4352 μακρὰν
1322 4280 1431 4333 τῶν
1470 4280 1632 4335 οἱονεί
1660 4296 1777 4343 πως

183 4373 336 4444 αὐτῷ
386 4374 877 4446 συντεθραμμένων
919 4373 1130 4440 παθῶν,
1171 4362 1287 4427 ἀλλ’
1332 4370 1438 4437 ἔξω
1486 4372 1585 4444 μὲν
1624 4371 1776 4426 ἔσται

1876 530 2048 586 re'ms
2084 525 2356 597 superior.
2402 544 2421 576 ι
2457 524 2525 579 Ει
2555 522 2692 594 pulli
2738 521 2976 577 vulturis
2999 523 3055 577 in
3092 524 3330 579 sublime
3358 537 3460 579 vol-

1875 624 2014 688 lant,
2046 641 2064 673 ›
2102 627 2162 675 ιιι
2180 619 2445 690 scriptum
2482 624 2568 672 est
2592 614 2676 682 ⁸³;
2737 613 3012 685 siquidem
3046 614 3104 669 in
3158 617 3299 673 coelo
3335 623 3460 672 tan-

1877 731 2044 787 quam
2079 714 2136 769 in
2166 721 2352 767 monte
2381 708 2621 781 quodam
2648 708 2741 780 jus
2766 706 3007 763 civitatis
3036 706 3262 773 habent,
3285 717 3341 763 et
3363 724 3460 764 su-

1878 822 2108 880 pernam
2144 805 2295 860 illam
2334 801 2567 874 patriam
2606 816 2761 856 suam
2793 806 3009 871 putant.
3045 797 3251 853 Scribit
3292 800 3459 855 etiam

1879 900 2084 956 Paulus
2118 916 2131 952 :
2176 916 2194 949 ‹
2230 896 2364 964 Qua:
2428 910 2650 951 sursum
2707 901 2837 949 sunt
2874 891 3128 964 quaerite,
3160 907 3271 947 non
3340 908 3463 963 qua:

1879 1006 2045 1062 super
2079 998 2281 1044 terram
2312 986 2377 1040 ⁸³.
2420 1005 2438 1038 ι

1951 1082 2150 1138 PALL.
2197 1080 2353 1135 Mons
2401 1079 2588 1149 itaque
2641 1077 2950 1149 spiritualis
3002 1092 3116 1132 non
3170 1075 3313 1131 alius
3378 1083 3464 1132 est

1879 1190 2045 1246 quam
2099 1174 2215 1229 vita
2250 1187 2374 1243 qua:
2421 1170 2478 1225 in
2540 1171 2834 1226 sanctitate
2869 1168 3112 1235 ducitur,
3143 1170 3463 1224 ’conversa-

1880 1266 2159 1336 tionisque
2216 1263 2687 1334 praestantissima;
2749 1261 3098 1327 sublimitas;
3161 1270 3463 1332 contraque

1881 1356 1973 1411 illa
1998 1354 2220 1411 vivendi
2256 1355 2420 1420 ratio,
2455 1368 2578 1423 quae
2616 1352 2675 1407 in
2716 1351 3132 1423 impuritatibus
3189 1360 3461 1416 versatur,

1878 1459 1935 1503 et
1968 1446 2237 1519 peccandi
2267 1445 2451 1502 studio
2484 1454 2727 1509 tenetur,
2764 1453 2930 1514 atque
2962 1443 3020 1499 in
3060 1442 3229 1499 rebus
3287 1451 3462 1498 terre-

1881 1537 1967 1592 nis
2005 1535 2319 1602 intabescit,
2350 1535 2536 1590 inﬁma
2558 1534 2904 1606 intelligitur.
3464 1524 3469 1529 ’

1950 1629 2108 1685 CYR.
2141 1630 2310 1685 Recte
2349 1629 2462 1684 ais:
2498 1628 2554 1683 id
2588 1628 2736 1682 enim
2793 1626 2963 1683 verba
2996 1626 3114 1698 ipsa
3144 1625 3350 1697 optimc
3384 1625 3461 1681 si-

1882 1720 2159 1793 gnificant.
2184 1720 2325 1775 Puto
2345 1728 2531 1785 autem
2548 1719 2717 1775 etiam
2736 1718 2874 1774 illud
2908 1717 3206 1774 mirabere.

1809 1805 1850 1859 Β
1950 1812 2149 1868 PALL.
2177 1811 2322 1879 Quid
2355 1810 2490 1865 illud
2532 1810 2797 1865 tandem?

1947 1901 2106 1957 CYR.
2128 1901 2265 1956 Nam
2303 1902 2397 1957 ille
2424 1901 2620 1956 beatus
2651 1900 2879 1972 angelus
2906 1900 3027 1956 sine
3073 1900 3183 1955 ulla
3232 1907 3460 1956 cuncta—

1881 1996 2029 2050 tione
2064 2010 2129 2050 ac
2167 1994 2572 2066 respectatione
2608 2002 2926 2051 currentem
2978 1992 3204 2048 beatum
3259 1990 3365 2047 Lot
3398 1991 3456 2046 in

1881 2097 2123 2142 montem
2175 2085 2550 2141 conscendere
2602 2092 2861 2157 oportere
2909 2083 3148 2139 dicebat.
3183 2083 3235 2138 Is
3276 2092 3462 2136 autem

1880 2180 2107 2251 rogabat
2145 2178 2374 2234 dicens:
2417 2198 2435 2229 ι
2463 2176 2679 2245 Quaeso,
2702 2176 2953 2241 Domine,
2995 2176 3257 2247 quoniam
3302 2174 3459 2229 inve-

1880 2274 1963 2327 nit
1993 2287 2192 2328 servus
2222 2281 2351 2328 tuus
2373 2271 2604 2343 gratiam
2623 2286 2809 2325 coram
2828 2278 2902 2336 te,
2919 2279 2976 2325 et
2996 2267 3462 2341 magnificastiju-

1881 2364 2089 2419 stitiam
2124 2374 2298 2430 tuam,
2340 2379 2506 2434 quam
2536 2363 2673 2418 facis
2704 2361 2762 2417 in
2794 2377 2904 2429 me,
2965 2370 3027 2416 ut
3080 2362 3231 2417 vivat
3280 2361 3464 2416 anima

1880 2443 2041 2511 mea:
2078 2470 2180 2526 ego
2235 2469 2371 2510 vero
2410 2470 2523 2509 non
2590 2462 2787 2525 potero
2833 2453 3036 2509 salvari
3095 2453 3151 2508 in
3198 2461 3461 2517 montem,

1881 2560 1949 2600 ne
1988 2544 2460 2616 comprehendant
2484 2560 2572 2600 me
2611 2545 2775 2611 mala,
2810 2554 2867 2599 et
2900 2544 3125 2598 moriar.
3154 2543 3295 2598 Ecce
3321 2543 3456 2597 civi-

1881 2643 1966 2691 tas
1990 2637 2170 2707 juxta,
2212 2643 2275 2690 ut
2303 2634 2612 2706 confugiam
2645 2634 2802 2701 illuc,
2857 2650 2981 2705 quae
3015 2644 3100 2690 est
3136 2650 3326 2705 parva,
3385 2634 3462 2689 ibi

1881 2726 2138 2782 salvabor
2170 2744 2182 2780 :
2216 2742 2403 2782 nonne
2442 2742 2613 2797 parva
2640 2734 2746 2795 est,
2785 2735 2843 2782 et
2881 2726 3031 2783 vivet
3063 2726 3245 2781 anima
3301 2727 3466 2781 mea?

1882 2817 1950 2872 Et
1992 2817 2133 2873 dixit
2189 2817 2296 2883 illi,
2329 2817 2552 2889 inquit:
2587 2818 2731 2875 Ecce
2769 2818 3079 2875 admiratus
3108 2834 3230 2874 sum
3266 2818 3465 2874 faciem

1882 2917 2033 2965 tuam
2070 2910 2235 2966 etiam
2268 2909 2326 2965 in
2358 2910 2530 2966 verbo
2558 2910 2687 2978 hoc,
2720 2927 2789 2967 ne
2814 2912 3130 2966 subvertam
3160 2912 3462 2978 civitatem,

1883 3001 1951 3058 de
1987 3018 2097 3073 qua
2116 3003 2335 3060 locutus
2367 3019 2448 3060 es.
2473 3003 2695 3059 Festina
2731 3003 2896 3077 igitur
2926 3012 2990 3059 ut
3031 3002 3262 3059 salveris
3290 3003 3462 3070 illuc;

1883 3108 2064 3164 neque
2084 3094 2233 3149 enim
2267 3103 2462 3166 potero
2494 3093 2676 3150 facere
2705 3094 3027 3165 quidquam,
3057 3108 3345 3164 quousque
3375 3092 3463 3146 in-

1882 3203 2107 3260 gressus
2148 3188 2325 3244 fueris
2358 3188 2509 3244 illuc.
2547 3188 2679 3244 Ideo
2715 3187 2937 3243 vocavit
2969 3200 3173 3241 nomen
3221 3184 3463 3240 civitatis

1881 3281 2052 3347 illius,
2105 3280 2297 3351 Segor.
2352 3280 2444 3335 Sol
2478 3287 2638 3335 ortus
2666 3286 2753 3334 est
2796 3293 2964 3348 super
2996 3285 3223 3342 terram,
3265 3285 3322 3331 et
3358 3275 3466 3332 Lot

1881 3371 2161 3444 ingressus
2187 3379 2273 3426 est
2295 3370 2468 3442 Segor
2503 3371 2569 3423 ⁸⁸.
2594 3389 2626 3437 ,ι

1950 3461 2149 3519 PALL.
2168 3460 2430 3529 Quaenam
2445 3475 2576 3517 vero
2605 3475 2674 3517 ex
2696 3459 2782 3517 his
2814 3459 3000 3515 verbis
3019 3458 3088 3516 ad
3112 3475 3214 3516 nos
3241 3475 3461 3531 perma-

1881 3567 2015 3608 nare
2046 3552 2222 3623 possit
2277 3550 2488 3607 utilitas
2509 3591 2524 3618 ,
2555 3549 2837 3622 equidem,
2866 3558 2929 3604 ut
2969 3549 3088 3621 ipse
3127 3550 3294 3617 nosti,
3323 3564 3462 3606 aveo

1882 3643 2120 3701 discere.

1949 3738 2108 3795 CYR.
2139 3739 2224 3793 An
2259 3737 2498 3811 ignoras,
2534 3752 2659 3794 cum
2698 3735 2906 3807 alioqui
2934 3734 3012 3793 sis
3048 3735 3161 3792 acri
3198 3733 3464 3806 praeditus

1881 3829 2122 3900 ingenio,
2152 3829 2249 3900 qui
2304 3845 2533 3900 nupere
2584 3828 2831 3900 nequitia
2888 3826 3241 3893 emerserint,
3289 3836 3461 3898 atque

1879 3920 2181 3976 statuerint
2227 3921 2374 3976 viam
2429 3921 2628 3977 salutis
2671 3920 2909 3992 ingredi,
2963 3934 3219 3976 eosnon
3272 3920 3461 3975 statim

1878 4029 2058 4084 neque
2126 4014 2308 4084 primo
2364 4021 2567 4069 conatu
2621 4013 2913 4083 percipere
2963 4027 3125 4082 posse
3172 4011 3459 4075 virtutem,

1877 4111 1934 4159 et
1954 4118 2021 4160 eo
2041 4103 2353 4174 pervenire,
2375 4118 2486 4172 quo
2507 4101 2940 4157 constituerint?
2969 4099 3282 4166 Quinetiam
3310 4099 3458 4154 haud

1878 4196 2037 4251 facile
2067 4195 2192 4265 quis
2231 4194 2301 4249 ad
2358 4194 2618 4250 eximiam
2649 4193 2777 4250 vitae
2810 4191 3079 4246 rationem
3122 4189 3320 4244 adduci
3354 4205 3457 4260 po-

1879 4296 1986 4343 test
2009 4293 2105 4341 aut
2127 4285 2399 4341 semoveri
2438 4284 2593 4338 abiis
2628 4283 2857 4348 morbis,
2891 4284 2987 4353 qui
3019 4297 3146 4337 cum
3178 4282 3271 4336 illo
3318 4282 3454 4338 ado-

1878 4378 2130 4442 leverint,
2154 4376 2250 4432 sed
2280 4376 2350 4431 ab
2376 4372 2650 4446 ejusmodi
2692 4372 2849 4428 vitiis
2884 4372 3225 4443 pedetentim
3255 4372 3450 4440 exibit,

183 4467 295 4519 τῶν
337 4466 593 4521 τοιούτων
623 4467 808 4539 ἡρέμα
829 4508 843 4533 ,
874 4469 934 4521 τό
958 4484 1022 4536 γε
1064 4468 1189 4520 ὅσον
1213 4467 1296 4531 εἰς
1331 4464 1639 4537 προθυμίας
1678 4464 1777 4530 τὰς

1887 4469 2026 4543 quod
2045 4469 2114 4526 ad
2134 4468 2380 4525 melioris
2412 4469 2541 4524 vitze
2575 4465 2841 4531 studium,
2875 4471 2933 4520 et
2970 4472 3267 4520 conatuum
3296 4464 3455 4521 initia

184 4558 275 4611 ἐπ’
308 4560 582 4629 ἀμείνοσι,
626 4561 723 4614 καὶ
760 4560 1179 4633 ἐγχειρημάτων
1211 4558 1405 4632 ἀρχάς·
1451 4555 1589 4627 ὑψοῦ
1621 4556 1678 4609 δὲ
1713 4556 1775 4609 οὐ

1887 4563 2134 4634 pertinet,
2168 4562 2278 4633 29
2333 4576 2445 4617 non
2497 4568 2681 4615 tamen
2740 4557 2963 4613 sublimi
3003 4557 3303 4613 admodum
3341 4558 3452 4615 erit

182 4651 324 4714 λίαν,
355 4653 389 4723 ἦ
420 4654 658 4725 μακράν·
689 4654 972 4725 μονονουχὶ
1001 4653 1058 4706 δὲ
1098 4652 1543 4724 μεταφοιτήσειεν
1567 4651 1647 4714 είς
1675 4649 1777 4721 γῆν

1887 4657 2018 4721 loco,
2049 4662 2148 4711 aut
2170 4654 2387 4727 longius
2403 4660 2636 4717 remoto,
2657 4651 2751 4708 sed
2785 4651 3120 4723 demigrabit
3143 4651 3257 4716 ille,
3282 4666 3459 4721 prope.

186 4745 290 4814 μὲν
316 4743 510 4815 ὥσπερ
539 4745 618 4809 είς
650 4746 864 4818 ἑτέραν,
905 4747 986 4810 είς
1027 4744 1171 4815 ζωὴν
1214 4744 1313 4814 μὲν
1357 4741 1777 4831 ἐπαινουμένην,

1887 4747 2134 4814 dixerim,
2194 4755 2455 4818 tanquam
2490 4746 2547 4801 in
2578 4746 2719 4804 alias
2759 4754 2958 4811 terras,
2987 4744 3055 4800 ad
3105 4743 3299 4807 vitam,
3331 4744 3454 4798 lau-

182 4835 404 4905 ὑψηλὴν
436 4835 495 4890 δὲ
525 4835 678 4892 οὔπω
713 4838 808 4894 καὶ
847 4837 1139 4908 περίοπτον
1169 4834 1439 4909 λαχοῦσαν
1472 4834 1569 4905 τὴν
1598 4834 1775 4900 δόξαν,

1887 4838 2118 4894 dabilem
2145 4838 2371 4908 quidem
2404 4838 2577 4903 illam,
2611 4838 2709 4893 sed
2736 4837 2804 4893 de
2828 4838 2988 4908 cujus
3022 4835 3197 4907 gloria
3219 4850 3330 4890 non
3360 4834 3458 4890 ad-

177 4928 345 4982 όποία
382 4945 467 4992 τις
494 4924 563 5000 ἦν
587 4931 621 4996 ἡ
667 4929 809 4984 κατὰ
844 4929 1007 5001 νόμον
1036 4927 1401 4997 παιδαγωγία,
1433 4927 1569 4998 πρὸς
1601 4925 1775 4996 ἀρχὰς

1887 4930 2104 4985 modum
2146 4929 2400 4986 sublimis
2445 4940 2609 5002 atque
2666 4930 2961 5000 conspicua
3001 4929 3074 4984 sit
3117 4928 3327 4999 opinio,
3361 4944 3457 4983 cu-

177 5020 537 5091 ὰναφέρουσα
573 5019 723 5092 ζωῆς
748 5021 980 5093 ἀρίστης
1005 5038 1063 5074 τε
1088 5022 1182 5075 καὶ⁸
1204 5020 1435 5091 ἀγαθῆς.
1463 5018 1775 5088 Γέγραπται

1887 5020 2115 5091 iusmodi
2171 5030 2292 5076 erat
2344 5021 2436 5076 illa
2492 5021 2629 5092 legis
2675 5019 2970 5085 institutio,
3012 5034 3134 5089 qua:
3170 5018 3240 5074 ad
3284 5018 3444 5074 initia

176 5114 315 5183 γάρι
353 5130 374 5163 ί
421 5112 591 5184 Ἀρχὴ
612 5113 732 5167 ὀδοῦ
765 5113 974 5185 ἀγαθῆς
997 5113 1061 5167 τὸ
1084 5115 1256 5166 ποιεῖν
1283 5110 1354 5165 τὰ
1379 5110 1583 5166 δίκαια.
1625 5128 1644 5161 ι
1681 5110 1777 5163 ⁸ον

174 5205 294 5276 γὰρ
317 5206 520 5277 τρόπον
552 5208 668 5268 τοῖς
697 5205 826 5277 περὶ
868 5205 1068 5275 γνῶσιν
1095 5203 1456 5258 ἐσπουδακόσι
1476 5243 1490 5267 ,
1524 5203 1617 5256 καὶ
1641 5201 1776 5254 θεω-

177 5296 311 5366 ρίας
362 5296 673 5366 ἐφιεμένοις
705 5296 804 5367 τῆς
859 5297 1158 5368 μυστικῆς,
1214 5293 1518 5365 ἐπιτήδειος
1571 5291 1670 5362 μὲν
1718 5292 1777 5344 ὲν

172 5388 382 5458 ἀρχαῖς
411 5388 502 5440 καὶ
532 5389 615 5441 ὅτι
653 5388 888 5457 μάλιστα
921 5389 1149 5459 πρέπων
1181 5386 1268 5457 εἴη
1314 5386 1380 5440 ἂν
1419 5387 1447 5440 ὁ
1489 5386 1586 5456 τῆς
1640 5401 1770 5438 κατ-

173 5480 438 5549 ηῖήσεως
466 5479 658 5549 λόγος·
691 5480 962 5535 διὰττουσι
985 5481 1043 5535 δὲ
1074 5479 1207 5551 πρὸς
1232 5478 1400 5549 ἄνδρα
1421 5476 1620 5531 τέλειον
1642 5478 1764 5548 ἤδη,

172 5570 276 5623 καὶ
304 5569 388 5631 είς
411 5568 609 5641 μέτρον
639 5571 853 5643 ἡλικίας
873 5571 968 5626 τοῦ
994 5571 1354 5643 πληρώματος
1383 5569 1477 5625 τοῦ
1508 5569 1765 5641 Χριστοῦ,

274 5749 461 5810 “Job
508 5768 729 5822 xuvm,
759 5755 811 5810 4.
902 5754 959 5824 ,³⁸
992 5754 1203 5812 Coloss.
1251 5772 1330 5825 nr,
1373 5758 1429 5812 2..

1876 5112 2062 5187 probae
2087 5121 2452 5184 spectataeque
2468 5112 2595 5168 vitae
2616 5109 2968 5182 perducebat.
2992 5110 3270 5181 Scriptum
3302 5127 3456 5166 nam-

1876 5221 1984 5278 que
2018 5213 2105 5261 est
2131 5224 2144 5259 :
2188 5224 2206 5256 ι
2236 5205 2461 5260 Initium
2484 5204 2587 5259 via:
2617 5203 2776 5258 bona:
2808 5211 2895 5258 est
2955 5202 3139 5258 facere
3166 5205 3314 5275 justa
3340 5204 3441 5256 “.n

1876 5297 1947 5354 Ut
1974 5297 2122 5352 enim
2174 5296 2270 5367 qui
2319 5294 2623 5366 cognitioni
2655 5294 2904 5360 student,
2951 5303 3008 5350 et
3029 5295 3452 5365 contemplatio-

1878 5403 2005 5444 nem
2040 5388 2328 5459 mysticam
2363 5394 2650 5457 expetunt,
2678 5385 2746 5441 iis
2784 5394 2947 5457 aptus
2993 5397 3078 5441 est
3100 5386 3168 5440 ab
3199 5384 3356 5439 initio
3395 5392 3452 5440 et

1880 5479 1936 5534 in
1990 5479 2183 5550 primis
2241 5477 2577 5533 conveniens
2635 5478 3024 5534 catecbeticus.
3073 5490 3279 5539 sermo,
3350 5473 3448 5530 sed

1877 5568 1966 5631 iis,
2002 5568 2097 5637 qui
2125 5568 2237 5637 jam
2265 5567 2323 5621 in
2344 5567 2527 5622 virum
2556 5567 2862 5638 perfectum
2888 5575 3261 5640 pervenerunt
3308 5574 3365 5621 et
3392 5565 3451 5622 in

1529 5757 1573 5792 ⁸⁸
1605 5756 1742 5815 Gcn.
1771 5771 1883 5824 xxx,
1922 5754 2103 5811 18-25.
2181 5756 2225 5787 "
2263 5756 2420 5811 Prov.
2471 5769 2578 5821 va,
2616 5753 2673 5809 5.
