3968 6300
485 228 591 283 179
1523 231 1579 288 S.
1613 231 1890 289 CYRILLI
1929 234 2399 292 ALEXANDRINI
2431 235 2746 291 ARCHIEP.
3470 295 3477 304 ,
3663 239 3771 294 ιδο

388 355 794 418 mensuram
830 340 1007 395 aetatis
1058 340 1423 410 plenitudinis
1463 341 1671 400 Christi
1695 345 1762 410 ⁸⁷,
1804 360 1955 400 conv:

2196 347 2460 416 ιρμόσειεν
2495 345 2560 401 ἂν
2593 347 2695 418 ἤδη
2736 364 2852 410 πως
2901 347 2934 418 ὴ
2971 347 3310 418 στερεωτέρα
3354 348 3572 418 τροφὴ,
3617 349 3763 402 τοῦτ’

397 413 712 496 κἐοιίιίἱοι·
752 427 934 498 cibus,
979 432 1034 487 id
1072 441 1177 497 est,
1211 449 1398 488 rerum
1448 450 1832 505 supremarum
1883 453 1964 507 ett]

2195 453 2338 501 στιν,
2373 439 2402 490 6
2441 438 2570 508 περὶ
2615 438 2723 491 τῶν
2755 438 3020 492 ἀνωτάτω
3064 437 3260 507 λόγος,
3285 436 3442 510 οἷμός
3483 457 3541 492 τε
3573 441 3762 496 ἅπασα

479 527 646 591 catio,
691 527 777 580 via
812 526 1055 594 denique
1094 525 1276 580 omnis
1308 542 1373 582 ac
1434 528 1576 582 ratio
1603 528 1927 599 dogmaticaa
1974 531 2046 584 in-

2190 528 2352 583 ,οιπδν
2410 528 2639 600 ἐρεύνης
2689 528 3056 600 δογματικῆς·
3106 528 3250 583 οὕτω
3301 530 3533 584 κάνθάδε
3581 535 3757 603 φημὶ,

481 618 797 690 dagationis
822 617 1260 688 estaperienda:
1290 619 1369 673 sic
1412 619 1470 673 in
1503 620 1607 674 hac
1632 636 1861 691 quoque
1883 630 2048 691 parte.

2192 616 2309 671 τοῦτ’
2347 617 2515 682 ἔστιν,
2544 620 2601 670 ἐν
2633 620 2753 681 ταῖς
2779 618 2886 671 τῶν
2905 617 3055 688 ἠθῶν
3085 619 3180 672 καὶ
3207 619 3427 690 τρόπων
3451 621 3759 692 ἐπανορθώ-

480 712 536 766 id
563 721 678 775 est,
745 713 800 764 in
841 710 1093 764 moribus
1131 711 1476 782 corrigendis
1509 712 1655 768 haud
1695 713 1777 768 fas
1821 723 1907 768 est
1939 714 2047 768 cui-

2193 725 2304 772 ἐσι,
2326 709 2426 762 οὐκ
2455 709 2522 762 ἂν
2547 709 2631 780 εἴη
2657 710 2767 763 τῶν
2789 711 3155 782 ἐνδεχομένων
3183 711 3345 774 εὐθὺς
3377 712 3760 784 ἀναθρώσκειν

477 819 664 873 quam,
691 804 869 873 primo
900 804 1088 858 statim
1143 803 1351 872 impetu
1397 805 1465 858 ad
1491 813 1697 859 statum
1733 805 1909 875 culpa:
1939 820 2044 859 om-

2195 799 2420 853 ύνασθαί
2464 819 2615 864 τινας
2667 801 2762 854 ἐπὶ
2809 802 2872 855 τὸ
2919 803 3239 874 ἀμωμήτως
3287 802 3430 873 ἔχον,
3467 806 3636 875 ἥγουν
3679 810 3757 871 εἰς

475 894 564 949 nis
579 894 945 964 expertem,id
967 903 1050 949 est
1072 893 1139 948 ad
1164 894 1547 950 admirabilem
1571 902 1736 965 atque
1767 894 2042 949 sublimen

2188 892 2419 962 ’περιρυᾶ
2440 891 2532 944 καὶ
2583 891 2890 963 ὑπέρλοςςον
2926 893 3222 948 πολιτείαν.
3276 896 3551 967 Προσήκοι
3578 899 3623 950 δ’
3663 899 3755 966 ἂν,

473 987 698 1042 vivendi
759 986 1031 1042 rationem
1087 987 1477 1042 conscendere.
1515 987 1822 1042 Procedere
1875 996 2040 1043 tamet

2189 973 2338 1049 ἶμαι,
2364 981 2504 1034 κατά
2529 981 2702 1052 βραχὺ
2735 982 2871 1054 πρὸς
2899 983 2997 1054 τὴν
3025 983 3230 1055 ἀρτίως
3259 984 3489 1054 ἔχουσαν
3517 987 3652 1052 ἕξιν,
3688 993 3756 1044 ἐκ

475 1079 623 1134 idem
661 1087 844 1150 potest
902 1079 1166 1149 paulatim
1207 1079 1275 1134 ad
1308 1079 1559 1134 habitum
1595 1080 1844 1135 numeris
1875 1081 2042 1135 omni-

2188 1070 2375 1142 ιικρῶν
2420 1070 2517 1126 καὶ
2559 1073 2890 1146 συμμέτρων
2937 1073 3278 1146 ἀρξάμενος,
3327 1078 3422 1132 καὶ
3469 1087 3755 1152 μονονουχὶ

475 1170 581 1225 bus
617 1170 956 1235 absolutum,
1015 1169 1062 1224 si
1103 1169 1172 1224 ab
1226 1169 1441 1240 exiguis
1473 1177 1530 1224 et
1558 1168 1936 1224 mediocribus
1967 1168 2042 1222 in-

2189 1165 2562 1237 εροειστρέχων
2591 1166 2843 1239 καθάπερ
2875 1168 2958 1233 είς
3007 1169 3162 1222 πόλιν
3191 1169 3416 1241 μικρὰν,
3461 1173 3555 1225 καὶ
3588 1173 3756 1244 ὅρους

472 1261 704 1332 ceperit,
745 1277 811 1317 ac
832 1260 1239 1331 quodammodo
1271 1276 1597 1332 progressus
1631 1260 1801 1316 fuerit
1836 1259 1904 1314 ad
1941 1260 2039 1314 exi-

2191 1254 2362 1326 ψηλοῦ
2397 1256 2636 1325 γείτονα,
2667 1257 2768 1329 τὴν
2797 1261 2899 1331 τῆς
2926 1258 3205 1328 ὲξαιρέτου
3237 1263 3332 1314 καὶ
3354 1257 3755 1337 ἁνῳκισμένης

473 1369 639 1424 guam
687 1353 973 1409 civitatem
1023 1360 1080 1409 et
1132 1353 1352 1408 excelso
1404 1352 1580 1407 monti
1618 1351 1944 1423 proximam,
1985 1351 2040 1405 ad

2185 1349 2304 1420 ’ωῆς
2321 1350 2744 1423 ὑποκαθημένην
2761 1370 2821 1406 τε
2841 1353 2934 1406 καὶ
2953 1355 3010 1406 ἐν
3026 1354 3202 1424 μείοσι
3220 1357 3516 1414 πολιτείαν.
3536 1361 3752 1434 Ταύτῃ⁴

470 1461 594 1501 eam
634 1462 832 1517 nempe
865 1446 1092 1502 vivendi
1123 1445 1415 1511 rationem,
1451 1461 1573 1516 qum
1602 1445 1728 1500 vitae
1764 1445 2037 1514 praestanti

2182 1459 2235 1495 '0:
2265 1443 2360 1496 καὶ
2381 1443 2409 1496 6
2436 1443 2645 1508 δίκαιος
2668 1443 2813 1509 Λὼτ,
2838 1445 3008 1511 τύπος
3028 1448 3094 1502 ἂν
3127 1447 3215 1518 εἴη
3249 1448 3359 1502 τῶν
3386 1450 3514 1521 τῇδε
3539 1451 3749 1508 διακει-

471 1538 642 1608 atque
690 1538 917 1593 sublimi
988 1538 1236 1610 subjecta
1277 1544 1363 1592 est
1409 1545 1466 1592 et
1513 1535 1760 1591 inferior.
1795 1536 1908 1590 Hac
1961 1551 2038 1590 ra-

2186 1535 2356 1601 ιένων,
2392 1534 2491 1589 οὐκ
2526 1536 2604 1600 εἰς
2637 1537 2698 1590 τὸ
2724 1536 2850 1608 ὅρος
2894 1538 3086 1602 εὐθὺς,
3117 1539 3232 1593 ἀλλ’
3264 1541 3326 1595 ὲν
3367 1541 3521 1596 πόλει
3549 1545 3753 1616 Σηγὼρ

469 1626 623 1682 tione
645 1627 828 1697 justus
875 1626 1000 1692 Lot,
1029 1626 1124 1697 qui
1181 1642 1292 1681 non
1338 1625 1394 1680 in
1426 1635 1668 1681 montem
1708 1626 1913 1689 statim,
1955 1625 2036 1680 sec

2184 1629 2218 1698 ᾖ
2249 1629 2419 1699 μικρᾷ
2439 1669 2453 1692 ,
2478 1628 2805 1682 καταλύσειν
2835 1628 3020 1696 ἀξιῶν.
3054 1632 3125 1684 Ἢ
3153 1631 3263 1704 γὰρ
3287 1633 3408 1704 οὐχὶ
3431 1636 3608 1689 καὶ-ὲν
3632 1640 3751 1704 τοῖς

383 1769 386 1772 .
469 1716 529 1771 ἰη
550 1716 831 1772 civitatem
871 1717 1041 1788 Segor
1069 1719 1321 1788 exiguam
1353 1716 1626 1771 divertere
1651 1724 1709 1770 ut
1732 1717 1838 1770 sibi
1869 1715 1950 1771 lic:

2178 1720 2532 1789 ιὺαγγελικοίς
2595 1720 2916 1794 κηρύγμασι
2979 1723 3236 1787 τοιαύτας
3306 1724 3571 1790 πολλάκις
3642 1729 3745 1792 τὰς

470 1808 633 1878 petit,
662 1823 859 1866 eorum
891 1809 986 1878 qui
1026 1809 1108 1863 sic
1147 1808 1330 1863 affecti
1373 1815 1521 1872 sunt,
1564 1822 1675 1861 non
1704 1807 1948 1863 absurde
1986 1809 2037 1862 ti-

2177 1811 2470 1883 ιίκονομίας
2510 1814 2820 1885 εὑρήσομεν
2850 1815 2910 1869 ὲν
2940 1817 3053 1880 τοῖς
3084 1815 3403 1870 πιστεύουσι
3436 1819 3744 1890 γεγενημέσ

470 1916 608 1971 gura
669 1900 858 1956 fuerit.
908 1901 1106 1956 Annon
1155 1901 1302 1957 enim
1342 1900 1395 1954 in
1439 1901 1556 1972 ipsa
1595 1915 1820 1971 quoque
1875 1901 2037 1957 Evan-

2175 1924 2253 1970 νας
2277 1923 2294 1972 ;
2323 1907 2432 1960 Καὶ
2456 1906 2586 1977 γοῦν
2609 1911 2638 1962 6
2667 1909 2936 1981 μακάριος
2963 1909 3174 1975 Παῦλος
3199 1912 3505 1966 ἐπιστέλλει
3533 1913 3742 1983 λέγωνι⁹

468 1992 598 2062 gelii
637 1993 1066 2062 praedicatione,
1127 1992 1443 2064 hujusmodi
1501 2009 1883 2064 saepenumero
1930 2010 2035 2050 mo-

2213 2000 2392 2055 Καλὸν
2423 2000 2697 2074 ἀνθρώπῳ
2721 2002 2978 2070 γυναικὸς
3006 2002 3081 2073 μὴ
3112 2002 3400 2057 ἅπτεσθαι*
3435 2003 3524 2057 διὰ
3551 2003 3611 2057 δὲ
3643 2005 3746 2067 τάς

467 2085 814 2142 derationem
849 2102 978 2158 erga
1023 2086 1214 2143 fideles
1266 2088 1616 2143 observatam
1659 2104 1780 2144 esse
1820 2105 2034 2160 compe-

2178 2091 2407 2162 πορνείας
2444 2091 2675 2155 ἕκαστος
2721 2092 2822 2162 τὴν
2871 2092 3065 2145 ἑαυτοῦ
3113 2095 3348 2161 γυναῖκα
3404 2093 3598 2163 ἐχέτω,
3646 2094 3745 2147 καὶ

466 2178 710 2235 riemus?
755 2178 957 2234 Beatus
993 2179 1199 2234 Paulus
1246 2187 1395 2235 certe
1439 2179 1495 2233 in
1531 2181 1777 2251 Epistola
1816 2181 2014 2236 scribit

2176 2182 2360 2251 κάστη
2394 2181 2485 2237 τὸν
2513 2182 2642 2235 ῑδιον
2689 2180 2858 2252 ἄνδρα
2895 2181 3087 2251 ἐχέτω.
3120 2179 3288 2233 Τοῦτο
3329 2181 3385 2234 δὲ
3417 2180 3562 2248 λέγω
3597 2181 3743 2234 κατά

473 2289 492 2322 ‹
514 2270 726 2326 Bonum
765 2278 852 2326 est
878 2271 1091 2326 homini
1126 2273 1416 2327 mulierem
1447 2289 1560 2327 non
1611 2281 1836 2344 tangere
1871 2291 1883 2326 :
1917 2291 2040 2344 pro-

2177 2272 2503 2343 ωγγνώμην,
2529 2271 2630 2324 οὐκ
2656 2270 2944 2341 ἐπιταγήν.
2976 2270 3124 2323 Θέλω
3149 2269 3255 2340 γὰρ
3284 2270 3494 2333 πάντας
3528 2269 3744 2341 ἀνθρώ-

465 2368 589 2430 pter
622 2360 1020 2416 fornicationes
1059 2370 1243 2416 autem
1277 2363 1658 2433 unusquisque
1715 2379 1869 2417 suam
1899 2379 2032 2419 uxo-

2173 2380 2285 2426 τους
2310 2360 2451 2415 εἶναι
2479 2362 2555 2426 ὡς
2593 2363 2687 2416 καὶ
2719 2361 2975 2430 ἐμαυτόν.
3025 2361 3164 2414 Ἀλλ’
3197 2360 3426 2424 ἕκαστος
3460 2361 3591 2415 ῐδιον
3623 2361 3740 2433 ἔχει

465 2467 582 2506 rem
621 2452 844 2516 habeat,
895 2461 953 2506 et
987 2468 1329 2522 unaquaeque
1367 2469 1528 2508 suum
1578 2455 1758 2509 virum
1802 2456 2032 2512 habeat:

2175 2454 2392 2526 [ἀρισμα
2429 2457 2494 2508 ἐκ
2533 2455 2689 2518 Θεοῦ,
2731 2455 2759 2507 6
2788 2454 2886 2524 μὲν
2923 2452 3115 2519 οὕτως,
3143 2456 3171 2507 6
3198 2453 3255 2506 δὲ
3285 2452 3478 2515 οὕτως.
3520 2473 3538 2505 ι
3571 2455 3742 2525 Ὁρᾷς

463 2541 570 2597 hoc
599 2551 786 2597 autem
811 2541 936 2598 dico
972 2544 1277 2598 secundum
1319 2544 1743 2616 indulgentiam,
1787 2562 1899 2601 non
1956 2563 2030 2602 se-

2175 2548 2264 2612 rti);
2286 2548 2386 2618 τῆς
2411 2546 2742 2616 ἐγκρατείας
2765 2546 2827 2599 τὸ
2855 2547 2935 2610 εἰς
2962 2546 3100 2615 ἄγαν
3124 2545 3453 2616 ὑπερφερὲς,
3483 2544 3742 2619 καθάπερ

465 2636 709 2691 cundum
740 2637 1057 2708 imperium.
1089 2637 1228 2693 Volo
1256 2638 1405 2692 enim
1451 2654 1643 2695 omnes
1683 2640 1938 2696 homines
1957 2657 2032 2698 es-

2168 2653 2268 2706 ›ρος
2300 2636 2431 2706 ἡμῖν
2459 2633 2705 2698 ὑπέδειξε
2738 2634 2933 2704 λέγων’
2967 2654 2986 2686 ‹
3020 2634 3201 2689 Καλὸν
3235 2634 3507 2704 ἀνθρώπῳ
3537 2653 3735 2703 γυναι-

463 2743 522 2783 se
552 2728 697 2786 sicut
755 2744 844 2784 me
909 2729 1109 2800 ipsum.
1174 2729 1280 2785 Sed
1311 2732 1690 2801 unusquisque
1755 2733 2030 2803 proprium

2180 2727 2238 2790 ὸς
2266 2726 2340 2799 μὴ
2370 2727 2659 2782 ἅπτεσθαι·
2707 2745 2726 2779 ι
2779 2728 2954 2799 ἐφῆκε
3000 2727 3058 2780 δὲ
3107 2729 3260 2798 ἡμᾶς
3299 2727 3603 2782 καταλῦσαι
3654 2730 3745 2793 εἰς

462 2818 636 2877 habet
667 2822 874 2877 donum
899 2837 968 2878 ex
999 2823 1130 2887 Deo,
1167 2823 1308 2878 alius
1337 2823 1562 2895 quidem
1593 2824 1695 2889 sic,
1731 2825 1878 2880 alius
1909 2840 2029 2879 verc

2174 2821 2360 2892 ἰηγὼρ,
2399 2818 2544 2873 τοῦτ’
2592 2819 2763 2885 ἔστιν,
2802 2821 2882 2883 εἰς
2922 2819 3020 2891 τὴν
3063 2819 3487 2892 ὑποκαθημένην
3517 2819 3596 2873 ἔτι
3636 2820 3741 2874 τοῦ

461 2913 544 2968 sic
579 2913 646 2968 “.
678 2933 696 2966 ι
735 2913 902 2969 Vides
930 2922 992 2969 ut
1037 2929 1355 2984 supremum
1407 2915 1763 2970 continentiae
1808 2916 2028 2986 gradum

2174 2912 2360 2976 ελείως
2385 2911 2601 2982 ἔχοντος
2631 2911 2873 2982 ἀγωγὴν,
2902 2911 2962 2965 τό
2999 2929 3058 2965 τε
3095 2910 3295 2977 ἐξεῖναί
3325 2930 3470 2982 φημι
3503 2913 3642 2986 μόνῃ
3667 2915 3741 2984 τῇ

458 2997 630 3061 veluti
665 3015 904 3061 montem
951 3006 1112 3061 nobis
1138 3007 1464 3072 ostenderit,
1523 3007 1736 3072 dicens,
1777 3027 1794 3058 ‹
1822 3007 2025 3062 Bonum

2172 3002 2251 3074 Βία
2279 3002 2689 3073 συμπλέκεσθαι
2713 3001 2934 3071 γυναικί
2951 3019 2966 3066 ;
2994 3000 3106 3072 Τὴν
3131 3001 3188 3055 δὲ
3217 3002 3320 3072 γῆν
3349 3002 3449 3074 τὴν
3475 3002 3739 3074 ἀρίστην,

457 3106 543 3152 est
575 3097 786 3152 homini
809 3097 1096 3152 mulierem
1142 3112 1253 3152 non
1281 3103 1524 3167 tangere,
1553 3117 1571 3148 ι
1603 3098 1916 3168 permiserit
1952 3107 2024 3153 ta-

2174 3061 2388 3165 rapnoi)‘;
2409 3093 2711 3149 ἀποδώσειν
2725 3061 2964 3164 έφασκεν
2987 3096 3015 3148 6
3036 3061 3248 3165 έωτὴρ,
3265 3061 3363 3165 τὴν
3389 3061 3489 3164 μὲν
3512 3061 3741 3157 έκατδν,

457 3205 587 3246 men
616 3190 673 3245 in
697 3189 867 3261 Segor
893 3189 1192 3255 divertere,
1227 3189 1284 3244 id
1319 3198 1426 3254 est,
1482 3189 1540 3242 in
1573 3189 1881 3260 subjectam
1938 3189 2024 3244 ad-

2174 3187 2233 3258 ὴν
2264 3187 2321 3240 δὲ
2350 3187 2644 3259 ἐξήκοντα,
2681 3186 2782 3258 τὴν
2826 3187 2883 3239 δὲ
2919 3187 3236 3258 τριάκοντα.
3280 3187 3514 3240 Διεδίδου
3547 3186 3607 3239 δὲ
3638 3186 3741 3241 καὶ

457 3281 570 3337 huc
599 3281 860 3353 perfecta
899 3282 1096 3337 virtuti
1146 3281 1276 3336 vita:
1304 3280 1597 3345 rationem,
1635 3289 1697 3335 ut
1734 3281 1918 3346 liceat,
1948 3281 2024 3335 in-

2176 3276 2502 3344 ὁτάλαντον,
2535 3279 2635 3332 οὐκ
2678 3280 2735 3332 ὲν
2769 3278 2869 3350 ἴσῳ
2903 3278 3110 3351 μέτρῳ,
3139 3279 3276 3333 ἀλλὰ
3304 3279 3381 3351 τῷ
3413 3279 3514 3351 μὲν
3541 3279 3743 3345 πέντε,

456 3389 646 3443 quam,
669 3389 797 3428 cum
823 3373 939 3428 sola
969 3387 1069 3429 sua
1089 3372 1292 3442 cuique
1315 3386 1485 3426 uxore
1511 3371 1778 3442 copulari.
1807 3370 2023 3426 Terram

2179 3371 2208 3441 ῖ)
2234 3371 2292 3424 δὲ
2323 3370 2437 3436 δύο,
2461 3371 2540 3442 τῷ
2566 3371 2622 3425 δὲ
2651 3371 2728 3426 ἕν’
2756 3371 2837 3433 τὸ,
2865 3365 3044 3442 οἶμαι,
3068 3363 3356 3440 τῶνὲξεων
3384 3373 3746 3438 ἀνισοσθενὲς

455 3478 678 3534 quoque
730 3463 994 3534 optimam
1025 3463 1240 3519 fructus
1288 3462 1520 3517 reddere
1577 3461 1800 3517 dicebat
1843 3459 2022 3516 Salva-

2178 3463 2216 3516 dz
2243 3461 2449 3516 τούτων
2471 3463 2703 3527 δεικνὺς,
2731 3463 2947 3536 ἑκάστῳ
2968 3481 3026 3517 τε
3053 3465 3322 3538 διανέμων
3342 3465 3418 3530 ὡς
3441 3467 3509 3520 ἂν
3535 3468 3745 3541 ἐπιτη-

457 3561 547 3607 ῑοι·
577 3553 646 3619 ⁸³,
689 3554 797 3624 3o
821 3554 964 3607 hanc
991 3552 1216 3622 quidem
1241 3552 1628 3615 centesimum,
1669 3551 1899 3606 alteram
1945 3565 2024 3605 se-

2178 3555 2415 3624 ειότητος
2442 3555 2554 3626 ἔχοι
2582 3559 2676 3610 καὶ
2713 3554 2959 3627 γνώμης.
3003 3556 3092 3621 Ὠς
3115 3559 3224 3632 γὰρ
3262 3558 3474 3630 ἔφαμεν
3499 3560 3745 3631 ἀρτίως,

454 3645 818 3714 xagesimum,
851 3643 1018 3698 aliam
1045 3642 1286 3712 denique
1325 3643 1692 3713 trigesimum.
1743 3642 2021 3698 Distribuit

2195 3646 2464 3711 Ἕκαστος
2497 3647 2625 3701 ἴδιον
2650 3645 2764 3719 ἔχει
2789 3647 3123 3720 χάρισμαοὲκ
3153 3651 3312 3717 Θεοῦ,
3341 3653 3370 3705 6
3401 3652 3500 3724 μὲν
3529 3652 3745 3721 οὕτως,

416 3765 418 3767 ν
456 3735 632 3790 etiam
673 3735 942 3790 talentum
972 3749 1082 3788 non
1111 3749 1267 3802 aequa
1292 3748 1577 3799 mensura,
1607 3732 1704 3788 sed
1749 3734 2035 3805 uniquin-
2135 3735 2166 3788 6
2191 3735 2249 3789 δὲ
2281 3735 2474 3798 οὕτως.
2511 3757 2530 3789 ι

454 3837 586 3892 que,
615 3824 776 3878 alteri
796 3823 926 3888 duo,
946 3823 1040 3878 alii
1072 3838 1244 3877 unum
1269 3823 1334 3876 9°.
1369 3823 1582 3888 Quibus
1630 3825 1897 3894 exemplis
1949 3840 2059 3878 non
2131 3841 2344 3896 :equam
2411 3841 2531 3882 esse
2583 3828 2788 3882 virium
2840 3827 3156 3885 facultatem
3216 3834 3482 3901 ostendit,
3549 3852 3745 3908 seque

454 3918 691 3990 singulis
710 3917 852 3974 dona
870 3934 971 3989 pro
1017 3925 1181 3988 captu
1225 3918 1491 3990 cujusque
1528 3927 1583 3974 et
1625 3918 1911 3974 habilitate
1952 3920 2217 3974 tribuere.
2254 3919 2321 3974 Ut
2350 3920 2498 3973 enim
2547 3921 2710 3977 modo
2750 3922 2992 3978 diximus
3030 3939 3044 3975 :
3085 3941 3103 3975 (
3143 3923 3540 3998 Unusquisque
3584 3948 3745 4002 pro-

453 4008 637 4081 prium
678 4010 846 4065 habet
881 4009 1086 4065 donum
1112 4025 1143 4064 a
1171 4010 1304 4076 Deo,
1330 4027 1474 4068 unus
1495 4012 1718 4083 quidem
1747 4009 1848 4078 sic,
1881 4013 2023 4068 alius
2057 4027 2190 4066 vero
2220 4009 2324 4065 sic.
2361 4029 2379 4059 ι

524 4102 724 4158 PALL.
753 4103 924 4157 Recte
954 4102 1054 4158 ais.

2201 4102 2408 4155 ΠΑΛΛ.
2442 4097 2516 4156 Εὖ
2562 4103 2758 4174 λέγεις.

501 4194 660 4250 CYR.
689 4194 1166 4266 Permittititaque
1192 4197 1387 4255 beatus
1411 4199 1637 4271 angelus
1680 4206 1743 4255 ut
1773 4200 1830 4254 in
1859 4199 2031 4272 Segor

2207 4194 2373 4247 ΚΥΡ.
2417 4195 2632 4266 Ἐφίησι
2660 4197 2758 4267 μὲν
2787 4199 2816 4250 6
2842 4200 3114 4272 μακάριος
3133 4195 3362 4271 ἄγγελος
3388 4207 3747 4267 καταλύσειν

451 4287 709 4343 divertat.
754 4286 936 4342 «Ecce
978 4287 1147 4354 enim,
1179 4308 1196 4339 ι
1238 4289 1438 4360 inquit,
1500 4309 1519 4341 ι
1547 4291 1851 4346 admiratus
1905 4305 2018 4344 sum

2181 4305 2214 4350 ης
2249 4284 2470 4358 Σηγώρ.
2517 4306 2536 4338 ι
2584 4288 2718 4342 Ἰδοὺ
2762 4289 2891 4361 γὰρ,
2938 4309 2956 4342 ι
2996 4293 3181 4363 φησὶν,
3222 4313 3240 4347 ι
3291 4295 3579 4368 ἐθαύμασά
3624 4320 3748 4356 σου

450 4383 647 4437 faciem
679 4391 830 4437 tuam
856 4383 1021 4438 etiam
1051 4384 1107 4438 in
1149 4385 1318 4440 verbo
1381 4387 1506 4454 hoc,
1558 4404 1630 4444 ne
1659 4396 1907 4443 evertam
1948 4385 2017 4440 ci-

2182 4395 2197 4434 )
2235 4381 2524 4452 πρόσωπον
2562 4381 2658 4434 καὶ
2698 4383 2792 4435 ἐπὶ
2815 4382 2895 4454 τῷ
2941 4385 3146 4456 ῥήματι
3175 4386 3350 4458 τούτῳ
3375 4389 3469 4442 τοῦ
3502 4392 3577 4463 μὴ
3619 4411 3749 4449 κα..

449 4474 700 4539 vitatem,
735 4475 803 4528 de
826 4491 932 4544 qua
965 4476 1183 4532 locutus
1212 4492 1291 4533 es.
1321 4479 1543 4540 Festina
1597 4481 1782 4551 igitur,
1815 4488 1874 4533 ut
1916 4477 2016 4532 sal-

2182 4471 2433 4542 ιστρέψαι
2479 4472 2577 4543 τὴν
2625 4473 2802 4541 πόλιν,
2839 4477 2968 4546 περί
3010 4471 3078 4549 ἦς
3122 4477 3413 4550 ἐλάλησας.
3467 4484 3749 4542 Σπεῦσον

452 4564 597 4619 veris
620 4563 718 4618 ibi.
756 4583 774 4615 ι
813 4563 1022 4618 Deinde
1063 4565 1264 4635 inquit,
1303 4586 1321 4618 ι
1344 4566 1436 4621 Sol
1461 4583 1720 4638 egressus
1747 4577 1831 4622 est
1857 4579 2019 4638 super

2180 4562 2221 4619 iv
2251 4565 2347 4618 τοῦ
2383 4565 2621 4636 σωθῆναι
2645 4568 2782 4622 ἐκεῖ.
2826 4587 2844 4618 ι
2881 4565 3016 4622 Εἶτά
3058 4587 3245 4640 φησιν,
3284 4573 3365 4625 ὅτι
3401 4591 3420 4624 ι
3471 4575 3529 4628 '0
3563 4576 3747 4646 ἥλιος

448 4665 678 4722 terram,
731 4666 788 4712 et
841 4656 945 4711 Lot
987 4657 1272 4729 ingressus
1328 4668 1414 4715 est
1465 4659 1654 4730 Segor.
1707 4679 1725 4710 ι
1761 4659 1873 4715 Nec
1917 4661 2015 4714 mi-

2174 4656 2350 4728 ξῆλθεν
2385 4658 2479 4710 ἐπὶ
2505 4657 2605 4728 τὴν
2635 4659 2760 4727 γῆν,
2791 4660 2886 4713 καὶ
2905 4659 3028 4714 Λὼτ
3059 4661 3310 4733 εἰσῆλθεν
3329 4665 3409 4726 εἰς
3439 4665 3676 4738 Σηγώρο
3715 4692 3741 4722 ³

446 4766 552 4805 nus
586 4750 877 4816 mirabere,
909 4751 1136 4817 Palladi,
1178 4752 1275 4807 ubi
1325 4753 1595 4807 didiceris
1641 4767 1766 4822 quae
1819 4752 1892 4808 sit
1921 4753 2013 4807 ho-

2180 4750 2448 4819 κωμάσαις
2486 4749 2530 4802 δ’
2573 4749 2658 4813 ἂν,
2702 4747 2748 4804 ὧ
2793 4752 2998 4822 ἑταῖρε,
3030 4753 3114 4816 τίς
3148 4753 3215 4806 ἂν
3256 4754 3465 4822 γένοιτο
3520 4759 3747 4828 μαθὼν

446 4858 569 4897 rum
590 4843 887 4898 verborum
914 4844 1206 4908 sententia,
1235 4862 1254 4895 ι
1281 4842 1598 4897 Admiratus
1637 4858 1759 4896 sum
1785 4842 1958 4908 enim,
1998 4861 2013 4892 ι

2178 4841 2223 4892 ιὶ
2255 4840 2460 4894 τούτων
2488 4841 2516 4892 6
2560 4841 2706 4907 νοῦς,
2758 4861 2777 4893 ι
2832 4841 3155 4915 Ἐθαύμασα
3180 4847 3288 4918 γάρ
3323 4863 3438 4912 σου,
3485 4867 3506 4901 ι
3555 4856 3745 4923 φησὶ,

445 4935 647 5005 inquit,
685 4955 702 4986 ‹
751 4935 948 4991 faciem
992 4943 1162 5000 tuam,
1198 4950 1269 4989 ne
1304 4942 1548 4988 evertam
1599 4934 1898 4999 civitatem,
1943 4935 2012 4990 de

2185 4932 2245 4986 τὸ
2285 4933 2577 5004 πρόσωπόν
2610 4951 2702 4987 σου
2732 4935 2827 4988 τοῦ
2863 4937 2936 5007 μὴ
2974 4939 3352 5011 καταστρέψαι
3377 4941 3479 5012 τὴν
3526 4944 3744 5015 πόλιν,

442 5042 550 5096 qua
581 5025 803 5083 locutus
839 5043 951 5082 es.»
980 5026 1183 5082 Odiosa
1229 5024 1379 5078 enim
1416 5039 1612 5078 revera
1645 5025 1756 5078 Deo
1790 5037 1875 5080 est
1926 5027 2009 5082 illa

2176 5024 2257 5095 ερὶ
2285 5020 2353 5096 ἦς
2393 5025 2678 5096 ἐλάλησας.
2719 5046 2737 5079 ι
2777 5028 3121 5100 Ἀνεθέλητος
3157 5031 3256 5101 μὲν
3291 5032 3400 5102 γὰρ
3429 5033 3509 5104 τῷ
3561 5037 3743 5112 Θεῷ,

443 5117 570 5172 vitae
603 5118 762 5182 ratio,
789 5134 912 5188 quae
934 5133 993 5172 se
1017 5133 1130 5171 non
1174 5115 1413 5186 perfecte
1449 5114 1517 5168 ad
1564 5115 1825 5170 virtutem
1871 5133 2010 5172 com-

2182 5114 2270 5168 ιτὰ
2298 5114 2360 5168 τὸ
2393 5115 2614 5186 ἀληθὲς,
2643 5117 2676 5186 ἡ
2702 5115 2926 5182 τελείως
2957 5121 3057 5173 οὐκ
3088 5120 3286 5190 ἔχουσα
3322 5123 3461 5193 πρὸς
3503 5125 3749 5202 ἀρετὴν

442 5211 599 5282 ponit
627 5229 642 5277 ;
666 5212 844 5266 ethoc
873 5211 1053 5277 ipsum
1075 5209 1160 5261 vel
1196 5207 1425 5260 minima
1448 5222 1516 5260 ex
1549 5216 1705 5276 parte
1729 5208 1880 5264 vitiis
1897 5227 2009 5266 suc-

2183 5206 2391 5271 )λιτεία,
2423 5208 2516 5260 καὶ
2550 5207 2614 5260 τὸ
2641 5208 2782 5263 κατά
2810 5227 2861 5262 τι
2913 5210 3043 5276 γοῦν
3075 5212 3339 5282 ἡττᾶσθαι
3363 5214 3476 5270 τῶν
3518 5221 3750 5278 παθῶν

441 5304 726 5363 cumbere,
764 5300 842 5354 illi
871 5298 1244 5367 respuendum
1282 5299 1523 5366 videtur,
1556 5310 1613 5355 et
1643 5319 1753 5359 non
1806 5306 1964 5379 longe
1989 5325 2008 5362 a

2176 5297 2434 5370 πὸὄλητόν
2473 5315 2532 5351 τε
2587 5299 2737 5368 αὐτῷ
2779 5300 2875 5353 καὶ
2929 5304 3307 5374 κατακρίσεως
3338 5307 3398 5359 ού
3461 5314 3743 5382 μακράν.

441 5389 901 5448 condemnatione
945 5385 1119 5440 abest.
1147 5385 1419 5444 Caeterum
1460 5390 1705 5464 indulget
1736 5410 1833 5452 sua
1861 5397 2008 5453 beni-

2180 5393 2274 5464 λὴν
2304 5392 2519 5462 ἐφίησιν
2545 5393 2609 5445 ἐκ
2643 5392 3073 5464 φιλανθρωπίας,
3103 5397 3198 5450 καὶ
3219 5403 3633 5473 συμμετρήσας
3660 5415 3747 5485 τῇ

441 5480 670 5550 gnitate,
718 5483 776 5529 et
820 5472 1102 5527 initiorum
1154 5474 1493 5548 facultatem,
1549 5489 1758 5539 natura:
1801 5485 2008 5542 viribus

2184 5486 2285 5538 ὃσει
2316 5485 2377 5538 τὸ
2411 5487 2469 5540 ὲν
2496 5485 2692 5556 ἀρχαῖς
2721 5485 2966 5553 ἐφικτὸν,
3013 5485 3284 5551 σώζεσθαι
3319 5470 3557 5566 κελεύει,

542 5652 586 5684 ⁸⁷
620 5650 819 5721 EphCS-
850 5667 922 5720 ιγ,
960 5652 1040 5708 15-
1141 5661 1184 5694 ⁸⁸
1219 5662 1388 5721 lCor.
1427 5683 1520 5736 vn,
1572 5667 1617 5737 l,
1653 5670 1705 5741 2,
1741 5672 1792 5741 6,
1823 5673 1872 5727 7.
1977 5673 2020 5705 ⁸⁸
2055 5673 2109 5729 Μη

1653 5670 1705 5741 2,
1741 5672 1792 5741 6,
1823 5673 1872 5727 7.
1977 5673 2020 5705 ⁸⁸
2055 5673 2246 5729 Matth.
2281 5689 2392 5743 xm,
2447 5676 2536 5731 23.
2650 5677 2696 5710 '°
2723 5675 2912 5731 Matth.
2955 5691 3080 5744 xxv,
3136 5677 3219 5733 l5.
