3968 6300
1246 130 1286 137 κ

253 289 355 344 ΐ8ῐ

998 295 1085 350 DE
1127 295 1566 353 ADORATIONE
1605 297 1673 352 IN
1713 296 1986 388 SPIRITU
2024 297 2112 352 ET
2152 297 2520 354 VERITATE.
2563 300 2689 354 LIB.
2729 301 2769 355 l.

3405 305 3506 361 18‘}

256 398 596 472 μελετῶντας
641 400 718 455 ἔτι
762 403 824 457 rb
859 405 1064 475 ἀγαθὸν
1086 447 1102 473 ,
1147 408 1305 464 οὓπω
1341 427 1401 464 τε
1447 410 1546 482 τὴν
1587 393 1826 466 ὑπαίτιον

1936 411 2246 476 dimetitus,
2274 411 2471 466 salvari
2509 412 2668 484 jubet
2692 427 2789 467 eos
2819 428 3062 484 quoque,
3090 413 3185 485 qui
3232 413 3506 470 meditan-

254 491 446 564 κομιδῇ
500 492 906 566 διαστείχοντας
941 498 1189 571 ἀγωγήν.
1229 501 1389 555 Ἀλλά
1428 502 1523 556 καὶ
1570 506 1682 566 τοῖς
1750 505 1829 566 εἰς

255 583 408 637 τοῦτο
440 585 637 656 ἥκουσι
667 587 902 659 μέτρων,
921 589 1016 644 καὶ
1033 592 1114 655 εἰς
1128 592 1355 664 ταυτηνί
1377 609 1436 646 τε
1460 594 1829 648 εἰσελαύνουσι

254 675 348 746 τὴν
383 677 743 742 κατάστασιν,
771 681 830 733 οὐ
863 681 986 752 δίχα
1026 683 1205 751 φωτὸς
1227 683 1322 737 τοῦ
1351 683 1497 737 θείου
1527 684 1622 738 καὶ.
1641 684 1830 756 δᾳδου-

253 766 373 838 χίας
410 769 512 839 τῆς
547 769 815 842 ἀνωθενὴ
852 773 1113 846 εἰσδρομὴ
1145 774 1343 843 γένοιτ’
1382 775 1466 830 ἀν.
1504 793 1523 826 ι
1568 777 1829 831 Ἀνέτειλε

252 860 380 933 γὰρ,
415 879 434 912 ι
469 863 656 933 φησὶν,
693 882 712 916 ι
749 865 779 919 ό
806 865 959 936 ἣλιος
1000 867 1097 921 καὶ⁵
1148 867 1272 922 Λὼτ
1315 868 1565 940 εἰσῆλθεν
1603 869 1684 932 εἰς
1723 870 1830 940 Ση-

250 950 386 1023 γώρ.
434 971 457 1006 ι

319 1131 530 1186 ΠΑΛΛ.
575 1132 664 1196 Ὠς
691 1134 904 1205 σφόδρα
925 1151 989 1204 γε
1033 1135 1101 1190 τά
1125 1136 1311 1190 εἰκότα
1341 1135 1512 1206 ἔφηςι

319 1222 486 1278 ΚΥΡ.
545 1225 603 1278 '0
632 1225 732 1295 μὲν
765 1221 858 1292 οὖν
891 1225 1177 1291 θεσπέσιος
1204 1226 1328 1282 Λὼτ
1368 1229 1448 1290 εἰς
1482 1226 1582 1298 τὴν
1632 1225 1710 1280 ἔτι
1742 1244 1830 1297 μι-

245 1313 389 1384 κρὰν
422 1315 624 1370 εἰσέθει
659 1317 836 1384 πόλιν,
886 1319 1132 1388 ἐφιέντος
1165 1320 1314 1393 αὐτῷ
1341 1319 1630 1374 τοῦςΘεοῦο
1677 1321 1832 1391 ⁴ἰιλέγ-

244 1421 373 1474 χετο
403 1405 464 1459 δὲ
497 1407 593 1460 καὶ
621 1407 758 1479 πρὸς
784 1407 945 1462 τοῦτο
979 1409 1214 1481 ἀσθενὴς
1255 1413 1290 1482 ή
1319 1411 1562 1482 ἑπομένη
1590 1428 1648 1465 τε
1680 1409 1830 1479 αὐτῷ

250 1493 349 1547 καὶ
382 1495 750 1552 συνεκθέουσα
799 1499 957 1570 γυνή.
990 1517 1010 1550 ι
1057 1498 1356 1571 Ἐπέϐλεψε
1400 1501 1531 1573 γὰρ,
1576 1519 1595 1554 ι
1641 1502 1825 1572 φησὶν,

247 1601 270 1634 ι
309 1586 393 1648 εἰς
429 1584 500 1639 τά
545 1587 741 1654 όπίσω,
790 1589 884 1642 καὶ
930 1589 1150 1658 ἐγένετο
1180 1592 1353 1662 στήλη
1394 1592 1539 1658 ἀλός.
1577 1611 1596 1645 ι
1630 1592 1739 1647 Θέα
1770 1593 1828 1646 δὲ

238 1676 326 1727 ὃτι
350 1676 479 1740 νοῦς
507 1678 608 1748 μὲν
634 1681 663 1732 ό
684 1679 930 1751 ἀνδρεῖος
955 1683 1050 1735 καὶ
1070 1682 1326 1754 φρόνημα
1347 1684 1408 1737 rb
1433 1684 1700 1750 νεανικὸν,
1723 1683 1828 1737 κᾶν

1933 511 2024 558 tur
2054 503 2320 558 virtutem
2367 502 2568 569 adhuc,
2605 517 2718 557 non
2763 509 2944 558 tamen
2988 519 3088 574 per
3119 521 3239 560 eam
3281 506 3504 562 vivendi

1931 593 2077 648 viam
2113 593 2421 657 ambulant,
2452 609 2575 663 qua:
2601 608 2632 646 a
2662 592 2824 662 culpa
2853 592 3015 663 longe
3047 605 3255 650 remota
3289 595 3506 652 sit.Sed

1933 685 2002 739 iis
2015 700 2256 755 quoque,
2293 684 2389 755 qui
2411 685 2480 739 ad
2510 685 2892 741 huncvirtutis
2915 685 3145 756 gradum
3169 688 3419 754 tendunt,
3449 695 3508 744 et

1932 775 2000 830 ad
2023 775 2356 846 hujusmodi
2373 783 2575 831 statum
2604 775 3005 846 provehuntur,
3032 789 3143 829 non
3167 774 3284 829 sine
3317 777 3508 832 divino
3605 780 3614 788 '

1931 867 2162 933 lumine,
2197 881 2561 938 superuaeque
2613 869 2878 939 lampadis
2918 867 3124 938 praevio
3148 866 3394 938 fulgore,
3441 883 3510 924 eo

1932 957 2144 1027 ingredi
2185 957 2476 1028 contingit.
2519 976 2536 1010 ι
2563 956 2732 1013 Ortus
2768 965 2851 1013 est
2883 957 3054 1021 enim,
3086 974 3104 1008 ι
3135 957 3334 1029 inquit,
3367 957 3508 1025 «sol,

1931 1057 1989 1103 et
2010 1047 2114 1102 Lot
2143 1048 2425 1118 ingressus
2455 1056 2542 1102 cst
2573 1046 2766 1118 Segor.
2800 1066 2818 1098 ι
3395 1042 3400 1046 ’

2002 1138 2202 1194 PALL.
2237 1138 2410 1204 Quam
2449 1154 2534 1203 ea,
2572 1155 2694 1209 quae
2719 1139 2927 1204 dixisti,
2955 1138 3258 1209 quadram!

2000 1229 2158 1285 (ΠΒ.
2196 1229 2394 1284 Beatus
2420 1230 2588 1301 igitur
2611 1230 2713 1286 Lot
2769 1231 2826 1284 in
2871 1230 3126 1301 exiguam
3158 1231 3342 1286 adhuc
3368 1231 3509 1287 εἰνὶ⁴

1931 1330 2125 1387 tatem,
2159 1322 2271 1376 Deo
2319 1323 2709 1392 permittente,
2752 1331 2838 1378 est
2871 1323 3190 1394 ingressus:
3244 1323 3339 1379 sed
3388 1339 3511 1394 qua:

1928 1428 2056 1468 eum
2099 1412 2486 1478 comitabatur,
2530 1429 2748 1485 unaque
2799 1414 3044 1486 fugiebat
3083 1431 3243 1482 uxor,
3295 1416 3363 1471 ad
3406 1417 3511 1472 hoc

1928 1519 2150 1575 quoque
2203 1505 2422 1560 inﬁrma
2468 1521 2590 1562 esse
2646 1507 2990 1577 deprehensa
3049 1517 3153 1564 est.
3229 1528 3247 1560 ‹
3284 1508 3512 1580 ASpexit

1927 1595 2100 1660 enim,
2126 1614 2144 1647 ι
2175 1595 2375 1666 inquit,
2426 1615 2442 1647 ι
2471 1606 2642 1663 retro,
2687 1598 2820 1654 etin
2848 1598 2980 1654 salis
3003 1605 3239 1654 statuam
3264 1609 3349 1655 est
3374 1617 3508 1654 con-

1927 1701 2085 1741 versa
2117 1688 2184 1740 ".
2257 1708 2275 1739 ι
2314 1688 2704 1746 Animadverte
2753 1690 2924 1761 igitur
2979 1691 3224 1746 animum
3293 1691 3507 1746 virilem

237 1767 293 1818 εἰ
336 1768 414 1840 μὴ
446 1770 672 1834 τελείως
699 1771 981 1842 ἀφικνοῖτο
1008 1774 1170 1845 τυχὸν
1202 1777 1283 1839 εἰς
1311 1775 1373 1829 rb
1410 1775 1644 1848 ἀρέσκον
1685 1774 1826 1846 Θεῷ,

1930 1786 2330 1849 strenuumque
2365 1796 2609 1847 sensum,
2643 1797 2768 1837 cum
2806 1782 3071 1837 virtutem
3115 1798 3370 1839 exercere
3393 1799 3507 1839 (ἴω-

237 1859 553 1930 κατορθοῦν
570 1863 847 1934 ἠργμένος
866 1865 965 1936 τὴν
985 1866 1208 1938 ἀρετὴν,
1231 1867 1347 1922 ἀλλ’
1371 1862 1464 1921 οὐν
1481 1868 1624 1934 ἕξεις
1641 1867 1828 1922 παθῶν

235 1956 480 2008 ποιεῖται
523 1957 668 2012 κατὰ
710 1957 881 2032 βραχὺ
926 1959 1062 2030 πρὸς
1089 1960 1152 2013 τὸ
1179 1961 1482 2032 ἀμεινόνως
1507 1959 1652 2031 ἕχον.
1691 1961 1750 2014 ’0
1774 1959 1830 2013 δὲ

235 2045 481 2117 ἀσθενής
505 2065 566 2101 τε
591 2049 686 2103 καὶ
713 2049 994 2120 ἄνανδρος,
1015 2045 1077 2106 οὐ
1107 2054 1334 2123 σημεῖον
1364 2054 1391 2122 ἡ
1420 2051 1579 2123 γυνὴ,
1600 2054 1719 2114 ταῖς
1749 2052 1831 2114 είς

235 2137 558 2209 φαυλότητα
581 2144 971 2213 μετατροπαῖς,
1004 2143 1319 2214 ἀχρειοῦται
1342 2143 1641 2208 παντελῶς.
1669 2144 1829 2198 Τουτὶ

236 2229 350 2302 γὰρ
389 2226 549 2302 οἶμαι
580 2232 775 2302 δηλοῦν
803 2234 864 2287 τὸ
890 2234 1145 2302 γενέσθαι
1173 2237 1344 2308 στήλη
1392 2235 1518 2300 ἀλός
1537 2252 1550 2267 ⁸
1600 2237 1738 2307 ὅπερ
1763 2235 1837 2289 ἃν·-

237 2323 328 2394 εῖη
371 2325 642 2396 σύμϐολον
671 2328 1159 2401 ἀπομαρανθείσης
1190 2331 1404 2402 φρενὸς,
1441 2332 1532 2384 καὶ
1557 2330 1648 2384 νοῦ
1692 2331 1828 2402 πρὸς

236 2415 563 2488 ἠλιθιότητα
617 2421 950 2490 μεταφοιτᾷν
988 2421 1266 2491 κειμένου,
1320 2421 1416 2475 καὶ
1464 2422 1544 2485 εἰς
1592 2422 1828 2492 ἐσχάτην

236 2506 342 2577 ἤδη
372 2524 490 2566 πως
517 2507 873 2578 ἀναισθησίαν
903 2508 1228 2579 ὲληλακότος
1263 2510 1362 2579 (l).
1405 2509 1828 2581 Ἀπομωρανθὲν

235 2597 298 2651 δὲ
322 2597 385 2650 rb
410 2597 566 2663 ἃλας,
594 2601 674 2662 εἰς
698 2599 850 2652 οὐδὲν
879 2599 1123 2670 ἰσχύσειν
1153 2600 1256 2665 ἔτι,
1287 2601 1380 2656 καὶ
1406 2601 1566 2665 αὐτὸς
1588 2601 1826 2672 ἔφασκεν

236 2690 264 2740 ὁ
281 2688 480 2759 Σωτήρ
502 2706 514 2719 ο
528 2688 867 2760 ἀχρειωθήσε
876 2689 1001 2744 σθαι
1019 2690 1077 2744 δὲ
1091 2690 1388 2757 παντελῶς,
1413 2690 1516 2756 ἔξω
1533 2709 1592 2745 τε
1611 2709 1680 2745 πε
1687 2692 1826 2763 μπό-

241 2796 430 2848 μενον,
463 2781 560 2834 καὶ
583 2780 690 2834 ὑπὸ
721 2781 887 2843 πόδας
911 2780 1215 2852 ἀνθρώπων
1247 2784 1655 2855 διεῤῥιμμένον.
1700 2784 1826 2837 ’Δπο

237 2872 491 2928 ελιθοῦτο
507 2873 602 2944 μὲν
618 2868 711 2928 οὖν
735 2876 768 2945 ἡ
789 2873 948 2946 γυνὴ,
968 2874 1279 2946 προσετίθει
1295 2875 1352 2929 δὲ
1373 2876 1475 2930 οὐκ
1497 2877 1578 2940 εἰς
1606 2875 1824 2948 μακρὰν

240 2966 303 3018 rb
331 2967 520 3018 λεῖπον
554 2966 583 3018 ὁ
611 2963 753 3019 Λώτ.
785 2964 1106 3036 Γέγραπται
1137 2965 1269 3037 γὰρ,
1297 2967 1380 3020 ὅτι
1419 2986 1437 3019 ι
1475 2967 1663 3038 ’Δνέϐη
1701 2965 1823 3020 Λὼτ

239 3055 305 3108 ix
336 3053 559 3128 Σηγὼρ,
602 3055 696 3108 καὶ
726 3055 962 3125 ἐκάθητο
989 3055 1047 3107 ὲν
1093 3055 1171 3126 τῷ
1202 3055 1342 3128 ὄρει,
1397 3056 1559 3120 αὐτὸς
1620 3058 1717 3110 κα)⁸
1765 3057 1823 3109 αἱ

237 3145 330 3201 δύο
364 3146 669 3217 θυγατέρες
694 3144 862 3200 αὐτοῦ
909 3146 1025 3216 μετ’
1069 3145 1254 3201 αὐτοῦ.
1299 3147 1675 3220 Ἐφοϐήθησαν
1718 3148 1824 3219 γὰρ

238 3240 572 3311 κατοικῆσαι
601 3240 660 3292 έν
693 3240 912 3312 Σηγὼρ,
952 3241 1046 3294 καὶ
1072 3241 1296 3312 ᾤκησαν
1342 3241 1400 3292 ὲν
1435 3239 1514 3310 τῷ
1547 3239 1820 3311 σπηλαίῳ,

239 3333 403 3395 αὐτὸς
461 3331 559 3385 καὶ
609 3334 663 3385 αἰ
717 3331 810 3385 δύο
855 3332 1150 3403 θυγατέρες
1188 3330 1354 3385 αὐτοῦ
1403 3331 1520 3402 μετ’
1573 3331 1759 3386 αὐτοῦ.
1802 3352 1822 3384 ι

241 3419 466 3489 Πρόεισι
521 3419 630 3492 γάρ
667 3419 858 3495 ῶσπερ
897 3419 964 3475 δι’
1015 3420 1349 3493 ἀναϐαθμῶν
1389 3421 1418 3474 ὁ
1448 3421 1574 3488 νοῦς
1625 3422 1720 3475 ἐπὶ
1764 3422 1826 3475 rb

240 3513 361 3583 ἕχον
411 3512 656 3584 ἀρτίως,
707 3513 802 3568 καὶ
868 3513 1212 3591 ἀναθρῴσκει
1261 3514 1403 3568 κατά
1461 3515 1634 3587 βραχὺ
1689 3514 1825 3586 πρὸς

241 3606 380 3675 ὅπερ
413 3601 483 3677 ἦν
520 3609 577 3659 έν
622 3607 837 3678 ἀρχαῖς,
875 3607 976 3660 οὐκ
1014 3607 1334 3678 ἐπιτηδείως
1364 3606 1503 3678 ἔχων
1551 3606 1675 3660 οὔτε
1705 3605 1827 3659 λίαν

245 3698 468 3762 ἱκανῶς.
494 3698 719 3769 Πρόεισί
759 3716 819 3752 τε
858 3700 952 3752 καὶ
989 3700 1256 3770 ἀναφοιτᾷ
1306 3700 1442 3770 πρὸς
1481 3699 1544 3753 rb
1581 3699 1826 3770 ἄμεινον,

244 3793 508 3861 φρονήσει
553 3808 613 3844 τε
659 3793 751 3846 καὶ
800 3791 1023 3863 ἀνδρείᾳ
1068 3794 1136 3864 τῇ
1185 3795 1528 3864 πνευματικῇ
1574 3792 1826 3864 καθάπερ

242 3883 382 3936 τισὶν
417 3883 578 3947 ἰδίαις
620 3883 952 3956 θυγατράσιν
997 3884 1492 3955 ἐπισκηπτόμενος,
1534 3885 1628 3939 καὶ
1676 3884 1827 3938 κάτω

246 3992 346 4030 που
379 3977 566 4046 μένειν
605 3977 768 4046 ἀφεὶς
799 3978 860 4032 rb
897 3977 1172 4049 ήδυπαθές
1205 3995 1266 4030 τε
1301 3979 1398 4031 καὶ
1437 3977 1717 4050 ἄνανδρον,
1751 3972 1827 4033 ὧν

246 4071 325 4133 είς
354 4070 526 4126 τύπον
566 4072 602 4142 ή
635 4071 796 4140 γυνή.
843 4072 1109 4124 Κατοικεί
1139 4069 1196 4122 δὲ
1242 4069 1428 4124 λοιπὸν
1473 4070 1726 4142 καθάπερ
1768 4074 1826 4125 ὲν

245 4161 360 4232 δρει
388 4179 447 4216 τε
469 4162 564 4216 καὶ
588 4163 644 4214 έν
665 4161 932 4232 σπηλαίῳ
959 4161 1053 4214 τοῦ
1090 4161 1188 4231 μὲν
1202 4160 1363 4232 ὄρους
1383 4163 1518 4231 ἡμῖν
1539 4161 1600 4214 rb
1623 4161 1827 4231 ὑψηλόν

243 4270 302 4306 τε
333 4254 430 4307 καὶ
461 4253 774 4324 ἐπηρμένον
802 4255 882 4316 εἰς
929 4253 1143 4319 εὐεξίαν
1172 4252 1270 4323 τὴν
1305 4253 1702 4322 πνευματικὴν,
1732 4253 1824 4307 τοῦ

245 4345 301 4399 δὲ
335 4345 628 4415 σπηλαίου,
656 4345 718 4398 rb
748 4345 996 4416 πεπηγὸς
1039 4345 1133 4398 καὶ
1163 4345 1372 4416 ἑδραῖον
1393 4344 1494 4414 τῆς
1521 4345 1600 4407 είς
1625 4345 1826 4415 ἀρετὴν

1930 1865 2097 1939 perit,
2121 1866 2288 1921 etiam
2317 1867 2363 1922 si
2385 1868 2455 1922 ad
2491 1869 2567 1933 id,
2604 1870 2753 1939 quod
2784 1871 2897 1926 Deo
2941 1871 3140 1941 placet,
3168 1871 3352 1926 minus
3379 1887 3506 1942 pcr-

1930 1959 2103 2023 venit,
2135 1967 2316 2015 tamen
2350 1961 2620 2016 excedere
2657 1977 2689 2016 e
2716 1962 2872 2018 vitiis
2930 1972 3102 2028 certe,
3138 1971 3196 2017 et
3244 1963 3508 2033 paulatim

1930 2049 1998 2104 ad
2033 2051 2416 2120 praestantiora
2443 2053 2701 2124 progredi
2726 2053 2998 2108 :atillum
3024 2053 3300 2108 inﬁrmum
3323 2062 3378 2108 et
3408 2069 3512 2124 ra-

1931 2155 2056 2193 rum
2090 2140 2330 2206 virilem,
2369 2143 2526 2213 cujus
2557 2141 2727 2213 ﬁgura
2771 2151 2856 2198 est
2902 2141 3104 2197 mulier
3135 2142 3264 2196 dum
3309 2141 3376 2196 ad
3407 2156 3508 2196 ne-

1931 2232 2167 2301 quitiam
2223 2234 2592 2298 convertitur,
2658 2233 2778 2288 ﬁeri
2839 2249 3069 2304 prorsus
3120 2233 3371 2288 inutilem
3405 2250 3419 2287 :
3452 2231 3509 2288 id

1929 2324 2077 2379 enim
2113 2325 2429 2396 signiﬁcare
2463 2325 2712 2380 arbitror
2755 2325 2876 2381 ﬁeri
2905 2335 3140 2382 statuam
3176 2327 3326 2392 salis,
3360 2327 3508 2396 quod

1929 2428 2040 2468 non
2072 2413 2314 2468 absurde
2343 2414 2651 2485 symbolum
2683 2414 2854 2470 fuerit
2885 2415 3165 2471 iufatuatzc
3200 2417 3423 2481 mentis,
3449 2425 3516 2472 et

1928 2503 2122 2568 animi,
2147 2505 2242 2574 qui
2268 2504 2335 2559 ad
2362 2505 2651 2560 stultitiam
2694 2507 2930 2562 transire
2962 2507 3216 2573 voluerit,
3247 2516 3410 2578 atque
3440 2508 3508 2564 ad

1926 2602 2243 2650 extremum
2272 2596 2385 2666 jam
2419 2605 2702 2667 stuporem
2731 2597 3066 2667 pervenerit.
3090 2597 3194 2669 31
3231 2597 3322 2654 Sal
3345 2599 3501 2654 enim

1928 2687 2254 2743 iufatuatum
2307 2688 2375 2744 ad
2424 2688 2665 2743 nihilum
2715 2689 2860 2743 ultra
2911 2689 3120 2755 valere,
3166 2689 3334 2745 etiam
3391 2691 3509 2762 ipse

1929 2776 2179 2834 Salvator
2211 2779 2439 2844 ait;sed
2458 2779 2684 2850 penitus
2716 2779 2913 2836 inutile
2941 2780 3061 2836 ﬁeri
3084 2780 3232 2836 foras
3252 2781 3504 2847 missum,

1926 2879 1984 2926 et
2004 2872 2109 2927 sub
2147 2873 2385 2943 pedibus
2416 2875 2703 2930 hominum
2730 2877 3114 2933 conculcatum
3141 2878 3208 2932 ’⁸.
3245 2877 3384 2934 Cum
3407 2879 3512 2935 ita-

1925 2978 2034 3034 quc
2070 2964 2266 3020 mulier
2313 2964 2368 3019 in
2417 2965 2656 3036 lapidem
2715 2966 2913 3023 durata
2964 2977 3127 3035 esset,
3181 2985 3291 3025 non
3332 2971 3508 3026 multo

1925 3062 2050 3123 post
2082 3055 2204 3121 Lot,
2233 3056 2383 3126 quod
2409 3057 2620 3122 deerat,
2650 3057 2871 3129 adjecit.
2907 3058 3184 3130 Scriptum
3211 3068 3298 3116 est
3335 3061 3506 3117 enim:

1936 3163 1953 3195 ι
1984 3144 2245 3201 Ascendit
2275 3147 2378 3202 Lot
2404 3163 2471 3202 ex
2494 3149 2682 3220 Segor,
2709 3157 2766 3204 et
2798 3150 2947 3205 sedit
2979 3151 3035 3204 in
3069 3159 3277 3217 monte,
3305 3151 3421 3222 ipse
3452 3163 3510 3208 et

1927 3235 2050 3291 duae
2077 3237 2204 3292 ﬁliae
2242 3239 2362 3309 ejus
2415 3255 2542 3294 cum
2583 3256 2670 3296 eo.
2709 3241 3038 3296 Timuerant
3068 3241 3216 3296 enim
3259 3241 3507 3298 habitare

1929 3326 1984 3380 in
2018 3326 2208 3398 Segor,
2234 3336 2294 3382 et
2322 3329 2715 3386 habitaverunt
2745 3331 2799 3384 in
2822 3331 3084 3400 spelunca
3114 3331 3253 3401 ipse,
3305 3340 3363 3387 et
3385 3332 3506 3391 dua:

1928 3416 2052 3472 ﬁliae
2089 3419 2211 3488 ejus
2241 3435 2364 3473 cum
2396 3435 2462 3474 eo
2491 3421 2558 3474 ".
2581 3441 2598 3471 ι
2632 3421 2864 3476 Animus
2889 3421 3039 3477 enim
3074 3423 3226 3476 velut
3253 3439 3354 3493 per
3389 3441 3512 3495 gra-

1928 3507 2032 3562 dus
2062 3510 2414 3580 progreditur
2453 3511 2520 3566 ad
2572 3511 2972 3582 perfectionem
3031 3515 3274 3580 virtutis,
3327 3524 3384 3570 et
3440 3515 3510 3570 ad

1928 3616 2054 3656 eum
2087 3609 2311 3667 statum,
2346 3603 2414 3658 ad
2445 3621 2610 3675 quem
2635 3606 2704 3660 ab
2743 3607 2902 3662 initio
2921 3607 3143 3678 ineptus
3173 3615 3230 3663 et
3261 3607 3510 3664 inﬁrmus

1927 3691 2128 3759 fuerat,
2174 3695 2438 3764 paulatim
2477 3698 2763 3763 ascendit;
2801 3699 3165 3770 proceditque
3199 3707 3256 3756 et
3284 3715 3509 3770 promo-

1928 3795 2021 3840 vet
2065 3786 2118 3840 in
2160 3787 2381 3853 melius,
2433 3789 2724 3859 prudentia
2762 3799 2818 3846 et
2859 3791 3185 3848 fortitudine
3237 3791 3511 3864 spirituali

1929 3884 2186 3948 tauquam
2227 3881 2344 3937 suis
2363 3883 2695 3953 quibusdam
2740 3883 2958 3940 ﬁliabus
3007 3886 3190 3952 nixus,
3253 3901 3317 3942 ac
3348 3887 3509 3942 volu-

1927 3973 2169 4042 ptarium
2201 3973 2358 4030 illum
2417 3976 2681 4033 aﬁ‘ectum
2712 3987 2769 4033 et
2800 3979 3202 4045 effeminatum,
3241 3982 3398 4053 cujus
3443 3980 3510 4035 ﬁ-

1927 4079 2063 4132 gura
2092 4073 2176 4120 est
2198 4067 2422 4132 mulier,
2464 4069 2722 4124 deorsum
2764 4085 2989 4126 manere
3030 4072 3239 4127 sinens.
3285 4072 3509 4128 Habitat

1928 4156 2126 4211 deinde
2159 4167 2418 4229 tanquam
2458 4161 2517 4214 in
2559 4169 2748 4216 monte
2800 4176 2863 4216 ac
2902 4161 3184 4231 spelunca.
3221 4163 3299 4217 Ac
3349 4178 3509 4219 mons

1928 4245 2149 4313 quidem
2182 4246 2579 4302 sublimitatem
2614 4256 2777 4316 atque
2820 4249 3178 4303 eminentiam
3205 4248 3508 4318 spiritualis

1929 4336 2174 4402 roboris,
2193 4337 2458 4406 spelunca
2489 4353 2621 4392 vero
2661 4339 2819 4392 ﬁxam
2850 4354 2913 4393 ac
2948 4339 3160 4393 ﬁmiam
3207 4341 3262 4402 in
3301 4341 3508 4397 virtute

244 4434 505 4505 διαμονῆς
529 4434 937 4504 ὑποδηλούντων
970 4431 1027 4488 εὖ
1063 4434 1228 4505 μάλα.
1259 4434 1573 4503 Γέγραπται
1597 4433 1706 4504 γὰρ
1729 4433 1824 4486 ὡδὶ

1930 4431 2393 4498 perseverantiam
2436 4430 2642 4500 optime
2691 4429 3166 4500 significant.,Sic
3227 4432 3373 4487 enim
3425 4442 3515 4489 est

245 4529 375 4598 περὶ
399 4528 610 4600 ἀνδρῶν
645 4527 896 4596 ἀγαθῶν·
937 4547 956 4578 ι
993 4527 1364 4599 Πορευόμενος
1399 4527 1456 4577 ἐν
1485 4525 1822 4596 δικαιοσύνῃ,

1925 4520 1990 4575 de
2020 4521 2208 4590 probis
2258 4522 2393 4577 viris
2421 4522 2687 4591 scriptum
2727 4540 2738 4574 :
2782 4542 2799 4573 ι
2824 4522 2926 4589 Qui
2963 4522 3208 4578 ambulat
3239 4524 3296 4578 in
3347 4525 3508 4596 justi-

243 4620 421 4676 λαλῶν
444 4621 656 4674 εὐθεῖαν
685 4620 824 4685 ὁδὸν,
881 4618 1055 4690 μισῶν
1084 4617 1314 4687 ἀνομίαν
1340 4617 1436 4670 καὶ
1458 4616 1696 4681 ἀδικίαν,
1729 4619 1825 4670 καὶ

1930 4609 2018 4677 tia,
2046 4621 2101 4668 et
2130 4614 2378 4684 loquitur
2403 4622 2608 4668 rectam
2648 4614 2790 4668 viam
2814 4615 2954 4685 ;-qui
2998 4614 3116 4669 odit
3156 4614 3504 4688 iniustitiam,

242 4714 340 4778 τὰς
385 4716 575 4785 χεῖρας
614 4712 1005 4782 ἀποσειόμενος
1047 4712 1156 4765 ἀπὸ
1189 4708 1397 4780 δώρων,
1458 4707 1707 4780 βαρύνων
1757 4709 1824 4762 τὰ

1930 4714 1977 4761 et
2009 4707 2385 4778 iniquitatem,
2445 4719 2501 4764 et
2545 4709 2755 4765 excutit
2800 4723 2997 4764 manus
3054 4723 3084 4762 a
3132 4709 3500 4777 muneribus;

241 4797 379 4870 ὦτα,
409 4805 498 4858 ἵνα
529 4805 603 4876 μὴ
636 4803 843 4875 ἀκούσῃ
877 4803 1056 4876 κρίσιν
1079 4803 1333 4873 αἵματος,
1377 4799 1651 4871 καμμύων
1696 4801 1822 4862 τοὺς

241 4897 582 4967 ὀφθαλμοὺς,
617 4898 704 4950 ἵνα
739 4896 814 4967 μὴ
866 4896 952 4968 ἴδῃ
1007 4895 1246 4957 ἀδικίαν,
1303 4885 1458 4956 οὗτος
1507 4893 1716 4962 οἰκήσει
1764 4893 1821 4945 ἐν

242 4989 435 5062 ὕψηλῷ
475 4989 726 5060 σπηλαίῳ
777 4989 983 5060 πέτρας
1020 4988 1268 5058 ἰσχυρᾶς.
1313 5004 1330 5036 ι
1375 4984 1473 5054 Είη
1518 4983 1564 5037 δ’
1613 4983 1679 5037 ἃν
1730 4985 1831 5036 καὶ

242 5084 445 5155 ἑτέρως
471 5082 571 5136 οὐκ
600 5081 861 5144 ἀπίθανος
898 5082 1031 5151 ἡμῖν
1064 5081 1091 5132 ό
1133 5079 1227 5132 ἐπὶ
1257 5077 1392 5148 τῷδε
1431 5076 1608 5146 λόγος.
1639 5076 1824 5146 Πέτρα

245 5173 346 5242 μὲν
375 5172 484 5244 γάρ
516 5173 542 5224 ὁ
576 5170 834 5242 Χριστὸς,
864 5169 951 5223 διά
969 5170 1031 5221 rb
1057 5167 1310 5232 εὐσθενὲς
1344 5185 1401 5220 τε
1447 5169 1542 5220 καὶ
1578 5165 1824 5236 ἄτρωτον

197 5256 202 5340 ζ
239 5262 340 5332 τῆς
367 5262 629 5316 ἀνωτάτω
650 5261 838 5314 πασῶν
851 5259 1344 5330 οὐσίας.Σπήλαιον
1366 5257 1422 5309 δὲ
1444 5257 1505 5309 rb
1521 5257 1578 5309 ὲν
1607 5255 1838 5328 Χριστῷ-

197 5395 203 5405 ι

238 5354 400 5407 νοοῖτ’
440 5354 507 5408 ἂν
563 5356 597 5424 ἡ
634 5351 952 5422 Ἐκκλησία,
1019 5351 1078 5403 τὸ
1137 5349 1242 5404 τῶν
1305 5347 1477 5416 ἁγίων
1511 5348 1820 5417 κατάλυμα,

237 5445 350 5499 τῶν
392 5445 762 5500 εὐσεϐούντων
807 5447 840 5517 ἡ
903 5444 1099 5513 σκέπη,
1139 5443 1213 5513 ἢν.
1245 5439 1558 5494 κατοικοῦσι
1600 5438 1818 5503 δίκαιοι,

1923 4801 2017 4872 qui
2043 4799 2264 4854 obturat
2321 4814 2504 4865 aures,
2535 4815 2604 4854 ne
2653 4801 2842 4856 audiat
2887 4800 3159 4872 judicium
3200 4802 3505 4872 sanguinis,

1926 4903 1982 4948 et
2009 4891 2214 4946 claudit
2243 4891 2455 4957 oculos,
2488 4908 2555 4948 ne
2580 4893 2763 4948 videat
2800 4893 3126 4964 injustitiam
3152 4893 3287 4949 :hic
3346 4893 3506 4948 habi-

1929 4982 2066 5037 tabit
2099 4981 2155 5035 in
2191 4981 2414 5036 sublimi
2458 4983 2718 5052 spelunca
2761 4991 2930 5053 petrae
2972 4981 3143 5038 ﬁrmae
3160 4983 3229 5041 “.
3257 5003 3274 5034 ›
3305 4983 3505 5040 Afferri

1929 5085 2111 5130 autem
2146 5083 2202 5129 et
2259 5075 2364 5129 alia
2415 5075 2589 5145 possit
2626 5091 2655 5128 a
2686 5075 2843 5129 nobis
2893 5091 3003 5130 non
3053 5075 3291 5132 absurda
3342 5077 3506 5148 hujus

1930 5165 2034 5220 loci
2067 5166 2356 5235 expositio.
2374 5166 2530 5219 Petra
2563 5165 2783 5234 quidem
2807 5164 3058 5221 Christus
3079 5175 3164 5222 est
3189 5169 3258 5235 ",
3282 5179 3505 5239 propter

1933 5257 2143 5311 ﬁrmam
2173 5257 2321 5311 illam
2355 5264 2411 5310 et
2445 5256 2706 5310 invictam
2753 5273 3024 5328 suprema:
3074 5260 3320 5313 omnium
3377 5258 3507 5315 sub-

1929 5348 2143 5403 stantiae
2181 5357 2457 5401 naturam.
2501 5347 2669 5402 Porro
2714 5350 2977 5418 spelunca
3027 5351 3139 5414 illa,
3184 5351 3238 5404 in
3283 5348 3506 5406 Christo

1929 5439 2158 5510 intelligi
2197 5446 2378 5509 potest
2428 5438 2693 5504 Ecclesia,
2756 5457 2952 5507 nempe
2996 5441 3130 5496 illud
3189 5448 3502 5495 sanctorum

308 5584 352 5616 "
387 5584 524 5639 Gen.
573 5601 682 5646 xix,
715 5583 804 5637 26.
880 5583 926 5614 ⁹²
959 5582 1148 5636 Matth.
1176 5599 1227 5646 v,
1264 5582 1346 5637 1⁵5.
1425 5580 1470 5612 ’³
1501 5579 1638 5636 Gen.
1671 5577 1826 5644 xtx,3

1971 5580 2016 5612 ”
2047 5579 2146 5634 lsa.
2184 5594 2366 5642 χχχιιι,
2400 5578 2483 5642 15,
2511 5578 2593 5633 16.
2671 5579 2716 5611 ⁹⁵
2751 5579 2910 5635 liCor.
2938 5594 2990 5645 ιι,
3015 5578 3066 5632 4.

312 5703 390 5774 (1)
420 5701 559 5757 Cod.
602 5701 723 5756 Vat.
760 5699 1207 5770 κατεσκληκότος.
