3968 6300
441 252 545 309 185

1461 254 1518 309 S.
1557 253 1833 310 CYRlLLl
1870 254 2341 314 ALEXANDRINI
2375 257 2694 316 ARCHIEP.

3585 270 3691 327 184

436 364 722 420 hominum
755 366 1142 435 diversorium,
1178 370 1506 440 piorumquc
1556 378 1785 436 tectum,
1814 370 1870 425 in
1897 387 2007 441 quo

2114 374 2204 428 καὶ
2257 373 2362 446 μὴν
2386 375 2501 429 ὅσοι
2556 376 2657 446 τὴν
2708 375 2798 432 διὰ
2829 376 3001 449 πυρὸς
3071 379 3466 451 παραιτοῦνται
3507 383 3687 457 δίκην.

434 454 567 526 justi
604 454 711 510 viri
732 456 1005 525 habitant,
1025 467 1082 515 et
1119 461 1437 533 quicunque
1479 464 1622 535 ignis
1676 467 2010 538 supplicium

435 547 702 603 evadunt.
836 617 855 633 .

506 636 705 693 PALL.
728 638 905 707 Quam
940 642 1202 711 praeclare
1235 645 1372 701 mihi
1400 646 1608 705 habere
1650 651 1870 707 videtur
1896 653 2013 709 haec

433 729 740 799 expositio!
777 730 885 787 Sed
919 733 1084 788 velim
1123 736 1380 806 equidem
1419 739 1545 796 aliis
1592 745 2011 814 quamplurimis

434 817 858 886 probationibus
884 832 1209 891 praesentem
1249 824 1429 881 locum
1451 844 1483 883 a
1514 837 1567 885 te
1605 834 1832 888 versari.
1874 835 2011 890 Nam

437 908 493 962 id
533 909 670 965 velle
696 911 858 981 plene
884 927 1239 984 cognoscere,
1279 918 1427 987 quod
1465 920 1599 978 utile
1619 931 1729 990 est,
1760 939 1862 996 ego
1882 927 2009 996 qui-

435 999 560 1054 dem
592 999 816 1069 plurimi
842 1001 1091 1058 fecerim.

507 1087 665 1144 ΟΥΕ.
717 1090 905 1162 Atqui,
946 1095 1173 1162 Palladi,
1225 1107 1282 1153 et
1330 1104 1688 1172 congruentia
1719 1105 1880 1162 dicis.
1914 1109 2012 1165 Est

434 1180 604 1245 enim,
637 1192 699 1237 ut
723 1185 941 1253 opinor,
972 1202 1037 1242 ea
1066 1203 1154 1244 res
1176 1192 1378 1247 mentis
1409 1193 1570 1265 longe
1590 1197 2011 1260 studiosissimae

433 1271 669 1339 fructus,
709 1285 766 1329 et
798 1292 919 1331 mea
959 1279 1137 1334 oratio
1184 1284 1474 1353 segnitiem
1522 1302 1745 1344 omnem
1802 1293 2009 1362 vincet,

434 1364 694 1433 quoniam
720 1382 790 1421 ne
825 1368 961 1422 mihi
1013 1370 1238 1440 quidem
1282 1374 1386 1444 ipsi
1434 1392 1653 1447 aequum
1692 1381 1912 1439 videtur
1955 1386 2010 1441 in

437 1461 545 1508 tam
575 1457 853 1526 praeclaris
900 1468 1121 1532 tamque
1146 1464 1408 1534 iucundis
1437 1472 1790 1527 sermonibus
1841 1476 2010 1531 silen-

438 1547 599 1614 tium,
641 1550 688 1604 si
737 1551 1054 1622 importune
1086 1556 1394 1628 irrepserit,
1436 1569 1643 1619 tenere.
1693 1565 1800 1635 32
1842 1567 2013 1638 Igitur

436 1639 492 1692 in
528 1640 847 1697 universum
884 1646 1252 1719 omnibusque
1285 1652 1464 1707 modis
1483 1653 1551 1708 ab
1580 1655 1891 1723 affectione,
1920 1674 2010 1714 so-

434 1731 747 1805 cietateque
768 1736 1092 1793 vitiosarum
1126 1756 1330 1806 rerum,
1349 1744 1528 1812 quoad
1569 1760 1657 1800 res
1679 1746 1905 1815 patitur,
1928 1764 2013 1804 se-

427 1823 653 1895 junctos
676 1841 777 1882 nos
822 1843 944 1883 esse
994 1838 1289 1899 oportere:
1322 1833 1626 1900 quinetiam
1678 1850 1789 1890 non
1848 1837 2010 1895 aliter

433 1917 597 1972 nobis
620 1933 780 1988 posse
808 1920 1151 1990 contingere,
1181 1931 1241 1975 ut
1260 1921 1327 1976 ad
1357 1923 1617 1978 virtutem
1642 1942 2009 1997 recurramus,

430 2024 601 2080 quam
629 2010 734 2066 hoc
765 2011 884 2081 ipso
921 2012 1105 2077 modo,
1148 2029 1258 2083 quo
1305 2014 1565 2081 diximus,
1619 2019 1737 2075 sine
1768 2021 1881 2077 ullo
1909 2039 2010 2078 ne~

433 2101 584 2172 gotio
641 2103 1161 2172 contemplabimur,
1202 2105 1248 2159 si
1284 2106 1485 2161 mentis
1524 2108 1718 2164 oculos
1754 2110 2010 2180 injcceri—

432 2208 556 2248 mus
600 2199 714 2246 tum
742 2192 798 2248 in
837 2209 899 2248 ea
954 2210 1076 2264 qua:
1137 2194 1300 2250 beato
1347 2195 1580 2253 Abrahae
1634 2201 2002 2272 contigerunt,

432 2291 548 2339 tum
573 2301 695 2355 quae
722 2286 778 2340 in
811 2287 965 2341 exitu
1007 2286 1251 2343 ﬁliorum
1305 2287 1478 2346 Israel
1511 2292 1890 2351 admirabilius
1913 2312 2009 2368 ge-

430 2385 513 2430 sta
539 2387 687 2442 sunt,
728 2392 894 2448 quam
924 2386 986 2433 ut
1011 2380 1264 2435 oratione
1293 2381 1558 2450 explicari
1601 2385 1836 2453 possint,
1884 2402 2011 2442 cum

430 2468 548 2523 suis
574 2470 936 2540 temporibus,
971 2470 1217 2528 effractis
1248 2471 1488 2545 Egyptii
1537 2474 1851 2534 dominatus
1891 2480 2010 2535 vin-

432 2559 595 2625 culis,
634 2568 767 2614 sunt
782 2562 1013 2631 egressi.

502 2650 703 2705 PALL.
731 2651 1051 2723 Exsequere
1087 2656 1258 2726 igitur
1284 2657 1500 2730 singula
1538 2676 1551 2713 :
1601 2661 1682 2716 sic
1725 2664 1874 2719 enim
1913 2665 2010 2721 ba-

436 2741 585 2808 heto,
613 2743 906 2800 maximam
934 2754 989 2802 te
1030 2748 1198 2804 nobis
1237 2751 1578 2822 voluptatem
1613 2754 1930 2823 allaturum,
1960 2760 2007 2815 si

436 2834 490 2888 id
530 2833 711 2891 facere
736 2852 1027 2908 aggressus
1055 2839 1248 2897 fueris.

502 2896 1016 2987 CYR.Dic‘evbamus
1051 2933 1261 3004 itaque,
1297 2936 1517 2993 beatum
1558 2896 1832 2996 Abraham
1880 2958 2007 2996 cum

432 3019 577 3076 fame
601 3023 878 3092 quondam
905 3025 1261 3093 intolerabili,
1283 3036 1342 3083 et
1363 3032 1796 3087 necessariarum
1820 3050 2006 3089 rerum
2035 3058 2078 3115 ο

433 3111 620 3182 in0pia
690 3124 1065 3183 premeretur,
1102 3134 1214 3173 non
1248 3128 1442 3190 sponte
1470 3121 1538 3177 ad
1587 3121 1868 3195 Ingtios
1916 3124 2012 3180 de—

431 3203 734 3271 scendisse,
769 3205 866 3261 sed
905 3209 1218 3264 necessitati
1244 3211 1635 3268 succubuisse.
1707 3214 1863 3271 Hunc
1906 3216 2010 3272 ho-

428 3290 630 3362 Spitem
654 3303 711 3349 et
740 3295 1008 3352 advenam
1036 3300 1303 3356 molestiis
1323 3303 1513 3358 multis
1529 3310 1587 3358 et
1612 3304 1831 3374 injuriis
1863 3307 2009 3361 Pha-

429 3397 528 3437 rao
555 3386 790 3441 vexavit.
831 3387 969 3443 Nam
1023 3390 1171 3445 illius
1223 3393 1513 3463 coniugem
1562 3394 1766 3450 violare
1812 3396 2007 3462 voluit,

430 3475 825 3550 intemperanti
848 3470 1078 3539 libidine
1103 3484 1171 3539 ad
1196 3485 1499 3556 turpissimi
1521 3485 1709 3558 ﬂagitii
1731 3489 2008 3558 cupidita—

430 3577 541 3624 tem
568 3570 849 3628 incensus.
884 3573 945 3629 Id
989 3590 1156 3644 porro
1198 3584 1262 3630 ut
1300 3575 1564 3643 efﬁceret,
1600 3595 1713 3634 non
1759 3579 2009 3649 permisit

426 3658 591 3715 Deus.
632 3681 649 3713 ι
682 3663 1000 3734 Flagellavit
1025 3664 1195 3729 enim,
1225 3685 1244 3716 ι
1276 3665 1477 3735 inquit,
1505 3688 1522 3719 ι
1549 3669 1891 3725 Pharaonem
1914 3670 2010 3726 lla-

427 3748 584 3819 gellis
603 3751 856 3805 maximis
875 3761 1101 3823 prepter
1123 3752 1312 3808 Saram
1340 3772 1563 3812 uxorem
1589 3758 1864 3813 Abraham
1886 3761 1953 3814 ’6.
1980 3781 2001 3813 ι

426 3840 525 3894 Est
570 3848 754 3896 autem
812 3843 1026 3899 Pharao
1071 3844 1244 3917 ﬁgura
1297 3854 1465 3916 atque
1507 3848 1684 3920 imago
1723 3850 2007 3908 diabolica:

426 3933 902 4012 intemperantiae;
943 3936 1001 3991 id
1054 3938 1205 3993 enim
1251 3939 1343 3994 ille
1401 3948 1641 4010 spectat,
1681 3942 1740 3996 in
1773 3958 2004 4015 eamque

425 4041 543 4083 rem
569 4027 718 4082 omni
760 4028 944 4084 studio
987 4029 1282 4096 incumbit,
1318 4038 1379 4084 ut
1427 4031 1482 4084 in
1517 4041 1829 4089 sanctorum
1859 4036 2005 4091 viro-

423 4134 549 4179 rum
575 4128 788 4177 mentes
829 4121 1040 4177 semina
1080 4137 1193 4178 suae
1220 4123 1556 4192 impuritatis
1606 4125 1881 4190 infundat,
1941 4136 2003 4183 ut

423 4213 507 4271 illi
529 4221 817 4284 exoptatos
854 4215 1242 4285 jucundosque
1286 4214 1500 4271 fructus
1537 4218 1783 4286 pariant:
1818 4219 1856 4272 ii
1899 4235 1999 4273 au-

425 4314 536 4361 tem
591 4313 742 4372 sunt,
806 4315 869 4362 ut
905 4306 1134 4377 opinor,
1208 4307 1491 4362 variorum
1544 4308 1999 4381 diversorumque

422 4406 773 4467 peccatorum
799 4397 1049 4454 crimina.
1073 4397 1251 4467 Atque
1279 4397 1429 4453 illius
1454 4398 1679 4468 quidem
1706 4401 1759 4455 vi
1816 4409 1873 4456 et
1910 4402 1998 4455 in-

416 4487 562 4560 juria
588 4504 754 4546 nemo
792 4504 905 4543 non
943 4497 1257 4558 caperetur,
1280 4497 1339 4543 et
1383 4490 1471 4544 vel
1507 4490 1702 4545 nolens
1746 4506 2002 4546 succum-

424 4577 583 4632 heret
636 4577 853 4646 (natura
890 4594 1129 4649 namque
1181 4589 1371 4638 nostra
1415 4580 1737 4636 inﬁrmitate
1791 4582 1996 4636 virium

420 4668 680 4740 laborat),
713 4669 818 4726 nisi
849 4670 904 4726 id
936 4671 1164 4727 minime
1199 4673 1550 4743 permitteret
1570 4673 1752 4738 Deus;
1783 4680 1839 4728 et
1872 4672 1998 4728 illos

421 4761 686 4817 adversus
718 4771 939 4818 sanctos
961 4762 1108 4819 viros
1135 4772 1386 4830 conatus,
1409 4780 1473 4820 ac
1499 4764 1720 4834 maligni
1746 4764 1893 4820 illius
1915 4766 1998 4819 in-

422 4852 590 4908 sidias
611 4853 912 4910 cohiberet.
944 4855 1051 4911 Sed
1106 4871 1218 4912 non
1265 4856 1371 4911 alia
1417 4859 1630 4910 ratione
1678 4857 1998 4928 contigisset

421 4943 583 4999 beato
606 4945 840 5002 Abrahae
869 4947 960 5003 illa
989 4947 1335 5003 incommoda
1357 4947 1552 5011 vitare,
1583 4946 1689 5001 nisi
1716 4947 1998 5020 [Egyptia-

421 5050 547 5091 rum
572 5037 795 5108 regione
834 5039 1057 5103 relicta,
1097 5039 1167 5093 ad
1207 5046 1450 5092 veterem
1498 5037 1653 5091 illum
1698 5039 1996 5108 divinoque

424 5141 650 5182 munere
699 5112 1021 5185 concessum
1090 5129 1187 5183 Dei
1253 5128 1434 5182 locum
1485 5128 1835 5193 revertisset,
1890 5144 2000 5199 quo

422 5226 778 5290 posteaquam
810 5218 1087 5289 pervenit,
1137 5218 1287 5273 omni
1330 5234 1462 5272 cura
1507 5233 1737 5283 vacuus,
1777 5219 2001 5289 optimis

419 5310 619 5368 Studiis
650 5325 874 5382 operam
897 5309 1069 5364 dedit.
1097 5309 1190 5364 Sic
1217 5309 1364 5364 enim
1395 5310 1662 5381 scriptum
1691 5320 1779 5367 est
1805 5330 1818 5366 :
1854 5332 1871 5363 ‹
1893 5312 1999 5368 As-

420 5400 610 5453 cendit
659 5408 842 5452 autem
874 5395 1151 5450 Abraham
1201 5412 1270 5452 ex
1316 5396 1571 5469 Egypto,
1602 5399 1733 5470 ipse
1779 5408 1835 5455 et
1865 5415 2002 5454 uxor

419 5491 562 5560 ejus.
591 5499 647 5543 et
667 5488 851 5541 omnia
872 5488 1013 5558 ejus.
1073 5496 1130 5542 et
1171 5488 1274 5545 Lot
1309 5504 1433 5546 cum
1475 5507 1541 5547 eo
1597 5491 1653 5546 in
1694 5490 1994 5549 desertum.

499 5669 546 5702 "
567 5664 773 5732 Gens,
806 5665 892 5733 l2,
926 5667 1010 5725 17.

2182 658 2389 713 ΠΑΛΛ.
2428 660 2514 723 Ὠς
2539 652 2666 728 εὖγε
2686 661 2839 730 ἡμῖν,
2862 653 2909 714 ὧ
2927 660 3047 723 τᾶν,
3070 661 3100 714 6
3125 660 3284 729 λόγος
3309 659 3443 730 Exul
3478 661 3693 717 Βουλαί-

2118 766 2225 819 μην
2254 749 2297 802 δ’
2326 749 2392 803 ἂν
2435 749 2611 819 ἔγωγε
2643 752 2739 804 καὶ
2769 750 2838 804 δι’
2872 751 3077 824 ἑτέρων
3113 752 3255 806 ὅσων
3294 754 3427 823 ἡμῖν
3472 754 3692 808 ἀποδεί-

2111 840 2245 907 ξεων
2265 840 2401 895 ίέναι
2424 842 2486 896 τὸ
2515 841 2832 913 γύμνασμα.
2860 842 2935 897 Τὸ
2954 844 3063 914 γάρ
3085 861 3167 898 τοι
3193 844 3367 912 φιλεῖν
3401 844 3693 912 ἐξεπίστα-

2114 932 2237 987 «ea:
2270 934 2538 998 πλουσίως
2577 937 2638 989 τὸ
2690 935 2880 991 τελοῦν
2911 937 2992 1001 είς
3027 936 3234 1008 ὄνησιν,
3279 939 3574 1009 οίησαίμην
3620 937 3693 992 ἂν

2111 1021 2285 1092 ἔγωγε
2315 1024 2409 1078 τοῦ
2445 1024 2646 1090 παντὸς
2674 1024 2844 1089 ἄξιον.

2181 1116 2346 1170 ΚΥΡ.
2375 1116 2486 1170 Καὶ
2514 1116 2642 1188 μὴν,
2664 1110 2710 1170 ὧ
2725 1117 3011 1183 Παλλάδιε,
3035 1118 3106 1171 τά
3130 1133 3194 1186 γε
3222 1118 3408 1174 εἰκότα
3434 1120 3560 1190 φής.
3583 1120 3691 1191 Elin

2111 1205 2221 1276 γὰρ
2262 1205 2330 1261 ἂν
2353 1206 2590 1271 διανοίας
2622 1210 2757 1278 ἡμῖν
2784 1210 2885 1277 τῆς
2906 1210 2987 1272 είς
3011 1209 3092 1262 ὅτι
3119 1209 3354 1279 μάλιστα
3389 1210 3692 1282 φιλομαθε-

2114 1298 2315 1369 στάτης
2339 1299 2400 1354 τὸ
2427 1300 2617 1370 χρῆμα
2651 1299 2885 1371 καρπδς,
2913 1298 3072 1352 ὄκνου
3122 1300 3182 1353 δὲ
3226 1301 3463 1371 ἀμείνων
3490 1303 3519 1355 6
3548 1304 3693 1374 πρὸς

2111 1389 2267 1461 ἡμῶν
2306 1388 2468 1443 ἔσται
2491 1389 2668 1458 λόγος,
2693 1390 2753 1442 οὐ
2780 1388 2842 1441 τὸ
2870 1389 3004 1443 αὐτό
3035 1407 3126 1460 μοι
3149 1389 3360 1457 δοκοῦν,
3394 1394 3507 1456 τοῖς
3543 1393 3690 1447 οὕτω

2111 1480 2386 1553 λαμπροῖς
2426 1481 2521 1534 καὶ
2571 1477 2912 1551 ἀξιεράστοις
2952 1480 3279 1550 διηγήμασι,
3328 1481 3428 1553 τὴν
3475 1484 3576 1536 οὐκ
3627 1486 3690 1537 ὲν

2112 1572 2289 1643 καιρῷ
2314 1573 2811 1644 παρειστρέχουσαν
2832 1574 3141 1643 ἐπασκῆσαι
3168 1576 3346 1645 σιγήν.
3374 1576 3581 1630 Οὐκοῦν
3605 1578 3688 1631 ὅτι

2112 1664 2210 1732 τῆς
2237 1663 2373 1734 πρὸς
2394 1663 2463 1716 τὰ
2501 1662 2680 1732 φαῦλα
2709 1662 3003 1727 διαθέσεως
3024 1681 3083 1717 τε
3119 1665 3214 1718 καὶ
3250 1666 3536 1730 κοινωνίας
3573 1670 3689 1722 είσ-

2112 1753 2258 1807 ἁπαν
2286 1769 2344 1805 τε
2366 1753 2461 1806 καὶ
2479 1752 2789 1823 ὁλοτρόπως
2816 1753 3292 1823 ἁποσχοινίζεσθαι
3305 1756 3420 1827 χρὴ
3455 1760 3596 1812 κατὰ
3626 1759 3689 1812 τὸ

2112 1842 2423 1912 ὲγχωροῦν’
2463 1844 2558 1898 καὶ
2591 1844 2697 1915 μὴν
2717 1845 2801 1897 ὅτι
2833 1845 2895 1896 τὸ
2936 1844 3194 1917 ἁναθρεῖν
3239 1845 3498 1904 δύνασθαι
3548 1851 3688 1922 πρὸς

2111 1933 2333 2006 ἀρετὴν,
2381 1935 2717 2004 προσγένοιτ’
2759 1934 2825 1989 ἂν
2861 1936 2959 2006 οὐχ
2986 1937 3208 2008 ἑτέρως,
3248 1939 3282 2010 ἢ
3320 1941 3459 1994 κατὰ
3496 1942 3687 1997 τοῦτον

2110 2025 2274 2079 αὐτὸν
2305 2025 2400 2078 τὸν
2432 2026 2657 2096 τρόπον,
2674 2028 2910 2095 ἀπονητὶ⁵
2934 2026 3305 2099 θεωρήσομεν,
3326 2032 3426 2103 τῆς
3448 2032 3688 2098 διανοίας

2111 2116 2202 2168 τὸν
2227 2115 2504 2186 ὀφθαλμὸν
2537 2117 2771 2183 ἐνιέντες
2820 2114 2879 2171 εὖ
2912 2119 3080 2187 μάλα,
3127 2120 3222 2175 καὶ
3262 2124 3374 2185 τοῖς
3410 2123 3551 2177 κατὰ
3592 2126 3688 2178 τὸν

2113 2205 2400 2260 θεσπέσιον
2436 2207 2711 2278 Ἁϐραάμ,
2764 2210 2859 2262 καὶ
2887 2212 2999 2272 τοῖς
3033 2211 3174 2281 ὑπὲρ
3206 2211 3360 2279 λόγον
3390 2214 3690 2283 κατωρθωο

2116 2298 2296 2368 μένοις
2318 2298 2410 2351 ἐπὶ
2443 2300 2508 2369 τῇ
2538 2297 2704 2369 ἐξόδῳ
2729 2298 2837 2352 τῶν
2878 2298 2939 2364 ἐξ
2979 2300 3215 2370 Ἰσραὴλ,
3247 2301 3313 2370 ἢν
3356 2302 3689 2374 πεποίηνται

2111 2390 2254 2444 κατὰ
2281 2392 2507 2461 καιροὺς
2540 2391 2643 2462 τῆς
2685 2393 2996 2459 Αἰγυπτίων
3037 2392 3368 2460 πλεονεξίας,
3410 2380 3478 2447 τὰ
3507 2394 3688 2465 δεσμὰ

2109 2480 2519 2553 διαρρήξαντες.

2180 2662 2389 2716 ΠΔΛΛ.
2422 2661 2602 2733 Φράζε
2625 2660 2691 2732 δὴ
2726 2657 2821 2716 οὖν
2859 2660 2964 2716 ἀνὰ
3008 2665 3191 2734 μέρος.
3233 2662 3319 2726 Ὠς
3363 2658 3421 2716 εὖ
3464 2662 3573 2716 ἴσθι
3600 2680 3685 2717 τοι

2111 2754 2378 2817 πλουσίως
2403 2755 2552 2825 ἡμᾶς
2572 2754 2899 2826 εὐφραίνων,
2926 2755 2973 2807 εί
3003 2753 3135 2825 δρᾷν
3160 2755 3302 2807 ’ἐλοιο
3332 2754 3511 2813 ταυτί.

2180 2929 2344 2983 ΚΥΡ.
2390 2929 2682 3002 Ἐλέγομεν
2715 2932 2917 2997 τοίνυν,
2948 2931 3024 2994 ὡς
3064 2931 3326 3002 ἀφορήτῳ
3358 2931 3485 2985 ποτὲ
3517 2929 3683 3002 λιμῷ,

2110 3022 2205 3077 καὶ
2233 3026 2353 3088 ταῖς
2385 3023 2495 3078 τῶν
2541 3023 2856 3093 ἀναγκαίων
2899 3023 3130 3087 ἐνδείαις
3180 3022 3613 3094 ὲκπεπιεσμένος
3654 3026 3686 3077 6

2112 3116 2398 3181 θεσπέσιος
2461 3117 2732 3188 Ἀϐραὰμ,
2795 3118 2856 3170 οὐ
2909 3116 3138 3188 θελητὴν
3190 3118 3427 3170 ἐποιεῖτο
3458 3116 3557 3187 τὴν
3602 3117 3683 3179 είς

2109 3207 2386 3276 Αἴγυπτον
2417 3207 2663 3274 κάθοδον,
2679 3209 2777 3261 καὶ
2805 3211 2925 3271 ταῖς
2949 3208 3217 3276 ἀνάγκαις
3236 3208 3406 3262 ἐδίδου
3434 3208 3678 3279 κρατεῖν.

2109 3298 2269 3352 Ξένον
2293 3298 2349 3351 δὲ
2381 3299 2509 3353 ὄντα
2541 3300 2635 3352 καὶ
2666 3299 2889 3369 ἔπηλυν,
2927 3299 3123 3363 λύπαις
3153 3300 3248 3354 καὶ
3288 3297 3625 3363 πλεονεξίαις
3653 3297 3685 3351 6

2107 3387 2309 3460 Φαραὼ
2343 3387 2690 3459 κατῃκίζετο.
2722 3388 2832 3461 Τὴν
2851 3389 2958 3459 γάρ
2985 3406 3067 3442 τοι
3093 3389 3506 3460 συνῳκισμένην
3533 3386 3685 3458 αὐτῷ

2112 3478 2408 3548 παραλύειν
2458 3479 2670 3549 ἤθελεν,
2708 3479 2919 3549 ἡδοναῖς
2965 3478 3223 3551 ἀκράτοις
3254 3481 3683 3551 ἐκκεκαυμένος,

2108 3572 2188 3632 εἰς
2216 3572 2609 3643 αἰσχρουργίας
2652 3572 2859 3641 ἔφεσιν.
2897 3571 3256 3644 Κατορθῶσαι
3277 3572 3331 3626 δὲ
3365 3573 3542 3637 τοῦτο,
3582 3575 3683 3627 οὐκ

2107 3658 2261 3728 ἠφίει
2308 3659 2461 3723 Θεὸς.
2500 3680 2518 3711 ι
2557 3661 2763 3715 Ἤτασε
2819 3661 2949 3733 γὰρ,
3002 3681 3021 3712 ι
3056 3663 3210 3734 φησὶ,
3266 3681 3284 3714 ι
3336 3662 3429 3716 τὸν
3481 3663 3684 3734 Φαραὼ

2107 3745 2362 3821 ὲτασμοῖς
2435 3752 2693 3821 μεγάλοις
2765 3755 2894 3824 περὶ
2951 3755 3168 3825 Σάρρας
3243 3754 3343 3823 τῆς
3423 3755 3683 3823 γυναικὸς

2119 3842 2388 3915 Ἀϐραάμ.
2424 3862 2441 3893 ι
2481 3841 2660 3896 Είκὼν
2687 3844 2745 3895 δὲ
2773 3844 2865 3896 καὶ
2898 3843 3067 3907 τύπος
3097 3847 3125 3897 6
3150 3843 3352 3914 Φαραὼ
3367 3844 3686 3916 διαϐολικῆς

2105 3933 2394 4005 ἀκρασίας.
2427 3934 2635 3995 Σκοπὸς
2687 3933 2797 4003 γὰρ
2832 3934 3023 4003 ἐκείνῳ
3057 3934 3149 3985 καὶ
3187 3934 3296 3985 τῶν
3325 3934 3407 3987 ὅτι
3443 3934 3687 4003 μάλιστα

2103 4024 2631 4093 διεσπουδασμένων,
2663 4022 2724 4076 τὸ
2756 4024 2848 4077 καὶ
2889 4026 3007 4087 ταῖς
3044 4023 3152 4077 τῶν
3186 4023 3354 4093 ἁγίων
3396 4023 3687 4079 συνέσεσιν

2105 4115 2304 4169 ἐνιέναι
2327 4115 2498 4184 φιλεῖν
2517 4115 2616 4184 τῆς
2645 4115 2869 4186 ἐνούσης
2886 4114 3034 4185 αὑτῷ
3050 4114 3389 4187 ἀκαθαρσίας
3410 4114 3477 4168 τὰ
3511 4116 3684 4189 σπέρ-

2106 4224 2273 4281 ματα,
2307 4207 2382 4270 ὼς
2412 4206 2476 4260 ἂν
2513 4206 2718 4260 ἕλοιντο
2760 4210 3128 4278 καρποφορεῖν
3156 4206 3226 4261 τὰ
3255 4206 3403 4279 αὐτῷ
3444 4209 3571 4278 φίλα
3615 4227 3681 4262 τε

2103 4302 2198 4354 καὶ
2227 4299 2347 4353 καθ’
2385 4299 2601 4372 ἡδονήν.
2635 4295 2758 4353 Εἶεν
2790 4298 2834 4351 δ’
2867 4299 2932 4353 ἂν
2964 4294 3119 4370 οἶμαι
3149 4301 3328 4367 ταυτὶ,
3362 4300 3431 4354 τὰ
3454 4302 3533 4365 είς
3574 4319 3677 4354 πο-

2031 4396 2075 4450 l)
2104 4392 2370 4458 λύτροπον
2416 4393 2686 4464 ἁμαρτίαν
2726 4391 3069 4462 ἐγκλήματα.
3106 4392 3216 4447 Καὶ
3242 4391 3394 4463 ἁλοίη
3440 4392 3536 4462 μὲν
3567 4394 3679 4456 πᾶς

2104 4499 2189 4546 τις
2212 4478 2326 4548 οὖν,
2353 4484 2447 4538 καὶ
2463 4483 2559 4553 οὐχ
2582 4481 2723 4537 ἑκὼν
2741 4482 3089 4535 ὑποκείσεται
3118 4486 3237 4546 ταῖς
3260 4483 3466 4536 ἐκείνου
3488 4480 3678 4536 πλεον-

2105 4573 2299 4639 εξίαις.
2335 4576 2501 4628 Νοσεῖ
2530 4574 2638 4645 γὰρ
2675 4575 2708 4645 ἡ
2745 4574 2906 4644 φύσις
2939 4573 2999 4626 τὸ
3025 4573 3246 4639 ἄναλκι,
3283 4576 3466 4645 ἐφίησι
3498 4575 3677 4646 γεμὴν

2102 4665 2219 4720 οὔτι
2249 4684 2353 4720 που
2386 4667 2540 4730 Θεὸς,
2588 4666 2958 4738 ἀνασειράςων
3000 4665 3197 4736 τρόπον
3252 4667 3372 4720 τινὰ
3418 4667 3485 4719 τὰ
3532 4669 3677 4722 κατὰ

2102 4759 2211 4812 τῶν
2238 4759 2407 4828 ἁγίων
2445 4760 2870 4831 ἐπιχειρήματα,
2906 4760 3000 4812 καὶ
3028 4758 3120 4811 τοῦ
3154 4759 3387 4830 πονηροῦ
3415 4761 3513 4824 τὰς
3555 4764 3679 4814 ἐπι-

2104 4849 2319 4912 ϐουλάς.
2352 4846 2672 4918 Συμϐέϐηκε
2699 4847 2754 4900 δὲ
2774 4849 2871 4917 οὐχ
2893 4848 3094 4920 ἑτέρως
3112 4849 3386 4919 διαδράναι
3407 4852 3476 4902 τὰ.
3502 4850 3674 4926 βλάϐη

2103 4940 2192 4993 τὸν
2226 4939 2509 4992 θεσπέσιον
2560 4938 2830 5010 Ἀϐραὰμ,
2878 4939 2927 4991 εί
2958 4938 3053 5010 μὴ,
3086 4940 3182 5013 τὴν
3219 4940 3326 4993 τῶν
3364 4941 3675 5010 Αίγυπτίων

2102 5034 2282 5102 ἀφεὶς,
2308 5032 2445 5104 πρὸς
2468 5032 2558 5084 τὸν
2580 5035 2637 5085 ἐν
2666 5033 2807 5103 ἀρχῇ
2838 5032 2932 5085 καὶ
2962 5031 3237 5086 θεόσδοτον
3271 5035 3675 5106 ἁναπεφοίτηκε

2096 5124 2293 5196 χῶρον,
2319 5116 2379 5178 οὗ
2404 5124 2498 5177 καὶ
2518 5124 2819 5195 ἀφιγμένος
2848 5124 3281 5195 σπουδασμάτων
3299 5125 3517 5193 ἀγαθῶν
3549 5144 3674 5197 σχο-

2040 5214 2043 5215 ⁷
2097 5215 2245 5276 λαῖος
2274 5209 2341 5285 ἦν
2365 5212 2722 5285 ἐπιμελητής.
2758 5214 3073 5284 Γέγραπται
3095 5215 3149 5268 δὲ
3172 5216 3375 5281 οὕτως·
3417 5238 3435 5269 ι
3479 5218 3672 5290 Ἀνέϐη
3730 5211 3742 5279 ξ

2095 5308 2152 5362 δὲ
2193 5307 2444 5379 Ἀϐραὰμ
2485 5306 2544 5373 ἐξ
2577 5306 2876 5374 Αἰγύπτου,
2919 5307 3082 5371 αὐτὸς
3115 5309 3268 5380 καὶὴ
3313 5311 3451 5382 γυνὴ
3482 5311 3670 5377 αὐτοῦ,

2097 5401 2192 5456 καὶ
2221 5402 2398 5456 πάντα
2436 5400 2506 5454 τὰ
2557 5399 2746 5467 αὑτοῦ,
2792 5400 2886 5453 καὶ
2914 5398 3039 5453 Λὼτ
3079 5403 3198 5472 μετ’
3237 5403 3403 5456 αὑτοῦ
3452 5406 3534 5467 είς
3575 5405 3677 5477 τὴν

2095 5491 2321 5566 ἔρημον.
2364 5490 2615 5563 Ἀϐραὰμ
2654 5490 2713 5545 δὲ
2754 5486 2821 5565 ἦν
2871 5490 3124 5557 πλούσιος
3182 5495 3407 5566 σφόδρα,
3452 5499 3676 5570 κτήνεσι
