3968 6300
207 292 310 352 185

945 294 1034 350 DE
1070 293 1510 351 ADORATIONE
1550 294 1615 352 IN
1655 296 1925 355 SPIRITU
1963 299 2053 355 ET
2089 296 2458 355 VERITATE.
2504 295 2630 351 LIB.
2668 297 2711 352 1.

3348 294 3450 349 186

211 406 302 458 καὶ
324 403 597 476 ἀργυρίῳ,
626 408 721 458 καὶ
739 402 965 476 χρυσίῳ,
992 406 1087 458 καὶ
1112 405 1381 477 ἐπορεύθη
1408 406 1531 460 ὅποι
1558 405 1778 477 ἐξῆλθεν

1878 410 2151 466 Abraham
2181 416 2362 465 autem
2381 416 2502 464 erat
2524 408 2680 463 dives
2713 406 2891 469 valde,
2917 406 3184 477 jumentis
3208 414 3265 461 et
3289 420 3444 467 auro,

213 498 288 558 εἰς
308 495 408 566 τὴν
438 493 642 566 ἔρημον
681 495 786 560 ἕως
820 494 1041 567 Βαιθὴλ,
1070 496 1174 558 ἕως
1210 498 1303 551 τοῦ
1330 497 1515 563 τόπου,
1547 493 1607 553 06
1641 496 1709 571 ἦν
1735 502 1768 571 ἠ

217 587 382 657 σκηνὴ
410 584 575 639 αὐτοῦ
604 585 892 657 πρότερον,
939 586 1042 659 ἀνᾲ
1074 587 1237 657 μέσον
1276 587 1499 659 Βαιθὴλ,
1543 590 1637 643 καὶ
1673 591 1777 644 ἀνά

220 677 632 747 μέσον.Ἀγγαὶ,
676 678 757 740 είς
791 677 882 730 τὸν
922 677 1089 730 τόπον
1121 677 1216 731 τοῦ
1261 678 1671 752 θυσιαστηρίου,
1714 674 1775 735 06

216 768 467 839 ἐποίησεν
527 769 645 821 ἐκεῖ
702 768 801 840 τὴν
851 768 1046 840 ἀρχήν.
1104 771 1215 822 Καὶ
1275 771 1603 827 ἐπεκάλεσεν
1662 776 1779 827 ἐκεῖ

227 859 470 931 Ἀδραάμ
489 859 548 914 τὸ
569 858 738 929 δνομα
765 860 990 930 Κυρίου.
1017 878 1034 911 ι
1062 860 1256 931 Συνίης
1280 857 1372 915 οὖν
1394 863 1477 916 ὅτι
1504 880 1778 919 συναναπ-

215 949 386 1022 αίρειν
414 949 626 1021 ἀνάγκη
650 951 761 1013 τοῖς
794 949 853 1016 ἐξ
881 951 1149 1022 ἀκρασίας
1173 956 1443 1026 κοσμικῆς
1475 958 1556 1020 είς
1586 958 1779 1030 ἑτέραν

215 1041 564 1112 ἀνατρέχουσι
598 1041 739 1113 ζωὴν
788 1043 970 1113 ίεράν,
1031 1044 1193 1098 οἱονεὶ
1237 1046 1414 1100 πάντα
1454 1048 1524 1101 τὰ
1564 1049 1776 1116 αὐτῶνς

220 1133 432 1186 πανοικὶ
458 1132 567 1205 γὰρ
608 1133 702 1185 καὶ
730 1136 1017 1201 παγγενεὶ,
1064 1136 1357 1209 προσθείην
1391 1138 1434 1192 δ’
1474 1139 1539 1194 ἂν
1564 1142 1647 1194 ὅτι
1679 1142 1773 1197 καὶ

219 1223 540 1287 πανσκευεὶ,
604 1222 704 1292 τῆς
762 1223 1075 1293 Αἰγυπτίων
1126 1228 1540 1301 ἀποδεδράμηκε
1595 1231 1701 1300 γῆς
1749 1233 1779 1285 ό

213 1313 511 1385 προπάτωρ
562 1313 832 1385 Ἀϐραάμ.
874 1317 967 1368 Δεῖ
1000 1316 1107 1388 γὰρ
1141 1318 1446 1390 ὀλοτρόπως
1480 1322 1779 1393 ἀποφοιτᾷν

211 1404 300 1458 καὶ
344 1404 564 1458 πανοικὶ
611 1404 810 1475 τρόπον
848 1406 970 1461 τινὰ
1022 1408 1450 1480 μεθορμίζεσθαι
1492 1412 1666 1481 φιλεῖν
1699 1416 1778 1477 είς

217 1496 311 1565 τὴν
343 1494 569 1566 ἔρημον,
604 1495 747 1548 τοῦτ’
774 1496 942 1561 ἐστιν,
990 1500 1070 1561 είς
1103 1499 1540 1569 ἀπαρενόχλητόν
1584 1518 1643 1554 τε
1683 1504 1777 1555 καὶ

212 1585 454 1657 καθαρὰν
481 1586 718 1652 διανοίας
746 1588 1100 1651 κατάστασιν,
1137 1589 1258 1642 ὅθεν
1297 1591 1391 1644 καὶ
1421 1594 1479 1643 ἐν
1515 1594 1708 1661 ἀρχαῖς
1742 1593 1775 1663 ἡ

209 1676 298 1729 106
334 1676 625 1748 ἀνθρώπου
674 1679 836 1746 φύσις
869 1678 1190 1748 ἐκϐέϐηκεν,
1228 1680 1403 1750 ἐνδείᾳ
1432 1680 1540 1733 τῶν
1572 1681 1777 1735 ἄνωθεν

210 1767 429 1836 ἀγαθῶν
459 1768 807 1823 ἀπονεύσασα
841 1770 976 1841 πρὸς
1003 1769 1073 1824 τά
1091 1771 1277 1841 χείρω.
1307 1771 1476 1824 T0610
1504 1772 1613 1843 γάρ
1641 1775 1773 1825 αίνι-
1808 1750 1848 1805 Β

215 1859 517 1928 γματωδῶς
543 1860 980 1929 κατασημήνειεν
1009 1858 1089 1913 ᾶν-
1120 1862 1153 1930 ἡ
1181 1862 1261 1922 είς
1300 1860 1612 1931 ἀλλοτρίους
1641 1860 1773 1914 κάθ-

206 1949 333 2012 οδος,
365 1949 479 2002 ἀπὸ
499 1951 601 2020 γῆς
630 1950 791 2002 οἱονεὶ
811 1950 905 2002 καὶ
936 1950 1139 2020 σκηνῆς
1159 1953 1257 2020 τῆς
1287 1953 1344 2004 ἐν
1367 1951 1563 2023 ἀρχαῖς
1590 1969 1649 2003 τε
1680 1951 1775 2004 καὶ

207 2039 547 2109 φιλαιτάτης,
579 2040 637 2090 ἐν
732 2039 826 2091 καὶ
851 2038 1246 2108 θυσιαστήριον.
1279 2038 1776 2111 Παλινδρομοῦντες

207 2129 301 2200 γὰρ
324 2127 541 2191 οὕτως,
573 2128 676 2190 ἕως
715 2126 782 2181 ἂν
811 2130 866 2180 ἐν
891 2128 1041 2198 τόπῳ
1062 2127 1156 2180 καὶ
1184 2126 1337 2199 χώρᾳ
1365 2128 1650 2199 γενώμεθα
1680 2128 1774 2182 τοῦ

207 2219 594 2289 θυσιαστηρίου
627 2216 721 2271 τοῦ
753 2218 810 2270 ἐν
857 2218 1074 2287 ἀρχαῖς,
1122 2216 1265 2270 τοῦτ’
1302 2218 1438 2282 ἔστι,
1476 2217 1568 2271 τοῦ
1609 2217 1775 2272 πάλαι

207 2307 656 2380 προσπεφυκότος
697 2306 998 2376 ἀγιασμοῦ,
1038 2307 1132 2362 καὶ
1175 2309 1337 2379 ἡμεῖς
1374 2308 1777 2381 ἐπικαλούμεθα

204 2400 287 2453 τὸν
307 2399 427 2453 τῶν
451 2399 587 2452 ὅλων
625 2397 778 2464 Θεὸν,
805 2397 868 2451 τὸ
896 2399 1235 2469 προφητικὸν
1265 2401 1443 2455 ἐκεῖνο
1480 2400 1775 2473 πρόσρημα

204 2491 452 2561 λέγοντες
470 2507 484 2521 ·
524 2508 542 2542 ι
572 2490 764 2558 Κύριε,
793 2490 949 2555 ἐκτὸς
984 2490 1080 2544 σοῦ
1109 2490 1267 2545 ἀλλον
1295 2492 1394 2545 οὐκ
1427 2491 1670 2562 οἴδαμεν.
1701 2493 1775 2546 Τὸ

204 2581 373 2653 δνομά
406 2598 501 2634 σου
536 2581 897 2653 ὀνομάζομεν.
944 2598 964 2633 ι

265 2762 482 2817 ΠΑΛΛ.
534 2761 878 2817 Ἀστειότατα
914 2760 1073 2833 ἔφης.

266 2852 434 2906 ΚΥΡ,
474 2852 630 2915 ’Ίδοις
654 2851 700 2905 δ’
724 2850 788 2906 ἀν
816 2852 878 2905 τὸ
903 2852 1095 2925 χρῆμα
1118 2852 1248 2923 ἡμῖν
1272 2851 1369 2923 οὐχ
1398 2851 1600 2923 ἑτέρως
1627 2848 1770 2922 ἔχον,

205 2944 290 2996 καὶ
325 2943 401 2997 τὰ
432 2942 527 2996 ἐπὶ
552 2945 665 3005 τοῖς
685 2944 819 3006 υίοῖς
860 2942 1073 3014 Ἰσραὴλ
1095 2942 1356 3012 γεγονότα
1382 2943 1520 2996 κατά
1550 2944 1774 3013 καιροὺς

206 3029 258 3086 εὖ
306 3035 456 3105 μάλα
489 3033 977 3104 διασκοπούμενοςο
1013 3031 1107 3097 οὒς
1155 3034 1384 3105 ἐπείπερ
1418 3027 1561 3086 εἷλον
1590 3035 1641 3087 οί
1674 3034 1772 3087 Αί-

206 3100 420 3194 γύπτιοι
477 3124 639 3196 λιμοῦ
689 3100 1104 3197 κατ’ωθήσαντος
1150 3126 1209 3178 ἐν
1262 3100 1456 3197 ἀργαῖς
1505 3126 1599 3178 καὶ
1645 3125 1771 3188 τοὺς
1799 3100 1841 3157 C

206 3219 399 3273 ἄνωθέν
434 3236 500 3272 τε
533 3220 628 3272 καὶ
670 3220 736 3272 ἐκ
773 3217 929 3290 ῥίζης
965 3219 1168 3288 ἁγίων,
1215 3220 1310 3273 καὶ
1349 3218 1664 3290 ἐλευθέρους
1695 3221 1775 3283 εἰς

206 3311 462 3382 ἀδόκητόν
510 3327 571 3364 τε
611 3310 703 3364 καὶ
733 3310 1065 3381 ἀμελέτητον
1095 3312 1278 3375 αὐτοῖς
1314 3309 1774 3379 καταζευγνύντες

208 3398 436 3468 θητείαν,
470 3401 678 3471 ἀγρίως
695 3399 1098 3466 κατεϐιάζοντο,
1114 3400 1214 3472 τῆς
1235 3402 1320 3454 ἐπ’
1343 3402 1536 3463 αὐτοὺς
1559 3399 1778 3470 ὠμότη-

204 3506 288 3553 τος
323 3490 538 3544 τοιάνδε
568 3490 690 3543 τινά
731 3489 1013 3555 συνθέντες
1042 3491 1141 3562 τὴν
1169 3492 1443 3562 ἀφορμήν.
1488 3510 1506 3543 ι
1550 3491 1773 3560 Ἀνέστη

206 3582 325 3652 γάρ,
364 3602 384 3633 ι
419 3583 580 3652 φησι,
615 3601 632 3632 ι
674 3581 919 3651 βασιλεὺς
937 3583 1123 3654 ἕτερος
1152 3582 1241 3635 ἐπ’
1272 3584 1565 3650 Αἴγυπτον,
1592 3583 1652 3646 ὃς
1675 3582 1777 3636 οὐκ

206 3672 312 3743 ᾔδει
341 3674 437 3727 τὸν
487 3674 705 3744 Ἰωσήφ.
742 3670 876 3727 Εἷπε
907 3673 964 3727 δὲ
990 3673 1070 3745 τῷ
1101 3675 1249 3742 γένει
1295 3672 1457 3727 αὐτοῦ
1488 3690 1503 3704 ο
1557 3673 1686 3727 Ἰδοὺ
1714 3673 1779 3727 τὸ

206 3762 351 3828 γένος
390 3763 508 3816 τῶν
546 3763 678 3815 υἱῶν
720 3761 971 3834 Ἰσραὴλ,
1009 3763 1151 3833 μέγα
1190 3762 1414 3833 πλῆθος,
1457 3761 1552 3816 καὶ
1605 3761 1776 3832 ίσχύει

207 3851 336 3925 ὑπὲρ
365 3853 542 3923 ἡμᾶς,
582 3850 732 3905 δεῦτε
768 3852 1266 3923 κατασοφισώμεθα
1306 3853 1529 3917 αὐτοὺς,
1565 3853 1776 3923 μήποτε

209 3940 506 4013 πληθυνθῇ,
535 3942 649 4005 καὶ,
674 3942 837 4012 ἡνίκα
866 3943 959 3996 ἐὰν
987 3942 1167 4013 συμϐῇ
1199 3943 1455 4013 πόλεμος,
1479 3942 1777 4014 προστεθήο

216 4048 386 4086 σονται
432 4033 537 4086 καὶ
562 4024 707 4085 οὗτοι
742 4033 877 4103 πρὸς
909 4034 1034 4096 τοὺς
1077 4033 1451 4097 ὑπεναντίους,
1491 4034 1586 4087 καὶ
1609 4036 1775 4087 ἐκπο-

206 4123 538 4194 λεμήσαντες
558 4126 725 4195 ἡμᾶς,
755 4125 1128 4192 ἐξελεύσονται
1152 4128 1215 4178 ἐκ
1243 4124 1343 4195 τῆς
1362 4127 1485 4195 γῆς.
1513 4145 1532 4176 ›
1552 4107 1773 4180 Ἐλύπέι

208 4212 325 4282 γὰρ,
347 4209 531 4285 οἶμαι,
547 4215 638 4269 τὸν
663 4213 764 4284 τῆς
791 4213 1103 4283 Αἰγυπτίων
1128 4213 1424 4284 ἐξάρχοντα
1452 4214 1650 4282 γῆς,τὸ
1672 4214 1777 4269 κᾶν

206 4306 325 4375 γοῦν
369 4307 597 4362 ἑλέσθαι
648 4307 777 4361 ποτὲ
827 4307 961 4377 πρὸς
1008 4298 1318 4375 ἐλευθερίαν
1363 4305 1504 4369 ἰδεῖν,
1549 4307 1675 4368 τοὺς
1718 4306 1776 4383 ἐξ

205 4401 498 4468 ἀναγκαίου
535 4398 754 4471 δεσμοῦ,
784 4399 845 4454 06
875 4398 1018 4452 κατά
1054 4396 1279 4467 γνώμην
1312 4398 1770 4467 δπεζευγμένους.
1803 4428 1847 4481 D

212 4511 229 4542 ι
250 4493 354 4546 Kal
366 4494 679 4563 ἐπέστησεν
692 4492 895 4555 αὐτοῖς,
916 4490 1101 4559 φησὶν,
1129 4490 1424 4552 ἐπιστάτας
1447 4488 1554 4542 τῶν
1573 4488 1772 4559 ἔργων,

209 4580 289 4635 ἵνα
316 4582 650 4636 κακώσωσιν
686 4581 882 4643 αὐτοὺς
917 4581 982 4632 ἐκ
1011 4579 1119 4632 τῶν
1147 4579 1346 4649 ἔργων.
1375 4579 1468 4631 καὶ
1495 4577 1777 4649 ᾠκοδόμη-

209 4688 302 4723 σαν
338 4672 530 4735 πόλεις
556 4670 758 4742 ὀχυρὰς
801 4669 880 4739 τῷ
925 4667 1124 4740 Φαραὼ
1156 4671 1255 4739 τήν
1297 4685 1357 4721 τε
1398 4665 1640 4730 Πειθὼν,
1688 4667 1782 4721 καὶ

215 4758 514 4832 Ῥαμεσσῆ,
547 4762 642 4815 καὶ
673 4753 795 4825 Ὧν,
819 4761 854 4830 ἦ
886 4762 1034 4813 ἐστιν
1075 4759 1255 4812 Ἡλίου
1297 4758 1470 4822 πόλις.
1513 4778 1531 4809 ι
1565 4758 1782 4829 Καρποὶ

205 4849 306 4922 γὰρ
347 4848 494 4924 ἦσαν
553 4852 652 4923 τῆς
676 4853 949 4922 ἀφορήτου
982 4851 1310 4917 πλεονεξίας,
1336 4848 1661 4921 τληπάθειαι
1682 4848 1779 4919 μὲν

207 4938 258 4989 αἱ
303 4939 578 5010 διηνεκεῖς
618 4939 712 4992 ἐπί
746 4956 807 4992 τε
841 4938 998 5011 πηλῷ
1034 4939 1129 4992 καὶ
1179 4939 1458 5011 πλινθείᾳ,
1494 4939 1678 5001 πόλεις
1720 4938 1777 4992 δὲ

205 5029 511 5099 περιϐόλοις
546 5028 924 5100 πυργούμεναι
947 5067 963 5094 ,
996 5028 1220 5083 καὶτῶν
1259 5031 1317 5083 ἐν
1360 5030 1548 5099 ἀγροῖς
1590 5028 1776 5099 χωμά·

1875 511 1933 559 et
1958 510 2214 572 argento:
2243 509 2300 556 et
2326 500 2461 555 abiit
2488 499 2685 553 itinere
2699 511 2811 566 quo
2847 507 3074 552 venerat
3096 498 3151 551 in
3167 497 3446 552 desertum

1876 610 2051 663 usque
2073 593 2281 657 Bethel,
2311 606 2487 662 usque
2523 591 2592 645 ad
2620 590 2800 644 locum
2835 587 2931 641 ubi
2968 587 3146 642 fuerat
3191 588 3447 642 taberna-

1877 687 2061 742 culum
2091 687 2213 756 ejus
2236 685 2409 755 prius,
2460 682 2566 753 33
2619 682 2765 735 inter
2792 678 2981 733 Bethel
3028 685 3085 732 et
3136 678 3356 748 llaggai,
3387 678 3448 732 in

1876 775 2058 832 locum
2086 774 2295 838 altaris,
2333 772 2483 842 quod
2512 772 2717 826 fecerat
2742 769 2819 823 ibi
2854 768 3033 838 prius,
3078 775 3136 820 et
3170 767 3449 821 invocavit

1877 867 1954 923 ibi
1979 865 2255 921 Abraham
2294 879 2496 918 nomen
2531 861 2748 916 Domini
2777 862 2845 913 ".
2882 879 2901 911 ι
2939 858 3207 928 lntelligis
3255 859 3446 927 igitur,

1876 958 1973 1028 qui
2018 972 2088 1010 ex
2130 952 2553 1023 intemperantia
2595 949 2845 1005 saaculari
2893 947 2959 1002 ad
3006 947 3234 1001 alteram
3278 945 3449 998 vitam

1878 1054 2193 1111 recurrunt,
2237 1045 2307 1100 iis
2347 1043 2533 1099 omnia
2571 1041 2735 1097 simul
2776 1055 2896 1095 esse
2930 1037 3271 1093 abducenda.
3306 1036 3443 1090 Nam

1878 1156 2004 1196 cum
2032 1139 2289 1194 universa
2332 1135 2561 1199 familia,
2612 1133 2985 1200 universoque
3035 1144 3255 1200 genere,
3312 1126 3450 1181 illud

1876 1232 2043 1286 etiam
2058 1227 2384 1291 addiderim,
2424 1240 2550 1281 cum
2586 1223 2847 1278 universa
2876 1220 3233 1290 supellectili,
3272 1218 3449 1272 Abra-

1880 1322 2004 1377 ham
2035 1319 2346 1391 patriarcha
2390 1334 2458 1373 ex
2499 1315 2877 1387 Egyptiorum
2910 1313 3131 1381 regione
3171 1310 3444 1381 migravit.

1876 1413 2103 1482 Oportet
2138 1412 2286 1466 enim
2344 1408 2602 1464 omnibus
2652 1405 2831 1460 modis
2871 1403 3176 1465 discedere,
3225 1410 3281 1456 et
3322 1415 3449 1455 cum

1877 1505 2131 1559 universa
2163 1499 2567 1572 quodammodo
2610 1496 2816 1551 familia
2852 1494 2909 1548 in
2947 1493 3226 1547 desertum
3272 1490 3449 1543 demi-

1876 1610 2055 1664 grare,
2111 1594 2167 1648 id
2213 1601 2318 1657 est,
2364 1590 2431 1645 ad
2463 1588 2924 1658 imperturbatum
2972 1591 3029 1637 et
3083 1582 3442 1651 tranquillum

1877 1682 2045 1736 animi
2092 1690 2315 1745 statum,
2352 1679 2496 1734 unde
2533 1679 2602 1732 ab
2644 1677 2804 1730 initio
2829 1673 3069 1728 hominis
3099 1681 3295 1725 natura
3328 1670 3444 1723 dis-

1878 1776 2060 1839 cessit,
2090 1791 2216 1829 cum
2258 1775 2439 1844 inopia
2467 1785 2831 1841 supernorum
2859 1768 3129 1822 bonorum
3169 1765 3235 1818 ad
3264 1764 3451 1833 pejora

1879 1867 2214 1921 declinavit:
2251 1865 2305 1919 id
2328 1866 2475 1919 enim
2508 1879 2608 1932 per
2635 1862 2866 1930 aenigma
2919 1856 3190 1928 signiﬁcat
3228 1855 3319 1907 ille
3380 1853 3449 1906 ad

1879 1964 2093 2013 exteras
2129 1956 2386 2010 nationes
2413 1954 2732 2014 descensus,
2770 1950 2839 2004 ab
2881 1949 2975 2004 illa
3004 1947 3203 2009 veteri,
3259 1952 3317 1998 et
3356 1946 3448 2013 ju-

1880 2048 2214 2103 cundissima
2250 2053 2418 2109 terra,
2446 2046 2502 2099 in
2551 2059 2659 2113 qua
2689 2043 2859 2097 altare
2894 2053 3112 2109 quoque
3136 2046 3254 2092 erat
3279 2055 3291 2089 :
3320 2052 3449 2090 nam

1880 2138 1987 2192 hoc
2011 2145 2169 2208 pacto
2196 2142 2567 2198 recurrentes,
2598 2145 2885 2201 quousque
2931 2129 2998 2183 ad
3033 2129 3214 2181 locum
3257 2141 3323 2179 ac
3358 2140 3447 2178 re-

1880 2227 2097 2297 gionem
2143 2225 2533 2295 perveniamus
2572 2220 2763 2275 altaris
2814 2219 2955 2288 ejus,
2997 2216 3145 2285 quod
3183 2214 3252 2268 ab
3288 2212 3450 2267 initio

1880 2317 2080 2383 fuerat,
2106 2317 2161 2372 id
2184 2324 2270 2370 est
2299 2315 2449 2368 illius
2468 2312 2672 2367 veteris
2693 2317 2752 2365 et
2782 2309 2946 2363 nobis
2970 2306 3154 2361 insitae
3178 2304 3449 2359 sanctita-

1880 2409 1977 2473 tis,
2003 2423 2105 2463 nos
2152 2407 2256 2477 ipsi
2296 2418 2518 2474 quoque
2570 2403 2888 2455 invocamus
2927 2414 3112 2452 rerum
3162 2396 3449 2449 universa-

1878 2516 2003 2557 rum
2059 2501 2255 2563 Deum,
2313 2494 2637 2567 prophetica
2698 2491 2792 2545 illa
2838 2490 3116 2544 dicentes:
3152 2485 3445 2547 rDomine,

1877 2599 2031 2648 extra
2066 2598 2121 2645 te
2164 2588 2334 2643 alium
2379 2600 2489 2640 non
2520 2583 2800 2646 novimus,
2828 2594 3031 2634 nomen
3079 2586 3236 2631 tuum
3288 2575 3446 2628 invo-

1876 2696 2068 2739 camus
2092 2681 2158 2736 ⁹⁸.
2192 2700 2211 2733 ι

1948 2775 2145 2831 PALL.
2170 2770 2580 2844 Elegantissime
2604 2766 2811 2823 dixisti.

1946 2865 2106 2921 CYR.
2137 2865 2196 2920 ω
2224 2873 2409 2919 autem
2436 2875 2548 2917 non
2576 2861 2738 2915 aliter
2760 2874 2820 2913 se
2856 2857 3065 2912 habere
3094 2855 3252 2910 facile
3285 2854 3447 2908 intel-

1877 2956 2035 3028 liges,
2085 2957 2131 3011 si
2181 2971 2303 3025 quae
2337 2953 2466 3008 ﬁliis
2501 2965 2722 3022 quoque
2752 2948 2923 3003 Israel
2959 2947 3076 3001 suis
3111 2944 3450 3014 temporibus

1878 3047 2222 3110 acciderunt,
2259 3044 2553 3115 diligenter
2576 3038 2886 3111 inSpexeris
2931 3053 2945 3091 :
2989 3050 3130 3105 quos
3171 3049 3297 3089 eum
3339 3048 3450 3087 cm-

1873 3139 2086 3209 pissent
2113 3134 2375 3206 .Egyptii,
2414 3133 2557 3188 fame
2582 3128 2897 3199 compulsos
2946 3127 3016 3181 ab
3048 3126 3229 3187 initio,
3263 3134 3320 3179 et
3343 3124 3448 3175 ho-

1872 3226 2050 3280 mines
2087 3224 2156 3279 ab
2209 3223 2330 3292 ipsa
2377 3222 2649 3291 majorum
2677 3231 2904 3271 suorum
2946 3214 3181 3283 origine,
3208 3227 3239 3266 c
3278 3211 3449 3281 stirpe

1871 3324 2186 3371 sanctorum
2208 3323 2380 3376 ortos,
2407 3322 2463 3366 et
2479 3311 2705 3369 liberos,
2724 3306 2793 3360 ad
2817 3304 3157 3372 inopinatam
3176 3311 3233 3355 et
3258 3302 3449 3355 insue-

1872 3413 1983 3461 tam
2040 3404 2428 3473 subjugassent
2470 3401 2829 3464 servitutem,
2870 3396 3199 3452 immaniter
3241 3391 3451 3446 violen-

1875 3506 2073 3566 terque
2119 3495 2452 3558 tractabant,
2481 3508 2595 3547 suae
2630 3492 2898 3563 adversus
2937 3490 3060 3544 illos
3104 3483 3450 3541 crudelitatis
3508 3524 3523 3543 .

1874 3590 1980 3644 hac
2000 3586 2289 3644 occasione
2340 3585 2591 3641 conﬁcta.
2645 3604 2664 3635 ι
2696 3584 2950 3639 Surrexit
2994 3581 3204 3643 enim,»
3247 3579 3446 3648 inquit,

1883 3696 2015 3735 «rex
2034 3681 2174 3734 alter
2197 3679 2252 3732 in
2280 3677 2531 3748 Egypto,
2562 3677 2657 3747 qui
2684 3692 2794 3731 non
2842 3681 3069 3729 noverat
3097 3670 3322 3741 Ioseph,
3353 3669 3449 3740 qui

1874 3771 2013 3826 dixit
2037 3771 2240 3840 populo
2283 3785 2414 3824 suo:
2448 3770 2588 3824 Ecce
2618 3782 2791 3839 genus
2814 3766 3050 3820 ﬁliorum
3076 3762 3243 3819 Israel
3303 3761 3450 3814 mul-

1874 3873 1990 3919 tum
2006 3871 2109 3924 est,
2137 3871 2197 3918 et
2230 3861 2588 3917 multitudine
2640 3861 2786 3915 valet
2824 3874 2991 3928 super
3042 3871 3164 3910 nos.
3228 3853 3446 3916 Venite,

1874 3954 2164 4010 fraudibus
2201 3954 2577 4024 opprimamus
2606 3952 2748 4015 illos,
2773 3966 2844 4005 ne
2889 3950 3032 4003 forte
3076 3943 3448 4015 multiplicen-

1878 4053 2004 4110 tur;
2031 4051 2089 4098 et
2140 4057 2266 4097 cum
2308 4040 2574 4096 acciderit
2614 4040 2778 4094 nobis
2804 4039 3031 4102 bellum,
3083 4036 3450 4106 adjungantur

1875 4133 2040 4187 etiam
2078 4131 2137 4185 hi
2190 4116 2433 4184 inimicis
2475 4128 2714 4191 nostris,
2762 4135 2840 4191 et,
2891 4123 3220 4195 expugnatis
3261 4120 3446 4184 nobis,

1876 4221 2231 4293 egrediantur
2274 4220 2343 4274 de
2382 4228 2526 4273 terra
2556 4218 2623 4271 ⁸⁸.
2656 4236 2675 4268 ι
2723 4216 2971 4285 Angebat
3005 4214 3174 4275 enim,
3226 4210 3445 4278 opinor,

1874 4307 2252 4378 Egyptiorum
2278 4314 2440 4360 teme
2469 4304 2797 4373 principem,
2825 4302 2971 4371 quo'd
2995 4301 3082 4354 vel
3112 4298 3464 4367 respicerent

1876 4397 2169 4468 aliquando
2192 4396 2413 4451 tandem
2435 4393 2504 4447 ad
2526 4392 2862 4455 libertatem,
2920 4391 2957 4444 ii
2989 4388 3084 4458 qui
3132 4386 3449 4441 necessario

1876 4506 2053 4561 eoque
2078 4498 2278 4559 praeter
2302 4487 2618 4557 opinionem
2638 4482 2882 4547 vinculo,
2913 4479 3184 4551 subjugati
3208 4477 3445 4531 fuerant.

1885 4600 1904 4632 σ
1942 4579 2349 4651 Etpraeposuit,
2384 4597 2403 4629 ι
2448 4576 2649 4645 inquit,
2679 4594 2698 4626 ι
2729 4574 2814 4628 eis
2855 4573 3146 4643 magistros
3190 4585 3444 4640 operum,

1878 4680 1940 4726 ut
1964 4671 2267 4741 allligerent
2295 4683 2392 4723 eos
2409 4666 2673 4737 operibus
2698 4682 2713 4731 ;
2763 4673 2821 4719 et
2848 4663 3256 4719 mdilicaverunt
3283 4660 3450 4716 urbes

1880 4761 2121 4815 munitas
2150 4758 2442 4823 Pharaoni,
2477 4757 2694 4812 Phitom
2743 4765 2801 4811 et
2839 4757 3147 4816 Ramesses,
3198 4761 3255 4805 et
3302 4750 3444 4815 lion,

1881 4866 2005 4921 qua:
2027 4859 2113 4906 est
2134 4850 2434 4919 Heli0polis
2467 4850 2505 4903 ί.
2526 4868 2545 4900 ι
2569 4847 2677 4919 34.
2706 4848 2774 4901 Hi
2801 4859 3037 4914 namque
3062 4842 3275 4896 fructus
3290 4852 3449 4896 erant

1880 4941 2028 4995 illius
2052 4955 2163 4993 non
2202 4938 2415 4994 ferendi
2459 4938 2794 4997 dominatus,
2848 4931 3167 4987 vexationes
3226 4944 3445 4999 nempe,

1883 5039 2045 5099 atque
2071 5044 2330 5084 aerumnae
2374 5028 2609 5083 assidua:
2646 5026 2702 5079 in
2736 5026 2851 5078 luto
2888 5030 3054 5091 atque
3088 5034 3256 5090 opere
3306 5020 3446 5074 late-

204 5134 303 5173 των
322 5121 601 5192 ἐγέρσεις,
626 5120 818 5190 ἀμισθὶ
845 5120 904 5174 δὲ
931 5120 1087 5174 ταυτὶ
1105 5120 1200 5174 καὶ
1230 5121 1326 5173 σὺν
1365 5120 1549 5191 ἱδρῶτι
1578 5120 1772 5191 μακρῷ

1878 5121 2018 5185 ritio,
2054 5121 2222 5176 urbes
2267 5135 2490 5190 quoque
2535 5115 2813 5171 moenibus
2851 5129 2916 5168 ac
2951 5113 3201 5167 turribus
3230 5112 3445 5177 cinctae,

201 5213 306 5290 τοῖς
344 5211 575 5265 πονοῦσ.
615 5210 1005 5282 διεπεραίνετο.
1047 5210 1185 5264 Ὑπὸ
1222 5214 1380 5282 χεῖρα
1417 5210 1525 5282 γὰρ
1565 5211 1774 5274 ἑλόντες

1878 5218 1926 5264 et
1952 5225 2210 5281 aggerum
2230 5210 2288 5262 in
2303 5208 2451 5278 agris
2476 5203 2896 5261 exstructiones.
2920 5202 3047 5257 Haec
3075 5208 3259 5256 autem
3280 5215 3448 5268 opera

201 5298 291 5368 τὴν
315 5301 534 5354 ἑαυτῶν
565 5302 615 5353 οί
638 5300 1078 5373 κοσμοκράτορες
1104 5300 1198 5354 τοῦ
1226 5301 1422 5363 αίῶνος
1456 5300 1645 5354 τούτου
1676 5302 1776 5363 τὰς

200 5392 382 5457 ἀθλίας
421 5394 540 5446 τῶν
580 5391 884 5465 ἀνθρώπων
914 5393 1111 5463 ψυχὰς,
1147 5393 1306 5465 πηλῷ
1345 5394 1439 5448 καὶ
1479 5392 1779 5455 πλινθείαις

199 5485 430 5550 καὶτοῖς
466 5486 551 5550 είς
588 5485 696 5557 γῆν
739 5501 799 5538 τε
841 5485 936 5540 καὶ
974 5486 1103 5556 περὶ
1133 5486 1238 5558 γῆν
1273 5486 1572 5557 δρωμένοις
1614 5486 1782 5554 ἐγκα-

1874 5302 1993 5387 sine
2026 5301 2134 5355 ulla
2164 5299 2441 5363 mercede,
2485 5296 2785 5364 multisque
2806 5308 2932 5349 cum
2962 5292 3258 5348 sudoribus
3290 5289 3447 5342 labo-

1877 5382 2061 5448 rantes
2109 5390 2491 5461 perﬁciebant.
2538 5387 2825 5456 Principes
2845 5387 2999 5441 enim
3049 5382 3234 5440 saeculi
3279 5380 3449 5449 hujus

1880 5487 1976 5543 ubi
1999 5485 2103 5540 sub
2132 5482 2400 5538 ditionem
2440 5496 2596 5538 suam
2632 5479 2883 5535 infelices
2912 5479 3125 5534 animos
3160 5472 3446 5530 hominum

258 5663 299 5695 ’⁷
324 5663 469 5721 Gcn.
504 5679 561 5732 x,
592 5662 645 5719 8.
722 5664 767 5697 ’⁸
794 5663 895 5722 lsa.
924 5681 1079 5732 xxv1,
1112 5665 1199 5721 15.
1276 5665 1317 5698 ⁹⁹
1343 5663 1514 5723 Exod.
1546 5681 1583 5730 ι,
1626 5662 1778 5718 8-10.

1899 5660 2033 5718 ibid.
2085 5661 2173 5717 21.
