3968 6300
411 5491 428 5516 \P

415 5523 428 5552 \
453 5554 458 5558 .

486 249 586 304 187

1503 257 1557 313 S.
1600 258 1873 314 CYRILLI
1917 259 2390 319 ALEXANDRINI‘
2421 265 2739 321 ARCHIEP.

491 368 772 434 ceperint,
827 367 886 421 in
917 367 1034 422 Iulo
1073 384 1136 424 ac
1183 369 1441 428 Iateritiis
1487 376 1768 444 operibus,
1815 378 1905 443 iis,
1960 379 2047 432 in—

2162 383 2492 454 ιατρύχουσι,
2547 387 2642 438 καὶ
2685 384 2976 456 πειρασμῷ
3022 384 3240 457 πονηρῷ
3274 403 3332 439 τε
3371 390 3463 441 καὶ
3505 392 3728 462 ἀκερδεῖ

397 524 406 534 ⁸
483 469 666 523 quam,
713 471 833 526 quae
865 458 920 512 in
951 469 1093 512 terra
1125 469 1181 514 et
1203 460 1348 516 circa
1381 473 1582 519 terram
1617 466 1775 531 ﬁunt,
1802 484 1900 523 eos
1914 484 2050 524 con-

485 555 704 613 terunt,
753 559 810 604 et
850 550 918 605 ad
952 551 1256 607 laboriosas
1288 553 1624 625 inutilesque
1661 561 2052 628 occupationes

378 651 385 712 ᾖ
481 637 754 693 distentos
772 649 934 709 atque
968 641 1254 698 devinctos
1277 642 1568 714 (ejusmodi
1600 664 1833 718 namque
1854 649 2050 705 viden-

487 744 576 782 tur
608 729 790 784 carnis
811 745 997 800 opera,
1029 741 1085 786 et
1113 748 1235 802 qua:
1261 735 1408 788 circa
1448 751 1570 790 eam
1599 736 1758 806 ﬁunt)
1793 738 2049 792 acerbam

481 820 856 890 aerumnisque
899 823 1156 880 omnibus
1210 824 1427 893 plenam
1468 825 1638 880 vitam
1703 827 1901 898 degere
1960 845 2052 884 co-

484 918 640 978 gunt,
669 925 790 979 qua:
815 911 1021 964 nullam
1059 927 1287 980 prorsus
1321 914 1411 979 iis,
1452 917 1548 984 qui
1593 913 2057 989 hujusmodiope-

488 1005 648 1060 ribus
704 1002 1026 1056 incumbere
1079 1005 1254 1058 coacti
1302 1015 1451 1071 sunt,
1491 1006 1687 1062 aﬂ‘erat
1733 1009 2062 1064 utilitatem-

483 1097 625 1165 Quid
671 1095 820 1149 enim
865 1095 1050 1148 carnis
1094 1109 1266 1164 opera
1308 1111 1373 1150 ac
1418 1098 1552 1153 vitia
1587 1100 1804 1156 miserm
1851 1111 2062 1157 nostrae-

483 1190 680 1244 animze
719 1185 968 1256 prosint?
1001 1185 1073 1239 Et
1111 1186 1252 1241 lucri
1296 1187 1545 1256 quaedam
1595 1190 1808 1258 species
1836 1190 1905 1244 ad
1936 1191 2058 1245 dia-

483 1280 671 1335 bolum
728 1293 793 1332 ac
829 1277 1115 1332 daarnonas"
1143 1279 1464 1347 pertinebit,
1515 1287 1572 1334 et
1609 1280 2052 1337 adversariorum

485 1385 654 1440 regno
687 1377 856 1438 partae
901 1383 1034 1439 opes
1067 1377 1231 1424 erunt
1268 1377 1324 1424 et
1353 1370 1549 1440 gloria,
1591 1372 2052 1441 quemadmodum

481 1461 652 1514 etiam
693 1458 964 1514 Pharaoni
1000 1457 1187 1528 gloriae
1238 1474 1350 1513 non
1376 1459 1643 1514 mediocri
1684 1460 1809 1526 fuit,
1845 1471 1907 1515 ut
1946 1477 2055 1531 pu—

2155 476 2557 546 προσδήσαντες
2599 475 2820 547 (τοιάδε
2857 477 2966 546 γὰρ
3010 476 3079 529 τά
3114 478 3315 554 σαρκὸς
3350 480 3447 533 καὶ
3483 482 3552 536 τὰ
3594 485 3726 554 περὶ

2153 565 2322 637 αὐτὴν
2344 567 2481 638 ἔργα
2506 567 2755 637 φαίνεται
2784 568 2824 633 ),
2848 566 3052 638 πικράν
3075 547 3443 637 ἀναγκάζουσι
3463 573 3555 626 καὶ
3575 547 3728 645 παμ-

2157 656 2428 728 μόχθηρον
2461 658 2665 730 κομιδῇ¹
2687 657 3074 728 καταδέχεσθαι
3114 659 3279 730 ζωὴν,
3312 662 3346 733 ἢ
3379 663 3500 716 κατ’
3532 664 3728 720 οὐδένα

2152 749 2351 817 τρόπον
2390 749 2503 812 τοῖς
2541 749 2879 818 ἐπιτηδεύειν
2928 750 3364 821 ἠναγκασμένοις
3406 753 3631 808 εἰσοίσει
3663 754 3726 809 τὸ

2153 837 2415 906 ὠφελοῦν.
2447 839 2512 891 Τί
2541 838 2648 908 γὰρ
2681 838 2745 892 ἂν
2787 839 2858 892 τὰ
2903 840 3105 909 σαρκὸς
3149 841 3286 912 ἔργα
3329 859 3390 894 τε
3433 844 3528 896 καὶ
3578 846 3726 915 πάθη

2150 928 2249 997 τὴν
2287 927 2478 984 ἀθλίαν
2525 929 2681 1000 ἡμῶν
2713 930 2894 999 ὀνήσει
2931 930 3144 1002 ψυχήν;
3199 931 3405 1000 Κέρδος
3444 932 3501 986 δέ
3535 933 3726 1007 ὥσπερ

2149 1019 2493 1072 ἀνακείσεται
2541 1018 2671 1090 παρ’
2711 1019 2869 1090 ήμῶν
2917 1019 3149 1090 διαόόλῳ
3192 1021 3289 1074 καὶ
3335 1019 3578 1091 δαίμοσι,
3633 1025 3728 1076 καὶ

2149 1107 2250 1176 τῆς
2282 1107 2388 1161 τῶν
2423 1107 2809 1178 ἀντικειμένη»)
2844 1107 3120 1178 βασιλείας
3162 1108 3390 1174 πλοῦτος
3428 1110 3582 1164 ἐσται
3633 1114 3730 1166 καὶ

2153 1197 2408 1269 καύχημα
2431 1241 2446 1266 ,
2479 1199 2733 1271 καθάπερ
2772 1199 2964 1269 ἀμέλει
2993 1200 3087 1254 καὶ
3116 1198 3193 1270 τῷ
3221 1200 3420 1272 Φαραὼ
3456 1203 3596 1273 πρὸς
3642 1205 3730 1257 εὐ-

2156 1287 2338 1352 κλείας
2383 1288 2442 1342 δν
2481 1290 2540 1342 ού
2589 1290 2787 1360 μικρᾶς
2839 1287 2976 1359 ᾤετο
3019 1288 3079 1342 τὸ
3113 1288 3502 1359 ἀναδείμασθαι
3545 1291 3730 1355 πόλεις

2155 1375 2303 1446 αύτῷ
2318 1377 2444 1439 τοὺς
2461 1376 2524 1441 ἐξ
2555 1373 2772 1448 Ἰσραὴλ
2795 1375 2945 1430 ἀσιτίη
2973 1393 3033 1429 τε
3059 1377 3153 1430 καὶ
3179 1377 3372 1448 ἀμισθὶ
3407 1379 3542 1449 πρὸς
3571 1381 3730 1433 τοῦτο

3355 1469 3369 1488 θ

2155 1465 2310 1535 ἥκειν
2332 1467 2799 1536 ⁴ἠναγκασμένους.
3355 1469 3377 1532 ξ

485 1550 656 1614 tabat,
699 1549 866 1604 urbes
928 1547 1035 1602 sibi
1087 1563 1209 1603 esse
1234 1563 1266 1602 a
1299 1547 1428 1604 ﬁliis
1470 1549 1633 1605 Israel
1678 1557 2006 1618 exstructas,
2059 1568 2238 1624 neque
2273 1556 2399 1612 cibo
2438 1557 2550 1612 ullo
2588 1557 2842 1629 prazbito,
2881 1571 3060 1628 neque
3096 1556 3373 1624 mercede,
3411 1573 3538 1615 eum
3573 1561 3726 1616 labo-

486 1656 602 1695 rem
633 1639 914 1711 suscipere
960 1641 1184 1696 coactis.

555 1735 756 1791 PALL.
805 1734 898 1790 Sic
951 1749 1010 1790 se
1044 1750 1134 1790 res
1168 1735 1356 1791 habet.
1404 1735 1502 1790 Est
1533 1750 1770 1805 namque
1813 1742 1909 1790 tua
1947 1736 2047 1791 ad-

2219 1738 2426 1792 ΠΑΛΛ.
2457 1730 2585 1791 Ὧδε
2615 1737 2750 1809 ἔχει.
2787 1737 2901 1792 Καὶν
2924 1735 3032 1808 γάρ
3056 1754 3135 1791 τοι
3165 1736 3285 1791 λίαν
3315 1739 3462 1793 ἐστὶν
3491 1739 3726 1811 ἐναργὴς

489 1825 718 1880 modum
760 1824 987 1879 evidens
1017 1825 1214 1878 oratio.

554 1917 714 1973 (ΠΒ.
751 1916 1076 1971 Nostrorum
1102 1915 1270 1985 igitur
1292 1915 1347 1968 in
1380 1915 1543 1970 terris
1579 1916 1824 1970 inanium
1852 1924 1907 1971 et
1932 1931 2060 1987 pro-

495 2006 750 2061 fanorum
764 2006 1092 2070 studiorum,
1129 2003 1357 2059 formam
1392 2005 1796 2074 quodammodo
1825 2016 1882 2061 et
1919 2007 2058 2062 ima-

487 2095 668 2164 ginem
687 2094 848 2149 nobis
881 2094 1255 2149 Israelitarum
1293 2093 1449 2148 labor
1487 2094 1758 2164 depingit,
1799 2111 1922 2150 cum
1969 2096 2057 2150 in-

485 2192 592 2241 stet
623 2195 790 2254 atque
815 2184 1099 2238 immineat
1137 2183 1386 2248 Satanas,
1427 2184 1654 2254 ejusque
1693 2186 1924 2239 comites
1957 2201 2058 2239 ne-

484 2277 762 2346 quissimae
786 2282 1103 2346 potestates,
1139 2289 1278 2350 quos
1314 2283 1631 2328 exactorum
1683 2289 1914 2344 Operum
1959 2289 2061 2328 no-

485 2367 631 2420 mine
658 2365 945 2435 Scriptura
981 2364 1168 2419 divina
1202 2364 1488 2433 signiﬁcat.
1529 2365 1657 2420 Haec
1689 2381 1823 2420 vero
1872 2365 2058 2420 studia

481 2472 847 2512 aerumnosam
872 2455 1258 2510 distentionem
1280 2465 1444 2523 atque
1473 2455 1886 2525 occupationem
1907 2455 2062 2525 equi-

483 2547 610 2601 dem
640 2547 896 2612 dixerim,
919 2547 1139 2616 sudoris
1188 2561 1252 2600 ac
1285 2545 1490 2600 laboris
1521 2547 1760 2616 plenam,
1787 2560 1859 2600 ac
1905 2548 2061 2602 velut

482 2638 601 2692 luto
651 2637 892 2707 quodam
950 2638 1287 2708 impuritatis
1359 2653 1700 2709 coenoszeq-ue
1760 2639 2060 2708 voluptatis

483 2728 777 2798 oppletam.
812 2728 920 2782 Sed
969 2729 1269 2783 miseratus
1328 2737 1415 2784 est
1474 2738 1590 2784 tum
1653 2745 1874 2799 quoque
1912 2730 2060 2784 Deus

483 2834 599 2884 eos,
638 2820 733 2889 qui
763 2836 863 2890 per
897 2835 1164 2876 summam
1205 2821 1540 2891 impietatem
1574 2829 1739 2890 atque
1794 2821 2057 2876 immani-

487 2915 653 2962 tatem
691 2909 884 2978 iniquo
935 2907 1315 2979 [Egyptiorum
1367 2909 1647 2962 dominatu
1690 2908 2055 2972 vexabantur,

485 2997 662 3067 iisque
696 3006 895 3068 praeter
929 3014 1090 3054 omne
1133 3000 1228 3069 jus
1265 2999 1457 3068 fasque
1489 2999 1830 3053 serviebant.
1901 2999 2060 3053 Illico

2157 1830 2188 1881 ό
2216 1828 2391 1897 λόγος.

2227 1921 2392 1974 ΚΥΡ.
2442 1918 2811 1973 Ἀνατύπωσιν
2843 1919 2908 1991 δὴ
2941 1914 3033 1973 οῦν
3065 1918 3160 1973 καὶ
3189 1918 3352 1972 οἱονεί
3394 1938 3510 1985 πως
3545 1921 3726 1975 είκόνα

2159 2011 2306 2081 σαφῆ
2335 2010 2443 2064 τῶν
2477 2011 2700 2065 εἰκαίων
2726 2028 2787 2064 τε
2816 2012 2909 2063 καὶ
2940 2011 3172 2083 ἀνιέρων
3205 2009 3282 2082 (l)
3317 2011 3410 2064 ἐπὶ
3436 2011 3538 2082 γῆς
3573 2012 3731 2082 ἡμῶν

2158 2103 2586 2174 σπουδασμάτων
2613 2103 2640 2156 ὁ
2668 2101 2776 2156 τῶν
2825 2101 3170 2174 Ἰσραηλιτῶν
3201 2104 3505 2173 ἀναγράφει
3546 2102 3728 2166 πόνος,

2158 2192 2476 2264 ἐγκειμένου
2525 2209 2585 2244 τε
2629 2191 2724 2245 καὶ
2765 2190 3195 2260 ἐπιθρώσκοντος
3222 2189 3386 2243 αὐτοῦ
3416 2208 3475 2244 τε
3513 2190 3606 2243 τοῦ
3631 2192 3736 2243 Σα-

2155 2285 2312 2350 τανᾶ,
2358 2282 2454 2336 καὶ⁸
2496 2281 2605 2334 τῶν
2653 2283 2750 2335 σὺν
2787 2280 2935 2350 αὐτῷ
2983 2279 3260 2349 δυνάμεων
3315 2277 3590 2349 πονηρῶν,
3636 2278 3733 2341 οὓς

2156 2376 2268 2437 τοῖς
2317 2373 2423 2425 τῶν
2476 2371 2853 2443 ἐργοδιωκτῶν
2896 2371 3153 2441 ὀνόμασιν
3212 2371 3247 2440 ἡ
3295 2369 3416 2422 θεία
3474 2369 3735 2439 σημαίνει

2157 2465 2377 2536 Γραφήο
2409 2464 2498 2516 τὸν
2528 2463 2761 2534 πονηρὸν
2783 2463 2840 2515 δὲ
2867 2461 3249 2532 περισπασμὸν
3271 2461 3439 2531 φαίην
3465 2460 3530 2514 ἂν
3557 2461 3736 2528 ἔγωγε

2156 2555 2332 2618 ταυτὶ,
2363 2553 2555 2624 μεστὸν
2585 2553 2682 2624 μὲν
2715 2551 2938 2623 ἱδρῶτος
2965 2551 3061 2604 καὶ
3093 2551 3279 2616 πόνου,
3307 2550 3738 2620 ἀναπεπλησμέ-

2157 2663 2246 2701 νον
2274 2647 2330 2700 δέ
2355 2647 2542 2718 ὥσπερ
2572 2645 2745 2716 πηλοῦ
2779 2645 2870 2699 καὶ
2904 2643 3247 2715 ἀκαθαρσίας
3267 2685 3280 2709 ,
3314 2643 3408 2696 καὶ
3455 2641 3736 2714 βορϐορώ-

2156 2740 2277 2802 δους
2303 2739 2515 2811 ἡδονῆς.
2563 2739 2698 2792 Ἀλλ’
2731 2738 2882 2808 ὴλέει
2914 2738 3007 2790 καὶ
3037 2736 3158 2790 τότε
3186 2727 3319 2798 Θεδς
3348 2735 3472 2797 τοὺς
3506 2735 3738 2788 ἀνοσιώ-

2155 2831 2295 2885 τατά
2321 2849 2381 2884 τε
2414 2831 2507 2885 καὶ
2546 2829 2863 2900 ἀγριώτατα
2901 2830 3020 2891 ταῖς
3059 2827 3167 2880 τῶν
3206 2825 3515 2894 Αἰγυπτίων
3549 2824 3740 2877 πλεον-

2159 2923 2328 2988 εξίαις
2359 2924 2816 2997 κατῃκισμένους,
2839 2922 2933 2975 καὶ
2976 2919 3105 2991 παρ’
3139 2918 3272 2972 αὐτὸ
3307 2917 3368 2970 τὸ
3399 2916 3574 2987 χρεὼν
3611 2917 3740 2969 δουο

2157 3013 2428 3077 λεύοντας.
2467 3013 2630 3066 Ὑπου
2641 3012 2766 3082 ργὸν
2795 3011 2906 3082 γὰρ
2931 3009 3032 3078 τῆς
3058 3009 3137 3071 εἰς
3159 3006 3355 3070 αὐτοὺς
3376 3006 3741 3077 ἡμερότητος,

489 3105 724 3159 namque
756 3106 867 3145 suae
899 3107 1028 3161 erga
1088 3090 1212 3145 illos
1258 3089 1617 3159 benignitatis
1663 3088 2049 3144 administrum

2162 3104 2244 3158 τὸν
2273 3106 2602 3174 πανάριστον
2629 3104 2792 3167 εὐθὺς
2829 3104 3063 3156 ἐποιεῖτο
3093 3101 3318 3156 Μωσέα.
3354 3101 3425 3152 Ἢ
3467 3097 3574 3169 γὰρ
3616 3099 3746 3168 οὐχὶ-

485 3179 708 3249 Moysen
765 3179 1036 3249 optimum
1096 3179 1280 3233 virum
1335 3179 1521 3248 elegit.
1553 3177 1740 3243 Quid?
1790 3193 1901 3232 non
1954 3177 2059 3230 hoc

487 3271 666 3339 ipsum
700 3270 1070 3339 comperimus
1125 3271 1297 3324 Deum
1335 3285 1463 3339 erga
1502 3284 1603 3323 nos
1638 3267 1860 3322 facere?
1891 3267 2060 3321 Nobis

484 3360 631 3413 enim
659 3359 717 3412 in
742 3367 964 3427 peccata
995 3359 1163 3428 lapsis
1195 3357 1638 3412 misericordiam
1675 3355 1946 3426 impertit,
1979 3361 2059 3408 at-

485 3465 592 3519 que
615 3450 670 3503 in
689 3449 933 3502 omnium
974 3449 1236 3504 cordibus
1258 3449 1408 3503 illico
1437 3463 1593 3504 suam
1630 3448 1807 3518 legem
1840 3446 2055 3510 inserit,

487 3557 608 3609 qua:
639 3542 792 3596 velut
829 3542 1099 3597 mediator
1130 3540 1356 3610 quidam
1394 3540 1462 3594 ad
1491 3540 1722 3594 liberam
1763 3555 1867 3594 nos
1897 3547 2056 3594 reto-

487 3641 574 3688 cet
600 3633 789 3688 vitam.

561 3722 756 3776 PALL.
786 3721 1037 3791 Intelligo
1070 3720 1218 3790 quod
1249 3720 1410 3775 dicis.

557 3805 715 3866 CYB.
782 3811 951 3866 Visne
991 3811 1180 3881 igitur,
1235 3810 1341 3880 35
1387 3816 1470 3874 ut,
1530 3807 1764 3864 historia
1813 3807 2057 3862 breviter

488 3901 906 3971 comprehensa,
941 3901 1123 3972 quoad
1157 3900 1278 3956 ﬁeri
1323 3899 1548 3971 poterit,
1584 3898 1945 3971 congruentia
1970 3898 2057 3954 di-

489 4008 680 4048 camus
699 3993 722 4046 ?

561 4082 758 4138 PALL.
779 4082 1009 4137 Maxime
1037 4098 1190 4137 vero.

557 4173 717 4228 CYR.
786 4171 878 4227 Sic
910 4171 1080 4242 igitur
1117 4161 1382 4242 scriptum
1405 4180 1528 4227 est:
1572 4172 1738 4226 «Post
1793 4169 1910 4227 haec
1973 4170 2058 4224 in-

488 4282 712 4338 gressus
733 4275 818 4321 est
843 4266 1055 4338 Moyses
1086 4275 1142 4320 et
1169 4266 1349 4322 Aaron
1371 4267 1439 4322 ad
1473 4267 1851 4332 Pharaonem;
1876 4275 1933 4320 et
1967 4265 2055 4320 di-

489 4368 688 4415 xerunt
711 4359 762 4414 ei
788 4376 801 4412 :
834 4359 960 4414 Haec
987 4359 1121 4414 dicit
1137 4359 1400 4414 Dominus
1421 4360 1566 4414 Deus
1594 4359 1759 4414 Israel
1786 4375 1799 4413 :
1832 4358 2056 4412 Dimitte

2162 4356 2326 4428 αὐτῷ’
2365 4355 2504 4410 Τάδε
2531 4355 2683 4424 λέγει
2724 4355 2928 4428 Κύριος
2967 4359 2996 4410 ὁ
3029 4356 3160 4420 Θεὸς
3219 4357 3463 4428 Ἰσραήλ·
3511 4357 3749 4423 Ἐξαπό-
3821 4424 3828 4430 .

489 4451 752 4521 pOpulum
790 4465 994 4514 meum,
1025 4458 1085 4504 ut
1117 4450 1255 4503 mihi
1297 4449 1498 4505 festum
1547 4450 1830 4505 celebrent
1861 4450 1918 4503 in
1955 4449 2055 4503 de-

487 4550 656 4596 serto.
689 4541 757 4593 Et
788 4540 926 4594 dixit
953 4541 1195 4595 Pharao:
1226 4539 1360 4606 Quis
1381 4549 1486 4604 est,
1512 4549 1574 4595 ut
1607 4541 1826 4595 audiam
1864 4554 2057 4594 vocem

487 4628 629 4696 ejus,
673 4635 734 4680 ut
781 4626 1057 4680 dimittam
1095 4626 1237 4682 ﬁlios
1288 4628 1492 4683 Israel?
1525 4629 1645 4683 Non
1691 4628 1819 4682 novi
1869 4627 2058 4681 Domi-

490 4734 642 4783 num,
669 4727 724 4773 et
753 4718 920 4772 Israel
957 4733 1066 4772 non
1113 4718 1384 4773 dimittam
1411 4720 1452 4772 '.
1493 4739 1509 4771 ι
1553 4720 1763 4790 Moyses
1811 4718 1959 4772 enim
2011 4724 2069 4772 et

491 4809 668 4864 Aaron
700 4825 768 4864 ex
789 4809 1166 4881 Egyptiorum
1188 4811 1410 4881 regione
1450 4826 1515 4866 ac
1545 4820 1688 4865 terra
1721 4809 1922 4864 dimitti
1959 4809 2058 4864 de-

489 4901 618 4957 bere
665 4903 926 4973 populum
980 4902 1148 4957 Israel
1206 4902 1624 4967 conﬁrmabant,
1682 4902 1793 4956 Deo
1843 4901 1911 4956 ad
1974 4900 2058 4954 fe—

489 5001 634 5048 stum
689 4993 958 5063 agendum
1013 5002 1298 5048 evocante.
1380 4992 1602 5046 Festum
1672 4991 1822 5046 enim
1871 4972 2088 5046 revera‘

488 5090 572 5136 est
621 5091 824 5137 coacta:
876 5083 1161 5138 servitutis
1215 5097 1247 5136 a
1297 5097 1370 5160 se
1421 5081 1612 5150 jugum
1656 5087 1933 5143 excutere,
2007 5088 2062 5134 et

491 5174 549 5228 in
620 5173 717 5230 Dei
775 5191 898 5231 esse
975 5185 1242 5245 praeterea
1312 5179 1616 5241 potestate,
1683 5184 1914 5239 quaeque
1982 5171 2063 5226 iIIi

489 5277 643 5338 grata
728 5277 858 5324 sunt
945 5266 1214 5336 exsequi,
1273 5262 1495 5317 nemine
1583 5261 1882 5318 obsistente
1915 5303 1928 5328 ,
2003 5264 2060 5320 id

490 5369 590 5425 est,
631 5359 852 5414 nemine
887 5365 1114 5426 cogente
1179 5354 1246 5408 ad
1281 5352 1337 5406 id
1376 5351 1792 5424 suscipiendum
1831 5361 1887 5409 et
1937 5370 2057 5410 am-

559 5498 578 5528 ²
599 5492 772 5549 Exod.
799 5508 852 5556 v,
891 5487 943 5554 l,
994 5487 1048 5541 2.

564 5607 641 5676 (I)
676 5604 765 5660 Sic
791 5605 912 5660 cod.
943 5604 1062 5660 Vat.
1088 5603 1222 5661 Cod.
1260 5605 1466 5676 Sirleti,
1500 5608 1756 5680 ἀνιαρῶν,
1793 5607 2026 5663 molesto:

2158 3194 2251 3246 καὶ
2275 3195 2354 3256 εἰς
2381 3195 2528 3264 ἡμᾶς
2563 3194 2756 3256 αὐτοὺς
2787 3192 2944 3246 τοῦτο
2982 3191 3196 3260 δρῶντα
3228 3189 3357 3243 Θεὸν
3391 3189 3736 3260 εὐρήσομεν;

2159 3283 2548 3354 Διωλισθηκόσι
2577 3284 2685 3356 γὰρ
2719 3287 2848 3356 ἡμῖν
2875 3287 2954 3348 εἰς
2989 3285 3280 3356 ἁμαρτίας,
3307 3283 3589 3355 χαρίζεται
3635 3283 3703 3354 μέ
3719 3303 3753 3338 δ-

2158 3372 2248 3426 τδν
2277 3373 2443 3440 ἔλεον,
2481 3374 2709 3445 μεσίτην
2734 3374 2790 3426 δέ
2822 3373 3010 3446 ὥσπερ
3047 3373 3181 3446 πρὸς
3215 3373 3505 3445 ἐλευθέραν
3531 3374 3742 3441 ἀναφέ-

2161 3481 2323 3534 ροντα
2366 3463 2510 3535 ζωὴν
2561 3466 2618 3517 ἐν
2655 3466 2773 3528 ταῖς
2809 3465 3067 3519 ἀπάντων.
3111 3463 3359 3534 καρδίαις
3403 3464 3492 3518 τὸν
3537 3465 3756 3519 οἰκεῖον-

2158 3554 2320 3617 εὐθὺς
2361 3555 2534 3626 ἐνίησι
2566 3556 2749 3626 νόμον.

2231 3725 2439 3781 ΠΑΛΛ.
2463 3726 2692 3797 Συνίημι
2713 3726 2742 3780 δ
2761 3727 2887 3797 φής.

2228 3817 2390 3870 ΚΥΡ.
2421 3817 2607 3870 Βούλει
2630 3818 2694 3886 δὴ
2729 3813 2843 3881 οῦν,
2878 3817 2939 3869 τὸ
2974 3816 3174 3880 πλάτος
3199 3818 3298 3886 τῆς
3333 3815 3578 3886 ίστορίας
3608 3817 3739 3870 ἐπι-

2156 3910 2429 3979 τεμόντες,
2461 3909 2537 3971 ὼς
2563 3906 2640 3960 ἐνι
2663 3906 2731 3960 τὰ
2756 3906 2941 3960 εἰκότα
2969 3906 3248 3976 λέγωμεν;

2226 4078 2433 4133 ΠΑΛΛ.
2466 4077 2578 4132 Καὶ
2609 4078 2775 4149 μάλα.

2225 4165 2747 4243 ΚΥΡ.Τέγραπται
2777 4172 2955 4226 τοίνυν
2998 4172 3130 4226 ὡδί⁶
3169 4191 3194 4226 ιι
3238 4172 3346 4228 Καὶ
3389 4173 3526 4245 μετὰ
3563 4173 3738 4228 ταῦτα

2156 4265 2373 4336 εἰαῆλθε
2403 4265 2605 4341 Μωσῆς
2641 4266 2735 4318 καὶ
2775 4264 2986 4336 Ἀαρὼν
3019 4265 3155 4336 πρὸς
3185 4266 3416 4337 Φαραὼ,
3459 4266 3552 4319 καὶ
3582 4262 3738 4319 εἷπον

2161 4445 2368 4500 στειλον
2414 4448 2506 4501 τὸν
2554 4446 2681 4500 λαόν
2733 4465 2856 4518 μου,
2909 4447 2995 4501 ἵνα
3047 4464 3136 4518 μοι
3176 4447 3507 4519 ἐορτάσωσιν
3557 4448 3616 4499 ἐν
3666 4451 3736 4519 τῇ

2156 4539 2369 4610 ἐρήμῳ.
2406 4539 2518 4591 Καὶ
2546 4534 2667 4591 εἷπε
2691 4536 2911 4610 Φαραώο
2942 4539 3036 4601 Τίς
3066 4539 3232 4600 ἐστιν,
3262 4530 3321 4590 οὗ
3348 4535 3745 4606 εἰσακούσομαι-

2157 4627 2257 4696 τῆς
2295 4626 2480 4695 φωνῆς
2531 4625 2731 4690 αὐτοῦ,
2779 4625 2921 4680 ὥστε
2979 4625 3357 4693 ἐξαποστεῖλαι
3408 4625 3534 4686 τοὺς
3586 4625 3734 4687 υἱοὺς

2174 4719 2424 4790 Ἰσραήλ;
2457 4718 2571 4771 Οὐκ
2597 4715 2714 4772 οἶδα
2745 4720 2838 4772 τὸν
2868 4718 3091 4789 Κύριον,
3123 4719 3216 4771 καὶ
3252 4717 3341 4770 τὸν
3393 4715 3609 4786 Ἰσραὴλ
3634 4717 3738 4769 οὐκ

2161 4805 2523 4872 ἐξαποστελῶ.
2579 4825 2598 4858 ι
2651 4808 2715 4860 Οί
2771 4807 2869 4876 μὲν
2917 4807 3026 4878 γὰρ
3082 4807 3225 4876 ἀμφὶ
3279 4805 3482 4860 Μωσέα
3523 4811 3596 4858 τε
3639 4805 3733 4858 καὶ

2177 4899 2404 4970 Ἀαρὼν,
2433 4901 2534 4967 τῆς
2565 4899 2878 4967 Αἰγυπτίων
2911 4899 3093 4970 χώρας
3125 4916 3185 4951 τε
3218 4897 3313 4951 καὶ
3349 4898 3450 4968 γῆς
3489 4896 3733 4950 ἀνεῖσθαι

2159 4988 2268 5041 δεῖν
2294 4987 2688 5042 διεϐεϐαιοῦντο
2729 4989 2820 5042 τὸν
2867 4989 3114 5060 Ἰσραὴλ,
3144 4989 3278 5042 Θεοῦ
3322 4988 3612 5051 καλοῦντος
3652 4990 3732 5052 εἰς

2159 5081 2371 5150 ἑορτήν·
2415 5081 2576 5151 ἐορτὴ
2609 5081 2714 5152 γὰρ
2741 5080 2909 5144 ὄντως
2939 5080 3145 5152 ἀληθὴς
3166 5081 3257 5134 τὸν
3282 5081 3382 5150 τῆς
3407 5079 3731 5150 ἀνεθελήτου

2156 5170 2400 5234 δουλείας
2427 5171 2798 5224 ἀπολύσασθαι
2839 5170 3021 5240 ζυγὸν,
3053 5172 3148 5225 καὶ⁵
3178 5172 3284 5225 ὑπὸ
3321 5171 3441 5242 Θεῷ
3475 5170 3731 5240 γενέσθαι

2156 5262 2359 5327 λοιπὸν,
2401 5262 2494 5314 καὶ
2531 5262 2603 5314 τὰ
2629 5262 2777 5332 αὐτῷ
2803 5262 3021 5334 θυμήρη
3053 5263 3315 5335 πληροῦν,
3347 5262 3730 5330 ἀντεξάγοντος

2155 5353 2390 5421 οὐδενὸς,
2427 5353 2594 5424 ἤγουν
2630 5353 2693 5408 τὸ
2729 5354 2878 5425 αὑτῷ
2919 5353 3112 5416 δοκοῦν
3160 5353 3479 5410 ἀνθελέσθαι
3529 5369 3590 5407 τε
3639 5352 3728 5405 καὶ
