3968 6300
232 265 334 323 189

975 269 1066 325 DE
1101 264 1544 324 ADORATIONE
1579 266 1646 322 IN
1681 265 1953 324 SPIIUTU
1995 270 2084 324 ET
2128 269 2492 325 VERITATE.
2534 271 2662 326 LIB.
2706 271 2747 325 1.

3387 264 3488 319 190

235 371 454 452 ἀγαπᾷν
483 381 906 450 ἀναγκάζοντος.
948 382 1376 454 Ἀθυρογλωττεῖ
1412 383 1467 436 δὲ
1500 382 1621 437 λίαν
1653 385 1682 437 6
1712 384 1816 437 Φα-

1927 389 2293 461 plcctcndum,
2336 387 2483 458 quod
2515 387 2622 441 sibi
2661 386 2938 441 videatur.
2973 384 3243 440 Craterum
3275 383 3487 438 Pharao

186 536 197 545 .
234 471 363 543 ραὼ,
398 473 494 526 καὶ
541 473 635 543 τῆς
660 472 755 525 τοῦ
783 471 918 525 Θεοῦ
947 473 1105 543 δόξης
1133 472 1636 543 καταθρασύνεται,
1671 477 1808 544 μήτε

231 565 317 616 τὸν
342 563 548 634 Κύριον
577 565 725 627 ὅστις
754 564 886 616 ποτέ
911 566 1055 617 ἐστιν
1087 565 1284 618 εἰδέναι
1309 565 1502 633 λέγων,
1533 566 1669 634 μήτε
1703 565 1811 635 μὴν

231 655 444 724 ἀνήσειν
467 655 558 707 τὸν
599 655 838 726 Ἰσραήλ.
871 654 1184 725 Καταλήγει
1212 656 1266 708 δὲ
1289 656 1538 726 οὐδαμῶς
1557 660 1585 710 6
1611 656 1810 710 θεσπέ-

232 760 341 818 σιος
377 743 604 812 Μωσῆς,
651 743 1113 815 ἀποπεραίνεσθαι
1147 745 1204 798 δὲ
1232 745 1340 798 δεῖν
1367 747 1427 798 τὸ
1468 745 1544 816 τῷ
1574 746 1693 817 Θεῷ
1722 747 1810 800 δο-

229 834 356 889 κοῦν
387 830 445 888 εὖ
477 835 621 905 μάλα
647 834 1056 905 διισχυρίζεται.
1090 837 1552 908 Παραποδίζοντος
1584 839 1693 910 7&9
1734 841 1812 902 εἰς

229 924 543 996 ἐλευθερίαν
579 925 718 979 ἰέναι
749 925 843 978 τοῦ
869 927 1101 990 Σατανᾶ,
1134 929 1260 991 τοὺς
1288 913 1448 998 οἵπερ
1480 927 1546 981 ἂν
1577 926 1685 984 εἷεν
1721 931 1812 983 ὑπ’

229 1015 376 1086 αὐτῷ
420 1017 706 1084 γεγονότες
745 1019 1196 1089 κατανδρίζεσθαι
1234 1020 1370 1092 χρὴ,
1426 1021 1518 1073 καὶ
1557 1021 1814 1092 ἀμείνους

229 1106 479 1175 γίνεσθαι
504 1108 705 1171 παντὸς
735 1108 856 1179 μὲν,
888 1109 1066 1180 οἶμαι,
1085 1110 1208 1180 δίχα
1237 1111 1581 1182 κωλύματος,
1614 1113 1814 1183 ἥκιστα

230 1199 408 1269 γεμὴν
455 1198 686 1270 ὁρᾶσθαι
743 1199 971 1264 δειλοὺς,
1031 1201 1146 1254 ἀλλ’
1186 1202 1468 1270 ἐγκεῖσθαι
1516 1202 1812 1270 λέγοντας·

234 1305 258 1339 ο
297 1288 363 1341 '0
391 1288 524 1351 Θεὸς
545 1287 656 1341 τῶν
691 1288 956 1359 Ἐϐραίων
981 1291 1385 1362 προσκέκληται
1409 1293 1580 1363 ἡμᾶς.
1608 1293 1816 1362 Πορευ-

234 1377 440 1448 σόμεθα
467 1375 562 1432 οὖν
586 1379 702 1433 ὁδὸν
728 1380 893 1451 τριῶν
916 1381 1141 1452 ἡμερῶν
1166 1384 1248 1446 εἰς
1272 1383 1370 1454 τὴν
1400 1385 1608 1455 ἔρημον
1625 1426 1639 1450 ,
1668 1385 1815 1447 ὅπως

231 1469 490 1540 θύσωμεν
530 1471 609 1541 τῷ
647 1470 767 1541 Θεῷ
800 1471 957 1542 ἡμῶν
980 1513 993 1535 ,
1041 1474 1116 1544 μή
1165 1490 1294 1526 ποτε
1330 1477 1638 1546 συναντήσῃ
1686 1476 1817 1545 ἡμῖν

233 1561 464 1626 θάνατος
495 1563 529 1634 ἢ
558 1563 737 1632 φόνος.
779 1583 798 1615 ›
834 1564 1006 1616 Ταυτὶ
1030 1564 1139 1636 7&9
1166 1567 1295 1634 ἡμῖν
1323 1566 1416 1619 καὶ
1449 1567 1478 1618 ὁ
1506 1566 1666 1635 σοφὸς
1696 1566 1816 1618 τότε

228 1653 580 1724 διεκεκράγει
600 1655 827 1725 Μωσῆς.
856 1654 930 1707 Οὐ
953 1653 1062 1726 7&9
1082 1655 1145 1725 δὴ
1171 1655 1292 1708 καθ’
1318 1657 1634 1727 ὁμοιότητα,
1658 1643 1813 1728 φησὶ,

228 1747 327 1816 τὴν
383 1746 519 1817 πρὸς
570 1749 736 1818 ὑμᾶς,
787 1741 837 1801 ὧ
887 1746 1204 1815 Αἰγύπτιοι,
1267 1748 1464 1819 μόσχος
1514 1751 1647 1819 ημῖν
1702 1751 1815 1812 τοῖς
1849 1745 1888 1802 Β

240 1836 516 1909 Ἑϐραίοις
552 1837 614 1890 τὸ
648 1838 832 1902 σέϐας,
873 1838 988 1891 ἀλλ’
1023 1839 1144 1891 οὐδὲ
1181 1839 1296 1904 σῦς,
1343 1841 1381 1910 ἢ
1409 1839 1587 1911 αἲξ,ἢ
1621 1840 1816 1911 βρέτας

228 1931 445 2001 ἀνδρὸς,
467 1932 558 1985 καὶ
581 1931 797 2002 πτηνῶν
814 1932 1186 2003 ἀποσκίασμα,
1205 1935 1298 1985 καὶ
1318 1933 1563 2003 ἑρπετῶν
1587 1933 1815 1998 εἰκόνες,

227 2023 297 2076 τά
325 2024 384 2075 ἐν
415 2025 608 2093 σηκοῖς
641 2022 918 2092 ἱδρυμένα.
958 2022 1342 2092 Ἐπικέκληται
1365 2023 1420 2076 δὲ
1455 2025 1601 2094 ἡμᾶς
1633 2026 1659 2076 6
1687 2023 1819 2085 Θεῦς

230 2116 325 2166 καὶ
349 2115 658 2183 Δεσπότης,
691 2113 749 2176 ὃς
780 2114 900 2167 τόδε
931 2111 1152 2182 σύμπαν
1197 2113 1595 2186 διετεκτήνατο.
1631 2116 1818 2183 Μέγας

228 2201 322 2259 οὖν
353 2206 490 2277 ἄρα,
533 2207 626 2258 καὶ
658 2208 771 2269 τοῖς
802 2206 1117 2274 Αἰγυπτίων
1154 2204 1512 2271 ἀσύντακτος,
1549 2208 1644 2262 καὶ
1680 2208 1820 2278 ὑπὲρ

228 2299 417 2351 πὶσαν
449 2297 550 2367 τὴν
585 2296 761 2350 κτίσιν
782 2339 796 2363 ,
829 2298 858 2348 6
890 2297 997 2350 τῶν
1039 2295 1306 2368 Ἐϐραίων
1339 2297 1503 2363 Θεὸς,
1531 2298 1589 2361 ὃς
1617 2301 1696 2361 εἰς
1723 2298 1820 2370 τὴν

232 2387 444 2458 ἔρημον
499 2389 645 2458 ἡμᾶς
702 2389 891 2453 καλεῖ,
947 2389 1044 2458 τὴν
1091 2389 1386 2458 εὐάρεστον
1429 2387 1578 2458 αύτῷ
1629 2389 1820 2442 θυσίαν

231 2478 707 2548 πῳσκομιοῦντας
735 2480 870 2531 ἐκεῖ.
912 2481 1242 2548 Σχοτισμὸς
1279 2480 1376 2549 μὲν
1413 2475 1506 2533 οὖν
1534 2479 1811 2548 Αἴγυπτος

231 2569 583 2639 ὀνομάζεται,
613 2571 811 2641 χρῆναι
838 2571 893 2624 δὲ
928 2566 1082 2640 οἶμαι
1110 2573 1236 2636 τοὺς
1268 2573 1426 2642 οἵπερ
1455 2572 1620 2642 ἐσμὲν
1654 2591 1820 2626 πνευ-

237 2660 489 2730 ματικῶς
528 2661 885 2732 προσϐάλλειν
923 2665 1036 2725 τοῖς
1073 2665 1130 2716 ὲν
1175 2664 1303 2734 σκιᾷ
1350 2663 1444 2716 καὶ
1471 2663 1684 2726 τύποις.
1729 2666 1822 2716 Δεῖ

233 2752 347 2822 7&9
395 2754 544 2824 ἡμεῖς
587 2753 991 2822 ἀποφοιτῶντας
1030 2751 1088 2808 εὖ
1121 2756 1263 2825 μάλα
1294 2755 1491 2819 παντὸς
1523 2751 1675 2826 οἶμαί
1716 2773 1818 2808 που

235 2845 565 2915 πράγματος
577 2846 668 2898 τοῦ
692 2849 1046 2900 κατασκοτεῖν
1070 2847 1319 2910 εἰωθότος
1338 2887 1351 2912 ,
1372 2849 1464 2900 καὶ
1481 2847 1670 2918 ὥσπερ
1705 2846 1822 2902 τινὰ

234 2937 420 3008 χώραν
465 2937 832 3008 ἐκϐεϐηκότας
871 2939 968 3010 τὴν
1004 2939 1108 2991 ὑπὸ
1140 2939 1216 3009 τῷ
1248 2939 1496 3010 τυράννῳ
1525 2938 1779 3009 κειμένην
1803 2977 1818 3003 ,

237 3032 382 3101 φημὶ
419 3031 485 3101 δὴ
513 3029 590 3099 τῷ
621 3031 852 3102 Σατανᾷ,
884 3030 946 3083 τὸ
978 3033 1034 3084 ὲν
1063 3031 1359 3102 ἁμαρτίαις
1387 3029 1628 3094 εὔκολον,
1661 3047 1822 3100 μετα-

237 3125 438 3192 χωρεῖν
487 3122 804 3190 ἐπείγεσθαι
847 3121 1112 3185 νεανικῶς
1161 3125 1241 3186 είς
1289 3123 1580 3194 ἀνειμένην
1628 3141 1687 3176 τε
1727 3123 1823 3176 καὶ

239 3213 630 3285 καθαρωτέραν
655 3212 820 3283 ζωὴν,
843 3214 940 3266 καὶ
960 3211 1233 3276 πολιτείας
1254 3213 1478 3281 ἐννόμου
1501 3213 1825 3282 διαστείχειν

240 3305 379 3371 ὁδὸν,
413 3309 518 3375 οὐχ,
547 3305 914 3376 ὑποκειμένην
946 3305 1184 3376 δαίμοσι·
1231 3305 1575 3376 δυνησόμεθα
1620 3305 1728 3374 7&9
1762 3299 1821 3358 εὖ

241 3397 358 3449 τότε
413 3397 544 3460 τοὺς
592 3397 694 3466 τῆς
735 3395 1080 3467 δικαιοσύνης
1131 3397 1374 3467 καρποὺς
1422 3396 1713 3450 καταθύειν
1747 3396 1826 3467 τῷ

241 3488 384 3559 Θεῷ.
413 3488 736 3541 Στέλλεσθαι
767 3488 824 3542 δὲ
853 3489 964 3542 δεῖν
991 3488 1118 3551 τοὺς
1147 3487 1204 3554 ἐξ
1258 3486 1474 3558 Ἰσραὴλ
1499 3487 1616 3539 ὁδὸν
1660 3485 1827 3557 τριῶν

242 3577 467 3649 ἡμερῶν
512 3577 876 3631 διεϐεϐαιοῦτο
900 3577 1040 3630 κατὰ
1065 3578 1162 3648 τὴν
1193 3577 1426 3648 ἔρημον,
1456 3577 1516 3629 τὸ
1551 3576 1624 3646 μὴ
1658 3577 1826 3644 ἐγγὺς

246 3666 385 3723 εἶναι
419 3669 529 3724 τῶν
572 3672 675 3740 τῆς
717 3671 1052 3742 φαυλότητος
1097 3672 1237 3741 ὅρων
1279 3669 1373 3723 καὶ
1416 3667 1559 3739 ζωῆς
1597 3667 1700 3738 τῆς
1741 3685 1833 3720 τυ-

247 3763 618 3832 ραννουμένης
650 3762 739 3815 διὰ
776 3761 965 3814 τούτου
1005 3759 1200 3832 δηλῶν.
1239 3760 1549 3830 Σκήπτεται
1575 3757 1632 3810 δέ
1661 3775 1712 3810 τι
1739 3756 1834 3811 καὶ

249 3855 412 3923 σοφὸν
454 3856 483 3906 ὁ
520 3854 804 3916 θεσπέσιος
829 3854 1054 3924 Μωσῆς,
1099 3852 1192 3906 καὶ
1231 3851 1560 3922 εύαφόρμως
1603 3850 1667 3921 δὴ
1709 3849 1831 3902 λίαν

249 3945 710 4015 ἁπονοσφίζεσθαι
743 3947 852 3999 δεῖν
901 3945 1002 4015 τῆς
1043 3943 1319 4013 Αἰγύπτου
1360 3941 1526 4013 φησὶν
1563 3942 1690 4004 τοὺς
1729 3940 1833 3994 ὑπὸ

249 4035 384 4088 Θεοῦ
421 4036 818 4107 κεκλημένους·
858 4053 876 4088 ι
923 4037 1013 4106 Μή
1056 4052 1174 4098 πως
1205 4033 1312 4106 γὰρ
1357 4034 1664 4104 συναντήσῃ
1703 4033 1834 4104 ἡμῖν

249 4125 500 4191 θάνατος,
537 4147 555 4179 ι
593 4129 774 4198 φησιν,
807 4146 825 4180 ι
865 4127 1105 4198 ἢφόνος.
1151 4143 1170 4178 r

1912 481 2082 535 nimia
2120 480 2317 549 lingua;
2348 475 2568 531 licentia
2605 476 2802 540 utitur,
2829 483 2886 529 et
2923 475 3188 530 adversus
3221 475 3317 528 Dei
3367 475 3488 544 glo-

1913 575 2048 628 riam
2097 572 2288 626 audaci
2326 569 2636 624 temeritate
2673 567 2873 630 fertur,
2914 582 2978 621 ac
3013 567 3326 630 Dominum,
3359 567 3456 636 qui

1911 683 2036 723 nam
2079 666 2169 720 ille
2201 666 2292 727 sit,
2330 680 2387 718 se
2407 678 2568 717 nosse
2589 669 2774 731 negat,
2819 676 2922 714 nec
2955 661 3376 713 commissurum
3403 675 3489 724 se,

1915 771 1973 816 ut
2003 758 2168 814 lsracl
2193 757 2455 811 dimittat.
2489 753 2592 808 Sed
2624 754 2816 808 beatus
2850 752 3058 822 Moyses
3109 750 3336 804 minime
3383 750 3484 804 de—

1913 851 2075 913 sistit,
2109 849 2315 917 Deique
2348 848 2686 901 voluntatem
2710 842 2900 914 perﬂci
2931 848 3187 910 Oportere
3219 839 3484 893 audacter

1914 942 2220 998 conﬁrmat.
2251 939 2388 993 Nam
2439 938 2640 992 Satana
2669 950 2788 998 eos,
2826 934 2922 1003 qui
2970 933 3024 986 in
3079 946 3178 986 sua
3215 939 3486 1000 potestate

1914 1033 2043 1097 sint,
2085 1031 2438 1108 impediente,
2471 1044 2542 1082 ne
2581 1027 2648 1080 ad
2684 1027 2996 1080 libertatem
3052 1021 3487 1093 recuperandam

1915 1123 2165 1186 tendant,
2207 1122 2514 1176 curandum
2547 1119 2658 1173 illis
2697 1125 2802 1183 est,
2845 1126 2908 1172 ut
2932 1117 3170 1171 viriliter
3197 1122 3382 1186 agant,
3431 1121 3490 1169 et

1914 1213 2097 1267 omnia
2123 1211 2514 1281 impedimenta
2540 1211 2784 1273 vincant,
2815 1208 3149 1276 minimeque
3195 1206 3370 1260 timidi
3404 1205 3492 1258 vi-

1915 1305 2169 1368 dcantur,
2209 1303 2344 1373 quin
2403 1302 2592 1372 potius
2651 1301 2861 1354 instent
2923 1298 3223 1353 dicentes:
3287 1316 3305 1348 ι
3345 1296 3503 1349 Deus.

1915 1401 2270 1456 Hebrazorum
2300 1397 2516 1453 vocavit
2543 1410 2668 1450 nos.
2696 1394 2909 1448 Ibimus
2933 1392 3102 1461 igitur
3127 1391 3272 1444 viam
3321 1389 3497 1443 trium

1915 1494 2129 1548 dierum
2155 1494 2212 1548 in
2250 1493 2552 1555 desertum,
2593 1497 2656 1542 ut
2695 1486 3068 1542 sacriﬁcemus
3123 1485 3234 1538 Deo
3275 1491 3495 1545 nostro,

1915 1602 1984 1640 ne
2033 1584 2173 1638 forte
2204 1591 2464 1637 occurrat
2501 1581 2668 1634 nobis
2698 1594 2848 1633 mors
2881 1584 2974 1631 aut
3008 1575 3185 1631 caedes
3213 1573 3278 1627 “.
3315 1592 3333 1623 ι
3364 1571 3491 1626 Haec

1916 1677 2065 1732 enim
2089 1675 2258 1730 verba
2285 1673 2449 1728 nobis
2478 1687 2696 1742 quoque
2732 1679 2860 1725 tunc
2898 1669 3119 1738 sapiens
3142 1666 3226 1720 vir
3279 1665 3497 1734 Moyses

1918 1783 2029 1822 non
2057 1767 2174 1821 sine
2196 1765 2349 1819 vocis
2384 1763 2739 1820 contentione
2788 1760 3028 1814 dicebat.
3067 1757 3256 1825 Neque
3317 1755 3494 1817 enim,

1918 1857 2120 1927 inquit,
2182 1856 2410 1927 perinde
2454 1870 2515 1909 ac
2572 1868 2690 1917 vos,
2731 1867 2764 1906 o
2801 1850 3062 1922 Egyptii,
3105 1847 3341 1902 vitulum
3392 1859 3501 1899 nos

1918 1947 2134 2001 Hebraei
2159 1961 2512 2009 veneramur,
2546 1957 2728 2011 neque
2779 1956 2934 1996 suem
2973 1948 3068 1994 aut
3099 1953 3342 2008 capram,
3401 1943 3497 1989 aut

1920 2040 2164 2093 hominis
2213 2037 2466 2108 efﬁgiem,
2515 2033 2938 2100 volucriumque
2995 2030 3357 2084 animantium
3391 2026 3492 2080 ad-

1920 2131 2230 2185 umbratam
2246 2127 2502 2191 formam,
2535 2133 2633 2180 aut
2674 2123 3009 2192 reptantium
3044 2119 3335 2189 imagines,
3371 2133 3498 2186 quae

1921 2221 1979 2274 in
2012 2220 2216 2274 vestris
2249 2217 2515 2272 collocata
2564 2221 2694 2267 sunt
2726 2211 2968 2281 templis.
2998 2208 3106 2264 Sed
3145 2207 3364 2262 vocavit
3395 2220 3501 2259 nos

1920 2311 2068 2365 Deus
2095 2323 2159 2363 ac
2183 2307 2471 2368 Dominus,
2515 2303 2609 2372 qui
2643 2302 2750 2356 hoc
2778 2300 3100 2354 universum
3133 2305 3219 2352 est
3255 2295 3498 2350 fabrica-

1923 2411 2031 2456 tus.
2057 2402 2283 2471 Magnus
2309 2405 2496 2452 autem
2534 2404 2639 2459 est,
2681 2401 2736 2447 et
2779 2407 2908 2446 cum
2945 2389 3215 2460 IEgyptiis
3251 2387 3357 2442 diis
3390 2386 3497 2440 mi-

1922 2495 2070 2549 nime
2122 2491 2514 2552 recensendus,
2555 2500 2724 2556 supra
2761 2491 3071 2539 creaturam
3125 2493 3343 2548 quoque
3377 2492 3498 2531 om-

1920 2593 2067 2650 ne'm,
2103 2583 2461 2639 Hebrteorum
2499 2580 2664 2643 Deus,
2696 2577 2792 2646 qui
2841 2589 2946 2628 nos
2991 2571 3047 2625 in
3086 2571 3366 2625 desertum
3401 2583 3498 2621 vo-

1921 2684 2028 2740 cat,
2065 2682 2127 2729 ut
2161 2673 2239 2728 ibi
2274 2680 2492 2744 gratam
2517 2671 2620 2741 ipsi
2668 2670 2903 2724 hostiam
2959 2667 3275 2721 oﬂ'eramus.
3322 2664 3500 2732 Atque

1921 2769 2185 2840 Egyptus
2204 2765 2428 2836 quidem
2474 2762 2832 2818 obtenebratio
2873 2759 3099 2814 dicitur.
3137 2757 3373 2827 Equum
3399 2771 3501 2810 au-

1922 2870 2031 2915 tem
2058 2873 2177 2913 esse
2206 2855 2466 2918 arbitror,
2508 2861 2570 2907 ut
2620 2867 2741 2917 nos,
2770 2851 2866 2921 qui
2919 2849 3237 2921 spiritualcs
3285 2861 3498 2910 sumus,

1923 2947 2284 3020 spiritualiter
2323 2960 2408 3009 ea,
2444 2958 2566 3013 quae
2605 2943 2662 2996 in
2730 2941 2925 2995 umbra
2966 2947 3023 2992 et
3065 2937 3254 3008 ﬁguris
3295 2933 3502 2990 tradita

1924 3046 2072 3104 sunt,
2097 3036 2490 3106 intelligamus.
2520 3031 2629 3102 36
2657 3029 2889 3100 Oportet
2919 3027 3069 3082 enim
3117 3041 3219 3080 nos
3259 3024 3330 3078 ab
3351 3022 3502 3077 omni

1925 3145 2004 3193 re,
2039 3143 2161 3198 qua:
2195 3124 2451 3181 tenebras
2485 3120 2769 3176 oﬂ'undere
2798 3119 2991 3182 soleat,
3028 3116 3342 3186 longissime
3374 3114 3503 3167 abs—

1923 3218 2154 3283 cedere;
2213 3222 2270 3270 et
2324 3213 2418 3267 ubi
2479 3227 2549 3266 ex
2598 3210 2691 3263 illa
2727 3207 2991 3263 facilitate
3029 3203 3294 3275 peccandi
3353 3203 3503 3256 velut

1925 3311 2149 3379 regione
2188 3305 2425 3375 quadam
2461 3316 2584 3371 quae
2613 3301 2669 3354 in
2699 3299 2938 3370 tyranni,
2978 3296 3194 3350 Satanae
3218 3293 3503 3358 videlicet,

1927 3403 2201 3468 potestate
2240 3395 2333 3458 sit,
2355 3389 2779 3451 excesserimus,
2807 3395 2924 3440 tum
2971 3384 3041 3438 ad
3088 3384 3317 3438 liberam
3354 3381 3504 3438 illam

1928 3487 2317 3560 purioremque
2340 3482 2509 3536 vitam
2549 3485 2774 3532 strenue
2803 3487 3122 3544 properare,
3150 3486 3214 3525 ac
3247 3468 3505 3540 perviam

1927 3559 2189 3651 legitima:
2241 3569 2682 3630 conversationis
2727 3566 3032 3629 ambulare,
3072 3561 3358 3618 daemoniis
3403 3559 3510 3612 mi-

1927 3673 2076 3727 nime
2113 3668 2452 3738 subiectam:
2497 3671 2611 3716 tum
2645 3659 2884 3728 denique
2913 3654 3222 3727 poterimus
3269 3653 3382 3707 Deo
3415 3651 3506 3720 ju-

1929 3761 2094 3817 stitiaa
2134 3758 2348 3812 fructus
2417 3753 2638 3808 oﬂerre.
2705 3749 2816 3804 Iter
2853 3761 3022 3818 porro
3074 3745 3241 3798 trium
3295 3741 3509 3796 dierum

1928 3849 2192 3907 lsraelitis
2226 3845 2541 3903 faciendum
2574 3857 2696 3898 esse
2754 3841 2970 3912 Moyses
3009 3835 3349 3892 allirmabat:
3383 3831 3511 3902 qui-

1935 3945 2040 3998 bus
2073 3942 2258 3998 verbis
2285 3937 2652 4011 signiﬁcabat,
2689 3933 3008 4006 longissime
3037 3947 3070 3985 a
3099 3927 3363 4000 nequitiae
3403 3934 3517 3980 ter-

1936 4033 2122 4097 minis,
2154 4041 2210 4087 et
2237 4030 2305 4084 ab
2327 4045 2392 4084 ea
2427 4028 2560 4092 vita,
2594 4040 2717 4095 qua:
2741 4024 2931 4093 iniquo
2967 4020 3249 4076 dominatu
3294 4029 3512 4087 prema-

1941 4133 2051 4191 tur,
2083 4125 2277 4180 abesse
2305 4128 2587 4191 oportere.
2615 4115 3084 4202 Sapientiﬁautem
3111 4109 3346 4180 quodam
3373 4118 3517 4174 prte-

251 4228 406 4275 textu
433 4195 629 4275 beatus
656 4195 896 4292 Moyses
927 4195 1140 4284 utitur,
1180 4224 1237 4274 ct
1271 4216 1585 4272 rationabili
1635 4215 1928 4272 admodum
1958 4234 2123 4274 causa
2157 4217 2246 4280 iis,
2286 4214 2382 4284 qui
2445 4228 2476 4265 a
2545 4212 2660 4266 Deo
2732 4195 2911 4261 vocati
2960 4209 3168 4264 essent,
3242 4195 3513 4252 seceden-

251 4317 384 4372 dum
422 4331 545 4370 esse
577 4315 715 4370 dixit
749 4331 817 4370 ex
858 4312 1120 4384 Egypto:
1161 4311 1275 4368 «Ne
1304 4311 1470 4376 forte,
1503 4331 1521 4362 ι
1559 4311 1761 4381 inquit,
1797 4329 1814 4362 ι
1851 4317 2108 4367 occurrat
2129 4310 2289 4363 nobis
2320 4321 2470 4360 mors
2499 4310 2594 4358 aut
2623 4300 2821 4355 caedes.
2852 4316 2871 4348 ι

326 4411 535 4462 ΠΔΛΛ.
567 4410 678 4461 Καὶ
713 4409 767 4461 τί
813 4408 878 4478 δὴ
906 4377 1063 4460 τοθτό
1111 4407 1292 4472 tactv;
1333 4405 1551 4475 ἕτοιμον
1580 4377 1688 4475 γάρ
1710 4405 1824 4475 οὑχῖ

2019 4402 2218 4458 PALL.
2269 4398 2414 4464 Quid
2458 4409 2590 4450 vero
2643 4391 2750 4445 hoc
2807 4387 2929 4443 est?
2960 4396 3140 4451 neque
3190 4393 3339 4433 enim
3371 4377 3516 4431 scire

251 4503 364 4563 τοῖς
396 4501 612 4554 θέλουσι
637 4502 799 4555 νοεῖν.

326 4594 489 4646 ΚΥΡ.
536 4591 676 4660 Ἐγὼ
697 4591 913 4663 φράσω·
933 4589 1252 4660 Αἰγυπτίοις
1272 4583 1340 4660 ἦν
1369 4587 1513 4655 ἔθος,
1537 4589 1836 4660 τετήρηται

251 4685 313 4741 δὲ
347 4686 440 4740 καὶ
474 4688 554 4748 είς
596 4683 754 4756 δεῦρο
789 4683 939 4755 παρὰ
964 4686 1077 4746 τοῖς
1111 4683 1218 4738 τῶν
1256 4681 1491 4737 εἰδώλων
1529 4698 1838 4751 προσκυνη-

252 4779 397 4842 ταῖς,
426 4777 489 4830 τὸ
515 4777 648 4841 δεῖν,
683 4775 1065 4846 εἰσφοιτῶντας
1102 4778 1159 4828 ὲν
1200 4776 1382 4845 ίεροῖς,
1416 4771 1594 4844 νεκρῷ
1616 4789 1838 4843 περιτυ-

254 4872 371 4940 χεῖν
411 4867 795 4940 παραιτεῖσθαι
831 4865 1064 4936 σώματι.
1097 4865 1388 4935 Μολυσμὺν
1431 4864 1540 4935 γὰρ
1580 4857 1719 4917 εἶναι
1748 4863 1840 4919 τὸν

255 4961 521 5016 ἀνωτάτω
551 4961 684 5028 φασὶ¹
711 4958 771 5013 τὸ
794 4959 892 5028 οὐχ
923 4960 1072 5022 ὅπως
1112 4958 1177 5028 δὴ
1215 4958 1375 5027 μόνον
1395 4995 1410 5020 ,
1440 4955 1494 5009 εῐ
1526 4973 1610 5018 τις
1647 4956 1841 5018 ἕλοιτο,

255 5051 470 5124 θήγειν,
490 5051 627 5106 ἀλλά
643 5050 750 5123 7&9
772 5050 874 5104 κᾶν
889 5052 938 5103 εἰ
954 5053 1012 5104 ὲν
1031 5049 1214 5120 ψιλαῖς
1236 5046 1535 5120 ταυτ[αισ]“ι
1561 5049 1846 5118 παραπίπ-

258 5161 345 5197 τοι
374 5144 543 5208 θέαις.
571 5143 781 5196 Οὐκοῦν
807 5144 870 5195 ἐκ
891 5142 998 5195 τῶν
1029 5140 1181 5212 παρά
1199 5141 1382 5208 σφίσιν
1402 5139 1542 5192 ὲθῶν
1555 5139 1845 5193 ἀναπείθει

259 5238 500 5307 φρονεῖν,
530 5234 606 5298 ὼς
636 5234 737 5286 οὐκ
761 5232 827 5286 ἂν
851 5232 1060 5300 γένοιτο
1087 5230 1342 5301 καθαρῶς
1369 5231 1430 5284 τὸ
1467 5230 1615 5284 θύειν
1639 5231 1846 5298 αὐτοῖς,

257 5329 309 5380 εἰ
340 5327 399 5393 ἐξ
430 5327 742 5398 ἀπροόπτου
771 5324 935 5378 ποθὲν
974 5323 1130 5376 τοῦτο
1159 5322 1291 5393 δρᾷν
1328 5322 1624 5394 ὴργμένοις
1662 5339 1842 5394 παρα-

256 5415 415 5487 τύχοι
458 5414 653 5484 νεκρὸς
694 5414 728 5484 ἢ
757 5412 940 5482 φόνος,
965 5410 1108 5465 τοῦτ’
1131 5411 1308 5476 ἔστιν,
1361 5411 1394 5481 ἢ
1441 5411 1591 5482 νόμῳ
1628 5413 1843 5480 φύσεως

257 5503 736 5576 τετελευτηκὼς,ἢ
764 5503 870 5557 ὑπὸ
891 5503 983 5558 τυῦ
1005 5502 1110 5557 τῶν
1131 5503 1464 5573 φονευόντων
1479 5502 1843 5574 ἐκϐεϐιασμέ-

233 5599 238 5602 ’
288 5597 326 5628 ο

343 5688 392 5720 ³⁵
422 5688 595 5744 Exod.
621 5703 673 5752 ν,
707 5687 763 5742 5.

1938 4492 2294 4564 cupientibus
2315 4487 2632 4558 expeditum
2669 4489 2754 4536 est
2783 4478 2840 4533 id
2871 4474 3195 4543 intelligere.

2009 4557 2166 4640 ilYR.
2214 4583 2326 4654 Ego
2350 4557 2480 4635 vero
2518 4587 2806 4644 exponam.
2859 4568 2974 4622 Mos
3032 4562 3179 4634 apud
3235 4557 3517 4630 Egyptios

1940 4677 2265 4738 inoleverat,
2305 4670 2400 4740 qui
2432 4667 2613 4722 adhuc
2637 4661 2781 4732 apud
2822 4659 3097 4714 idolorum
3131 4654 3370 4708 cultores
3397 4664 3516 4704 ser-

1942 4776 2126 4831 vatur,
2147 4777 2207 4820 ut
2235 4764 2437 4833 templa
2459 4759 2726 4814 adeuntes
2746 4754 2920 4808 vitent
2940 4765 3009 4804 ne
3038 4745 3291 4802 cadaveri
3315 4758 3517 4798 occur-

1943 4867 2088 4913 rant.
2138 4856 2417 4911 Summam
2453 4849 2603 4905 enim
2650 4844 3027 4915 impuritatem
3056 4853 3178 4892 esse
3208 4836 3366 4890 aiunt
3407 4850 3520 4890 non

1946 4949 2111 5005 modo
2151 4956 2346 5018 sponte
2384 4941 2522 4999 illud
2562 4939 2856 5007 attingere,
2890 4931 2988 4987 sed
3022 4929 3108 4983 vel
3150 4927 3208 4982 in
3227 4927 3349 4998 ejus
3375 4924 3520 4980 dun-

1947 5051 2094 5097 taxat
2133 5049 2418 5111 aspectum
2469 5037 2772 5091 incurrere.
2801 5026 2971 5096 Igitur
3003 5037 3072 5076 ex
3103 5021 3341 5091 receptis
3375 5017 3520 5088 apud

1945 5151 2042 5191 eos
2067 5134 2317 5189 moribus
2339 5129 2555 5192 suadet,
2585 5141 2642 5180 se
2681 5134 2819 5190 pure
2847 5114 3156 5171 sacriﬁcare
3194 5129 3306 5168 non
3335 5127 3518 5182 posse,

1945 5228 1991 5284 si
2018 5225 2241 5282 aliunde
2277 5239 2346 5279 ex
2377 5217 2698 5289 improviso,
2740 5211 2836 5266 ubi
2876 5210 2982 5264 hoc
3008 5222 3174 5278 agere
3203 5198 3524 5274 coepissent,

1946 5319 2180 5374 cadaver
2208 5323 2303 5370 aut
2339 5312 2516 5368 caedes
2549 5312 2886 5367 occursaret,
2920 5301 2978 5355 id
3023 5307 3127 5364 est,
3171 5298 3260 5352 vel
3308 5302 3521 5349 natura:

1946 5412 2067 5480 lege
2107 5417 2377 5470 mortuus,
2438 5402 2524 5456 vel
2555 5400 2624 5454 ab
2657 5395 2951 5452 homicidis
3000 5409 3099 5463 per
3130 5391 3243 5444 vim
3283 5387 3522 5441 occisus.

1951 5477 2121 5558 vobis
2157 5498 2327 5563 enim,
2389 5491 2593 5563 inquit,
2635 5503 2804 5545 sacrae
2843 5492 2974 5543 sunt
2998 5482 3145 5537 aedes
3188 5493 3254 5534 ac
3297 5477 3526 5534 delubra
