3968 6300
487 233 585 291 191

479 466 718 536 fueritis,
749 482 899 530 caste
940 482 1275 554 sacriﬁcare,
1302 500 1365 546 ut
1399 494 1503 565 ipsi
1542 466 2057 574 existimatisflice-

1418 554 1434 565 ,
1616 554 1888 574 ,_-___-_-..,,
1919 554 2056 570 ..υν-

477 554 585 611 bit:
616 575 719 615 nos
770 579 901 620 vero
953 568 1008 623 in
1043 574 1226 630 media
1264 582 1402 638 urbe
1454 590 1852 665 sacriﬁcantes,
1911 604 2056 659 etin

473 1010 660 1068 habet.
693 1017 884 1088 Neque
923 1031 1106 1081 tamen
1136 1031 1318 1089 minus
1371 1050 1520 1097 recte
1564 1010 1713 1103 dicta
1753 1054 2050 1122 sapientis-

1639 1101 1646 1102 ,
1688 1101 1712 1103 η
1753 1101 2020 1122 "rw"..-

471 1101 594 1177 simi
635 1106 738 1161 viri
778 1112 947 1168 verba
990 1125 1425 1195 comperiemus,
1466 1132 1513 1187 si
1550 1136 1914 1205 spiritualiter
1965 1146 2050 1202 in-

470 1195 817 1266 telligantur.
845 1202 1077 1275 Oportet
1108 1214 1254 1269 enim
1296 1233 1397 1274 nos
1440 1195 1695 1295 tanquam
1740 1231 1796 1286 in
1828 1234 2049 1294 deserto

468 1287 804 1355 sacriﬁcare,
842 1307 1202 1371 sanctumque
1245 1306 1444 1365 festum
1486 1315 1597 1372 Deo
1636 1323 1937 1393 celebrare,
1978 1330 2047 1386 ab

482 1372 563 1393 1.1-.
643 1379 678 1393 η
997 1389 1009 1393 -

1646 1372 1937 1393 --η-,νη
1978 1372 2046 1386 ..υ

461 1372 842 1446 Egyptiorum
879 1389 1043 1443 terris
1082 1396 1413 1456 excedentes
1447 1421 1459 1456 :
1498 1408 1758 1468 vitandus
1781 1428 2046 1486 praeterea

462 1468 658 1522 mortis
682 1482 976 1545 aspectus;
1009 1497 1185 1539 vacuo
1208 1489 1357 1544 enim
1382 1494 1588 1564 animo,
1619 1510 1674 1555 et
1723 1505 1883 1578 longe
1905 1527 1934 1565 a
1961 1519 2043 1567 te-

462 1556 647 1578 υιμε-
732 1577 735 1578 ν
854 1575 860 1578 Α

1577 1556 1586 1564 ,
1724 1556 1882 1578 η-Ὃ-
1905 1556 1934 1565 ..
1963 1556 2010 1567 η

460 1556 650 1614 nebris
691 1575 922 1633 remoto,
967 1587 1104 1640 quas
1160 1582 1399 1638 mundus
1431 1587 1687 1659 offundit,
1723 1596 1831 1666 37
1869 1604 2045 1660 oculis

459 1663 686 1720 quoque
717 1660 928 1715 aversis
952 1662 1021 1717 ab
1055 1665 1123 1721 iis
1142 1670 1328 1734 rebus.
1357 1693 1478 1746 quae
1508 1682 1574 1736 ad
1605 1685 1886 1744 interitum
1914 1707 2038 1766 cor-

459 1741 764 1766 ..η-ιιζΑ--.μ
781 1763 839 1766 μη
860 1764 869 1766 ,
1028 1754 1043 1766 ιι
1273 1763 1282 1766 _

456 1741 878 1816 ruptionemque
910 1754 1239 1824 perducunt,
1270 1763 1343 1818 ita
1379 1767 1598 1826 demum
1621 1783 1767 1831 caste
1789 1782 2032 1839 omnium

455 1831 693 1903 principi
721 1836 832 1892 Deo
854 1843 1304 1905 sacriﬁcabimus.
1332 1854 1506 1923 Opera
1530 1876 1764 1934 namque
1794 1879 2029 1939 mortua,

453 1924 637 1980 carnis
673 1942 839 1997 opera
892 1945 1051 1991 sunt:
1087 1941 1471 2003 obtenebratio
1501 1962 1683 2009 autem
1734 1963 2028 2032 mundana,

454 2011 540 2032 ,ιμ
585 2030 598 2032 _
674 2018 688 2032 .
728 2020 743 2032 .
836 2023 848 2032 .
921 2025 933 2032 .
1016 2029 1026 2032 -
1142 2030 1149 2032 μ

454 2011 548 2067 illa
575 2030 645 2069 ex
673 2018 966 2080 laboriosis
1012 2029 1416 2105 inutilibusque
1446 2044 1599 2098 curis
1628 2054 1791 2117 atque
1821 2052 2030 2110 disten-

450 2102 694 2163 tionibus
722 2115 1066 2179 perturbatio
1107 2130 1271 2193 atque
1316 2102 1588 2198 confusio,
1649 2154 1771 2208 quze
1828 2160 2028 2213 purum

449 2192 606 2250 illum
640 2207 805 2271 atque
858 2192 1195 2274 pellucidum
1237 2221 1437 2276 mentis
1484 2192 2024 2306 tetheremvpolluit;

445 2301 476 2339 a
507 2290 709 2356 quibus
737 2310 859 2351 esse
890 2303 1263 2362 recedendum
1298 2309 1388 2376 iis,
1438 2317 1533 2386 qui
1590 2319 1806 2379 sincere
1853 2327 2026 2384 Deum

442 2381 625 2437 colere
655 2387 846 2453 velint,
869 2391 1036 2447 etiam
1070 2396 1319 2455 historiae
1343 2405 1515 2462 verba
1549 2412 1805 2468 suadent.

514 2472 710 2528 PALL.
744 2478 801 2532 Id
843 2481 1064 2549 quidem
1099 2488 1325 2546 minime
1353 2504 1439 2550 est
1473 2498 1769 2557 obscurum
1809 2524 1823 2558 :
1867 2507 2023 2565 ideo-

441 2576 551 2629 que
577 2565 742 2620 velim
773 2569 886 2636 illa,
922 2589 1044 2643 quae
1089 2578 1351 2655 deinceps
1393 2602 1720 2662 sequuntur,
1751 2612 2021 2672 exsequa-

441 2649 539 2703 ris.

509 2740 669 2799 CYR.
701 2747 975 2811 lsraelitas
1003 2757 1169 2829 igitur
1202 2767 1666 2844 ardentissimum,
1706 2792 1764 2836 ut
1802 2785 2016 2855 opinor,

438 2842 495 2887 et
536 2839 867 2897 acerrimum
910 2851 1148 2922 antiqua;
1186 2856 1458 2918 libertatis
1493 2865 1764 2928 invaserat
1796 2876 2017 2936 deside—

472 2924 582 2980 ium
635 2945 649 2982 :
698 2947 933 3005 cumque
996 2944 1351 3006 vehementer
1399 2955 1465 3009 ad
1516 2973 1636 3014 eam
1686 2965 2011 3037 aspirarent,

1518 264 1574 321 S.
1617 266 1894 332 CYRILLI
1932 279 2402 347 ALEXANDRINI
2437 295 2754 356 ARCHIEP.

479 375 742 433 claustris
766 394 830 436 ac
859 386 1034 452 portis
1055 392 1288 462 munita,
1324 399 1468 458 intra
1496 421 1618 477 quae
1649 428 1775 468 cum
1815 418 2051 490 ingressi
2082 411 2128 469 Α
2156 424 2265 472 νοςο

482 466 697 490 r..-..:.:_
757 482 886 490 -__-,
1067 482 1120 490 -.ι

3645 328 3753 385 182

2310 410 2469 482 Ὑμῖν
2511 417 2620 488 γὰρ
2651 418 2919 488 ἔφασκεν,
2967 425 3087 498 ἱερά
3124 431 3181 483 τέ
3216 431 3332 488 ἐστι
3376 437 3469 490 καὶ
3502 445 3704 515 τεμένη
3730 487 3746 511 ,

2162 499 2387 572 κλεῖορά
2413 522 2471 558 τε
2499 509 2594 560 καὶ
2628 511 2815 576 πύλαι,
2843 508 2918 569 ὧν
2947 520 3077 573 εἴσω
3121 524 3283 595 τυχὸν
3313 499 3746 606 είσδεδραμηκόζ

2028 726 2054 735 ,
2158 684 2299 749 σφᾶς
2330 686 2561 751 αὐτούς’
2605 694 2752 764 ἡμᾶς
2789 697 2845 749 δὲ
2885 699 3098 774 ἀνάγκη
3139 707 3279 761 κατά
3311 711 3486 783 μέσην
3513 714 3742 777 θύοντας

2026 818 2053 827 _
2156 772 2328 837 πόλιν,
2363 776 2420 830 ἐν
2444 782 2674 848 τριόδοις
2698 802 2756 838 τε
2780 790 2875 842 καὶ
2900 791 2957 844 ὲν
2988 772 3196 862 ἀγροῖς,
3221 772 3341 854 ταῖς
3369 772 3476 857 τῶν
3503 806 3736 862 τεθνεώ-

2154 878 2261 917 των
2304 871 2767 940 καταμολύνεσθαι
2800 878 2966 946 θέαις.
3001 886 3074 939 Τὸ
3115 888 3224 960 γάρ
3254 892 3518 963 ἀπεῖργον
3558 898 3728 970 ὅροις,

2154 958 2430 1024 παντελῶς
2455 963 2627 1021 ούδέν.
2663 969 2773 1023 Καὶ
2811 974 2838 1026 6
2871 975 2971 1043 μὲν
3000 977 3102 1047 τῆς
3144 958 3731 1061 ἱστορίαςλόγοςΙέχοι

2153 1043 2220 1097 ἂν
2253 1048 2385 1117 ἡμῖν
2419 1051 2495 1116 ὡς
2529 1056 2587 1108 ὲν
2615 1056 2762 1113 ἔθεσι
2787 1063 2897 1117 τῶν
2923 1043 3234 1136 Αἰγυπτίων
3262 1043 3447 1144 ’(1)”τὸ
3481 1043 3728 1148 πιθανὸν,

2151 1136 2234 1206 εἴη
2266 1139 2310 1191 δ’
2335 1139 2402 1194 ἂν
2429 1144 2605 1215 ὀρθῶς
2627 1151 2915 1222 εἰρημένον
2948 1159 3008 1211 τὸ
3038 1161 3142 1214 ὑπὸ
3170 1165 3262 1218 τοῦ
3278 1136 3564 1238 ’πανσόφου
3594 1136 3731 1228 Mm:

2153 1226 2307 1291 σέως,
2356 1231 2457 1285 κᾶν
2507 1238 2556 1289 εί
2600 1243 2772 1294 νοοῖτο
2823 1251 3227 1319 πνευματικῶς.
3272 1255 3391 1328 Χρὴ
3436 1226 3545 1329 γάρ
3578 1263 3733 1332 ἡμᾶς

2147 1318 2223 1382 ὡς
2256 1323 2313 1374 ἐν
2352 1326 2542 1398 ἐρήμῳ
2577 1331 2744 1399 θύειν,
2787 1337 2880 1390 καὶ
2916 1340 3109 1414 ἑορτὴν
3140 1345 3302 1412 ἁγίαν
3323 1318 3730 1424 ἀποπεραίνειν
3794 1394 3799 1399 ο

2148 1407 2287 1481 Θεῷ,
2326 1414 2425 1484 τῆς
2474 1417 2788 1487 Αἰγυπτίων
2834 1407 3200 1499 ἀπαίροντας,
3235 1407 3619 1506 παραιτεῖσθαι
3669 1446 3729 1500 δὲ

2148 1502 2241 1554 καὶ
2271 1504 2501 1560 Θανάτου
2526 1509 2674 1566 θέαν.
2703 1516 2943 1589 Σχολαίῳ
2972 1521 3081 1594 γὰρ
3114 1525 3189 1595 νῷ
3216 1502 3590 1603 καὶ-βεϐηκότι
3619 1554 3728 1607 μα-

2147 1593 2288 1662 κράν
2330 1597 2422 1650 τοῦ
2468 1606 2953 1671 κατασκοτίξεσθαι
2997 1618 3313 1683 κοσμικῶς,
3363 1624 3456 1675 καὶ
3488 1626 3597 1679 τῶν
3642 1632 3724 1694 είς

2146 1685 2445 1755 νεκρότητα
2469 1692 2562 1744 καὶ
2582 1694 2789 1764 φθορὰν
2822 1705 3296 1774 κατακομιζόντων
3322 1710 3415 1763 τὸν
3441 1685 3723 1788 ὀφθαλμὸν

2137 1772 2605 1847 ἀπαλλάττοντες,
2638 1784 2873 1858 θύσομεν
2921 1772 3173 1865 καθαρῶς
3202 1796 3280 1868 τῷ
3325 1772 3543 1858 πάντῶν
3584 1772 3724 1881 κρα-

2131 1862 2313 1919 τοῦντι
2344 1868 2482 1940 Θεῷ.
2511 1874 2686 1945 Ἔργα
2718 1877 2775 1931 δὲ
2805 1883 2993 1954 νεκρὰ,
3021 1862 3090 1938 τά
3119 1862 3320 1959 σαρκὸς
3346 1891 3412 1946 ἂν
3441 1896 3546 1968 εἴη.
3580 1862 3721 1953 Σκο-

2130 1957 2321 2027 τισμὸς
2377 1961 2432 2015 δὲ
2478 1968 2779 2036 κοσμικὸς,
2826 1973 2857 2043 ἡ
2901 1976 2965 2029 ὲκ
3019 1957 3273 2051 πονηρῶν
3342 1987 3439 2039 καὶ
3491 1957 3718 2048 ε’ίκαίων

2133 2052 2533 2121 περισπασμῶν
2554 2056 2873 2124 ἐπιθόλωσις
2889 2103 2903 2127 ,
2927 2063 3018 2116 τὸν
3044 2067 3283 2142 καθαρόν
3311 2091 3371 2127 τε
3397 2077 3491 2130 καὶ
3512 2079 3716 2153 διαυγῆ

2130 2137 2232 2206 τῆς
2262 2139 2502 2207 διανοίας
2525 2147 2721 2220 αἰθέρα
2765 2156 3236 2224 καταμολύνουσα.
3274 2157 3374 2220 Ὧν
3412 2168 3495 2222 ὄτι
3539 2188 3718 2244 προσ-

2128 2228 2261 2298 ῆκεν
2326 2233 2780 2308 ἀπονοσφίζεσθαι
2852 2252 2979 2316 τοὺς
3049 2255 3356 2329 εἰλικρινῶς
3423 2264 3714 2338 λατρεύειν

2133 2318 2240 2338 um
2529 2331 2540 2338 -
2595 2334 2607 2338 -
2682 2336 2706 2338 -Α

2130 2318 2428 2391 ἐθέλοντας,
2459 2331 2551 2384 καὶ
2584 2334 2613 2385 6
2645 2336 2742 2407 τῆς
2771 2339 3010 2414 ἱστορίας
3036 2318 3710 2429 ἡμᾶς-ἀναπείθειλόγος.

2197 2509 2402 2568 ΠΑΛΛ.
2436 2519 2543 2573 Καὶ
2572 2522 2677 2594 μὴν
2695 2527 2853 2583 τοῦτό
2874 2531 2936 2600 γέ
2956 2536 3105 2592 ἐστιν
3133 2540 3234 2594 οὐκ
3262 2543 3603 2615 ἀσυμφανὲς·
3638 2550 3710 2605 τά

2122 2596 2166 2651 δ’
2186 2596 2279 2657 οὖν
2308 2604 2507 2679 ἐφεξῆς
2534 2612 2844 2689 διαπεραινέ
2879 2596 2989 2693 μοι.

2188 2782 2352 2837 ΚΥΡ.
2386 2786 2524 2852 Τοὺς
2549 2790 2648 2858 μὲν
2671 2788 2765 2848 οὖν
2790 2795 2850 2862 ἐξ
2886 2799 3101 2876 Ἰσραὴλ
3131 2806 3410 2875 δύσοιστος
3437 2812 3591 2885 οἶμαί
3617 2833 3706 2882 τις

2117 2874 2213 2927 καὶ
2257 2875 2454 2949 δριμὺς
2499 2883 2598 2952 τῆς
2650 2887 2881 2958 ἀρχαίας
2934 2874 3245 2971 ἐλευθερίας
3280 2874 3702 2973 εἰσέθειιπόθοςζ

2116 2968 2536 3038 ἀπονενευκότες
2561 2977 2618 3030 δὲ
2638 2978 2736 3049 ἤδη
2768 2983 2903 3051 πρὸς
2918 2986 3094 3055 τοῦτο,
3122 2968 3318 3056 δεινῶς
3343 2968 3705 3073 κατηρέθιζον

1690 3015 1821 3034 "'r"
1835 3015 1883 3022 --
1901 3015 2011 3037 ν’·*ν

433 3015 557 3085 eius
579 3018 708 3086 iras.
735 3026 830 3093 qui
850 3027 958 3085 illis
975 3031 1164 3104 jugum
1187 3042 1469 3101 servitutis
1491 3048 1843 3123 imposuerat,
1868 3076 2017 3117 com-

789 3118 880 3159 ΠΙΙί
921 3137 1044 3159 num
1077 3126 1283 3159 ΑἶΛη-Λο
1310 3135 1522 3159 L--!-_-__
1544 3157 1553 3159 -
1580 3142 1620 3159 j-
1882 3152 1897 3159 -
1967 3154 1979 3159 -

2123 3015 2534 3038 _---.-.--..---,
2561 3015 2618 3030 ve
2644 3015 2736 3049 ιινιι
2773 3015 2899 3051 ημυε,
2918 3015 3094 3055 ἰ-υυῐυ,
3130 3015 3318 3056 οεινως
3343 3015 3700 3073 κατηρευιςον

2123 3060 2197 3123 εἰς
2220 3061 2391 3131 ὀργὰς
2414 3065 2503 3119 τὸν
2540 3071 2652 3132 τοῖς
2674 3070 2773 3141 τῆς
2801 3072 3041 3142 δουλείας
3070 3081 3464 3150 ἐγκαταδέοντα
3492 3090 3700 3159 ζυγοῖς.

435 3120 756 3187 moverunt;
789 3118 882 3186 qui
921 3137 1046 3177 cum
1077 3126 1285 3185 diceret
1309 3135 1623 3207 hujusmodi
1654 3161 1836 3203 rerum
1865 3152 2013 3208 desi-

434 3194 652 3255 derium
680 3219 749 3259 ex
783 3209 899 3264 otio
927 3212 1282 3286 descendere,
1310 3231 1495 3298 augeri
1526 3231 1635 3289 illis
1662 3251 1886 3307 Operum
1919 3259 2013 3299 su-

440 3287 555 3307 ,w
670 3294 685 3307 .
724 3296 740 3307 .

431 3287 620 3345 dorem
670 3294 1024 3372 laboremque
1057 3309 1240 3377 jussit.
1272 3287 1459 3387 Itaque
1489 3330 1546 3377 ut
1577 3287 1837 3384 sinerulla
1872 3333 2011 3389 dila-

430 3380 581 3438 tione
621 3386 690 3441 ab
725 3390 805 3445 eis
846 3408 1234 3464 exposceretur
1274 3413 1521 3467 consueti
1565 3419 1748 3485 operis
1778 3436 2008 3493 summa,

430 3472 609 3493 HL"
960 3486 994 3493 ,,
1084 3490 1095 3493 _

426 3472 708 3541 palearum
740 3496 872 3538 vero
904 3486 1134 3545 tributio
1181 3505 1383 3563 praeter
1424 3472 1877 3567 consuetudinem
1910 3472 2009 3571 de:

425 3573 739 3634 negaretur,
769 3571 1035 3643 injunxit;
1065 3581 1283 3638 dicebat
1310 3588 1456 3643 enim
1481 3609 1494 3645 :
1536 3613 1553 3645 ι
1583 3596 1820 3668 Vacatis,
1847 3607 2008 3663 otiosi

423 3652 580 3719 estis,
614 3657 737 3712 ideo
777 3661 982 3729 dicitis,
1024 3668 1227 3727 Eamus
1256 3670 1313 3728 et
1352 3681 1722 3744 sacriﬁcemus
1756 3692 1868 3748 Deo
1904 3714 2006 3753 no-

422 3749 583 3795 stro“
611 3746 769 3802 Nunc
807 3750 975 3820 igitur
1018 3768 1213 3816 euntes
1256 3771 1559 3833 operamini
1606 3793 1619 3828 :
1650 3780 1818 3846 palea:
1858 3788 2004 3844 enim

423 3846 537 3885 non
568 3833 863 3906 dabuntur,
907 3854 965 3899 et
996 3862 1263 3906 summam
1302 3857 1525 3917 latcritii
1565 3833 1746 3937 Operis
1781 3875 1999 3936 dabitis.

422 3920 804 3998 Videbantque
848 3947 906 3988 se
932 3933 1139 3995 Scribaa
1169 3940 1403 4002 ﬁliorum
1430 3920 2002 4033 Israelriii

420 4021 610 4071 centes
642 4034 655 4069 :
680 4018 800 4075 Non
829 4024 1088 4084 minuetis
1113 4048 1142 4085 a
1173 4042 1373 4104 statuta
1396 4044 1607 4103 summa
1636 4051 1869 4113 laterum
1889 4042 2001 4132 per

420 4103 665 4132 ..ἕνην-1ου·
703 4109 816 4132 -ΙΞΑ-
873 4114 914 4132 Α

419 4103 666 4174 singulos
699 4109 836 4168 dies.
871 4114 1245 4187 Occurrerunt
1288 4142 1469 4188 autem
1512 4137 1679 4212 Moysi
1719 4154 1775 4201 et
1815 4103 1999 4209 Aail'on

418 4194 771 4258 venientibus
803 4204 859 4260 in
886 4223 1176 4271 occursum
1202 4235 1416 4289 eorum,
1442 4242 1566 4284 cum
1603 4238 1998 4305 egrederentur

418 4300 450 4338 a
480 4287 782 4360 Pharaone,
810 4307 866 4353 et
887 4301 1145 4363 dixerunt
1174 4311 1282 4368 illis
1308 4316 1581 4388 :Aspiciat
1608 4326 1872 4390 Dominus
1899 4352 1994 4391 su-

417 4391 518 4445 per
558 4396 655 4438 vos
699 4395 756 4441 et
797 4389 1028 4461 judicet,
1062 4405 1320 4469 quoniam
1363 4416 1751 4474 exsecrabilem
1784 4424 1993 4484 fecistis

414 4468 639 4527 odorem
667 4488 914 4538 nostrum
945 4502 1128 4545 coram
1164 4495 1466 4567 Pharaone,
1499 4514 1554 4559 et
1595 4523 1779 4566 coram
1820 4519 1993 4573 servis

413 4557 555 4626 ejus,
592 4572 655 4617 ut
696 4566 902 4626 daretis
940 4577 1176 4645 gladium
1223 4585 1281 4640 in
1324 4605 1518 4648 manus
1540 4597 1658 4665 ejus
1683 4602 1751 4655 ad
1782 4603 1994 4661 interﬁ-

413 4649 638 4709 ciendos
679 4672 780 4714 nos
820 4663 859 4718 ³.

411 4837 501 4888 tus
522 4836 711 4908 jugum
733 4858 1009 4918 excutere,
1033 4836 1342 4933 contraque.
1360 4868 1532 4925 divini
1560 4875 1740 4929 cultus
1758 4878 1985 4944 gloriam

1240 4924 1255 4933 _
1569 4924 1585 4927 _
1602 4924 1737 4929 μη,
1759 4924 1863 4944 οη,
1879 4924 1985 4934 ......

407 4924 726 4987 praeclaram
757 4932 906 4991 illam
934 4949 989 4994 ct
1018 4943 1244 5003 liberam
1275 4956 1576 5026 suscipere,
1601 4977 1905 5034 vacareque
1929 4977 1986 5024 et

405 5024 735 5081 cognoscere
764 5039 910 5092 eum,
944 5034 1037 5100 qui
1060 5045 1144 5091 est
1170 5055 1299 5096 vere
1330 5045 1611 5113 Dominus,
1637 5060 1696 5106 ut
1726 5055 1783 5107 in
1816 5056 1967 5112 Psal-

2116 3148 2322 3220 Ἔργον
2355 3151 2412 3205 δὲ
2445 3151 2584 3209 εἶναι
2623 3159 2818 3232 σχολῆς
2852 3164 2951 3228 τὰς
2991 3168 3085 3220 ἐπὶ
3108 3148 3333 3226 τοιοῖσδε
3364 3148 3535 3244 λέγων
3570 3148 3706 3233 ’ἐπί-

2115 3237 2346 3322 θυμίας,
2382 3244 2856 3313 ὲγκατατείνεσθαι
2900 3257 3051 3327 σφίσι
3098 3261 3187 3313 τὸν
3223 3264 3315 3317 ἐπὶ
3360 3237 3470 3330 τοῖς
3514 3268 3704 3340 ἔργοις

2116 3313 2312 3402 ἱδρῶτα
2335 3337 2569 3405 κελεύει,
2594 3344 2690 3413 τῆς
2719 3345 2818 3414 μὲν
2838 3349 2895 3400 ὲν
2921 3313 3031 3404 ἔθει
3067 3355 3369 3421 συντάξεως
3398 3313 3704 3434 dvorte-{:06-

2111 3437 2217 3485 τως
2245 3422 2631 3500 ὲξαιτουμένης
2650 3473 2665 3497 ,
2698 3444 3164 3515 περιτεμνομένης
3191 3445 3247 3499 δὲ
3284 3422 3702 3521 ἀσυνήθωςάὐ-

2112 3514 2223 3575 τοῖς
2256 3513 2357 3584 τῆς
2386 3517 2493 3572 τῶν
2550 3521 2768 3594 ἀχύρων
2808 3526 3067 3603 διανομῆς
3089 3513 3381 3604 (ἔφασκεν
3417 3513 3559 3614 γὰρ,
3609 3545 3699 3602 ὅτι

2121 3601 2470 3670 «Σχολάζετε,
2498 3609 2787 3678 σχολαπαί
2808 3615 2952 3681 ἐστε,
2975 3601 3061 3674 διά
3083 3601 3241 3677 τοῦτο
3258 3601 3465 3696 λέγετε,
3486 3601 3703 3700 Πορευ-

2108 3689 2290 3761 θῶμεν
2322 3696 2415 3749 καὶ
2445 3698 2694 3771 θύσωμεν
2734 3703 2809 3774 τῷ
2841 3706 2961 3778 Θεῷ
3004 3712 3183 3782 ἡμῶν.
3214 3689 3342 3770 Νῦν,
3367 3689 3460 3773 οὖν
3493 3689 3702 3793 πορευ-

2107 3780 2289 3847 θέντες
2320 3787 2651 3855 ἐργάζεσθεο
2680 3793 2741 3846 τὸ
2770 3796 2876 3866 γὰρ
2904 3780 3106 3870 ἄχυρον
3137 3806 3197 3857 οὐ
3232 3807 3516 3879 δοθήσεται
3537 3780 3697 3878 ,ικαὶ

2103 3873 2202 3944 τὴν
2238 3876 2486 3942 σύνταξιν
2526 3882 2625 3951 τῆς
2671 3884 2948 3953 πλινθείας
2990 3895 3142 3948 αὐτοὶ
3185 3893 3404 3956 δώσετε.
3465 3905 3699 3979 Ἑώρων

2101 3963 2193 4020 οὖν
2226 3969 2273 4020 οἱ
2301 3969 2652 4041 Γραμματεῖς
2679 3976 2787 4030 τῶν
2817 3980 2948 4033 υἱῶν
2987 3984 3204 4059 Ἰσραὴλ
3235 3990 3458 4058 ἑαυτοὺς
3492 3997 3550 4049 ὲν
3581 4017 3696 4054 κα·-

2101 4060 2235 4120 κοῖς,
2265 4058 2532 4126 λέγοντες·
2569 4065 2683 4118 Οὐκ
2710 4068 3030 4142 ἀπολείψετε
3053 4058 3167 4130 ἀπὸ
3189 4079 3291 4150 τῆς
3312 4083 3595 4154 πλινθείας
3624 4093 3695 4147 τὸ

2097 4149 2336 4219 καθῆκον
2359 4154 2423 4223 τῇ
2451 4155 2654 4228 ἡμέρᾳ.
2682 4158 3030 4233 Συνήντησαν
3056 4168 3112 4221 δὲ
3132 4149 3304 4244 Μωσῇ
3335 4176 3431 4228 καὶ
3469 4149 3689 4252 Ἀαρὼν

2097 4239 2411 4309 ἐρχομένοις
2456 4245 2537 4304 είς
2599 4248 2920 4320 συνάντησιν
2953 4257 3171 4322 αὐτοῖς,
3226 4239 3689 4338 ἐκπορευομένων

2098 4330 2276 4382 αὐτῶν
2304 4332 2409 4386 ἀπὸ
2429 4335 2521 4388 τοῦ
2542 4338 2761 4411 Φαραὼ,
2785 4346 2878 4397 καὶ
2897 4341 3049 4401 εἷπον
3067 4350 3270 4416 αὐτοῖς’
3310 4355 3628 4432 Ἐπίδοι[τ]ο
3656 4366 3688 4417 6

2027 4418 2065 4472 Ι)
2094 4417 2225 4482 Θεὸς
2259 4422 2428 4491 ὑμᾶς,
2468 4427 2563 4479 καὶ
2602 4430 2817 4498 κρίναι.
2871 4434 2954 4488 ὅτι
2999 4436 3318 4506 ἐϐδελύξατε
3353 4445 3452 4517 τὴν
3501 4417 3690 4527 ύσμὴν

2095 4508 2251 4578 ἡμῶν
2274 4512 2513 4567 ἐναντίον
2543 4517 2761 4589 Φαραὼ,
2784 4524 2878 4577 καὶ
2910 4527 3150 4583 ἐναντίον
3185 4532 3294 4587 τῶν
3327 4508 3687 4607 θεραπόντῶν

2093 4601 2280 4663 αὐτοῦ,
2312 4604 2492 4660 δοῦναι
2525 4611 2799 4680 ῥομφαίαν
2836 4618 2914 4681 είς
2941 4618 3039 4684 τάς
3067 4626 3253 4694 χεῖρας
3292 4601 3458 4680 αὐτοῦ
3482 4668 3497 4689 ,
3538 4630 3682 4684 ἀπο-

2093 4695 2298 4747 κτεῖναι
2321 4697 2490 4766 ἡμᾶς.
2523 4719 2542 4751 ›
2569 4701 2638 4754 Ἦ
2666 4705 2793 4776 γὰρ,
2816 4698 2861 4758 ὦ
2882 4708 3122 4782 φιλότης,
3154 4715 3253 4766 οὐκ
3280 4716 3506 4785 ἀτρεκὲς
3531 4716 3680 4776 εἶναι

2094 4785 2224 4853 φὴς,
2259 4787 2337 4850 ὡς
2378 4790 2600 4843 ἐπειδὰν
2648 4795 2821 4850 ἕλοιτό
2844 4817 2926 4863 τις
2950 4805 3051 4871 τῆς
3076 4803 3169 4856 τοῦ
3202 4805 3448 4860 διαϐόλου
3479 4810 3682 4866 πλεονο

2088 4874 2237 4941 εξίας
2268 4880 2641 4939 ἀπολύσασθαι
2691 4887 2780 4941 τὸν
2808 4888 2989 4960 ζυγὸν,
3037 4897 3130 4950 καὶ
3170 4898 3230 4952 τὸ
3276 4899 3529 4974 λαμπρὸν
3575 4908 3679 4962 καὶ

2088 4964 2367 5039 ἐλεύθερον
2392 4972 2489 5042 τῆς
2524 4975 2603 5037 είς
2643 4973 2774 5031 Θεὸν
2813 4978 3071 5051 λατρείας
3112 4964 3496 5044 ἀντανελέσθαι
3533 4994 3679 5046 καύ-

2073 5078 2140 5131 χη
2150 5079 2245 5130 μα,
2276 5065 2531 5134 σχολάσαι
2564 5087 2621 5122 τε
2644 5073 2738 5126 καὶ
2770 5074 2968 5142 γνῶναι
2995 5079 3084 5132 τὸν
3106 5081 3323 5151 ἀληθῶς
3348 5085 3658 5159 Δεσπότην,

405 5108 510 5157 mis
539 5108 754 5165 canitur
782 5133 795 5168 :
835 5136 853 5169 ι
888 5120 1087 5179 Vacate
1124 5135 1181 5183 et
1215 5131 1415 5200 videte,
1444 5141 1700 5206 quoniam
1732 5159 1833 5215 ego
1856 5162 1978 5203 sum

405 5191 548 5244 Deus
594 5198 631 5244 ⁸-
677 5221 694 5244 ι
743 5214 858 5244 tum
903 5208 1019 5244 fnum
1074 5223 1134 5244 ..ο
1180 5219 1265 5244 ιιι..
1302 5222 1352 5244 ε..
1405 5224 1497 5244 ιηο
1679 5232 1715 5244 ..
1927 5239 1938 5244 -

2131 5108 2245 5130 “ww,
2277 5108 2531 5134 Ἴνυκα...
2575 5108 2621 5122 υς...
2646 5108 2738 5126 nu.»
2781 5108 2968 5142 ενωνυιι
2996 5108 3084 5132 'wv
3106 5108 3322 5151 υιΛηυως
3348 5108 3658 5159 Δεσποτην,

2124 5153 2226 5206 ατὰ
2266 5154 2327 5206 τὸ
2363 5157 2420 5208 ἐν
2452 5159 2699 5231 Ψαλμοῖς
2741 5164 3094 5236 ὑμνούμενον·
3150 5191 3167 5222 ι
3213 5174 3520 5244 Σχολάσατε
3569 5182 3672 5235 καὶ

618 5239 632 5264 ,
676 5221 694 5254 ι
743 5214 859 5260 tum
902 5208 1019 5266 fore
1074 5223 1135 5268 ut
1179 5219 1267 5274 ille
1300 5222 1357 5276 in
1404 5224 1717 5295 hujusmodi
1758 5239 1978 5308 negotio

618 5308 676 5339 ac
715 5298 958 5339 glndinm
1010 5312 1265 5339 tantum...
1314 5312 1642 5339 :...._:A.-.-___
1867 5327 1880 5339 .

2746 5208 2767 5215 -
2807 5208 2908 5218 ην-
2959 5208 3072 5223 νη..
3150 5208 3167 5222 .
3213 5208 3252 5225 ι.
3291 5208 3520 5231 νηυιυυι-ιε
3572 5208 3671 5235 και

2123 5243 2255 5296 νῶτε
2287 5246 2369 5298 ὄτι
2404 5208 2515 5316 ὲγῶ
2554 5208 2668 5321 ειίμι
2699 5208 2958 5324 Κύιριοςνό
2999 5258 3151 5324 Θεὸς,
3190 5281 3208 5314 ι
3243 5208 3530 5332 ἐγκαλέσει
3561 5270 3671 5339 μὲν

400 5285 573 5343 otium
610 5308 676 5348 ac
715 5298 959 5351 studium
1010 5312 1268 5374 tanquam
1314 5312 1649 5385 impietatem
1682 5285 1974 5393 quatrfdam

2131 5285 2255 5296 ην...
2289 5285 2369 5298 ν...
2404 5285 2515 5316 ..ιω
2554 5285 2668 5321 ειμι
2699 5285 2899 5324 ιιυριυε,
2930 5285 2958 5308 υ
2999 5285 3151 5324 σευς,
3190 5285 3208 5314 ι
3243 5285 3530 5332 εγκαΛεσει
3561 5285 3668 5339 μεν

2123 5337 2212 5404 μῖν
2247 5336 2324 5401 ὡς
2354 5337 2567 5393 ἀνόσιόν
2594 5359 2646 5394 τι
2677 5343 2884 5414 χρῆμα,
2919 5347 3016 5418 τὴν
3048 5351 3138 5403 ἐπὶ
3167 5353 3302 5425 τῷδε
3344 5357 3539 5429 σχολὴν
3568 5361 3668 5415 καὶ

475 5447 497 5479 ⁵
523 5448 696 5504 Exod.
735 5468 788 5516 v,
815 5453 881 5504 l7
912 5470 1031 5526 sqq.
1109 5462 1131 5493 ⁶
1158 5465 1298 5524 Psal.
1336 5489 1457 5544 xu',
1487 5478 1536 5535 i.

471 5576 546 5641 (ι)
582 5576 673 5653 S_ic
723 5580 846 5633 cod.
891 5583 1011 5641 Vat.
1055 5590 1174 5653 Non

395 5642 763 5713 Egyptiarum
796 5665 966 5708 sensu.
