  <div class='ocr_page' id='page_1' title='image "/cluster/home/n/w/nwhite01/storage/ocr_20150623/68/pst.000005712694/106.png"; bbox 0 0 3968 6300; ppageno 0'>
   <div class='ocr_carea' id='block_1_1' title="bbox 154 344 325 400">
    <p class='ocr_par' dir='ltr' id='par_1_1' title="bbox 154 344 325 400">
     <span class='ocr_line' id='line_1_1' title="bbox 154 344 325 400; baseline 0 0"><span class='ocrx_word' id='word_1_1' title='bbox 154 360 161 369; x_wconf 76' lang='lat'>&#39;</span> <span class='ocrx_word' id='word_1_2' title='bbox 226 344 325 400; x_wconf 72' lang='grc'><strong>193</strong></span> 
     </span>
    </p>
   </div>
   <div class='ocr_carea' id='block_1_2' title="bbox 969 341 2745 403">
    <p class='ocr_par' dir='ltr' id='par_1_2' title="bbox 969 341 2745 403">
     <span class='ocr_line' id='line_1_2' title="bbox 969 341 2745 403; baseline 0.001 -4"><span class='ocrx_word' id='word_1_3' title='bbox 969 341 1055 399; x_wconf 87' lang='lat' dir='ltr'><strong>DE</strong></span> <span class='ocrx_word' id='word_1_4' title='bbox 1094 344 1535 403; x_wconf 80' lang='lat' dir='ltr'><strong>ADORATIONE</strong></span> <span class='ocrx_word' id='word_1_5' title='bbox 1575 344 1641 401; x_wconf 85' lang='lat' dir='ltr'><strong>IN</strong></span> <span class='ocrx_word' id='word_1_6' title='bbox 1682 343 1950 400; x_wconf 82' lang='lat' dir='ltr'><strong>SPIRITU</strong></span> <span class='ocrx_word' id='word_1_7' title='bbox 1998 342 2085 399; x_wconf 87' lang='lat' dir='ltr'><strong>ET</strong></span> <span class='ocrx_word' id='word_1_8' title='bbox 2124 345 2490 401; x_wconf 70' lang='lat' dir='ltr'><strong>VERITATE.</strong></span> <span class='ocrx_word' id='word_1_9' title='bbox 2536 347 2664 400; x_wconf 87' lang='lat' dir='ltr'><strong>LIB.</strong></span> <span class='ocrx_word' id='word_1_10' title='bbox 2706 349 2745 401; x_wconf 88' lang='grc' dir='ltr'>ι.</span> 
     </span>
    </p>
   </div>
   <div class='ocr_carea' id='block_1_3' title="bbox 3371 353 3470 409">
    <p class='ocr_par' dir='ltr' id='par_1_3' title="bbox 3371 353 3470 409">
     <span class='ocr_line' id='line_1_3' title="bbox 3371 353 3470 409; baseline 0.01 -1"><span class='ocrx_word' id='word_1_11' title='bbox 3371 353 3470 409; x_wconf 64' lang='lat' dir='ltr'><strong>I91</strong></span> 
     </span>
    </p>
   </div>
   <div class='ocr_carea' id='block_1_4' title="bbox 226 451 1801 537">
    <p class='ocr_par' dir='ltr' id='par_1_4' title="bbox 226 451 1801 526">
     <span class='ocr_line' id='line_1_4' title="bbox 226 451 1801 526; baseline -0.003 -18"><span class='ocrx_word' id='word_1_12' title='bbox 226 456 461 525; x_wconf 77' lang='grc' dir='ltr'><strong>θέλησιν,</strong></span> <span class='ocrx_word' id='word_1_13' title='bbox 492 451 948 519; x_wconf 80' lang='grc' dir='ltr'>κατεξανίσταται</span> <span class='ocrx_word' id='word_1_14' title='bbox 969 452 1026 506; x_wconf 84' lang='grc' dir='ltr'>δὲ</span> <span class='ocrx_word' id='word_1_15' title='bbox 1047 456 1157 517; x_wconf 87' lang='grc' dir='ltr'>τοῖς</span> <span class='ocrx_word' id='word_1_16' title='bbox 1179 454 1357 520; x_wconf 78' lang='grc' dir='ltr'>ἄλλοις</span> <span class='ocrx_word' id='word_1_17' title='bbox 1385 454 1520 526; x_wconf 78' lang='grc' dir='ltr'><strong>ὁμοῦ</strong></span> <span class='ocrx_word' id='word_1_18' title='bbox 1546 452 1801 524; x_wconf 80' lang='grc' dir='ltr'><strong>πονηροῖς</strong></span> 
     </span>
    </p>
   </div>
   <div class='ocr_carea' id='block_1_5' title="bbox 1907 451 3472 537">
    <p class='ocr_par' dir='ltr' id='par_1_5' title="bbox 1907 452 3472 537">
     <span class='ocr_line' id='line_1_5' title="bbox 1907 452 3472 537; baseline 0.008 -28"><span class='ocrx_word' id='word_1_19' title='bbox 1907 452 2062 509; x_wconf 88' lang='lat' dir='ltr'><strong>nobis</strong></span> <span class='ocrx_word' id='word_1_20' title='bbox 2092 453 2227 508; x_wconf 91' lang='lat' dir='ltr'><strong>vitio</strong></span> <span class='ocrx_word' id='word_1_21' title='bbox 2256 462 2453 519; x_wconf 91' lang='lat' dir='ltr'><strong>vertat,</strong></span> <span class='ocrx_word' id='word_1_22' title='bbox 2479 469 2694 524; x_wconf 89' lang='lat' dir='ltr'><strong>unaque</strong></span> <span class='ocrx_word' id='word_1_23' title='bbox 2719 470 2843 510; x_wconf 90' lang='lat' dir='ltr'><strong>cum</strong></span> <span class='ocrx_word' id='word_1_24' title='bbox 2873 458 2995 513; x_wconf 89' lang='lat' dir='ltr'><strong>aliis</strong></span> <span class='ocrx_word' id='word_1_25' title='bbox 3027 475 3262 532; x_wconf 84' lang='lat' dir='ltr'><strong>nequam</strong></span> <span class='ocrx_word' id='word_1_26' title='bbox 3292 464 3472 537; x_wconf 84' lang='lat' dir='ltr'><strong>impu~</strong></span> 
     </span>
    </p>
   </div>
   <div class='ocr_carea' id='block_1_6' title="bbox 222 542 1796 616">
    <p class='ocr_par' dir='ltr' id='par_1_6' title="bbox 222 542 1796 616">
     <span class='ocr_line' id='line_1_6' title="bbox 222 542 1796 616; baseline -0.001 -18"><span class='ocrx_word' id='word_1_27' title='bbox 222 562 281 599; x_wconf 87' lang='grc' dir='ltr'><strong>τε</strong></span> <span class='ocrx_word' id='word_1_28' title='bbox 331 544 423 597; x_wconf 74' lang='grc' dir='ltr'>καὶ</span> <span class='ocrx_word' id='word_1_29' title='bbox 485 542 818 616; x_wconf 79' lang='grc' dir='ltr'><strong>ἀκαθάρτοις</strong></span> <span class='ocrx_word' id='word_1_30' title='bbox 878 543 1181 614; x_wconf 73' lang='grc' dir='ltr'><strong>πνεύμασιν</strong></span> <span class='ocrx_word' id='word_1_31' title='bbox 1236 548 1264 599; x_wconf 86' lang='grc' dir='ltr'>ὁ</span> <span class='ocrx_word' id='word_1_32' title='bbox 1320 547 1536 600; x_wconf 86' lang='grc' dir='ltr'>πάντων</span> <span class='ocrx_word' id='word_1_33' title='bbox 1584 543 1796 614; x_wconf 77' lang='grc' dir='ltr'>ἐχθρὸς,</span> 
     </span>
    </p>
   </div>
   <div class='ocr_carea' id='block_1_7' title="bbox 227 634 1799 709">
    <p class='ocr_par' dir='ltr' id='par_1_7' title="bbox 227 634 1799 709">
     <span class='ocr_line' id='line_1_7' title="bbox 227 634 1799 709; baseline -0.001 -21"><span class='ocrx_word' id='word_1_34' title='bbox 227 634 494 706; x_wconf 81' lang='grc' dir='ltr'>σαρκικῆς</span> <span class='ocrx_word' id='word_1_35' title='bbox 533 635 632 705; x_wconf 83' lang='grc' dir='ltr'><strong>μὲν</strong></span> <span class='ocrx_word' id='word_1_36' title='bbox 677 635 772 687; x_wconf 73' lang='grc' dir='ltr'>καὶ</span> <span class='ocrx_word' id='word_1_37' title='bbox 813 634 1045 702; x_wconf 77' lang='grc' dir='ltr'><strong>γεώδους</strong></span> <span class='ocrx_word' id='word_1_38' title='bbox 1088 635 1427 709; x_wconf 81' lang='grc' dir='ltr'><strong>ἀκαθαρσίας</strong></span> <span class='ocrx_word' id='word_1_39' title='bbox 1459 638 1552 689; x_wconf 80' lang='grc' dir='ltr'>καὶ</span> <span class='ocrx_word' id='word_1_40' title='bbox 1587 634 1695 688; x_wconf 86' lang='grc' dir='ltr'><strong>τῶν</strong></span> <span class='ocrx_word' id='word_1_41' title='bbox 1740 635 1799 687; x_wconf 87' lang='grc' dir='ltr'>ὲν</span> 
     </span>
    </p>
   </div>
   <div class='ocr_carea' id='block_1_8' title="bbox 224 725 1799 798">
    <p class='ocr_par' dir='ltr' id='par_1_8' title="bbox 224 725 1799 798">
     <span class='ocr_line' id='line_1_8' title="bbox 224 725 1799 798; baseline -0.002 -17"><span class='ocrx_word' id='word_1_42' title='bbox 224 729 414 798; x_wconf 81' lang='grc' dir='ltr'>κόσμῳ</span> <span class='ocrx_word' id='word_1_43' title='bbox 450 725 848 797; x_wconf 85' lang='grc' dir='ltr'>ἀκαταλήκτως</span> <span class='ocrx_word' id='word_1_44' title='bbox 883 726 1124 796; x_wconf 78' lang='grc' dir='ltr'>ἔχεσθαι,</span> <span class='ocrx_word' id='word_1_45' title='bbox 1163 726 1305 780; x_wconf 83' lang='grc' dir='ltr'><strong>κατά</strong></span> <span class='ocrx_word' id='word_1_46' title='bbox 1336 728 1398 780; x_wconf 77' lang='grc' dir='ltr'>τὸ</span> <span class='ocrx_word' id='word_1_47' title='bbox 1428 727 1642 796; x_wconf 78' lang='grc' dir='ltr'><strong>ἑκάστῳ</strong></span> <span class='ocrx_word' id='word_1_48' title='bbox 1676 725 1799 778; x_wconf 84' lang='grc' dir='ltr'>σύν-</span> 
     </span>
    </p>
   </div>
   <div class='ocr_carea' id='block_1_9' title="bbox 224 815 1801 889">
    <p class='ocr_par' dir='ltr' id='par_1_9' title="bbox 224 815 1801 889">
     <span class='ocr_line' id='line_1_9' title="bbox 224 815 1801 889; baseline -0.001 -20"><span class='ocrx_word' id='word_1_49' title='bbox 224 818 373 889; x_wconf 85' lang='grc' dir='ltr'>ηθες,</span> <span class='ocrx_word' id='word_1_50' title='bbox 399 815 811 885; x_wconf 68' lang='grc' dir='ltr'>ὲπαναγκάζωνζ</span> <span class='ocrx_word' id='word_1_51' title='bbox 829 818 1055 887; x_wconf 79' lang='grc' dir='ltr'><strong>ἀγρίως,</strong></span> <span class='ocrx_word' id='word_1_52' title='bbox 1080 817 1376 888; x_wconf 85' lang='grc' dir='ltr'>ἀπέχεσθαι</span> <span class='ocrx_word' id='word_1_53' title='bbox 1409 817 1464 870; x_wconf 83' lang='grc' dir='ltr'>δὲ</span> <span class='ocrx_word' id='word_1_54' title='bbox 1496 817 1597 886; x_wconf 80' lang='grc' dir='ltr'>τῆς</span> <span class='ocrx_word' id='word_1_55' title='bbox 1626 818 1801 886; x_wconf 74' lang='grc' dir='ltr'>ἐντρι-</span> 
     </span>
    </p>
   </div>
   <div class='ocr_carea' id='block_1_10' title="bbox 226 907 1799 979">
    <p class='ocr_par' dir='ltr' id='par_1_10' title="bbox 226 907 1799 979">
     <span class='ocr_line' id='line_1_10' title="bbox 226 907 1799 979; baseline -0.001 -18"><span class='ocrx_word' id='word_1_56' title='bbox 226 909 353 972; x_wconf 81' lang='grc' dir='ltr'>6οὖς</span> <span class='ocrx_word' id='word_1_57' title='bbox 388 909 718 978; x_wconf 81' lang='grc' dir='ltr'>φαυλότητος</span> <span class='ocrx_word' id='word_1_58' title='bbox 748 909 946 979; x_wconf 81' lang='grc' dir='ltr'>ἥκιστα</span> <span class='ocrx_word' id='word_1_59' title='bbox 981 909 1079 979; x_wconf 86' lang='grc' dir='ltr'><strong>μὲν</strong></span> <span class='ocrx_word' id='word_1_60' title='bbox 1112 908 1284 978; x_wconf 75' lang='grc' dir='ltr'>ἐφιεὶς</span> <span class='ocrx_word' id='word_1_61' title='bbox 1304 947 1318 970; x_wconf 96' lang='grc'><strong>,</strong></span> <span class='ocrx_word' id='word_1_62' title='bbox 1360 908 1712 979; x_wconf 83' lang='grc' dir='ltr'>δυσπόριστον</span> <span class='ocrx_word' id='word_1_63' title='bbox 1743 907 1799 959; x_wconf 82' lang='grc' dir='ltr'>δὲ</span> 
     </span>
    </p>
   </div>
   <div class='ocr_carea' id='block_1_11' title="bbox 225 998 1800 1070">
    <p class='ocr_par' dir='ltr' id='par_1_11' title="bbox 225 998 1800 1070">
     <span class='ocr_line' id='line_1_11' title="bbox 225 998 1800 1070; baseline -0.001 -17"><span class='ocrx_word' id='word_1_64' title='bbox 225 1001 319 1053; x_wconf 74' lang='grc' dir='ltr'>καὶ</span> <span class='ocrx_word' id='word_1_65' title='bbox 356 999 515 1052; x_wconf 79' lang='grc' dir='ltr'>τοῦτο</span> <span class='ocrx_word' id='word_1_66' title='bbox 562 999 766 1063; x_wconf 75' lang='grc' dir='ltr'>τιθεὶς,</span> <span class='ocrx_word' id='word_1_67' title='bbox 815 999 891 1062; x_wconf 86' lang='grc' dir='ltr'>ὠς</span> <span class='ocrx_word' id='word_1_68' title='bbox 937 999 1003 1052; x_wconf 87' lang='grc' dir='ltr'><strong>ἀν</strong></span> <span class='ocrx_word' id='word_1_69' title='bbox 1039 1000 1114 1070; x_wconf 80' lang='grc' dir='ltr'>μὴ</span> <span class='ocrx_word' id='word_1_70' title='bbox 1160 998 1238 1069; x_wconf 89' lang='grc' dir='ltr'><strong>τῷ</strong></span> <span class='ocrx_word' id='word_1_71' title='bbox 1278 999 1397 1053; x_wconf 89' lang='grc' dir='ltr'>λίαν</span> <span class='ocrx_word' id='word_1_72' title='bbox 1448 1000 1647 1069; x_wconf 60' lang='grc' dir='ltr'>ἑτοίμῳ</span> <span class='ocrx_word' id='word_1_73' title='bbox 1685 999 1800 1051; x_wconf 89' lang='grc' dir='ltr'>δια-</span> 
     </span>
    </p>
   </div>
   <div class='ocr_carea' id='block_1_12' title="bbox 224 1089 1799 1161">
    <p class='ocr_par' dir='ltr' id='par_1_12' title="bbox 224 1089 1799 1161">
     <span class='ocr_line' id='line_1_12' title="bbox 224 1089 1799 1161; baseline -0.002 -17"><span class='ocrx_word' id='word_1_74' title='bbox 224 1091 445 1145; x_wconf 86' lang='grc' dir='ltr'>πτύοιτό</span> <span class='ocrx_word' id='word_1_75' title='bbox 486 1107 547 1143; x_wconf 88' lang='grc' dir='ltr'><strong>τε</strong></span> <span class='ocrx_word' id='word_1_76' title='bbox 581 1090 673 1143; x_wconf 82' lang='grc' dir='ltr'>καὶ</span> <span class='ocrx_word' id='word_1_77' title='bbox 724 1092 803 1153; x_wconf 88' lang='grc' dir='ltr'><strong>εἰς</strong></span> <span class='ocrx_word' id='word_1_78' title='bbox 848 1090 1008 1160; x_wconf 80' lang='grc' dir='ltr'>κόρον</span> <span class='ocrx_word' id='word_1_79' title='bbox 1042 1091 1110 1143; x_wconf 72' lang='grc' dir='ltr'>τοι</span> <span class='ocrx_word' id='word_1_80' title='bbox 1148 1091 1207 1144; x_wconf 86' lang='grc' dir='ltr'>τὸ</span> <span class='ocrx_word' id='word_1_81' title='bbox 1247 1092 1449 1157; x_wconf 79' lang='grc' dir='ltr'>κακόν;</span> <span class='ocrx_word' id='word_1_82' title='bbox 1492 1090 1659 1143; x_wconf 78' lang='grc' dir='ltr'>Ταυτὶ</span> <span class='ocrx_word' id='word_1_83' title='bbox 1691 1089 1799 1161; x_wconf 80' lang='grc' dir='ltr'><strong>γὰρ</strong></span> 
     </span>
    </p>
   </div>
   <div class='ocr_carea' id='block_1_13' title="bbox 223 1180 1800 1254">
    <p class='ocr_par' dir='ltr' id='par_1_13' title="bbox 223 1180 1800 1254">
     <span class='ocr_line' id='line_1_13' title="bbox 223 1180 1800 1254; baseline -0.001 -19"><span class='ocrx_word' id='word_1_84' title='bbox 223 1180 379 1252; x_wconf 79' lang='grc' dir='ltr'>οἶμαι</span> <span class='ocrx_word' id='word_1_85' title='bbox 408 1181 761 1251; x_wconf 82' lang='grc' dir='ltr'>καταδηλοῦν,</span> <span class='ocrx_word' id='word_1_86' title='bbox 784 1181 844 1234; x_wconf 83' lang='grc' dir='ltr'>τὸ</span> <span class='ocrx_word' id='word_1_87' title='bbox 882 1182 1112 1246; x_wconf 80' lang='grc' dir='ltr'><strong>ἐξαιτεῖν</strong></span> <span class='ocrx_word' id='word_1_88' title='bbox 1141 1182 1242 1252; x_wconf 84' lang='grc' dir='ltr'><strong>μὲν</strong></span> <span class='ocrx_word' id='word_1_89' title='bbox 1268 1182 1498 1246; x_wconf 79' lang='grc' dir='ltr'><strong>εὐτόνως</strong></span> <span class='ocrx_word' id='word_1_90' title='bbox 1522 1182 1620 1254; x_wconf 79' lang='grc' dir='ltr'>τῆς</span> <span class='ocrx_word' id='word_1_91' title='bbox 1645 1181 1800 1234; x_wconf 84' lang='grc' dir='ltr'>πλιν-</span> 
     </span>
    </p>
   </div>
   <div class='ocr_carea' id='block_1_14' title="bbox 224 1266 1799 1343">
    <p class='ocr_par' dir='ltr' id='par_1_14' title="bbox 224 1266 1799 1343">
     <span class='ocr_line' id='line_1_14' title="bbox 224 1266 1799 1343; baseline -0.002 -17"><span class='ocrx_word' id='word_1_92' title='bbox 224 1273 377 1335; x_wconf 81' lang='grc' dir='ltr'>θείας</span> <span class='ocrx_word' id='word_1_93' title='bbox 410 1273 507 1343; x_wconf 86' lang='grc' dir='ltr'>τὴν</span> <span class='ocrx_word' id='word_1_94' title='bbox 535 1271 784 1338; x_wconf 79' lang='grc' dir='ltr'>σύνταξιν</span> <span class='ocrx_word' id='word_1_95' title='bbox 804 1312 818 1336; x_wconf 95' lang='grc'><strong>,</strong></span> <span class='ocrx_word' id='word_1_96' title='bbox 851 1272 919 1324; x_wconf 84' lang='grc' dir='ltr'><strong>τά</strong></span> <span class='ocrx_word' id='word_1_97' title='bbox 949 1271 1005 1324; x_wconf 85' lang='grc' dir='ltr'>δὲ</span> <span class='ocrx_word' id='word_1_98' title='bbox 1036 1271 1104 1324; x_wconf 75' lang='grc' dir='ltr'>δι’</span> <span class='ocrx_word' id='word_1_99' title='bbox 1142 1266 1217 1325; x_wconf 82' lang='grc' dir='ltr'>ὧν</span> <span class='ocrx_word' id='word_1_100' title='bbox 1252 1274 1318 1326; x_wconf 84' lang='grc' dir='ltr'>ἂν</span> <span class='ocrx_word' id='word_1_101' title='bbox 1354 1272 1564 1342; x_wconf 82' lang='grc' dir='ltr'>γένοιτο</span> <span class='ocrx_word' id='word_1_102' title='bbox 1604 1272 1799 1343; x_wconf 68' lang='grc' dir='ltr'>ῥᾳδίως</span> 
     </span>
    </p>
   </div>
   <div class='ocr_carea' id='block_1_15' title="bbox 223 1362 1800 1435">
    <p class='ocr_par' dir='ltr' id='par_1_15' title="bbox 223 1362 1800 1435">
     <span class='ocr_line' id='line_1_15' title="bbox 223 1362 1800 1435; baseline 0 -18"><span class='ocrx_word' id='word_1_103' title='bbox 223 1365 567 1434; x_wconf 84' lang='grc' dir='ltr'>ἀποστερεῖν,</span> <span class='ocrx_word' id='word_1_104' title='bbox 602 1364 744 1417; x_wconf 79' lang='grc' dir='ltr'>τοῦτ’</span> <span class='ocrx_word' id='word_1_105' title='bbox 790 1363 969 1428; x_wconf 76' lang='grc' dir='ltr'>ἔστιν,</span> <span class='ocrx_word' id='word_1_106' title='bbox 1002 1362 1063 1415; x_wconf 77' lang='grc' dir='ltr'>τὸ</span> <span class='ocrx_word' id='word_1_107' title='bbox 1105 1364 1330 1435; x_wconf 78' lang='grc' dir='ltr'>ἄχυρον.</span> <span class='ocrx_word' id='word_1_108' title='bbox 1373 1362 1704 1433; x_wconf 83' lang='grc' dir='ltr'>Πεφύκαμεν</span> <span class='ocrx_word' id='word_1_109' title='bbox 1744 1363 1800 1417; x_wconf 85' lang='grc' dir='ltr'><em>δέ</em></span> 
     </span>
    </p>
   </div>
   <div class='ocr_carea' id='block_1_16' title="bbox 224 1450 1799 1524">
    <p class='ocr_par' dir='ltr' id='par_1_16' title="bbox 224 1450 1799 1524">
     <span class='ocr_line' id='line_1_16' title="bbox 224 1450 1799 1524; baseline -0.003 -17"><span class='ocrx_word' id='word_1_110' title='bbox 224 1470 341 1515; x_wconf 83' lang='grc' dir='ltr'><strong>πως</strong></span> <span class='ocrx_word' id='word_1_111' title='bbox 364 1496 379 1517; x_wconf 94' lang='grc'><strong>,</strong></span> <span class='ocrx_word' id='word_1_112' title='bbox 418 1452 537 1505; x_wconf 79' lang='grc' dir='ltr'>τότε</span> <span class='ocrx_word' id='word_1_113' title='bbox 569 1451 633 1520; x_wconf 78' lang='grc' dir='ltr'>δὴ</span> <span class='ocrx_word' id='word_1_114' title='bbox 688 1452 921 1522; x_wconf 78' lang='grc' dir='ltr'>μάλιστα</span> <span class='ocrx_word' id='word_1_115' title='bbox 969 1452 1358 1524; x_wconf 83' lang='grc' dir='ltr'>προθυμότατά</span> <span class='ocrx_word' id='word_1_116' title='bbox 1393 1469 1451 1505; x_wconf 88' lang='grc' dir='ltr'><strong>τε</strong></span> <span class='ocrx_word' id='word_1_117' title='bbox 1484 1453 1578 1504; x_wconf 77' lang='grc' dir='ltr'>καὶ</span> <span class='ocrx_word' id='word_1_118' title='bbox 1609 1450 1799 1503; x_wconf 75' lang='grc' dir='ltr'>εὐσθε-</span> 
     </span>
    </p>
   </div>
   <div class='ocr_carea' id='block_1_17' title="bbox 225 1540 1803 1613">
    <p class='ocr_par' dir='ltr' id='par_1_17' title="bbox 225 1540 1803 1613">
     <span class='ocr_line' id='line_1_17' title="bbox 225 1540 1803 1613; baseline -0.002 -18"><span class='ocrx_word' id='word_1_119' title='bbox 225 1544 460 1597; x_wconf 84' lang='grc' dir='ltr'>νέστατα</span> <span class='ocrx_word' id='word_1_120' title='bbox 498 1542 565 1595; x_wconf 79' lang='grc' dir='ltr'>τὰ</span> <span class='ocrx_word' id='word_1_121' title='bbox 604 1542 803 1613; x_wconf 82' lang='grc' dir='ltr'>συνήθη</span> <span class='ocrx_word' id='word_1_122' title='bbox 847 1542 1050 1612; x_wconf 78' lang='grc' dir='ltr'>ζητεῖν,</span> <span class='ocrx_word' id='word_1_123' title='bbox 1091 1542 1187 1596; x_wconf 76' lang='grc' dir='ltr'>καὶ</span> <span class='ocrx_word' id='word_1_124' title='bbox 1227 1541 1583 1613; x_wconf 78' lang='grc' dir='ltr'>θερμοτέραις</span> <span class='ocrx_word' id='word_1_125' title='bbox 1617 1540 1803 1593; x_wconf 74' lang='grc' dir='ltr'>ἐπιθυ-</span> 
     </span>
    </p>
   </div>
   <div class='ocr_carea' id='block_1_18' title="bbox 227 1629 1799 1703">
    <p class='ocr_par' dir='ltr' id='par_1_18' title="bbox 227 1629 1799 1703">
     <span class='ocr_line' id='line_1_18' title="bbox 227 1629 1799 1703; baseline -0.001 -18"><span class='ocrx_word' id='word_1_126' title='bbox 227 1634 383 1703; x_wconf 77' lang='grc' dir='ltr'>μίαις</span> <span class='ocrx_word' id='word_1_127' title='bbox 408 1633 494 1684; x_wconf 79' lang='grc' dir='ltr'><strong>ἐπ’</strong></span> <span class='ocrx_word' id='word_1_128' title='bbox 518 1633 656 1686; x_wconf 82' lang='grc' dir='ltr'>αὐτὰ</span> <span class='ocrx_word' id='word_1_129' title='bbox 674 1632 1128 1702; x_wconf 74' lang='grc' dir='ltr'>καταφλέγεσθαι,</span> <span class='ocrx_word' id='word_1_130' title='bbox 1146 1632 1233 1685; x_wconf 83' lang='grc' dir='ltr'>ὅτε</span> <span class='ocrx_word' id='word_1_131' title='bbox 1253 1649 1305 1685; x_wconf 88' lang='grc' dir='ltr'><strong>τι</strong></span> <span class='ocrx_word' id='word_1_132' title='bbox 1334 1631 1573 1701; x_wconf 85' lang='grc' dir='ltr'>φαίνοιτο</span> <span class='ocrx_word' id='word_1_133' title='bbox 1600 1629 1799 1700; x_wconf 78' lang='grc' dir='ltr'>μεταξὺ</span> 
     </span>
    </p>
   </div>
   <div class='ocr_carea' id='block_1_19' title="bbox 222 1721 1800 1795">
    <p class='ocr_par' dir='ltr' id='par_1_19' title="bbox 222 1721 1800 1795">
     <span class='ocr_line' id='line_1_19' title="bbox 222 1721 1800 1795; baseline -0.004 -16"><span class='ocrx_word' id='word_1_134' title='bbox 222 1728 280 1779; x_wconf 76' lang='grc' dir='ltr'>τὸ</span> <span class='ocrx_word' id='word_1_135' title='bbox 309 1727 390 1789; x_wconf 83' lang='grc' dir='ltr'>ὡς</span> <span class='ocrx_word' id='word_1_136' title='bbox 422 1725 482 1789; x_wconf 73' lang='grc' dir='ltr'><strong>ἑξ</strong></span> <span class='ocrx_word' id='word_1_137' title='bbox 513 1725 756 1794; x_wconf 79' lang='grc' dir='ltr'>ἀνάγκης</span> <span class='ocrx_word' id='word_1_138' title='bbox 788 1725 1063 1795; x_wconf 83' lang='grc' dir='ltr'>ἀποφέρον</span> <span class='ocrx_word' id='word_1_139' title='bbox 1094 1723 1187 1776; x_wconf 75' lang='grc' dir='ltr'><strong>ἐπὶ</strong></span> <span class='ocrx_word' id='word_1_140' title='bbox 1217 1724 1278 1776; x_wconf 85' lang='grc' dir='ltr'>τὸ</span> <span class='ocrx_word' id='word_1_141' title='bbox 1325 1721 1399 1794; x_wconf 83' lang='grc' dir='ltr'>μὴ</span> <span class='ocrx_word' id='word_1_142' title='bbox 1427 1721 1684 1776; x_wconf 85' lang='grc' dir='ltr'>δύνασθαι</span> <span class='ocrx_word' id='word_1_143' title='bbox 1707 1738 1800 1773; x_wconf 87' lang='grc' dir='ltr'>τυ-</span> 
     </span>
    </p>
   </div>
   <div class='ocr_carea' id='block_1_20' title="bbox 1898 546 3475 627">
    <p class='ocr_par' dir='ltr' id='par_1_20' title="bbox 1898 546 3475 627">
     <span class='ocr_line' id='line_1_20' title="bbox 1898 546 3475 627; baseline 0.01 -29"><span class='ocrx_word' id='word_1_144' title='bbox 1898 546 2085 615; x_wconf 88' lang='lat' dir='ltr'><strong>risque</strong></span> <span class='ocrx_word' id='word_1_145' title='bbox 2128 546 2412 615; x_wconf 74' lang='lat' dir='ltr'><strong>spiritibus</strong></span> <span class='ocrx_word' id='word_1_146' title='bbox 2456 547 2545 601; x_wconf 87' lang='lat' dir='ltr'><strong>ille</strong></span> <span class='ocrx_word' id='word_1_147' title='bbox 2584 546 2830 601; x_wconf 90' lang='lat' dir='ltr'><strong>omnium</strong></span> <span class='ocrx_word' id='word_1_148' title='bbox 2875 548 3049 606; x_wconf 89' lang='lat' dir='ltr'><strong>hostis</strong></span> <span class='ocrx_word' id='word_1_149' title='bbox 3077 553 3340 627; x_wconf 82' lang='lat' dir='ltr'><strong>insurgat,</strong></span> <span class='ocrx_word' id='word_1_150' title='bbox 3371 559 3475 613; x_wconf 87' lang='lat' dir='ltr'><strong>im-</strong></span> 
     </span>
    </p>
   </div>
   <div class='ocr_carea' id='block_1_21' title="bbox 1899 637 3477 718">
    <p class='ocr_par' dir='ltr' id='par_1_21' title="bbox 1899 637 3477 718">
     <span class='ocr_line' id='line_1_21' title="bbox 1899 637 3477 718; baseline 0.01 -30"><span class='ocrx_word' id='word_1_151' title='bbox 1899 637 2239 705; x_wconf 87' lang='lat' dir='ltr'><strong>maniterque</strong></span> <span class='ocrx_word' id='word_1_152' title='bbox 2289 645 2465 707; x_wconf 80' lang='lat' dir='ltr'><strong>cogat,</strong></span> <span class='ocrx_word' id='word_1_153' title='bbox 2501 646 2561 691; x_wconf 91' lang='lat' dir='ltr'><strong>ut</strong></span> <span class='ocrx_word' id='word_1_154' title='bbox 2611 638 2813 692; x_wconf 83' lang='lat' dir='ltr'><strong>carnali</strong></span> <span class='ocrx_word' id='word_1_155' title='bbox 2862 646 3198 711; x_wconf 60' lang='lat' dir='ltr'><strong>terrenaque</strong></span> <span class='ocrx_word' id='word_1_156' title='bbox 3243 647 3477 718; x_wconf 73' lang='lat' dir='ltr'><strong>impuri~</strong></span> 
     </span>
    </p>
   </div>
   <div class='ocr_carea' id='block_1_22' title="bbox 1900 727 3478 811">
    <p class='ocr_par' dir='ltr' id='par_1_22' title="bbox 1900 727 3478 811">
     <span class='ocr_line' id='line_1_22' title="bbox 1900 727 3478 811; baseline 0.011 -32"><span class='ocrx_word' id='word_1_157' title='bbox 1900 727 2019 791; x_wconf 90' lang='lat' dir='ltr'><strong>tati,</strong></span> <span class='ocrx_word' id='word_1_158' title='bbox 2050 729 2161 798; x_wconf 77' lang='lat'><strong>38</strong></span> <span class='ocrx_word' id='word_1_159' title='bbox 2195 736 2251 783; x_wconf 91' lang='lat' dir='ltr'><strong>et</strong></span> <span class='ocrx_word' id='word_1_160' title='bbox 2283 729 2466 783; x_wconf 71' lang='lat' dir='ltr'><strong>szcculi</strong></span> <span class='ocrx_word' id='word_1_161' title='bbox 2502 728 2651 783; x_wconf 87' lang='lat' dir='ltr'><strong>curis</strong></span> <span class='ocrx_word' id='word_1_162' title='bbox 2693 738 2860 799; x_wconf 90' lang='lat' dir='ltr'><strong>atque</strong></span> <span class='ocrx_word' id='word_1_163' title='bbox 2907 731 3335 793; x_wconf 88' lang='lat' dir='ltr'><strong>distentionibus</strong></span> <span class='ocrx_word' id='word_1_164' title='bbox 3377 757 3478 811; x_wconf 90' lang='lat' dir='ltr'><strong>pro</strong></span> 
     </span>
    </p>
   </div>
   <div class='ocr_carea' id='block_1_23' title="bbox 1899 819 3477 893">
    <p class='ocr_par' dir='ltr' id='par_1_23' title="bbox 1899 819 3477 893">
     <span class='ocr_line' id='line_1_23' title="bbox 1899 819 3477 893; baseline 0.009 -23"><span class='ocrx_word' id='word_1_165' title='bbox 1899 819 2164 888; x_wconf 83' lang='lat' dir='ltr'><strong>cujusque</strong></span> <span class='ocrx_word' id='word_1_166' title='bbox 2192 820 2587 875; x_wconf 85' lang='lat' dir='ltr'><strong>consuetudine</strong></span> <span class='ocrx_word' id='word_1_167' title='bbox 2616 820 2845 876; x_wconf 90' lang='lat' dir='ltr'><strong>ﬁrmiter</strong></span> <span class='ocrx_word' id='word_1_168' title='bbox 2884 821 3337 893; x_wconf 68' lang='lat' dir='ltr'><strong>adhmrescamus,</strong></span> <span class='ocrx_word' id='word_1_169' title='bbox 3372 831 3477 884; x_wconf 80' lang='lat' dir='ltr'><strong>mi-</strong></span> 
     </span>
    </p>
   </div>
   <div class='ocr_carea' id='block_1_24' title="bbox 1899 906 3478 983">
    <p class='ocr_par' dir='ltr' id='par_1_24' title="bbox 1899 906 3478 983">
     <span class='ocr_line' id='line_1_24' title="bbox 1899 906 3478 983; baseline 0.009 -24"><span class='ocrx_word' id='word_1_170' title='bbox 1899 906 2155 977; x_wconf 89' lang='lat' dir='ltr'><strong>nimeque</strong></span> <span class='ocrx_word' id='word_1_171' title='bbox 2189 911 2487 978; x_wconf 84' lang='lat' dir='ltr'><strong>permittat,</strong></span> <span class='ocrx_word' id='word_1_172' title='bbox 2518 917 2628 964; x_wconf 90' lang='lat' dir='ltr'><strong>uta</strong></span> <span class='ocrx_word' id='word_1_173' title='bbox 2653 912 2897 980; x_wconf 89' lang='lat' dir='ltr'><strong>nequitia</strong></span> <span class='ocrx_word' id='word_1_174' title='bbox 2928 912 2984 966; x_wconf 93' lang='lat' dir='ltr'><strong>in</strong></span> <span class='ocrx_word' id='word_1_175' title='bbox 3015 930 3122 983; x_wconf 91' lang='lat' dir='ltr'><strong>qua</strong></span> <span class='ocrx_word' id='word_1_176' title='bbox 3149 918 3351 971; x_wconf 78' lang='lat' dir='ltr'><strong>versati</strong></span> <span class='ocrx_word' id='word_1_177' title='bbox 3381 920 3478 974; x_wconf 87' lang='lat' dir='ltr'><strong>diu</strong></span> 
     </span>
    </p>
   </div>
   <div class='ocr_carea' id='block_1_25' title="bbox 1899 1001 3482 1076">
    <p class='ocr_par' dir='ltr' id='par_1_25' title="bbox 1899 1001 3482 1076">
     <span class='ocr_line' id='line_1_25' title="bbox 1899 1001 3482 1076; baseline 0.008 -23"><span class='ocrx_word' id='word_1_178' title='bbox 1899 1014 2109 1063; x_wconf 91' lang='lat' dir='ltr'><strong>sumus,</strong></span> <span class='ocrx_word' id='word_1_179' title='bbox 2156 1001 2555 1067; x_wconf 86' lang='lat' dir='ltr'><strong>abstineamus;</strong></span> <span class='ocrx_word' id='word_1_180' title='bbox 2587 1002 2719 1071; x_wconf 90' lang='lat' dir='ltr'><strong>quin</strong></span> <span class='ocrx_word' id='word_1_181' title='bbox 2761 1004 2925 1057; x_wconf 88' lang='lat' dir='ltr'><strong>etiam</strong></span> <span class='ocrx_word' id='word_1_182' title='bbox 2952 1005 3007 1059; x_wconf 92' lang='lat' dir='ltr'><strong>id</strong></span> <span class='ocrx_word' id='word_1_183' title='bbox 3043 1007 3219 1076; x_wconf 92' lang='lat' dir='ltr'><strong>ipsum</strong></span> <span class='ocrx_word' id='word_1_184' title='bbox 3254 1010 3482 1067; x_wconf 87' lang='lat' dir='ltr'><strong>minime</strong></span> 
     </span>
    </p>
   </div>
   <div class='ocr_carea' id='block_1_26' title="bbox 1898 1090 3477 1161">
    <p class='ocr_par' dir='ltr' id='par_1_26' title="bbox 1898 1090 3477 1161">
     <span class='ocr_line' id='line_1_26' title="bbox 1898 1090 3477 1161; baseline 0.008 -18"><span class='ocrx_word' id='word_1_185' title='bbox 1898 1090 2061 1144; x_wconf 90' lang='lat' dir='ltr'><strong>nobis</strong></span> <span class='ocrx_word' id='word_1_186' title='bbox 2088 1092 2402 1161; x_wconf 80' lang='lat' dir='ltr'><strong>expeditum</strong></span> <span class='ocrx_word' id='word_1_187' title='bbox 2433 1092 2642 1157; x_wconf 87' lang='lat' dir='ltr'><strong>reddat,</strong></span> <span class='ocrx_word' id='word_1_188' title='bbox 2677 1108 2745 1147; x_wconf 91' lang='lat' dir='ltr'><strong>ne</strong></span> <span class='ocrx_word' id='word_1_189' title='bbox 2774 1092 2967 1147; x_wconf 79' lang='lat' dir='ltr'><strong>vitium</strong></span> <span class='ocrx_word' id='word_1_190' title='bbox 3008 1095 3053 1151; x_wconf 91' lang='lat' dir='ltr'><strong>si</strong></span> <span class='ocrx_word' id='word_1_191' title='bbox 3093 1098 3387 1154; x_wconf 87' lang='lat' dir='ltr'><strong>admodum</strong></span> <span class='ocrx_word' id='word_1_192' title='bbox 3420 1101 3477 1155; x_wconf 88' lang='lat' dir='ltr'><strong>in</strong></span> 
     </span>
    </p>
   </div>
   <div class='ocr_carea' id='block_1_27' title="bbox 1899 1184 3476 1261">
    <p class='ocr_par' dir='ltr' id='par_1_27' title="bbox 1899 1184 3476 1261">
     <span class='ocr_line' id='line_1_27' title="bbox 1899 1184 3476 1261; baseline 0.008 -27"><span class='ocrx_word' id='word_1_193' title='bbox 1899 1190 2156 1251; x_wconf 90' lang='lat' dir='ltr'><strong>promptu</strong></span> <span class='ocrx_word' id='word_1_194' title='bbox 2208 1184 2298 1246; x_wconf 89' lang='lat' dir='ltr'><strong>sit,</strong></span> <span class='ocrx_word' id='word_1_195' title='bbox 2351 1192 2752 1250; x_wconf 83' lang='lat' dir='ltr'><strong>contemnatur,</strong></span> <span class='ocrx_word' id='word_1_196' title='bbox 2805 1192 2861 1239; x_wconf 89' lang='lat' dir='ltr'><strong>et</strong></span> <span class='ocrx_word' id='word_1_197' title='bbox 2907 1186 3210 1243; x_wconf 87' lang='lat' dir='ltr'><strong>satietatem</strong></span> <span class='ocrx_word' id='word_1_198' title='bbox 3252 1192 3337 1245; x_wconf 90' lang='lat' dir='ltr'><strong>sui</strong></span> <span class='ocrx_word' id='word_1_199' title='bbox 3379 1207 3476 1261; x_wconf 66' lang='grc' dir='ltr'>ρε-</span> 
     </span>
    </p>
   </div>
   <div class='ocr_carea' id='block_1_28' title="bbox 1898 1271 3476 1345">
    <p class='ocr_par' dir='ltr' id='par_1_28' title="bbox 1898 1271 3476 1345">
     <span class='ocr_line' id='line_1_28' title="bbox 1898 1271 3476 1345; baseline 0.008 -20"><span class='ocrx_word' id='word_1_200' title='bbox 1898 1271 2039 1326; x_wconf 89' lang='lat' dir='ltr'><strong>riat?</strong></span> <span class='ocrx_word' id='word_1_201' title='bbox 2068 1273 2125 1327; x_wconf 93' lang='lat' dir='ltr'><strong>Id</strong></span> <span class='ocrx_word' id='word_1_202' title='bbox 2155 1275 2301 1327; x_wconf 91' lang='lat' dir='ltr'><strong>enim</strong></span> <span class='ocrx_word' id='word_1_203' title='bbox 2332 1274 2640 1345; x_wconf 81' lang='lat' dir='ltr'><strong>signiﬁcare</strong></span> <span class='ocrx_word' id='word_1_204' title='bbox 2673 1276 2931 1338; x_wconf 84' lang='lat' dir='ltr'><strong>arbitror,</strong></span> <span class='ocrx_word' id='word_1_205' title='bbox 2970 1278 3204 1334; x_wconf 89' lang='lat' dir='ltr'><strong>laterum</strong></span> <span class='ocrx_word' id='word_1_206' title='bbox 3234 1292 3476 1337; x_wconf 90' lang='lat' dir='ltr'><strong>structu-</strong></span> 
     </span>
    </p>
   </div>
   <div class='ocr_carea' id='block_1_29' title="bbox 1900 1363 3481 1439">
    <p class='ocr_par' dir='ltr' id='par_1_29' title="bbox 1900 1363 3481 1439">
     <span class='ocr_line' id='line_1_29' title="bbox 1900 1363 3481 1439; baseline 0.008 -24"><span class='ocrx_word' id='word_1_207' title='bbox 1900 1378 2015 1416; x_wconf 91' lang='lat' dir='ltr'><strong>ram</strong></span> <span class='ocrx_word' id='word_1_208' title='bbox 2034 1363 2236 1417; x_wconf 90' lang='lat' dir='ltr'><strong>acriter</strong></span> <span class='ocrx_word' id='word_1_209' title='bbox 2259 1380 2586 1433; x_wconf 84' lang='lat' dir='ltr'><strong>exposcere;</strong></span> <span class='ocrx_word' id='word_1_210' title='bbox 2611 1382 2673 1420; x_wconf 91' lang='lat' dir='ltr'><strong>ea</strong></span> <span class='ocrx_word' id='word_1_211' title='bbox 2695 1382 2879 1436; x_wconf 90' lang='lat' dir='ltr'><strong>porro,</strong></span> <span class='ocrx_word' id='word_1_212' title='bbox 2904 1384 3004 1438; x_wconf 93' lang='lat' dir='ltr'><strong>per</strong></span> <span class='ocrx_word' id='word_1_213' title='bbox 3028 1385 3149 1439; x_wconf 76' lang='lat' dir='ltr'><strong>qua:</strong></span> <span class='ocrx_word' id='word_1_214' title='bbox 3169 1370 3326 1427; x_wconf 83' lang='lat' dir='ltr'><strong>facile</strong></span> <span class='ocrx_word' id='word_1_215' title='bbox 3350 1388 3481 1428; x_wconf 91' lang='lat' dir='ltr'><strong>cou-</strong></span> 
     </span>
    </p>
   </div>
   <div class='ocr_carea' id='block_1_30' title="bbox 1900 1452 3529 1524">
    <p class='ocr_par' dir='ltr' id='par_1_30' title="bbox 1900 1452 3529 1524">
     <span class='ocr_line' id='line_1_30' title="bbox 1900 1452 3529 1524; baseline 0.009 -19"><span class='ocrx_word' id='word_1_216' title='bbox 1900 1452 1986 1507; x_wconf 88' lang='lat' dir='ltr'><strong>ﬁci</strong></span> <span class='ocrx_word' id='word_1_217' title='bbox 2028 1463 2273 1522; x_wconf 90' lang='lat' dir='ltr'><strong>possunt,</strong></span> <span class='ocrx_word' id='word_1_218' title='bbox 2310 1454 2364 1507; x_wconf 89' lang='lat' dir='ltr'><strong>id</strong></span> <span class='ocrx_word' id='word_1_219' title='bbox 2396 1463 2500 1519; x_wconf 90' lang='lat' dir='ltr'><strong>est,</strong></span> <span class='ocrx_word' id='word_1_220' title='bbox 2531 1456 2713 1524; x_wconf 87' lang='lat' dir='ltr'><strong>paleas</strong></span> <span class='ocrx_word' id='word_1_221' title='bbox 2751 1458 3019 1512; x_wconf 86' lang='lat' dir='ltr'><strong>subtrahi.</strong></span> <span class='ocrx_word' id='word_1_222' title='bbox 3060 1459 3155 1516; x_wconf 88' lang='lat' dir='ltr'><strong>Est</strong></span> <span class='ocrx_word' id='word_1_223' title='bbox 3199 1463 3346 1516; x_wconf 91' lang='lat' dir='ltr'><strong>enim</strong></span> <span class='ocrx_word' id='word_1_224' title='bbox 3376 1481 3478 1519; x_wconf 86' lang='lat' dir='ltr'><strong>na-</strong></span> <span class='ocrx_word' id='word_1_225' title='bbox 3514 1478 3529 1487; x_wconf 74' lang='lat'><em>‘</em></span> 
     </span>
    </p>
   </div>
   <div class='ocr_carea' id='block_1_31' title="bbox 1900 1546 3478 1626">
    <p class='ocr_par' dir='ltr' id='par_1_31' title="bbox 1900 1546 3478 1626">
     <span class='ocr_line' id='line_1_31' title="bbox 1900 1546 3478 1626; baseline 0.007 -27"><span class='ocrx_word' id='word_1_226' title='bbox 1900 1554 2021 1600; x_wconf 92' lang='lat' dir='ltr'><strong>tura</strong></span> <span class='ocrx_word' id='word_1_227' title='bbox 2054 1546 2211 1600; x_wconf 90' lang='lat' dir='ltr'><strong>nobis</strong></span> <span class='ocrx_word' id='word_1_228' title='bbox 2234 1546 2636 1615; x_wconf 87' lang='lat' dir='ltr'><strong>quodammodo</strong></span> <span class='ocrx_word' id='word_1_229' title='bbox 2663 1560 3058 1619; x_wconf 87' lang='lat' dir='ltr'><strong>comparatum,</strong></span> <span class='ocrx_word' id='word_1_230' title='bbox 3086 1561 3147 1606; x_wconf 92' lang='lat' dir='ltr'><strong>ut</strong></span> <span class='ocrx_word' id='word_1_231' title='bbox 3174 1568 3239 1607; x_wconf 91' lang='lat' dir='ltr'><strong>ea</strong></span> <span class='ocrx_word' id='word_1_232' title='bbox 3273 1554 3327 1609; x_wconf 93' lang='lat' dir='ltr'><strong>in</strong></span> <span class='ocrx_word' id='word_1_233' title='bbox 3353 1557 3478 1626; x_wconf 85' lang='lat' dir='ltr'><strong>qui-</strong></span> 
     </span>
    </p>
   </div>
   <div class='ocr_carea' id='block_1_32' title="bbox 1899 1636 3481 1711">
    <p class='ocr_par' dir='ltr' id='par_1_32' title="bbox 1899 1636 3481 1711">
     <span class='ocr_line' id='line_1_32' title="bbox 1899 1636 3481 1711; baseline 0.006 -20"><span class='ocrx_word' id='word_1_234' title='bbox 1899 1636 2003 1692; x_wconf 90' lang='lat' dir='ltr'><strong>bus</strong></span> <span class='ocrx_word' id='word_1_235' title='bbox 2031 1639 2234 1693; x_wconf 89' lang='lat' dir='ltr'><strong>assueti</strong></span> <span class='ocrx_word' id='word_1_236' title='bbox 2269 1654 2478 1704; x_wconf 89' lang='lat' dir='ltr'><strong>sumus,</strong></span> <span class='ocrx_word' id='word_1_237' title='bbox 2519 1648 2633 1694; x_wconf 90' lang='lat' dir='ltr'><strong>tum</strong></span> <span class='ocrx_word' id='word_1_238' title='bbox 2662 1642 2897 1696; x_wconf 88' lang='lat' dir='ltr'><strong>maxima</strong></span> <span class='ocrx_word' id='word_1_239' title='bbox 2928 1644 3232 1711; x_wconf 88' lang='lat' dir='ltr'><strong>alacritate,</strong></span> <span class='ocrx_word' id='word_1_240' title='bbox 3260 1656 3316 1702; x_wconf 91' lang='lat' dir='ltr'><strong>et</strong></span> <span class='ocrx_word' id='word_1_241' title='bbox 3345 1662 3481 1703; x_wconf 85' lang='lat' dir='ltr'><strong>con-</strong></span> 
     </span>
    </p>
   </div>
   <div class='ocr_carea' id='block_1_33' title="bbox 1902 1728 3480 1807">
    <p class='ocr_par' dir='ltr' id='par_1_33' title="bbox 1902 1728 3480 1807">
     <span class='ocr_line' id='line_1_33' title="bbox 1902 1728 3480 1807; baseline 0.008 -25"><span class='ocrx_word' id='word_1_242' title='bbox 1902 1728 2144 1784; x_wconf 91' lang='lat' dir='ltr'><strong>tentione</strong></span> <span class='ocrx_word' id='word_1_243' title='bbox 2168 1746 2498 1799; x_wconf 64' lang='lat' dir='ltr'><strong>quaeramus,</strong></span> <span class='ocrx_word' id='word_1_244' title='bbox 2525 1748 2828 1803; x_wconf 88' lang='lat' dir='ltr'><strong>eorumque</strong></span> <span class='ocrx_word' id='word_1_245' title='bbox 2857 1734 3157 1791; x_wconf 89' lang='lat' dir='ltr'><strong>ardentiori</strong></span> <span class='ocrx_word' id='word_1_246' title='bbox 3180 1739 3480 1807; x_wconf 87' lang='lat' dir='ltr'><strong>cupiditate</strong></span> 
     </span>
    </p>
   </div>
   <div class='ocr_carea' id='block_1_34' title="bbox 224 1794 1801 1896">
    <p class='ocr_par' dir='ltr' id='par_1_34' title="bbox 224 1794 1801 1889">
     <span class='ocr_line' id='line_1_34' title="bbox 224 1794 1801 1889; baseline -0.006 -18"><span class='ocrx_word' id='word_1_247' title='bbox 224 1820 362 1889; x_wconf 84' lang='grc' dir='ltr'>χεῖν.</span> <span class='ocrx_word' id='word_1_248' title='bbox 417 1816 573 1869; x_wconf 87' lang='grc' dir='ltr'>Θείου</span> <span class='ocrx_word' id='word_1_249' title='bbox 621 1816 677 1869; x_wconf 87' lang='grc' dir='ltr'>δὲ</span> <span class='ocrx_word' id='word_1_250' title='bbox 722 1815 785 1888; x_wconf 86' lang='grc' dir='ltr'>δὴ</span> <span class='ocrx_word' id='word_1_251' title='bbox 836 1794 1000 1886; x_wconf 85' lang='grc' dir='ltr'>νόμου</span> <span class='ocrx_word' id='word_1_252' title='bbox 1040 1815 1131 1868; x_wconf 84' lang='grc' dir='ltr'>τὸν</span> <span class='ocrx_word' id='word_1_253' title='bbox 1180 1813 1519 1885; x_wconf 84' lang='grc' dir='ltr'>ἀνθρώπινον</span> <span class='ocrx_word' id='word_1_254' title='bbox 1563 1811 1686 1864; x_wconf 81' lang='grc' dir='ltr'>νοῦν</span> <span class='ocrx_word' id='word_1_255' title='bbox 1735 1809 1801 1863; x_wconf 82' lang='grc' dir='ltr'>τὰ</span> 
     </span>
    </p>
   </div>
   <div class='ocr_carea' id='block_1_35' title="bbox 1907 1794 3478 1896">
    <p class='ocr_par' dir='ltr' id='par_1_35' title="bbox 1907 1794 3478 1896">
     <span class='ocr_line' id='line_1_35' title="bbox 1907 1794 3478 1896; baseline 0.008 -26"><span class='ocrx_word' id='word_1_256' title='bbox 1907 1794 2212 1888; x_wconf 56' lang='grc' dir='ltr'>Ποετεωιιε,</span> <span class='ocrx_word' id='word_1_257' title='bbox 2239 1833 2363 1873; x_wconf 93' lang='lat' dir='ltr'><strong>cum</strong></span> <span class='ocrx_word' id='word_1_258' title='bbox 2393 1794 2598 1890; x_wconf 82' lang='lat' dir='ltr'><strong>aliquid</strong></span> <span class='ocrx_word' id='word_1_259' title='bbox 2632 1794 2943 1888; x_wconf 69' lang='lat' dir='ltr'><strong>intercedit,</strong></span> <span class='ocrx_word' id='word_1_260' title='bbox 2979 1826 3125 1893; x_wconf 94' lang='lat' dir='ltr'><strong>quod</strong></span> <span class='ocrx_word' id='word_1_261' title='bbox 3160 1827 3213 1880; x_wconf 89' lang='lat' dir='ltr'><strong>vi</strong></span> <span class='ocrx_word' id='word_1_262' title='bbox 3244 1794 3478 1896; x_wconf 75' lang='lat' dir='ltr'><strong>quadam</strong></span> 
     </span>
    </p>
   </div>
   <div class='ocr_carea' id='block_1_36' title="bbox 222 1900 1805 1978">
    <p class='ocr_par' dir='ltr' id='par_1_36' title="bbox 222 1900 1805 1978">
     <span class='ocr_line' id='line_1_36' title="bbox 222 1900 1805 1978; baseline -0.006 -16"><span class='ocrx_word' id='word_1_263' title='bbox 222 1907 422 1977; x_wconf 73' lang='grc' dir='ltr'>αἰσχὶω</span> <span class='ocrx_word' id='word_1_264' title='bbox 479 1906 967 1977; x_wconf 84' lang='grc' dir='ltr'>μεταπαιδεύοντος</span> <span class='ocrx_word' id='word_1_265' title='bbox 1032 1906 1219 1978; x_wconf 88' lang='grc' dir='ltr'>μακρά</span> <span class='ocrx_word' id='word_1_266' title='bbox 1269 1921 1353 1966; x_wconf 89' lang='grc' dir='ltr'><strong>τις</strong></span> <span class='ocrx_word' id='word_1_267' title='bbox 1405 1901 1635 1955; x_wconf 87' lang='grc' dir='ltr'>εἰσδύνει</span> <span class='ocrx_word' id='word_1_268' title='bbox 1682 1900 1805 1953; x_wconf 86' lang='grc' dir='ltr'>τότε</span> 
     </span>
    </p>
   </div>
   <div class='ocr_carea' id='block_1_37' title="bbox 221 1992 1806 2069">
    <p class='ocr_par' dir='ltr' id='par_1_37' title="bbox 221 1992 1806 2069">
     <span class='ocr_line' id='line_1_37' title="bbox 221 1992 1806 2069; baseline -0.004 -17"><span class='ocrx_word' id='word_1_269' title='bbox 221 1999 280 2069; x_wconf 79' lang='grc' dir='ltr'>δὴ</span> <span class='ocrx_word' id='word_1_270' title='bbox 315 1999 563 2069; x_wconf 78' lang='grc' dir='ltr'>μάλιστα</span> <span class='ocrx_word' id='word_1_271' title='bbox 587 1997 746 2069; x_wconf 88' lang='grc' dir='ltr'>ποθὴ,</span> <span class='ocrx_word' id='word_1_272' title='bbox 777 1996 1015 2051; x_wconf 75' lang='grc' dir='ltr'>καλοῦσα</span> <span class='ocrx_word' id='word_1_273' title='bbox 1039 1995 1176 2066; x_wconf 79' lang='grc' dir='ltr'>πρὸς</span> <span class='ocrx_word' id='word_1_274' title='bbox 1200 1995 1268 2047; x_wconf 90' lang='grc' dir='ltr'>τὰ</span> <span class='ocrx_word' id='word_1_275' title='bbox 1300 1993 1458 2056; x_wconf 80' lang='grc' dir='ltr'>αὐτὰ,</span> <span class='ocrx_word' id='word_1_276' title='bbox 1494 1992 1589 2045; x_wconf 75' lang='grc' dir='ltr'>καὶ</span> <span class='ocrx_word' id='word_1_277' title='bbox 1617 2007 1806 2060; x_wconf 87' lang='grc' dir='ltr'>μονον-</span> 
     </span>
    </p>
   </div>
   <div class='ocr_carea' id='block_1_38' title="bbox 221 2081 1807 2161">
    <p class='ocr_par' dir='ltr' id='par_1_38' title="bbox 221 2081 1807 2161">
     <span class='ocr_line' id='line_1_38' title="bbox 221 2081 1807 2161; baseline -0.005 -18"><span class='ocrx_word' id='word_1_278' title='bbox 221 2092 337 2161; x_wconf 81' lang='grc' dir='ltr'>ουχὶ</span> <span class='ocrx_word' id='word_1_279' title='bbox 399 2090 500 2143; x_wconf 75' lang='grc' dir='ltr'><strong>τοῦ</strong></span> <span class='ocrx_word' id='word_1_280' title='bbox 557 2088 851 2159; x_wconf 79' lang='grc' dir='ltr'>νομοθέτου</span> <span class='ocrx_word' id='word_1_281' title='bbox 933 2087 1207 2158; x_wconf 75' lang='grc' dir='ltr'>καταϐοᾷν</span> <span class='ocrx_word' id='word_1_282' title='bbox 1258 2084 1654 2140; x_wconf 84' lang='grc' dir='ltr'>ἀναπείθουσα·</span> <span class='ocrx_word' id='word_1_283' title='bbox 1712 2081 1807 2136; x_wconf 74' lang='grc' dir='ltr'>καὶ</span> 
     </span>
    </p>
   </div>
   <div class='ocr_carea' id='block_1_39' title="bbox 221 2173 1806 2247">
    <p class='ocr_par' dir='ltr' id='par_1_39' title="bbox 221 2173 1806 2247">
     <span class='ocr_line' id='line_1_39' title="bbox 221 2173 1806 2247; baseline -0.004 -16"><span class='ocrx_word' id='word_1_284' title='bbox 221 2179 374 2232; x_wconf 77' lang='grc' dir='ltr'>τοῦδε</span> <span class='ocrx_word' id='word_1_285' title='bbox 401 2178 468 2247; x_wconf 82' lang='grc' dir='ltr'>δὴ</span> <span class='ocrx_word' id='word_1_286' title='bbox 514 2177 677 2232; x_wconf 80' lang='grc' dir='ltr'>πάλιν</span> <span class='ocrx_word' id='word_1_287' title='bbox 730 2178 806 2241; x_wconf 82' lang='grc' dir='ltr'><strong>ὡς</strong></span> <span class='ocrx_word' id='word_1_288' title='bbox 845 2177 902 2230; x_wconf 81' lang='grc' dir='ltr'>ὲν</span> <span class='ocrx_word' id='word_1_289' title='bbox 938 2178 1115 2239; x_wconf 81' lang='grc' dir='ltr'>σκιαῖς</span> <span class='ocrx_word' id='word_1_290' title='bbox 1148 2173 1419 2240; x_wconf 85' lang='grc' dir='ltr'>ἀπόδειξις</span> <span class='ocrx_word' id='word_1_291' title='bbox 1463 2174 1514 2226; x_wconf 93' lang='grc' dir='ltr'><strong>οἰ</strong></span> <span class='ocrx_word' id='word_1_292' title='bbox 1542 2174 1806 2243; x_wconf 81' lang='grc' dir='ltr'>Γραμμα-</span> 
     </span>
    </p>
   </div>
   <div class='ocr_carea' id='block_1_40' title="bbox 224 2264 1804 2339">
    <p class='ocr_par' dir='ltr' id='par_1_40' title="bbox 224 2264 1804 2339">
     <span class='ocr_line' id='line_1_40' title="bbox 224 2264 1804 2339; baseline -0.004 -16"><span class='ocrx_word' id='word_1_293' title='bbox 224 2273 329 2336; x_wconf 70' lang='grc' dir='ltr'>τεζς</span> <span class='ocrx_word' id='word_1_294' title='bbox 371 2269 485 2321; x_wconf 87' lang='grc' dir='ltr'><strong>τῶν</strong></span> <span class='ocrx_word' id='word_1_295' title='bbox 514 2268 647 2320; x_wconf 85' lang='grc' dir='ltr'>υἰῶν</span> <span class='ocrx_word' id='word_1_296' title='bbox 685 2268 899 2338; x_wconf 79' lang='grc' dir='ltr'>Ἰσραὴλ</span> <span class='ocrx_word' id='word_1_297' title='bbox 919 2309 932 2332; x_wconf 93' lang='grc'><strong>,</strong></span> <span class='ocrx_word' id='word_1_298' title='bbox 964 2266 1344 2339; x_wconf 80' lang='grc' dir='ltr'>ἐντρυχόμενοί</span> <span class='ocrx_word' id='word_1_299' title='bbox 1376 2283 1435 2319; x_wconf 87' lang='grc' dir='ltr'><strong>τε</strong></span> <span class='ocrx_word' id='word_1_300' title='bbox 1464 2268 1575 2328; x_wconf 82' lang='grc' dir='ltr'>τοῖς</span> <span class='ocrx_word' id='word_1_301' title='bbox 1604 2264 1804 2336; x_wconf 71' lang='grc' dir='ltr'>ἔργοις,</span> 
     </span>
    </p>
   </div>
   <div class='ocr_carea' id='block_1_41' title="bbox 224 2357 1806 2432">
    <p class='ocr_par' dir='ltr' id='par_1_41' title="bbox 224 2357 1806 2432">
     <span class='ocr_line' id='line_1_41' title="bbox 224 2357 1806 2432; baseline -0.004 -16"><span class='ocrx_word' id='word_1_302' title='bbox 224 2364 314 2418; x_wconf 69' lang='grc' dir='ltr'>καὶ</span> <span class='ocrx_word' id='word_1_303' title='bbox 342 2363 447 2432; x_wconf 81' lang='grc' dir='ltr'>τὴν</span> <span class='ocrx_word' id='word_1_304' title='bbox 481 2361 568 2414; x_wconf 73' lang='grc' dir='ltr'><strong>ἐπ’</strong></span> <span class='ocrx_word' id='word_1_305' title='bbox 614 2361 755 2415; x_wconf 82' lang='grc' dir='ltr'>αὐτὰ</span> <span class='ocrx_word' id='word_1_306' title='bbox 799 2361 988 2432; x_wconf 69' lang='grc' dir='ltr'>ῥᾳδίαν</span> <span class='ocrx_word' id='word_1_307' title='bbox 1019 2361 1119 2430; x_wconf 83' lang='grc' dir='ltr'>οὐχ</span> <span class='ocrx_word' id='word_1_308' title='bbox 1151 2361 1384 2430; x_wconf 83' lang='grc' dir='ltr'>ὁρῶντες</span> <span class='ocrx_word' id='word_1_309' title='bbox 1417 2358 1535 2412; x_wconf 82' lang='grc' dir='ltr'>ὁδόν</span> <span class='ocrx_word' id='word_1_310' title='bbox 1555 2376 1568 2389; x_wconf 81' lang='grc'><strong>’</strong></span> <span class='ocrx_word' id='word_1_311' title='bbox 1603 2357 1806 2428; x_wconf 81' lang='grc' dir='ltr'>ἀχύρου</span> 
     </span>
    </p>
   </div>
   <div class='ocr_carea' id='block_1_42' title="bbox 223 2448 1805 2524">
    <p class='ocr_par' dir='ltr' id='par_1_42' title="bbox 223 2448 1805 2524">
     <span class='ocr_line' id='line_1_42' title="bbox 223 2448 1805 2524; baseline -0.005 -17"><span class='ocrx_word' id='word_1_312' title='bbox 223 2454 329 2524; x_wconf 60' lang='grc' dir='ltr'><strong>γὰρ</strong></span> <span class='ocrx_word' id='word_1_313' title='bbox 373 2449 516 2522; x_wconf 75' lang='grc' dir='ltr'>ἦσαν</span> <span class='ocrx_word' id='word_1_314' title='bbox 550 2454 608 2505; x_wconf 82' lang='grc' dir='ltr'>ὲν</span> <span class='ocrx_word' id='word_1_315' title='bbox 640 2451 870 2515; x_wconf 80' lang='grc' dir='ltr'>σπάνει,</span> <span class='ocrx_word' id='word_1_316' title='bbox 907 2449 1209 2521; x_wconf 74' lang='grc' dir='ltr'>ἐπῃτιῶντο</span> <span class='ocrx_word' id='word_1_317' title='bbox 1239 2449 1296 2502; x_wconf 80' lang='grc' dir='ltr'>δὲ</span> <span class='ocrx_word' id='word_1_318' title='bbox 1344 2448 1466 2502; x_wconf 86' lang='grc' dir='ltr'>λίαν</span> <span class='ocrx_word' id='word_1_319' title='bbox 1512 2448 1717 2501; x_wconf 83' lang='grc' dir='ltr'>Μωσέα</span> <span class='ocrx_word' id='word_1_320' title='bbox 1746 2463 1805 2499; x_wconf 88' lang='grc' dir='ltr'><strong>τε</strong></span> 
     </span>
    </p>
   </div>
   <div class='ocr_carea' id='block_1_43' title="bbox 222 2538 1801 2615">
    <p class='ocr_par' dir='ltr' id='par_1_43' title="bbox 222 2538 1801 2615">
     <span class='ocr_line' id='line_1_43' title="bbox 222 2538 1801 2615; baseline -0.005 -18"><span class='ocrx_word' id='word_1_321' title='bbox 222 2546 315 2597; x_wconf 78' lang='grc' dir='ltr'>καὶ</span> <span class='ocrx_word' id='word_1_322' title='bbox 395 2541 607 2615; x_wconf 81' lang='grc' dir='ltr'>’Δαρὼν</span> <span class='ocrx_word' id='word_1_323' title='bbox 674 2543 776 2613; x_wconf 83' lang='grc' dir='ltr'>τῆς</span> <span class='ocrx_word' id='word_1_324' title='bbox 836 2541 1275 2610; x_wconf 75' lang='grc' dir='ltr'>ἐπενηνεγμένης</span> <span class='ocrx_word' id='word_1_325' title='bbox 1348 2539 1530 2601; x_wconf 77' lang='grc' dir='ltr'>αἰτίας</span> <span class='ocrx_word' id='word_1_326' title='bbox 1588 2538 1801 2602; x_wconf 83' lang='grc' dir='ltr'>αὐτοῖς,</span> 
     </span>
    </p>
   </div>
   <div class='ocr_carea' id='block_1_44' title="bbox 225 2629 1801 2707">
    <p class='ocr_par' dir='ltr' id='par_1_44' title="bbox 225 2629 1801 2707">
     <span class='ocr_line' id='line_1_44' title="bbox 225 2629 1801 2707; baseline -0.005 -18"><span class='ocrx_word' id='word_1_327' title='bbox 225 2636 500 2707; x_wconf 72' lang='grc' dir='ltr'>πρόφασιν</span> <span class='ocrx_word' id='word_1_328' title='bbox 528 2636 722 2699; x_wconf 83' lang='grc' dir='ltr'>αὐτοὺς</span> <span class='ocrx_word' id='word_1_329' title='bbox 753 2633 1003 2704; x_wconf 74' lang='grc' dir='ltr'>γενέσθαι</span> <span class='ocrx_word' id='word_1_330' title='bbox 1029 2633 1297 2703; x_wconf 82' lang='grc' dir='ltr'>λέγοντες,</span> <span class='ocrx_word' id='word_1_331' title='bbox 1324 2632 1417 2685; x_wconf 73' lang='grc' dir='ltr'>καὶ</span> <span class='ocrx_word' id='word_1_332' title='bbox 1445 2629 1801 2700; x_wconf 80' lang='grc' dir='ltr'>δυσαχθεστέ-</span> 
     </span>
    </p>
   </div>
   <div class='ocr_carea' id='block_1_45' title="bbox 226 2721 1799 2797">
    <p class='ocr_par' dir='ltr' id='par_1_45' title="bbox 226 2721 1799 2797">
     <span class='ocr_line' id='line_1_45' title="bbox 226 2721 1799 2797; baseline -0.004 -19"><span class='ocrx_word' id='word_1_333' title='bbox 226 2743 321 2797; x_wconf 78' lang='grc' dir='ltr'><strong>ραν</strong></span> <span class='ocrx_word' id='word_1_334' title='bbox 344 2726 646 2796; x_wconf 79' lang='grc' dir='ltr'>ἀνατλῆναι</span> <span class='ocrx_word' id='word_1_335' title='bbox 674 2725 775 2796; x_wconf 87' lang='grc' dir='ltr'>τῆς</span> <span class='ocrx_word' id='word_1_336' title='bbox 802 2723 1111 2789; x_wconf 78' lang='grc' dir='ltr'>πλεονεξίας</span> <span class='ocrx_word' id='word_1_337' title='bbox 1132 2724 1232 2794; x_wconf 80' lang='grc' dir='ltr'>τὴν</span> <span class='ocrx_word' id='word_1_338' title='bbox 1253 2722 1460 2793; x_wconf 74' lang='grc' dir='ltr'>ἔφοδον,</span> <span class='ocrx_word' id='word_1_339' title='bbox 1487 2724 1585 2791; x_wconf 86' lang='grc' dir='ltr'>οὐχ</span> <span class='ocrx_word' id='word_1_340' title='bbox 1613 2721 1799 2790; x_wconf 81' lang='grc' dir='ltr'>ἐτέρου</span> 
     </span>
    </p>
   </div>
   <div class='ocr_carea' id='block_1_46' title="bbox 224 2810 1798 2887">
    <p class='ocr_par' dir='ltr' id='par_1_46' title="bbox 224 2810 1798 2887">
     <span class='ocr_line' id='line_1_46' title="bbox 224 2810 1798 2887; baseline -0.003 -19"><span class='ocrx_word' id='word_1_341' title='bbox 224 2832 313 2868; x_wconf 85' lang='grc' dir='ltr'><strong>του</strong></span> <span class='ocrx_word' id='word_1_342' title='bbox 338 2816 538 2887; x_wconf 84' lang='grc' dir='ltr'>χάριν,</span> <span class='ocrx_word' id='word_1_343' title='bbox 571 2816 604 2887; x_wconf 84' lang='grc' dir='ltr'>ἢ</span> <span class='ocrx_word' id='word_1_344' title='bbox 634 2816 718 2869; x_wconf 82' lang='grc' dir='ltr'>ὅτι</span> <span class='ocrx_word' id='word_1_345' title='bbox 759 2814 821 2886; x_wconf 78' lang='grc' dir='ltr'>δὴ</span> <span class='ocrx_word' id='word_1_346' title='bbox 858 2815 1017 2886; x_wconf 87' lang='grc' dir='ltr'>μόνον</span> <span class='ocrx_word' id='word_1_347' title='bbox 1051 2813 1363 2885; x_wconf 79' lang='grc' dir='ltr'>ἐλευθερίας</span> <span class='ocrx_word' id='word_1_348' title='bbox 1396 2813 1592 2877; x_wconf 78' lang='grc' dir='ltr'>αὐτοὺς</span> <span class='ocrx_word' id='word_1_349' title='bbox 1625 2810 1798 2865; x_wconf 70' lang='grc' dir='ltr'>εἰσεδυ</span> 
     </span>
    </p>
   </div>
   <div class='ocr_carea' id='block_1_47' title="bbox 227 2904 1688 2977">
    <p class='ocr_par' dir='ltr' id='par_1_47' title="bbox 227 2904 1688 2977">
     <span class='ocr_line' id='line_1_47' title="bbox 227 2904 1688 2977; baseline -0.001 -20"><span class='ocrx_word' id='word_1_350' title='bbox 227 2905 412 2971; x_wconf 78' lang='grc' dir='ltr'>πόθος,</span> <span class='ocrx_word' id='word_1_351' title='bbox 442 2907 555 2970; x_wconf 84' lang='grc' dir='ltr'>τοῖς</span> <span class='ocrx_word' id='word_1_352' title='bbox 588 2907 717 2977; x_wconf 78' lang='grc' dir='ltr'>παρ’</span> <span class='ocrx_word' id='word_1_353' title='bbox 749 2905 927 2960; x_wconf 75' lang='grc' dir='ltr'>αὐτῶν</span> <span class='ocrx_word' id='word_1_354' title='bbox 958 2906 1136 2973; x_wconf 86' lang='grc' dir='ltr'>λόγοις</span> <span class='ocrx_word' id='word_1_355' title='bbox 1167 2904 1688 2973; x_wconf 81' lang='grc' dir='ltr'>ἀναπεπεισμένους.</span> 
     </span>
    </p>
   </div>
   <div class='ocr_carea' id='block_1_48' title="bbox 1902 1909 3480 1986">
    <p class='ocr_par' dir='ltr' id='par_1_48' title="bbox 1902 1909 3480 1986">
     <span class='ocr_line' id='line_1_48' title="bbox 1902 1909 3480 1986; baseline 0.008 -24"><span class='ocrx_word' id='word_1_356' title='bbox 1902 1924 2003 1963; x_wconf 91' lang='lat' dir='ltr'><strong>nos</strong></span> <span class='ocrx_word' id='word_1_357' title='bbox 2042 1909 2111 1963; x_wconf 91' lang='lat' dir='ltr'><strong>ab</strong></span> <span class='ocrx_word' id='word_1_358' title='bbox 2148 1909 2216 1963; x_wconf 90' lang='lat' dir='ltr'><strong>iis</strong></span> <span class='ocrx_word' id='word_1_359' title='bbox 2262 1913 2665 1980; x_wconf 89' lang='lat' dir='ltr'><strong>consequendis</strong></span> <span class='ocrx_word' id='word_1_360' title='bbox 2716 1913 2958 1968; x_wconf 89' lang='lat' dir='ltr'><strong>abducit.</strong></span> <span class='ocrx_word' id='word_1_361' title='bbox 3004 1916 3189 1986; x_wconf 86' lang='lat' dir='ltr'><strong>Itaque</strong></span> <span class='ocrx_word' id='word_1_362' title='bbox 3225 1934 3349 1972; x_wconf 92' lang='lat' dir='ltr'><strong>cum</strong></span> <span class='ocrx_word' id='word_1_363' title='bbox 3393 1920 3480 1973; x_wconf 83' lang='lat' dir='ltr'><strong>di-</strong></span> 
     </span>
    </p>
   </div>
   <div class='ocr_carea' id='block_1_49' title="bbox 1900 1998 3482 2079">
    <p class='ocr_par' dir='ltr' id='par_1_49' title="bbox 1900 1998 3482 2079">
     <span class='ocr_line' id='line_1_49' title="bbox 1900 1998 3482 2079; baseline 0.008 -26"><span class='ocrx_word' id='word_1_364' title='bbox 1900 1998 2028 2053; x_wconf 90' lang='lat' dir='ltr'><strong>vina</strong></span> <span class='ocrx_word' id='word_1_365' title='bbox 2060 1999 2147 2054; x_wconf 93' lang='lat' dir='ltr'><strong>lex</strong></span> <span class='ocrx_word' id='word_1_366' title='bbox 2178 2000 2478 2054; x_wconf 90' lang='lat' dir='ltr'><strong>humanum</strong></span> <span class='ocrx_word' id='word_1_367' title='bbox 2508 2003 2750 2057; x_wconf 91' lang='lat' dir='ltr'><strong>animum</strong></span> <span class='ocrx_word' id='word_1_368' title='bbox 2783 2006 2967 2073; x_wconf 90' lang='lat' dir='ltr'><strong>turpia</strong></span> <span class='ocrx_word' id='word_1_369' title='bbox 3006 2006 3256 2072; x_wconf 90' lang='lat' dir='ltr'><strong>dedocet,</strong></span> <span class='ocrx_word' id='word_1_370' title='bbox 3288 2010 3482 2079; x_wconf 80' lang='lat' dir='ltr'><strong>ingens</strong></span> 
     </span>
    </p>
   </div>
   <div class='ocr_carea' id='block_1_50' title="bbox 1903 2089 3479 2167">
    <p class='ocr_par' dir='ltr' id='par_1_50' title="bbox 1903 2089 3479 2167">
     <span class='ocr_line' id='line_1_50' title="bbox 1903 2089 3479 2167; baseline 0.007 -26"><span class='ocrx_word' id='word_1_371' title='bbox 1903 2089 2177 2158; x_wconf 87' lang='lat' dir='ltr'><strong>quoddam</strong></span> <span class='ocrx_word' id='word_1_372' title='bbox 2214 2090 2548 2145; x_wconf 88' lang='lat' dir='ltr'><strong>desiderium</strong></span> <span class='ocrx_word' id='word_1_373' title='bbox 2591 2099 2705 2146; x_wconf 90' lang='lat' dir='ltr'><strong>tum</strong></span> <span class='ocrx_word' id='word_1_374' title='bbox 2746 2095 2979 2148; x_wconf 83' lang='lat' dir='ltr'><strong>maxime</strong></span> <span class='ocrx_word' id='word_1_375' title='bbox 3020 2097 3188 2162; x_wconf 86' lang='lat' dir='ltr'><strong>subit,</strong></span> <span class='ocrx_word' id='word_1_376' title='bbox 3223 2100 3368 2167; x_wconf 90' lang='lat' dir='ltr'><strong>quod</strong></span> <span class='ocrx_word' id='word_1_377' title='bbox 3412 2101 3479 2152; x_wconf 86' lang='lat' dir='ltr'><strong>ad</strong></span> 
     </span>
    </p>
   </div>
   <div class='ocr_carea' id='block_1_51' title="bbox 1903 2180 3479 2255">
    <p class='ocr_par' dir='ltr' id='par_1_51' title="bbox 1903 2180 3479 2255">
     <span class='ocr_line' id='line_1_51' title="bbox 1903 2180 3479 2255; baseline 0.005 -22"><span class='ocrx_word' id='word_1_378' title='bbox 1903 2180 2094 2234; x_wconf 88' lang='lat' dir='ltr'><strong>eadem</strong></span> <span class='ocrx_word' id='word_1_379' title='bbox 2120 2189 2360 2245; x_wconf 88' lang='lat' dir='ltr'><strong>revocat,</strong></span> <span class='ocrx_word' id='word_1_380' title='bbox 2391 2190 2447 2234; x_wconf 92' lang='lat' dir='ltr'><strong>et</strong></span> <span class='ocrx_word' id='word_1_381' title='bbox 2474 2183 2869 2251; x_wconf 89' lang='lat' dir='ltr'><strong>propemodum</strong></span> <span class='ocrx_word' id='word_1_382' title='bbox 2897 2185 3160 2240; x_wconf 83' lang='lat' dir='ltr'><strong>adversus</strong></span> <span class='ocrx_word' id='word_1_383' title='bbox 3188 2185 3365 2255; x_wconf 87' lang='lat' dir='ltr'><strong>ipsum</strong></span> <span class='ocrx_word' id='word_1_384' title='bbox 3398 2188 3479 2241; x_wconf 80' lang='lat' dir='ltr'><strong>le-</strong></span> 
     </span>
    </p>
   </div>
   <div class='ocr_carea' id='block_1_52' title="bbox 1902 2270 3480 2346">
    <p class='ocr_par' dir='ltr' id='par_1_52' title="bbox 1902 2270 3480 2346">
     <span class='ocr_line' id='line_1_52' title="bbox 1902 2270 3480 2346; baseline 0.005 -22"><span class='ocrx_word' id='word_1_385' title='bbox 1902 2270 2216 2341; x_wconf 85' lang='lat' dir='ltr'><strong>gislatorem</strong></span> <span class='ocrx_word' id='word_1_386' title='bbox 2245 2273 2534 2328; x_wconf 87' lang='lat' dir='ltr'><strong>vociferari</strong></span> <span class='ocrx_word' id='word_1_387' title='bbox 2572 2273 2783 2339; x_wconf 90' lang='lat' dir='ltr'><strong>suadet,</strong></span> <span class='ocrx_word' id='word_1_388' title='bbox 2813 2277 3038 2346; x_wconf 86' lang='lat' dir='ltr'><strong>ejusque</strong></span> <span class='ocrx_word' id='word_1_389' title='bbox 3069 2277 3147 2331; x_wconf 90' lang='lat' dir='ltr'><strong>rei</strong></span> <span class='ocrx_word' id='word_1_390' title='bbox 3179 2286 3240 2332; x_wconf 91' lang='lat' dir='ltr'><strong>ut</strong></span> <span class='ocrx_word' id='word_1_391' title='bbox 3267 2277 3323 2332; x_wconf 92' lang='lat' dir='ltr'><strong>in</strong></span> <span class='ocrx_word' id='word_1_392' title='bbox 3357 2293 3480 2332; x_wconf 88' lang='lat' dir='ltr'><strong>um—</strong></span> 
     </span>
    </p>
   </div>
   <div class='ocr_carea' id='block_1_53' title="bbox 1903 2361 3480 2431">
    <p class='ocr_par' dir='ltr' id='par_1_53' title="bbox 1903 2361 3480 2431">
     <span class='ocr_line' id='line_1_53' title="bbox 1903 2361 3480 2431; baseline 0.003 -16"><span class='ocrx_word' id='word_1_393' title='bbox 1903 2361 2020 2416; x_wconf 87' lang='lat' dir='ltr'><strong>bris</strong></span> <span class='ocrx_word' id='word_1_394' title='bbox 2067 2361 2415 2431; x_wconf 90' lang='lat' dir='ltr'><strong>quibusdam,</strong></span> <span class='ocrx_word' id='word_1_395' title='bbox 2444 2363 2721 2431; x_wconf 88' lang='lat' dir='ltr'><strong>specimen</strong></span> <span class='ocrx_word' id='word_1_396' title='bbox 2768 2362 3035 2419; x_wconf 87' lang='lat' dir='ltr'><strong>habemus</strong></span> <span class='ocrx_word' id='word_1_397' title='bbox 3076 2363 3296 2420; x_wconf 89' lang='lat' dir='ltr'><strong>Scribas</strong></span> <span class='ocrx_word' id='word_1_398' title='bbox 3340 2365 3480 2420; x_wconf 90' lang='lat' dir='ltr'><strong>ﬁlio-</strong></span> 
     </span>
    </p>
   </div>
   <div class='ocr_carea' id='block_1_54' title="bbox 1903 2453 3478 2522">
    <p class='ocr_par' dir='ltr' id='par_1_54' title="bbox 1903 2453 3478 2522">
     <span class='ocr_line' id='line_1_54' title="bbox 1903 2453 3478 2522; baseline 0.004 -16"><span class='ocrx_word' id='word_1_399' title='bbox 1903 2462 2025 2506; x_wconf 88' lang='lat' dir='ltr'><strong>rum</strong></span> <span class='ocrx_word' id='word_1_400' title='bbox 2057 2453 2242 2517; x_wconf 87' lang='lat' dir='ltr'><strong>Israel,</strong></span> <span class='ocrx_word' id='word_1_401' title='bbox 2278 2453 2372 2522; x_wconf 92' lang='lat' dir='ltr'><strong>qui</strong></span> <span class='ocrx_word' id='word_1_402' title='bbox 2406 2461 2522 2507; x_wconf 92' lang='lat' dir='ltr'><strong>tum</strong></span> <span class='ocrx_word' id='word_1_403' title='bbox 2548 2469 2775 2522; x_wconf 89' lang='lat' dir='ltr'><strong>operum</strong></span> <span class='ocrx_word' id='word_1_404' title='bbox 2808 2455 2993 2510; x_wconf 88' lang='lat' dir='ltr'><strong>labore</strong></span> <span class='ocrx_word' id='word_1_405' title='bbox 3025 2456 3478 2522; x_wconf 88' lang='lat' dir='ltr'><strong>conﬁciebantur,</strong></span> 
     </span>
    </p>
   </div>
   <div class='ocr_carea' id='block_1_55' title="bbox 1902 2541 3468 2613">
    <p class='ocr_par' dir='ltr' id='par_1_55' title="bbox 1902 2541 3468 2613">
     <span class='ocr_line' id='line_1_55' title="bbox 1902 2541 3468 2613; baseline 0.004 -18"><span class='ocrx_word' id='word_1_406' title='bbox 1902 2549 2017 2596; x_wconf 89' lang='lat' dir='ltr'><strong>tum</strong></span> <span class='ocrx_word' id='word_1_407' title='bbox 2046 2543 2189 2597; x_wconf 91' lang='lat' dir='ltr'><strong>viam</strong></span> <span class='ocrx_word' id='word_1_408' title='bbox 2222 2542 2289 2597; x_wconf 93' lang='lat' dir='ltr'><strong>ad</strong></span> <span class='ocrx_word' id='word_1_409' title='bbox 2332 2558 2395 2597; x_wconf 88' lang='lat' dir='ltr'><strong>ea</strong></span> <span class='ocrx_word' id='word_1_410' title='bbox 2421 2541 2754 2613; x_wconf 89' lang='lat' dir='ltr'><strong>perﬁcienda</strong></span> <span class='ocrx_word' id='word_1_411' title='bbox 2798 2544 3015 2601; x_wconf 85' lang='lat' dir='ltr'><strong>facilem</strong></span> <span class='ocrx_word' id='word_1_412' title='bbox 3040 2547 3245 2601; x_wconf 89' lang='lat' dir='ltr'><strong>nullam</strong></span> <span class='ocrx_word' id='word_1_413' title='bbox 3285 2563 3468 2611; x_wconf 36' lang='lat' dir='ltr'><strong>cerne.—</strong></span> 
     </span>
    </p>
   </div>
   <div class='ocr_carea' id='block_1_56' title="bbox 1906 2633 3482 2708">
    <p class='ocr_par' dir='ltr' id='par_1_56' title="bbox 1906 2633 3482 2708">
     <span class='ocr_line' id='line_1_56' title="bbox 1906 2633 3482 2708; baseline 0.004 -21"><span class='ocrx_word' id='word_1_414' title='bbox 1906 2633 2072 2699; x_wconf 89' lang='lat' dir='ltr'><strong>bant;</strong></span> <span class='ocrx_word' id='word_1_415' title='bbox 2121 2634 2402 2703; x_wconf 89' lang='lat' dir='ltr'><strong>palearum</strong></span> <span class='ocrx_word' id='word_1_416' title='bbox 2443 2634 2590 2688; x_wconf 91' lang='lat' dir='ltr'><strong>enim</strong></span> <span class='ocrx_word' id='word_1_417' title='bbox 2626 2634 2809 2704; x_wconf 88' lang='lat' dir='ltr'><strong>inopia</strong></span> <span class='ocrx_word' id='word_1_418' title='bbox 2846 2636 3169 2691; x_wconf 87' lang='lat' dir='ltr'><strong>laborabant</strong></span> <span class='ocrx_word' id='word_1_419' title='bbox 3200 2656 3212 2690; x_wconf 91' lang='lat'>:</span> <span class='ocrx_word' id='word_1_420' title='bbox 3245 2638 3482 2708; x_wconf 79' lang='lat' dir='ltr'><strong>graviter</strong></span> 
     </span>
    </p>
   </div>
   <div class='ocr_carea' id='block_1_57' title="bbox 1905 2723 3482 2796">
    <p class='ocr_par' dir='ltr' id='par_1_57' title="bbox 1905 2723 3482 2796">
     <span class='ocr_line' id='line_1_57' title="bbox 1905 2723 3482 2796; baseline 0.004 -19"><span class='ocrx_word' id='word_1_421' title='bbox 1905 2738 2123 2793; x_wconf 90' lang='lat' dir='ltr'><strong>quoque</strong></span> <span class='ocrx_word' id='word_1_422' title='bbox 2165 2723 2384 2796; x_wconf 87' lang='lat' dir='ltr'><strong>Moysen</strong></span> <span class='ocrx_word' id='word_1_423' title='bbox 2423 2733 2480 2779; x_wconf 89' lang='lat' dir='ltr'><strong>et</strong></span> <span class='ocrx_word' id='word_1_424' title='bbox 2511 2725 2693 2781; x_wconf 83' lang='lat' dir='ltr'><strong>Aaron</strong></span> <span class='ocrx_word' id='word_1_425' title='bbox 2723 2727 3037 2796; x_wconf 84' lang='lat' dir='ltr'><strong>culpabant,</strong></span> <span class='ocrx_word' id='word_1_426' title='bbox 3074 2744 3199 2783; x_wconf 92' lang='lat' dir='ltr'><strong>cum</strong></span> <span class='ocrx_word' id='word_1_427' title='bbox 3234 2729 3482 2784; x_wconf 90' lang='lat' dir='ltr'><strong>dicerent</strong></span> 
     </span>
    </p>
   </div>
   <div class='ocr_carea' id='block_1_58' title="bbox 1901 2810 3484 2890">
    <p class='ocr_par' dir='ltr' id='par_1_58' title="bbox 1901 2810 3484 2890">
     <span class='ocr_line' id='line_1_58' title="bbox 1901 2810 3484 2890; baseline 0.003 -22"><span class='ocrx_word' id='word_1_428' title='bbox 1901 2810 2026 2869; x_wconf 89' lang='lat' dir='ltr'><strong>illos</strong></span> <span class='ocrx_word' id='word_1_429' title='bbox 2057 2814 2395 2870; x_wconf 84' lang='lat' dir='ltr'><strong>occasionem</strong></span> <span class='ocrx_word' id='word_1_430' title='bbox 2426 2830 2538 2870; x_wconf 70' lang='lat' dir='ltr'><strong>suae</strong></span> <span class='ocrx_word' id='word_1_431' title='bbox 2572 2817 2874 2871; x_wconf 78' lang='lat' dir='ltr'><strong>vexationis</strong></span> <span class='ocrx_word' id='word_1_432' title='bbox 2901 2819 3226 2888; x_wconf 62' lang='lat' dir='ltr'><strong>praebuisse,</strong></span> <span class='ocrx_word' id='word_1_433' title='bbox 3268 2819 3484 2890; x_wconf 82' lang='lat' dir='ltr'><strong>gravio-</strong></span> 
     </span>
    </p>
   </div>
   <div class='ocr_carea' id='block_1_59' title="bbox 1906 2907 3480 2978">
    <p class='ocr_par' dir='ltr' id='par_1_59' title="bbox 1906 2907 3480 2978">
     <span class='ocr_line' id='line_1_59' title="bbox 1906 2907 3480 2978; baseline 0.003 -20"><span class='ocrx_word' id='word_1_434' title='bbox 1906 2919 2133 2975; x_wconf 90' lang='lat' dir='ltr'><strong>remque</strong></span> <span class='ocrx_word' id='word_1_435' title='bbox 2160 2922 2217 2961; x_wconf 92' lang='lat' dir='ltr'><strong>se</strong></span> <span class='ocrx_word' id='word_1_436' title='bbox 2254 2907 2469 2978; x_wconf 70' lang='lat' dir='ltr'><strong>injurize</strong></span> <span class='ocrx_word' id='word_1_437' title='bbox 2500 2907 2611 2960; x_wconf 86' lang='lat' dir='ltr'><strong>vim</strong></span> <span class='ocrx_word' id='word_1_438' title='bbox 2647 2909 2882 2978; x_wconf 90' lang='lat' dir='ltr'><strong>perpeti,</strong></span> <span class='ocrx_word' id='word_1_439' title='bbox 2918 2926 3026 2964; x_wconf 93' lang='lat' dir='ltr'><strong>non</strong></span> <span class='ocrx_word' id='word_1_440' title='bbox 3055 2911 3160 2965; x_wconf 89' lang='lat' dir='ltr'><strong>alia</strong></span> <span class='ocrx_word' id='word_1_441' title='bbox 3198 2911 3265 2965; x_wconf 93' lang='lat' dir='ltr'><strong>de</strong></span> <span class='ocrx_word' id='word_1_442' title='bbox 3295 2926 3480 2974; x_wconf 87' lang='lat' dir='ltr'><strong>causa,</strong></span> 
     </span>
    </p>
   </div>
   <div class='ocr_carea' id='block_1_60' title="bbox 225 2992 3485 3066">
    <p class='ocr_par' dir='ltr' id='par_1_60' title="bbox 225 2992 3485 3066">
     <span class='ocr_line' id='line_1_60' title="bbox 225 2992 3485 3066; baseline 0.002 -18"><span class='ocrx_word' id='word_1_443' title='bbox 225 2996 327 3051; x_wconf 86' lang='lat' dir='ltr'><strong>nisi</strong></span> <span class='ocrx_word' id='word_1_444' title='bbox 353 2996 461 3050; x_wconf 90' lang='lat' dir='ltr'><strong>hac</strong></span> <span class='ocrx_word' id='word_1_445' title='bbox 489 2996 623 3058; x_wconf 87' lang='lat' dir='ltr'><strong>sola,</strong></span> <span class='ocrx_word' id='word_1_446' title='bbox 650 2994 797 3065; x_wconf 85' lang='lat' dir='ltr'><strong>quod</strong></span> <span class='ocrx_word' id='word_1_447' title='bbox 829 2995 951 3052; x_wconf 89' lang='lat' dir='ltr'><strong>illos</strong></span> <span class='ocrx_word' id='word_1_448' title='bbox 984 2993 1372 3064; x_wconf 61' lang='lat' dir='ltr'><strong>recuperandae</strong></span> <span class='ocrx_word' id='word_1_449' title='bbox 1410 2992 1684 3048; x_wconf 86' lang='lat' dir='ltr'><strong>libertatis</strong></span> <span class='ocrx_word' id='word_1_450' title='bbox 1712 3000 1931 3061; x_wconf 84' lang='lat' dir='ltr'><strong>ceperat</strong></span> <span class='ocrx_word' id='word_1_451' title='bbox 1984 2995 2340 3062; x_wconf 89' lang='lat' dir='ltr'><strong>desiderium,</strong></span> <span class='ocrx_word' id='word_1_452' title='bbox 2370 3011 2437 3051; x_wconf 84' lang='lat' dir='ltr'><strong>ex</strong></span> <span class='ocrx_word' id='word_1_453' title='bbox 2504 3011 2614 3066; x_wconf 90' lang='lat' dir='ltr'><strong>quo</strong></span> <span class='ocrx_word' id='word_1_454' title='bbox 2647 2998 2865 3053; x_wconf 90' lang='lat' dir='ltr'><strong>illorum</strong></span> <span class='ocrx_word' id='word_1_455' title='bbox 2921 3001 3268 3055; x_wconf 88' lang='lat' dir='ltr'><strong>sermonibus</strong></span> <span class='ocrx_word' id='word_1_456' title='bbox 3322 2999 3485 3056; x_wconf 90' lang='lat' dir='ltr'><strong>ﬁdem</strong></span> 
     </span>
    </p>
   </div>
   <div class='ocr_carea' id='block_1_61' title="bbox 227 3085 636 3142">
    <p class='ocr_par' dir='ltr' id='par_1_61' title="bbox 227 3085 636 3142">
     <span class='ocr_line' id='line_1_61' title="bbox 227 3085 636 3142; baseline -0.007 -1"><span class='ocrx_word' id='word_1_457' title='bbox 227 3085 636 3142; x_wconf 78' lang='lat' dir='ltr'><strong>adhibuissent.</strong></span> 
     </span>
    </p>
   </div>
   <div class='ocr_carea' id='block_1_62' title="bbox 292 3168 1801 3249">
    <p class='ocr_par' dir='ltr' id='par_1_62' title="bbox 292 3174 1798 3249">
     <span class='ocr_line' id='line_1_62' title="bbox 292 3174 1798 3249; baseline -0.002 -17"><span class='ocrx_word' id='word_1_458' title='bbox 292 3180 508 3233; x_wconf 79' lang='grc' dir='ltr'><strong>ΠΛΛΔ.</strong></span> <span class='ocrx_word' id='word_1_459' title='bbox 549 3179 624 3231; x_wconf 81' lang='grc' dir='ltr'><strong>Οὐ</strong></span> <span class='ocrx_word' id='word_1_460' title='bbox 663 3176 772 3249; x_wconf 77' lang='grc' dir='ltr'><strong>γὰρ</strong></span> <span class='ocrx_word' id='word_1_461' title='bbox 799 3178 899 3231; x_wconf 85' lang='grc' dir='ltr'>οῐει</span> <span class='ocrx_word' id='word_1_462' title='bbox 932 3176 1110 3246; x_wconf 79' lang='grc' dir='ltr'>λέγειν</span> <span class='ocrx_word' id='word_1_463' title='bbox 1138 3176 1208 3230; x_wconf 83' lang='grc' dir='ltr'><strong>τὰ</strong></span> <span class='ocrx_word' id='word_1_464' title='bbox 1252 3175 1436 3230; x_wconf 77' lang='grc' dir='ltr'>εἰκότα</span> <span class='ocrx_word' id='word_1_465' title='bbox 1468 3177 1561 3230; x_wconf 73' lang='grc' dir='ltr'>καὶ</span> <span class='ocrx_word' id='word_1_466' title='bbox 1585 3174 1798 3245; x_wconf 85' lang='grc' dir='ltr'>ἀληθῆ;</span> 
     </span>
    </p>
   </div>
   <div class='ocr_carea' id='block_1_63' title="bbox 1907 3168 3486 3249">
    <p class='ocr_par' dir='ltr' id='par_1_63' title="bbox 1972 3168 3486 3245">
     <span class='ocr_line' id='line_1_63' title="bbox 1972 3168 3486 3245; baseline 0.008 -22"><span class='ocrx_word' id='word_1_467' title='bbox 1972 3168 2169 3223; x_wconf 83' lang='lat' dir='ltr'><strong>PALL.</strong></span> <span class='ocrx_word' id='word_1_468' title='bbox 2212 3169 2392 3236; x_wconf 86' lang='lat' dir='ltr'><strong>Quid?</strong></span> <span class='ocrx_word' id='word_1_469' title='bbox 2414 3185 2525 3225; x_wconf 89' lang='lat' dir='ltr'><strong>non</strong></span> <span class='ocrx_word' id='word_1_470' title='bbox 2560 3185 2658 3225; x_wconf 91' lang='lat' dir='ltr'><strong>eos</strong></span> <span class='ocrx_word' id='word_1_471' title='bbox 2700 3174 3098 3241; x_wconf 84' lang='lat' dir='ltr'><strong>propemodum</strong></span> <span class='ocrx_word' id='word_1_472' title='bbox 3127 3191 3282 3245; x_wconf 81' lang='lat' dir='ltr'><strong>aequa</strong></span> <span class='ocrx_word' id='word_1_473' title='bbox 3309 3188 3365 3233; x_wconf 90' lang='lat' dir='ltr'><strong>et</strong></span> <span class='ocrx_word' id='word_1_474' title='bbox 3393 3195 3486 3235; x_wconf 87' lang='lat' dir='ltr'><strong>ve-</strong></span> 
     </span>
    </p>
   </div>
   <div class='ocr_carea' id='block_1_64' title="bbox 294 3348 1802 3425">
    <p class='ocr_par' dir='ltr' id='par_1_64' title="bbox 294 3348 1802 3425">
     <span class='ocr_line' id='line_1_64' title="bbox 294 3348 1802 3425; baseline -0.006 -13"><span class='ocrx_word' id='word_1_475' title='bbox 294 3358 462 3412; x_wconf 83' lang='grc' dir='ltr'><strong>ΚΥΡ.</strong></span> <span class='ocrx_word' id='word_1_476' title='bbox 493 3355 814 3409; x_wconf 82' lang='grc' dir='ltr'>Παντάπασι</span> <span class='ocrx_word' id='word_1_477' title='bbox 858 3354 954 3425; x_wconf 83' lang='grc' dir='ltr'><strong>μὲν</strong></span> <span class='ocrx_word' id='word_1_478' title='bbox 993 3348 1084 3407; x_wconf 80' lang='grc' dir='ltr'>οὖν</span> <span class='ocrx_word' id='word_1_479' title='bbox 1104 3393 1120 3418; x_wconf 96' lang='grc'><strong>,</strong></span> <span class='ocrx_word' id='word_1_480' title='bbox 1149 3348 1195 3407; x_wconf 78' lang='grc' dir='ltr'>ὦ</span> <span class='ocrx_word' id='word_1_481' title='bbox 1234 3352 1521 3407; x_wconf 80' lang='grc' dir='ltr'>Παλλάδιε·</span> <span class='ocrx_word' id='word_1_482' title='bbox 1550 3352 1664 3422; x_wconf 80' lang='grc' dir='ltr'><strong>ἃμα</strong></span> <span class='ocrx_word' id='word_1_483' title='bbox 1692 3351 1802 3421; x_wconf 84' lang='grc' dir='ltr'><strong>γὰρ</strong></span> 
     </span>
    </p>
   </div>
   <div class='ocr_carea' id='block_1_65' title="bbox 228 3442 1804 3521">
    <p class='ocr_par' dir='ltr' id='par_1_65' title="bbox 228 3442 1804 3521">
     <span class='ocr_line' id='line_1_65' title="bbox 228 3442 1804 3521; baseline -0.02 1"><span class='ocrx_word' id='word_1_484' title='bbox 228 3452 371 3521; x_wconf 67' lang='grc' dir='ltr'>ἡμᾶς</span> <span class='ocrx_word' id='word_1_485' title='bbox 398 3446 666 3517; x_wconf 72' lang='grc' dir='ltr'>ἐπιθυμία</span> <span class='ocrx_word' id='word_1_486' title='bbox 705 3446 914 3518; x_wconf 83' lang='grc' dir='ltr'>χρηστὴ</span> <span class='ocrx_word' id='word_1_487' title='bbox 953 3446 1047 3501; x_wconf 72' lang='grc' dir='ltr'>καὶ</span> <span class='ocrx_word' id='word_1_488' title='bbox 1084 3444 1342 3515; x_wconf 84' lang='grc' dir='ltr'>λογισμὸς</span> <span class='ocrx_word' id='word_1_489' title='bbox 1376 3443 1581 3510; x_wconf 83' lang='grc' dir='ltr'>ἀγαθὸς</span> <span class='ocrx_word' id='word_1_490' title='bbox 1617 3442 1804 3495; x_wconf 80' lang='grc' dir='ltr'>ἀνεσύ-</span> 
     </span>
    </p>
   </div>
   <div class='ocr_carea' id='block_1_66' title="bbox 228 3531 1805 3611">
    <p class='ocr_par' dir='ltr' id='par_1_66' title="bbox 228 3531 1805 3611">
     <span class='ocr_line' id='line_1_66' title="bbox 228 3531 1805 3611; baseline -0.006 -18"><span class='ocrx_word' id='word_1_491' title='bbox 228 3542 360 3611; x_wconf 77' lang='grc' dir='ltr'>6ησε</span> <span class='ocrx_word' id='word_1_492' title='bbox 408 3541 571 3610; x_wconf 79' lang='grc' dir='ltr'>τυχὸν</span> <span class='ocrx_word' id='word_1_493' title='bbox 614 3537 751 3609; x_wconf 80' lang='grc' dir='ltr'>πρὸς</span> <span class='ocrx_word' id='word_1_494' title='bbox 794 3538 855 3590; x_wconf 84' lang='grc' dir='ltr'>τὸ</span> <span class='ocrx_word' id='word_1_495' title='bbox 895 3537 1004 3590; x_wconf 87' lang='grc' dir='ltr'>δεῖν</span> <span class='ocrx_word' id='word_1_496' title='bbox 1055 3535 1269 3589; x_wconf 78' lang='grc' dir='ltr'>ἑλέσθαι</span> <span class='ocrx_word' id='word_1_497' title='bbox 1309 3534 1377 3587; x_wconf 86' lang='grc' dir='ltr'>τὰ</span> <span class='ocrx_word' id='word_1_498' title='bbox 1422 3533 1500 3604; x_wconf 86' lang='grc' dir='ltr'><strong>τῷ</strong></span> <span class='ocrx_word' id='word_1_499' title='bbox 1551 3531 1671 3603; x_wconf 87' lang='grc' dir='ltr'>Θεῷ</span> <span class='ocrx_word' id='word_1_500' title='bbox 1718 3533 1805 3585; x_wconf 80' lang='lat'><strong>60-</strong></span> 
     </span>
    </p>
   </div>
   <div class='ocr_carea' id='block_1_67' title="bbox 229 3623 1800 3699">
    <p class='ocr_par' dir='ltr' id='par_1_67' title="bbox 229 3623 1800 3699">
     <span class='ocr_line' id='line_1_67' title="bbox 229 3623 1800 3699; baseline -0.005 -15"><span class='ocrx_word' id='word_1_501' title='bbox 229 3631 449 3695; x_wconf 77' lang='grc' dir='ltr'>κοῦντα,</span> <span class='ocrx_word' id='word_1_502' title='bbox 474 3631 570 3683; x_wconf 78' lang='grc' dir='ltr'>καὶ</span> <span class='ocrx_word' id='word_1_503' title='bbox 592 3629 760 3699; x_wconf 81' lang='grc' dir='ltr'>νόμου</span> <span class='ocrx_word' id='word_1_504' title='bbox 782 3626 875 3681; x_wconf 81' lang='grc' dir='ltr'><strong>τοῦ</strong></span> <span class='ocrx_word' id='word_1_505' title='bbox 902 3627 1035 3698; x_wconf 73' lang='grc' dir='ltr'>πρὸς</span> <span class='ocrx_word' id='word_1_506' title='bbox 1059 3625 1339 3679; x_wconf 80' lang='grc' dir='ltr'>εύσέῦειαν</span> <span class='ocrx_word' id='word_1_507' title='bbox 1362 3623 1800 3695; x_wconf 84' lang='grc' dir='ltr'>διαμεμνήμεθα·</span> 
     </span>
    </p>
   </div>
   <div class='ocr_carea' id='block_1_68' title="bbox 229 3714 1806 3790">
    <p class='ocr_par' dir='ltr' id='par_1_68' title="bbox 229 3714 1806 3790">
     <span class='ocr_line' id='line_1_68' title="bbox 229 3714 1806 3790; baseline -0.005 -17"><span class='ocrx_word' id='word_1_508' title='bbox 229 3720 492 3790; x_wconf 81' lang='grc' dir='ltr'>κατάγχει</span> <span class='ocrx_word' id='word_1_509' title='bbox 517 3719 575 3772; x_wconf 85' lang='grc' dir='ltr'>δὲ</span> <span class='ocrx_word' id='word_1_510' title='bbox 604 3718 836 3788; x_wconf 82' lang='grc' dir='ltr'>μάλιστα</span> <span class='ocrx_word' id='word_1_511' title='bbox 868 3716 1125 3787; x_wconf 85' lang='grc' dir='ltr'>χειρόνως</span> <span class='ocrx_word' id='word_1_512' title='bbox 1155 3716 1246 3766; x_wconf 73' lang='grc' dir='ltr'><strong>ἐπὶ</strong></span> <span class='ocrx_word' id='word_1_513' title='bbox 1270 3714 1330 3765; x_wconf 82' lang='grc' dir='ltr'>τὸ</span> <span class='ocrx_word' id='word_1_514' title='bbox 1356 3714 1594 3767; x_wconf 84' lang='grc' dir='ltr'>σίνεσθαι</span> <span class='ocrx_word' id='word_1_515' title='bbox 1633 3731 1806 3782; x_wconf 84' lang='grc' dir='ltr'>πεφυ-</span> 
     </span>
    </p>
   </div>
   <div class='ocr_carea' id='block_1_69' title="bbox 233 3803 1801 3880">
    <p class='ocr_par' dir='ltr' id='par_1_69' title="bbox 233 3803 1801 3880">
     <span class='ocr_line' id='line_1_69' title="bbox 233 3803 1801 3880; baseline -0.003 -16"><span class='ocrx_word' id='word_1_516' title='bbox 233 3811 319 3874; x_wconf 77' lang='grc' dir='ltr'>κὸς</span> <span class='ocrx_word' id='word_1_517' title='bbox 350 3813 379 3863; x_wconf 86' lang='grc' dir='ltr'><strong>ὁ</strong></span> <span class='ocrx_word' id='word_1_518' title='bbox 409 3810 629 3863; x_wconf 75' lang='grc' dir='ltr'>πάντων</span> <span class='ocrx_word' id='word_1_519' title='bbox 657 3808 867 3880; x_wconf 76' lang='grc' dir='ltr'>ἐχθρὸς,</span> <span class='ocrx_word' id='word_1_520' title='bbox 892 3807 1027 3878; x_wconf 78' lang='grc' dir='ltr'>πλὴν</span> <span class='ocrx_word' id='word_1_521' title='bbox 1055 3804 1308 3877; x_wconf 80' lang='grc' dir='ltr'>ὲκρύεται</span> <span class='ocrx_word' id='word_1_522' title='bbox 1328 3803 1421 3858; x_wconf 68' lang='grc' dir='ltr'>καὶ</span> <span class='ocrx_word' id='word_1_523' title='bbox 1457 3804 1615 3869; x_wconf 82' lang='grc' dir='ltr'>σώζει</span> <span class='ocrx_word' id='word_1_524' title='bbox 1647 3805 1801 3869; x_wconf 74' lang='grc' dir='ltr'>θεός.</span> 
     </span>
    </p>
   </div>
   <div class='ocr_carea' id='block_1_70' title="bbox 230 3894 1803 3969">
    <p class='ocr_par' dir='ltr' id='par_1_70' title="bbox 230 3894 1803 3969">
     <span class='ocr_line' id='line_1_70' title="bbox 230 3894 1803 3969; baseline -0.008 -14"><span class='ocrx_word' id='word_1_525' title='bbox 230 3904 335 3956; x_wconf 77' lang='grc' dir='ltr'><strong>Καὶ</strong></span> <span class='ocrx_word' id='word_1_526' title='bbox 371 3901 504 3967; x_wconf 82' lang='grc' dir='ltr'>γοῦν</span> <span class='ocrx_word' id='word_1_527' title='bbox 550 3900 655 3969; x_wconf 72' lang='grc' dir='ltr'>ἔφη</span> <span class='ocrx_word' id='word_1_528' title='bbox 691 3900 827 3968; x_wconf 86' lang='grc' dir='ltr'>πρὸς</span> <span class='ocrx_word' id='word_1_529' title='bbox 867 3897 1103 3951; x_wconf 80' lang='grc' dir='ltr'>Μωσέα·</span> <span class='ocrx_word' id='word_1_530' title='bbox 1166 3913 1185 3946; x_wconf 76' lang='grc' dir='ltr'><strong>ι</strong></span> <span class='ocrx_word' id='word_1_531' title='bbox 1239 3894 1482 3953; x_wconf 87' lang='grc' dir='ltr'>Βάδισον,</span> <span class='ocrx_word' id='word_1_532' title='bbox 1530 3894 1649 3945; x_wconf 76' lang='grc' dir='ltr'>εἰπὲ</span> <span class='ocrx_word' id='word_1_533' title='bbox 1693 3895 1803 3954; x_wconf 81' lang='grc' dir='ltr'>τοῖς</span> 
     </span>
    </p>
   </div>
   <div class='ocr_carea' id='block_1_71' title="bbox 232 3983 1805 4064">
    <p class='ocr_par' dir='ltr' id='par_1_71' title="bbox 232 3983 1805 4064">
     <span class='ocr_line' id='line_1_71' title="bbox 232 3983 1805 4064; baseline -0.008 -17"><span class='ocrx_word' id='word_1_534' title='bbox 232 3997 360 4058; x_wconf 88' lang='grc' dir='ltr'>υἰοῖς</span> <span class='ocrx_word' id='word_1_535' title='bbox 391 3991 611 4064; x_wconf 80' lang='grc' dir='ltr'>Ἰσραὴλ</span> <span class='ocrx_word' id='word_1_536' title='bbox 648 3991 842 4057; x_wconf 77' lang='grc' dir='ltr'>λέγων,</span> <span class='ocrx_word' id='word_1_537' title='bbox 871 3988 1019 4056; x_wconf 85' lang='grc' dir='ltr'><strong>Ἐγὼ</strong></span> <span class='ocrx_word' id='word_1_538' title='bbox 1056 3987 1280 4058; x_wconf 85' lang='grc' dir='ltr'>Κύριος,</span> <span class='ocrx_word' id='word_1_539' title='bbox 1328 3986 1422 4038; x_wconf 73' lang='grc' dir='ltr'>καὶ</span> <span class='ocrx_word' id='word_1_540' title='bbox 1455 3983 1628 4050; x_wconf 78' lang='grc' dir='ltr'>ἐξάξω</span> <span class='ocrx_word' id='word_1_541' title='bbox 1660 3984 1805 4053; x_wconf 79' lang='grc' dir='ltr'>ὑμᾶς</span> 
     </span>
    </p>
   </div>
   <div class='ocr_carea' id='block_1_72' title="bbox 230 4075 1804 4154">
    <p class='ocr_par' dir='ltr' id='par_1_72' title="bbox 230 4075 1804 4154">
     <span class='ocr_line' id='line_1_72' title="bbox 230 4075 1804 4154; baseline -0.007 -17"><span class='ocrx_word' id='word_1_542' title='bbox 230 4084 334 4138; x_wconf 78' lang='grc' dir='ltr'>ἀπὸ</span> <span class='ocrx_word' id='word_1_543' title='bbox 374 4086 477 4154; x_wconf 84' lang='grc' dir='ltr'>τῆς</span> <span class='ocrx_word' id='word_1_544' title='bbox 523 4081 838 4142; x_wconf 84' lang='grc' dir='ltr'>δυναστείας</span> <span class='ocrx_word' id='word_1_545' title='bbox 884 4079 992 4132; x_wconf 84' lang='grc' dir='ltr'>τῶν</span> <span class='ocrx_word' id='word_1_546' title='bbox 1034 4078 1381 4145; x_wconf 78' lang='grc' dir='ltr'>Αἰγυπτίων,</span> <span class='ocrx_word' id='word_1_547' title='bbox 1431 4077 1526 4129; x_wconf 71' lang='grc' dir='ltr'>καὶ</span> <span class='ocrx_word' id='word_1_548' title='bbox 1572 4075 1804 4145; x_wconf 80' lang='grc' dir='ltr'>ῥύσομαι</span> 
     </span>
    </p>
   </div>
   <div class='ocr_carea' id='block_1_73' title="bbox 233 4164 1804 4243">
    <p class='ocr_par' dir='ltr' id='par_1_73' title="bbox 233 4164 1804 4243">
     <span class='ocr_line' id='line_1_73' title="bbox 233 4164 1804 4243; baseline -0.006 -17"><span class='ocrx_word' id='word_1_549' title='bbox 233 4174 370 4243; x_wconf 74' lang='grc' dir='ltr'><strong>ὑμᾶς</strong></span> <span class='ocrx_word' id='word_1_550' title='bbox 432 4176 498 4226; x_wconf 85' lang='grc' dir='ltr'>ὲκ</span> <span class='ocrx_word' id='word_1_551' title='bbox 567 4173 668 4241; x_wconf 77' lang='grc' dir='ltr'>τῆς</span> <span class='ocrx_word' id='word_1_552' title='bbox 730 4170 968 4233; x_wconf 84' lang='grc' dir='ltr'>δουλείας</span> <span class='ocrx_word' id='word_1_553' title='bbox 1028 4169 1232 4231; x_wconf 79' lang='grc' dir='ltr'>αὐτῶν,</span> <span class='ocrx_word' id='word_1_554' title='bbox 1293 4169 1386 4221; x_wconf 73' lang='grc' dir='ltr'><strong>καὶ</strong></span> <span class='ocrx_word' id='word_1_555' title='bbox 1458 4164 1804 4236; x_wconf 81' lang='grc' dir='ltr'>λυτρώσομαι</span> 
     </span>
    </p>
   </div>
   <div class='ocr_carea' id='block_1_74' title="bbox 1902 3263 2436 3317">
    <p class='ocr_par' dir='ltr' id='par_1_74' title="bbox 1902 3263 2436 3317">
     <span class='ocr_line' id='line_1_74' title="bbox 1902 3263 2436 3317; baseline -0.002 -1"><span class='ocrx_word' id='word_1_556' title='bbox 1902 3278 1963 3316; x_wconf 90' lang='lat' dir='ltr'><strong>ra</strong></span> <span class='ocrx_word' id='word_1_557' title='bbox 1993 3263 2178 3316; x_wconf 90' lang='lat' dir='ltr'><strong>dicere</strong></span> <span class='ocrx_word' id='word_1_558' title='bbox 2207 3263 2436 3317; x_wconf 83' lang='lat' dir='ltr'><strong>censes?</strong></span> 
     </span>
    </p>
   </div>
   <div class='ocr_carea' id='block_1_75' title="bbox 1971 3352 3485 3431">
    <p class='ocr_par' dir='ltr' id='par_1_75' title="bbox 1971 3352 3485 3431">
     <span class='ocr_line' id='line_1_75' title="bbox 1971 3352 3485 3431; baseline 0.007 -25"><span class='ocrx_word' id='word_1_559' title='bbox 1971 3353 2127 3407; x_wconf 84' lang='lat' dir='ltr'><strong>CYR.</strong></span> <span class='ocrx_word' id='word_1_560' title='bbox 2165 3353 2240 3406; x_wconf 89' lang='lat' dir='ltr'><strong>Ita</strong></span> <span class='ocrx_word' id='word_1_561' title='bbox 2270 3360 2355 3405; x_wconf 88' lang='lat' dir='ltr'><strong>est</strong></span> <span class='ocrx_word' id='word_1_562' title='bbox 2383 3352 2627 3415; x_wconf 90' lang='lat' dir='ltr'><strong>omnino,</strong></span> <span class='ocrx_word' id='word_1_563' title='bbox 2668 3352 2894 3406; x_wconf 88' lang='lat' dir='ltr'><strong>Palladi.</strong></span> <span class='ocrx_word' id='word_1_564' title='bbox 2930 3354 3105 3408; x_wconf 90' lang='lat' dir='ltr'><strong>Simul</strong></span> <span class='ocrx_word' id='word_1_565' title='bbox 3137 3356 3284 3410; x_wconf 90' lang='lat' dir='ltr'><strong>enim</strong></span> <span class='ocrx_word' id='word_1_566' title='bbox 3320 3367 3485 3431; x_wconf 84' lang='lat' dir='ltr'><strong>atque</strong></span> 
     </span>
    </p>
   </div>
   <div class='ocr_carea' id='block_1_76' title="bbox 1902 3438 3485 3511">
    <p class='ocr_par' dir='ltr' id='par_1_76' title="bbox 1902 3438 3485 3511">
     <span class='ocr_line' id='line_1_76' title="bbox 1902 3438 3485 3511; baseline 0.007 -18"><span class='ocrx_word' id='word_1_567' title='bbox 1902 3440 2191 3493; x_wconf 88' lang='lat' dir='ltr'><strong>laudabilis</strong></span> <span class='ocrx_word' id='word_1_568' title='bbox 2224 3438 2498 3507; x_wconf 89' lang='lat' dir='ltr'><strong>cupiditas</strong></span> <span class='ocrx_word' id='word_1_569' title='bbox 2528 3447 2784 3508; x_wconf 89' lang='lat' dir='ltr'><strong>rectaque</strong></span> <span class='ocrx_word' id='word_1_570' title='bbox 2815 3442 3073 3511; x_wconf 81' lang='lat' dir='ltr'><strong>cogitatio</strong></span> <span class='ocrx_word' id='word_1_571' title='bbox 3106 3460 3205 3500; x_wconf 90' lang='lat' dir='ltr'><strong>nos</strong></span> <span class='ocrx_word' id='word_1_572' title='bbox 3228 3448 3485 3505; x_wconf 82' lang='lat' dir='ltr'><strong>excitavit</strong></span> 
     </span>
    </p>
   </div>
   <div class='ocr_carea' id='block_1_77' title="bbox 1902 3529 3485 3603">
    <p class='ocr_par' dir='ltr' id='par_1_77' title="bbox 1902 3529 3485 3603">
     <span class='ocr_line' id='line_1_77' title="bbox 1902 3529 3485 3603; baseline 0.006 -19"><span class='ocrx_word' id='word_1_573' title='bbox 1902 3530 2132 3585; x_wconf 81' lang='lat' dir='ltr'><strong>fortasse</strong></span> <span class='ocrx_word' id='word_1_574' title='bbox 2178 3529 2247 3583; x_wconf 91' lang='lat' dir='ltr'><strong>ad</strong></span> <span class='ocrx_word' id='word_1_575' title='bbox 2289 3544 2374 3593; x_wconf 89' lang='lat' dir='ltr'><strong>ea,</strong></span> <span class='ocrx_word' id='word_1_576' title='bbox 2404 3544 2524 3598; x_wconf 69' lang='lat' dir='ltr'><strong>quae</strong></span> <span class='ocrx_word' id='word_1_577' title='bbox 2566 3529 2679 3583; x_wconf 92' lang='lat' dir='ltr'><strong>Deo</strong></span> <span class='ocrx_word' id='word_1_578' title='bbox 2722 3531 2957 3601; x_wconf 88' lang='lat' dir='ltr'><strong>placent,</strong></span> <span class='ocrx_word' id='word_1_579' title='bbox 2992 3535 3388 3603; x_wconf 88' lang='lat' dir='ltr'><strong>amplectenda,</strong></span> <span class='ocrx_word' id='word_1_580' title='bbox 3429 3549 3485 3594; x_wconf 86' lang='lat' dir='ltr'><strong>et</strong></span> 
     </span>
    </p>
   </div>
   <div class='ocr_carea' id='block_1_78' title="bbox 1903 3621 3482 3695">
    <p class='ocr_par' dir='ltr' id='par_1_78' title="bbox 1903 3621 3482 3695">
     <span class='ocr_line' id='line_1_78' title="bbox 1903 3621 3482 3695; baseline 0.004 -18"><span class='ocrx_word' id='word_1_581' title='bbox 1903 3624 2039 3694; x_wconf 78' lang='lat' dir='ltr'><strong>legis</strong></span> <span class='ocrx_word' id='word_1_582' title='bbox 2077 3621 2447 3687; x_wconf 91' lang='lat' dir='ltr'><strong>meminimus,</strong></span> <span class='ocrx_word' id='word_1_583' title='bbox 2483 3637 2605 3692; x_wconf 65' lang='lat' dir='ltr'><strong>quae</strong></span> <span class='ocrx_word' id='word_1_584' title='bbox 2648 3637 2753 3677; x_wconf 91' lang='lat' dir='ltr'><strong>nos</strong></span> <span class='ocrx_word' id='word_1_585' title='bbox 2800 3623 2868 3676; x_wconf 90' lang='lat' dir='ltr'><strong>ad</strong></span> <span class='ocrx_word' id='word_1_586' title='bbox 2914 3625 3175 3693; x_wconf 90' lang='lat' dir='ltr'><strong>pietatem</strong></span> <span class='ocrx_word' id='word_1_587' title='bbox 3210 3627 3482 3695; x_wconf 89' lang='lat' dir='ltr'><strong>hortatur,</strong></span> 
     </span>
    </p>
   </div>
   <div class='ocr_carea' id='block_1_79' title="bbox 1904 3714 3482 3788">
    <p class='ocr_par' dir='ltr' id='par_1_79' title="bbox 1904 3714 3482 3788">
     <span class='ocr_line' id='line_1_79' title="bbox 1904 3714 3482 3788; baseline 0.004 -20"><span class='ocrx_word' id='word_1_588' title='bbox 1904 3716 1996 3769; x_wconf 91' lang='lat' dir='ltr'><strong>ille</strong></span> <span class='ocrx_word' id='word_1_589' title='bbox 2024 3714 2330 3769; x_wconf 88' lang='lat' dir='ltr'><strong>communis</strong></span> <span class='ocrx_word' id='word_1_590' title='bbox 2360 3715 2603 3770; x_wconf 90' lang='lat' dir='ltr'><strong>omnium</strong></span> <span class='ocrx_word' id='word_1_591' title='bbox 2647 3716 2821 3771; x_wconf 88' lang='lat' dir='ltr'><strong>hostis</strong></span> <span class='ocrx_word' id='word_1_592' title='bbox 2860 3730 2964 3770; x_wconf 91' lang='lat' dir='ltr'><strong>nos</strong></span> <span class='ocrx_word' id='word_1_593' title='bbox 3002 3716 3068 3769; x_wconf 91' lang='lat' dir='ltr'><strong>ad</strong></span> <span class='ocrx_word' id='word_1_594' title='bbox 3100 3732 3185 3781; x_wconf 91' lang='lat' dir='ltr'><strong>ea,</strong></span> <span class='ocrx_word' id='word_1_595' title='bbox 3218 3734 3339 3788; x_wconf 68' lang='lat' dir='ltr'><strong>quae</strong></span> <span class='ocrx_word' id='word_1_596' title='bbox 3380 3736 3482 3775; x_wconf 91' lang='lat' dir='ltr'><strong>no-</strong></span> 
     </span>
    </p>
   </div>
   <div class='ocr_carea' id='block_1_80' title="bbox 1904 3807 3480 3878">
    <p class='ocr_par' dir='ltr' id='par_1_80' title="bbox 1904 3807 3480 3878">
     <span class='ocr_line' id='line_1_80' title="bbox 1904 3807 3480 3878; baseline 0.003 -17"><span class='ocrx_word' id='word_1_597' title='bbox 1904 3813 2047 3871; x_wconf 89' lang='lat' dir='ltr'><strong>cent,</strong></span> <span class='ocrx_word' id='word_1_598' title='bbox 2086 3807 2242 3876; x_wconf 85' lang='lat' dir='ltr'><strong>pejus</strong></span> <span class='ocrx_word' id='word_1_599' title='bbox 2276 3807 2527 3876; x_wconf 89' lang='lat' dir='ltr'><strong>impellit.</strong></span> <span class='ocrx_word' id='word_1_600' title='bbox 2572 3808 2748 3878; x_wconf 89' lang='lat' dir='ltr'><strong>Eripit</strong></span> <span class='ocrx_word' id='word_1_601' title='bbox 2793 3816 2974 3862; x_wconf 88' lang='lat' dir='ltr'><strong>tamen</strong></span> <span class='ocrx_word' id='word_1_602' title='bbox 3017 3809 3144 3864; x_wconf 90' lang='lat' dir='ltr'><strong>inde</strong></span> <span class='ocrx_word' id='word_1_603' title='bbox 3180 3825 3245 3865; x_wconf 89' lang='lat' dir='ltr'><strong>ac</strong></span> <span class='ocrx_word' id='word_1_604' title='bbox 3283 3811 3480 3866; x_wconf 86' lang='lat' dir='ltr'><strong>liberat</strong></span> 
     </span>
    </p>
   </div>
   <div class='ocr_carea' id='block_1_81' title="bbox 1903 3897 3481 3969">
    <p class='ocr_par' dir='ltr' id='par_1_81' title="bbox 1903 3897 3481 3969">
     <span class='ocr_line' id='line_1_81' title="bbox 1903 3897 3481 3969; baseline 0.004 -19"><span class='ocrx_word' id='word_1_605' title='bbox 1903 3897 2074 3962; x_wconf 89' lang='lat' dir='ltr'><strong>Deus;</strong></span> <span class='ocrx_word' id='word_1_606' title='bbox 2111 3897 2294 3966; x_wconf 90' lang='lat' dir='ltr'><strong>itaque</strong></span> <span class='ocrx_word' id='word_1_607' title='bbox 2317 3897 2393 3950; x_wconf 89' lang='lat' dir='ltr'><strong>ait</strong></span> <span class='ocrx_word' id='word_1_608' title='bbox 2413 3898 2479 3951; x_wconf 90' lang='lat' dir='ltr'><strong>ad</strong></span> <span class='ocrx_word' id='word_1_609' title='bbox 2504 3898 2723 3969; x_wconf 80' lang='lat' dir='ltr'><strong>Moysen</strong></span> <span class='ocrx_word' id='word_1_610' title='bbox 2747 3916 2760 3951; x_wconf 88' lang='lat'><strong>:</strong></span> <span class='ocrx_word' id='word_1_611' title='bbox 2788 3898 2984 3963; x_wconf 73' lang='lat' dir='ltr'><strong>«Vade,</strong></span> <span class='ocrx_word' id='word_1_612' title='bbox 3011 3899 3099 3954; x_wconf 91' lang='lat' dir='ltr'><strong>dic</strong></span> <span class='ocrx_word' id='word_1_613' title='bbox 3121 3899 3250 3954; x_wconf 88' lang='lat' dir='ltr'><strong>ﬁliis</strong></span> <span class='ocrx_word' id='word_1_614' title='bbox 3274 3901 3437 3956; x_wconf 88' lang='lat' dir='ltr'><strong>Israel</strong></span> <span class='ocrx_word' id='word_1_615' title='bbox 3468 3919 3481 3957; x_wconf 92' lang='lat'><strong>:</strong></span> 
     </span>
    </p>
   </div>
   <div class='ocr_carea' id='block_1_82' title="bbox 1904 3986 3486 4063">
    <p class='ocr_par' dir='ltr' id='par_1_82' title="bbox 1904 3986 3486 4063">
     <span class='ocr_line' id='line_1_82' title="bbox 1904 3986 3486 4063; baseline 0.003 -21"><span class='ocrx_word' id='word_1_616' title='bbox 1904 3988 2016 4058; x_wconf 86' lang='lat' dir='ltr'><strong>Ego</strong></span> <span class='ocrx_word' id='word_1_617' title='bbox 2045 3986 2336 4054; x_wconf 84' lang='lat' dir='ltr'><strong>Dominus;</strong></span> <span class='ocrx_word' id='word_1_618' title='bbox 2363 3996 2417 4041; x_wconf 91' lang='lat' dir='ltr'><strong>et</strong></span> <span class='ocrx_word' id='word_1_619' title='bbox 2441 3989 2671 4043; x_wconf 89' lang='lat' dir='ltr'><strong>educam</strong></span> <span class='ocrx_word' id='word_1_620' title='bbox 2700 4006 2797 4044; x_wconf 88' lang='lat' dir='ltr'><strong>vos</strong></span> <span class='ocrx_word' id='word_1_621' title='bbox 2818 3990 2886 4043; x_wconf 92' lang='lat' dir='ltr'><strong>de</strong></span> <span class='ocrx_word' id='word_1_622' title='bbox 2914 3999 3185 4059; x_wconf 88' lang='lat' dir='ltr'><strong>potestate</strong></span> <span class='ocrx_word' id='word_1_623' title='bbox 3206 3991 3486 4063; x_wconf 61' lang='lat' dir='ltr'><strong>Egyptia-</strong></span> 
     </span>
    </p>
   </div>
   <div class='ocr_carea' id='block_1_83' title="bbox 1905 4080 3481 4147">
    <p class='ocr_par' dir='ltr' id='par_1_83' title="bbox 1905 4080 3481 4147">
     <span class='ocr_line' id='line_1_83' title="bbox 1905 4080 3481 4147; baseline 0.004 -17"><span class='ocrx_word' id='word_1_624' title='bbox 1905 4094 2047 4142; x_wconf 91' lang='lat' dir='ltr'><strong>rum,</strong></span> <span class='ocrx_word' id='word_1_625' title='bbox 2072 4086 2128 4132; x_wconf 91' lang='lat' dir='ltr'><strong>et</strong></span> <span class='ocrx_word' id='word_1_626' title='bbox 2158 4080 2404 4133; x_wconf 90' lang='lat' dir='ltr'><strong>liberabo</strong></span> <span class='ocrx_word' id='word_1_627' title='bbox 2441 4095 2540 4134; x_wconf 91' lang='lat' dir='ltr'><strong>vos</strong></span> <span class='ocrx_word' id='word_1_628' title='bbox 2578 4080 2645 4133; x_wconf 93' lang='lat' dir='ltr'><strong>de</strong></span> <span class='ocrx_word' id='word_1_629' title='bbox 2684 4081 2951 4135; x_wconf 89' lang='lat' dir='ltr'><strong>servitute</strong></span> <span class='ocrx_word' id='word_1_630' title='bbox 2986 4096 3203 4147; x_wconf 88' lang='lat' dir='ltr'><strong>eorum,</strong></span> <span class='ocrx_word' id='word_1_631' title='bbox 3228 4090 3290 4137; x_wconf 91' lang='lat' dir='ltr'><strong>.et</strong></span> <span class='ocrx_word' id='word_1_632' title='bbox 3332 4083 3481 4137; x_wconf 89' lang='lat' dir='ltr'><strong>redi-</strong></span> 
     </span>
    </p>
   </div>
   <div class='ocr_carea' id='block_1_84' title="bbox 1902 4170 3484 4241">
    <p class='ocr_par' dir='ltr' id='par_1_84' title="bbox 1902 4170 3484 4241">
     <span class='ocr_line' id='line_1_84' title="bbox 1902 4170 3484 4241; baseline 0.001 -17"><span class='ocrx_word' id='word_1_633' title='bbox 1902 4186 2045 4225; x_wconf 86' lang='lat' dir='ltr'><strong>mam</strong></span> <span class='ocrx_word' id='word_1_634' title='bbox 2076 4187 2173 4224; x_wconf 89' lang='lat' dir='ltr'><strong>vos</strong></span> <span class='ocrx_word' id='word_1_635' title='bbox 2217 4171 2273 4224; x_wconf 88' lang='lat' dir='ltr'><strong>in</strong></span> <span class='ocrx_word' id='word_1_636' title='bbox 2311 4171 2538 4224; x_wconf 86' lang='lat' dir='ltr'><strong>brachio</strong></span> <span class='ocrx_word' id='word_1_637' title='bbox 2575 4170 2818 4235; x_wconf 90' lang='lat' dir='ltr'><strong>sublimi,</strong></span> <span class='ocrx_word' id='word_1_638' title='bbox 2849 4181 2905 4225; x_wconf 90' lang='lat' dir='ltr'><strong>et</strong></span> <span class='ocrx_word' id='word_1_639' title='bbox 2930 4171 3140 4240; x_wconf 89' lang='lat' dir='ltr'><strong>judicio</strong></span> <span class='ocrx_word' id='word_1_640' title='bbox 3171 4187 3385 4241; x_wconf 82' lang='lat' dir='ltr'><strong>magno,</strong></span> <span class='ocrx_word' id='word_1_641' title='bbox 3428 4182 3484 4227; x_wconf 91' lang='lat' dir='ltr'><strong>et</strong></span> 
     </span>
    </p>
   </div>
   <div class='ocr_carea' id='block_1_85' title="bbox 140 4256 1801 4335">
    <p class='ocr_par' dir='ltr' id='par_1_85' title="bbox 140 4256 1801 4335">
     <span class='ocr_line' id='line_1_85' title="bbox 140 4256 1801 4335; baseline -0.008 -16"><span class='ocrx_word' id='word_1_642' title='bbox 140 4304 144 4309; x_wconf 66' lang='grc' dir='ltr'><em>ς</em></span> <span class='ocrx_word' id='word_1_643' title='bbox 231 4267 406 4335; x_wconf 82' lang='grc' dir='ltr'>ὑμᾶς,</span> <span class='ocrx_word' id='word_1_644' title='bbox 457 4266 515 4317; x_wconf 79' lang='grc' dir='ltr'>ὲν</span> <span class='ocrx_word' id='word_1_645' title='bbox 561 4264 804 4334; x_wconf 87' lang='grc' dir='ltr'>βραχίονι</span> <span class='ocrx_word' id='word_1_646' title='bbox 849 4261 1057 4332; x_wconf 68' lang='grc' dir='ltr'>ὑψηλῷ,</span> <span class='ocrx_word' id='word_1_647' title='bbox 1093 4261 1184 4313; x_wconf 72' lang='grc' dir='ltr'>καὶ</span> <span class='ocrx_word' id='word_1_648' title='bbox 1224 4260 1401 4329; x_wconf 87' lang='grc' dir='ltr'>κρίσει</span> <span class='ocrx_word' id='word_1_649' title='bbox 1440 4256 1684 4327; x_wconf 80' lang='grc' dir='ltr'>μεγάλῃ,</span> <span class='ocrx_word' id='word_1_650' title='bbox 1713 4257 1801 4307; x_wconf 72' lang='grc' dir='ltr'>καὶ</span> 
     </span>
    </p>
   </div>
   <div class='ocr_carea' id='block_1_86' title="bbox 1907 4256 3484 4335">
    <p class='ocr_par' dir='ltr' id='par_1_86' title="bbox 1907 4262 3484 4331">
     <span class='ocr_line' id='line_1_86' title="bbox 1907 4262 3484 4331; baseline 0.001 -14"><span class='ocrx_word' id='word_1_651' title='bbox 1907 4264 2168 4331; x_wconf 88' lang='lat' dir='ltr'><strong>accipiam</strong></span> <span class='ocrx_word' id='word_1_652' title='bbox 2200 4278 2298 4316; x_wconf 91' lang='lat' dir='ltr'><strong>vos</strong></span> <span class='ocrx_word' id='word_1_653' title='bbox 2347 4263 2400 4315; x_wconf 92' lang='lat' dir='ltr'><strong>in</strong></span> <span class='ocrx_word' id='word_1_654' title='bbox 2434 4262 2699 4331; x_wconf 87' lang='lat' dir='ltr'><strong>populum</strong></span> <span class='ocrx_word' id='word_1_655' title='bbox 2732 4262 2867 4314; x_wconf 90' lang='lat' dir='ltr'><strong>mihi</strong></span> <span class='ocrx_word' id='word_1_656' title='bbox 2917 4262 3040 4329; x_wconf 89' lang='lat' dir='ltr'><strong>ipsi,</strong></span> <span class='ocrx_word' id='word_1_657' title='bbox 3073 4270 3130 4314; x_wconf 88' lang='lat' dir='ltr'><strong>et</strong></span> <span class='ocrx_word' id='word_1_658' title='bbox 3167 4277 3264 4315; x_wconf 90' lang='lat' dir='ltr'><strong>cro</strong></span> <span class='ocrx_word' id='word_1_659' title='bbox 3303 4271 3484 4319; x_wconf 85' lang='lat' dir='ltr'><strong>vester</strong></span> 
     </span>
    </p>
   </div>
   <div class='ocr_carea' id='block_1_87' title="bbox 231 4343 1801 4425">
    <p class='ocr_par' dir='ltr' id='par_1_87' title="bbox 231 4343 1801 4425">
     <span class='ocr_line' id='line_1_87' title="bbox 231 4343 1801 4425; baseline -0.006 -19"><span class='ocrx_word' id='word_1_660' title='bbox 231 4356 468 4425; x_wconf 72' lang='grc' dir='ltr'>λήψομαι</span> <span class='ocrx_word' id='word_1_661' title='bbox 518 4355 660 4423; x_wconf 74' lang='grc' dir='ltr'>ὑμᾶς</span> <span class='ocrx_word' id='word_1_662' title='bbox 704 4355 784 4416; x_wconf 86' lang='grc' dir='ltr'><strong>εἰς</strong></span> <span class='ocrx_word' id='word_1_663' title='bbox 820 4352 947 4405; x_wconf 78' lang='grc' dir='ltr'>λαὸν</span> <span class='ocrx_word' id='word_1_664' title='bbox 990 4349 1229 4420; x_wconf 80' lang='grc' dir='ltr'>ἐμαυτῷ.</span> <span class='ocrx_word' id='word_1_665' title='bbox 1279 4350 1388 4402; x_wconf 75' lang='grc' dir='ltr'><strong>Καὶ</strong></span> <span class='ocrx_word' id='word_1_666' title='bbox 1417 4349 1611 4416; x_wconf 72' lang='grc' dir='ltr'>ἔσομαι</span> <span class='ocrx_word' id='word_1_667' title='bbox 1652 4343 1801 4413; x_wconf 83' lang='grc' dir='ltr'>ὑμῶν</span> 
     </span>
    </p>
   </div>
   <div class='ocr_carea' id='block_1_88' title="bbox 1907 4343 3481 4425">
    <p class='ocr_par' dir='ltr' id='par_1_88' title="bbox 1907 4352 3481 4421">
     <span class='ocr_line' id='line_1_88' title="bbox 1907 4352 3481 4421; baseline -0.001 -13"><span class='ocrx_word' id='word_1_668' title='bbox 1907 4356 2081 4417; x_wconf 84' lang='lat' dir='ltr'><strong>Deus;</strong></span> <span class='ocrx_word' id='word_1_669' title='bbox 2114 4361 2171 4406; x_wconf 90' lang='lat' dir='ltr'><strong>et</strong></span> <span class='ocrx_word' id='word_1_670' title='bbox 2210 4353 2550 4421; x_wconf 80' lang='lat' dir='ltr'><strong>cognoscetis</strong></span> <span class='ocrx_word' id='word_1_671' title='bbox 2600 4352 2747 4420; x_wconf 90' lang='lat' dir='ltr'><strong>quod</strong></span> <span class='ocrx_word' id='word_1_672' title='bbox 2783 4366 2885 4420; x_wconf 84' lang='lat' dir='ltr'><strong>ego</strong></span> <span class='ocrx_word' id='word_1_673' title='bbox 2916 4352 3180 4405; x_wconf 89' lang='lat' dir='ltr'><strong>Dominus</strong></span> <span class='ocrx_word' id='word_1_674' title='bbox 3211 4352 3356 4407; x_wconf 88' lang='lat' dir='ltr'><strong>Deus</strong></span> <span class='ocrx_word' id='word_1_675' title='bbox 3386 4368 3481 4406; x_wconf 82' lang='lat' dir='ltr'><strong>ve-</strong></span> 
     </span>
    </p>
   </div>
   <div class='ocr_carea' id='block_1_89' title="bbox 232 4435 1801 4513">
    <p class='ocr_par' dir='ltr' id='par_1_89' title="bbox 232 4435 1801 4513">
     <span class='ocr_line' id='line_1_89' title="bbox 232 4435 1801 4513; baseline -0.008 -15"><span class='ocrx_word' id='word_1_676' title='bbox 232 4446 379 4510; x_wconf 82' lang='grc' dir='ltr'>Θεδς,</span> <span class='ocrx_word' id='word_1_677' title='bbox 415 4447 514 4499; x_wconf 78' lang='grc' dir='ltr'>καὶ</span> <span class='ocrx_word' id='word_1_678' title='bbox 541 4441 813 4513; x_wconf 87' lang='grc' dir='ltr'>γνώσεσθε</span> <span class='ocrx_word' id='word_1_679' title='bbox 841 4443 923 4495; x_wconf 85' lang='grc' dir='ltr'>ὅτι</span> <span class='ocrx_word' id='word_1_680' title='bbox 957 4442 1066 4510; x_wconf 74' lang='grc' dir='ltr'><strong>ἐγὼ</strong></span> <span class='ocrx_word' id='word_1_681' title='bbox 1099 4441 1301 4512; x_wconf 85' lang='grc' dir='ltr'>Κύριος</span> <span class='ocrx_word' id='word_1_682' title='bbox 1342 4440 1372 4491; x_wconf 84' lang='grc' dir='ltr'>ὁ</span> <span class='ocrx_word' id='word_1_683' title='bbox 1403 4437 1535 4499; x_wconf 77' lang='grc' dir='ltr'>Θεὸς</span> <span class='ocrx_word' id='word_1_684' title='bbox 1570 4435 1744 4505; x_wconf 82' lang='grc' dir='ltr'>ὑμῶν,</span> <span class='ocrx_word' id='word_1_685' title='bbox 1777 4435 1801 4487; x_wconf 83' lang='grc' dir='ltr'><strong>ὁ</strong></span> 
     </span>
    </p>
   </div>
   <div class='ocr_carea' id='block_1_90' title="bbox 1907 4435 3482 4513">
    <p class='ocr_par' dir='ltr' id='par_1_90' title="bbox 1907 4436 3482 4510">
     <span class='ocr_line' id='line_1_90' title="bbox 1907 4436 3482 4510; baseline -0.003 -13"><span class='ocrx_word' id='word_1_686' title='bbox 1907 4452 2037 4506; x_wconf 89' lang='lat' dir='ltr'><strong>stcr,</strong></span> <span class='ocrx_word' id='word_1_687' title='bbox 2065 4442 2157 4510; x_wconf 89' lang='lat' dir='ltr'><strong>qui</strong></span> <span class='ocrx_word' id='word_1_688' title='bbox 2202 4440 2367 4494; x_wconf 82' lang='lat' dir='ltr'><strong>eduxi</strong></span> <span class='ocrx_word' id='word_1_689' title='bbox 2410 4454 2507 4493; x_wconf 87' lang='lat' dir='ltr'><strong>vos</strong></span> <span class='ocrx_word' id='word_1_690' title='bbox 2536 4436 2603 4492; x_wconf 91' lang='lat' dir='ltr'><strong>de</strong></span> <span class='ocrx_word' id='word_1_691' title='bbox 2646 4446 2790 4491; x_wconf 87' lang='lat' dir='ltr'><strong>terra</strong></span> <span class='ocrx_word' id='word_1_692' title='bbox 2831 4436 3067 4507; x_wconf 58' lang='lat' dir='ltr'><strong>Aigypti,</strong></span> <span class='ocrx_word' id='word_1_693' title='bbox 3099 4436 3166 4490; x_wconf 91' lang='lat' dir='ltr'><strong>de</strong></span> <span class='ocrx_word' id='word_1_694' title='bbox 3213 4443 3482 4506; x_wconf 87' lang='lat' dir='ltr'><strong>potestate</strong></span> 
     </span>
    </p>
   </div>
   <div class='ocr_carea' id='block_1_91' title="bbox 232 4523 1801 4604">
    <p class='ocr_par' dir='ltr' id='par_1_91' title="bbox 232 4523 1801 4604">
     <span class='ocr_line' id='line_1_91' title="bbox 232 4523 1801 4604; baseline -0.008 -18"><span class='ocrx_word' id='word_1_695' title='bbox 232 4535 513 4604; x_wconf 69' lang='grc' dir='ltr'>ἐξαγαγὼν</span> <span class='ocrx_word' id='word_1_696' title='bbox 540 4534 683 4603; x_wconf 82' lang='grc' dir='ltr'>ὑμᾶς</span> <span class='ocrx_word' id='word_1_697' title='bbox 705 4534 769 4587; x_wconf 77' lang='grc' dir='ltr'>ὲκ</span> <span class='ocrx_word' id='word_1_698' title='bbox 801 4532 904 4601; x_wconf 83' lang='grc' dir='ltr'>γῆς</span> <span class='ocrx_word' id='word_1_699' title='bbox 932 4529 1230 4598; x_wconf 79' lang='grc' dir='ltr'>Αἰγύπτου,</span> <span class='ocrx_word' id='word_1_700' title='bbox 1266 4531 1331 4582; x_wconf 79' lang='grc' dir='ltr'>ἐκ</span> <span class='ocrx_word' id='word_1_701' title='bbox 1361 4530 1459 4598; x_wconf 83' lang='grc' dir='ltr'>τῆς</span> <span class='ocrx_word' id='word_1_702' title='bbox 1487 4523 1801 4583; x_wconf 86' lang='grc' dir='ltr'>δυναστείας</span> 
     </span>
    </p>
   </div>
   <div class='ocr_carea' id='block_1_92' title="bbox 1907 4523 3484 4604">
    <p class='ocr_par' dir='ltr' id='par_1_92' title="bbox 1907 4528 3484 4604">
     <span class='ocr_line' id='line_1_92' title="bbox 1907 4528 3484 4604; baseline -0.003 -16"><span class='ocrx_word' id='word_1_703' title='bbox 1907 4533 2277 4604; x_wconf 59' lang='lat' dir='ltr'><strong>(Egyptiorum</strong></span> <span class='ocrx_word' id='word_1_704' title='bbox 2318 4533 2358 4583; x_wconf 89' lang='grc'><strong>⁷.</strong></span> <span class='ocrx_word' id='word_1_705' title='bbox 2404 4552 2420 4581; x_wconf 74' lang='grc' dir='ltr'><strong>ι</strong></span> <span class='ocrx_word' id='word_1_706' title='bbox 2449 4531 2617 4595; x_wconf 88' lang='lat' dir='ltr'><strong>Nam,</strong></span> <span class='ocrx_word' id='word_1_707' title='bbox 2653 4544 2779 4583; x_wconf 92' lang='lat' dir='ltr'><strong>cum</strong></span> <span class='ocrx_word' id='word_1_708' title='bbox 2807 4528 3034 4584; x_wconf 86' lang='lat' dir='ltr'><strong>Satanas</strong></span> <span class='ocrx_word' id='word_1_709' title='bbox 3082 4529 3151 4583; x_wconf 80' lang='lat' dir='ltr'><strong>ab</strong></span> <span class='ocrx_word' id='word_1_710' title='bbox 3190 4530 3338 4583; x_wconf 89' lang='lat' dir='ltr'><strong>omni</strong></span> <span class='ocrx_word' id='word_1_711' title='bbox 3383 4545 3484 4585; x_wconf 89' lang='lat' dir='ltr'><strong>nos</strong></span> 
     </span>
    </p>
   </div>
   <div class='ocr_carea' id='block_1_93' title="bbox 231 4605 1801 4694">
    <p class='ocr_par' dir='ltr' id='par_1_93' title="bbox 231 4605 1801 4694">
     <span class='ocr_line' id='line_1_93' title="bbox 231 4605 1801 4694; baseline -0.008 -17"><span class='ocrx_word' id='word_1_712' title='bbox 231 4626 336 4679; x_wconf 82' lang='grc' dir='ltr'>τῶν</span> <span class='ocrx_word' id='word_1_713' title='bbox 363 4626 694 4694; x_wconf 82' lang='grc' dir='ltr'>Αἰγυπτίων.</span> <span class='ocrx_word' id='word_1_714' title='bbox 739 4643 757 4676; x_wconf 75' lang='grc' dir='ltr'><strong>ι</strong></span> <span class='ocrx_word' id='word_1_715' title='bbox 808 4605 1230 4692; x_wconf 64' lang='grc' dir='ltr'>’λποτρὲποντος</span> <span class='ocrx_word' id='word_1_716' title='bbox 1263 4619 1373 4689; x_wconf 85' lang='grc' dir='ltr'><strong>γὰρ</strong></span> <span class='ocrx_word' id='word_1_717' title='bbox 1406 4618 1552 4687; x_wconf 80' lang='grc' dir='ltr'><strong>ἡμᾶς</strong></span> <span class='ocrx_word' id='word_1_718' title='bbox 1580 4614 1673 4668; x_wconf 79' lang='grc' dir='ltr'>τοῦ</span> <span class='ocrx_word' id='word_1_719' title='bbox 1699 4615 1801 4666; x_wconf 90' lang='grc' dir='ltr'><strong>Σα-</strong></span> 
     </span>
    </p>
   </div>
   <div class='ocr_carea' id='block_1_94' title="bbox 1907 4605 3482 4694">
    <p class='ocr_par' dir='ltr' id='par_1_94' title="bbox 1907 4620 3482 4691">
     <span class='ocr_line' id='line_1_94' title="bbox 1907 4620 3482 4691; baseline -0.003 -12"><span class='ocrx_word' id='word_1_720' title='bbox 1907 4626 2044 4679; x_wconf 86' lang='lat' dir='ltr'><strong>bono</strong></span> <span class='ocrx_word' id='word_1_721' title='bbox 2073 4622 2345 4677; x_wconf 87' lang='lat' dir='ltr'><strong>desiderio</strong></span> <span class='ocrx_word' id='word_1_722' title='bbox 2377 4621 2699 4675; x_wconf 90' lang='lat' dir='ltr'><strong>dehortetur</strong></span> <span class='ocrx_word' id='word_1_723' title='bbox 2721 4628 2777 4675; x_wconf 91' lang='lat' dir='ltr'><strong>et</strong></span> <span class='ocrx_word' id='word_1_724' title='bbox 2804 4628 3041 4684; x_wconf 87' lang='lat' dir='ltr'><strong>avertat,</strong></span> <span class='ocrx_word' id='word_1_725' title='bbox 3072 4630 3129 4675; x_wconf 91' lang='lat' dir='ltr'><strong>et</strong></span> <span class='ocrx_word' id='word_1_726' title='bbox 3157 4620 3360 4690; x_wconf 90' lang='lat' dir='ltr'><strong>quibus</strong></span> <span class='ocrx_word' id='word_1_727' title='bbox 3384 4636 3482 4691; x_wconf 89' lang='lat' dir='ltr'><strong>po-</strong></span> 
     </span>
    </p>
   </div>
   <div class='ocr_carea' id='block_1_95' title="bbox 231 4705 1801 4783">
    <p class='ocr_par' dir='ltr' id='par_1_95' title="bbox 231 4705 1801 4783">
     <span class='ocr_line' id='line_1_95' title="bbox 231 4705 1801 4783; baseline -0.007 -15"><span class='ocrx_word' id='word_1_728' title='bbox 231 4718 387 4783; x_wconf 79' lang='grc' dir='ltr'>τανᾶ,</span> <span class='ocrx_word' id='word_1_729' title='bbox 431 4716 529 4770; x_wconf 66' lang='grc' dir='ltr'><strong>καί⁸</strong></span> <span class='ocrx_word' id='word_1_730' title='bbox 558 4715 775 4783; x_wconf 80' lang='grc' dir='ltr'>ἀπάσης</span> <span class='ocrx_word' id='word_1_731' title='bbox 813 4713 1025 4781; x_wconf 79' lang='grc' dir='ltr'>ἀγαθῆς</span> <span class='ocrx_word' id='word_1_732' title='bbox 1059 4710 1435 4776; x_wconf 80' lang='grc' dir='ltr'>ὲξανιστάντος</span> <span class='ocrx_word' id='word_1_733' title='bbox 1473 4705 1801 4775; x_wconf 76' lang='grc' dir='ltr'>ἐπιθυμίας,</span> 
     </span>
    </p>
   </div>
   <div class='ocr_carea' id='block_1_96' title="bbox 1907 4705 3477 4783">
    <p class='ocr_par' dir='ltr' id='par_1_96' title="bbox 1907 4710 3477 4780">
     <span class='ocr_line' id='line_1_96' title="bbox 1907 4710 3477 4780; baseline -0.003 -11"><span class='ocrx_word' id='word_1_734' title='bbox 1907 4722 2008 4769; x_wconf 84' lang='lat' dir='ltr'><strong>test</strong></span> <span class='ocrx_word' id='word_1_735' title='bbox 2029 4712 2231 4775; x_wconf 89' lang='lat' dir='ltr'><strong>modis,</strong></span> <span class='ocrx_word' id='word_1_736' title='bbox 2255 4727 2286 4765; x_wconf 90' lang='lat' dir='ltr'><strong>a</strong></span> <span class='ocrx_word' id='word_1_737' title='bbox 2313 4719 2499 4765; x_wconf 89' lang='lat' dir='ltr'><strong>nostra</strong></span> <span class='ocrx_word' id='word_1_738' title='bbox 2525 4711 2579 4765; x_wconf 93' lang='lat' dir='ltr'><strong>in</strong></span> <span class='ocrx_word' id='word_1_739' title='bbox 2603 4711 2807 4765; x_wconf 87' lang='lat' dir='ltr'><strong>bonum</strong></span> <span class='ocrx_word' id='word_1_740' title='bbox 2831 4711 3198 4780; x_wconf 88' lang='lat' dir='ltr'><strong>propensione</strong></span> <span class='ocrx_word' id='word_1_741' title='bbox 3225 4710 3477 4779; x_wconf 80' lang='lat' dir='ltr'><strong>repellat;</strong></span> 
     </span>
    </p>
   </div>
   <div class='ocr_carea' id='block_1_97' title="bbox 234 4795 1801 4872">
    <p class='ocr_par' dir='ltr' id='par_1_97' title="bbox 234 4795 1801 4872">
     <span class='ocr_line' id='line_1_97' title="bbox 234 4795 1801 4872; baseline -0.008 -13"><span class='ocrx_word' id='word_1_742' title='bbox 234 4808 325 4859; x_wconf 75' lang='grc' dir='ltr'>καὶ</span> <span class='ocrx_word' id='word_1_743' title='bbox 362 4806 472 4860; x_wconf 85' lang='grc' dir='ltr'><strong>τῶν</strong></span> <span class='ocrx_word' id='word_1_744' title='bbox 522 4807 600 4869; x_wconf 89' lang='grc' dir='ltr'><strong>εἰς</strong></span> <span class='ocrx_word' id='word_1_745' title='bbox 640 4804 799 4858; x_wconf 85' lang='grc' dir='ltr'>τοῦτο</span> <span class='ocrx_word' id='word_1_746' title='bbox 849 4800 1221 4872; x_wconf 85' lang='grc' dir='ltr'>διανευμάτων</span> <span class='ocrx_word' id='word_1_747' title='bbox 1262 4801 1326 4854; x_wconf 83' lang='grc' dir='ltr'>δι’</span> <span class='ocrx_word' id='word_1_748' title='bbox 1362 4795 1437 4852; x_wconf 83' lang='grc' dir='ltr'>ὧν</span> <span class='ocrx_word' id='word_1_749' title='bbox 1484 4798 1550 4851; x_wconf 86' lang='grc' dir='ltr'>ἂν</span> <span class='ocrx_word' id='word_1_750' title='bbox 1591 4795 1801 4848; x_wconf 87' lang='grc' dir='ltr'>δύναιτο</span> 
     </span>
    </p>
   </div>
   <div class='ocr_carea' id='block_1_98' title="bbox 1907 4795 3478 4872">
    <p class='ocr_par' dir='ltr' id='par_1_98' title="bbox 1907 4797 3478 4866">
     <span class='ocr_line' id='line_1_98' title="bbox 1907 4797 3478 4866; baseline -0.004 -8"><span class='ocrx_word' id='word_1_751' title='bbox 1907 4811 2112 4866; x_wconf 86' lang='lat' dir='ltr'><strong>contra,</strong></span> <span class='ocrx_word' id='word_1_752' title='bbox 2164 4800 2259 4855; x_wconf 89' lang='lat' dir='ltr'><strong>Dei</strong></span> <span class='ocrx_word' id='word_1_753' title='bbox 2307 4801 2395 4854; x_wconf 90' lang='lat' dir='ltr'><strong>lex</strong></span> <span class='ocrx_word' id='word_1_754' title='bbox 2443 4800 2512 4854; x_wconf 90' lang='lat' dir='ltr'><strong>ad</strong></span> <span class='ocrx_word' id='word_1_755' title='bbox 2558 4800 2765 4855; x_wconf 87' lang='lat' dir='ltr'><strong>bonam</strong></span> <span class='ocrx_word' id='word_1_756' title='bbox 2804 4800 3142 4853; x_wconf 88' lang='lat' dir='ltr'><strong>voluntatem</strong></span> <span class='ocrx_word' id='word_1_757' title='bbox 3192 4797 3478 4863; x_wconf 88' lang='lat' dir='ltr'><strong>hortatur;</strong></span> 
     </span>
    </p>
   </div>
   <div class='ocr_carea' id='block_1_99' title="bbox 236 4886 1801 4964">
    <p class='ocr_par' dir='ltr' id='par_1_99' title="bbox 236 4886 1801 4964">
     <span class='ocr_line' id='line_1_99' title="bbox 236 4886 1801 4964; baseline -0.007 -18"><span class='ocrx_word' id='word_1_758' title='bbox 236 4895 613 4964; x_wconf 80' lang='grc' dir='ltr'>παρωθοῦντος</span> <span class='ocrx_word' id='word_1_759' title='bbox 641 4894 887 4963; x_wconf 79' lang='grc' dir='ltr'>τρόπων,</span> <span class='ocrx_word' id='word_1_760' title='bbox 928 4891 1222 4964; x_wconf 78' lang='grc' dir='ltr'>προτρέπει</span> <span class='ocrx_word' id='word_1_761' title='bbox 1262 4889 1398 4959; x_wconf 82' lang='grc' dir='ltr'>πρὸς</span> <span class='ocrx_word' id='word_1_762' title='bbox 1426 4886 1643 4955; x_wconf 81' lang='grc' dir='ltr'>θέλησιν</span> <span class='ocrx_word' id='word_1_763' title='bbox 1672 4886 1801 4952; x_wconf 84' lang='grc' dir='ltr'>ἀγα·</span> 
     </span>
    </p>
   </div>
   <div class='ocr_carea' id='block_1_100' title="bbox 1907 4886 3479 4964">
    <p class='ocr_par' dir='ltr' id='par_1_100' title="bbox 1907 4887 3479 4963">
     <span class='ocr_line' id='line_1_100' title="bbox 1907 4887 3479 4963; baseline -0.001 -18"><span class='ocrx_word' id='word_1_764' title='bbox 1907 4893 2012 4963; x_wconf 82' lang='lat'><strong>39</strong></span> <span class='ocrx_word' id='word_1_765' title='bbox 2034 4900 2196 4960; x_wconf 90' lang='lat' dir='ltr'><strong>atque</strong></span> <span class='ocrx_word' id='word_1_766' title='bbox 2229 4891 2492 4945; x_wconf 88' lang='lat' dir='ltr'><strong>invictum</strong></span> <span class='ocrx_word' id='word_1_767' title='bbox 2519 4906 2645 4945; x_wconf 90' lang='lat' dir='ltr'><strong>eum</strong></span> <span class='ocrx_word' id='word_1_768' title='bbox 2671 4905 2813 4955; x_wconf 90' lang='lat' dir='ltr'><strong>esse,</strong></span> <span class='ocrx_word' id='word_1_769' title='bbox 2842 4890 2935 4959; x_wconf 92' lang='lat' dir='ltr'><strong>qui</strong></span> <span class='ocrx_word' id='word_1_770' title='bbox 2973 4902 3074 4941; x_wconf 91' lang='lat' dir='ltr'><strong>nos</strong></span> <span class='ocrx_word' id='word_1_771' title='bbox 3117 4887 3357 4957; x_wconf 85' lang='lat' dir='ltr'><strong>adjuvat,</strong></span> <span class='ocrx_word' id='word_1_772' title='bbox 3387 4902 3479 4943; x_wconf 92' lang='lat' dir='ltr'><strong>os-</strong></span> 
     </span>
    </p>
   </div>
   <div class='ocr_carea' id='block_1_101' title="bbox 234 4977 1801 5057">
    <p class='ocr_par' dir='ltr' id='par_1_101' title="bbox 234 4978 1801 5057">
     <span class='ocr_line' id='line_1_101' title="bbox 234 4978 1801 5057; baseline -0.009 -16"><span class='ocrx_word' id='word_1_773' title='bbox 234 4985 329 5057; x_wconf 81' lang='grc' dir='ltr'>θὴν</span> <span class='ocrx_word' id='word_1_774' title='bbox 370 4988 399 5040; x_wconf 89' lang='grc' dir='ltr'>ὁ</span> <span class='ocrx_word' id='word_1_775' title='bbox 425 4986 519 5040; x_wconf 83' lang='grc' dir='ltr'>τοῦ</span> <span class='ocrx_word' id='word_1_776' title='bbox 559 4985 695 5039; x_wconf 81' lang='grc' dir='ltr'>Θεοῦ</span> <span class='ocrx_word' id='word_1_777' title='bbox 739 4985 936 5055; x_wconf 85' lang='grc' dir='ltr'>νόμος,</span> <span class='ocrx_word' id='word_1_778' title='bbox 979 4983 1280 5054; x_wconf 79' lang='grc' dir='ltr'>ἄθραυστον</span> <span class='ocrx_word' id='word_1_779' title='bbox 1326 4980 1424 5049; x_wconf 84' lang='grc' dir='ltr'><strong>μὲν</strong></span> <span class='ocrx_word' id='word_1_780' title='bbox 1455 4978 1547 5030; x_wconf 84' lang='grc' dir='ltr'>τὸν</span> <span class='ocrx_word' id='word_1_781' title='bbox 1585 4978 1801 5029; x_wconf 80' lang='grc' dir='ltr'>ὲπικου·</span> 
     </span>
    </p>
   </div>
   <div class='ocr_carea' id='block_1_102' title="bbox 1907 4977 3479 5057">
    <p class='ocr_par' dir='ltr' id='par_1_102' title="bbox 1908 4977 3479 5053">
     <span class='ocr_line' id='line_1_102' title="bbox 1908 4977 3479 5053; baseline -0.004 -14"><span class='ocrx_word' id='word_1_782' title='bbox 1908 4984 2158 5049; x_wconf 90' lang='lat' dir='ltr'><strong>tendens,</strong></span> <span class='ocrx_word' id='word_1_783' title='bbox 2205 4983 2536 5053; x_wconf 89' lang='lat' dir='ltr'><strong>amplissima</strong></span> <span class='ocrx_word' id='word_1_784' title='bbox 2575 4997 2668 5053; x_wconf 92' lang='lat' dir='ltr'><strong>spe</strong></span> <span class='ocrx_word' id='word_1_785' title='bbox 2711 4980 2780 5035; x_wconf 88' lang='lat' dir='ltr'><strong>ad</strong></span> <span class='ocrx_word' id='word_1_786' title='bbox 2818 4977 3131 5034; x_wconf 88' lang='lat' dir='ltr'><strong>audendum</strong></span> <span class='ocrx_word' id='word_1_787' title='bbox 3173 4977 3394 5041; x_wconf 81' lang='lat' dir='ltr'><strong>excitat,</strong></span> <span class='ocrx_word' id='word_1_788' title='bbox 3424 4987 3479 5032; x_wconf 87' lang='lat' dir='ltr'><strong>et</strong></span> 
     </span>
    </p>
   </div>
   <div class='ocr_carea' id='block_1_103' title="bbox 237 5066 1801 5146">
    <p class='ocr_par' dir='ltr' id='par_1_103' title="bbox 237 5066 1801 5146">
     <span class='ocr_line' id='line_1_103' title="bbox 237 5066 1801 5146; baseline -0.006 -18"><span class='ocrx_word' id='word_1_789' title='bbox 237 5074 426 5146; x_wconf 75' lang='grc' dir='ltr'>ροῦντα</span> <span class='ocrx_word' id='word_1_790' title='bbox 447 5076 682 5139; x_wconf 80' lang='grc' dir='ltr'>δεικνὺς,</span> <span class='ocrx_word' id='word_1_791' title='bbox 715 5076 886 5129; x_wconf 74' lang='grc' dir='ltr'>ἐλπίδι</span> <span class='ocrx_word' id='word_1_792' title='bbox 915 5074 972 5127; x_wconf 81' lang='grc' dir='ltr'>δὲ</span> <span class='ocrx_word' id='word_1_793' title='bbox 996 5075 1062 5145; x_wconf 79' lang='grc' dir='ltr'>τῇ</span> <span class='ocrx_word' id='word_1_794' title='bbox 1091 5070 1443 5142; x_wconf 81' lang='grc' dir='ltr'>λιπαρωτάτῃ</span> <span class='ocrx_word' id='word_1_795' title='bbox 1469 5066 1801 5137; x_wconf 84' lang='grc' dir='ltr'>παραθήγων</span> 
     </span>
    </p>
   </div>
   <div class='ocr_carea' id='block_1_104' title="bbox 1907 5066 3474 5146">
    <p class='ocr_par' dir='ltr' id='par_1_104' title="bbox 1911 5069 3474 5141">
     <span class='ocr_line' id='line_1_104' title="bbox 1911 5069 3474 5141; baseline -0.004 -13"><span class='ocrx_word' id='word_1_796' title='bbox 1911 5075 2037 5131; x_wconf 88' lang='lat' dir='ltr'><strong>ﬁdei</strong></span> <span class='ocrx_word' id='word_1_797' title='bbox 2081 5090 2282 5129; x_wconf 85' lang='lat' dir='ltr'><strong>nervos</strong></span> <span class='ocrx_word' id='word_1_798' title='bbox 2333 5074 2508 5137; x_wconf 88' lang='lat' dir='ltr'><strong>addit,</strong></span> <span class='ocrx_word' id='word_1_799' title='bbox 2553 5074 2773 5141; x_wconf 72' lang='lat' dir='ltr'><strong>Dedque</strong></span> <span class='ocrx_word' id='word_1_800' title='bbox 2815 5078 3073 5139; x_wconf 85' lang='lat' dir='ltr'><strong>tanquam</strong></span> <span class='ocrx_word' id='word_1_801' title='bbox 3124 5084 3257 5125; x_wconf 87' lang='lat' dir='ltr'><strong>vero</strong></span> <span class='ocrx_word' id='word_1_802' title='bbox 3300 5069 3474 5125; x_wconf 89' lang='lat' dir='ltr'><strong>salva-</strong></span> 
     </span>
    </p>
   </div>
   <div class='ocr_carea' id='block_1_105' title="bbox 236 5158 1801 5238">
    <p class='ocr_par' dir='ltr' id='par_1_105' title="bbox 236 5158 1801 5238">
     <span class='ocr_line' id='line_1_105' title="bbox 236 5158 1801 5238; baseline -0.006 -18"><span class='ocrx_word' id='word_1_803' title='bbox 236 5170 312 5231; x_wconf 77' lang='grc' dir='ltr'><strong>εἰς</strong></span> <span class='ocrx_word' id='word_1_804' title='bbox 336 5168 649 5238; x_wconf 77' lang='grc' dir='ltr'>εὐτολμίαν,</span> <span class='ocrx_word' id='word_1_805' title='bbox 684 5166 780 5220; x_wconf 70' lang='grc' dir='ltr'>καὶ</span> <span class='ocrx_word' id='word_1_806' title='bbox 820 5166 1000 5219; x_wconf 88' lang='grc' dir='ltr'>πίστει</span> <span class='ocrx_word' id='word_1_807' title='bbox 1023 5162 1251 5233; x_wconf 84' lang='grc' dir='ltr'>νευρῶν,</span> <span class='ocrx_word' id='word_1_808' title='bbox 1280 5162 1373 5216; x_wconf 74' lang='grc' dir='ltr'>καὶ</span> <span class='ocrx_word' id='word_1_809' title='bbox 1397 5159 1475 5228; x_wconf 85' lang='grc' dir='ltr'><strong>τῷ</strong></span> <span class='ocrx_word' id='word_1_810' title='bbox 1497 5158 1614 5229; x_wconf 85' lang='grc' dir='ltr'>Θεῷ</span> <span class='ocrx_word' id='word_1_811' title='bbox 1636 5174 1801 5230; x_wconf 86' lang='grc' dir='ltr'>προσ-</span> 
     </span>
    </p>
   </div>
   <div class='ocr_carea' id='block_1_106' title="bbox 1907 5158 2669 5238">
    <p class='ocr_par' dir='ltr' id='par_1_106' title="bbox 1907 5162 2669 5221">
     <span class='ocr_line' id='line_1_106' title="bbox 1907 5162 2669 5221; baseline -0.01 0"><span class='ocrx_word' id='word_1_812' title='bbox 1907 5166 2012 5221; x_wconf 92' lang='lat' dir='ltr'><strong>tori</strong></span> <span class='ocrx_word' id='word_1_813' title='bbox 2044 5181 2108 5221; x_wconf 91' lang='lat' dir='ltr'><strong>ac</strong></span> <span class='ocrx_word' id='word_1_814' title='bbox 2133 5165 2415 5221; x_wconf 88' lang='lat' dir='ltr'><strong>liberatori</strong></span> <span class='ocrx_word' id='word_1_815' title='bbox 2446 5162 2669 5218; x_wconf 88' lang='lat' dir='ltr'><strong>addicit.</strong></span> 
     </span>
    </p>
   </div>
   <div class='ocr_carea' id='block_1_107' title="bbox 235 5254 1421 5328">
    <p class='ocr_par' dir='ltr' id='par_1_107' title="bbox 235 5254 1421 5328">
     <span class='ocr_line' id='line_1_107' title="bbox 235 5254 1421 5328; baseline -0.008 -16"><span class='ocrx_word' id='word_1_816' title='bbox 235 5259 435 5328; x_wconf 74' lang='grc' dir='ltr'>νέμων,</span> <span class='ocrx_word' id='word_1_817' title='bbox 469 5259 547 5323; x_wconf 82' lang='grc' dir='ltr'><strong>ὡς</strong></span> <span class='ocrx_word' id='word_1_818' title='bbox 570 5257 787 5328; x_wconf 86' lang='grc' dir='ltr'>ἀληθῶς</span> <span class='ocrx_word' id='word_1_819' title='bbox 812 5257 1017 5327; x_wconf 75' lang='grc' dir='ltr'>σωτῆρι</span> <span class='ocrx_word' id='word_1_820' title='bbox 1034 5255 1130 5309; x_wconf 74' lang='grc' dir='ltr'>καὶ</span> <span class='ocrx_word' id='word_1_821' title='bbox 1155 5254 1421 5325; x_wconf 76' lang='grc' dir='ltr'>λυτρωτῇ.</span> 
     </span>
    </p>
   </div>
   <div class='ocr_carea' id='block_1_108' title="bbox 302 5341 1801 5417">
    <p class='ocr_par' dir='ltr' id='par_1_108' title="bbox 302 5341 1801 5417">
     <span class='ocr_line' id='line_1_108' title="bbox 302 5341 1801 5417; baseline -0.004 -17"><span class='ocrx_word' id='word_1_822' title='bbox 302 5348 513 5403; x_wconf 75' lang='grc' dir='ltr'><strong>ΠᾹΔΛ.</strong></span> <span class='ocrx_word' id='word_1_823' title='bbox 561 5349 651 5407; x_wconf 80' lang='grc' dir='ltr'>Ὦς</span> <span class='ocrx_word' id='word_1_824' title='bbox 682 5347 1012 5417; x_wconf 80' lang='grc' dir='ltr'>πανάριστόν</span> <span class='ocrx_word' id='word_1_825' title='bbox 1038 5364 1092 5400; x_wconf 83' lang='grc' dir='ltr'><strong>τι</strong></span> <span class='ocrx_word' id='word_1_826' title='bbox 1129 5345 1316 5416; x_wconf 85' lang='grc' dir='ltr'>χρῆμα</span> <span class='ocrx_word' id='word_1_827' title='bbox 1351 5342 1444 5395; x_wconf 72' lang='grc' dir='ltr'>καὶ</span> <span class='ocrx_word' id='word_1_828' title='bbox 1477 5341 1741 5412; x_wconf 82' lang='grc' dir='ltr'>σωτήριον</span> <span class='ocrx_word' id='word_1_829' title='bbox 1767 5342 1801 5409; x_wconf 80' lang='grc' dir='ltr'><strong>ἡ</strong></span> 
     </span>
    </p>
   </div>
   <div class='ocr_carea' id='block_1_109' title="bbox 234 5430 1518 5507">
    <p class='ocr_par' dir='ltr' id='par_1_109' title="bbox 234 5430 1518 5507">
     <span class='ocr_line' id='line_1_109' title="bbox 234 5430 1518 5507; baseline -0.007 -14"><span class='ocrx_word' id='word_1_830' title='bbox 234 5440 437 5504; x_wconf 78' lang='grc' dir='ltr'>πίστις,</span> <span class='ocrx_word' id='word_1_831' title='bbox 461 5441 557 5495; x_wconf 77' lang='grc' dir='ltr'>καὶ</span> <span class='ocrx_word' id='word_1_832' title='bbox 582 5440 646 5493; x_wconf 77' lang='grc' dir='ltr'><strong>τὸ</strong></span> <span class='ocrx_word' id='word_1_833' title='bbox 682 5440 792 5494; x_wconf 85' lang='grc' dir='ltr'>δεῖν</span> <span class='ocrx_word' id='word_1_834' title='bbox 813 5439 1038 5493; x_wconf 71' lang='grc' dir='ltr'>ἔπεσθαι</span> <span class='ocrx_word' id='word_1_835' title='bbox 1063 5437 1224 5507; x_wconf 73' lang='grc' dir='ltr'>διψῆν</span> <span class='ocrx_word' id='word_1_836' title='bbox 1256 5432 1334 5504; x_wconf 88' lang='grc' dir='ltr'><strong>τῷ</strong></span> <span class='ocrx_word' id='word_1_837' title='bbox 1362 5430 1480 5501; x_wconf 86' lang='grc' dir='ltr'>Θεῷ</span> <span class='ocrx_word' id='word_1_838' title='bbox 1505 5432 1518 5484; x_wconf 77' lang='grc' dir='ltr'><strong>ἰ</strong></span> 
     </span>
    </p>
   </div>
   <div class='ocr_carea' id='block_1_110' title="bbox 302 5520 1802 5603">
    <p class='ocr_par' dir='ltr' id='par_1_110' title="bbox 302 5520 1802 5603">
     <span class='ocr_line' id='line_1_110' title="bbox 302 5520 1802 5603; baseline -0.01 -17"><span class='ocrx_word' id='word_1_839' title='bbox 302 5532 464 5586; x_wconf 79' lang='grc' dir='ltr'><strong>ΚΥΡ.</strong></span> <span class='ocrx_word' id='word_1_840' title='bbox 509 5531 713 5603; x_wconf 82' lang='grc' dir='ltr'>Ὀρθῶς</span> <span class='ocrx_word' id='word_1_841' title='bbox 752 5531 906 5601; x_wconf 78' lang='grc' dir='ltr'>ἔφης.</span> <span class='ocrx_word' id='word_1_842' title='bbox 946 5530 1141 5600; x_wconf 87' lang='grc' dir='ltr'>Ἒρπει</span> <span class='ocrx_word' id='word_1_843' title='bbox 1182 5526 1238 5581; x_wconf 80' lang='grc' dir='ltr'>δὲ</span> <span class='ocrx_word' id='word_1_844' title='bbox 1273 5526 1357 5579; x_wconf 84' lang='grc' dir='ltr'>ὅτι</span> <span class='ocrx_word' id='word_1_845' title='bbox 1392 5520 1529 5591; x_wconf 81' lang='grc' dir='ltr'>πρὸς</span> <span class='ocrx_word' id='word_1_846' title='bbox 1565 5520 1736 5591; x_wconf 82' lang='grc' dir='ltr'>πέρας</span> <span class='ocrx_word' id='word_1_847' title='bbox 1769 5522 1802 5589; x_wconf 83' lang='grc' dir='ltr'>ἠ</span> 
     </span>
    </p>
   </div>
   <div class='ocr_carea' id='block_1_111' title="bbox 1975 5307 3474 5403">
    <p class='ocr_par' dir='ltr' id='par_1_111' title="bbox 1975 5307 3474 5403">
     <span class='ocr_line' id='line_1_111' title="bbox 1975 5307 3474 5403; baseline -0.009 -8"><span class='ocrx_word' id='word_1_848' title='bbox 1975 5307 2170 5395; x_wconf 58' lang='lat' dir='ltr'><strong>PADL.</strong></span> <span class='ocrx_word' id='word_1_849' title='bbox 2203 5336 2376 5403; x_wconf 82' lang='lat' dir='ltr'><strong>Quam</strong></span> <span class='ocrx_word' id='word_1_850' title='bbox 2406 5335 2549 5390; x_wconf 87' lang='lat' dir='ltr'><strong>bona</strong></span> <span class='ocrx_word' id='word_1_851' title='bbox 2582 5348 2671 5388; x_wconf 91' lang='lat' dir='ltr'><strong>res</strong></span> <span class='ocrx_word' id='word_1_852' title='bbox 2712 5348 2776 5387; x_wconf 92' lang='lat' dir='ltr'><strong>ac</strong></span> <span class='ocrx_word' id='word_1_853' title='bbox 2814 5331 3070 5387; x_wconf 86' lang='lat' dir='ltr'><strong>salutaris</strong></span> <span class='ocrx_word' id='word_1_854' title='bbox 3111 5339 3197 5385; x_wconf 85' lang='lat' dir='ltr'><strong>est</strong></span> <span class='ocrx_word' id='word_1_855' title='bbox 3237 5328 3390 5390; x_wconf 85' lang='lat' dir='ltr'><strong>ﬁdes,</strong></span> <span class='ocrx_word' id='word_1_856' title='bbox 3420 5334 3474 5382; x_wconf 77' lang='lat' dir='ltr'><strong>et</strong></span> 
     </span>
    </p>
   </div>
   <div class='ocr_carea' id='block_1_112' title="bbox 1904 5423 2983 5494">
    <p class='ocr_par' dir='ltr' id='par_1_112' title="bbox 1904 5423 2983 5494">
     <span class='ocr_line' id='line_1_112' title="bbox 1904 5423 2983 5494; baseline -0.007 -10"><span class='ocrx_word' id='word_1_857' title='bbox 1904 5430 2104 5490; x_wconf 87' lang='lat' dir='ltr'><strong>ardens</strong></span> <span class='ocrx_word' id='word_1_858' title='bbox 2131 5429 2302 5481; x_wconf 91' lang='lat' dir='ltr'><strong>Deum</strong></span> <span class='ocrx_word' id='word_1_859' title='bbox 2329 5424 2592 5494; x_wconf 86' lang='lat' dir='ltr'><strong>sequendi</strong></span> <span class='ocrx_word' id='word_1_860' title='bbox 2618 5423 2983 5478; x_wconf 82' lang='lat' dir='ltr'><strong>desiderium!</strong></span> 
     </span>
    </p>
   </div>
   <div class='ocr_carea' id='block_1_113' title="bbox 1974 5509 3469 5583">
    <p class='ocr_par' dir='ltr' id='par_1_113' title="bbox 1974 5509 3469 5583">
     <span class='ocr_line' id='line_1_113' title="bbox 1974 5509 3469 5583; baseline -0.009 -8"><span class='ocrx_word' id='word_1_861' title='bbox 1974 5521 2129 5575; x_wconf 79' lang='lat' dir='ltr'><strong>CYB.</strong></span> <span class='ocrx_word' id='word_1_862' title='bbox 2176 5519 2341 5573; x_wconf 84' lang='lat' dir='ltr'><strong>Recte</strong></span> <span class='ocrx_word' id='word_1_863' title='bbox 2380 5516 2539 5573; x_wconf 90' lang='lat' dir='ltr'><strong>dicis.</strong></span> <span class='ocrx_word' id='word_1_864' title='bbox 2593 5515 2749 5583; x_wconf 86' lang='lat' dir='ltr'><strong>Quod</strong></span> <span class='ocrx_word' id='word_1_865' title='bbox 2789 5524 2969 5571; x_wconf 90' lang='lat' dir='ltr'><strong>autem</strong></span> <span class='ocrx_word' id='word_1_866' title='bbox 3001 5512 3134 5567; x_wconf 82' lang='lat' dir='ltr'><strong>ﬁdes</strong></span> <span class='ocrx_word' id='word_1_867' title='bbox 3179 5509 3244 5564; x_wconf 85' lang='lat' dir='ltr'><strong>ad</strong></span> <span class='ocrx_word' id='word_1_868' title='bbox 3289 5511 3469 5578; x_wconf 80' lang='lat' dir='ltr'><strong>perte-</strong></span> 
     </span>
    </p>
   </div>
   <div class='ocr_carea' id='block_1_114' title="bbox 308 5703 816 5778">
    <p class='ocr_par' dir='ltr' id='par_1_114' title="bbox 308 5703 816 5778">
     <span class='ocr_line' id='line_1_114' title="bbox 308 5703 816 5778; baseline -0.002 -10"><span class='ocrx_word' id='word_1_869' title='bbox 308 5703 328 5734; x_wconf 72' lang='lat'><strong>&#39;</strong></span> <span class='ocrx_word' id='word_1_870' title='bbox 357 5714 525 5769; x_wconf 62' lang='lat' dir='ltr'><strong>Exod.</strong></span> <span class='ocrx_word' id='word_1_871' title='bbox 565 5731 640 5778; x_wconf 84' lang='lat' dir='ltr'><strong>vt,</strong></span> <span class='ocrx_word' id='word_1_872' title='bbox 682 5715 735 5774; x_wconf 84' lang='lat'><strong>6,</strong></span> <span class='ocrx_word' id='word_1_873' title='bbox 764 5716 816 5767; x_wconf 84' lang='lat'><strong>7.</strong></span> 
     </span>
    </p>
   </div>
  </div>
