3968 6300
464 390 568 446 195

1480 384 1534 438 S.
1579 381 1855 438 CYlilLLl
1899 379 2373 437 ALEXANDRINI
2414 379 2735 438 ARCHIEP.

3638 385 3744 442 ιεε

463 517 572 562 tam
615 506 876 559 virtutem
911 511 1170 573 tanquam
1213 501 1279 556 ad
1316 503 1477 557 ﬁnem
1525 501 1732 565 tendat,
1786 508 1898 554 tum
1948 515 2040 568 op-

2155 497 2334 562 πίστις
2405 499 2464 552 τὸ
2503 500 2740 567 ἀγαθὸν,
2786 499 2908 571 είσῃ
2946 516 3026 552 τοι
3061 501 3273 568 καλῶς,
3313 495 3743 569 ἐκτελευτῶντος

462 601 594 652 time
639 612 854 661 nosces,
877 611 1004 649 cum
1039 611 1108 649 eo
1147 609 1258 663 quo
1287 600 1496 663 spectat
1519 602 1708 646 nostra
1732 591 2050 662 pervenerit

460 691 659 745 oratio.
685 690 820 745 Cum
845 689 992 742 enim
1017 687 1227 756 Moyses
1254 686 1482 755 ejusque
1512 695 1743 738 comites
1769 684 2050 738 venissent

460 783 530 836 ad
556 783 918 843 Pharaonem,
955 787 1018 833 ut
1043 793 1166 832 cum
1197 793 1267 832 eo
1286 791 1480 830 rursus
1508 785 1823 846 agerent,ac
1843 775 2047 829 suade-

463 882 585 926 rent
632 881 697 926 ut
734 872 1037 925 dimitteret
1062 887 1130 924 ex
1157 867 1534 940 Egyptiorum
1571 868 1755 933 terris,
1790 877 1845 922 et
1867 867 2048 921 exsol-

459 972 617 1017 veret
641 965 924 1017 veteribus
944 962 1177 1016 vinculis
1198 961 1478 1024 lsraelem,
1507 959 1699 1031 signis,
1717 961 1862 1014 ultra
1885 976 2049 1030 quam

461 1055 569 1108 dici
604 1055 793 1124 possit,
827 1053 1243 1108 admirabilibus
1290 1053 1445 1106 illum
1491 1051 1713 1107 ﬂectere
1758 1052 2046 1119 volebant;

462 1147 670 1216 virgam
703 1146 856 1198 enim
896 1141 954 1198 in
1003 1153 1314 1215 serpentem
1353 1152 1750 1199 commutatam
1791 1143 2049 1199 ostende-

464 1249 612 1303 runt,
648 1239 931 1307 multoque
962 1237 1168 1307 majora
1201 1235 1695 1308 praestantioraque
1724 1235 1942 1291 eﬁicere
1991 1252 2050 1292 se

462 1331 560 1385 Dei
611 1345 712 1398 ope
756 1327 1012 1382 facillime
1055 1343 1236 1397 posse,
1267 1337 1458 1397 aperte
1506 1327 1929 1397 proﬁtebantur.
1980 1329 2051 1382 At

462 1420 555 1474 ille
579 1419 693 1474 suis
718 1419 907 1489 Magis,
932 1429 994 1473 ut
1021 1419 1174 1488 paria
1203 1418 1465 1484 facerent,
1496 1417 1877 1488 imperavit,ad
1901 1417 2051 1473 hunc

458 1510 573 1566 fere
606 1511 831 1565 modum
885 1512 1127 1565 clamans
1162 1528 1182 1563 .:
1211 1510 1332 1564 Non
1365 1525 1468 1565 nos
1507 1509 1682 1582 ignari
1722 1525 1913 1564 sumus
1942 1510 2048 1564 hu—

453 1601 696 1673 juSmodi
721 1617 975 1672 operum,
1003 1602 1274 1672 longeque
1314 1601 1503 1671 plures
1542 1609 1671 1654 sunt
1700 1600 1845 1670 apud
1883 1599 2049 1671 [Εεν-

458 1693 623 1762 ptios,
650 1693 745 1763 qui
767 1693 885 1749 haec
916 1693 1300 1764 proﬁteantur,
1330 1708 1495 1762 quam
1519 1692 1668 1762 apud
1706 1708 1833 1757 vos;
1875 1701 1930 1747 et
1957 1707 2050 1747 ars

461 1783 742 1854 Magorum
769 1795 856 1840 est
895 1799 959 1839 ac
1001 1784 1244 1840 studium
1290 1783 1410 1838 haec
1458 1783 1725 1837 miracula
1767 1782 1953 1847 edere,
1986 1783 2046 1838 in

2152 590 2281 660 ἡμῖν
2324 589 2418 643 τοῦ
2459 589 2617 659 λόγου
2659 590 2795 662 πρὸς
2821 591 2910 644 τὸν
2937 590 3068 645 ἴδιον
3108 593 3330 649 σκοπόν.
3370 593 3591 668 Ἐπειδὴ
3629 596 3742 670 γὰρ

2148 675 2282 752 ἦκον
2309 682 2444 754 πρὸς
2465 681 2556 734 τὸν
2575 681 2775 752 Φαραὼ
2792 682 3154 754 διαλεξόμενοι
3180 685 3344 742 πάλιν
3365 688 3414 740 οί
3446 689 3589 759 ἀμφὶ
3609 690 3745 742 Μω-

2153 773 2268 836 σέα,
2303 774 2511 826 ἀνεῖναί
2538 791 2597 826 τε
2625 774 2724 844 τῆς
2763 774 3075 842 Αἰγυπτίων
3105 777 3197 830 καὶ
3231 778 3498 832 ἀπολῦσαι
3523 780 3742 850 δεσμῶν

2149 865 2257 920 τῶν
2290 865 2458 919 πάλαι
2490 865 2580 919 τὸν
2619 865 2833 936 Ἰσραὴλ
2855 867 3256 934 ἀναπείσοντες,
3281 871 3527 941 σημείοις
3551 873 3743 926 ἐκδυσ-

2149 959 2319 1010 ωπεῖν
2348 959 2460 1020 τοῖς
2508 957 2647 1028 ὑπὲρ
2685 957 2841 1027 λόγον
2887 958 3106 1029 ῆθελον,
3164 961 3363 1031 ῥάϐδου
3402 981 3462 1016 τε
3503 966 3584 1028 είς
3613 964 3742 1034 ὅφιν

2153 1047 2543 1118 μεταπλασμὸν
2578 1048 2941 1114 ἐπεδείκνυον,
2970 1051 3064 1102 καὶ
3091 1050 3172 1104 ἔτι
3203 1051 3296 1104 τοῦ
3331 1070 3393 1121 γε
3425 1045 3650 1124 μείζονά
3677 1072 3738 1107 τε

2150 1141 2244 1192 καὶ
2273 1140 2557 1211 ὑπερφερῆ
2581 1140 2878 1213 κατορθοῦν
2899 1141 3157 1196 δύνασθαι
3200 1145 3619 1216 προχειρότατα,
3649 1146 3741 1200 διὰ

2150 1231 2284 1284 Θεοῦ
2314 1232 2498 1301 σαφῶς
2519 1232 2939 1302 ἐπηγγέλλοντο.
2973 1233 3030 1289 Ὀ
3059 1233 3115 1287 δὲ
3144 1237 3256 1299 τοῖς
3286 1235 3436 1300 ίδίοις
3463 1239 3738 1308 ίσουργεῖν

2150 1324 2370 1377 ἐκέλευε
2420 1325 2655 1394 Μάγοις,
2713 1327 2996 1398 μονονουχὶ
3040 1326 3129 1382 διὰ
3171 1327 3362 1381 τούτου
3417 1328 3573 1400 βοῶν·
3621 1331 3739 1383 Ούκ

2151 1418 2393 1486 ἀγνῶτες
2424 1419 2600 1490 ἔργων
2635 1419 2744 1472 τῶν
2769 1419 3026 1474 τοιούτων
3051 1422 3233 1491 ἡμεῖς.
3257 1403 3508 1474 ΙῘλεϊστοι
3531 1421 3587 1474 δὲ
3620 1423 3736 1476 ὅσοι

2150 1511 2280 1580 παρ’
2325 1510 2646 1579 Αἰγυπτίοις
2691 1510 2724 1581 ἦ
2761 1510 2884 1564 καθ’
2932 1511 3108 1581 ὑμᾶς’
3156 1508 3250 1564 καὶ
3297 1511 3580 1582 μελέτημα
3623 1514 3736 1576 τοῖς

2150 1602 2361 1669 Μάγοις
2389 1601 2448 1654 τὸ
2479 1600 2916 1673 θαυματουργεῖν
2934 1643 2950 1668 ,
2983 1598 3065 1666 οἷς
3097 1603 3192 1657 καλ⁵
3221 1604 3378 1673 ὑμεῖς
3404 1602 3731 1673 ἐναρίθμιοι.

2150 1691 2580 1763 Σκληρυνομένῳ
2613 1693 2671 1746 δέ
2702 1691 2844 1756 λίαν,
2877 1694 2972 1746 καὶ
3004 1693 3104 1746 οὐκ
3132 1693 3335 1747 ἀνιέντι
3363 1693 3454 1746 τὸν
3494 1693 3734 1764 Ἰσραὴλ,

2148 1785 2414 1856 τέσσαρες
2459 1785 2632 1838 δειναὶ
2674 1785 2770 1839 καὶ
2807 1785 3056 1857 ἀλλήλων
3111 1786 3330 1858 χείρους
3383 1781 3737 1857 ἐπιφέρονται

458 1891 694 1943 quorum
727 1891 960 1930 numero
987 1892 1086 1931 vos
1111 1890 1332 1946 quoque
1374 1874 1526 1929 estis.
1575 1873 1762 1944 Itaque
1791 1889 1916 1928 cum
1941 1874 2040 1928 ad-

2147 1877 2384 1948 πληγαίο
2425 1875 2616 1941 ὕδατός
2647 1894 2707 1930 τε
2754 1877 2864 1949 γὰρ
2889 1879 2971 1941 εἰς
3009 1872 3148 1948 αἷμα
3183 1857 3455 1950 μεταϐολὴ
3495 1878 3735 1949 παραδό-

461 1968 682 2021 moilum
725 1968 1099 2034 induraretur,
1145 1983 1249 2022 nec
1301 1966 1603 2020 dimitteret
1655 1966 1797 2020 ﬁlios
1843 1965 2040 2031 Israel,

456 2069 694 2128 quatuor
715 2059 766 2112 ei
795 2074 986 2128 graves
1008 2059 1128 2114 alia:
1163 2058 1292 2113 aliis
1330 2060 1545 2129 pejores
1571 2057 1732 2112 illata:
1768 2063 1898 2111 sunt
1922 2057 2040 2127 pla-

455 2161 536 2219 ga:
582 2167 594 2202 :
631 2166 786 2220 aqua:
823 2150 970 2204 enim
1006 2150 1063 2204 in
1100 2151 1424 2221 sanguinem
1465 2148 1736 2203 mirabilis
1776 2148 1866 2204 illa
1905 2164 2040 2204 con-

453 2245 638 2298 versio
657 2244 799 2299 facta
822 2253 925 2309 est,
950 2259 1209 2313 ranaeque
1241 2253 1298 2298 et
1324 2243 1539 2308 einifes,
1568 2251 1624 2298 et
1641 2243 1711 2298 ad
1735 2250 2041 2298 extremum

456 2351 658 2390 muscae
689 2337 898 2390 caninae
921 2336 975 2390 vi
1014 2335 1241 2390 minime
1271 2335 1498 2389 ferenda
1535 2335 1845 2390 molliorem
1881 2334 2041 2390 deni-

454 2443 563 2498 que
592 2429 935 2482 Pharaonem
977 2427 1362 2484 reddiderunt.
1397 2428 1586 2496 Itaque
1621 2442 1747 2482 cum
1783 2428 2044 2483 advocas-

455 2529 541 2574 set
564 2520 806 2590 Moysen,
842 2520 920 2574 ait
959 2537 973 2574 :
1013 2538 1031 2569 ι
1079 2520 1289 2574 Euntes
1335 2519 1635 2574 sacriﬁcate
1663 2518 1896 2574 Domino
1928 2519 2042 2575 Deo

455 2616 642 2664 vestro
682 2609 740 2662 in
788 2617 952 2663 terra.
989 2609 1059 2664 Et
1099 2609 1238 2663 dixit
1276 2608 1518 2680 Moyses:
1549 2607 1668 2663 Non
1702 2615 1884 2678 potest
1921 2607 2042 2664 ﬁeri

455 2701 537 2755 sic
580 2719 595 2755 :
632 2701 1070 2757 abominationes
1101 2700 1252 2755 enim
1289 2697 1670 2770 Egyptiorum
1703 2698 2039 2755 sacriﬁcabi-

456 2807 580 2847 mus
609 2791 844 2847 Domino
887 2793 1000 2848 Deo
1033 2799 1244 2847 nostro.
1276 2790 1333 2846 Si
1367 2791 1516 2844 enim
1553 2789 2043 2846 sacriﬁcaverimus

456 2881 689 2935 Domino
716 2883 828 2936 Deo
861 2891 1051 2936 nostro
1085 2881 1520 2936 abominationes
1542 2879 1922 2951 Egyptiorum
1949 2897 2043 2938 co-

456 2989 574 3026 ram
606 2973 758 3043 ipsis,
789 2973 1178 3044 lapidabimur.
1206 2973 1362 3029 Viam
1393 2972 1560 3028 trium
1595 2972 1810 3026 dierum
1839 2973 2041 3029 ibimus

456 3065 513 3118 in
547 3064 921 3129 solitudinem,
963 3073 1020 3119 et
1056 3063 1490 3118 saeriﬁcabimus
1521 3063 1754 3118 Domino
1783 3065 1896 3119 Deo
1937 3080 2039 3119 no-

455 3166 589 3220 stro,
626 3155 768 3211 sicut
811 3155 1070 3226 praecepit
1107 3155 1287 3210 nobis.
1336 3153 1405 3207 Et
1445 3152 1584 3207 dixit
1616 3152 1832 3207 Pharao
1878 3170 1892 3206 :
1927 3152 2040 3223 Ego

454 3250 671 3304 dimitto
697 3265 814 3314 vos,
843 3257 899 3304 et
923 3247 1226 3303 sacriﬁcate
1252 3249 1486 3302 Domino
1511 3247 1626 3302 Deo
1656 3255 1843 3302 vestro
1865 3245 1922 3301 in
1945 3247 2040 3301 de-

453 3356 630 3412 serto;
670 3358 863 3399 verum
899 3357 969 3397 ne
996 3342 1156 3412 longe
1197 3340 1409 3396 abeatis
1437 3340 1477 3393 ⁸.
1515 3358 1534 3392 ι
1569 3337 1707 3394 Cum
1745 3339 1892 3394 enim
1938 3338 2038 3394 Sa-

455 3442 608 3488 tanas
645 3431 890 3496 obsistit,
929 3438 987 3485 et
1018 3438 1336 3484 nostrorum
1390 3431 1700 3484 animorum
1746 3428 2037 3495 alacritati,

453 3540 564 3594 qua
596 3522 666 3578 ad
693 3523 959 3578 virtutem
987 3520 1272 3591 erigimur,
1304 3519 1606 3590 nequitiam
1637 3534 1792 3574 suam
1824 3519 2041 3576 fortiter

456 3615 704 3685 Opponit,
739 3614 1004 3668 adversus
1036 3612 1190 3666 illum
1221 3610 1459 3681 insurgit
1483 3611 1650 3676 Deus,
1678 3612 1907 3681 ejusque
1937 3627 2035 3666 au-

455 3708 619 3763 daces
651 3708 889 3776 impetus
914 3703 1136 3773 frangit,
1161 3717 1224 3757 ac
1249 3701 1422 3773 plagis
1463 3701 1693 3757 emollit.
1729 3702 1799 3756 At
1827 3703 1920 3758 ille
1947 3704 2039 3758 vix

458 3799 677 3853 tandem
707 3795 937 3852 dimittit
967 3794 1199 3859 invitus;
1229 3799 1460 3848 conatur
1492 3801 1676 3848 tamen
1707 3794 2038 3863 persuadere

457 3890 638 3955 nobis,
669 3897 730 3943 ut
761 3889 872 3943 Deo
904 3887 1114 3941 cultum
1140 3901 1250 3940 non
1277 3894 1530 3940 accurate
1557 3885 1850 3940 admodum
1878 3886 2036 3942 exhi-

457 3983 704 4045 beamus,
744 3995 922 4049 neque
953 3979 1174 4049 penitus
1201 3977 1270 4032 ab
1300 3976 1474 4048 ipsius
1503 3978 1768 4032 servitute
1809 3979 2035 4034 receda-

458 4088 581 4128 mus
610 4091 622 4126 :
653 4072 762 4144 40
787 4087 896 4125 non
929 4069 1078 4124 enim
1106 4077 1259 4123 extra
1297 4083 1450 4122 suam
1476 4068 1787 4138 jregionem,
1821 4069 1916 4124 sed
1949 4070 2034 4123 in-

459 4173 543 4218 tra
564 4163 712 4218 illius
739 4161 876 4218 ﬁnes
907 4160 1216 4218 sacriﬁcare
1240 4158 1457 4216 Judaaos
1480 4159 1656 4229 jubet.
1687 4159 1792 4216 Sed
1822 4161 2037 4231 sapien-

459 4256 667 4313 tissime
718 4256 967 4327 Moyses,
1019 4274 1038 4306 ι
1084 4255 1205 4310 Non
1237 4262 1419 4324 potest
1462 4252 1582 4308 ﬁeri
1624 4252 1724 4319 sic,
1775 4273 1794 4305 ι
1834 4253 2031 4324 inquit.

457 4348 684 4421 Semper
711 4350 859 4405 enim
894 4349 986 4404 ille
1015 4348 1224 4418 peccati
1255 4349 1508 4403 inventor
1548 4347 1616 4402 ad
1643 4363 1732 4403 res
1758 4347 2037 4418 improbas

453 4448 538 4495 est
566 4449 792 4507 auctor;
824 4456 917 4494 eas
943 4448 1126 4496 autem
1156 4440 1336 4511 rejicit
1373 4441 1459 4495 lex
1489 4440 1693 4504 divina,
1722 4456 1895 4510 eaque
1917 4440 2035 4495 ﬁeri

2147 1964 2251 2029 ξως
2279 1966 2598 2037 ἐπράττετο,
2631 1967 2892 2037 βάτραχοι
2918 1984 2978 2020 τε
3009 1969 3102 2020 καὶ⁸
3130 1968 3378 2033 σκνίπες,
3417 1968 3510 2022 καὶ
3545 1967 3735 2023 τελευ-

2143 2059 2269 2112 ταία
2295 2058 2586 2129 κυνόμυια,
2615 2057 3036 2131 μαλθακώτερον
3055 2061 3156 2130 ἤδη
3173 2077 3287 2124 πως
3312 2061 3388 2124 ὠς
3409 2059 3468 2127 ἐξ
3484 2059 3734 2131 ἀνάγκης

2148 2151 2210 2204 οὐ
2251 2151 2495 2222 φορητῆς
2527 2151 2824 2206 ἀπετέλουν
2861 2151 2951 2206 τὸν
2982 2151 3204 2222 Φαραώ.
3255 2152 3732 2221 Είσκαλεσάμενος

2142 2242 2206 2316 δὴ
2241 2245 2368 2307 τοὺς
2406 2243 2552 2314 ἀμφὶ
2587 2241 2812 2309 Μωσέα,
2847 2244 3012 2314 φησίν
3035 2260 3050 2273 ·
3093 2263 3112 2294 ‹
3149 2242 3493 2307 Είσελθόντες
3531 2243 3733 2297 θύσατε

2145 2335 2334 2404 Κυρίῳ
2357 2333 2434 2405 τῷ
2457 2333 2578 2406 Θεῷ
2610 2334 2764 2406 ὑμῶν
2798 2337 2855 2388 ἐν
2886 2337 2952 2407 τῇ
2991 2339 3086 2407 τῇ.
3113 2337 3220 2389 Καὶ
3245 2330 3364 2389 εἷπε
3391 2336 3617 2405 Μωσῆς,
3654 2335 3734 2388 Ού

2143 2427 2366 2481 δυνατὸν
2407 2427 2660 2496 γενέσθαι
2698 2426 2910 2491 οὕτως·
2954 2426 3023 2480 τὰ
3069 2427 3176 2498 γὰρ
3233 2425 3577 2497 βδελύγματα
3621 2425 3734 2478 τῶν

2142 2518 2459 2586 Αἰγυπτίων
2500 2517 2737 2589 θύσομεν
2777 2517 2968 2590 Κυρίῳ
3001 2517 3079 2589 τῷ
3107 2517 3224 2589 Θεῷ
3248 2518 3426 2589 ἡμῶν.
3472 2517 3598 2570 Ἐἀν
3621 2517 3734 2589 γὰρ

2144 2609 2396 2680 θύσωμεν
2433 2609 2625 2683 Κυρίῳ
2657 2609 2736 2681 τῷ
2772 2609 2893 2682 Θεῷ
2932 2610 3093 2682 ημῶν
3130 2609 3199 2664 τὰ
3237 2609 3582 2681 βδελύγματα
3618 2609 3732 2662 τῶν

2141 2704 2456 2772 Αἰγυπτίων
2490 2703 2732 2758 ἐναντίον
2759 2703 2960 2768 αὐτῶν,
2991 2701 3543 2775 λιθοδοληθησόμεθα.
3581 2702 3732 2756 Ὀδὸν

2141 2797 2308 2867 τριῶν
2332 2797 2555 2868 ἡμερῶν
2579 2795 2964 2868 πορευσόμεθα
2989 2797 3067 2858 εἰς
3086 2795 3184 2866 τὴν
3204 2795 3434 2867 ἔρημον,
3457 2795 3552 2851 καὶ
3575 2795 3735 2849 θύσο-

2146 2905 2244 2958 μεν
2274 2888 2465 2960 Κυρίῳ
2491 2888 2570 2959 τῷ
2603 2887 2722 2958 Θεῷ
2747 2887 2926 2958 ἡμῶν,
2958 2886 3210 2958 καθάπερ
3238 2882 3389 2941 εἶπεν
3428 2890 3578 2958 ἡμῖν.
3615 2887 3734 2941 Καὶ

2142 2974 2262 3032 εἷπε
2287 2975 2518 3048 Φαραὼο
2561 2976 2704 3046 Ἐγὼ
2733 2977 3020 3032 ἀποστελῶ
3065 2977 3231 3048 ὑμᾶς,
3268 2977 3365 3031 καὶ
3394 2975 3584 3030 θύσετε
3620 2977 3734 3029 Κυ-

2145 3071 2245 3142 ρίῳ
2276 3070 2354 3141 τῷ
2375 3070 2495 3141 Θεῷ
2534 3071 2687 3141 ὑμῶν
2711 3072 2769 3125 ἐν
2795 3073 2860 3142 τῇ
2894 3071 3107 3142 ἐρήμῳ,
3132 3069 3246 3125 ἀλλ’
3266 3069 3328 3124 ού
3353 3069 3570 3142 μακράν
3593 3071 3735 3122 ἀπο-

2143 3163 2346 3214 τενεῖτε
2378 3161 2472 3215 τοῦ
2495 3148 2866 3233 πορευθῆναι.
2899 3181 2919 3214 ι
2977 3161 3350 3231 Ἀντεξάγοντι
3389 3163 3486 3234 μὲν
3510 3162 3616 3233 γὰρ
3648 3161 3730 3232 τῷ

2139 3253 2389 3324 Σατανᾷ,
2430 3253 2528 3306 καὶ
2561 3255 2685 3316 ταῖς
2723 3255 2804 3317 είς
2843 3254 2904 3307 τὸ
2945 3255 3152 3323 ἀγαθὸν
3191 3255 3350 3326 ἡμῶν
3392 3254 3729 3326 προθυμίαις

2139 3344 2528 3416 ἀντιφέρεσθαι
2575 3346 2836 3414 ἐγνωκότι
2881 3347 3143 3412 νεανικῶς
3182 3347 3283 3419 τὴν
3331 3345 3526 3400 ἐαυτοῦ
3571 3363 3728 3418 μισο-

2139 3436 2427 3506 πονηρίαν,
2458 3436 2808 3508 άντανίστησι
2833 3437 2996 3504 Θεὸς,
3037 3437 3133 3492 καὶ
3169 3437 3434 3509 κατάγχει
3463 3437 3731 3508 θρασυνό-

2141 3545 2300 3600 μενον
2321 3568 2337 3592 ,
2388 3529 2484 3583 καὶ
2529 3527 2836 3583 τιθασσεύει
2885 3529 3141 3600 πληγαῖς.
3185 3530 3245 3583 '0
3288 3530 3346 3583 δὲ
3399 3533 3519 3584 τότε
3572 3529 3731 3600 μόλις

2139 3621 2323 3694 ἐφίησι
2361 3620 2460 3694 μὲν
2488 3621 2586 3691 οὐχ
2619 3619 2794 3674 ἐκώνο
2821 3623 3075 3692 πειρᾶται
3103 3623 3147 3676 δ’
3177 3617 3270 3676 οῦν
3311 3623 3461 3691 ὅμως
3493 3622 3724 3675 ἀναπεί-

2139 3714 2252 3768 θειν
2294 3715 2475 3786 ἡμᾶς,
2507 3711 2774 3767 ποιεῖσθαι
2816 3711 2916 3782 μὲν
2947 3712 3047 3766 οὐκ
3083 3713 3286 3785 ἀκριϐῆ
3328 3713 3428 3784 τὴν
3472 3716 3550 3777 είς
3592 3714 3730 3767 Θεὸν

2137 3807 2396 3879 λατρείαν
2429 3847 2445 3870 ,
2479 3806 2554 3876 μὴ
2597 3806 2704 3876 μὴν
2737 3804 2818 3857 ἔτι
2854 3805 3130 3867 παντελῶς
3179 3805 3274 3858 καὶ
3317 3806 3415 3876 τῆς
3451 3807 3539 3859 ἐπ’
3573 3805 3731 3876 αὐτῷ

2137 3898 2382 3960 δουλείας
2412 3897 2730 3965 ἀποφοιτᾷν.
2763 3897 2837 3948 Ού
2873 3895 2982 3966 γὰρ
3011 3895 3116 3960 ἔξω
3153 3897 3256 3962 γῆς
3303 3895 3439 3959 ίδίας
3463 3936 3477 3957 ,
3512 3897 3629 3950 ἀλλ’
3665 3900 3731 3951 ἐν

2137 3988 2274 4058 αὐτῇ
2305 3987 2501 4056 χρῆναι
2535 3983 2680 4036 θύειν
2709 3985 2824 4045 τοῖς
2857 3983 3128 4047 Ἰουδαίοις
3155 3982 3394 4040 ἐκέλευε.
3424 3983 3732 4051 Σοφὼτατα.

2133 4077 2191 4132 δὲ
2216 4077 2441 4145 Μωσῆς,
2477 4095 2497 4128 ι
2535 4075 2611 4128 Οὐ
2637 4075 2860 4129 δυνατὸν
2893 4073 3147 4144 γενέσθαι
3179 4073 3346 4141 οὓτω,
3393 4093 3414 4128 ι
3438 4077 3594 4148 φησί.
3633 4077 3732 4130 Γίο

2134 4187 2282 4224 νεται
2337 4169 2435 4240 μὲν
2488 4169 2597 4240 γάρ
2649 4169 2736 4224 ἀεὶ
2780 4169 2890 4224 τῶν
2935 4167 3154 4238 φαύλων
3195 4167 3497 4238 εἰσηγητὴς
3543 4171 3572 4222 ό
3621 4171 3728 4240 τῆς

2134 4262 2409 4330 ἁμαρτίας
2442 4258 2670 4330 εὑρετής
2694 4273 2708 4288 ⁸
2740 4258 3016 4328 ἐκπέμπει
3044 4256 3102 4310 δὲ
3130 4255 3295 4325 νόμος
3323 4256 3354 4308 ό
3389 4255 3530 4320 θεῖος
3557 4257 3720 4325 αὐτὰ,

2135 4351 2232 4404 καὶ
2259 4350 2566 4420 ἀποφάσκει
2598 4349 2662 4402 τὸ
2682 4349 2838 4421 δρᾷν,
2866 4348 3010 4420 ἅπερ
3037 4347 3104 4402 ἂν
3135 4348 3326 4418 ἐκείνῳ
3362 4347 3511 4420 δοκῇ.
3545 4349 3724 4418 Προσο

2138 4444 2325 4496 εκτέον
2364 4443 2655 4514 τοιγαροῦν
2703 4445 2814 4507 τοῖς
2869 4442 3112 4496 ἐθέλουσι
3160 4441 3310 4512 βιοῦν
3359 4441 3570 4512 ὀρθῶς,
3618 4443 3722 4513 οὐχ

453 4541 622 4596 vetat,
653 4542 776 4602 quae
821 4533 899 4586 illi
943 4534 1212 4601 placeant.
1247 4531 1318 4587 lis
1353 4531 1518 4602 igitur
1546 4532 1640 4601 qui
1673 4541 1820 4586 recte
1849 4531 2033 4586 vivere

2143 4531 2330 4606 οἷσπερ
2365 4536 2433 4592 ἂν
2473 4536 2624 4605 λέγοι
2657 4536 2962 4606 φενακίζων
3014 4536 3043 4588 ὁ
3091 4534 3352 4608 Πονηρὸς,
3387 4534 3501 4588 ἀλλ’
3540 4528 3622 4598 οἷς
3657 4535 3724 4589 τὸ

455 4625 650 4689 velint,
674 4622 1026 4685 attendenda,
1056 4637 1164 4677 non
1196 4637 1318 4692 quae
1347 4622 1620 4692 malignus
1645 4621 1738 4676 ille
1776 4621 2037 4690 deceptor

418 4721 420 4723 ’
457 4714 670 4780 suadet,
703 4713 801 4768 sed
831 4727 952 4784 qua:
981 4712 1232 4768 divinum
1273 4727 1598 4783 responsum
1643 4711 1830 4768 edicit.
1871 4731 1889 4763 ι
1925 4713 2037 4766 Lu-

455 4820 619 4871 cerna
651 4804 878 4868 enim“;
920 4801 1120 4874 inquit,
1167 4821 1186 4853 ι
1229 4801 1465 4873 pedibus
1509 4801 1646 4856 meis
1684 4801 1773 4880 lex
1825 4808 1936 4866 tua,
1983 4811 2041 4857 et

455 4898 642 4952 lun.en
700 4895 910 4951 semitis
938 4895 1075 4950 meis
1102 4895 1144 4948 '.
1181 4912 1201 4946 ι

528 4988 724 5044 PALL.
761 4989 840 5042 Ita
873 4995 978 5042 est.

523 5081 680 5136 CYR.
714 5077 857 5151 Ergo
883 5096 1007 5136 cum
1040 5080 1132 5135 ille
1165 5078 1438 5147 malignus
1465 5089 1569 5129 nos
1597 5073 1842 5129 detineat
1873 5085 2038 5144 atque

454 5174 714 5230 cohibere
746 5174 896 5238 velit,
933 5173 1149 5242 sibique
1195 5169 1488 5240 subjicere,
1529 5164 1879 5220 serviendum
1922 5167 2035 5221 Deo

452 5275 537 5320 est
580 5266 680 5331 illi,
712 5267 806 5336 qui
852 5264 1157 5321 secundum
1203 5268 1452 5313 naturam
1516 5256 1668 5310 solus
1705 5266 1820 5323 est;
1870 5266 2034 5328 atque

453 5357 573 5412 sine
600 5359 712 5414 ullo
740 5367 889 5413 metu
919 5355 1215 5412 dicendum
1244 5368 1256 5402 :
1297 5367 1314 5398 ι
1355 5348 1475 5401 Non
1509 5354 1689 5416 potest
1722 5347 1838 5402 ﬁeri
1867 5349 1964 5404 sic.
2004 5368 2022 5401 ι

448 5478 523 5492 -
549 5471 568 5503 ι
596 5452 769 5507 Nemo
806 5451 954 5505 enim
998 5451 1179 5514 potest
1226 5440 1443 5495 duobus
1487 5440 1724 5495 dominis
1771 5443 1977 5499 servire
2011 5462 2026 5498 :

451 5555 548 5599 aut
576 5545 724 5598 enim
772 5555 941 5596 unum
989 5535 1118 5590 odio
1158 5531 1403 5598 habebit,
1437 5541 1494 5587 et
1526 5533 1757 5588 alterum
1805 5535 2022 5606 diliget;

451 5645 547 5689 aut
594 5648 766 5688 unum
812 5627 1127 5692 sustinebit,
1177 5635 1234 5682 et
1281 5625 1514 5680 alterum
1549 5632 1864 5682 contemnet
1894 5627 1959 5679 ¹⁰.
2002 5645 2020 5677 ι

524 5815 546 5845 ⁸
573 5815 743 5869 Exod.
776 5813 974 5880 “11,25
997 5828 1115 5883 sqq.

2133 4628 2274 4683 θεῖον
2303 4632 2438 4701 ⁴ἡμῖν
2474 4631 2747 4698 ἀναφωνεῖ
2777 4628 3178 4700 χρησμῴδημα.
3218 4647 3237 4680 ι
3284 4627 3488 4698 Λύχνος
3520 4626 3652 4698 γὰρ,
3693 4645 3714 4678 ι

2134 4721 2290 4790 φησὶ,
2320 4739 2338 4772 ι
2372 4724 2486 4786 τοῖς
2509 4721 2634 4776 ποσί
2662 4737 2763 4792 μου
2787 4722 2818 4775 ό
2845 4721 3008 4792 νόμος
3041 4737 3155 4787 σου,
3189 4720 3284 4775 καὶ
3316 4719 3431 4788 φῶς
3455 4719 3576 4782 ταῖς
3600 4718 3722 4789 τρί-

2136 4813 2252 4876 ϐοις
2286 4830 2410 4884 μου.
2455 4831 2474 4866 ι

2211 4985 2418 5040 ΠΑΛΛ.
2463 4986 2706 5058 ’Λληθές.

2210 5079 2375 5132 ΚΥΡ.
2407 5080 2728 5150 Συνέχοντος
2770 5079 2952 5133 τοίνυν
2989 5080 3158 5151 ἡμᾶς,
3202 5080 3369 5151 ῆγουν
3401 5076 3717 5149 καθείργειν

2140 5165 2414 5231 ἐθέλοντος
2443 5170 2536 5222 καὶ
2569 5170 2660 5222 ὑπ’
2705 5167 2855 5239 αύτῷ
2881 5169 3172 5232 ποιεῖσθαι,
3201 5168 3294 5221 τοῦ
3324 5167 3590 5239 Πονηροῦ,
3613 5167 3710 5221 λα-

2137 5257 2393 5329 τρευτέον
2415 5259 2532 5330 Θεῴ
2557 5258 2636 5330 τῷ
2665 5259 2804 5313 κατά
2834 5259 2997 5329 φύσιν
3022 5259 3190 5330 μόνῳ,
3213 5259 3308 5312 καὶ
3331 5260 3579 5330 διψυχίας
3610 5259 3716 5312 ἱόν-

2136 5367 2229 5414 τες
2257 5350 2332 5414 ὡς
2371 5351 2661 5414 ἀπωτάτω,
2710 5352 2993 5423 λέγωμεν,
3028 5371 3048 5404 ι
3086 5353 3161 5405 υύ
3199 5351 3423 5406 δυνατὸν
3459 5350 3715 5419 γενέσθαι
3749 5414 3758 5428 ,

2135 5441 2327 5506 οὕτως.
2356 5461 2404 5494 ι-
2417 5461 2478 5494 -ι
2499 5443 2731 5496 Δύναται
2747 5443 2855 5514 γάρ
2872 5443 3046 5506 οὐδεὶς
3065 5443 3126 5496 δυ
3135 5443 3186 5496 al.
3196 5443 3404 5510 κυρίοις
3421 5441 3712 5496 δουλεύειν’

2135 5532 2167 5603 ἢ
2195 5531 2304 5602 γὰρ
2341 5531 2434 5586 τὸν
2467 5532 2562 5585 ἕνα
2591 5534 2842 5603 μισήσει,
2878 5533 2974 5587 καὶ
3005 5533 3095 5587 τὸν
3123 5535 3309 5604 ἕτερον
3338 5533 3636 5602 ἀγαπήσει·
3677 5533 3714 5605 ἢ

2133 5623 2225 5676 τοῦ
2265 5623 2384 5686 ἐνὸς
2421 5622 2720 5689 ἀνθέξεται,
2750 5624 2966 5680 καὶτοῦ
2997 5625 3186 5696 ἐτέρου
3224 5623 3650 5694 καταφρονήσει.
3687 5641 3712 5675 ι

1193 5813 1214 5843 ⁹
1237 5810 1379 5866 Psal.
1403 5823 1582 5877 cxvm,
1612 5807 1732 5862 105.
1812 5807 1853 5840 ¹⁶
1873 5805 2062 5862 Matth.
2104 5818 2220 5871 xm,
2245 5801 2335 5857 24.
