  <div class='ocr_page' id='page_1' title='image "/cluster/home/n/w/nwhite01/storage/ocr_20150623/68/pst.000005712694/108.png"; bbox 0 0 3968 6300; ppageno 0'>
   <div class='ocr_carea' id='block_1_1' title="bbox 195 318 372 393">
    <p class='ocr_par' dir='ltr' id='par_1_1' title="bbox 195 318 372 393">
     <span class='ocr_line' id='line_1_1' title="bbox 195 318 372 393; baseline -0.011 0"><span class='ocrx_word' id='word_1_1' title='bbox 195 335 298 393; x_wconf 69' lang='grc'><strong>197</strong></span> <span class='ocrx_word' id='word_1_2' title='bbox 355 318 372 328; x_wconf 79' lang='grc'><em>’</em></span> 
     </span>
    </p>
   </div>
   <div class='ocr_carea' id='block_1_2' title="bbox 942 336 2720 405">
    <p class='ocr_par' dir='ltr' id='par_1_2' title="bbox 942 336 2720 405">
     <span class='ocr_line' id='line_1_2' title="bbox 942 336 2720 405; baseline 0.002 -10"><span class='ocrx_word' id='word_1_3' title='bbox 942 336 1032 396; x_wconf 82' lang='lat' dir='ltr'><strong>DE</strong></span> <span class='ocrx_word' id='word_1_4' title='bbox 1069 337 1513 398; x_wconf 75' lang='lat' dir='ltr'><strong>ADORATIONE</strong></span> <span class='ocrx_word' id='word_1_5' title='bbox 1552 339 1620 398; x_wconf 84' lang='lat' dir='ltr'><strong>IN</strong></span> <span class='ocrx_word' id='word_1_6' title='bbox 1660 340 1932 398; x_wconf 76' lang='lat' dir='ltr'><strong>SPIBITU</strong></span> <span class='ocrx_word' id='word_1_7' title='bbox 1974 339 2064 398; x_wconf 84' lang='lat' dir='ltr'><strong>ET</strong></span> <span class='ocrx_word' id='word_1_8' title='bbox 2103 341 2472 398; x_wconf 72' lang='lat' dir='ltr'><strong>VERITATE.</strong></span> <span class='ocrx_word' id='word_1_9' title='bbox 2517 341 2647 405; x_wconf 86' lang='lat' dir='ltr'><strong>LIB.</strong></span> <span class='ocrx_word' id='word_1_10' title='bbox 2679 345 2720 398; x_wconf 82' lang='lat' dir='ltr'><strong>l.</strong></span> 
     </span>
    </p>
   </div>
   <div class='ocr_carea' id='block_1_3' title="bbox 3360 351 3458 404">
    <p class='ocr_par' dir='ltr' id='par_1_3' title="bbox 3360 351 3458 404">
     <span class='ocr_line' id='line_1_3' title="bbox 3360 351 3458 404; baseline -0.02 0"><span class='ocrx_word' id='word_1_11' title='bbox 3360 351 3458 404; x_wconf 67' lang='grc'><strong>198</strong></span> 
     </span>
    </p>
   </div>
   <div class='ocr_carea' id='block_1_4' title="bbox 198 445 1771 528">
    <p class='ocr_par' dir='ltr' id='par_1_4' title="bbox 198 445 1771 528">
     <span class='ocr_line' id='line_1_4' title="bbox 198 445 1771 528; baseline 0.004 -23"><span class='ocrx_word' id='word_1_12' title='bbox 198 455 514 525; x_wconf 71' lang='grc' dir='ltr'>Γέγραπται</span> <span class='ocrx_word' id='word_1_13' title='bbox 540 452 596 507; x_wconf 82' lang='grc' dir='ltr'>δὲ</span> <span class='ocrx_word' id='word_1_14' title='bbox 620 445 708 519; x_wconf 63' lang='grc' dir='ltr'>αὖ,</span> <span class='ocrx_word' id='word_1_15' title='bbox 739 469 758 504; x_wconf 81' lang='grc' dir='ltr'><strong>ι</strong></span> <span class='ocrx_word' id='word_1_16' title='bbox 799 453 934 508; x_wconf 73' lang='grc' dir='ltr'>Οὐαὶ</span> <span class='ocrx_word' id='word_1_17' title='bbox 965 455 1211 527; x_wconf 85' lang='grc' dir='ltr'><strong>καρδίαις</strong></span> <span class='ocrx_word' id='word_1_18' title='bbox 1239 455 1470 521; x_wconf 83' lang='grc' dir='ltr'><strong>δειλαῖς,</strong></span> <span class='ocrx_word' id='word_1_19' title='bbox 1500 457 1595 510; x_wconf 78' lang='grc' dir='ltr'>καὶ</span> <span class='ocrx_word' id='word_1_20' title='bbox 1624 457 1771 528; x_wconf 73' lang='grc' dir='ltr'>χερσὶ</span> 
     </span>
    </p>
   </div>
   <div class='ocr_carea' id='block_1_5' title="bbox 1879 445 3459 528">
    <p class='ocr_par' dir='ltr' id='par_1_5' title="bbox 1882 455 3459 527">
     <span class='ocr_line' id='line_1_5' title="bbox 1882 455 3459 527; baseline 0 -15"><span class='ocrx_word' id='word_1_21' title='bbox 1882 457 2161 527; x_wconf 77' lang='lat' dir='ltr'><strong>Scriptum</strong></span> <span class='ocrx_word' id='word_1_22' title='bbox 2191 465 2270 512; x_wconf 88' lang='lat' dir='ltr'><strong>est</strong></span> <span class='ocrx_word' id='word_1_23' title='bbox 2305 456 2434 512; x_wconf 91' lang='lat' dir='ltr'><strong>item</strong></span> <span class='ocrx_word' id='word_1_24' title='bbox 2463 472 2475 509; x_wconf 91' lang='lat'>:</span> <span class='ocrx_word' id='word_1_25' title='bbox 2503 473 2520 506; x_wconf 86' lang='grc' dir='ltr'><strong>ι</strong></span> <span class='ocrx_word' id='word_1_26' title='bbox 2554 455 2644 510; x_wconf 69' lang='lat' dir='ltr'><strong>Va:</strong></span> <span class='ocrx_word' id='word_1_27' title='bbox 2667 455 2928 512; x_wconf 85' lang='lat' dir='ltr'><strong>cordibus</strong></span> <span class='ocrx_word' id='word_1_28' title='bbox 2954 459 3178 524; x_wconf 77' lang='lat' dir='ltr'><strong>timidis,</strong></span> <span class='ocrx_word' id='word_1_29' title='bbox 3205 470 3260 516; x_wconf 88' lang='lat' dir='ltr'><strong>et</strong></span> <span class='ocrx_word' id='word_1_30' title='bbox 3286 461 3459 515; x_wconf 84' lang='lat' dir='ltr'><strong>mani-</strong></span> 
     </span>
    </p>
   </div>
   <div class='ocr_carea' id='block_1_6' title="bbox 192 544 1776 621">
    <p class='ocr_par' dir='ltr' id='par_1_6' title="bbox 192 544 1776 621">
     <span class='ocr_line' id='line_1_6' title="bbox 192 544 1776 621; baseline 0.003 -25"><span class='ocrx_word' id='word_1_31' title='bbox 192 544 578 614; x_wconf 82' lang='grc' dir='ltr'>παρειμέναις,</span> <span class='ocrx_word' id='word_1_32' title='bbox 614 544 709 596; x_wconf 71' lang='grc' dir='ltr'>καὶ</span> <span class='ocrx_word' id='word_1_33' title='bbox 734 544 1043 614; x_wconf 82' lang='grc' dir='ltr'><strong>ἁμαρτωλῷ</strong></span> <span class='ocrx_word' id='word_1_34' title='bbox 1071 546 1402 600; x_wconf 78' lang='grc' dir='ltr'>ὲπιόαίνοντι</span> <span class='ocrx_word' id='word_1_35' title='bbox 1423 547 1514 600; x_wconf 79' lang='grc' dir='ltr'><strong>ἐπὶ</strong></span> <span class='ocrx_word' id='word_1_36' title='bbox 1547 546 1638 601; x_wconf 81' lang='grc' dir='ltr'>δύο</span> <span class='ocrx_word' id='word_1_37' title='bbox 1658 549 1776 621; x_wconf 84' lang='grc' dir='ltr'>τρί-</span> 
     </span>
    </p>
   </div>
   <div class='ocr_carea' id='block_1_7' title="bbox 193 635 1778 709">
    <p class='ocr_par' dir='ltr' id='par_1_7' title="bbox 193 635 1778 709">
     <span class='ocr_line' id='line_1_7' title="bbox 193 635 1778 709; baseline 0 -19"><span class='ocrx_word' id='word_1_38' title='bbox 193 635 356 698; x_wconf 76' lang='grc' dir='ltr'>σουςί</span> <span class='ocrx_word' id='word_1_39' title='bbox 387 653 406 684; x_wconf 81' lang='grc'>›</span> <span class='ocrx_word' id='word_1_40' title='bbox 443 635 658 705; x_wconf 82' lang='grc' dir='ltr'>Χρῆναι</span> <span class='ocrx_word' id='word_1_41' title='bbox 683 636 793 706; x_wconf 86' lang='grc' dir='ltr'>γὰρ</span> <span class='ocrx_word' id='word_1_42' title='bbox 841 636 1015 703; x_wconf 79' lang='grc' dir='ltr'>ἔγωγέ</span> <span class='ocrx_word' id='word_1_43' title='bbox 1044 654 1208 708; x_wconf 81' lang='grc' dir='ltr'>φημι,</span> <span class='ocrx_word' id='word_1_44' title='bbox 1230 636 1476 708; x_wconf 81' lang='grc' dir='ltr'>καθαρὰν</span> <span class='ocrx_word' id='word_1_45' title='bbox 1505 639 1597 691; x_wconf 74' lang='grc' dir='ltr'>καὶ</span> <span class='ocrx_word' id='word_1_46' title='bbox 1621 638 1778 709; x_wconf 81' lang='grc' dir='ltr'><strong>ἀμώ-</strong></span> 
     </span>
    </p>
   </div>
   <div class='ocr_carea' id='block_1_8' title="bbox 195 726 1774 800">
    <p class='ocr_par' dir='ltr' id='par_1_8' title="bbox 195 726 1774 800">
     <span class='ocr_line' id='line_1_8' title="bbox 195 726 1774 800; baseline 0.002 -21"><span class='ocrx_word' id='word_1_47' title='bbox 195 743 367 796; x_wconf 88' lang='grc' dir='ltr'>μητον</span> <span class='ocrx_word' id='word_1_48' title='bbox 401 726 670 779; x_wconf 81' lang='grc' dir='ltr'>ποιεῖσθαι</span> <span class='ocrx_word' id='word_1_49' title='bbox 699 726 953 796; x_wconf 82' lang='grc' dir='ltr'>λατρείαν</span> <span class='ocrx_word' id='word_1_50' title='bbox 981 728 1058 799; x_wconf 83' lang='grc' dir='ltr'>τῷ</span> <span class='ocrx_word' id='word_1_51' title='bbox 1086 728 1300 782; x_wconf 85' lang='grc' dir='ltr'>πάντων</span> <span class='ocrx_word' id='word_1_52' title='bbox 1321 728 1606 800; x_wconf 78' lang='grc' dir='ltr'>κρατοῦντι</span> <span class='ocrx_word' id='word_1_53' title='bbox 1635 729 1774 799; x_wconf 84' lang='grc' dir='ltr'>Θεῷ,</span> 
     </span>
    </p>
   </div>
   <div class='ocr_carea' id='block_1_9' title="bbox 191 818 1774 892">
    <p class='ocr_par' dir='ltr' id='par_1_9' title="bbox 191 818 1774 892">
     <span class='ocr_line' id='line_1_9' title="bbox 191 818 1774 892; baseline 0.004 -23"><span class='ocrx_word' id='word_1_54' title='bbox 191 818 661 887; x_wconf 79' lang='grc' dir='ltr'>ὲκπεφοιτηκότας</span> <span class='ocrx_word' id='word_1_55' title='bbox 706 820 938 873; x_wconf 85' lang='grc' dir='ltr'>είσάπαν</span> <span class='ocrx_word' id='word_1_56' title='bbox 984 823 1082 891; x_wconf 79' lang='grc' dir='ltr'>τῆς</span> <span class='ocrx_word' id='word_1_57' title='bbox 1132 820 1222 874; x_wconf 77' lang='grc' dir='ltr'><strong>ὑπ’</strong></span> <span class='ocrx_word' id='word_1_58' title='bbox 1261 821 1452 891; x_wconf 75' lang='grc' dir='ltr'>ἐκείνῳ</span> <span class='ocrx_word' id='word_1_59' title='bbox 1486 821 1774 892; x_wconf 84' lang='grc' dir='ltr'>λατρείας·</span> 
     </span>
    </p>
   </div>
   <div class='ocr_carea' id='block_1_10' title="bbox 189 906 1780 980">
    <p class='ocr_par' dir='ltr' id='par_1_10' title="bbox 189 906 1780 980">
     <span class='ocr_line' id='line_1_10' title="bbox 189 906 1780 980; baseline 0.004 -22"><span class='ocrx_word' id='word_1_60' title='bbox 189 906 335 959; x_wconf 72' lang='grc' dir='ltr'>οὕτω</span> <span class='ocrx_word' id='word_1_61' title='bbox 362 920 422 959; x_wconf 85' lang='grc' dir='ltr'><strong>τε</strong></span> <span class='ocrx_word' id='word_1_62' title='bbox 447 907 586 980; x_wconf 76' lang='grc' dir='ltr'>πρὸς</span> <span class='ocrx_word' id='word_1_63' title='bbox 623 908 722 977; x_wconf 81' lang='grc' dir='ltr'>τὴν</span> <span class='ocrx_word' id='word_1_64' title='bbox 753 908 960 978; x_wconf 81' lang='grc' dir='ltr'>ἀμε¹νω</span> <span class='ocrx_word' id='word_1_65' title='bbox 993 910 1176 980; x_wconf 80' lang='grc' dir='ltr'><strong>ζητεῖν</strong></span> <span class='ocrx_word' id='word_1_66' title='bbox 1212 910 1344 963; x_wconf 84' lang='grc' dir='ltr'>ἰέναι</span> <span class='ocrx_word' id='word_1_67' title='bbox 1371 911 1651 980; x_wconf 81' lang='grc' dir='ltr'>γεννικῶς·</span> <span class='ocrx_word' id='word_1_68' title='bbox 1683 913 1780 966; x_wconf 73' lang='grc' dir='ltr'><strong>ἄλσ-</strong></span> 
     </span>
    </p>
   </div>
   <div class='ocr_carea' id='block_1_11' title="bbox 188 995 1772 1073">
    <p class='ocr_par' dir='ltr' id='par_1_11' title="bbox 188 995 1772 1073">
     <span class='ocr_line' id='line_1_11' title="bbox 188 995 1772 1073; baseline 0.005 -25"><span class='ocrx_word' id='word_1_69' title='bbox 188 995 299 1058; x_wconf 79' lang='grc' dir='ltr'><strong>λως</strong></span> <span class='ocrx_word' id='word_1_70' title='bbox 331 1013 414 1062; x_wconf 87' lang='grc' dir='ltr'><strong>τε,</strong></span> <span class='ocrx_word' id='word_1_71' title='bbox 454 1015 483 1048; x_wconf 75' lang='grc' dir='ltr'>-ι</span> <span class='ocrx_word' id='word_1_72' title='bbox 533 997 614 1050; x_wconf 81' lang='grc' dir='ltr'>Τὰ</span> <span class='ocrx_word' id='word_1_73' title='bbox 652 997 992 1068; x_wconf 85' lang='grc' dir='ltr'>βδελύγματα</span> <span class='ocrx_word' id='word_1_74' title='bbox 1038 999 1148 1054; x_wconf 91' lang='grc' dir='ltr'><strong>τῶν</strong></span> <span class='ocrx_word' id='word_1_75' title='bbox 1181 1000 1528 1068; x_wconf 72' lang='grc' dir='ltr'><strong>Αἰγυπτίων,</strong></span> <span class='ocrx_word' id='word_1_76' title='bbox 1560 1021 1579 1054; x_wconf 76' lang='grc' dir='ltr'><strong>ι</strong></span> <span class='ocrx_word' id='word_1_77' title='bbox 1617 1004 1772 1073; x_wconf 74' lang='grc' dir='ltr'>φησι,</span> 
     </span>
    </p>
   </div>
   <div class='ocr_carea' id='block_1_12' title="bbox 194 1084 1776 1163">
    <p class='ocr_par' dir='ltr' id='par_1_12' title="bbox 194 1084 1776 1163">
     <span class='ocr_line' id='line_1_12' title="bbox 194 1084 1776 1163; baseline 0.006 -27"><span class='ocrx_word' id='word_1_78' title='bbox 194 1103 214 1137; x_wconf 74' lang='grc' dir='ltr'><strong>ι</strong></span> <span class='ocrx_word' id='word_1_79' title='bbox 253 1084 491 1155; x_wconf 81' lang='grc' dir='ltr'><strong>θύσομεν</strong></span> <span class='ocrx_word' id='word_1_80' title='bbox 519 1087 710 1157; x_wconf 83' lang='grc' dir='ltr'>Κυρίῳ</span> <span class='ocrx_word' id='word_1_81' title='bbox 741 1087 821 1158; x_wconf 83' lang='grc' dir='ltr'><strong>τῷ</strong></span> <span class='ocrx_word' id='word_1_82' title='bbox 850 1088 970 1159; x_wconf 86' lang='grc' dir='ltr'>Θεῷ</span> <span class='ocrx_word' id='word_1_83' title='bbox 999 1089 1174 1160; x_wconf 80' lang='grc' dir='ltr'>ἡμῶν.</span> <span class='ocrx_word' id='word_1_84' title='bbox 1225 1092 1350 1144; x_wconf 82' lang='grc' dir='ltr'>Ἐὰν</span> <span class='ocrx_word' id='word_1_85' title='bbox 1376 1092 1485 1163; x_wconf 80' lang='grc' dir='ltr'>γὰρ</span> <span class='ocrx_word' id='word_1_86' title='bbox 1524 1093 1776 1162; x_wconf 78' lang='grc' dir='ltr'><strong>θύσωμεν</strong></span> 
     </span>
    </p>
   </div>
   <div class='ocr_carea' id='block_1_13' title="bbox 185 1176 1775 1248">
    <p class='ocr_par' dir='ltr' id='par_1_13' title="bbox 185 1176 1775 1248">
     <span class='ocr_line' id='line_1_13' title="bbox 185 1176 1775 1248; baseline 0.006 -20"><span class='ocrx_word' id='word_1_87' title='bbox 185 1176 260 1228; x_wconf 80' lang='grc' dir='ltr'>τὰ</span> <span class='ocrx_word' id='word_1_88' title='bbox 291 1177 638 1248; x_wconf 81' lang='grc' dir='ltr'>βδελύγματα</span> <span class='ocrx_word' id='word_1_89' title='bbox 665 1179 773 1232; x_wconf 78' lang='grc' dir='ltr'><strong>τῶν</strong></span> <span class='ocrx_word' id='word_1_90' title='bbox 797 1180 1108 1247; x_wconf 75' lang='grc' dir='ltr'>Αἰγυπτίων</span> <span class='ocrx_word' id='word_1_91' title='bbox 1142 1183 1379 1237; x_wconf 74' lang='grc' dir='ltr'>ἐναντίον</span> <span class='ocrx_word' id='word_1_92' title='bbox 1408 1185 1606 1248; x_wconf 81' lang='grc' dir='ltr'>αὐτῶν,</span> <span class='ocrx_word' id='word_1_93' title='bbox 1633 1185 1775 1238; x_wconf 89' lang='grc' dir='ltr'>λιθο-</span> 
     </span>
    </p>
   </div>
   <div class='ocr_carea' id='block_1_14' title="bbox 186 1267 1773 1347">
    <p class='ocr_par' dir='ltr' id='par_1_14' title="bbox 186 1267 1773 1347">
     <span class='ocr_line' id='line_1_14' title="bbox 186 1267 1773 1347; baseline 0.008 -28"><span class='ocrx_word' id='word_1_94' title='bbox 186 1267 626 1341; x_wconf 77' lang='grc' dir='ltr'>ϐοληθησόμεθα.</span> <span class='ocrx_word' id='word_1_95' title='bbox 664 1290 691 1324; x_wconf 81' lang='grc'><strong>·›</strong></span> <span class='ocrx_word' id='word_1_96' title='bbox 731 1273 844 1327; x_wconf 72' lang='grc' dir='ltr'><strong>Καὶ</strong></span> <span class='ocrx_word' id='word_1_97' title='bbox 872 1274 994 1328; x_wconf 84' lang='grc' dir='ltr'>ὅσον</span> <span class='ocrx_word' id='word_1_98' title='bbox 1027 1274 1123 1343; x_wconf 82' lang='grc' dir='ltr'>μὲν</span> <span class='ocrx_word' id='word_1_99' title='bbox 1159 1269 1294 1347; x_wconf 80' lang='grc' dir='ltr'>ἧκεν</span> <span class='ocrx_word' id='word_1_100' title='bbox 1327 1274 1409 1340; x_wconf 73' lang='grc' dir='ltr'><strong>εἷς</strong></span> <span class='ocrx_word' id='word_1_101' title='bbox 1443 1294 1508 1344; x_wconf 86' lang='grc' dir='ltr'><strong>γε</strong></span> <span class='ocrx_word' id='word_1_102' title='bbox 1542 1277 1634 1330; x_wconf 79' lang='grc' dir='ltr'>τὸν</span> <span class='ocrx_word' id='word_1_103' title='bbox 1673 1277 1773 1346; x_wconf 79' lang='grc' dir='ltr'>τῆς</span> 
     </span>
    </p>
   </div>
   <div class='ocr_carea' id='block_1_15' title="bbox 188 1359 1772 1440">
    <p class='ocr_par' dir='ltr' id='par_1_15' title="bbox 188 1359 1772 1440">
     <span class='ocr_line' id='line_1_15' title="bbox 188 1359 1772 1440; baseline 0.008 -29"><span class='ocrx_word' id='word_1_104' title='bbox 188 1359 435 1431; x_wconf 78' lang='grc' dir='ltr'>ιστορίας</span> <span class='ocrx_word' id='word_1_105' title='bbox 456 1361 631 1431; x_wconf 90' lang='grc' dir='ltr'>λόγον,</span> <span class='ocrx_word' id='word_1_106' title='bbox 653 1363 964 1435; x_wconf 74' lang='grc' dir='ltr'>εὐάφορμος</span> <span class='ocrx_word' id='word_1_107' title='bbox 987 1367 1019 1436; x_wconf 86' lang='grc' dir='ltr'><strong>ή</strong></span> <span class='ocrx_word' id='word_1_108' title='bbox 1045 1367 1395 1437; x_wconf 76' lang='grc' dir='ltr'>παραίτησις.</span> <span class='ocrx_word' id='word_1_109' title='bbox 1421 1367 1772 1440; x_wconf 83' lang='grc' dir='ltr'>Βδελύγματα</span> 
     </span>
    </p>
   </div>
   <div class='ocr_carea' id='block_1_16' title="bbox 188 1449 1772 1528">
    <p class='ocr_par' dir='ltr' id='par_1_16' title="bbox 188 1449 1772 1528">
     <span class='ocr_line' id='line_1_16' title="bbox 188 1449 1772 1528; baseline 0.008 -28"><span class='ocrx_word' id='word_1_110' title='bbox 188 1449 302 1518; x_wconf 74' lang='grc' dir='ltr'><strong>γὰρ</strong></span> <span class='ocrx_word' id='word_1_111' title='bbox 333 1449 522 1504; x_wconf 74' lang='grc' dir='ltr'>ἐνθάδε</span> <span class='ocrx_word' id='word_1_112' title='bbox 550 1453 702 1524; x_wconf 72' lang='grc' dir='ltr'>φησὶ,</span> <span class='ocrx_word' id='word_1_113' title='bbox 726 1455 792 1506; x_wconf 86' lang='grc' dir='ltr'>τὰ</span> <span class='ocrx_word' id='word_1_114' title='bbox 818 1454 1139 1523; x_wconf 80' lang='grc' dir='ltr'>σεϐάσματα</span> <span class='ocrx_word' id='word_1_115' title='bbox 1160 1473 1172 1487; x_wconf 90' lang='grc'>·</span> <span class='ocrx_word' id='word_1_116' title='bbox 1204 1457 1392 1526; x_wconf 80' lang='grc' dir='ltr'>μόσχοι</span> <span class='ocrx_word' id='word_1_117' title='bbox 1421 1459 1477 1512; x_wconf 86' lang='grc' dir='ltr'>δὲ</span> <span class='ocrx_word' id='word_1_118' title='bbox 1500 1454 1636 1528; x_wconf 85' lang='grc' dir='ltr'>ἦσαν</span> <span class='ocrx_word' id='word_1_119' title='bbox 1658 1462 1772 1523; x_wconf 84' lang='grc' dir='ltr'>τοῖς</span> 
     </span>
    </p>
   </div>
   <div class='ocr_carea' id='block_1_17' title="bbox 185 1543 1770 1621">
    <p class='ocr_par' dir='ltr' id='par_1_17' title="bbox 185 1543 1770 1621">
     <span class='ocr_line' id='line_1_17' title="bbox 185 1543 1770 1621; baseline 0.008 -28"><span class='ocrx_word' id='word_1_120' title='bbox 185 1543 511 1609; x_wconf 78' lang='grc' dir='ltr'>Αἰγυπτίοις</span> <span class='ocrx_word' id='word_1_121' title='bbox 543 1545 604 1596; x_wconf 84' lang='grc' dir='ltr'>τὸ</span> <span class='ocrx_word' id='word_1_122' title='bbox 643 1545 824 1607; x_wconf 79' lang='grc' dir='ltr'>σέϐας.</span> <span class='ocrx_word' id='word_1_123' title='bbox 871 1547 1041 1599; x_wconf 71' lang='grc' dir='ltr'>Ταυτὶ</span> <span class='ocrx_word' id='word_1_124' title='bbox 1080 1547 1156 1613; x_wconf 81' lang='grc' dir='ltr'>δὲ,</span> <span class='ocrx_word' id='word_1_125' title='bbox 1214 1550 1398 1619; x_wconf 70' lang='grc' dir='ltr'>φησὶν,</span> <span class='ocrx_word' id='word_1_126' title='bbox 1453 1552 1500 1603; x_wconf 89' lang='grc' dir='ltr'><strong>εἰ</strong></span> <span class='ocrx_word' id='word_1_127' title='bbox 1544 1550 1621 1621; x_wconf 84' lang='grc' dir='ltr'>τῷ</span> <span class='ocrx_word' id='word_1_128' title='bbox 1663 1552 1770 1606; x_wconf 88' lang='grc' dir='ltr'><strong>τῶν</strong></span> 
     </span>
    </p>
   </div>
   <div class='ocr_carea' id='block_1_18' title="bbox 195 1634 1770 1713">
    <p class='ocr_par' dir='ltr' id='par_1_18' title="bbox 195 1634 1770 1713">
     <span class='ocr_line' id='line_1_18' title="bbox 195 1634 1770 1713; baseline 0.006 -27"><span class='ocrx_word' id='word_1_129' title='bbox 195 1634 468 1705; x_wconf 75' lang='grc' dir='ltr'>Ἐϐραίων</span> <span class='ocrx_word' id='word_1_130' title='bbox 497 1635 874 1707; x_wconf 83' lang='grc' dir='ltr'>καταθύσομεν</span> <span class='ocrx_word' id='word_1_131' title='bbox 914 1637 1033 1708; x_wconf 84' lang='grc' dir='ltr'><strong>Θεῷ</strong></span> <span class='ocrx_word' id='word_1_132' title='bbox 1055 1678 1068 1701; x_wconf 91' lang='grc'><strong>,</strong></span> <span class='ocrx_word' id='word_1_133' title='bbox 1103 1639 1444 1710; x_wconf 80' lang='grc' dir='ltr'>ἀκονήσομεν</span> <span class='ocrx_word' id='word_1_134' title='bbox 1478 1643 1558 1704; x_wconf 85' lang='grc' dir='ltr'><strong>εἰς</strong></span> <span class='ocrx_word' id='word_1_135' title='bbox 1599 1643 1770 1713; x_wconf 75' lang='grc' dir='ltr'>ὀργὰς</span> 
     </span>
    </p>
   </div>
   <div class='ocr_carea' id='block_1_19' title="bbox 183 1725 1770 1797">
    <p class='ocr_par' dir='ltr' id='par_1_19' title="bbox 183 1725 1770 1797">
     <span class='ocr_line' id='line_1_19' title="bbox 183 1725 1770 1797; baseline 0.006 -20"><span class='ocrx_word' id='word_1_136' title='bbox 183 1725 369 1796; x_wconf 80' lang='grc' dir='ltr'>πάντη</span> <span class='ocrx_word' id='word_1_137' title='bbox 403 1743 463 1778; x_wconf 90' lang='grc' dir='ltr'><strong>τε</strong></span> <span class='ocrx_word' id='word_1_138' title='bbox 498 1727 594 1780; x_wconf 75' lang='grc' dir='ltr'>καὶ</span> <span class='ocrx_word' id='word_1_139' title='bbox 617 1728 833 1792; x_wconf 85' lang='grc' dir='ltr'>πάντως</span> <span class='ocrx_word' id='word_1_140' title='bbox 861 1730 988 1791; x_wconf 83' lang='grc' dir='ltr'>τοὺς</span> <span class='ocrx_word' id='word_1_141' title='bbox 1017 1729 1367 1797; x_wconf 79' lang='grc' dir='ltr'>Αἰγυπτίους,</span> <span class='ocrx_word' id='word_1_142' title='bbox 1389 1731 1675 1786; x_wconf 53' lang='grc' dir='ltr'>’δύσοιστον</span> <span class='ocrx_word' id='word_1_143' title='bbox 1709 1735 1770 1787; x_wconf 78' lang='grc' dir='ltr'>τὸ</span> 
     </span>
    </p>
   </div>
   <div class='ocr_carea' id='block_1_20' title="bbox 181 1802 1841 1892">
    <p class='ocr_par' dir='ltr' id='par_1_20' title="bbox 181 1802 1841 1892">
     <span class='ocr_line' id='line_1_20' title="bbox 181 1802 1841 1892; baseline 0.007 -25"><span class='ocrx_word' id='word_1_144' title='bbox 181 1816 380 1887; x_wconf 83' lang='grc' dir='ltr'>χρῆμα</span> <span class='ocrx_word' id='word_1_145' title='bbox 427 1817 803 1889; x_wconf 76' lang='grc' dir='ltr'><strong>ποιουμένους.</strong></span> <span class='ocrx_word' id='word_1_146' title='bbox 850 1821 1004 1873; x_wconf 88' lang='grc' dir='ltr'>Ἔσθ’</span> <span class='ocrx_word' id='word_1_147' title='bbox 1053 1821 1142 1874; x_wconf 83' lang='grc' dir='ltr'>ὅτε</span> <span class='ocrx_word' id='word_1_148' title='bbox 1188 1823 1282 1875; x_wconf 79' lang='grc' dir='ltr'>καὶ</span> <span class='ocrx_word' id='word_1_149' title='bbox 1324 1821 1547 1887; x_wconf 77' lang='grc' dir='ltr'>πιθανὸς</span> <span class='ocrx_word' id='word_1_150' title='bbox 1589 1824 1765 1892; x_wconf 78' lang='grc' dir='ltr'>λόγος.</span> <span class='ocrx_word' id='word_1_151' title='bbox 1801 1802 1841 1855; x_wconf 67' lang='grc' dir='ltr'><strong>Β</strong></span> 
     </span>
    </p>
   </div>
   <div class='ocr_carea' id='block_1_21' title="bbox 182 1903 1770 1985">
    <p class='ocr_par' dir='ltr' id='par_1_21' title="bbox 182 1903 1770 1985">
     <span class='ocr_line' id='line_1_21' title="bbox 182 1903 1770 1985; baseline 0.006 -27"><span class='ocrx_word' id='word_1_152' title='bbox 182 1907 353 1959; x_wconf 85' lang='grc' dir='ltr'>Ὅσον</span> <span class='ocrx_word' id='word_1_153' title='bbox 382 1907 440 1960; x_wconf 86' lang='grc' dir='ltr'>δὲ</span> <span class='ocrx_word' id='word_1_154' title='bbox 466 1903 602 1980; x_wconf 83' lang='grc' dir='ltr'>ἧκεν</span> <span class='ocrx_word' id='word_1_155' title='bbox 640 1909 719 1972; x_wconf 85' lang='grc' dir='ltr'><strong>εἰς</strong></span> <span class='ocrx_word' id='word_1_156' title='bbox 756 1909 990 1981; x_wconf 82' lang='grc' dir='ltr'>θεωρίαν</span> <span class='ocrx_word' id='word_1_157' title='bbox 1021 1913 1417 1982; x_wconf 78' lang='grc' dir='ltr'>πνευματικὴν,</span> <span class='ocrx_word' id='word_1_158' title='bbox 1445 1913 1506 1965; x_wconf 81' lang='grc' dir='ltr'>οὐ</span> <span class='ocrx_word' id='word_1_159' title='bbox 1547 1915 1770 1985; x_wconf 87' lang='grc' dir='ltr'>μετρίαν</span> 
     </span>
    </p>
   </div>
   <div class='ocr_carea' id='block_1_22' title="bbox 181 1997 1769 2076">
    <p class='ocr_par' dir='ltr' id='par_1_22' title="bbox 181 1997 1769 2076">
     <span class='ocr_line' id='line_1_22' title="bbox 181 1997 1769 2076; baseline 0.004 -27"><span class='ocrx_word' id='word_1_160' title='bbox 181 1997 300 2068; x_wconf 80' lang='grc' dir='ltr'>ἔχει</span> <span class='ocrx_word' id='word_1_161' title='bbox 317 1999 417 2070; x_wconf 83' lang='grc' dir='ltr'>τὴν</span> <span class='ocrx_word' id='word_1_162' title='bbox 437 2000 644 2071; x_wconf 74' lang='grc' dir='ltr'>ὄνησιν.</span> <span class='ocrx_word' id='word_1_163' title='bbox 674 2004 740 2055; x_wconf 83' lang='lat'><strong>‘0</strong></span> <span class='ocrx_word' id='word_1_164' title='bbox 759 2003 862 2073; x_wconf 79' lang='grc' dir='ltr'>γὰρ</span> <span class='ocrx_word' id='word_1_165' title='bbox 883 1998 990 2055; x_wconf 77' lang='grc' dir='ltr'>οἵδε</span> <span class='ocrx_word' id='word_1_166' title='bbox 1019 2004 1252 2073; x_wconf 83' lang='grc' dir='ltr'>μάλιστα</span> <span class='ocrx_word' id='word_1_167' title='bbox 1275 2007 1459 2076; x_wconf 84' lang='grc' dir='ltr'>τιμᾷν,</span> <span class='ocrx_word' id='word_1_168' title='bbox 1481 2007 1575 2058; x_wconf 72' lang='grc' dir='ltr'>καὶ</span> <span class='ocrx_word' id='word_1_169' title='bbox 1602 2008 1769 2058; x_wconf 66' lang='lat'><strong>1:015?-</strong></span> 
     </span>
    </p>
   </div>
   <div class='ocr_carea' id='block_1_23' title="bbox 183 2092 1771 2166">
    <p class='ocr_par' dir='ltr' id='par_1_23' title="bbox 183 2092 1771 2166">
     <span class='ocr_line' id='line_1_23' title="bbox 183 2092 1771 2166; baseline 0.004 -24"><span class='ocrx_word' id='word_1_170' title='bbox 183 2107 273 2143; x_wconf 79' lang='grc' dir='ltr'><strong>ται</strong></span> <span class='ocrx_word' id='word_1_171' title='bbox 310 2092 438 2161; x_wconf 82' lang='grc' dir='ltr'>περὶ</span> <span class='ocrx_word' id='word_1_172' title='bbox 487 2092 704 2157; x_wconf 85' lang='grc' dir='ltr'>πολλοῦ,</span> <span class='ocrx_word' id='word_1_173' title='bbox 732 2094 874 2159; x_wconf 82' lang='grc' dir='ltr'>ἀξιοῖ</span> <span class='ocrx_word' id='word_1_174' title='bbox 908 2110 968 2146; x_wconf 87' lang='grc' dir='ltr'><strong>τε</strong></span> <span class='ocrx_word' id='word_1_175' title='bbox 1011 2094 1169 2160; x_wconf 87' lang='grc' dir='ltr'>λόγου</span> <span class='ocrx_word' id='word_1_176' title='bbox 1218 2095 1417 2158; x_wconf 76' lang='grc' dir='ltr'>παντὸς</span> <span class='ocrx_word' id='word_1_177' title='bbox 1446 2097 1478 2166; x_wconf 85' lang='grc' dir='ltr'>ή</span> <span class='ocrx_word' id='word_1_178' title='bbox 1509 2097 1617 2148; x_wconf 90' lang='grc' dir='ltr'><strong>τῶν</strong></span> <span class='ocrx_word' id='word_1_179' title='bbox 1657 2096 1771 2148; x_wconf 90' lang='grc' dir='ltr'>δαι-</span> 
     </span>
    </p>
   </div>
   <div class='ocr_carea' id='block_1_24' title="bbox 185 2181 1771 2258">
    <p class='ocr_par' dir='ltr' id='par_1_24' title="bbox 185 2181 1771 2258">
     <span class='ocr_line' id='line_1_24' title="bbox 185 2181 1771 2258; baseline 0.004 -27"><span class='ocrx_word' id='word_1_180' title='bbox 185 2181 385 2247; x_wconf 79' lang='grc' dir='ltr'>μονίων</span> <span class='ocrx_word' id='word_1_181' title='bbox 424 2181 640 2250; x_wconf 81' lang='grc' dir='ltr'>πληθὺς</span> <span class='ocrx_word' id='word_1_182' title='bbox 664 2223 678 2247; x_wconf 98' lang='grc'><strong>,</strong></span> <span class='ocrx_word' id='word_1_183' title='bbox 733 2183 1192 2256; x_wconf 86' lang='grc' dir='ltr'>κατανεκροῦντες</span> <span class='ocrx_word' id='word_1_184' title='bbox 1228 2186 1390 2255; x_wconf 80' lang='grc' dir='ltr'>ἡμεῖς</span> <span class='ocrx_word' id='word_1_185' title='bbox 1433 2185 1658 2256; x_wconf 79' lang='grc' dir='ltr'>ἡδίστην</span> <span class='ocrx_word' id='word_1_186' title='bbox 1694 2185 1771 2258; x_wconf 81' lang='grc' dir='ltr'>τῷ</span> 
     </span>
    </p>
   </div>
   <div class='ocr_carea' id='block_1_25' title="bbox 178 2270 902 2344">
    <p class='ocr_par' dir='ltr' id='par_1_25' title="bbox 178 2270 902 2344">
     <span class='ocr_line' id='line_1_25' title="bbox 178 2270 902 2344; baseline 0.007 -21"><span class='ocrx_word' id='word_1_187' title='bbox 178 2270 306 2342; x_wconf 88' lang='grc' dir='ltr'>Θεῷ</span> <span class='ocrx_word' id='word_1_188' title='bbox 326 2270 590 2344; x_wconf 79' lang='grc' dir='ltr'>τελοῦμεν</span> <span class='ocrx_word' id='word_1_189' title='bbox 624 2274 902 2344; x_wconf 86' lang='grc' dir='ltr'>λατρείαν.</span> 
     </span>
    </p>
   </div>
   <div class='ocr_carea' id='block_1_26' title="bbox 256 2451 828 2524">
    <p class='ocr_par' dir='ltr' id='par_1_26' title="bbox 256 2451 828 2524">
     <span class='ocr_line' id='line_1_26' title="bbox 256 2451 828 2524; baseline -0.003 -17"><span class='ocrx_word' id='word_1_190' title='bbox 256 2455 469 2509; x_wconf 80' lang='grc' dir='ltr'><strong>ΠΔΛΛ.</strong></span> <span class='ocrx_word' id='word_1_191' title='bbox 503 2452 628 2516; x_wconf 85' lang='grc' dir='ltr'><strong>Πῶς</strong></span> <span class='ocrx_word' id='word_1_192' title='bbox 662 2451 828 2524; x_wconf 74' lang='grc' dir='ltr'>ἔφηςς</span> 
     </span>
    </p>
   </div>
   <div class='ocr_carea' id='block_1_27' title="bbox 249 2544 1769 2618">
    <p class='ocr_par' dir='ltr' id='par_1_27' title="bbox 249 2544 1769 2618">
     <span class='ocr_line' id='line_1_27' title="bbox 249 2544 1769 2618; baseline -0.004 -15"><span class='ocrx_word' id='word_1_193' title='bbox 249 2550 422 2603; x_wconf 77' lang='grc' dir='ltr'><strong>ΚΥΡ.</strong></span> <span class='ocrx_word' id='word_1_194' title='bbox 451 2549 521 2599; x_wconf 85' lang='grc' dir='ltr'><strong>Ἦ</strong></span> <span class='ocrx_word' id='word_1_195' title='bbox 551 2547 658 2618; x_wconf 79' lang='grc' dir='ltr'><strong>γὰρ</strong></span> <span class='ocrx_word' id='word_1_196' title='bbox 680 2547 800 2618; x_wconf 75' lang='grc' dir='ltr'><strong>οὐχὶ</strong></span> <span class='ocrx_word' id='word_1_197' title='bbox 825 2546 894 2600; x_wconf 84' lang='grc' dir='ltr'>τὰ</span> <span class='ocrx_word' id='word_1_198' title='bbox 922 2545 1024 2616; x_wconf 82' lang='grc' dir='ltr'>τῆς</span> <span class='ocrx_word' id='word_1_199' title='bbox 1054 2545 1253 2616; x_wconf 81' lang='grc' dir='ltr'>σαρκὸς</span> <span class='ocrx_word' id='word_1_200' title='bbox 1280 2544 1428 2614; x_wconf 83' lang='grc' dir='ltr'>πάθη</span> <span class='ocrx_word' id='word_1_201' title='bbox 1458 2545 1613 2615; x_wconf 87' lang='grc' dir='ltr'>τίμια</span> <span class='ocrx_word' id='word_1_202' title='bbox 1641 2545 1769 2616; x_wconf 79' lang='grc' dir='ltr'>παρ’</span> 
     </span>
    </p>
   </div>
   <div class='ocr_carea' id='block_1_28' title="bbox 183 2636 1768 2708">
    <p class='ocr_par' dir='ltr' id='par_1_28' title="bbox 183 2636 1768 2708">
     <span class='ocr_line' id='line_1_28' title="bbox 183 2636 1768 2708; baseline -0.004 -13"><span class='ocrx_word' id='word_1_203' title='bbox 183 2643 432 2704; x_wconf 73' lang='grc' dir='ltr'>ἑαυτοῖςς</span> <span class='ocrx_word' id='word_1_204' title='bbox 460 2640 555 2693; x_wconf 75' lang='grc' dir='ltr'>καὶ</span> <span class='ocrx_word' id='word_1_205' title='bbox 584 2640 719 2708; x_wconf 72' lang='grc' dir='ltr'>οὐχὶ·</span> <span class='ocrx_word' id='word_1_206' title='bbox 740 2637 956 2700; x_wconf 84' lang='grc' dir='ltr'>πάντως</span> <span class='ocrx_word' id='word_1_207' title='bbox 990 2637 1056 2690; x_wconf 87' lang='grc' dir='ltr'><strong>δι’</strong></span> <span class='ocrx_word' id='word_1_208' title='bbox 1085 2638 1274 2704; x_wconf 82' lang='grc' dir='ltr'>ἑαυτὰ,</span> <span class='ocrx_word' id='word_1_209' title='bbox 1305 2636 1420 2690; x_wconf 80' lang='grc' dir='ltr'>ἀλλ’</span> <span class='ocrx_word' id='word_1_210' title='bbox 1462 2636 1669 2690; x_wconf 84' lang='grc' dir='ltr'>ὲπείτοι</span> <span class='ocrx_word' id='word_1_211' title='bbox 1700 2637 1768 2690; x_wconf 85' lang='grc' dir='ltr'><strong>δι’</strong></span> 
     </span>
    </p>
   </div>
   <div class='ocr_carea' id='block_1_29' title="bbox 183 2728 1768 2801">
    <p class='ocr_par' dir='ltr' id='par_1_29' title="bbox 183 2728 1768 2801">
     <span class='ocr_line' id='line_1_29' title="bbox 183 2728 1768 2801; baseline -0.003 -16"><span class='ocrx_word' id='word_1_212' title='bbox 183 2732 365 2785; x_wconf 76' lang='grc' dir='ltr'>αὐτῶν</span> <span class='ocrx_word' id='word_1_213' title='bbox 401 2729 693 2800; x_wconf 79' lang='grc' dir='ltr'>ὀλλύμεθα,</span> <span class='ocrx_word' id='word_1_214' title='bbox 734 2729 830 2782; x_wconf 69' lang='grc' dir='ltr'>καὶ</span> <span class='ocrx_word' id='word_1_215' title='bbox 873 2728 1008 2801; x_wconf 76' lang='grc' dir='ltr'>πρὸς</span> <span class='ocrx_word' id='word_1_216' title='bbox 1047 2728 1288 2783; x_wconf 85' lang='grc' dir='ltr'>δουλείαν</span> <span class='ocrx_word' id='word_1_217' title='bbox 1330 2728 1426 2799; x_wconf 84' lang='grc' dir='ltr'><strong>τὴν</strong></span> <span class='ocrx_word' id='word_1_218' title='bbox 1466 2729 1557 2782; x_wconf 79' lang='grc' dir='ltr'><strong>ὑπ’</strong></span> <span class='ocrx_word' id='word_1_219' title='bbox 1588 2729 1768 2793; x_wconf 72' lang='grc' dir='ltr'>αὐτοῖς</span> 
     </span>
    </p>
   </div>
   <div class='ocr_carea' id='block_1_30' title="bbox 184 2821 639 2894">
    <p class='ocr_par' dir='ltr' id='par_1_30' title="bbox 184 2821 639 2894">
     <span class='ocr_line' id='line_1_30' title="bbox 184 2821 639 2894; baseline -0.007 -17"><span class='ocrx_word' id='word_1_220' title='bbox 184 2821 604 2894; x_wconf 71' lang='grc' dir='ltr'>κατεσφίγμεθα</span> <span class='ocrx_word' id='word_1_221' title='bbox 623 2839 639 2887; x_wconf 92' lang='lat'><strong>;</strong></span> 
     </span>
    </p>
   </div>
   <div class='ocr_carea' id='block_1_31' title="bbox 250 2911 748 2982">
    <p class='ocr_par' dir='ltr' id='par_1_31' title="bbox 250 2911 748 2982">
     <span class='ocr_line' id='line_1_31' title="bbox 250 2911 748 2982; baseline -0.006 -14"><span class='ocrx_word' id='word_1_222' title='bbox 250 2915 468 2968; x_wconf 81' lang='grc' dir='ltr'><strong>ΠΑΔΛ.</strong></span> <span class='ocrx_word' id='word_1_223' title='bbox 509 2911 748 2982; x_wconf 82' lang='grc' dir='ltr'>Ἀληθές.</span> 
     </span>
    </p>
   </div>
   <div class='ocr_carea' id='block_1_32' title="bbox 253 2999 1766 3075">
    <p class='ocr_par' dir='ltr' id='par_1_32' title="bbox 253 2999 1766 3075">
     <span class='ocr_line' id='line_1_32' title="bbox 253 2999 1766 3075; baseline -0.002 -16"><span class='ocrx_word' id='word_1_224' title='bbox 253 3005 424 3059; x_wconf 80' lang='grc' dir='ltr'>ΚΥΡ.</span> <span class='ocrx_word' id='word_1_225' title='bbox 458 3003 644 3057; x_wconf 92' lang='grc' dir='ltr'>Ταῦτα</span> <span class='ocrx_word' id='word_1_226' title='bbox 681 3003 746 3074; x_wconf 85' lang='grc' dir='ltr'>δὴ</span> <span class='ocrx_word' id='word_1_227' title='bbox 790 2999 1110 3075; x_wconf 82' lang='grc' dir='ltr'>νεκροῦντες</span> <span class='ocrx_word' id='word_1_228' title='bbox 1147 3000 1241 3054; x_wconf 75' lang='grc' dir='ltr'>καὶ</span> <span class='ocrx_word' id='word_1_229' title='bbox 1269 3001 1431 3054; x_wconf 78' lang='grc' dir='ltr'>οἱονεὶ</span> <span class='ocrx_word' id='word_1_230' title='bbox 1481 3002 1766 3071; x_wconf 74' lang='grc' dir='ltr'>κατασφά-</span> 
     </span>
    </p>
   </div>
   <div class='ocr_carea' id='block_1_33' title="bbox 186 3091 1766 3166">
    <p class='ocr_par' dir='ltr' id='par_1_33' title="bbox 186 3091 1766 3166">
     <span class='ocr_line' id='line_1_33' title="bbox 186 3091 1766 3166; baseline -0.003 -15"><span class='ocrx_word' id='word_1_231' title='bbox 186 3096 392 3162; x_wconf 77' lang='grc' dir='ltr'>ζοντες,</span> <span class='ocrx_word' id='word_1_232' title='bbox 433 3096 514 3158; x_wconf 91' lang='grc' dir='ltr'><strong>εἰς</strong></span> <span class='ocrx_word' id='word_1_233' title='bbox 545 3095 720 3166; x_wconf 77' lang='grc' dir='ltr'>ὀσμὴν</span> <span class='ocrx_word' id='word_1_234' title='bbox 759 3094 986 3155; x_wconf 82' lang='grc' dir='ltr'>εὐωδίας</span> <span class='ocrx_word' id='word_1_235' title='bbox 1017 3091 1251 3160; x_wconf 74' lang='grc' dir='ltr'>ἐσόμεθα</span> <span class='ocrx_word' id='word_1_236' title='bbox 1287 3092 1364 3163; x_wconf 86' lang='grc' dir='ltr'>τῷ</span> <span class='ocrx_word' id='word_1_237' title='bbox 1393 3092 1536 3164; x_wconf 31' lang='grc' dir='ltr'>Θεῷ..</span> <span class='ocrx_word' id='word_1_238' title='bbox 1560 3093 1766 3163; x_wconf 84' lang='grc' dir='ltr'>Γράφει</span> 
     </span>
    </p>
   </div>
   <div class='ocr_carea' id='block_1_34' title="bbox 1879 546 3456 619">
    <p class='ocr_par' dir='ltr' id='par_1_34' title="bbox 1879 546 3456 619">
     <span class='ocr_line' id='line_1_34' title="bbox 1879 546 3456 619; baseline 0.003 -17"><span class='ocrx_word' id='word_1_239' title='bbox 1879 547 1982 602; x_wconf 88' lang='lat' dir='ltr'><strong>bus</strong></span> <span class='ocrx_word' id='word_1_240' title='bbox 2013 547 2318 611; x_wconf 88' lang='lat' dir='ltr'><strong>dissolutis,</strong></span> <span class='ocrx_word' id='word_1_241' title='bbox 2349 557 2405 601; x_wconf 88' lang='lat' dir='ltr'><strong>et</strong></span> <span class='ocrx_word' id='word_1_242' title='bbox 2435 546 2707 617; x_wconf 88' lang='lat' dir='ltr'><strong>peccatori</strong></span> <span class='ocrx_word' id='word_1_243' title='bbox 2737 547 3038 602; x_wconf 84' lang='lat' dir='ltr'><strong>ambulanti</strong></span> <span class='ocrx_word' id='word_1_244' title='bbox 3067 567 3163 619; x_wconf 90' lang='lat' dir='ltr'><strong>per</strong></span> <span class='ocrx_word' id='word_1_245' title='bbox 3197 551 3334 606; x_wconf 87' lang='lat' dir='ltr'><strong>duas</strong></span> <span class='ocrx_word' id='word_1_246' title='bbox 3369 568 3456 607; x_wconf 83' lang='lat' dir='ltr'><strong>se-</strong></span> 
     </span>
    </p>
   </div>
   <div class='ocr_carea' id='block_1_35' title="bbox 1878 637 3456 708">
    <p class='ocr_par' dir='ltr' id='par_1_35' title="bbox 1878 637 3456 708">
     <span class='ocr_line' id='line_1_35' title="bbox 1878 637 3456 708; baseline 0.001 -16"><span class='ocrx_word' id='word_1_247' title='bbox 1878 639 2042 694; x_wconf 87' lang='lat' dir='ltr'><strong>mitas</strong></span> <span class='ocrx_word' id='word_1_248' title='bbox 2075 640 2154 692; x_wconf 87' lang='lat' dir='ltr'><strong>“l</strong></span> <span class='ocrx_word' id='word_1_249' title='bbox 2194 659 2212 691; x_wconf 78' lang='grc' dir='ltr'><strong>ι</strong></span> <span class='ocrx_word' id='word_1_250' title='bbox 2247 638 2477 708; x_wconf 86' lang='lat' dir='ltr'><strong>Oportet</strong></span> <span class='ocrx_word' id='word_1_251' title='bbox 2520 637 2696 703; x_wconf 85' lang='lat' dir='ltr'><strong>enim,</strong></span> <span class='ocrx_word' id='word_1_252' title='bbox 2734 646 2795 692; x_wconf 93' lang='lat' dir='ltr'><strong>ut</strong></span> <span class='ocrx_word' id='word_1_253' title='bbox 2832 653 2934 708; x_wconf 88' lang='lat' dir='ltr'><strong>ego</strong></span> <span class='ocrx_word' id='word_1_254' title='bbox 2971 641 3168 704; x_wconf 89' lang='lat' dir='ltr'><strong>sentio,</strong></span> <span class='ocrx_word' id='word_1_255' title='bbox 3215 643 3290 695; x_wconf 87' lang='lat' dir='ltr'><strong>illi</strong></span> <span class='ocrx_word' id='word_1_256' title='bbox 3337 659 3456 696; x_wconf 84' lang='lat' dir='ltr'><strong>om-</strong></span> 
     </span>
    </p>
   </div>
   <div class='ocr_carea' id='block_1_36' title="bbox 1877 730 3460 803">
    <p class='ocr_par' dir='ltr' id='par_1_36' title="bbox 1877 730 3460 803">
     <span class='ocr_line' id='line_1_36' title="bbox 1877 730 3460 803; baseline 0.003 -18"><span class='ocrx_word' id='word_1_257' title='bbox 1877 730 2029 786; x_wconf 88' lang='lat' dir='ltr'><strong>nium</strong></span> <span class='ocrx_word' id='word_1_258' title='bbox 2057 731 2294 802; x_wconf 82' lang='lat' dir='ltr'><strong>principi</strong></span> <span class='ocrx_word' id='word_1_259' title='bbox 2322 732 2434 786; x_wconf 90' lang='lat' dir='ltr'><strong>Deo</strong></span> <span class='ocrx_word' id='word_1_260' title='bbox 2454 745 2652 801; x_wconf 89' lang='lat' dir='ltr'><strong>.purum</strong></span> <span class='ocrx_word' id='word_1_261' title='bbox 2672 730 2953 794; x_wconf 85' lang='lat' dir='ltr'><strong>exhibere,</strong></span> <span class='ocrx_word' id='word_1_262' title='bbox 2978 731 3264 800; x_wconf 90' lang='lat' dir='ltr'><strong>omnisque</strong></span> <span class='ocrx_word' id='word_1_263' title='bbox 3287 735 3460 803; x_wconf 72' lang='lat' dir='ltr'><strong>culpa:</strong></span> 
     </span>
    </p>
   </div>
   <div class='ocr_carea' id='block_1_37' title="bbox 1876 820 3456 892">
    <p class='ocr_par' dir='ltr' id='par_1_37' title="bbox 1876 820 3456 892">
     <span class='ocr_line' id='line_1_37' title="bbox 1876 820 3456 892; baseline 0.002 -19"><span class='ocrx_word' id='word_1_264' title='bbox 1876 829 2157 890; x_wconf 84' lang='lat' dir='ltr'><strong>expertem</strong></span> <span class='ocrx_word' id='word_1_265' title='bbox 2188 823 2428 886; x_wconf 90' lang='lat' dir='ltr'><strong>cultum,</strong></span> <span class='ocrx_word' id='word_1_266' title='bbox 2479 835 2729 892; x_wconf 90' lang='lat' dir='ltr'><strong>egressos</strong></span> <span class='ocrx_word' id='word_1_267' title='bbox 2776 820 2830 874; x_wconf 89' lang='lat' dir='ltr'><strong>in</strong></span> <span class='ocrx_word' id='word_1_268' title='bbox 2867 829 3042 874; x_wconf 88' lang='lat' dir='ltr'><strong>totum</strong></span> <span class='ocrx_word' id='word_1_269' title='bbox 3091 821 3160 874; x_wconf 90' lang='lat' dir='ltr'><strong>ah</strong></span> <span class='ocrx_word' id='word_1_270' title='bbox 3203 837 3267 875; x_wconf 90' lang='lat' dir='ltr'><strong>ea</strong></span> <span class='ocrx_word' id='word_1_271' title='bbox 3312 825 3456 887; x_wconf 82' lang='lat' dir='ltr'><strong>vita,</strong></span> 
     </span>
    </p>
   </div>
   <div class='ocr_carea' id='block_1_38' title="bbox 1877 911 3460 983">
    <p class='ocr_par' dir='ltr' id='par_1_38' title="bbox 1877 911 3460 983">
     <span class='ocr_line' id='line_1_38' title="bbox 1877 911 3460 983; baseline 0.001 -18"><span class='ocrx_word' id='word_1_272' title='bbox 1877 927 1998 980; x_wconf 65' lang='lat' dir='ltr'><strong>qua:</strong></span> <span class='ocrx_word' id='word_1_273' title='bbox 2024 913 2126 967; x_wconf 91' lang='lat' dir='ltr'><strong>sub</strong></span> <span class='ocrx_word' id='word_1_274' title='bbox 2149 913 2298 967; x_wconf 83' lang='lat' dir='ltr'><strong>illius</strong></span> <span class='ocrx_word' id='word_1_275' title='bbox 2327 913 2551 983; x_wconf 83' lang='lat' dir='ltr'><strong>maligni</strong></span> <span class='ocrx_word' id='word_1_276' title='bbox 2578 921 2664 966; x_wconf 91' lang='lat' dir='ltr'><strong>est</strong></span> <span class='ocrx_word' id='word_1_277' title='bbox 2689 911 2928 978; x_wconf 89' lang='lat' dir='ltr'><strong>ditione;</strong></span> <span class='ocrx_word' id='word_1_278' title='bbox 2959 912 3149 982; x_wconf 87' lang='lat' dir='ltr'><strong>sicque</strong></span> <span class='ocrx_word' id='word_1_279' title='bbox 3175 913 3241 966; x_wconf 87' lang='lat' dir='ltr'><strong>ad</strong></span> <span class='ocrx_word' id='word_1_280' title='bbox 3273 913 3460 967; x_wconf 78' lang='lat' dir='ltr'><strong>lauda-</strong></span> 
     </span>
    </p>
   </div>
   <div class='ocr_carea' id='block_1_39' title="bbox 1877 1002 3456 1072">
    <p class='ocr_par' dir='ltr' id='par_1_39' title="bbox 1877 1002 3456 1072">
     <span class='ocr_line' id='line_1_39' title="bbox 1877 1002 3456 1072; baseline 0 -16"><span class='ocrx_word' id='word_1_281' title='bbox 1877 1002 2130 1057; x_wconf 88' lang='lat' dir='ltr'><strong>biliorem</strong></span> <span class='ocrx_word' id='word_1_282' title='bbox 2167 1004 2315 1058; x_wconf 85' lang='lat' dir='ltr'><strong>illam</strong></span> <span class='ocrx_word' id='word_1_283' title='bbox 2351 1005 2580 1059; x_wconf 84' lang='lat' dir='ltr'><strong>alteram</strong></span> <span class='ocrx_word' id='word_1_284' title='bbox 2611 1002 2827 1057; x_wconf 81' lang='lat' dir='ltr'><strong>fortiter</strong></span> <span class='ocrx_word' id='word_1_285' title='bbox 2862 1002 3087 1056; x_wconf 88' lang='lat' dir='ltr'><strong>tendere</strong></span> <span class='ocrx_word' id='word_1_286' title='bbox 3135 1020 3146 1055; x_wconf 95' lang='lat'>:</span> <span class='ocrx_word' id='word_1_287' title='bbox 3191 1003 3456 1072; x_wconf 82' lang='lat' dir='ltr'><strong>alioquin,</strong></span> 
     </span>
    </p>
   </div>
   <div class='ocr_carea' id='block_1_40' title="bbox 1882 1091 3460 1163">
    <p class='ocr_par' dir='ltr' id='par_1_40' title="bbox 1882 1091 3460 1163">
     <span class='ocr_line' id='line_1_40' title="bbox 1882 1091 3460 1163; baseline 0.003 -19"><span class='ocrx_word' id='word_1_288' title='bbox 1882 1110 1902 1143; x_wconf 80' lang='grc' dir='ltr'><strong>ι</strong></span> <span class='ocrx_word' id='word_1_289' title='bbox 1940 1091 2408 1158; x_wconf 81' lang='lat' dir='ltr'><strong>Abominationes,</strong></span> <span class='ocrx_word' id='word_1_290' title='bbox 2451 1113 2469 1144; x_wconf 84' lang='grc'><strong>›</strong></span> <span class='ocrx_word' id='word_1_291' title='bbox 2503 1093 2701 1163; x_wconf 87' lang='lat' dir='ltr'><strong>inquit,</strong></span> <span class='ocrx_word' id='word_1_292' title='bbox 2729 1111 2748 1142; x_wconf 77' lang='grc' dir='ltr'><strong>ι</strong></span> <span class='ocrx_word' id='word_1_293' title='bbox 2780 1093 3210 1148; x_wconf 89' lang='lat' dir='ltr'><strong>sacrificabimus</strong></span> <span class='ocrx_word' id='word_1_294' title='bbox 3230 1094 3460 1148; x_wconf 91' lang='lat' dir='ltr'><strong>Domino</strong></span> 
     </span>
    </p>
   </div>
   <div class='ocr_carea' id='block_1_41' title="bbox 1875 1182 3457 1242">
    <p class='ocr_par' dir='ltr' id='par_1_41' title="bbox 1875 1182 3457 1242">
     <span class='ocr_line' id='line_1_41' title="bbox 1875 1182 3457 1242; baseline 0.002 -6"><span class='ocrx_word' id='word_1_295' title='bbox 1875 1182 1988 1237; x_wconf 91' lang='lat' dir='ltr'><strong>Deo</strong></span> <span class='ocrx_word' id='word_1_296' title='bbox 2032 1193 2244 1237; x_wconf 89' lang='lat' dir='ltr'><strong>nostro.</strong></span> <span class='ocrx_word' id='word_1_297' title='bbox 2283 1184 2338 1238; x_wconf 92' lang='lat' dir='ltr'><strong>Si</strong></span> <span class='ocrx_word' id='word_1_298' title='bbox 2383 1185 2529 1239; x_wconf 87' lang='lat' dir='ltr'><strong>enim</strong></span> <span class='ocrx_word' id='word_1_299' title='bbox 2571 1183 3062 1242; x_wconf 86' lang='lat' dir='ltr'><strong>sacrificaverimus</strong></span> <span class='ocrx_word' id='word_1_300' title='bbox 3093 1186 3457 1239; x_wconf 83' lang='lat' dir='ltr'><strong>abominatio-</strong></span> 
     </span>
    </p>
   </div>
   <div class='ocr_carea' id='block_1_42' title="bbox 1873 1274 3460 1347">
    <p class='ocr_par' dir='ltr' id='par_1_42' title="bbox 1873 1274 3460 1347">
     <span class='ocr_line' id='line_1_42' title="bbox 1873 1274 3460 1347; baseline 0.001 -19"><span class='ocrx_word' id='word_1_301' title='bbox 1873 1289 1974 1330; x_wconf 89' lang='lat' dir='ltr'><strong>nes</strong></span> <span class='ocrx_word' id='word_1_302' title='bbox 2015 1274 2390 1347; x_wconf 54' lang='lat' dir='ltr'><strong>{Egyptiorum</strong></span> <span class='ocrx_word' id='word_1_303' title='bbox 2447 1291 2634 1330; x_wconf 86' lang='lat' dir='ltr'><strong>coram</strong></span> <span class='ocrx_word' id='word_1_304' title='bbox 2681 1276 2820 1340; x_wconf 91' lang='lat' dir='ltr'><strong>illis,</strong></span> <span class='ocrx_word' id='word_1_305' title='bbox 2875 1277 3263 1345; x_wconf 88' lang='lat' dir='ltr'><strong>lapidahimur.</strong></span> <span class='ocrx_word' id='word_1_306' title='bbox 3320 1296 3338 1327; x_wconf 86' lang='grc'><strong>›</strong></span> <span class='ocrx_word' id='word_1_307' title='bbox 3381 1277 3460 1330; x_wconf 83' lang='lat' dir='ltr'><strong>Ac</strong></span> 
     </span>
    </p>
   </div>
   <div class='ocr_carea' id='block_1_43' title="bbox 1870 1365 3456 1436">
    <p class='ocr_par' dir='ltr' id='par_1_43' title="bbox 1870 1365 3456 1436">
     <span class='ocr_line' id='line_1_43' title="bbox 1870 1365 3456 1436; baseline 0.001 -18"><span class='ocrx_word' id='word_1_308' title='bbox 1870 1365 2020 1435; x_wconf 88' lang='lat' dir='ltr'><strong>quod</strong></span> <span class='ocrx_word' id='word_1_309' title='bbox 2072 1366 2140 1419; x_wconf 89' lang='lat' dir='ltr'><strong>ad</strong></span> <span class='ocrx_word' id='word_1_310' title='bbox 2188 1366 2454 1436; x_wconf 86' lang='lat' dir='ltr'><strong>simplicis</strong></span> <span class='ocrx_word' id='word_1_311' title='bbox 2499 1367 2740 1420; x_wconf 81' lang='lat' dir='ltr'><strong>historiae</strong></span> <span class='ocrx_word' id='word_1_312' title='bbox 2791 1367 3188 1436; x_wconf 80' lang='lat' dir='ltr'><strong>expositionem</strong></span> <span class='ocrx_word' id='word_1_313' title='bbox 3233 1368 3456 1431; x_wconf 85' lang='lat' dir='ltr'><strong>attinet,</strong></span> 
     </span>
    </p>
   </div>
   <div class='ocr_carea' id='block_1_44' title="bbox 1873 1456 3458 1526">
    <p class='ocr_par' dir='ltr' id='par_1_44' title="bbox 1873 1456 3458 1526">
     <span class='ocr_line' id='line_1_44' title="bbox 1873 1456 3458 1526; baseline 0.001 -18"><span class='ocrx_word' id='word_1_314' title='bbox 1873 1456 2072 1510; x_wconf 86' lang='lat' dir='ltr'><strong>idonea</strong></span> <span class='ocrx_word' id='word_1_315' title='bbox 2100 1465 2219 1510; x_wconf 90' lang='lat' dir='ltr'><strong>erat</strong></span> <span class='ocrx_word' id='word_1_316' title='bbox 2247 1457 2546 1511; x_wconf 78' lang='lat' dir='ltr'><strong>excusatio.</strong></span> <span class='ocrx_word' id='word_1_317' title='bbox 2578 1457 3028 1512; x_wconf 82' lang='lat' dir='ltr'><strong>Ahominationes</strong></span> <span class='ocrx_word' id='word_1_318' title='bbox 3057 1458 3206 1512; x_wconf 86' lang='lat' dir='ltr'><strong>enim</strong></span> <span class='ocrx_word' id='word_1_319' title='bbox 3240 1458 3330 1512; x_wconf 92' lang='lat' dir='ltr'><strong>hic</strong></span> <span class='ocrx_word' id='word_1_320' title='bbox 3359 1473 3458 1526; x_wconf 90' lang='lat' dir='ltr'><strong>ap-</strong></span> 
     </span>
    </p>
   </div>
   <div class='ocr_carea' id='block_1_45' title="bbox 1872 1548 3458 1618">
    <p class='ocr_par' dir='ltr' id='par_1_45' title="bbox 1872 1548 3458 1618">
     <span class='ocr_line' id='line_1_45' title="bbox 1872 1548 3458 1618; baseline 0.002 -18"><span class='ocrx_word' id='word_1_321' title='bbox 1872 1548 2056 1615; x_wconf 87' lang='lat' dir='ltr'><strong>pellat,</strong></span> <span class='ocrx_word' id='word_1_322' title='bbox 2093 1563 2213 1618; x_wconf 56' lang='lat' dir='ltr'><strong>qua*</strong></span> <span class='ocrx_word' id='word_1_323' title='bbox 2248 1548 2326 1601; x_wconf 88' lang='lat' dir='ltr'><strong>illi</strong></span> <span class='ocrx_word' id='word_1_324' title='bbox 2373 1549 2629 1602; x_wconf 87' lang='lat' dir='ltr'><strong>colebant</strong></span> <span class='ocrx_word' id='word_1_325' title='bbox 2675 1549 2951 1603; x_wconf 90' lang='lat' dir='ltr'><strong>:vitulum</strong></span> <span class='ocrx_word' id='word_1_326' title='bbox 2997 1562 3163 1618; x_wconf 88' lang='lat' dir='ltr'><strong>porro</strong></span> <span class='ocrx_word' id='word_1_327' title='bbox 3208 1550 3458 1604; x_wconf 81' lang='lat' dir='ltr'><strong>colebant</strong></span> 
     </span>
    </p>
   </div>
   <div class='ocr_carea' id='block_1_46' title="bbox 1870 1637 3460 1710">
    <p class='ocr_par' dir='ltr' id='par_1_46' title="bbox 1870 1637 3460 1710">
     <span class='ocr_line' id='line_1_46' title="bbox 1870 1637 3460 1710; baseline 0.003 -20"><span class='ocrx_word' id='word_1_328' title='bbox 1870 1637 2128 1709; x_wconf 63' lang='lat' dir='ltr'><strong>Egyptii.</strong></span> <span class='ocrx_word' id='word_1_329' title='bbox 2160 1639 2286 1694; x_wconf 66' lang='lat' dir='ltr'><strong>Haac</strong></span> <span class='ocrx_word' id='word_1_330' title='bbox 2319 1639 2507 1710; x_wconf 82' lang='lat' dir='ltr'><strong>igitur,</strong></span> <span class='ocrx_word' id='word_1_331' title='bbox 2543 1640 2740 1709; x_wconf 89' lang='lat' dir='ltr'><strong>inquit,</strong></span> <span class='ocrx_word' id='word_1_332' title='bbox 2771 1641 2816 1694; x_wconf 90' lang='lat' dir='ltr'><strong>si</strong></span> <span class='ocrx_word' id='word_1_333' title='bbox 2851 1641 3201 1694; x_wconf 68' lang='lat' dir='ltr'><strong>Hebraeorum</strong></span> <span class='ocrx_word' id='word_1_334' title='bbox 3228 1641 3340 1694; x_wconf 90' lang='lat' dir='ltr'><strong>Deo</strong></span> <span class='ocrx_word' id='word_1_335' title='bbox 3374 1655 3460 1694; x_wconf 64' lang='grc' dir='ltr'><strong>δας</strong></span> 
     </span>
    </p>
   </div>
   <div class='ocr_carea' id='block_1_47' title="bbox 1872 1726 3458 1802">
    <p class='ocr_par' dir='ltr' id='par_1_47' title="bbox 1872 1726 3458 1802">
     <span class='ocr_line' id='line_1_47' title="bbox 1872 1726 3458 1802; baseline 0.003 -21"><span class='ocrx_word' id='word_1_336' title='bbox 1872 1726 2321 1793; x_wconf 85' lang='lat' dir='ltr'><strong>erificaverimus,</strong></span> <span class='ocrx_word' id='word_1_337' title='bbox 2347 1729 2575 1783; x_wconf 88' lang='lat' dir='ltr'><strong>omnino</strong></span> <span class='ocrx_word' id='word_1_338' title='bbox 2628 1745 2855 1802; x_wconf 86' lang='lat' dir='ltr'><strong>necesse</strong></span> <span class='ocrx_word' id='word_1_339' title='bbox 2881 1738 2964 1785; x_wconf 91' lang='lat' dir='ltr'><strong>est</strong></span> <span class='ocrx_word' id='word_1_340' title='bbox 2993 1738 3053 1784; x_wconf 92' lang='lat' dir='ltr'><strong>ut</strong></span> <span class='ocrx_word' id='word_1_341' title='bbox 3080 1729 3458 1802; x_wconf 68' lang='lat' dir='ltr'><strong>Egyptiorum</strong></span> 
     </span>
    </p>
   </div>
   <div class='ocr_carea' id='block_1_48' title="bbox 1871 1816 3456 1889">
    <p class='ocr_par' dir='ltr' id='par_1_48' title="bbox 1871 1816 3456 1889">
     <span class='ocr_line' id='line_1_48' title="bbox 1871 1816 3456 1889; baseline 0.004 -20"><span class='ocrx_word' id='word_1_342' title='bbox 1871 1816 1979 1870; x_wconf 87' lang='lat' dir='ltr'><strong>iras</strong></span> <span class='ocrx_word' id='word_1_343' title='bbox 1999 1832 2379 1886; x_wconf 87' lang='lat' dir='ltr'><strong>provocemus,</strong></span> <span class='ocrx_word' id='word_1_344' title='bbox 2413 1817 2506 1888; x_wconf 91' lang='lat' dir='ltr'><strong>qui</strong></span> <span class='ocrx_word' id='word_1_345' title='bbox 2537 1819 2643 1872; x_wconf 92' lang='lat' dir='ltr'><strong>hoc</strong></span> <span class='ocrx_word' id='word_1_346' title='bbox 2668 1819 2894 1873; x_wconf 91' lang='lat' dir='ltr'><strong>minime</strong></span> <span class='ocrx_word' id='word_1_347' title='bbox 2924 1819 3220 1874; x_wconf 89' lang='lat' dir='ltr'><strong>ferendum.</strong></span> <span class='ocrx_word' id='word_1_348' title='bbox 3240 1828 3456 1889; x_wconf 83' lang='lat' dir='ltr'><strong>putant.</strong></span> 
     </span>
    </p>
   </div>
   <div class='ocr_carea' id='block_1_49' title="bbox 1871 1909 3457 1979">
    <p class='ocr_par' dir='ltr' id='par_1_49' title="bbox 1871 1909 3457 1979">
     <span class='ocr_line' id='line_1_49' title="bbox 1871 1909 3457 1979; baseline 0.002 -16"><span class='ocrx_word' id='word_1_349' title='bbox 1871 1909 1940 1963; x_wconf 88' lang='lat' dir='ltr'><strong>Et</strong></span> <span class='ocrx_word' id='word_1_350' title='bbox 1977 1909 2279 1978; x_wconf 89' lang='lat' dir='ltr'><strong>probabilis</strong></span> <span class='ocrx_word' id='word_1_351' title='bbox 2309 1909 2530 1978; x_wconf 88' lang='lat' dir='ltr'><strong>quidem</strong></span> <span class='ocrx_word' id='word_1_352' title='bbox 2569 1909 2686 1964; x_wconf 68' lang='lat' dir='ltr'><strong>haac</strong></span> <span class='ocrx_word' id='word_1_353' title='bbox 2729 1919 2814 1964; x_wconf 88' lang='lat' dir='ltr'><strong>est</strong></span> <span class='ocrx_word' id='word_1_354' title='bbox 2855 1910 3144 1979; x_wconf 81' lang='lat' dir='ltr'><strong>expositio.</strong></span> <span class='ocrx_word' id='word_1_355' title='bbox 3187 1910 3457 1966; x_wconf 65' lang='lat' dir='ltr'><strong>Caeterum</strong></span> 
     </span>
    </p>
   </div>
   <div class='ocr_carea' id='block_1_50' title="bbox 1869 2000 3458 2070">
    <p class='ocr_par' dir='ltr' id='par_1_50' title="bbox 1869 2000 3458 2070">
     <span class='ocr_line' id='line_1_50' title="bbox 1869 2000 3458 2070; baseline 0.001 -16"><span class='ocrx_word' id='word_1_356' title='bbox 1869 2001 2018 2070; x_wconf 89' lang='lat' dir='ltr'><strong>quod</strong></span> <span class='ocrx_word' id='word_1_357' title='bbox 2057 2001 2126 2054; x_wconf 87' lang='lat' dir='ltr'><strong>ad</strong></span> <span class='ocrx_word' id='word_1_358' title='bbox 2172 2000 2688 2069; x_wconf 85' lang='lat' dir='ltr'><strong>contemplationem</strong></span> <span class='ocrx_word' id='word_1_359' title='bbox 2724 2000 3062 2069; x_wconf 86' lang='lat' dir='ltr'><strong>spiritualem</strong></span> <span class='ocrx_word' id='word_1_360' title='bbox 3095 2002 3312 2062; x_wconf 78' lang='lat' dir='ltr'><strong>attinet.</strong></span> <span class='ocrx_word' id='word_1_361' title='bbox 3347 2017 3458 2057; x_wconf 92' lang='lat' dir='ltr'><strong>non</strong></span> 
     </span>
    </p>
   </div>
   <div class='ocr_carea' id='block_1_51' title="bbox 1871 2091 3457 2161">
    <p class='ocr_par' dir='ltr' id='par_1_51' title="bbox 1871 2091 3457 2161">
     <span class='ocr_line' id='line_1_51' title="bbox 1871 2091 3457 2161; baseline 0 -15"><span class='ocrx_word' id='word_1_362' title='bbox 1871 2093 2205 2147; x_wconf 91' lang='lat' dir='ltr'><strong>mediocrem</strong></span> <span class='ocrx_word' id='word_1_363' title='bbox 2239 2091 2404 2146; x_wconf 90' lang='lat' dir='ltr'><strong>habet</strong></span> <span class='ocrx_word' id='word_1_364' title='bbox 2439 2092 2762 2157; x_wconf 88' lang='lat' dir='ltr'><strong>utilitatem;</strong></span> <span class='ocrx_word' id='word_1_365' title='bbox 2795 2091 2942 2161; x_wconf 90' lang='lat' dir='ltr'><strong>quod</strong></span> <span class='ocrx_word' id='word_1_366' title='bbox 2972 2092 3119 2145; x_wconf 89' lang='lat' dir='ltr'><strong>enim</strong></span> <span class='ocrx_word' id='word_1_367' title='bbox 3148 2091 3457 2146; x_wconf 66' lang='lat' dir='ltr'><strong>daemonum</strong></span> 
     </span>
    </p>
   </div>
   <div class='ocr_carea' id='block_1_52' title="bbox 1872 2182 3459 2254">
    <p class='ocr_par' dir='ltr' id='par_1_52' title="bbox 1872 2182 3459 2254">
     <span class='ocr_line' id='line_1_52' title="bbox 1872 2182 3459 2254; baseline 0.001 -18"><span class='ocrx_word' id='word_1_368' title='bbox 1872 2185 2034 2238; x_wconf 85' lang='lat' dir='ltr'><strong>thrha</strong></span> <span class='ocrx_word' id='word_1_369' title='bbox 2054 2199 2310 2254; x_wconf 90' lang='lat' dir='ltr'><strong>magnum</strong></span> <span class='ocrx_word' id='word_1_370' title='bbox 2335 2182 2632 2248; x_wconf 83' lang='lat' dir='ltr'><strong>existimat,</strong></span> <span class='ocrx_word' id='word_1_371' title='bbox 2662 2198 2725 2237; x_wconf 92' lang='lat' dir='ltr'><strong>ac</strong></span> <span class='ocrx_word' id='word_1_372' title='bbox 2755 2182 2979 2252; x_wconf 90' lang='lat' dir='ltr'><strong>plurimi</strong></span> <span class='ocrx_word' id='word_1_373' title='bbox 3008 2182 3157 2246; x_wconf 83' lang='lat' dir='ltr'><strong>facit,</strong></span> <span class='ocrx_word' id='word_1_374' title='bbox 3185 2191 3239 2236; x_wconf 92' lang='lat' dir='ltr'><strong>et</strong></span> <span class='ocrx_word' id='word_1_375' title='bbox 3263 2184 3318 2237; x_wconf 92' lang='lat' dir='ltr'><strong>in</strong></span> <span class='ocrx_word' id='word_1_376' title='bbox 3348 2199 3459 2253; x_wconf 92' lang='lat' dir='ltr'><strong>quo</strong></span> 
     </span>
    </p>
   </div>
   <div class='ocr_carea' id='block_1_53' title="bbox 1868 2274 3458 2344">
    <p class='ocr_par' dir='ltr' id='par_1_53' title="bbox 1868 2274 3458 2344">
     <span class='ocr_line' id='line_1_53' title="bbox 1868 2274 3458 2344; baseline 0 -15"><span class='ocrx_word' id='word_1_377' title='bbox 1868 2290 2140 2330; x_wconf 88' lang='lat' dir='ltr'><strong>summam</strong></span> <span class='ocrx_word' id='word_1_378' title='bbox 2170 2284 2336 2329; x_wconf 91' lang='lat' dir='ltr'><strong>totam</strong></span> <span class='ocrx_word' id='word_1_379' title='bbox 2363 2275 2522 2329; x_wconf 88' lang='lat' dir='ltr'><strong>sitam</strong></span> <span class='ocrx_word' id='word_1_380' title='bbox 2559 2289 2678 2329; x_wconf 87' lang='lat' dir='ltr'><strong>esse</strong></span> <span class='ocrx_word' id='word_1_381' title='bbox 2718 2281 2894 2344; x_wconf 89' lang='lat' dir='ltr'><strong>putat,</strong></span> <span class='ocrx_word' id='word_1_382' title='bbox 2926 2274 2980 2328; x_wconf 89' lang='lat' dir='ltr'><strong>id</strong></span> <span class='ocrx_word' id='word_1_383' title='bbox 3017 2275 3061 2328; x_wconf 91' lang='lat' dir='ltr'><strong>si</strong></span> <span class='ocrx_word' id='word_1_384' title='bbox 3095 2292 3195 2331; x_wconf 88' lang='lat' dir='ltr'><strong>nos</strong></span> <span class='ocrx_word' id='word_1_385' title='bbox 3228 2276 3458 2330; x_wconf 90' lang='lat' dir='ltr'><strong>mortifi-</strong></span> 
     </span>
    </p>
   </div>
   <div class='ocr_carea' id='block_1_54' title="bbox 1870 2366 3454 2436">
    <p class='ocr_par' dir='ltr' id='par_1_54' title="bbox 1870 2366 3454 2436">
     <span class='ocr_line' id='line_1_54' title="bbox 1870 2366 3454 2436; baseline 0.002 -15"><span class='ocrx_word' id='word_1_386' title='bbox 1870 2367 2198 2430; x_wconf 87' lang='lat' dir='ltr'><strong>caverimus,</strong></span> <span class='ocrx_word' id='word_1_387' title='bbox 2237 2366 2607 2436; x_wconf 85' lang='lat' dir='ltr'><strong>gratissimum</strong></span> <span class='ocrx_word' id='word_1_388' title='bbox 2651 2367 2763 2420; x_wconf 90' lang='lat' dir='ltr'><strong>Deo</strong></span> <span class='ocrx_word' id='word_1_389' title='bbox 2798 2368 3007 2420; x_wconf 90' lang='lat' dir='ltr'><strong>cultum</strong></span> <span class='ocrx_word' id='word_1_390' title='bbox 3051 2368 3454 2424; x_wconf 81' lang='lat' dir='ltr'><strong>exhibebimus.</strong></span> 
     </span>
    </p>
   </div>
   <div class='ocr_carea' id='block_1_55' title="bbox 1942 2455 2767 2521">
    <p class='ocr_par' dir='ltr' id='par_1_55' title="bbox 1942 2455 2767 2521">
     <span class='ocr_line' id='line_1_55' title="bbox 1942 2455 2767 2521; baseline 0 -11"><span class='ocrx_word' id='word_1_391' title='bbox 1942 2457 2137 2510; x_wconf 82' lang='lat' dir='ltr'><strong>PALL.</strong></span> <span class='ocrx_word' id='word_1_392' title='bbox 2169 2455 2286 2521; x_wconf 86' lang='lat' dir='ltr'><strong>Quo</strong></span> <span class='ocrx_word' id='word_1_393' title='bbox 2317 2458 2535 2511; x_wconf 90' lang='lat' dir='ltr'><strong>tandem</strong></span> <span class='ocrx_word' id='word_1_394' title='bbox 2566 2458 2767 2510; x_wconf 87' lang='lat' dir='ltr'><strong>modo?</strong></span> 
     </span>
    </p>
   </div>
   <div class='ocr_carea' id='block_1_56' title="bbox 1941 2541 3458 2618">
    <p class='ocr_par' dir='ltr' id='par_1_56' title="bbox 1941 2541 3458 2618">
     <span class='ocr_line' id='line_1_56' title="bbox 1941 2541 3458 2618; baseline 0.004 -21"><span class='ocrx_word' id='word_1_395' title='bbox 1941 2541 2098 2597; x_wconf 79' lang='lat' dir='ltr'><strong>CYR.</strong></span> <span class='ocrx_word' id='word_1_396' title='bbox 2138 2543 2313 2608; x_wconf 85' lang='lat' dir='ltr'><strong>Quid?</strong></span> <span class='ocrx_word' id='word_1_397' title='bbox 2357 2543 2550 2598; x_wconf 89' lang='lat' dir='ltr'><strong>Carnis</strong></span> <span class='ocrx_word' id='word_1_398' title='bbox 2581 2545 2713 2598; x_wconf 87' lang='lat' dir='ltr'><strong>vitia</strong></span> <span class='ocrx_word' id='word_1_399' title='bbox 2756 2561 2937 2599; x_wconf 89' lang='lat' dir='ltr'><strong>nonne</strong></span> <span class='ocrx_word' id='word_1_400' title='bbox 2971 2547 3048 2601; x_wconf 91' lang='lat' dir='ltr'><strong>illi</strong></span> <span class='ocrx_word' id='word_1_401' title='bbox 3094 2549 3274 2618; x_wconf 86' lang='lat' dir='ltr'><strong>magni</strong></span> <span class='ocrx_word' id='word_1_402' title='bbox 3309 2551 3458 2604; x_wconf 71' lang='lat' dir='ltr'><strong>msti-</strong></span> 
     </span>
    </p>
   </div>
   <div class='ocr_carea' id='block_1_57' title="bbox 1870 2634 3460 2708">
    <p class='ocr_par' dir='ltr' id='par_1_57' title="bbox 1870 2634 3460 2708">
     <span class='ocr_line' id='line_1_57' title="bbox 1870 2634 3460 2708; baseline 0.004 -21"><span class='ocrx_word' id='word_1_403' title='bbox 1870 2634 2059 2687; x_wconf 89' lang='lat' dir='ltr'><strong>mant?</strong></span> <span class='ocrx_word' id='word_1_404' title='bbox 2091 2650 2271 2702; x_wconf 90' lang='lat' dir='ltr'><strong>neque</strong></span> <span class='ocrx_word' id='word_1_405' title='bbox 2294 2650 2425 2687; x_wconf 89' lang='lat' dir='ltr'><strong>vero</strong></span> <span class='ocrx_word' id='word_1_406' title='bbox 2457 2635 2549 2688; x_wconf 89' lang='lat' dir='ltr'><strong>illa</strong></span> <span class='ocrx_word' id='word_1_407' title='bbox 2578 2650 2676 2704; x_wconf 91' lang='lat' dir='ltr'><strong>per</strong></span> <span class='ocrx_word' id='word_1_408' title='bbox 2706 2650 2764 2689; x_wconf 90' lang='lat' dir='ltr'><strong>se</strong></span> <span class='ocrx_word' id='word_1_409' title='bbox 2793 2637 3039 2701; x_wconf 90' lang='lat' dir='ltr'><strong>omnino,</strong></span> <span class='ocrx_word' id='word_1_410' title='bbox 3076 2638 3168 2692; x_wconf 87' lang='lat' dir='ltr'><strong>sed</strong></span> <span class='ocrx_word' id='word_1_411' title='bbox 3200 2638 3327 2708; x_wconf 90' lang='lat' dir='ltr'><strong>quia</strong></span> <span class='ocrx_word' id='word_1_412' title='bbox 3363 2655 3460 2708; x_wconf 87' lang='lat' dir='ltr'><strong>per</strong></span> 
     </span>
    </p>
   </div>
   <div class='ocr_carea' id='block_1_58' title="bbox 1871 2721 3457 2798">
    <p class='ocr_par' dir='ltr' id='par_1_58' title="bbox 1871 2721 3457 2798">
     <span class='ocr_line' id='line_1_58' title="bbox 1871 2721 3457 2798; baseline 0.006 -22"><span class='ocrx_word' id='word_1_413' title='bbox 1871 2721 1963 2778; x_wconf 86' lang='lat' dir='ltr'><strong>illa</strong></span> <span class='ocrx_word' id='word_1_414' title='bbox 2011 2739 2113 2778; x_wconf 91' lang='lat' dir='ltr'><strong>nos</strong></span> <span class='ocrx_word' id='word_1_415' title='bbox 2153 2724 2460 2794; x_wconf 88' lang='lat' dir='ltr'><strong>perdimur,</strong></span> <span class='ocrx_word' id='word_1_416' title='bbox 2509 2734 2565 2779; x_wconf 90' lang='lat' dir='ltr'><strong>et</strong></span> <span class='ocrx_word' id='word_1_417' title='bbox 2608 2726 2662 2778; x_wconf 91' lang='lat' dir='ltr'><strong>in</strong></span> <span class='ocrx_word' id='word_1_418' title='bbox 2693 2741 2886 2780; x_wconf 92' lang='lat' dir='ltr'><strong>eorum</strong></span> <span class='ocrx_word' id='word_1_419' title='bbox 2929 2737 3253 2798; x_wconf 84' lang='lat' dir='ltr'><strong>potestatem</strong></span> <span class='ocrx_word' id='word_1_420' title='bbox 3293 2731 3457 2787; x_wconf 84' lang='lat' dir='ltr'><strong>vincti</strong></span> 
     </span>
    </p>
   </div>
   <div class='ocr_carea' id='block_1_59' title="bbox 1870 2815 2166 2870">
    <p class='ocr_par' dir='ltr' id='par_1_59' title="bbox 1870 2815 2166 2870">
     <span class='ocr_line' id='line_1_59' title="bbox 1870 2815 2166 2870; baseline 0 0"><span class='ocrx_word' id='word_1_421' title='bbox 1870 2815 2166 2870; x_wconf 86' lang='lat' dir='ltr'><strong>ducimur?</strong></span> 
     </span>
    </p>
   </div>
   <div class='ocr_carea' id='block_1_60' title="bbox 1939 2907 2372 2963">
    <p class='ocr_par' dir='ltr' id='par_1_60' title="bbox 1939 2907 2372 2963">
     <span class='ocr_line' id='line_1_60' title="bbox 1939 2907 2372 2963; baseline 0.002 -4"><span class='ocrx_word' id='word_1_422' title='bbox 1939 2907 2135 2961; x_wconf 85' lang='lat' dir='ltr'><strong>PALL.</strong></span> <span class='ocrx_word' id='word_1_423' title='bbox 2164 2907 2242 2962; x_wconf 87' lang='lat' dir='ltr'><strong>Ita</strong></span> <span class='ocrx_word' id='word_1_424' title='bbox 2270 2916 2372 2963; x_wconf 91' lang='lat' dir='ltr'><strong>est.</strong></span> 
     </span>
    </p>
   </div>
   <div class='ocr_carea' id='block_1_61' title="bbox 1938 2993 3458 3067">
    <p class='ocr_par' dir='ltr' id='par_1_61' title="bbox 1938 2993 3458 3067">
     <span class='ocr_line' id='line_1_61' title="bbox 1938 2993 3458 3067; baseline 0.004 -19"><span class='ocrx_word' id='word_1_425' title='bbox 1938 2993 2095 3049; x_wconf 77' lang='lat' dir='ltr'><strong>CYR.</strong></span> <span class='ocrx_word' id='word_1_426' title='bbox 2127 2995 2254 3051; x_wconf 79' lang='lat' dir='ltr'><strong>Haec</strong></span> <span class='ocrx_word' id='word_1_427' title='bbox 2301 2997 2468 3067; x_wconf 80' lang='lat' dir='ltr'><strong>igitur</strong></span> <span class='ocrx_word' id='word_1_428' title='bbox 2514 2998 2558 3052; x_wconf 89' lang='lat' dir='ltr'><strong>si</strong></span> <span class='ocrx_word' id='word_1_429' title='bbox 2604 2998 3151 3064; x_wconf 85' lang='lat' dir='ltr'><strong>mortificaverimus,</strong></span> <span class='ocrx_word' id='word_1_430' title='bbox 3182 3016 3246 3054; x_wconf 87' lang='lat' dir='ltr'><strong>ac</strong></span> <span class='ocrx_word' id='word_1_431' title='bbox 3286 3000 3458 3057; x_wconf 88' lang='lat' dir='ltr'><strong>veluti</strong></span> 
     </span>
    </p>
   </div>
   <div class='ocr_carea' id='block_1_62' title="bbox 1869 3086 3454 3151">
    <p class='ocr_par' dir='ltr' id='par_1_62' title="bbox 1869 3086 3454 3151">
     <span class='ocr_line' id='line_1_62' title="bbox 1869 3086 3454 3151; baseline 0.004 -14"><span class='ocrx_word' id='word_1_432' title='bbox 1869 3086 2311 3151; x_wconf 86' lang='lat' dir='ltr'><strong>maetaverimus,</strong></span> <span class='ocrx_word' id='word_1_433' title='bbox 2357 3087 2413 3141; x_wconf 90' lang='lat' dir='ltr'><strong>in</strong></span> <span class='ocrx_word' id='word_1_434' title='bbox 2461 3089 2684 3144; x_wconf 90' lang='lat' dir='ltr'><strong>odorem</strong></span> <span class='ocrx_word' id='word_1_435' title='bbox 2731 3089 3022 3142; x_wconf 83' lang='lat' dir='ltr'><strong>suavitatis</strong></span> <span class='ocrx_word' id='word_1_436' title='bbox 3066 3091 3276 3144; x_wconf 89' lang='lat' dir='ltr'><strong>erimus</strong></span> <span class='ocrx_word' id='word_1_437' title='bbox 3323 3091 3454 3145; x_wconf 91' lang='lat' dir='ltr'><strong>Deo.</strong></span> 
     </span>
    </p>
   </div>
   <div class='ocr_carea' id='block_1_63' title="bbox 181 3175 1771 3256">
    <p class='ocr_par' dir='ltr' id='par_1_63' title="bbox 181 3184 1768 3256">
     <span class='ocr_line' id='line_1_63' title="bbox 181 3184 1768 3256; baseline -0.003 -13"><span class='ocrx_word' id='word_1_438' title='bbox 181 3191 237 3243; x_wconf 79' lang='grc' dir='ltr'>δὲ</span> <span class='ocrx_word' id='word_1_439' title='bbox 268 3193 298 3243; x_wconf 86' lang='grc' dir='ltr'>ὁ</span> <span class='ocrx_word' id='word_1_440' title='bbox 327 3187 540 3251; x_wconf 82' lang='grc' dir='ltr'>Παῦλος</span> <span class='ocrx_word' id='word_1_441' title='bbox 578 3187 707 3240; x_wconf 82' lang='grc' dir='ltr'>ὡδί·</span> <span class='ocrx_word' id='word_1_442' title='bbox 762 3205 780 3238; x_wconf 79' lang='grc' dir='ltr'><strong>ι</strong></span> <span class='ocrx_word' id='word_1_443' title='bbox 820 3184 1217 3256; x_wconf 85' lang='grc' dir='ltr'>Παραστήσατε</span> <span class='ocrx_word' id='word_1_444' title='bbox 1252 3185 1321 3239; x_wconf 80' lang='grc' dir='ltr'>τὰ</span> <span class='ocrx_word' id='word_1_445' title='bbox 1360 3184 1584 3255; x_wconf 87' lang='grc' dir='ltr'>σώματα</span> <span class='ocrx_word' id='word_1_446' title='bbox 1615 3185 1768 3256; x_wconf 82' lang='grc' dir='ltr'>ὑμῶν</span> 
     </span>
    </p>
   </div>
   <div class='ocr_carea' id='block_1_64' title="bbox 1879 3175 3457 3256">
    <p class='ocr_par' dir='ltr' id='par_1_64' title="bbox 1879 3175 3457 3247">
     <span class='ocr_line' id='line_1_64' title="bbox 1879 3175 3457 3247; baseline 0.003 -17"><span class='ocrx_word' id='word_1_447' title='bbox 1879 3175 1975 3247; x_wconf 58' lang='lat' dir='ltr'><strong>El</strong></span> <span class='ocrx_word' id='word_1_448' title='bbox 2011 3177 2215 3232; x_wconf 84' lang='lat' dir='ltr'><strong>Scribit</strong></span> <span class='ocrx_word' id='word_1_449' title='bbox 2245 3187 2429 3232; x_wconf 91' lang='lat' dir='ltr'><strong>autem</strong></span> <span class='ocrx_word' id='word_1_450' title='bbox 2458 3179 2660 3233; x_wconf 90' lang='lat' dir='ltr'><strong>Paulus</strong></span> <span class='ocrx_word' id='word_1_451' title='bbox 2703 3179 2759 3231; x_wconf 93' lang='lat' dir='ltr'><strong>in</strong></span> <span class='ocrx_word' id='word_1_452' title='bbox 2795 3179 2940 3233; x_wconf 91' lang='lat' dir='ltr'><strong>hunc</strong></span> <span class='ocrx_word' id='word_1_453' title='bbox 2973 3179 3194 3232; x_wconf 91' lang='lat' dir='ltr'><strong>modum</strong></span> <span class='ocrx_word' id='word_1_454' title='bbox 3236 3198 3247 3232; x_wconf 93' lang='lat'>:</span> <span class='ocrx_word' id='word_1_455' title='bbox 3290 3199 3308 3230; x_wconf 80' lang='grc' dir='ltr'><strong>ι</strong></span> <span class='ocrx_word' id='word_1_456' title='bbox 3347 3180 3457 3234; x_wconf 79' lang='lat' dir='ltr'><strong>Ex-</strong></span> 
     </span>
    </p>
   </div>
   <div class='ocr_carea' id='block_1_65' title="bbox 185 3277 1772 3352">
    <p class='ocr_par' dir='ltr' id='par_1_65' title="bbox 185 3277 1772 3352">
     <span class='ocr_line' id='line_1_65' title="bbox 185 3277 1772 3352; baseline -0.003 -16"><span class='ocrx_word' id='word_1_457' title='bbox 185 3281 378 3336; x_wconf 84' lang='grc' dir='ltr'>θυσίαν</span> <span class='ocrx_word' id='word_1_458' title='bbox 413 3281 628 3345; x_wconf 84' lang='grc' dir='ltr'>ζῶσαν,</span> <span class='ocrx_word' id='word_1_459' title='bbox 657 3279 950 3352; x_wconf 81' lang='grc' dir='ltr'>εὐάρεστον</span> <span class='ocrx_word' id='word_1_460' title='bbox 975 3278 1055 3349; x_wconf 85' lang='grc' dir='ltr'>τῷ</span> <span class='ocrx_word' id='word_1_461' title='bbox 1098 3277 1221 3348; x_wconf 85' lang='grc' dir='ltr'>Θεῷ</span> <span class='ocrx_word' id='word_1_462' title='bbox 1239 3319 1253 3343; x_wconf 98' lang='grc'><strong>,</strong></span> <span class='ocrx_word' id='word_1_463' title='bbox 1282 3279 1381 3349; x_wconf 85' lang='grc' dir='ltr'>τὴν</span> <span class='ocrx_word' id='word_1_464' title='bbox 1411 3278 1634 3349; x_wconf 79' lang='grc' dir='ltr'>λογικὴν</span> <span class='ocrx_word' id='word_1_465' title='bbox 1663 3279 1772 3331; x_wconf 88' lang='grc' dir='ltr'>λα-</span> 
     </span>
    </p>
   </div>
   <div class='ocr_carea' id='block_1_66' title="bbox 183 3369 1770 3446">
    <p class='ocr_par' dir='ltr' id='par_1_66' title="bbox 183 3369 1770 3446">
     <span class='ocr_line' id='line_1_66' title="bbox 183 3369 1770 3446; baseline -0.003 -20"><span class='ocrx_word' id='word_1_466' title='bbox 183 3374 370 3446; x_wconf 84' lang='grc' dir='ltr'>τρείαν</span> <span class='ocrx_word' id='word_1_467' title='bbox 397 3374 572 3444; x_wconf 84' lang='grc' dir='ltr'>ὑμῶν.</span> <span class='ocrx_word' id='word_1_468' title='bbox 607 3391 626 3424; x_wconf 73' lang='grc' dir='ltr'><strong>ι</strong></span> <span class='ocrx_word' id='word_1_469' title='bbox 661 3371 818 3444; x_wconf 81' lang='grc' dir='ltr'>Δρῴη</span> <span class='ocrx_word' id='word_1_470' title='bbox 845 3371 888 3424; x_wconf 90' lang='grc' dir='ltr'>δ’</span> <span class='ocrx_word' id='word_1_471' title='bbox 911 3371 977 3426; x_wconf 88' lang='grc' dir='ltr'>ἂν</span> <span class='ocrx_word' id='word_1_472' title='bbox 1002 3369 1210 3423; x_wconf 90' lang='grc' dir='ltr'>τοιοῦτό</span> <span class='ocrx_word' id='word_1_473' title='bbox 1233 3387 1314 3434; x_wconf 88' lang='grc' dir='ltr'><strong>τις</strong></span> <span class='ocrx_word' id='word_1_474' title='bbox 1342 3369 1536 3443; x_wconf 85' lang='grc' dir='ltr'>ὀρθῶς,</span> <span class='ocrx_word' id='word_1_475' title='bbox 1561 3370 1770 3442; x_wconf 83' lang='grc' dir='ltr'>νεκρῶν</span> 
     </span>
    </p>
   </div>
   <div class='ocr_carea' id='block_1_67' title="bbox 186 3461 1772 3535">
    <p class='ocr_par' dir='ltr' id='par_1_67' title="bbox 186 3461 1772 3535">
     <span class='ocr_line' id='line_1_67' title="bbox 186 3461 1772 3535; baseline -0.001 -19"><span class='ocrx_word' id='word_1_476' title='bbox 186 3465 252 3518; x_wconf 83' lang='grc' dir='ltr'>τὰ</span> <span class='ocrx_word' id='word_1_477' title='bbox 280 3463 424 3535; x_wconf 79' lang='grc' dir='ltr'>μέλη</span> <span class='ocrx_word' id='word_1_478' title='bbox 454 3463 525 3516; x_wconf 84' lang='grc' dir='ltr'>τὰ</span> <span class='ocrx_word' id='word_1_479' title='bbox 555 3463 648 3515; x_wconf 74' lang='grc' dir='ltr'><strong>ἐπὶ</strong></span> <span class='ocrx_word' id='word_1_480' title='bbox 681 3463 779 3533; x_wconf 84' lang='grc' dir='ltr'>τῆς</span> <span class='ocrx_word' id='word_1_481' title='bbox 805 3464 929 3534; x_wconf 86' lang='grc' dir='ltr'>γῆς,</span> <span class='ocrx_word' id='word_1_482' title='bbox 972 3462 1249 3532; x_wconf 86' lang='grc' dir='ltr'>πορνείαν,</span> <span class='ocrx_word' id='word_1_483' title='bbox 1276 3461 1636 3532; x_wconf 82' lang='grc' dir='ltr'>ἀκαθαρσίαν,</span> <span class='ocrx_word' id='word_1_484' title='bbox 1668 3461 1772 3514; x_wconf 84' lang='grc' dir='ltr'><strong>πά-</strong></span> 
     </span>
    </p>
   </div>
   <div class='ocr_carea' id='block_1_68' title="bbox 187 3550 1770 3623">
    <p class='ocr_par' dir='ltr' id='par_1_68' title="bbox 187 3550 1770 3623">
     <span class='ocr_line' id='line_1_68' title="bbox 187 3550 1770 3623; baseline -0.003 -16"><span class='ocrx_word' id='word_1_485' title='bbox 187 3553 299 3617; x_wconf 80' lang='grc' dir='ltr'>θος,</span> <span class='ocrx_word' id='word_1_486' title='bbox 326 3552 622 3623; x_wconf 77' lang='grc' dir='ltr'>ἐπιθυμίαν</span> <span class='ocrx_word' id='word_1_487' title='bbox 652 3553 851 3623; x_wconf 82' lang='grc' dir='ltr'>κακὴν,</span> <span class='ocrx_word' id='word_1_488' title='bbox 884 3553 979 3604; x_wconf 72' lang='grc' dir='ltr'>καὶ</span> <span class='ocrx_word' id='word_1_489' title='bbox 1005 3551 1102 3623; x_wconf 81' lang='grc' dir='ltr'>τὴν</span> <span class='ocrx_word' id='word_1_490' title='bbox 1131 3550 1460 3615; x_wconf 82' lang='grc' dir='ltr'>πλεονεξίαν.</span> <span class='ocrx_word' id='word_1_491' title='bbox 1501 3551 1770 3602; x_wconf 84' lang='grc' dir='ltr'>Ἔκαστον</span> 
     </span>
    </p>
   </div>
   <div class='ocr_carea' id='block_1_69' title="bbox 186 3641 1772 3716">
    <p class='ocr_par' dir='ltr' id='par_1_69' title="bbox 186 3641 1772 3716">
     <span class='ocr_line' id='line_1_69' title="bbox 186 3641 1772 3716; baseline -0.003 -17"><span class='ocrx_word' id='word_1_492' title='bbox 186 3642 279 3700; x_wconf 75' lang='grc' dir='ltr'><strong>οὖν</strong></span> <span class='ocrx_word' id='word_1_493' title='bbox 313 3648 421 3716; x_wconf 81' lang='grc' dir='ltr'>ἄρα</span> <span class='ocrx_word' id='word_1_494' title='bbox 443 3645 553 3698; x_wconf 87' lang='grc' dir='ltr'><strong>τῶν</strong></span> <span class='ocrx_word' id='word_1_495' title='bbox 583 3647 638 3698; x_wconf 78' lang='grc' dir='ltr'>ἐν</span> <span class='ocrx_word' id='word_1_496' title='bbox 661 3647 793 3716; x_wconf 79' lang='grc' dir='ltr'>ἡμῖν</span> <span class='ocrx_word' id='word_1_497' title='bbox 825 3643 1044 3707; x_wconf 86' lang='grc' dir='ltr'>παθῶν,</span> <span class='ocrx_word' id='word_1_498' title='bbox 1083 3642 1395 3710; x_wconf 79' lang='grc' dir='ltr'>Αἰγυπτίων</span> <span class='ocrx_word' id='word_1_499' title='bbox 1427 3641 1538 3694; x_wconf 88' lang='grc' dir='ltr'><strong>τῶν</strong></span> <span class='ocrx_word' id='word_1_500' title='bbox 1565 3641 1772 3711; x_wconf 77' lang='grc' dir='ltr'>νοητῶν</span> 
     </span>
    </p>
   </div>
   <div class='ocr_carea' id='block_1_70' title="bbox 189 3730 1770 3808">
    <p class='ocr_par' dir='ltr' id='par_1_70' title="bbox 189 3730 1770 3808">
     <span class='ocr_line' id='line_1_70' title="bbox 189 3730 1770 3808; baseline -0.005 -18"><span class='ocrx_word' id='word_1_501' title='bbox 189 3740 304 3790; x_wconf 82' lang='grc' dir='ltr'>ἐστι</span> <span class='ocrx_word' id='word_1_502' title='bbox 335 3738 632 3808; x_wconf 82' lang='grc' dir='ltr'>βδέλυγμα,</span> <span class='ocrx_word' id='word_1_503' title='bbox 660 3735 806 3790; x_wconf 83' lang='grc' dir='ltr'>τοῦτ’</span> <span class='ocrx_word' id='word_1_504' title='bbox 833 3735 948 3788; x_wconf 78' lang='grc' dir='ltr'>ἐστι</span> <span class='ocrx_word' id='word_1_505' title='bbox 967 3774 981 3798; x_wconf 93' lang='grc'><strong>,</strong></span> <span class='ocrx_word' id='word_1_506' title='bbox 1012 3732 1474 3804; x_wconf 80' lang='grc' dir='ltr'>σεϐασμιώτατον.</span> <span class='ocrx_word' id='word_1_507' title='bbox 1506 3733 1627 3785; x_wconf 89' lang='grc' dir='ltr'>Ὅτι</span> <span class='ocrx_word' id='word_1_508' title='bbox 1650 3730 1770 3802; x_wconf 66' lang='grc' dir='ltr'>ίγὰρ</span> 
     </span>
    </p>
   </div>
   <div class='ocr_carea' id='block_1_71' title="bbox 185 3821 1768 3900">
    <p class='ocr_par' dir='ltr' id='par_1_71' title="bbox 185 3821 1768 3900">
     <span class='ocr_line' id='line_1_71' title="bbox 185 3821 1768 3900; baseline -0.006 -18"><span class='ocrx_word' id='word_1_509' title='bbox 185 3829 306 3894; x_wconf 71' lang='grc' dir='ltr'>ἔθος</span> <span class='ocrx_word' id='word_1_510' title='bbox 335 3832 401 3900; x_wconf 78' lang='grc' dir='ltr'>τῇ</span> <span class='ocrx_word' id='word_1_511' title='bbox 434 3829 553 3900; x_wconf 78' lang='grc' dir='ltr'>θείᾳ</span> <span class='ocrx_word' id='word_1_512' title='bbox 589 3829 778 3900; x_wconf 83' lang='grc' dir='ltr'>Γραφῇ</span> <span class='ocrx_word' id='word_1_513' title='bbox 828 3825 1105 3897; x_wconf 84' lang='grc' dir='ltr'>βδέλυγμα</span> <span class='ocrx_word' id='word_1_514' title='bbox 1145 3824 1324 3892; x_wconf 87' lang='grc' dir='ltr'>λέγειν</span> <span class='ocrx_word' id='word_1_515' title='bbox 1356 3825 1416 3877; x_wconf 83' lang='grc' dir='ltr'>τὸ</span> <span class='ocrx_word' id='word_1_516' title='bbox 1457 3825 1516 3877; x_wconf 80' lang='grc' dir='ltr'>ἐν</span> <span class='ocrx_word' id='word_1_517' title='bbox 1549 3821 1768 3876; x_wconf 79' lang='grc' dir='ltr'>εἰδώλου</span> 
     </span>
    </p>
   </div>
   <div class='ocr_carea' id='block_1_72' title="bbox 187 3911 1770 3988">
    <p class='ocr_par' dir='ltr' id='par_1_72' title="bbox 187 3911 1770 3988">
     <span class='ocr_line' id='line_1_72' title="bbox 187 3911 1770 3988; baseline -0.004 -15"><span class='ocrx_word' id='word_1_518' title='bbox 187 3922 360 3988; x_wconf 75' lang='grc' dir='ltr'>τάξει,</span> <span class='ocrx_word' id='word_1_519' title='bbox 391 3921 485 3974; x_wconf 73' lang='grc' dir='ltr'><strong>καὶ</strong></span> <span class='ocrx_word' id='word_1_520' title='bbox 516 3919 678 3973; x_wconf 87' lang='grc' dir='ltr'>οἰονεί</span> <span class='ocrx_word' id='word_1_521' title='bbox 709 3937 762 3972; x_wconf 89' lang='grc' dir='ltr'><strong>τι</strong></span> <span class='ocrx_word' id='word_1_522' title='bbox 788 3918 971 3982; x_wconf 77' lang='grc' dir='ltr'>σέϐας,</span> <span class='ocrx_word' id='word_1_523' title='bbox 1013 3915 1294 3970; x_wconf 83' lang='grc' dir='ltr'>ἀναπείθει</span> <span class='ocrx_word' id='word_1_524' title='bbox 1332 3915 1503 3982; x_wconf 86' lang='grc' dir='ltr'>λέγων</span> <span class='ocrx_word' id='word_1_525' title='bbox 1527 3911 1654 3976; x_wconf 80' lang='grc' dir='ltr'>Θεὸς</span> <span class='ocrx_word' id='word_1_526' title='bbox 1683 3912 1770 3966; x_wconf 87' lang='grc' dir='ltr'>διὰ</span> 
     </span>
    </p>
   </div>
   <div class='ocr_carea' id='block_1_73' title="bbox 188 4006 1769 4085">
    <p class='ocr_par' dir='ltr' id='par_1_73' title="bbox 188 4006 1769 4085">
     <span class='ocr_line' id='line_1_73' title="bbox 188 4006 1769 4085; baseline -0.006 -18"><span class='ocrx_word' id='word_1_527' title='bbox 188 4015 288 4084; x_wconf 77' lang='grc' dir='ltr'>τῆς</span> <span class='ocrx_word' id='word_1_528' title='bbox 341 4013 609 4085; x_wconf 78' lang='grc' dir='ltr'>Ἱερεμίου</span> <span class='ocrx_word' id='word_1_529' title='bbox 655 4011 874 4080; x_wconf 70' lang='grc' dir='ltr'>φωνῆς,</span> <span class='ocrx_word' id='word_1_530' title='bbox 915 4010 1042 4081; x_wconf 75' lang='grc' dir='ltr'>περὶ</span> <span class='ocrx_word' id='word_1_531' title='bbox 1077 4009 1173 4078; x_wconf 83' lang='grc' dir='ltr'>τῆς</span> <span class='ocrx_word' id='word_1_532' title='bbox 1213 4006 1478 4059; x_wconf 84' lang='grc' dir='ltr'>Ἰουδαίων</span> <span class='ocrx_word' id='word_1_533' title='bbox 1517 4007 1769 4072; x_wconf 86' lang='grc' dir='ltr'>Συναγω-</span> 
     </span>
    </p>
   </div>
   <div class='ocr_carea' id='block_1_74' title="bbox 186 4094 1769 4174">
    <p class='ocr_par' dir='ltr' id='par_1_74' title="bbox 186 4094 1769 4174">
     <span class='ocr_line' id='line_1_74' title="bbox 186 4094 1769 4174; baseline -0.008 -15"><span class='ocrx_word' id='word_1_534' title='bbox 186 4105 324 4174; x_wconf 81' lang='grc' dir='ltr'>γῆς·</span> <span class='ocrx_word' id='word_1_535' title='bbox 370 4121 390 4156; x_wconf 72' lang='grc' dir='ltr'><strong>ι</strong></span> <span class='ocrx_word' id='word_1_536' title='bbox 445 4103 578 4173; x_wconf 82' lang='grc' dir='ltr'><strong>Τίή</strong></span> <span class='ocrx_word' id='word_1_537' title='bbox 623 4100 958 4171; x_wconf 78' lang='grc' dir='ltr'>ἠγαπημένη</span> <span class='ocrx_word' id='word_1_538' title='bbox 1009 4100 1067 4152; x_wconf 80' lang='grc' dir='ltr'>ὲν</span> <span class='ocrx_word' id='word_1_539' title='bbox 1110 4095 1188 4168; x_wconf 80' lang='grc' dir='ltr'>τῷ</span> <span class='ocrx_word' id='word_1_540' title='bbox 1231 4096 1364 4166; x_wconf 73' lang='grc' dir='ltr'>οἴκῳ</span> <span class='ocrx_word' id='word_1_541' title='bbox 1413 4112 1513 4166; x_wconf 89' lang='grc' dir='ltr'><strong>μου</strong></span> <span class='ocrx_word' id='word_1_542' title='bbox 1547 4094 1769 4163; x_wconf 75' lang='grc' dir='ltr'>ἐποίησε</span> 
     </span>
    </p>
   </div>
   <div class='ocr_carea' id='block_1_75' title="bbox 190 4185 1770 4264">
    <p class='ocr_par' dir='ltr' id='par_1_75' title="bbox 190 4185 1770 4264">
     <span class='ocr_line' id='line_1_75' title="bbox 190 4185 1770 4264; baseline -0.007 -16"><span class='ocrx_word' id='word_1_543' title='bbox 190 4195 496 4264; x_wconf 79' lang='grc' dir='ltr'>βδέλυγμα;</span> <span class='ocrx_word' id='word_1_544' title='bbox 541 4213 560 4246; x_wconf 72' lang='grc' dir='ltr'><strong>ι</strong></span> <span class='ocrx_word' id='word_1_545' title='bbox 599 4194 661 4246; x_wconf 87' lang='grc' dir='ltr'><strong>Εἰ</strong></span> <span class='ocrx_word' id='word_1_546' title='bbox 698 4192 754 4244; x_wconf 83' lang='grc' dir='ltr'>δὲ</span> <span class='ocrx_word' id='word_1_547' title='bbox 781 4192 844 4263; x_wconf 82' lang='grc' dir='ltr'>δή</span> <span class='ocrx_word' id='word_1_548' title='bbox 871 4209 953 4254; x_wconf 89' lang='grc' dir='ltr'><strong>τις</strong></span> <span class='ocrx_word' id='word_1_549' title='bbox 988 4189 1229 4260; x_wconf 81' lang='grc' dir='ltr'>βούλοιτο</span> <span class='ocrx_word' id='word_1_550' title='bbox 1272 4189 1450 4255; x_wconf 87' lang='grc' dir='ltr'>λέγειν</span> <span class='ocrx_word' id='word_1_551' title='bbox 1497 4185 1770 4256; x_wconf 83' lang='grc' dir='ltr'>βδέλυγμα</span> 
     </span>
    </p>
   </div>
   <div class='ocr_carea' id='block_1_76' title="bbox 187 4278 1764 4352">
    <p class='ocr_par' dir='ltr' id='par_1_76' title="bbox 187 4278 1764 4352">
     <span class='ocr_line' id='line_1_76' title="bbox 187 4278 1764 4352; baseline -0.004 -16"><span class='ocrx_word' id='word_1_552' title='bbox 187 4285 298 4337; x_wconf 80' lang='grc' dir='ltr'><strong>τῶν</strong></span> <span class='ocrx_word' id='word_1_553' title='bbox 340 4284 653 4352; x_wconf 77' lang='grc' dir='ltr'>Αίγυπτίων</span> <span class='ocrx_word' id='word_1_554' title='bbox 704 4283 766 4336; x_wconf 82' lang='grc' dir='ltr'>τὸ</span> <span class='ocrx_word' id='word_1_555' title='bbox 799 4282 962 4335; x_wconf 74' lang='grc' dir='ltr'>οἱονεὶ</span> <span class='ocrx_word' id='word_1_556' title='bbox 1014 4281 1234 4352; x_wconf 85' lang='grc' dir='ltr'>μίσημα</span> <span class='ocrx_word' id='word_1_557' title='bbox 1280 4280 1374 4332; x_wconf 70' lang='grc' dir='ltr'>καὶ</span> <span class='ocrx_word' id='word_1_558' title='bbox 1416 4278 1764 4348; x_wconf 82' lang='grc' dir='ltr'>παραίτησιν,</span> 
     </span>
    </p>
   </div>
   <div class='ocr_carea' id='block_1_77' title="bbox 182 4368 1770 4444">
    <p class='ocr_par' dir='ltr' id='par_1_77' title="bbox 182 4368 1770 4444">
     <span class='ocr_line' id='line_1_77' title="bbox 182 4368 1770 4444; baseline -0.005 -16"><span class='ocrx_word' id='word_1_559' title='bbox 182 4375 288 4428; x_wconf 82' lang='grc' dir='ltr'>οὐκ</span> <span class='ocrx_word' id='word_1_560' title='bbox 324 4374 390 4429; x_wconf 82' lang='grc' dir='ltr'>ἂν</span> <span class='ocrx_word' id='word_1_561' title='bbox 415 4375 677 4444; x_wconf 76' lang='grc' dir='ltr'>ἐξοίχοιτο</span> <span class='ocrx_word' id='word_1_562' title='bbox 701 4372 795 4426; x_wconf 90' lang='grc' dir='ltr'><strong>τοῦ</strong></span> <span class='ocrx_word' id='word_1_563' title='bbox 828 4373 1131 4443; x_wconf 86' lang='grc' dir='ltr'>πρέποντος</span> <span class='ocrx_word' id='word_1_564' title='bbox 1157 4369 1249 4424; x_wconf 88' lang='grc' dir='ltr'><strong>νοῦ</strong></span> <span class='ocrx_word' id='word_1_565' title='bbox 1275 4386 1288 4400; x_wconf 90' lang='grc'><strong>·</strong></span> <span class='ocrx_word' id='word_1_566' title='bbox 1321 4369 1358 4423; x_wconf 74' lang='grc' dir='ltr'><strong>ἃ.</strong></span> <span class='ocrx_word' id='word_1_567' title='bbox 1385 4370 1492 4442; x_wconf 80' lang='grc' dir='ltr'><strong>γὰρ</strong></span> <span class='ocrx_word' id='word_1_568' title='bbox 1535 4368 1656 4431; x_wconf 76' lang='grc' dir='ltr'>ἔθος</span> <span class='ocrx_word' id='word_1_569' title='bbox 1684 4369 1770 4421; x_wconf 78' lang='grc' dir='ltr'><strong>ἀεὶ</strong></span> 
     </span>
    </p>
   </div>
   <div class='ocr_carea' id='block_1_78' title="bbox 1873 3268 3459 3339">
    <p class='ocr_par' dir='ltr' id='par_1_78' title="bbox 1873 3268 3459 3339">
     <span class='ocr_line' id='line_1_78' title="bbox 1873 3268 3459 3339; baseline 0.004 -20"><span class='ocrx_word' id='word_1_570' title='bbox 1873 3268 2058 3322; x_wconf 88' lang='lat' dir='ltr'><strong>hibete</strong></span> <span class='ocrx_word' id='word_1_571' title='bbox 2085 3284 2313 3338; x_wconf 88' lang='lat' dir='ltr'><strong>corpora</strong></span> <span class='ocrx_word' id='word_1_572' title='bbox 2340 3278 2522 3323; x_wconf 85' lang='lat' dir='ltr'><strong>vestra</strong></span> <span class='ocrx_word' id='word_1_573' title='bbox 2546 3271 2782 3323; x_wconf 88' lang='lat' dir='ltr'><strong>hostiam</strong></span> <span class='ocrx_word' id='word_1_574' title='bbox 2818 3270 3115 3332; x_wconf 87' lang='lat' dir='ltr'><strong>viventem,</strong></span> <span class='ocrx_word' id='word_1_575' title='bbox 3149 3272 3459 3339; x_wconf 87' lang='lat' dir='ltr'><strong>placentem</strong></span> 
     </span>
    </p>
   </div>
   <div class='ocr_carea' id='block_1_79' title="bbox 1872 3359 3463 3426">
    <p class='ocr_par' dir='ltr' id='par_1_79' title="bbox 1872 3359 3463 3426">
     <span class='ocr_line' id='line_1_79' title="bbox 1872 3359 3463 3426; baseline 0.002 -14"><span class='ocrx_word' id='word_1_576' title='bbox 1872 3359 2014 3422; x_wconf 89' lang='lat' dir='ltr'><strong>Deo,</strong></span> <span class='ocrx_word' id='word_1_577' title='bbox 2064 3359 2392 3412; x_wconf 84' lang='lat' dir='ltr'><strong>rationabile</strong></span> <span class='ocrx_word' id='word_1_578' title='bbox 2441 3359 2768 3426; x_wconf 89' lang='lat' dir='ltr'><strong>obsequium</strong></span> <span class='ocrx_word' id='word_1_579' title='bbox 2800 3366 3044 3411; x_wconf 90' lang='lat' dir='ltr'><strong>vestrum</strong></span> <span class='ocrx_word' id='word_1_580' title='bbox 3096 3361 3157 3411; x_wconf 85' lang='lat'><strong>&quot;.</strong></span> <span class='ocrx_word' id='word_1_581' title='bbox 3200 3379 3218 3410; x_wconf 71' lang='grc' dir='ltr'><strong>ι</strong></span> <span class='ocrx_word' id='word_1_582' title='bbox 3259 3360 3318 3413; x_wconf 90' lang='lat' dir='ltr'><strong>ld</strong></span> <span class='ocrx_word' id='word_1_583' title='bbox 3365 3375 3463 3415; x_wconf 86' lang='lat' dir='ltr'><strong>au-</strong></span> 
     </span>
    </p>
   </div>
   <div class='ocr_carea' id='block_1_80' title="bbox 1874 3447 3462 3520">
    <p class='ocr_par' dir='ltr' id='par_1_80' title="bbox 1874 3447 3462 3520">
     <span class='ocr_line' id='line_1_80' title="bbox 1874 3447 3462 3520; baseline 0.002 -18"><span class='ocrx_word' id='word_1_584' title='bbox 1874 3457 1982 3502; x_wconf 84' lang='lat' dir='ltr'><strong>tem</strong></span> <span class='ocrx_word' id='word_1_585' title='bbox 2013 3448 2060 3501; x_wconf 91' lang='lat' dir='ltr'><strong>is</strong></span> <span class='ocrx_word' id='word_1_586' title='bbox 2085 3455 2231 3501; x_wconf 90' lang='lat' dir='ltr'><strong>recte</strong></span> <span class='ocrx_word' id='word_1_587' title='bbox 2261 3447 2447 3512; x_wconf 81' lang='lat' dir='ltr'><strong>faciet,</strong></span> <span class='ocrx_word' id='word_1_588' title='bbox 2475 3448 2570 3517; x_wconf 93' lang='lat' dir='ltr'><strong>qui</strong></span> <span class='ocrx_word' id='word_1_589' title='bbox 2602 3447 3016 3502; x_wconf 87' lang='lat' dir='ltr'><strong>mortificaverit</strong></span> <span class='ocrx_word' id='word_1_590' title='bbox 3044 3449 3308 3516; x_wconf 89' lang='lat' dir='ltr'><strong>membra,</strong></span> <span class='ocrx_word' id='word_1_591' title='bbox 3340 3467 3462 3520; x_wconf 75' lang='lat' dir='ltr'><strong>quae</strong></span> 
     </span>
    </p>
   </div>
   <div class='ocr_carea' id='block_1_81' title="bbox 1872 3537 3458 3608">
    <p class='ocr_par' dir='ltr' id='par_1_81' title="bbox 1872 3537 3458 3608">
     <span class='ocr_line' id='line_1_81' title="bbox 1872 3537 3458 3608; baseline 0.001 -15"><span class='ocrx_word' id='word_1_592' title='bbox 1872 3547 1999 3593; x_wconf 92' lang='lat' dir='ltr'><strong>sunt</strong></span> <span class='ocrx_word' id='word_1_593' title='bbox 2053 3553 2217 3608; x_wconf 84' lang='lat' dir='ltr'><strong>super</strong></span> <span class='ocrx_word' id='word_1_594' title='bbox 2268 3545 2492 3603; x_wconf 87' lang='lat' dir='ltr'><strong>terram,</strong></span> <span class='ocrx_word' id='word_1_595' title='bbox 2542 3537 2984 3604; x_wconf 89' lang='lat' dir='ltr'><strong>fornicationem,</strong></span> <span class='ocrx_word' id='word_1_596' title='bbox 3032 3540 3458 3596; x_wconf 83' lang='lat' dir='ltr'><strong>immunditiam.</strong></span> 
     </span>
    </p>
   </div>
   <div class='ocr_carea' id='block_1_82' title="bbox 1871 3629 3458 3700">
    <p class='ocr_par' dir='ltr' id='par_1_82' title="bbox 1871 3629 3458 3700">
     <span class='ocr_line' id='line_1_82' title="bbox 1871 3629 3458 3700; baseline 0.003 -18"><span class='ocrx_word' id='word_1_597' title='bbox 1871 3629 2178 3694; x_wconf 91' lang='lat' dir='ltr'><strong>libidinem,</strong></span> <span class='ocrx_word' id='word_1_598' title='bbox 2207 3629 2709 3700; x_wconf 90' lang='lat' dir='ltr'><strong>concupiscentiam</strong></span> <span class='ocrx_word' id='word_1_599' title='bbox 2741 3631 2961 3695; x_wconf 87' lang='lat' dir='ltr'><strong>malam,</strong></span> <span class='ocrx_word' id='word_1_600' title='bbox 2990 3637 3046 3684; x_wconf 90' lang='lat' dir='ltr'><strong>et</strong></span> <span class='ocrx_word' id='word_1_601' title='bbox 3083 3631 3365 3685; x_wconf 84' lang='lat' dir='ltr'><strong>avaritiam</strong></span> <span class='ocrx_word' id='word_1_602' title='bbox 3395 3631 3458 3686; x_wconf 87' lang='grc'><strong>¹³.</strong></span> 
     </span>
    </p>
   </div>
   <div class='ocr_carea' id='block_1_83' title="bbox 1874 3719 3464 3791">
    <p class='ocr_par' dir='ltr' id='par_1_83' title="bbox 1874 3719 3464 3791">
     <span class='ocr_line' id='line_1_83' title="bbox 1874 3719 3464 3791; baseline 0.001 -18"><span class='ocrx_word' id='word_1_603' title='bbox 1874 3719 2096 3789; x_wconf 82' lang='lat' dir='ltr'><strong>Singula</strong></span> <span class='ocrx_word' id='word_1_604' title='bbox 2135 3720 2322 3791; x_wconf 84' lang='lat' dir='ltr'><strong>igitur,</strong></span> <span class='ocrx_word' id='word_1_605' title='bbox 2358 3737 2480 3791; x_wconf 60' lang='lat' dir='ltr'><strong>quae</strong></span> <span class='ocrx_word' id='word_1_606' title='bbox 2509 3721 2564 3775; x_wconf 90' lang='lat' dir='ltr'><strong>iu</strong></span> <span class='ocrx_word' id='word_1_607' title='bbox 2605 3720 2771 3775; x_wconf 91' lang='lat' dir='ltr'><strong>nobis</strong></span> <span class='ocrx_word' id='word_1_608' title='bbox 2803 3721 2993 3775; x_wconf 90' lang='lat' dir='ltr'><strong>insunt</strong></span> <span class='ocrx_word' id='word_1_609' title='bbox 3019 3721 3173 3785; x_wconf 89' lang='lat' dir='ltr'><strong>vitia,</strong></span> <span class='ocrx_word' id='word_1_610' title='bbox 3205 3723 3464 3791; x_wconf 89' lang='lat' dir='ltr'><strong>spiritua-</strong></span> 
     </span>
    </p>
   </div>
   <div class='ocr_carea' id='block_1_84' title="bbox 1870 3808 3462 3881">
    <p class='ocr_par' dir='ltr' id='par_1_84' title="bbox 1870 3808 3462 3881">
     <span class='ocr_line' id='line_1_84' title="bbox 1870 3808 3462 3881; baseline 0.003 -19"><span class='ocrx_word' id='word_1_611' title='bbox 1870 3810 2004 3863; x_wconf 91' lang='lat' dir='ltr'><strong>lium</strong></span> <span class='ocrx_word' id='word_1_612' title='bbox 2034 3808 2413 3881; x_wconf 64' lang='lat' dir='ltr'><strong>IEgyptiorum</strong></span> <span class='ocrx_word' id='word_1_613' title='bbox 2442 3811 2883 3867; x_wconf 87' lang='lat' dir='ltr'><strong>abominationes</strong></span> <span class='ocrx_word' id='word_1_614' title='bbox 2916 3821 3064 3876; x_wconf 90' lang='lat' dir='ltr'><strong>sunt,</strong></span> <span class='ocrx_word' id='word_1_615' title='bbox 3095 3811 3150 3865; x_wconf 92' lang='lat' dir='ltr'><strong>id</strong></span> <span class='ocrx_word' id='word_1_616' title='bbox 3185 3819 3289 3877; x_wconf 89' lang='lat' dir='ltr'><strong>est,</strong></span> <span class='ocrx_word' id='word_1_617' title='bbox 3320 3827 3462 3881; x_wconf 67' lang='lat' dir='ltr'><strong>prae-</strong></span> 
     </span>
    </p>
   </div>
   <div class='ocr_carea' id='block_1_85' title="bbox 1870 3901 3464 3970">
    <p class='ocr_par' dir='ltr' id='par_1_85' title="bbox 1870 3901 3464 3970">
     <span class='ocr_line' id='line_1_85' title="bbox 1870 3901 3464 3970; baseline 0.001 -16"><span class='ocrx_word' id='word_1_618' title='bbox 1870 3901 2066 3970; x_wconf 90' lang='lat' dir='ltr'><strong>cipuus</strong></span> <span class='ocrx_word' id='word_1_619' title='bbox 2095 3918 2286 3957; x_wconf 90' lang='lat' dir='ltr'><strong>eorum</strong></span> <span class='ocrx_word' id='word_1_620' title='bbox 2316 3904 2516 3958; x_wconf 91' lang='lat' dir='ltr'><strong>cultus.</strong></span> <span class='ocrx_word' id='word_1_621' title='bbox 2551 3904 2685 3959; x_wconf 90' lang='lat' dir='ltr'><strong>Esse</strong></span> <span class='ocrx_word' id='word_1_622' title='bbox 2720 3912 2906 3958; x_wconf 89' lang='lat' dir='ltr'><strong>autem</strong></span> <span class='ocrx_word' id='word_1_623' title='bbox 2946 3904 3095 3958; x_wconf 90' lang='lat' dir='ltr'><strong>hunc</strong></span> <span class='ocrx_word' id='word_1_624' title='bbox 3125 3918 3334 3957; x_wconf 88' lang='lat' dir='ltr'><strong>morem</strong></span> <span class='ocrx_word' id='word_1_625' title='bbox 3373 3918 3464 3957; x_wconf 88' lang='lat' dir='ltr'><strong>sa-</strong></span> 
     </span>
    </p>
   </div>
   <div class='ocr_carea' id='block_1_86' title="bbox 1870 3993 3464 4065">
    <p class='ocr_par' dir='ltr' id='par_1_86' title="bbox 1870 3993 3464 4065">
     <span class='ocr_line' id='line_1_86' title="bbox 1870 3993 3464 4065; baseline 0.002 -20"><span class='ocrx_word' id='word_1_626' title='bbox 1870 4007 2085 4046; x_wconf 91' lang='lat' dir='ltr'><strong>crarum</strong></span> <span class='ocrx_word' id='word_1_627' title='bbox 2115 3993 2470 4060; x_wconf 91' lang='lat' dir='ltr'><strong>Litterarum,</strong></span> <span class='ocrx_word' id='word_1_628' title='bbox 2499 4005 2559 4049; x_wconf 92' lang='lat' dir='ltr'><strong>ut</strong></span> <span class='ocrx_word' id='word_1_629' title='bbox 2599 3996 2746 4065; x_wconf 90' lang='lat' dir='ltr'><strong>quod</strong></span> <span class='ocrx_word' id='word_1_630' title='bbox 2784 3996 2916 4050; x_wconf 90' lang='lat' dir='ltr'><strong>idoli</strong></span> <span class='ocrx_word' id='word_1_631' title='bbox 2960 3996 3080 4050; x_wconf 88' lang='lat' dir='ltr'><strong>vice</strong></span> <span class='ocrx_word' id='word_1_632' title='bbox 3120 3995 3213 4060; x_wconf 91' lang='lat' dir='ltr'><strong>sit,</strong></span> <span class='ocrx_word' id='word_1_633' title='bbox 3255 4002 3312 4048; x_wconf 90' lang='lat' dir='ltr'><strong>et</strong></span> <span class='ocrx_word' id='word_1_634' title='bbox 3355 4011 3464 4048; x_wconf 87' lang='lat' dir='ltr'><strong>nu-</strong></span> 
     </span>
    </p>
   </div>
   <div class='ocr_carea' id='block_1_87' title="bbox 1869 4083 3461 4155">
    <p class='ocr_par' dir='ltr' id='par_1_87' title="bbox 1869 4083 3461 4155">
     <span class='ocr_line' id='line_1_87' title="bbox 1869 4083 3461 4155; baseline 0.001 -19"><span class='ocrx_word' id='word_1_635' title='bbox 1869 4083 2056 4147; x_wconf 91' lang='lat' dir='ltr'><strong>minis,</strong></span> <span class='ocrx_word' id='word_1_636' title='bbox 2104 4084 2569 4139; x_wconf 89' lang='lat' dir='ltr'><strong>abominationem</strong></span> <span class='ocrx_word' id='word_1_637' title='bbox 2618 4086 2915 4155; x_wconf 88' lang='lat' dir='ltr'><strong>appellent,</strong></span> <span class='ocrx_word' id='word_1_638' title='bbox 2965 4084 3254 4140; x_wconf 84' lang='lat' dir='ltr'><strong>conﬁrmat</strong></span> <span class='ocrx_word' id='word_1_639' title='bbox 3295 4083 3461 4145; x_wconf 86' lang='lat' dir='ltr'><strong>Deus,</strong></span> 
     </span>
    </p>
   </div>
   <div class='ocr_carea' id='block_1_88' title="bbox 1870 4171 3462 4244">
    <p class='ocr_par' dir='ltr' id='par_1_88' title="bbox 1870 4171 3462 4244">
     <span class='ocr_line' id='line_1_88' title="bbox 1870 4171 3462 4244; baseline -0.003 -16"><span class='ocrx_word' id='word_1_640' title='bbox 1870 4189 1994 4228; x_wconf 90' lang='lat' dir='ltr'><strong>cum</strong></span> <span class='ocrx_word' id='word_1_641' title='bbox 2018 4190 2116 4243; x_wconf 88' lang='lat' dir='ltr'><strong>per</strong></span> <span class='ocrx_word' id='word_1_642' title='bbox 2129 4175 2380 4229; x_wconf 63' lang='lat' dir='ltr'><strong>Jeremiaz</strong></span> <span class='ocrx_word' id='word_1_643' title='bbox 2403 4191 2594 4229; x_wconf 89' lang='lat' dir='ltr'><strong>vocem</strong></span> <span class='ocrx_word' id='word_1_644' title='bbox 2621 4176 2687 4230; x_wconf 89' lang='lat' dir='ltr'><strong>de</strong></span> <span class='ocrx_word' id='word_1_645' title='bbox 2721 4175 3035 4230; x_wconf 60' lang='lat' dir='ltr'><strong>Judmorum</strong></span> <span class='ocrx_word' id='word_1_646' title='bbox 3066 4173 3346 4244; x_wconf 80' lang='lat' dir='ltr'><strong>Synagoga</strong></span> <span class='ocrx_word' id='word_1_647' title='bbox 3375 4171 3462 4224; x_wconf 92' lang='lat' dir='ltr'><strong>di-</strong></span> 
     </span>
    </p>
   </div>
   <div class='ocr_carea' id='block_1_89' title="bbox 1870 4261 3462 4319">
    <p class='ocr_par' dir='ltr' id='par_1_89' title="bbox 1870 4261 3462 4319">
     <span class='ocr_line' id='line_1_89' title="bbox 1870 4261 3462 4319; baseline -0.003 -1"><span class='ocrx_word' id='word_1_648' title='bbox 1870 4264 1988 4318; x_wconf 92' lang='lat' dir='ltr'><strong>cit:</strong></span> <span class='ocrx_word' id='word_1_649' title='bbox 2027 4284 2046 4315; x_wconf 86' lang='lat'><strong>(</strong></span> <span class='ocrx_word' id='word_1_650' title='bbox 2079 4264 2192 4318; x_wconf 88' lang='lat' dir='ltr'><strong>Cur</strong></span> <span class='ocrx_word' id='word_1_651' title='bbox 2224 4265 2424 4319; x_wconf 89' lang='lat' dir='ltr'><strong>dilecta</strong></span> <span class='ocrx_word' id='word_1_652' title='bbox 2455 4266 2511 4318; x_wconf 91' lang='lat' dir='ltr'><strong>in</strong></span> <span class='ocrx_word' id='word_1_653' title='bbox 2557 4267 2720 4319; x_wconf 89' lang='lat' dir='ltr'><strong>domo</strong></span> <span class='ocrx_word' id='word_1_654' title='bbox 2765 4281 2886 4318; x_wconf 87' lang='lat' dir='ltr'><strong>mea</strong></span> <span class='ocrx_word' id='word_1_655' title='bbox 2930 4265 3058 4318; x_wconf 88' lang='lat' dir='ltr'><strong>fecit</strong></span> <span class='ocrx_word' id='word_1_656' title='bbox 3096 4261 3462 4317; x_wconf 88' lang='lat' dir='ltr'><strong>abominatio-</strong></span> 
     </span>
    </p>
   </div>
   <div class='ocr_carea' id='block_1_90' title="bbox 1871 4351 3464 4424">
    <p class='ocr_par' dir='ltr' id='par_1_90' title="bbox 1871 4351 3464 4424">
     <span class='ocr_line' id='line_1_90' title="bbox 1871 4351 3464 4424; baseline -0.002 -15"><span class='ocrx_word' id='word_1_657' title='bbox 1871 4371 1997 4409; x_wconf 89' lang='lat' dir='ltr'><strong>nem</strong></span> <span class='ocrx_word' id='word_1_658' title='bbox 2028 4354 2405 4424; x_wconf 67' lang='lat' dir='ltr'><strong>AEgyptiorum</strong></span> <span class='ocrx_word' id='word_1_659' title='bbox 2453 4356 2534 4408; x_wconf 74' lang='lat'><strong>“?</strong></span> <span class='ocrx_word' id='word_1_660' title='bbox 2588 4375 2606 4406; x_wconf 76' lang='grc' dir='ltr'><strong>ι</strong></span> <span class='ocrx_word' id='word_1_661' title='bbox 2656 4354 2712 4409; x_wconf 92' lang='lat' dir='ltr'><strong>Si</strong></span> <span class='ocrx_word' id='word_1_662' title='bbox 2760 4355 2885 4422; x_wconf 90' lang='lat' dir='ltr'><strong>quis</strong></span> <span class='ocrx_word' id='word_1_663' title='bbox 2927 4364 3110 4408; x_wconf 89' lang='lat' dir='ltr'><strong>autem</strong></span> <span class='ocrx_word' id='word_1_664' title='bbox 3157 4351 3464 4420; x_wconf 82' lang='lat' dir='ltr'><strong>intelligere</strong></span> 
     </span>
    </p>
   </div>
   <div class='ocr_carea' id='block_1_91' title="bbox 192 4441 1771 4542">
    <p class='ocr_par' dir='ltr' id='par_1_91' title="bbox 192 4459 1771 4536">
     <span class='ocr_line' id='line_1_91' title="bbox 192 4459 1771 4536; baseline -0.006 -16"><span class='ocrx_word' id='word_1_665' title='bbox 192 4469 372 4536; x_wconf 82' lang='grc' dir='ltr'>μισεῖν</span> <span class='ocrx_word' id='word_1_666' title='bbox 405 4467 501 4520; x_wconf 72' lang='grc' dir='ltr'>καὶ</span> <span class='ocrx_word' id='word_1_667' title='bbox 531 4464 1045 4519; x_wconf 79' lang='grc' dir='ltr'>καταὸδελύττεσθαι</span> <span class='ocrx_word' id='word_1_668' title='bbox 1075 4465 1190 4526; x_wconf 86' lang='grc' dir='ltr'>τοῖς</span> <span class='ocrx_word' id='word_1_669' title='bbox 1233 4460 1565 4530; x_wconf 83' lang='grc' dir='ltr'>ἀκαθάρτοις</span> <span class='ocrx_word' id='word_1_670' title='bbox 1610 4459 1771 4512; x_wconf 85' lang='grc' dir='ltr'>πνεύ-</span> 
     </span>
    </p>
   </div>
   <div class='ocr_carea' id='block_1_92' title="bbox 1879 4441 3463 4542">
    <p class='ocr_par' dir='ltr' id='par_1_92' title="bbox 1879 4441 3463 4511">
     <span class='ocr_line' id='line_1_92' title="bbox 1879 4441 3463 4511; baseline -0.002 -12"><span class='ocrx_word' id='word_1_671' title='bbox 1879 4445 2115 4499; x_wconf 77' lang='lat' dir='ltr'><strong>voluerit</strong></span> <span class='ocrx_word' id='word_1_672' title='bbox 2146 4460 2262 4499; x_wconf 92' lang='lat' dir='ltr'><strong>rem</strong></span> <span class='ocrx_word' id='word_1_673' title='bbox 2292 4460 2514 4500; x_wconf 74' lang='lat' dir='ltr'><strong>exesam</strong></span> <span class='ocrx_word' id='word_1_674' title='bbox 2548 4453 2605 4499; x_wconf 89' lang='lat' dir='ltr'><strong>et</strong></span> <span class='ocrx_word' id='word_1_675' title='bbox 2651 4444 3029 4508; x_wconf 88' lang='lat' dir='ltr'><strong>aversandam,</strong></span> <span class='ocrx_word' id='word_1_676' title='bbox 3066 4459 3133 4498; x_wconf 90' lang='lat' dir='ltr'><strong>ne</strong></span> <span class='ocrx_word' id='word_1_677' title='bbox 3163 4443 3210 4496; x_wconf 87' lang='lat' dir='ltr'><strong>is</strong></span> <span class='ocrx_word' id='word_1_678' title='bbox 3237 4441 3463 4511; x_wconf 91' lang='lat' dir='ltr'><strong>quidem</strong></span> 
     </span>
    </p>
   </div>
   <div class='ocr_carea' id='block_1_93' title="bbox 191 4533 1771 4629">
    <p class='ocr_par' dir='ltr' id='par_1_93' title="bbox 191 4533 1771 4629">
     <span class='ocr_line' id='line_1_93' title="bbox 191 4533 1771 4629; baseline -0.006 -17"><span class='ocrx_word' id='word_1_679' title='bbox 191 4533 352 4627; x_wconf 79' lang='grc' dir='ltr'>μασι.</span> <span class='ocrx_word' id='word_1_680' title='bbox 378 4559 536 4611; x_wconf 70' lang='grc' dir='ltr'>ταυτὶ</span> <span class='ocrx_word' id='word_1_681' title='bbox 553 4558 690 4629; x_wconf 76' lang='grc' dir='ltr'>πρὸς</span> <span class='ocrx_word' id='word_1_682' title='bbox 705 4558 864 4628; x_wconf 88' lang='grc' dir='ltr'>ὴμῶν</span> <span class='ocrx_word' id='word_1_683' title='bbox 885 4557 962 4618; x_wconf 82' lang='grc' dir='ltr'><strong>εἰς</strong></span> <span class='ocrx_word' id='word_1_684' title='bbox 987 4554 1162 4625; x_wconf 80' lang='grc' dir='ltr'>ὀσμὴν</span> <span class='ocrx_word' id='word_1_685' title='bbox 1188 4553 1412 4616; x_wconf 83' lang='grc' dir='ltr'>εὐωδίας</span> <span class='ocrx_word' id='word_1_686' title='bbox 1431 4551 1771 4606; x_wconf 84' lang='grc' dir='ltr'>ἀνακείσεται</span> 
     </span>
    </p>
   </div>
   <div class='ocr_carea' id='block_1_94' title="bbox 1879 4533 3463 4629">
    <p class='ocr_par' dir='ltr' id='par_1_94' title="bbox 1881 4533 3463 4603">
     <span class='ocr_line' id='line_1_94' title="bbox 1881 4533 3463 4603; baseline -0.002 -16"><span class='ocrx_word' id='word_1_687' title='bbox 1881 4549 1910 4586; x_wconf 88' lang='lat' dir='ltr'><strong>a</strong></span> <span class='ocrx_word' id='word_1_688' title='bbox 1940 4542 2087 4587; x_wconf 91' lang='lat' dir='ltr'><strong>recta</strong></span> <span class='ocrx_word' id='word_1_689' title='bbox 2137 4533 2498 4603; x_wconf 84' lang='lat' dir='ltr'><strong>intelligentia</strong></span> <span class='ocrx_word' id='word_1_690' title='bbox 2547 4533 2885 4587; x_wconf 87' lang='lat' dir='ltr'><strong>aberraverit</strong></span> <span class='ocrx_word' id='word_1_691' title='bbox 2934 4549 2947 4585; x_wconf 89' lang='lat'>:</span> <span class='ocrx_word' id='word_1_692' title='bbox 2989 4547 3110 4601; x_wconf 63' lang='lat' dir='ltr'><strong>quae</strong></span> <span class='ocrx_word' id='word_1_693' title='bbox 3156 4533 3304 4586; x_wconf 90' lang='lat' dir='ltr'><strong>enim</strong></span> <span class='ocrx_word' id='word_1_694' title='bbox 3357 4533 3463 4585; x_wconf 90' lang='lat' dir='ltr'><strong>im-</strong></span> 
     </span>
    </p>
   </div>
   <div class='ocr_carea' id='block_1_95' title="bbox 185 4643 1770 4720">
    <p class='ocr_par' dir='ltr' id='par_1_95' title="bbox 185 4643 1770 4720">
     <span class='ocr_line' id='line_1_95' title="bbox 185 4643 1770 4720; baseline 0.003 -18"><span class='ocrx_word' id='word_1_695' title='bbox 185 4651 263 4720; x_wconf 84' lang='grc' dir='ltr'>τῷ</span> <span class='ocrx_word' id='word_1_696' title='bbox 309 4649 448 4720; x_wconf 79' lang='grc' dir='ltr'>Θεῷ,</span> <span class='ocrx_word' id='word_1_697' title='bbox 482 4650 576 4702; x_wconf 79' lang='grc' dir='ltr'>καὶ</span> <span class='ocrx_word' id='word_1_698' title='bbox 615 4649 776 4703; x_wconf 87' lang='grc' dir='ltr'>θυσία</span> <span class='ocrx_word' id='word_1_699' title='bbox 819 4646 1184 4717; x_wconf 84' lang='grc' dir='ltr'>πνευματικὴ,</span> <span class='ocrx_word' id='word_1_700' title='bbox 1231 4643 1447 4706; x_wconf 85' lang='grc' dir='ltr'>πίστις.</span> <span class='ocrx_word' id='word_1_701' title='bbox 1495 4643 1770 4713; x_wconf 76' lang='grc' dir='ltr'>πραότης,</span> 
     </span>
    </p>
   </div>
   <div class='ocr_carea' id='block_1_96' title="bbox 189 4731 1771 4812">
    <p class='ocr_par' dir='ltr' id='par_1_96' title="bbox 189 4731 1771 4812">
     <span class='ocr_line' id='line_1_96' title="bbox 189 4731 1771 4812; baseline -0.005 -20"><span class='ocrx_word' id='word_1_702' title='bbox 189 4741 510 4811; x_wconf 70' lang='grc' dir='ltr'>ἐγκράτεια,</span> <span class='ocrx_word' id='word_1_703' title='bbox 542 4738 887 4812; x_wconf 76' lang='grc' dir='ltr'>σωφροσύνη,</span> <span class='ocrx_word' id='word_1_704' title='bbox 912 4734 1258 4806; x_wconf 85' lang='grc' dir='ltr'>φιλαλληλία,</span> <span class='ocrx_word' id='word_1_705' title='bbox 1289 4735 1384 4788; x_wconf 75' lang='grc' dir='ltr'>καὶ</span> <span class='ocrx_word' id='word_1_706' title='bbox 1411 4734 1511 4804; x_wconf 83' lang='grc' dir='ltr'>τῆς</span> <span class='ocrx_word' id='word_1_707' title='bbox 1540 4733 1619 4796; x_wconf 88' lang='grc' dir='ltr'><strong>εἰς</strong></span> <span class='ocrx_word' id='word_1_708' title='bbox 1639 4731 1771 4785; x_wconf 78' lang='grc' dir='ltr'>Θεὸν</span> 
     </span>
    </p>
   </div>
   <div class='ocr_carea' id='block_1_97' title="bbox 185 4831 991 4903">
    <p class='ocr_par' dir='ltr' id='par_1_97' title="bbox 185 4831 991 4903">
     <span class='ocr_line' id='line_1_97' title="bbox 185 4831 991 4903; baseline 0 -19"><span class='ocrx_word' id='word_1_709' title='bbox 185 4832 540 4903; x_wconf 55' lang='lat' dir='ltr'><strong>mordente;</strong></span> <span class='ocrx_word' id='word_1_710' title='bbox 572 4832 642 4884; x_wconf 80' lang='grc' dir='ltr'>τὰ</span> <span class='ocrx_word' id='word_1_711' title='bbox 675 4831 991 4902; x_wconf 73' lang='grc' dir='ltr'>αὐχήματα.</span> 
     </span>
    </p>
   </div>
   <div class='ocr_carea' id='block_1_98' title="bbox 259 5093 1774 5170">
    <p class='ocr_par' dir='ltr' id='par_1_98' title="bbox 259 5093 1774 5170">
     <span class='ocr_line' id='line_1_98' title="bbox 259 5093 1774 5170; baseline -0.009 -11"><span class='ocrx_word' id='word_1_712' title='bbox 259 5107 470 5160; x_wconf 71' lang='grc' dir='ltr'><strong>ΠΑΛΔ.</strong></span> <span class='ocrx_word' id='word_1_713' title='bbox 513 5106 623 5159; x_wconf 69' lang='grc' dir='ltr'><strong>Καὶ</strong></span> <span class='ocrx_word' id='word_1_714' title='bbox 651 5105 797 5168; x_wconf 88' lang='grc' dir='ltr'>τίνες</span> <span class='ocrx_word' id='word_1_715' title='bbox 831 5105 897 5158; x_wconf 80' lang='grc' dir='ltr'>ἂν</span> <span class='ocrx_word' id='word_1_716' title='bbox 926 5101 1036 5158; x_wconf 74' lang='grc' dir='ltr'>εἷεν</span> <span class='ocrx_word' id='word_1_717' title='bbox 1068 5102 1118 5155; x_wconf 81' lang='lat' dir='ltr'><strong>oi</strong></span> <span class='ocrx_word' id='word_1_718' title='bbox 1149 5103 1206 5156; x_wconf 88' lang='grc' dir='ltr'>ὲν</span> <span class='ocrx_word' id='word_1_719' title='bbox 1239 5101 1306 5170; x_wconf 82' lang='grc' dir='ltr'>τῇ</span> <span class='ocrx_word' id='word_1_720' title='bbox 1333 5100 1402 5168; x_wconf 82' lang='grc' dir='ltr'>γῇ</span> <span class='ocrx_word' id='word_1_721' title='bbox 1439 5095 1656 5158; x_wconf 86' lang='grc' dir='ltr'>θύοντες</span> <span class='ocrx_word' id='word_1_722' title='bbox 1679 5093 1774 5146; x_wconf 88' lang='grc' dir='ltr'><strong>τοῦ</strong></span> 
     </span>
    </p>
   </div>
   <div class='ocr_carea' id='block_1_99' title="bbox 190 5188 1570 5268">
    <p class='ocr_par' dir='ltr' id='par_1_99' title="bbox 190 5188 1570 5268">
     <span class='ocr_line' id='line_1_99' title="bbox 190 5188 1570 5268; baseline 0 -18"><span class='ocrx_word' id='word_1_723' title='bbox 190 5196 472 5268; x_wconf 63' lang='grc' dir='ltr'>Ποεδηροῦ;</span> <span class='ocrx_word' id='word_1_724' title='bbox 511 5198 718 5251; x_wconf 85' lang='grc' dir='ltr'>νοοῖντο</span> <span class='ocrx_word' id='word_1_725' title='bbox 747 5195 791 5248; x_wconf 89' lang='grc' dir='ltr'>δ’</span> <span class='ocrx_word' id='word_1_726' title='bbox 821 5194 887 5248; x_wconf 76' lang='grc' dir='ltr'>ἂν</span> <span class='ocrx_word' id='word_1_727' title='bbox 920 5194 1060 5256; x_wconf 84' lang='grc' dir='ltr'>τίνες</span> <span class='ocrx_word' id='word_1_728' title='bbox 1088 5194 1185 5246; x_wconf 70' lang='grc' dir='ltr'>καὶ</span> <span class='ocrx_word' id='word_1_729' title='bbox 1221 5193 1270 5244; x_wconf 88' lang='grc' dir='ltr'><strong>οἰ</strong></span> <span class='ocrx_word' id='word_1_730' title='bbox 1301 5190 1405 5256; x_wconf 80' lang='grc' dir='ltr'><strong>ἔξω</strong></span> <span class='ocrx_word' id='word_1_731' title='bbox 1438 5188 1538 5258; x_wconf 82' lang='grc' dir='ltr'><strong>γῆς</strong></span> <span class='ocrx_word' id='word_1_732' title='bbox 1556 5204 1570 5252; x_wconf 88' lang='grc'><strong>;</strong></span> 
     </span>
    </p>
   </div>
   <div class='ocr_carea' id='block_1_100' title="bbox 255 5360 1771 5442">
    <p class='ocr_par' dir='ltr' id='par_1_100' title="bbox 255 5360 1771 5442">
     <span class='ocr_line' id='line_1_100' title="bbox 255 5360 1771 5442; baseline -0.009 -17"><span class='ocrx_word' id='word_1_733' title='bbox 255 5374 427 5426; x_wconf 81' lang='grc' dir='ltr'><strong>ΚΥΡ.</strong></span> <span class='ocrx_word' id='word_1_734' title='bbox 473 5373 538 5426; x_wconf 89' lang='grc' dir='ltr'><strong>Οἱ</strong></span> <span class='ocrx_word' id='word_1_735' title='bbox 574 5372 671 5442; x_wconf 78' lang='grc' dir='ltr'>μὶν</span> <span class='ocrx_word' id='word_1_736' title='bbox 706 5370 815 5442; x_wconf 81' lang='grc' dir='ltr'><strong>γὰρ</strong></span> <span class='ocrx_word' id='word_1_737' title='bbox 847 5369 1004 5423; x_wconf 81' lang='grc' dir='ltr'>οὔπω</span> <span class='ocrx_word' id='word_1_738' title='bbox 1043 5366 1142 5437; x_wconf 85' lang='grc' dir='ltr'>τῆς</span> <span class='ocrx_word' id='word_1_739' title='bbox 1179 5363 1493 5434; x_wconf 81' lang='grc' dir='ltr'>Αἰγυπτίων</span> <span class='ocrx_word' id='word_1_740' title='bbox 1539 5360 1771 5430; x_wconf 75' lang='grc' dir='ltr'>ἐκϐεϐη-</span> 
     </span>
    </p>
   </div>
   <div class='ocr_carea' id='block_1_101' title="bbox 191 5452 1772 5533">
    <p class='ocr_par' dir='ltr' id='par_1_101' title="bbox 191 5452 1772 5533">
     <span class='ocr_line' id='line_1_101' title="bbox 191 5452 1772 5533; baseline -0.01 -13"><span class='ocrx_word' id='word_1_741' title='bbox 191 5464 376 5529; x_wconf 78' lang='grc' dir='ltr'>κότες,</span> <span class='ocrx_word' id='word_1_742' title='bbox 410 5465 503 5518; x_wconf 67' lang='grc' dir='ltr'>καὶ</span> <span class='ocrx_word' id='word_1_743' title='bbox 537 5462 656 5533; x_wconf 84' lang='grc' dir='ltr'>Θεῷ</span> <span class='ocrx_word' id='word_1_744' title='bbox 705 5461 920 5524; x_wconf 85' lang='grc' dir='ltr'>θύοντες</span> <span class='ocrx_word' id='word_1_745' title='bbox 966 5461 1021 5511; x_wconf 80' lang='grc' dir='ltr'>ὲν</span> <span class='ocrx_word' id='word_1_746' title='bbox 1063 5457 1236 5527; x_wconf 81' lang='grc' dir='ltr'>αὐτῇ,</span> <span class='ocrx_word' id='word_1_747' title='bbox 1283 5453 1468 5508; x_wconf 74' lang='grc' dir='ltr'>πολλοὶ</span> <span class='ocrx_word' id='word_1_748' title='bbox 1499 5452 1641 5516; x_wconf 90' lang='grc' dir='ltr'>λίαν,</span> <span class='ocrx_word' id='word_1_749' title='bbox 1677 5452 1772 5504; x_wconf 76' lang='grc' dir='ltr'>καὶ</span> 
     </span>
    </p>
   </div>
   <div class='ocr_carea' id='block_1_102' title="bbox 189 5543 1772 5626">
    <p class='ocr_par' dir='ltr' id='par_1_102' title="bbox 189 5543 1772 5626">
     <span class='ocr_line' id='line_1_102' title="bbox 189 5543 1772 5626; baseline -0.009 -18"><span class='ocrx_word' id='word_1_750' title='bbox 189 5553 428 5626; x_wconf 78' lang='grc' dir='ltr'>ἀριθμοῦ</span> <span class='ocrx_word' id='word_1_751' title='bbox 472 5555 613 5625; x_wconf 83' lang='grc' dir='ltr'>τάχα</span> <span class='ocrx_word' id='word_1_752' title='bbox 657 5570 759 5607; x_wconf 86' lang='grc' dir='ltr'><strong>που</strong></span> <span class='ocrx_word' id='word_1_753' title='bbox 797 5550 1104 5623; x_wconf 87' lang='grc' dir='ltr'>κρείττονες</span> <span class='ocrx_word' id='word_1_754' title='bbox 1127 5567 1142 5581; x_wconf 86' lang='grc'><strong>·</strong></span> <span class='ocrx_word' id='word_1_755' title='bbox 1177 5548 1226 5601; x_wconf 84' lang='grc' dir='ltr'><strong>οἰ</strong></span> <span class='ocrx_word' id='word_1_756' title='bbox 1267 5546 1326 5600; x_wconf 83' lang='grc' dir='ltr'>δὲ</span> <span class='ocrx_word' id='word_1_757' title='bbox 1363 5544 1469 5610; x_wconf 80' lang='grc' dir='ltr'><strong>ἔξω</strong></span> <span class='ocrx_word' id='word_1_758' title='bbox 1502 5560 1562 5596; x_wconf 91' lang='grc' dir='ltr'><strong>τε</strong></span> <span class='ocrx_word' id='word_1_759' title='bbox 1590 5543 1684 5596; x_wconf 77' lang='grc' dir='ltr'>καὶ</span> <span class='ocrx_word' id='word_1_760' title='bbox 1716 5544 1772 5595; x_wconf 84' lang='grc' dir='ltr'>ὲν</span> 
     </span>
    </p>
   </div>
   <div class='ocr_carea' id='block_1_103' title="bbox 1882 4619 3467 4695">
    <p class='ocr_par' dir='ltr' id='par_1_103' title="bbox 1882 4619 3467 4695">
     <span class='ocr_line' id='line_1_103' title="bbox 1882 4619 3467 4695; baseline -0.001 -17"><span class='ocrx_word' id='word_1_761' title='bbox 1882 4625 2068 4679; x_wconf 91' lang='lat' dir='ltr'><strong>mundi</strong></span> <span class='ocrx_word' id='word_1_762' title='bbox 2101 4625 2332 4695; x_wconf 89' lang='lat' dir='ltr'><strong>spiritus</strong></span> <span class='ocrx_word' id='word_1_763' title='bbox 2358 4640 2574 4695; x_wconf 90' lang='lat' dir='ltr'><strong>semper</strong></span> <span class='ocrx_word' id='word_1_764' title='bbox 2609 4625 2876 4680; x_wconf 81' lang='lat' dir='ltr'><strong>odisseet</strong></span> <span class='ocrx_word' id='word_1_765' title='bbox 2901 4619 3207 4678; x_wconf 89' lang='lat' dir='ltr'><strong>abominari</strong></span> <span class='ocrx_word' id='word_1_766' title='bbox 3232 4638 3467 4677; x_wconf 88' lang='lat' dir='ltr'><strong>consue-</strong></span> 
     </span>
    </p>
   </div>
   <div class='ocr_carea' id='block_1_104' title="bbox 1878 4713 3463 4780">
    <p class='ocr_par' dir='ltr' id='par_1_104' title="bbox 1878 4713 3463 4780">
     <span class='ocr_line' id='line_1_104' title="bbox 1878 4713 3463 4780; baseline -0.001 -12"><span class='ocrx_word' id='word_1_767' title='bbox 1878 4723 2096 4780; x_wconf 84' lang='lat' dir='ltr'><strong>verunt,</strong></span> <span class='ocrx_word' id='word_1_768' title='bbox 2127 4731 2192 4770; x_wconf 91' lang='lat' dir='ltr'><strong>ea</strong></span> <span class='ocrx_word' id='word_1_769' title='bbox 2221 4732 2251 4769; x_wconf 90' lang='lat' dir='ltr'><strong>a</strong></span> <span class='ocrx_word' id='word_1_770' title='bbox 2282 4716 2442 4770; x_wconf 90' lang='lat' dir='ltr'><strong>nobis</strong></span> <span class='ocrx_word' id='word_1_771' title='bbox 2475 4717 2587 4771; x_wconf 93' lang='lat' dir='ltr'><strong>Deo</strong></span> <span class='ocrx_word' id='word_1_772' title='bbox 2633 4717 2690 4770; x_wconf 92' lang='lat' dir='ltr'><strong>in</strong></span> <span class='ocrx_word' id='word_1_773' title='bbox 2729 4716 2954 4770; x_wconf 90' lang='lat' dir='ltr'><strong>odorem</strong></span> <span class='ocrx_word' id='word_1_774' title='bbox 3006 4713 3293 4768; x_wconf 84' lang='lat' dir='ltr'><strong>suavitatis</strong></span> <span class='ocrx_word' id='word_1_775' title='bbox 3325 4713 3463 4766; x_wconf 68' lang='grc' dir='ltr'>οπε-</span> 
     </span>
    </p>
   </div>
   <div class='ocr_carea' id='block_1_105' title="bbox 1875 4805 3462 4878">
    <p class='ocr_par' dir='ltr' id='par_1_105' title="bbox 1875 4805 3462 4878">
     <span class='ocr_line' id='line_1_105' title="bbox 1875 4805 3462 4878; baseline -0.003 -17"><span class='ocrx_word' id='word_1_776' title='bbox 1875 4817 2092 4874; x_wconf 87' lang='lat' dir='ltr'><strong>runtur,</strong></span> <span class='ocrx_word' id='word_1_777' title='bbox 2124 4817 2180 4862; x_wconf 91' lang='lat' dir='ltr'><strong>et</strong></span> <span class='ocrx_word' id='word_1_778' title='bbox 2213 4807 2408 4862; x_wconf 60' lang='lat' dir='ltr'><strong>hostias</strong></span> <span class='ocrx_word' id='word_1_779' title='bbox 2450 4808 2767 4878; x_wconf 87' lang='lat' dir='ltr'><strong>spirituales</strong></span> <span class='ocrx_word' id='word_1_780' title='bbox 2807 4814 2954 4870; x_wconf 91' lang='lat' dir='ltr'><strong>sunt,</strong></span> <span class='ocrx_word' id='word_1_781' title='bbox 3003 4805 3158 4868; x_wconf 88' lang='lat' dir='ltr'><strong>fides,</strong></span> <span class='ocrx_word' id='word_1_782' title='bbox 3203 4817 3462 4856; x_wconf 88' lang='lat' dir='ltr'><strong>mansue-</strong></span> 
     </span>
    </p>
   </div>
   <div class='ocr_carea' id='block_1_106' title="bbox 1876 4897 3462 4970">
    <p class='ocr_par' dir='ltr' id='par_1_106' title="bbox 1876 4897 3462 4970">
     <span class='ocr_line' id='line_1_106' title="bbox 1876 4897 3462 4970; baseline -0.002 -19"><span class='ocrx_word' id='word_1_783' title='bbox 1876 4897 2030 4962; x_wconf 90' lang='lat' dir='ltr'><strong>tudo,</strong></span> <span class='ocrx_word' id='word_1_784' title='bbox 2078 4899 2438 4964; x_wconf 85' lang='lat' dir='ltr'><strong>continentia,</strong></span> <span class='ocrx_word' id='word_1_785' title='bbox 2479 4900 2858 4970; x_wconf 82' lang='lat' dir='ltr'><strong>temperautia.</strong></span> <span class='ocrx_word' id='word_1_786' title='bbox 2910 4905 3136 4952; x_wconf 86' lang='lat' dir='ltr'><strong>mutuus</strong></span> <span class='ocrx_word' id='word_1_787' title='bbox 3189 4910 3360 4960; x_wconf 89' lang='lat' dir='ltr'><strong>amor,</strong></span> <span class='ocrx_word' id='word_1_788' title='bbox 3408 4902 3462 4950; x_wconf 87' lang='lat' dir='ltr'><strong>et</strong></span> 
     </span>
    </p>
   </div>
   <div class='ocr_carea' id='block_1_107' title="bbox 1874 4988 2868 5061">
    <p class='ocr_par' dir='ltr' id='par_1_107' title="bbox 1874 4988 2868 5061">
     <span class='ocr_line' id='line_1_107' title="bbox 1874 4988 2868 5061; baseline 0.001 -18"><span class='ocrx_word' id='word_1_789' title='bbox 1874 4989 2103 5043; x_wconf 62' lang='lat' dir='ltr'><strong>sincera;</strong></span> <span class='ocrx_word' id='word_1_790' title='bbox 2139 4988 2194 5042; x_wconf 94' lang='lat' dir='ltr'><strong>in</strong></span> <span class='ocrx_word' id='word_1_791' title='bbox 2225 4990 2396 5044; x_wconf 90' lang='lat' dir='ltr'><strong>Deum</strong></span> <span class='ocrx_word' id='word_1_792' title='bbox 2432 4992 2650 5061; x_wconf 89' lang='lat' dir='ltr'><strong>pietatis</strong></span> <span class='ocrx_word' id='word_1_793' title='bbox 2678 4991 2868 5061; x_wconf 85' lang='lat' dir='ltr'><strong>gloria.</strong></span> 
     </span>
    </p>
   </div>
   <div class='ocr_carea' id='block_1_108' title="bbox 1956 5077 3462 5151">
    <p class='ocr_par' dir='ltr' id='par_1_108' title="bbox 1956 5077 3462 5151">
     <span class='ocr_line' id='line_1_108' title="bbox 1956 5077 3462 5151; baseline -0.001 -17"><span class='ocrx_word' id='word_1_794' title='bbox 1956 5080 2153 5135; x_wconf 79' lang='lat' dir='ltr'><strong>PALL.</strong></span> <span class='ocrx_word' id='word_1_795' title='bbox 2192 5082 2262 5135; x_wconf 85' lang='lat' dir='ltr'><strong>Et</strong></span> <span class='ocrx_word' id='word_1_796' title='bbox 2299 5084 2524 5151; x_wconf 85' lang='lat' dir='ltr'><strong>quinam</strong></span> <span class='ocrx_word' id='word_1_797' title='bbox 2565 5099 2697 5137; x_wconf 87' lang='lat' dir='ltr'><strong>vero</strong></span> <span class='ocrx_word' id='word_1_798' title='bbox 2738 5083 2815 5135; x_wconf 87' lang='lat' dir='ltr'><strong>illi</strong></span> <span class='ocrx_word' id='word_1_799' title='bbox 2866 5079 3089 5144; x_wconf 83' lang='lat' dir='ltr'><strong>fuerint,</strong></span> <span class='ocrx_word' id='word_1_800' title='bbox 3121 5078 3215 5149; x_wconf 92' lang='lat' dir='ltr'><strong>qui</strong></span> <span class='ocrx_word' id='word_1_801' title='bbox 3266 5077 3322 5131; x_wconf 88' lang='lat' dir='ltr'><strong>in</strong></span> <span class='ocrx_word' id='word_1_802' title='bbox 3373 5092 3462 5132; x_wconf 87' lang='lat' dir='ltr'><strong>re-</strong></span> 
     </span>
    </p>
   </div>
   <div class='ocr_carea' id='block_1_109' title="bbox 1875 5169 3463 5248">
    <p class='ocr_par' dir='ltr' id='par_1_109' title="bbox 1875 5169 3463 5248">
     <span class='ocr_line' id='line_1_109' title="bbox 1875 5169 3463 5248; baseline -0.004 -20"><span class='ocrx_word' id='word_1_803' title='bbox 1875 5174 2036 5248; x_wconf 88' lang='lat' dir='ltr'><strong>gione</strong></span> <span class='ocrx_word' id='word_1_804' title='bbox 2110 5176 2347 5247; x_wconf 87' lang='lat' dir='ltr'><strong>improbi</strong></span> <span class='ocrx_word' id='word_1_805' title='bbox 2401 5173 2744 5230; x_wconf 82' lang='lat' dir='ltr'><strong>sacrificant?</strong></span> <span class='ocrx_word' id='word_1_806' title='bbox 2817 5171 2981 5242; x_wconf 87' lang='lat' dir='ltr'><strong>quive</strong></span> <span class='ocrx_word' id='word_1_807' title='bbox 3039 5169 3270 5240; x_wconf 86' lang='lat' dir='ltr'><strong>intelligi</strong></span> <span class='ocrx_word' id='word_1_808' title='bbox 3331 5184 3463 5238; x_wconf 86' lang='lat' dir='ltr'><strong>pos-</strong></span> 
     </span>
    </p>
   </div>
   <div class='ocr_carea' id='block_1_110' title="bbox 1878 5254 3459 5336">
    <p class='ocr_par' dir='ltr' id='par_1_110' title="bbox 1878 5254 3459 5336">
     <span class='ocr_line' id='line_1_110' title="bbox 1878 5254 3459 5336; baseline -0.006 -14"><span class='ocrx_word' id='word_1_809' title='bbox 1878 5275 2026 5331; x_wconf 86' lang='lat' dir='ltr'><strong>sunt,</strong></span> <span class='ocrx_word' id='word_1_810' title='bbox 2055 5267 2150 5336; x_wconf 88' lang='lat' dir='ltr'><strong>qui</strong></span> <span class='ocrx_word' id='word_1_811' title='bbox 2182 5278 2336 5321; x_wconf 85' lang='lat' dir='ltr'><strong>extra</strong></span> <span class='ocrx_word' id='word_1_812' title='bbox 2369 5282 2488 5320; x_wconf 87' lang='lat' dir='ltr'><strong>eam</strong></span> <span class='ocrx_word' id='word_1_813' title='bbox 2524 5264 2837 5334; x_wconf 88' lang='lat' dir='ltr'><strong>regionem?</strong></span> <span class='ocrx_word' id='word_1_814' title='bbox 3456 5254 3459 5255; x_wconf 19' lang='grc' dir='ltr'><em>ν</em></span> 
     </span>
    </p>
   </div>
   <div class='ocr_carea' id='block_1_111' title="bbox 1948 5349 3461 5427">
    <p class='ocr_par' dir='ltr' id='par_1_111' title="bbox 1948 5349 3461 5427">
     <span class='ocr_line' id='line_1_111' title="bbox 1948 5349 3461 5427; baseline -0.007 -12"><span class='ocrx_word' id='word_1_815' title='bbox 1948 5360 2104 5416; x_wconf 80' lang='lat' dir='ltr'><strong>CYR.</strong></span> <span class='ocrx_word' id='word_1_816' title='bbox 2144 5359 2247 5426; x_wconf 86' lang='lat' dir='ltr'><strong>Qui</strong></span> <span class='ocrx_word' id='word_1_817' title='bbox 2278 5357 2524 5413; x_wconf 91' lang='lat' dir='ltr'><strong>nondum</strong></span> <span class='ocrx_word' id='word_1_818' title='bbox 2553 5373 2620 5411; x_wconf 79' lang='lat' dir='ltr'><strong>ex</strong></span> <span class='ocrx_word' id='word_1_819' title='bbox 2649 5356 3025 5427; x_wconf 61' lang='lat' dir='ltr'><strong>{Egyptiorum</strong></span> <span class='ocrx_word' id='word_1_820' title='bbox 3051 5353 3212 5409; x_wconf 88' lang='lat' dir='ltr'><strong>terris</strong></span> <span class='ocrx_word' id='word_1_821' title='bbox 3233 5349 3461 5420; x_wconf 87' lang='lat' dir='ltr'><strong>egressi,</strong></span> 
     </span>
    </p>
   </div>
   <div class='ocr_carea' id='block_1_112' title="bbox 1877 5445 3461 5515">
    <p class='ocr_par' dir='ltr' id='par_1_112' title="bbox 1877 5445 3461 5515">
     <span class='ocr_line' id='line_1_112' title="bbox 1877 5445 3461 5515; baseline -0.008 -11"><span class='ocrx_word' id='word_1_822' title='bbox 1877 5449 2083 5504; x_wconf 89' lang='lat' dir='ltr'><strong>ibidem</strong></span> <span class='ocrx_word' id='word_1_823' title='bbox 2129 5448 2242 5500; x_wconf 91' lang='lat' dir='ltr'><strong>Deo</strong></span> <span class='ocrx_word' id='word_1_824' title='bbox 2285 5445 2631 5511; x_wconf 88' lang='lat' dir='ltr'><strong>sacrificant,</strong></span> <span class='ocrx_word' id='word_1_825' title='bbox 2677 5446 2988 5515; x_wconf 91' lang='lat' dir='ltr'><strong>complures</strong></span> <span class='ocrx_word' id='word_1_826' title='bbox 3035 5457 3164 5497; x_wconf 87' lang='lat' dir='ltr'><strong>sane</strong></span> <span class='ocrx_word' id='word_1_827' title='bbox 3214 5446 3362 5502; x_wconf 89' lang='lat' dir='ltr'><strong>sunt,</strong></span> <span class='ocrx_word' id='word_1_828' title='bbox 3406 5447 3461 5493; x_wconf 89' lang='lat' dir='ltr'><strong>et</strong></span> 
     </span>
    </p>
   </div>
   <div class='ocr_carea' id='block_1_113' title="bbox 1877 5535 3464 5607">
    <p class='ocr_par' dir='ltr' id='par_1_113' title="bbox 1877 5535 3464 5607">
     <span class='ocr_line' id='line_1_113' title="bbox 1877 5535 3464 5607; baseline -0.007 -12"><span class='ocrx_word' id='word_1_829' title='bbox 1877 5541 2108 5596; x_wconf 86' lang='lat' dir='ltr'><strong>fortasse</strong></span> <span class='ocrx_word' id='word_1_830' title='bbox 2154 5537 2588 5593; x_wconf 89' lang='lat' dir='ltr'><strong>innumerabiles</strong></span> <span class='ocrx_word' id='word_1_831' title='bbox 2621 5555 2633 5590; x_wconf 94' lang='lat'>:</span> <span class='ocrx_word' id='word_1_832' title='bbox 2666 5537 2761 5607; x_wconf 90' lang='lat' dir='ltr'><strong>qui</strong></span> <span class='ocrx_word' id='word_1_833' title='bbox 2799 5551 2932 5592; x_wconf 89' lang='lat' dir='ltr'><strong>vero</strong></span> <span class='ocrx_word' id='word_1_834' title='bbox 2975 5543 3128 5589; x_wconf 83' lang='lat' dir='ltr'><strong>extra</strong></span> <span class='ocrx_word' id='word_1_835' title='bbox 3169 5539 3370 5584; x_wconf 86' lang='lat' dir='ltr'><strong>terram</strong></span> <span class='ocrx_word' id='word_1_836' title='bbox 3406 5535 3464 5584; x_wconf 85' lang='lat' dir='ltr'><strong>et</strong></span> 
     </span>
    </p>
   </div>
   <div class='ocr_carea' id='block_1_114' title="bbox 262 5725 1771 5801">
    <p class='ocr_par' dir='ltr' id='par_1_114' title="bbox 262 5729 1771 5801">
     <span class='ocr_line' id='line_1_114' title="bbox 262 5729 1771 5801; baseline -0.005 -10"><span class='ocrx_word' id='word_1_837' title='bbox 262 5737 306 5770; x_wconf 78' lang='lat'>“</span> <span class='ocrx_word' id='word_1_838' title='bbox 335 5735 702 5800; x_wconf 77' lang='lat' dir='ltr'><strong>Eccli.ii,15.</strong></span> <span class='ocrx_word' id='word_1_839' title='bbox 781 5737 824 5767; x_wconf 72' lang='grc' dir='ltr'>η</span> <span class='ocrx_word' id='word_1_840' title='bbox 860 5735 1022 5789; x_wconf 81' lang='lat' dir='ltr'><strong>Rom.</strong></span> <span class='ocrx_word' id='word_1_841' title='bbox 1048 5750 1141 5801; x_wconf 79' lang='grc' dir='ltr'>ιιι,</span> <span class='ocrx_word' id='word_1_842' title='bbox 1176 5734 1228 5788; x_wconf 75' lang='grc'><strong>1.</strong></span> <span class='ocrx_word' id='word_1_843' title='bbox 1305 5733 1347 5765; x_wconf 85' lang='grc'><strong>¹³</strong></span> <span class='ocrx_word' id='word_1_844' title='bbox 1376 5732 1586 5792; x_wconf 84' lang='lat' dir='ltr'><strong>Coloss.</strong></span> <span class='ocrx_word' id='word_1_845' title='bbox 1610 5745 1692 5796; x_wconf 85' lang='grc' dir='ltr'>ιιι,</span> <span class='ocrx_word' id='word_1_846' title='bbox 1717 5729 1771 5784; x_wconf 72' lang='grc' dir='ltr'>ὕι</span> 
     </span>
    </p>
   </div>
   <div class='ocr_carea' id='block_1_115' title="bbox 1879 5725 2336 5801">
    <p class='ocr_par' dir='ltr' id='par_1_115' title="bbox 1879 5725 2336 5788">
     <span class='ocr_line' id='line_1_115' title="bbox 1879 5725 2336 5788; baseline -0.018 -6"><span class='ocrx_word' id='word_1_847' title='bbox 1879 5735 1888 5758; x_wconf 71' lang='grc'><strong><em>⁵</em></strong></span> <span class='ocrx_word' id='word_1_848' title='bbox 1917 5725 2118 5782; x_wconf 80' lang='lat' dir='ltr'><strong>Jercm.</strong></span> <span class='ocrx_word' id='word_1_849' title='bbox 2146 5742 2221 5788; x_wconf 63' lang='lat' dir='ltr'><strong>ti,</strong></span> <span class='ocrx_word' id='word_1_850' title='bbox 2248 5726 2336 5781; x_wconf 80' lang='grc'><strong>15.</strong></span> 
     </span>
    </p>
   </div>
  </div>
