1984 3150
267 172 318 200 109

762 167 789 195 S.
811 166 948 195 CYRlLLl
967 164 1201 193 ALEXANDRlNl
1220 163 1377 192 ARCHlEP.

1836 158 1902 195 200'

267 231 295 257 in
311 230 430 260 deserto,
446 226 525 262 pauci
546 225 691 253 admodum
706 228 733 251 et
749 224 828 251 electi
842 233 848 250 :
865 233 873 249 ι
889 223 964 251 Multi
980 223 1049 250 enim

1104 220 1215 256 ἐρήμῳ,
1231 220 1326 254 κομιδῇ
1338 220 1448 255 βραχεῖς
1464 219 1510 246 καὶ
1522 219 1663 247 ἀπόλεκτοι
1674 229 1680 235 ·
1698 228 1707 245 ι
1724 220 1821 247 Πολλοὶ
1834 223 1891 257 γάρ

264 279 330 303 sunt
343 274 443 305 vocati,
462 282 471 297 ι
494 272 594 306 inquit,
615 279 624 295 ι
642 270 721 305 pauci
736 277 802 296 vero
815 269 895 296 electi
908 270 939 295 ⁸⁵.
955 277 964 294 ι
987 267 1052 295 Οιιι-

266 327 314 347 nes
333 320 417 354 igitur
433 326 483 353 per
498 317 579 344 ﬁdem
595 325 654 352 quae
667 320 709 343 est
723 316 751 342 in
767 315 875 342 Christo
891 314 925 341 ad
941 314 1053 341 liberta-

266 369 321 393 tem
337 365 425 392 vocati
441 371 546 395 sumus,
563 367 591 390 et
605 370 620 389 a
634 361 770 388 diabolico
785 360 925 387 dominatu
945 359 1053 386 redem-

265 409 323 443 pti;
352 408 521 443 perducente
542 414 593 433 nos
617 405 651 432 ad
680 405 733 432 hoc
751 404 872 436 Christo,
889 403 936 438 qui
956 403 1054 438 priscis

265 454 319 481 illis
334 453 491 480 hominibus
507 452 620 487 pulchre
636 451 662 477 in
679 451 768 485 Moyse
783 453 810 476 et
823 449 912 475 Aaron
927 448 1054 483 prmﬁgu-

265 499 387 530 rabatur,
408 502 438 524 ut
458 497 485 524 in
506 496 603 523 eodem
632 496 709 522 illum
733 494 893 521 Emmanuel
915 493 1053 528 legislato-

266 551 323 570 rem
339 548 366 570 et
382 543 534 577 principem
549 542 722 568 sacerdotum
737 545 764 567 et
779 539 931 574 apostolum
945 538 1054 573 dispen-

265 589 365 616 satoria
391 587 497 614 ratione
524 587 670 622 intelligas.
694 587 727 613 At
745 593 810 612 vero
829 584 939 619 plurimi
962 592 996 611 ex
1020 584 1054 611 iis

264 634 311 668 qui
335 634 422 660 vocati
450 636 532 665 sunt,
558 632 738 659 libentissime
762 631 789 658 in
810 631 888 658 malis
912 630 1054 657 veteribus

263 683 419 711 versantur,
443 678 490 712 qui
516 685 578 704 cum
601 677 674 703 haud
699 680 754 703 tota
778 679 869 702 mente
892 682 907 702 a
929 674 1053 702 saeculari

262 732 356 752 errore
382 723 576 755 discesserint,
603 722 677 749 nuda
702 721 834 755 tantisper
858 728 890 747 ac
918 720 974 746 sola
999 718 1053 746 ﬁde

263 769 348 795 Deum
371 769 475 795 colunt.
500 768 555 794 llos
579 775 639 794 esse
662 766 790 797 dicimus,
811 764 858 799 qui
885 764 914 791 in
938 763 1053 799 [Egypto

262 813 426 844 sacriﬁcant,
443 816 490 839 aut
512 816 587 839 certe
610 812 723 846 paulum
744 810 857 845 egressi.
880 819 888 834 ε
910 809 950 836 Ne
974 809 1052 844 longe

261 858 334 884 enim
354 858 467 888 abeatis,
489 867 497 882 ι
525 856 614 890 inquit
636 856 681 882 ille
707 855 777 882 dura
803 854 910 881 cervice
933 853 1050 885 Pharao,

1105 267 1158 291 είσι
1174 265 1266 300 κλητοὶ
1283 275 1305 297 ι,
1323 265 1415 300 φησιν,
1433 275 1442 290 ι
1461 265 1545 299 ὀλίγοι
1558 265 1586 292 δὲ
1602 265 1734 292 ἐκλεκτοί.
1753 275 1762 291 ι
1782 266 1891 301 Κεκλή-

1107 310 1176 346 μεθα
1192 310 1240 346 μὲν
1253 308 1299 337 οὖν
1313 311 1352 342 εἰς
1365 310 1519 346 ἐλευθερίαν
1535 310 1635 342 ’πάντες
1649 311 1693 337 διὰ
1711 311 1830 343 πίστεως
1840 311 1892 346 τῆς

1104 358 1133 383 ὲν
1142 357 1262 392 Χριστῷ,
1274 357 1321 382 καὶ
1330 356 1554 392 ὲκλελυτρώμεθα
1560 357 1715 392 τυραννίδος
1724 358 1891 393 διαὼλικῆς,

1103 402 1288 437 ἀποφέροντος
1302 402 1376 437 ἡμᾶς
1392 402 1431 433 είς
1447 402 1526 428 τοῦτο
1540 402 1670 437 Χριστοῦ,
1683 410 1892 437 προανατυπου-

1107 450 1186 485 μένου
1198 450 1253 481 τοῖς
1270 450 1352 475 πάλαι
1365 448 1455 480 καλῶς
1471 450 1499 475 ἐν
1512 450 1597 484 Μωσῇ
1614 457 1644 475 τε
1659 449 1705 475 καὶ
1726 449 1843 485 ’Δαρὼν,
1856 450 1891 477 ἶν’

1104 495 1133 521 ὲν
1144 494 1234 528 ταύτῷ
1248 494 1293 519 τὸν
1311 493 1486 528 Ὲμμανουὴλ
1495 493 1645 528 νομοθέτην
1660 493 1724 519 ὂντα
1736 494 1783 520 καὶ
1797 494 1892 529 ἀρχιε-

1105 539 1155 573 ρέα
1180 539 1227 565 καὶ
1253 538 1411 569 ἀπόστολον,
1436 538 1615 573 οἰκονομικῶς
1633 539 1734 573 ὲννοῇς.
1753 539 1784 564 υἱ
1804 539 1834 564 δέ
1857 547 1892 572 γε

1104 583 1225 609 πλεῖστοι
1250 582 1305 608 τῶν
1330 582 1505 617 κεκλημένων
1524 582 1756 617 ἑμφιλοχωροῦσιν
1775 582 1815 608 ἔτι
1832 584 1892 615 τοῖς

1104 628 1186 654 πάλαι
1199 628 1309 659 κακοῖς,
1330 628 1433 663 διανοίᾳ
1450 628 1478 654 δὲ
1496 627 1572 654 οὔπω
1588 629 1620 663 τῇ
1638 628 1776 664 ὁλοσχερεί
1792 636 1891 663 κοσμι-

1103 673 1154 708 κῆς
1172 673 1278 707 ἀπάτης
1293 672 1483 707 ἐκϐεϐηκότες,
1499 673 1537 704 ὼς
1552 674 1579 699 ὲν
1598 674 1687 708 γυμνῇ
1704 682 1734 699 τε
1753 674 1801 700 καὶ
1819 674 1888 709 μόνῃ

1102 718 1135 751 τῇ
1151 716 1239 742 πίστει
1254 716 1411 751 λατρεύουσι
1426 716 1496 752 Θεῷ.
1514 717 1630 749 Τούτους
1643 716 1711 745 εἶναι
1725 726 1814 752 φαμεν
1824 719 1889 750 τοὺς

1103 762 1132 787 ἐν
1152 761 1282 795 Αἰγύπτῳ
1305 760 1434 793 θύοντας,
1451 762 1534 797 ἤγουν
1554 761 1607 795 ἔξω
1630 761 1716 797 βραχὺ
1730 762 1887 796 γεγονότας.

1106 815 1115 831 ι
1139 807 1176 834 Οὐ
1192 808 1299 843 μακρὰν
1314 810 1367 844 γὰρ
1384 809 1555 841 ἀποτενεῖτε,
1575 818 1585 834 ι
1599 810 1681 844 φησὶν
1691 810 1705 835 ὁ
1721 809 1889 845 σκληροκαρ-

1103 851 1157 883 διος
1178 853 1292 887 Φαραὼ,
1309 853 1359 880 κᾶν
1379 854 1404 880 εί
1421 854 1471 888 τῆς
1490 853 1645 887 Αἰγυπτίων
1661 854 1809 889 ἐκτρέχητε
1823 855 1886 890 γῆς.

263 902 370 931 tametsi
392 910 427 929 ex
444 901 632 937 [Egypliorum
650 900 732 927 terris
748 899 937 935 egrediamini.
955 900 990 926 At
1005 899 1049 933 qui

1104 897 1168 931 Οίγε
1189 898 1242 933 μὴν
1263 898 1403 934 ὁλοκλήρῳ
1423 899 1588 933 μεταστάσει
1601 900 1632 934 τῇ
1650 900 1690 930 είς
1703 899 1803 933 ἀγαθὸν
1823 900 1888 926 εὑαη

262 947 381 981 perfecte
399 955 428 974 se
451 946 485 973 ad
507 946 635 973 virtutem
661 944 837 976 transferunt,
858 951 889 971 ac
911 944 967 971 Deo
991 944 1050 978 pla—

262 999 324 1019 cere
344 992 466 1023 student,
490 995 519 1019 et
541 991 568 1018 in
591 995 678 1018 totum
706 998 721 1017 a
746 989 869 1017 saeculari
890 989 1050 1016 confusione

261 1037 415 1069 discedunt,
432 1037 450 1064 ii
467 1045 501 1064 ex
517 1036 704 1072 Egyptiorum
727 1035 828 1062 ﬁnibus
846 1034 990 1066 excedum,
1008 1039 1049 1069 ty-

261 1082 394 1117 rannique
410 1090 521 1109 manum
534 1089 566 1109 ac
577 1085 738 1116 potestatem
755 1080 898 1115 eﬁ‘ugiunt,
913 1080 967 1116 42
981 1083 1009 1107 et
1022 1080 1050 1107 in

260 1135 348 1154 vacua
369 1128 513 1162 solutaque
534 1127 608 1154 curis
628 1127 699 1159 vita,
723 1130 851 1161 tanquam
879 1126 907 1153 in
930 1126 1049 1156 deserto,

260 1173 320 1207 puri
337 1181 368 1200 ac
383 1181 451 1208 pure
469 1173 524 1200 Deo
543 1172 707 1200 sacriﬁcant.
728 1172 862 1206 Equidem
880 1171 1006 1204 dixerim,
1021 1176 1050 1199 et

258 1220 313 1246 alia
323 1227 432 1254 quoque
447 1220 553 1246 ratione
569 1218 724 1254 longissime
738 1219 772 1246 ab
783 1218 970 1254 Egyptiorum
986 1218 1048 1245 ﬁni-

260 1265 312 1292 bus
330 1264 362 1291 iis
377 1264 500 1291 eundum
511 1271 581 1295 esse,
596 1263 643 1298 qui
659 1271 675 1290 a
691 1263 804 1290 colenda
819 1267 945 1290 creatura
958 1263 1050 1298 potius

259 1316 341 1343 quam
356 1308 486 1336 Creatore
500 1309 535 1335 ad
550 1308 691 1336 veritatem
707 1308 831 1340 veniunt,
846 1312 927 1343 atque
947 1308 982 1335 ad
1001 1316 1048 1335 co-

259 1354 410 1389 gnitionem
433 1354 517 1387 illius,
535 1354 583 1389 qui
599 1358 697 1381 natura
714 1354 787 1380 Deus
802 1357 854 1385 est,
870 1353 1046 1381 advocantur.

258 1400 386 1427 Nondum
410 1400 484 1427 enim
507 1400 526 1427 ii
548 1400 667 1434 perfecte
690 1403 753 1426 sunt
777 1399 890 1433 egressi,
906 1399 951 1433 qui
969 1406 984 1425 a
1000 1406 1048 1426 sua

259 1449 351 1472 mente
368 1446 469 1472 veteris
492 1445 596 1472 erroris
618 1445 748 1479 reliquias
771 1444 892 1471 nondum
912 1444 1047 1472 absterse-

260 1494 333 1517 runt.
358 1490 488 1517 Nonnulli
512 1491 586 1518 enim
608 1491 757 1518 observant
781 1490 839 1517 dies
861 1490 992 1525 quosdam
1017 1498 1048 1517 ac

259 1544 377 1568 menses,
391 1541 420 1564 et
441 1541 563 1571 tempora
577 1540 605 1562 et
620 1543 716 1563 annos.
733 1536 766 1563 Hi
780 1544 843 1563 cum
862 1536 896 1563 ad
913 1536 1048 1563 libertatis

1103 944 1207 978 ρεστεῑν
1223 943 1358 975 ἐθέλοντες
1371 943 1409 979 τῷ
1424 944 1493 979 Θεῷ,
1507 944 1710 980 ἀπηλλαγμένοι
1725 954 1754 972 τε
1767 946 1813 973 καὶ
1827 946 1886 972 εῑσ-

1101 989 1173 1015 ἁπαν
1191 988 1347 1024 συγχύσεως
1366 990 1517 1024 κοσμικῆς,
1538 990 1590 1021 ἔξω
1607 990 1737 1024 φέρονται
1762 991 1812 1026 τῆς
1837 992 1886 1018 Αί-

1100 1035 1233 1067 γυπτίων,
1257 1035 1303 1060 καὶ
1318 1035 1368 1070 τὴν
1391 1035 1522 1070 τυράννου
1545 1035 1761 1071 διαδιδράσκουσι
1785 1038 1885 1072 χεῖρα,

1103 1080 1151 1106 καὶ
1169 1079 1294 1115 καθάπερ
1311 1082 1339 1106 ὲν
1362 1081 1458 1116 ἐρήμῳ
1477 1082 1509 1116 τῇ
1528 1081 1639 1117 σχολαία
1651 1089 1679 1108 τε
1695 1082 1741 1108 καὶ
1755 1082 1885 1118 ἀνειμένῃ

1101 1124 1156 1160 ζωῇ
1181 1125 1296 1161 καθαροὶ
1311 1125 1437 1161 καθαρῶς
1457 1126 1549 1153 θύουσι
1567 1127 1605 1161 τῷ
1620 1127 1689 1162 Θεῷ.
1709 1127 1794 1162 Φαίην
1809 1128 1833 1154 δ’
1854 1128 1886 1154 ἂν

1103 1170 1190 1204 ἔγωγε
1211 1171 1259 1197 καὶ
1280 1171 1340 1198 καθ’
1360 1171 1453 1207 ἕτερόν
1475 1180 1536 1198 τινα
1558 1172 1665 1208 τρόπον,
1683 1173 1809 1199 ἀποτὰτω
1829 1173 1886 1200 δεῖν

1100 1216 1148 1250 τῆς
1164 1217 1321 1250 Αἰγυπτίων
1337 1217 1468 1253 φέρεσθαι
1488 1217 1539 1252 γῆς
1555 1218 1618 1249 τοὺς
1631 1218 1662 1244 ὲκ
1680 1217 1725 1244 τοῦ
1743 1218 1886 1254 λατρεύειν

1099 1261 1132 1295 τῇ
1146 1260 1232 1287 κτίσει
1247 1261 1324 1296 παρά
1341 1262 1387 1288 τὸν
1402 1262 1532 1289 κτίσαντα
1546 1262 1620 1297 ξπρδς
1633 1262 1759 1297 ἀλήθειαν
1773 1264 1884 1298 τρέχον-

1098 1314 1158 1338 τας,
1176 1306 1271 1338 κα¹ιεὶς
1287 1307 1434 1341 ἐπίγνωσιν
1449 1299 1692 1342 κεκλημένους’τοῦ
1712 1309 1782 1334 κατὰ
1802 1309 1884 1343 φύσιν

1098 1351 1173 1383 bri-oc
1189 1351 1266 1379 Θεοῦ.
1276 1353 1456 1388 Ἐκεεὸἡκασι
1469 1354 1524 1389 γὰρ
1537 1353 1612 1380 οὔπω
1625 1354 1734 1386 τελείως
1747 1356 1771 1381 οἱ
1785 1356 1821 1381 τὰ
1835 1356 1885 1390 τῆς

1099 1397 1214 1432 ἀρχαίας
1231 1398 1338 1434 ἀπάτης
1356 1398 1432 1426 οὔπω
1452 1401 1501 1434 τῆς
1515 1400 1619 1425 ἑαυτῶν
1634 1399 1751 1431 διανοίας
1767 1400 1884 1435 ἀποτρί-

1099 1442 1191 1474 ϐοντες
1207 1442 1330 1477 λείψανα.
1352 1445 1575 1480 Παρατηροῦνται
1599 1446 1654 1481 γάρ
1669 1454 1741 1477 τινες
1756 1446 1864 1481 ἡμέρας
1875 1465 1883 1477 ,

1099 1489 1145 1516 καὶ
1163 1491 1250 1526 μῆνας
1261 1511 1268 1523 ,
1284 1491 1331 1517 καὶ
1346 1491 1470 1526 καιροὺς,
1485 1491 1531 1517 καὶ
1550 1491 1698 1523 ἐνιαυτούς.
1716 1487 1794 1518 Οὗτοι
1815 1492 1884 1527 πρὸς

1098 1536 1128 1561 τὸ
1144 1536 1287 1571 ἐλεύθερον
1308 1537 1416 1572 ἀξίωμα
1436 1536 1479 1563 διὰ
1496 1536 1614 1572 Χριστοῦ
1637 1537 1817 1572 κεκλημένοι,
1834 1537 1884 1572 τὴν

258 1581 419 1617 dignitatem
439 1589 488 1616 per
497 1569 646 1609 Christum
666 1582 755 1609 vocati
773 1582 837 1614 sint,
857 1586 947 1609 tamen
965 1581 1047 1617 Egy-

1101 1569 1254 1615 Λίγυπτίων
1265 1569 1412 1614 οξκοῡντες,
1425 1582 1463 1608 ἔτι
1479 1569 1572 1608 θύουσι
1589 1582 1627 1617 τῷ
1643 1569 1769 1617 eam?»
1781 1584 1842 1618 οὐχὶ
1852 1569 1884 1609 ᾰίν

257 1627 376 1661 ptiorum
394 1627 533 1661 regionem
548 1627 707 1658 incolentes,
724 1627 779 1654 Deo
797 1627 961 1659 sacriﬁcant,
974 1627 1047 1662 quod

258 1679 318 1699 eam
342 1672 452 1701 vivendi
479 1672 613 1699 rationem
641 1672 771 1704 retinent,
794 1680 854 1707 quas
882 1672 988 1700 Satanan
1012 1673 1048 1699 sit

257 1724 313 1744 non
341 1717 488 1745 admodum
513 1717 629 1752 ingrata.
656 1717 709 1745 Sed
732 1718 754 1744 si
780 1718 843 1752 quis
868 1718 979 1745 omnino
1012 1718 1048 1745 sit

257 1770 393 1797 egressus,
409 1771 441 1790 ac
459 1762 557 1797 priscis
573 1762 697 1789 moribus
712 1764 825 1790 multam
841 1763 957 1790 salutem
970 1763 1048 1790 dixe-

257 1809 302 1841 rit,
321 1809 344 1835 is
364 1808 391 1835 in
410 1808 519 1835 deserto
535 1807 677 1835 sacriﬁcat.
693 1807 831 1843 vitamque
849 1816 954 1836 summa
967 1808 1048 1836 laude

257 1854 367 1889 dignam
382 1854 447 1889 agit.

292 1899 389 1926 PALL.
419 1899 560 1927 Assentior
579 1909 585 1926 :
606 1908 669 1928 nam
695 1905 768 1927 recte
796 1900 890 1927 sentis.
916 1900 968 1928 Sed
992 1902 1046 1935 jam

256 1945 378 1972 secundo
391 1945 504 1972 ﬂumine
517 1946 550 1973 ad
564 1947 671 1974 alveum
688 1939 812 1974 recurrat
826 1947 921 1974 oratio.

291 1990 370 2018 CYH.
391 1991 521 2018 Mentitur
535 1992 626 2027 itaque
640 1993 755 2024 Pharao,
770 1998 798 2019 et
816 1993 979 2027 promissum
996 1993 1045 2020 ab-

257 2040 346 2071 negat,
368 2037 524 2071 nequedum
543 2038 641 2065 missos
661 2038 724 2065 facit
746 2038 815 2066 ﬁlios
833 2038 925 2065 Israel.
943 2039 1046 2066 Deinde

257 2082 344 2110 tribus
365 2083 426 2109 aliis
444 2083 531 2118 plagis
549 2088 672 2116 vexatur,
693 2084 792 2118 vixque
811 2084 919 2111 tandem
938 2084 1044 2117 annuit,

255 2127 487 2163 dimissurumque
496 2136 525 2155 se
533 2129 584 2155 ait:
594 2129 746 2163 iterumque
756 2129 886 2156 mentitus
895 2129 1046 2163 deprehen-

254 2172 339 2200 ditur.
357 2184 365 2199 ε
381 2174 495 2201 Mendax
507 2174 580 2201 enim
595 2179 647 2206 est,
658 2180 686 2201 et
699 2175 727 2202 in
736 2175 852 2202 veritate
865 2183 919 2202 non
930 2175 1016 2207 stetit,
1032 2185 1041 2200 ι

255 2224 286 2245 ut
303 2218 427 2246 Salvator
450 2219 488 2246 ait
506 2221 537 2247 ιδ,
562 2220 728 2248 Grandinem
754 2228 872 2256 namque
895 2221 1044 2248 vehemen-

256 2264 387 2290 tissimam
422 2272 451 2290 sc
479 2264 611 2299 {Egyptiis
646 2266 833 2292 lnlllllSSUI‘llm
862 2266 1044 2293 comminante

255 2309 326 2339 Deo,
354 2312 435 2341 atque
464 2308 546 2334 etiam
567 2309 747 2343 immittcnte;
776 2318 882 2338 necnon
912 2311 1043 2338 locustam
1067 2345 1071 2348 .

255 2359 382 2386 agrorum
407 2352 590 2384 vastatricem,
612 2354 634 2380 si
658 2355 723 2382 licet
747 2355 818 2383 hanc
839 2364 935 2384 vocem
960 2357 1043 2392 ἀγρο-

257 2397 379 2431 λέτειραν
397 2405 412 2425 e
431 2398 532 2426 Graecis
553 2399 672 2426 mutuari
688 2407 695 2426 :
715 2403 774 2428 tum
790 2409 857 2429 vero
871 2401 918 2429 vix
936 2402 1044 2430 tandem

257 2442 296 2468 illi
317 2443 469 2471 Pharaonis
492 2444 629 2477 scelerum
648 2445 816 2483 acre;
840 2450 923 2482 atque
951 2447 1045 2475 invicti

257 2487 398 2521 satellites,
414 2484 1046 2541 maximismaximi-

951 2447 974 2475 ίπ

257 2494 398 2521 satellites,
414 2494 569 2530 maximis“
678 2497 680 2499 ‘
694 2501 702 2526 ξ
724 2499 726 2501 ’
772 2498 775 2501 ‘
952 2494 1046 2526 μαωὶ.

265 2589 269 2599 ι
283 2590 285 2592 ·
313 2590 325 2596 ιι
341 2592 343 2601 ε
381 2584 383 2588 ⁷

1098 1626 1245 1662 ἀϐούλητον
1259 1627 1297 1661 τῷ
1312 1627 1419 1663 Σατανᾷ
1436 1627 1612 1660 διασώζοντες
1630 1628 1697 1663 βίον.
1712 1628 1777 1655 Είδὲ
1792 1628 1825 1663 δή
1841 1637 1884 1661 τις

1098 1672 1228 1706 ὲξοίχοιτο
1236 1673 1385 1705 παντελῶς,
1392 1675 1447 1705 τοῖς
1456 1674 1642 1709 ἀρχαιοτέροις
1651 1674 1737 1701 ἔθεσιν
1746 1675 1884 1710 ὲρῤὧσθαι

1099 1716 1215 1751 φράσας,
1227 1718 1254 1743 ὲν
1264 1718 1359 1753 ἐρήμῳ
1370 1718 1437 1753 eos»,
1447 1719 1494 1746 καὶ
1507 1719 1556 1754 τὴν
1569 1719 1680 1747 ἐπαίνου
1692 1720 1790 1752 παντὸς
1803 1720 1885 1754 ἀξίαν

1098 1761 1251 1797 ἐπιτηδεύει
1267 1762 1349 1798 ζωήν.

1134 1903 1237 1929 ΠΑΛΛ.
1254 1903 1399 1938 Σὺμφημι·
1415 1904 1485 1935 νοεῖς
1500 1904 1554 1938 γὰρ
1573 1904 1669 1939 ὀρθῶς.
1687 1905 1751 1932 "lno
1764 1905 1792 1931 δὲ
1807 1903 1888 1938 αὖθις

1098 1949 1163 1983 ἡμῖν
1177 1949 1246 1975 κατά
1266 1948 1329 1983 ῥοῦν
1343 1950 1356 1975 ὁ
1376 1948 1464 1982 λόγος.

1132 1993 1214 2019 ΚΥΡ.
1232 1990 1336 2019 Οὐκοῦν
1349 1992 1512 2028 ψευδομυθεῖ
1526 1994 1574 2029 μὲν
1587 1996 1600 2021 ὁ
1609 1994 1718 2029 Φαραὼ,
1733 1995 1780 2021 καὶ
1794 1996 1889 2031 ἀρνεῖ-

1097 2046 1140 2064 ται
1151 2037 1199 2072 τὴν
1213 2037 1369 2072 ὑπόσχεσιν,
1384 2039 1474 2073 ἀνίησι
1485 2039 1512 2064 δὲ
1520 2039 1577 2066 οῠτι
1591 2048 1632 2066 πω
1643 2040 1705 2071 τοὺς
1716 2039 1745 2072 ἐξ
1762 2040 1887 2077 Ἰσραήλ.

1097 2078 1164 2107 Εἶτα
1180 2082 1268 2116 τρισὶν
1285 2081 1391 2116 ἑτέραις
1406 2083 1524 2117 πληγαῖς
1541 2083 1714 2120 κατῃκίζετο,
1732 2085 1783 2111 καὶ
1801 2092 1889 2113 κατα-

1096 2127 1168 2154 νεύει
1181 2127 1267 2162 μόλις,
1278 2128 1389 2163 ἀνήσειν
1406 2128 1499 2155 εἰπών·
1514 2129 1570 2164 ³ἔιλω
1581 2137 1610 2155 τε
1624 2130 1819 2164 ψευδοεπήσας
1835 2133 1888 2159 πά-

1096 2173 1148 2200 λιν.
1167 2182 1177 2199 ‹
1201 2173 1328 2209 Ψεύστης
1353 2174 1405 2209 γάρ
1429 2174 1505 2206 ἐστι,
1529 2175 1576 2201 καὶ
1590 2175 1619 2201 ὲν
1641 2176 1674 2210 τῇ
1695 2175 1813 2211 ἀληθεία
1838 2178 1887 2212 οὐχ

1096 2218 1195 2253 ἕστηκε
1214 2228 1236 2251 ι,
1252 2218 1323 2245 κατά
1337 2219 1385 2254 τὴν
1398 2219 1443 2246 τοῦ
1458 2220 1583 2255 Σωτῆρος
1597 2222 1698 2256 φωνήν.
1713 2221 1841 2253 Χάλαζαν
1855 2223 1882 2250 δὲ

1097 2265 1145 2298 τὴν
1157 2265 1352 2299 ῥαγδαιοτάτην
1364 2266 1450 2299 ἐνίησι
1462 2267 1518 2298 τοῖς
1530 2267 1697 2300 Αἰγυπτίοις,
1708 2267 1883 2302 ἀπειλοῦντος

1097 2309 1175 2341 Θεοῦ,
1194 2310 1240 2335 καὶ
1257 2310 1288 2345 δὴ
1306 2311 1352 2336 καὶ
1365 2311 1480 2342 ὲνιέντος
1491 2331 1498 2342 ,
1517 2312 1562 2337 καὶ
1575 2312 1628 2347 μὴν
1641 2312 1737 2348 ἀκρίδα
1752 2312 1804 2348 τὴν
1817 2315 1883 2350 ἀγρο

1096 2355 1242 2390 ολέτειραν,
1257 2356 1335 2390 εἴπερ
1349 2364 1374 2381 τι
1388 2356 1440 2390 χρὴ
1456 2357 1502 2383 καὶ
1518 2357 1545 2388 ἐξ
1563 2357 1695 2392 Ἑλλήνων
1705 2358 1797 2393 φωνὴν
1812 2360 1883 2386 ἑλόν-

1096 2408 1145 2431 τας
1154 2401 1251 2426 εἰπεῖν.
1268 2401 1334 2426 Τότε
1350 2401 1393 2436 δὴ,
1407 2402 1468 2427 τότε
1479 2403 1524 2428 καὶ
1538 2402 1613 2436 μόλις
1625 2404 1649 2429 οἱ
1662 2403 1742 2429 πάλαι
1754 2403 1837 2430 δεινοί
1853 2414 1881 2432 τε

1098 2446 1145 2472 καὶ
1160 2445 1308 2481 ἄθραυστοι
1320 2447 1369 2480 τῆς
1387 2447 1433 2472 τοῦ
1446 2447 1544 2482 Φαραὼ
1558 2448 1696 2483 βδελυρίας
1712 2449 1881 2477 ὑπασπισταὶ

1098 2490 1226 2525 πλείστην
1244 2491 1310 2526 ὅσην
1325 2492 1406 2518 αὑτοῦ
1423 2492 1560 2519 ποιοῦνται
1580 2493 1724 2529 καταϐοὴν,
1743 2493 1879 2529 λέγοντες·

1101 2546 1110 2562 ι
1125 2536 1197 2568 Ἕως
1211 2537 1282 2568 τίνος
1301 2537 1377 2563 ἔσται
1392 2538 1456 2572 ἡμῖν
1470 2539 1548 2564 τοῦτο
1563 2539 1682 2571 σκῶλον;
1695 2539 1880 2571 ὲξαπόστειλον

1097 2581 1162 2613 τοὺς
1179 2581 1355 2616 ἀνθρώπους,
1371 2582 1444 2613 ὅπως
1470 2582 1639 2617 λατρεύσωσι
1657 2583 1749 2618 Κυρίῳ
1769 2584 1809 2619 τῷ
1823 2585 1880 2621 Θεῷ

1097 2626 1198 2654 αὐτῶν.
1213 2628 1248 2653 Ἦ
1265 2627 1363 2653 ειδέναι
1378 2628 1466 2662 βούλει
1482 2629 1522 2654 ὃτι
1535 2628 1673 2654 ἀπόλωλεν
1691 2628 1849 2662 Αἴγυπτος;
1868 2641 1876 2657 ι

1097 2672 1154 2700 Καί
1177 2681 1222 2708 μοι
1245 2673 1327 2700 πάλιν
1344 2674 1468 2700 ἐντεῦθεν
1487 2674 1574 2701 ἔπεισι
1598 2676 1676 2705 νοεῖν,
1698 2674 1735 2704 ὡς
1756 2675 1814 2702 ἔστι
1831 2685 1878 2704 που

1097 2718 1169 2754 τάχα
1189 2719 1243 2745 τῶν
1261 2719 1305 2746 ὑπ’
1327 2720 1401 2755 αὐτῷ
1415 2720 1555 2755 δυνάμεων
1579 2722 1694 2756 ἀμείνων
1711 2722 1724 2747 ὀ
1747 2722 1876 2755 Σατανᾶς,

952 2761 1058 2804 Ψ,
1097 2763 1141 2798 ιφ*
1157 2761 1199 2795 οἷς
1214 2763 1247 2791 ἂν
1268 2765 1342 2800 αὺτῷ
1364 2767 1393 2792 τὸ
1416 2768 1494 2801 νικᾷν
1516 2767 1624 2802 πρέποι.
1639 2767 1671 2793 Δί
1695 2767 1746 2801 μὲν
1759 2768 1828 2804 γὰρ,
1842 2769 1878 2802 ὡς

211 2605 217 2627 ξ
261 2603 339 2626 ,Ὗ
355 2606 359 2608 ”
950 2603 1050 2628 :4

210 2629 218 2646 ἴ
254 2639 268 2669 ν
277 2636 281 2652 ἶ
290 2652 293 2653 ⁷
882 2655 894 2665 Γ
903 2635 960 2669 ἑξὶξςΐξ
967 2640 1006 2666 "x

893 2682 895 2685 ι

788 2716 870 2740 -άιλτέ
882 2710 902 2726 λ
964 2723 1047 2746 Hi".

198 2772 202 2773 ⁷
744 2792 756 2796 Α
765 2756 776 2770 Γ
952 2776 961 2784 ι
975 2774 981 2784 Ι
992 2773 1012 2792 λζ
1026 2774 1041 2797 ί
1053 2791 1058 2794 1

188 2827 195 2829 ῃ
742 2796 752 2824 |_J
1016 2804 1026 2826 -τ

179 2848 185 2850 ”
730 2840 744 2870 [Ἰ
984 2852 1029 2876 ιῑί-
1045 2858 1053 2878 ‘
1064 2849 1093 2878 7.

710 2932 712 2946 |
976 2930 984 2944 τε

694 2954 712 2984 ιΓ-
999 2952 1024 2971 '7
1035 2955 1050 2958 —

636 3032 660 3068 ὲἸ
928 3048 944 3064 Ῐ-
1028 3051 1036 3055 .

634 3068 640 3084 L
912 3080 922 3088 .-
1006 3079 1024 3090 :
1043 3068 1052 3072 -

616 3092 624 3108 _1
912 3096 915 3104 .
1032 3094 1046 3101 ι-

600 3118 612 3132 μ
904 3108 906 3124 ¹
1009 3106 1053 3142 ﬂ;
