3968 6300
518 345 622 401 109

1509 335 1563 391 S.
1606 333 1880 392 CYRILLI
1920 329 2387 388 ALEXANDRINI
2423 328 2738 387 ARCHIEP.

3656 318 3790 392 ξοδ

519 463 575 515 in
607 460 845 521 deserto,
877 454 1037 526 pauci
1077 451 1368 507 admodum
1397 458 1453 504 et
1482 449 1642 504 electi
1669 467 1682 502 :
1714 468 1731 501 ι
1763 447 1914 504 Multi
1944 447 2084 502 enim

2192 443 2383 514 ἐρήμῳ
2402 482 2415 506 ,
2445 442 2637 511 κομιδῇ
2661 442 2882 513 βραχεῖς
2912 440 3006 494 καὶ
3028 440 3313 495 ἀπόλεκτοι
3332 459 3345 474 ο
3382 459 3400 493 ι
3434 441 3628 497 Πολλοί
3654 449 3769 516 γάρ

514 559 646 606 sunt
671 549 873 611 vocati,
909 566 926 597 ι
973 543 1173 614 inquit,
1215 560 1234 593 ‹
1269 541 1428 611 pauci
1456 555 1589 595 vero
1614 540 1775 594 electi
1801 541 1864 593 ιδ.
1895 557 1913 590 ι
1959 537 2090 593 Om-

517 656 614 695 nes
651 640 819 711 igitur
850 654 951 709 per
982 636 1145 691 ﬁdem
1173 650 1295 705 quae
1319 643 1404 689 est
1432 634 1488 687 in
1518 630 1736 686 Christo
1766 629 1834 684 ad
1865 629 2092 683 liberta-

515 739 627 787 tem
658 731 835 786 vocati
867 743 1077 792 sumus,
1111 734 1167 781 et
1195 741 1226 779 a
1253 723 1525 779 diabolico
1553 721 1837 776 dominatu
1874 719 2092 773 redem-

513 819 631 888 pti;
687 816 1028 887 perducente
1069 829 1171 868 nos
1219 812 1288 867 ad
1346 812 1452 865 hoc
1487 809 1728 873 Christo,
1762 809 1857 878 qui
1898 808 2093 878 priscis

514 909 623 963 illis
652 907 968 961 hominibus
999 904 1226 975 pulchre
1256 901 1310 956 in
1342 902 1522 973 Moyse
1549 908 1606 955 et
1631 899 1810 953 Aaron
1838 898 2092 969 praeﬁgu-

514 998 759 1061 rabatur,
801 1004 861 1050 ut
901 996 956 1049 in
997 994 1190 1049 eodem
1248 992 1404 1045 illum
1450 989 1770 1045 Emmanuel
1815 988 2091 1059 legislato-

515 1103 632 1142 rem
662 1095 718 1142 et
749 1086 1054 1156 principem
1083 1084 1430 1139 sacerdotum
1459 1091 1514 1136 et
1542 1080 1847 1150 apostolum
1875 1079 2094 1149 dispen-

514 1179 716 1233 satoria
767 1176 978 1230 ratione
1032 1175 1325 1245 intelligas.
1371 1176 1439 1228 At
1474 1188 1605 1227 vero
1642 1169 1862 1241 plurimi
1909 1184 1977 1224 ex
2023 1170 2092 1225 iis

513 1269 606 1338 qui
655 1269 830 1323 vocati
886 1274 1048 1331 sunt,
1101 1265 1462 1320 libentissime
1508 1264 1564 1317 in
1604 1263 1762 1319 malis
1809 1262 2093 1317 veteribus

436 1396 441 1399 ‹
510 1368 822 1422 versantur,
870 1358 967 1427 qui
1017 1372 1142 1410 cum
1186 1355 1333 1408 haud
1381 1362 1494 1408 tota
1542 1361 1724 1407 mente
1767 1367 1799 1405 a
1843 1350 2091 1405 saeculari

510 1465 698 1505 errore
749 1448 1137 1511 discesserint,
1191 1446 1338 1500 nuda
1389 1444 1654 1513 tantisper
1700 1457 1765 1495 ac
1820 1440 1934 1495 soia
1983 1439 2091 1495 ﬁde

509 1538 683 1592 Deum
726 1538 934 1592 colunt.
984 1537 1095 1590 llos
1142 1550 1263 1589 esse
1309 1534 1564 1597 dicimus,
1607 1530 1701 1601 qui
1755 1530 1813 1585 in
1859 1527 2092 1600 [Egypto

509 1627 838 1690 sacriﬁcant,
871 1635 966 1680 aut
1009 1632 1158 1680 certe
1205 1624 1430 1694 paulum
1473 1621 1699 1692 egressi.
1744 1639 1763 1670 ι
1804 1620 1884 1675 Ne
1932 1620 2089 1689 longe

507 1716 654 1770 enim
692 1716 919 1779 abeatis,
961 1734 980 1767 ι
1034 1713 1214 1783 inquit
1258 1713 1348 1767 ille
1399 1711 1539 1766 dura
1590 1710 1805 1764 cervice
1851 1708 2086 1773 Pharao,

2193 535 2302 585 εἰσι
2333 532 2518 603 κλητοί
2551 551 2596 596 ι,
2630 533 2814 603 φησὶν,
2850 552 2869 584 ι
2908 533 3076 600 ὀλίγοι
3101 532 3158 586 δὲ
3188 532 3453 587 ἐκλεκτοί.
3491 552 3511 585 ι
3548 534 3767 605 Κεκλη-

2199 623 2337 695 μεθα
2368 623 2465 693 μέν
2490 617 2582 676 οῦν
2610 624 2688 686 εἰς
2714 622 3023 694 ἐλευθερίαν
3054 622 3255 686 πάντες
3280 623 3372 676 διὰ
3408 624 3646 689 πίστεως
3665 625 3769 695 τῆς

2193 717 2250 768 ἐν
2269 715 2509 787 Χριστῷ,
2531 715 2628 768 καὶ
2645 713 3092 787 ἐκλελυτρώμεθα
3104 716 3416 786 τυραννίδος
3433 716 3766 789 διαϐολικῆς.

2191 805 2561 877 ἀποφέροντος
2587 805 2737 876 ἡμᾶς
2767 807 2847 869 εἰς
2878 805 3037 859 τοῦτο
3065 806 3324 877 Χριστοῦ,
3351 823 3766 877 προανατυπου-

2197 902 2357 971 μένου
2381 903 2492 963 τοῖς
2523 900 2690 954 πάλαι
2714 899 2896 963 καλῶς
2926 902 2982 953 ἐν
3007 901 3179 970 Μωσῇ
3213 917 3274 953 τε
3302 900 3396 953 καὶ
3438 900 3672 972 Ἀαρὼν,
3695 901 3764 955 ἶν’

2192 992 2251 1045 ἐν
2273 988 2453 1060 ταύτῷ
2480 988 2570 1042 τὸν
2606 987 2956 1059 Ἐμμανουὴλ
2975 988 3275 1059 νομοθέτην
3304 987 3434 1042 ὅντα
3459 989 3552 1041 καὶ
3580 990 3766 1059 ἀρχιε-

2195 1078 2295 1150 ρέα
2344 1081 2439 1133 καὶ
2491 1078 2808 1141 ἀπόστολον,
2857 1079 3215 1149 οἰκονομικῶς
3250 1078 3453 1149 ἐννοῇς,
3491 1080 3553 1131 Οἱ
3594 1079 3653 1132 δέ
3697 1095 3763 1147 γε

2193 1167 2434 1219 πλεῖστοι
2484 1166 2594 1219 τῶν
2645 1166 2995 1236 κεκλημένων
3032 1166 3499 1237 ἐμφιλοχωροῦσιν
3535 1167 3616 1220 ἔτι
3649 1171 3764 1231 τοῖς

2192 1257 2358 1310 πάλαι
2383 1259 2603 1320 κακοῖς,
2643 1257 2853 1329 διανοίᾳ
2884 1257 2940 1311 δέ
2977 1256 3129 1311 οῦπω
3160 1260 3226 1329 τῇ
3261 1258 3538 1330 ὁλοσχερεῖ
3570 1275 3763 1329 κοσμι-

2192 1348 2292 1419 κῆς
2328 1348 2540 1416 ἀπάτης
2570 1346 2950 1417 ἐκϐεϐηκότες,
2983 1349 3058 1411 ὡς
3087 1349 3144 1401 ἐν
3181 1350 3360 1419 γυμνῇ
3392 1367 3453 1402 τε
3492 1349 3588 1403 καὶ
3623 1351 3759 1420 μόνῃ

2188 1438 2254 1504 τῇ
2286 1434 2464 1487 πίστει
2491 1434 2807 1505 λατρεύουσι
2838 1435 2976 1506 Θεῷ.
3012 1436 3246 1501 Τούτους
3271 1434 3409 1492 εἰναί
3434 1455 3614 1507 φαμεν
3632 1440 3759 1502 τοὺς

2190 1526 2249 1577 ἐν
2289 1523 2549 1593 Αἰγύπτῳ
2595 1523 2854 1589 θύοντας,
2886 1525 3053 1596 ἤγουν
3092 1524 3198 1592 ἔξω
3245 1524 3418 1596 βραχὺ
3446 1527 3754 1594 γεγονότας.

2196 1633 2214 1665 ι
2263 1617 2338 1670 Ού
2368 1618 2584 1688 μακρὰν
2612 1621 2719 1690 γάρ
2752 1620 3095 1684 ἀποτενεῖτε,
3136 1638 3154 1671 ι
3184 1621 3347 1691 φησὶν
3367 1622 3395 1673 ὁ
3427 1619 3759 1692 σκληροκάρ-

2189 1704 2300 1769 διος
2340 1707 2570 1778 Φαραὼ,
2602 1707 2704 1762 κᾶν
2742 1710 2791 1761 εἰ
2826 1709 2927 1779 τῆς
2964 1709 3276 1777 Αἰγυπτίων
3306 1710 3605 1781 ἐκτρέχητε
3631 1712 3754 1782 γῆς.

510 1805 726 1863 tametsi
769 1822 839 1860 ex
872 1803 1251 1875 Egyptiorum
1285 1800 1449 1857 terris
1480 1800 1860 1871 egrediamini.
1894 1801 1966 1854 At
1995 1800 2084 1869 qui

2192 1797 2321 1864 Οίγε
2363 1797 2469 1867 μὴν
2509 1797 2790 1870 ὁλοκλήρῳ
2831 1799 3160 1869 μεταστάσει
3186 1801 3249 1870 τῇ
3285 1801 3365 1863 εἰς
3392 1799 3592 1869 ἀγαθὸν
3631 1801 3759 1854 εὐα-

508 1894 747 1964 perfecte
783 1909 842 1949 se
886 1894 956 1948 ad
998 1893 1257 1947 virtutem
1305 1889 1658 1953 transferunt,
1699 1903 1764 1944 ac
1806 1889 1919 1943 Deo
1967 1890 2085 1958 pla-

507 1999 633 2040 cere
674 1984 917 2048 student,
965 1992 1021 2039 et
1066 1983 1121 2037 in
1166 1990 1342 2037 totum
1396 1996 1428 2035 a
1477 1979 1722 2035 sasculari
1764 1978 2086 2034 confusione

507 2074 814 2140 discedunt,
847 2075 885 2128 ii
919 2089 988 2129 ex
1017 2073 1393 2145 Egyptiorum
1439 2071 1641 2126 ﬁnibus
1676 2070 1966 2135 excedunt,
2002 2078 2085 2141 ty-

507 2164 775 2234 rannique
805 2180 1028 2231 manum
1053 2180 1116 2219 ac
1138 2170 1460 2233 potestatem
1494 2161 1781 2232 effugiunt,
1810 2160 1919 2233 42
1946 2168 2003 2216 et
2028 2161 2085 2215 in

505 2270 680 2309 vacua
723 2256 1011 2326 solutaque
1053 2255 1202 2310 curis
1240 2254 1383 2319 vita,
1430 2261 1688 2323 tanquam
1742 2253 1800 2307 in
1844 2253 2083 2314 deserto,

505 2347 627 2416 puri
659 2362 722 2401 ac
752 2362 887 2418 pure
922 2348 1034 2402 Deo
1072 2346 1399 2401 sacriﬁcant.
1441 2344 1709 2414 Equidem
1745 2343 1997 2411 dixerim,
2027 2353 2084 2400 et

502 2439 611 2493 alia
633 2455 849 2510 quoque
878 2440 1091 2494 ratione
1120 2438 1433 2509 longissime
1460 2439 1530 2492 ah
1551 2436 1928 2509 Egyptiorum
1955 2436 2082 2492 ﬁni-

505 2530 609 2585 bus
644 2530 711 2584 iis
738 2529 984 2584 eundum
1005 2543 1147 2593 esse,
1175 2527 1271 2597 qui
1300 2543 1333 2581 a
1366 2527 1594 2582 colenda
1623 2536 1875 2582 creatura
1902 2529 2085 2598 potius

504 2633 667 2689 quam
697 2618 956 2673 Creatore
985 2619 1053 2672 ad
1083 2618 1368 2673 veritatem
1399 2616 1646 2683 veniunt,
1677 2624 1840 2687 atque
1879 2618 1948 2672 ad
1985 2634 2081 2673 co—

503 2709 806 2780 gnitionem
850 2709 1019 2775 illius,
1055 2709 1150 2779 qui
1182 2717 1379 2763 natura
1414 2708 1559 2762 Deus
1588 2716 1693 2772 est,
1723 2708 2077 2763 advocantur.

502 2800 758 2855 Nondum
806 2800 954 2855 enim
999 2800 1037 2855 ii
1080 2799 1319 2870 perfecte
1364 2800 1491 2854 sunt
1538 2800 1763 2869 egressi,
1796 2799 1888 2869 qui
1923 2813 1954 2853 a
1984 2813 2082 2853 sua

504 2899 687 2945 mente
721 2892 924 2946 veteris
970 2891 1177 2946 erroris
1221 2890 1481 2960 reliquias
1525 2890 1768 2945 nondum
1807 2890 2078 2945 absterse-

503 2990 651 3036 runt.
702 2982 962 3037 Nonnulli
1009 2982 1157 3038 enim
1200 2982 1498 3037 observant
1544 2981 1662 3036 dies
1705 2982 1969 3051 quosdam
2017 2997 2081 3035 ac

503 3088 740 3138 menses,
767 3082 825 3128 et
866 3082 1110 3144 tempora
1138 3081 1194 3128 et
1225 3089 1417 3128 annos.
1450 3073 1515 3128 Hi
1544 3089 1670 3128 cum
1707 3074 1776 3128 ad
1810 3074 2080 3129 libertatis

2190 1889 2400 1957 ρεστεῖν
2430 1889 2701 1953 ἐθέλοντες
2726 1888 2802 1960 τῷ
2832 1889 2971 1960 Θεῷ,
2998 1890 3406 1963 ἀπηλλαγμένοι
3434 1910 3493 1946 τε
3520 1894 3613 1948 καὶ
3637 1894 3757 1947 εἰσ-

2187 1979 2331 2032 ἀπαν
2367 1979 2678 2049 συγχύσεως
2716 1981 3018 2051 κοσμικῆς,
3059 1980 3165 2045 ἐξω
3199 1982 3459 2051 φέρονται
3509 1984 3609 2054 τῆς
3655 1986 3756 2038 Αἰ-

2185 2070 2451 2137 γυπτίων,
2498 2072 2591 2123 καὶ
2621 2071 2719 2142 τὴν
2766 2072 3029 2143 τυράννου
3075 2072 3507 2145 διαδιδράσκουσι
3557 2077 3755 2146 χεῖρα.

2190 2161 2287 2214 καὶ
2322 2160 2574 2233 καθάπερ
2605 2165 2663 2216 ἐν
2708 2163 2900 2234 ἐρήμῳ
2939 2166 3004 2235 τῇ
3041 2163 3263 2236 σχολαίᾳ
3284 2181 3342 2218 τε
3373 2166 3468 2219 καὶ
3494 2166 3755 2237 ἀνειμένῃ

2186 2250 2298 2323 ζωῇ
2346 2252 2576 2325 καθαροὶ
2607 2252 2859 2324 καθαρῶς
2898 2254 3084 2309 θύουσι
3118 2255 3196 2325 τῷ
3225 2254 3363 2326 Θεῷ.
3402 2256 3574 2326 Φαίην
3603 2257 3649 2310 δ’
3689 2258 3757 2311 ἂν

2191 2341 2365 2411 ἔγωγε
2406 2344 2502 2397 καὶ
2543 2343 2663 2397 καθ’
2704 2344 2890 2416 ἔτερόν
2934 2362 3057 2399 τινα
3099 2346 3316 2417 τρόπον,
3351 2347 3604 2401 ἀποτάτω
3643 2348 3758 2401 δεῖν

2184 2434 2281 2502 τῆς
2313 2435 2626 2502 Αἰγυπτίων
2656 2436 2919 2507 φέρεσθαι
2959 2436 3062 2505 γῆς
3094 2438 3222 2501 τοὺς
3247 2438 3311 2490 ἐκ
3345 2436 3437 2491 τοῦ
3471 2438 3757 2510 λατρεύειν

2182 2524 2248 2591 τῇ
2276 2522 2449 2576 κτίσει
2479 2523 2632 2594 παρὰ
2666 2524 2758 2577 τὸν
2788 2524 3049 2579 κτίσαντα
3076 2526 3225 2597 ξπρδς
3251 2524 3504 2597 ἀλήθειαν
3531 2529 3755 2599 τρέχον-

2182 2629 2301 2679 τας,
2336 2614 2527 2677 καὶείς
2556 2615 2852 2683 ἐπίγνωσιν
2881 2600 3369 2687 κεκλημένουξτοῦ
3409 2618 3549 2672 κατά
3587 2619 3755 2688 φύσιν

2181 2704 2331 2767 ὄντος
2361 2704 2517 2759 Θεοῦ.
2536 2707 2897 2778 Ἐκὸεϐήκασι
2923 2709 3033 2780 γάρ
3057 2707 3208 2762 οὔπω
3233 2710 3453 2774 τελείως
3479 2713 3528 2765 οἱ
3557 2712 3625 2765 τά
3652 2713 3757 2783 τῆς

2182 2796 2414 2866 ἀρχαίας
2447 2797 2660 2870 ἀπάτης
2697 2797 2849 2853 ούπω
2889 2803 2987 2871 τῆς
3013 2801 3222 2853 ἑαυτῶν
3252 2801 3489 2864 διανοίας
3519 2802 3755 2872 ἀποτρί-

2182 2885 2367 2950 6οντες
2398 2886 2644 2957 λείψανα.
2688 2890 3136 2962 Παρατηροῦνται
3181 2893 3293 2963 γάρ
3323 2909 3466 2956 τινες
3497 2893 3714 2963 ἡμέρας
3737 2933 3753 2957 ,

2181 2980 2275 3033 καὶ
2310 2983 2485 3053 μῆνας
2507 3023 2521 3049 ,
2552 2983 2647 3037 καὶ
2675 2983 2924 3054 καιροὺς,
2954 2984 3047 3036 καὶ
3084 2983 3382 3046 ἐνιαυτούς.
3417 2976 3573 3037 Οὗτοι
3614 2985 3757 3057 πρὸς

2180 3073 2241 3125 τὸ
2273 3073 2559 3145 ἐλεύθερον
2600 3074 2817 3145 ἀξίωμα
2855 3074 2944 3128 διά
2975 3074 3212 3146 Χριστοῦ
3258 3075 3619 3146 κεκλημένοι,
3651 3077 3757 3147 τὴν

502 3163 824 3235 dignitatem
862 3179 960 3235 per
978 3138 1277 3221 -Ghristum
1317 3166 1494 3220 vocati
1530 3164 1658 3229 sint,
1696 3172 1878 3220 tamen
1914 3163 2078 3236 Egy-

2187 3138 2493 3231 Αἰγυπτίων
2513 3138 2808 3229 οἰκοῦντες,
2833 3165 2911 3218 ἔτι
2942 3138 3129 3219 θύουσι
3161 3165 3238 3237 τῷ
3270 3138 3524 3236 Θεῷξτδν
3546 3169 3669 3238 οὐχὶ
3689 3138 3757 3221 ἀν
3782 3204 3789 3211 -

500 3255 738 3324 ptiorum
773 3255 1049 3325 regionem
1080 3256 1399 3320 incolentes,
1429 3255 1542 3309 Deo
1578 3254 1907 3321 sacriﬁcant,
1932 3256 2079 3326 quod

500 3360 621 3399 eam
668 3345 891 3405 vivendi
943 3346 1212 3400 rationem
1267 3345 1526 3411 retinent,
1572 3361 1693 3415 quat
1748 3346 1960 3402 Satanas
2008 3348 2081 3402 sit

499 3450 611 3489 non
666 3436 962 3491 admodum
1012 3437 1244 3508 ingrata.
1296 3435 1403 3491 Sed
1448 3438 1494 3492 si
1545 3438 1670 3508 quis
1720 3438 1944 3493 omnino
2008 3439 2081 3493 sit

498 3542 772 3597 egressus,
803 3543 867 3582 ac
903 3527 1100 3598 priscis
1131 3527 1379 3581 moribus
1408 3529 1634 3583 multam
1666 3529 1900 3584 salutem
1925 3528 2080 3583 dixe-

499 3619 589 3684 rit,
626 3620 673 3674 is
713 3619 767 3673 in
804 3619 1024 3672 deserto
1053 3614 1339 3672 sacriﬁcat.
1369 3616 1646 3689 vitamque
1682 3634 1893 3676 summa
1918 3619 2080 3676 laude

498 3711 719 3780 dignam
747 3710 878 3779 agit.

566 3800 761 3853 PALL.
819 3799 1103 3854 Assentior
1141 3818 1152 3853 :
1195 3815 1321 3855 nam
1373 3808 1519 3854 recte
1575 3799 1765 3854 sentis.
1814 3802 1919 3857 Sed
1966 3804 2077 3871 jam

495 3891 739 3946 secundo
765 3889 991 3946 ﬂumine
1016 3892 1084 3946 ad
1109 3893 1324 3947 alveum
1358 3878 1607 3947 recurrat
1634 3893 1826 3947 oratio.

565 3979 722 4036 ΟΥΕ.
765 3982 1024 4036 Mentitur
1054 3983 1235 4052 itaque
1263 3985 1495 4049 Pharao,
1523 3994 1580 4039 et
1615 3985 1942 4054 promissum
1977 3983 2074 4038 ab-

497 4080 677 4142 negat,
718 4071 1032 4143 nequedum
1069 4075 1266 4130 missos
1304 4075 1432 4130 facit
1475 4074 1614 4131 ﬁlios
1650 4075 1834 4130 Israel.
1870 4075 2076 4131 Deinde

498 4164 674 4219 tribus
715 4164 837 4219 aliis
871 4165 1046 4236 plagis
1081 4175 1329 4232 vexatur,
1368 4168 1569 4237 vixque
1607 4167 1824 4222 tandem
1862 4166 2072 4232 annuit,

496 4254 959 4326 dimissurumque
976 4272 1034 4311 se
1051 4257 1154 4311 ait:
1172 4257 1478 4327 iterumque
1497 4258 1758 4312 mentitus
1774 4257 2076 4327 deprehen-

496 4345 664 4401 ditur.
700 4367 718 4398 ι
748 4347 978 4402 Mendax
1000 4349 1147 4403 enim
1176 4359 1280 4413 est,
1303 4359 1359 4404 et
1384 4350 1439 4405 in
1459 4352 1689 4406 veritate
1716 4365 1824 4404 non
1846 4349 2017 4413 stetit,
2049 4368 2065 4400 ι

496 4447 558 4491 ut
592 4436 841 4493 Salvator
885 4439 964 4493 ait
998 4442 1061 4495 η.
1112 4440 1444 4496 Grandinem
1493 4457 1730 4512 namque
1776 4441 2072 4496 vehemen-
2109 4477 2148 4530 Β

498 4528 761 4583 tissimam
829 4544 889 4583 se
943 4528 1211 4601 Egyptiis
1278 4531 1652 4585 immissurum
1709 4531 2074 4585 comminante

495 4618 637 4681 Deo,
692 4626 856 4686 atque
912 4618 1079 4671 etiam
1118 4620 1481 4687 immittente;
1536 4636 1750 4675 necnon
1809 4621 2071 4676 locustam
2117 4689 2126 4697 ι

495 4720 750 4776 agrorum
796 4706 1164 4772 vastatriceni,
1207 4707 1254 4762 si
1302 4709 1433 4764 licet
1479 4709 1621 4764 hanc
1664 4725 1854 4765 vocem
1904 4713 2070 4782 ἀγροο

497 4796 744 4866 λέτειραν
779 4812 810 4852 e
846 4797 1049 4853 Grazcis
1088 4799 1326 4852 mutuari
1361 4817 1374 4852 :
1417 4808 1532 4855 tum
1565 4816 1698 4855 vero
1728 4801 1820 4854 vix
1857 4803 2072 4857 tandem

498 4887 577 4940 illi
619 4888 921 4944 Pharaonis
969 4890 1239 4944 scelerum
1283 4903 1438 4943 acres
1485 4890 1614 4944 olim
1668 4899 1830 4961 atque
1887 4892 2075 4947 invicti

498 4977 778 5042 satellites,
816 4979 1067 5034 maximis
1107 4979 1371 5034 adversus
1403 4995 1530 5034 eum
1558 4981 1788 5036 vocibus
1826 4982 2075 5038 inclami-

408 5118 412 5123 .
499 5076 637 5132 tant,
678 5069 922 5126 dicentes
956 5089 968 5124 :
1007 5090 1024 5122 ι
1074 5071 1371 5141 Quousque
1415 5071 1521 5124 erit
1560 5072 1719 5127 nobis
1770 5074 1874 5129 hoc
1916 5090 2077 5130 scan-

406 5180 419 5244 ;
500 5158 718 5213 dalum?
747 5161 970 5216 Dimitte
987 5162 1258 5227 homines,
1290 5169 1350 5215 ut
1370 5161 1678 5217 sacriﬁcent
1706 5165 1937 5220 Domino
1968 5168 2080 5222 Deo

405 5262 415 5274 "
500 5248 762 5319 ipsorum.
832 5248 914 5303 An
966 5250 1108 5304 scire
1160 5250 1273 5315 vis,
1336 5250 1483 5320 quod
1548 5252 1771 5322 perierit
1827 5255 2079 5311 universa

438 5332 443 5337 ’
497 5339 762 5413 Egyptus
794 5342 868 5394 "‘P
904 5360 922 5393 ι
973 5340 1051 5395 Ac
1101 5341 1235 5394 mihi
1285 5357 1478 5396 rursus
1512 5358 1580 5397 ex
1630 5343 1736 5399 hoc
1774 5345 1895 5401 loco
1942 5346 2076 5402 illud

501 5432 955 5487 considerandum
1004 5430 1263 5495 occurrit,
1305 5430 1577 5498 Satanam,
1622 5434 1825 5503 quibus
1875 5435 1932 5490 in
1985 5451 2074 5490 re-

499 5520 605 5577 bus
631 5523 849 5578 vincere
887 5521 991 5576 sibi
1024 5520 1281 5576 decorum
1322 5530 1498 5592 putat,
1535 5522 1763 5578 fortasse
1791 5524 2075 5581 fortiorem

577 5696 619 5726 ⁸⁸
650 5695 836 5749 Matth.
890 5713 1029 5763 χχιι,
1063 5699 1145 5753 M.
1227 5700 1436 5754 “Joan.
1466 5718 1577 5766 vm,
1616 5703 1700 5756 AM.
1760 5704 1799 5733 ¹⁷
1831 5702 2002 5757 Exod.
2039 5718 2091 5765 ι,
2118 5703 2167 5755 7.

2180 3254 2475 3326 ἀϐούλητον
2502 3255 2578 3325 τῷ
2608 3256 2822 3327 Σατανᾷ
2855 3256 3209 3322 διασώζοντες
3245 3258 3379 3328 βίον.
3408 3257 3540 3312 Εἰδέ
3570 3259 3634 3329 δή
3667 3276 3757 3325 τις

2181 3346 2441 3416 ἐξοίχοιτο
2456 3347 2754 3411 παντελῶς,
2769 3350 2880 3411 τοῖς
2895 3350 3268 3420 ἀρχαιοτέροις
3286 3350 3459 3404 ἔθεσιν
3476 3351 3758 3422 ἐρρῶσθαι

2181 3435 2414 3505 φράσας,
2437 3437 2492 3489 ἐν
2513 3437 2703 3510 ἐρήμῳ
2725 3437 2859 3507 θύει,
2879 3439 2973 3493 καὶ
2998 3438 3097 3510 τὴν
3122 3441 3345 3495 ἐπαίνου
3367 3441 3565 3507 παντὸς
3590 3442 3759 3510 ἀξίαν

2181 3524 2487 3597 ἐπιτηδεύει
2518 3526 2684 3599 ζωήν.

2251 3808 2461 3860 ΠΑΛΛ.
2493 3808 2784 3877 Σύμφημι·
2817 3811 2957 3871 νοεῖς
2986 3810 3093 3878 γὰρ
3130 3809 3324 3879 ὀρθῶς.
3361 3812 3488 3865 Ἰτω
3515 3812 3570 3865 δὲ
3596 3808 3763 3879 αὖθις

2180 3898 2311 3967 ἡμῖν
2339 3899 2478 3949 κατὰ
2519 3897 2645 3966 ῥοῦν
2672 3902 2700 3951 ό
2739 3898 2916 3964 λόγος.

2250 3986 2414 4038 ΚΥΡ.
2451 3980 2660 4037 Οὐκοῦν
2684 3985 3011 4056 ψευδομυθεῖ
3039 3989 3136 4058 μὲν
3160 3991 3187 4042 ό
3206 3987 3424 4060 Φαραὼ,
3454 3991 3549 4043 καὶ
3574 3993 3764 4064 ἀρνεῖ-

2178 4091 2267 4156 ται
2287 4073 2384 4144 τὴν
2412 4074 2725 4143 ὑπόσχεσιν,
2754 4076 2935 4145 ἀνίησι
2955 4077 3010 4129 δὲ
3026 4077 3140 4131 οῦτι
3168 4096 3251 4131 πω
3273 4080 3397 4143 τοὺς
3417 4079 3476 4146 ἐξ
3510 4082 3755 4156 Ἰσραήλ.

2178 4155 2314 4214 Εἶτα
2345 4162 2522 4232 τρισὶν
2557 4162 2768 4233 ἐτέραις
2799 4164 3035 4234 πληγαῖς
3068 4167 3413 4239 κατῃκίζετο,
3450 4171 3545 4223 καὶ
3579 4183 3759 4227 κατα-

2176 4253 2321 4307 νεύει
2346 4254 2520 4324 μόλις,
2541 4254 2765 4325 ἀνήσειν
2797 4255 2985 4310 είπώνο
3012 4257 3125 4329 ἥλω
3148 4275 3205 4311 τε
3231 4258 3609 4331 ψευδοεπήσας
3640 4266 3754 4319 πά-

2176 4343 2281 4399 λιν.
2318 4364 2338 4398 ι
2385 4345 2641 4417 Ψεύστης
2690 4347 2795 4418 γάρ
2843 4348 2995 4413 ἐστι,
3042 4350 3137 4403 καὶ
3166 4351 3222 4403 ἐν
3265 4354 3333 4422 τῇ
3374 4352 3602 4422 ἀληθεία
3652 4356 3754 4425 οὐχ

2176 4435 2375 4506 ἕστηκε
2412 4455 2456 4501 ι,
2489 4436 2630 4490 κατά
2658 4437 2756 4508 τὴν
2778 4438 2870 4492 τοῦ
2901 4440 3152 4511 Σωτῆρος
3177 4443 3381 4513 φωνήν.
3409 4443 3664 4508 Χάλαζαν
3691 4447 3750 4500 δέ

2177 4529 2274 4598 τὴν
2297 4528 2690 4599 ῥαγδαιοτὰτην
2710 4530 2885 4600 ἐνίησι
2907 4533 3022 4597 τοῖς
3043 4533 3378 4602 Αἰγυπτίοις,
3400 4535 3751 4603 ἀπειλοῦντος

2177 4617 2334 4681 Θεοῦ,
2371 4619 2465 4672 καὶ
2498 4618 2563 4689 δὴ
2596 4620 2689 4672 καὶ
2712 4620 2944 4685 ἐνιέντος
2965 4660 2980 4685 ,
3016 4623 3111 4676 καὶ
3133 4623 3239 4694 μὴν
3264 4624 3461 4695 ἀκρίδα
3491 4625 3589 4697 τὴν
3614 4629 3752 4699 ἀγρο

2176 4710 2468 4780 ολέτειραν,
2498 4711 2656 4781 εἴπερ
2681 4728 2733 4763 τι
2760 4710 2864 4782 χρὴ
2894 4713 2989 4766 καὶ
3018 4712 3076 4778 ἐξ
3110 4713 3374 4785 Ἑλλήνων
3394 4717 3577 4786 φωνὴν
3605 4718 3750 4771 ἐλόν-

2176 4817 2274 4863 τας
2292 4801 2486 4853 εἰπεῖν.
2520 4800 2652 4854 Τότε
2683 4801 2769 4872 δὴ,
2797 4802 2920 4855 τότε
2939 4805 3033 4857 καὶ
3059 4804 3210 4873 μόλις
3234 4808 3282 4858 οἱ
3309 4806 3473 4860 πάλαι
3495 4807 3656 4860 δεινοί
3690 4825 3748 4862 τε
3842 4868 3845 4871 _

2180 4891 2275 4944 καὶ
2303 4890 2600 4962 ἄθραυστοι
2622 4892 2722 4961 τῆς
2757 4893 2850 4945 τοῦ
2874 4893 3073 4965 Φαραὼ
3098 4895 3377 4967 βδελυρίας
3409 4898 3748 4953 ὑπασπισταὶ

2180 4980 2436 5050 πλείστην
2472 4981 2605 5052 ὅσην
2633 4983 2796 5036 αὑτοῦ
2829 4984 3105 5039 ποιοῦνται
3144 4987 3435 5058 καταϐοὴν,
3473 4989 3745 5056 λέγοντες·

2186 5092 2204 5122 ι
2233 5072 2379 5136 Ἕως
2405 5073 2550 5137 τίνος
2586 5073 2739 5127 ἔσται
2767 5075 2897 5145 ἡμῖν
2922 5076 3081 5129 τοῦτο
3109 5076 3350 5143 σκῶλον;
3376 5078 3749 5145 ἐξαπόστειλον

2179 5163 2308 5225 τοὺς
2342 5162 2694 5233 ἀνθρώπους,
2726 5163 2874 5225 ὅπως
2923 5164 3263 5234 λατρεύσωσι
3298 5167 3487 5237 Κυρίῳ
3523 5167 3601 5237 τῷ
3630 5168 3749 5239 Θεῷ

2180 5252 2379 5306 αὐτῶν.
2411 5254 2481 5306 Ἦ
2515 5253 2710 5306 εἰδέναι
2739 5253 2916 5323 βούλει
2948 5257 3028 5309 ὅτι
3053 5256 3331 5309 ἀπόλωλεν
3369 5257 3683 5322 Αἴγυπτος;
3724 5278 3741 5311 ι

2181 5344 2290 5398 Καί
2340 5362 2428 5416 μοι
2475 5345 2637 5399 πάλιν
2671 5346 2920 5400 ἐντεῦθεν
2956 5347 3134 5402 ἔπεισι
3181 5353 3340 5415 νοεῖν,
3384 5351 3460 5411 ὡς
3499 5349 3613 5403 ἔστι
3646 5366 3746 5404 που

2178 5437 2320 5507 τάχα
2363 5438 2471 5490 τῶν
2505 5439 2595 5491 ὑπ’
2637 5439 2788 5510 αὐτῷ
2814 5440 3096 5512 δυνάμεων
3141 5444 3376 5513 ἀμείνων
3409 5446 3437 5496 ό
3482 5444 3743 5506 Σατανᾶς,

2180 5528 2264 5597 ἐφ’
2299 5523 2379 5591 οἷς
2412 5527 2477 5582 ἂν
2519 5529 2669 5601 αύτῷ
2711 5533 2772 5585 τὸ
2816 5535 2975 5603 νικᾷν
3016 5533 3234 5605 πρέποι.
3265 5536 3331 5588 At
3379 5536 3479 5606 μὲν
3503 5535 3641 5606 γὰρ,
3669 5534 3747 5600 ὡς
