3968 6300
242 257 339 314 ξω

991 259 1084 316 DE
1121 257 1567 316 ADORATIONE
1600 258 1669 314 ΙΝ
1713 257 1981 314 SPIRITU
2023 258 2112 314 ET
2152 258 2520 315 VERlTATE.
2565 261 2691 316 LIB.
2729 261 2770 316 1.

3418 263 3524 321 20‘}

241 372 405 440 ἔοικε,
429 371 661 443 σκληραὶ
688 372 786 445 μέν
804 370 948 429 εἰσιν
977 374 1119 444 ἄγαν
1149 376 1243 430 καὶ
1270 375 1576 448 ἁμείλικτοι
1604 377 1821 448 κομιδῇ,

1927 394 2046 433 esse
2079 378 2148 434 iis
2176 394 2297 449 qum
2346 379 2449 434 sub
2498 378 2591 432 illo
2621 387 2750 433 sunt
2793 382 3176 448 potestatibus.
3210 382 3346 437 Nam
3391 384 3518 451 ille,

241 461 333 516 καὶ
359 461 465 545 et:
515 463 615 532 μὲν
647 464 740 518 κα).
771 464 927 535 μόλις
966 466 1138 521 ἰοῦσαι
1180 467 1226 520 δ’
1256 467 1323 521 ἂν
1361 467 1512 537 ὅμως
1553 467 1655 521 κᾶν
1692 467 1821 537 γοῦν

240 554 316 616 είς
366 553 600 625 μετρίαν
638 554 893 628 αἴσθησιν
926 558 1026 630 τῆς
1069 559 1219 623 θείας
1251 559 1460 632 ὀργῆςο
1507 562 1536 614 ὁ
1579 560 1636 613 δέ
1673 561 1821 613 ἐστιν

240 645 528 717 ἀγριότητι
556 647 623 717 τῇ
655 645 798 719 ὑπὲρ
836 647 996 719 λόγον
1024 650 1363 723 ὕπερφερὴς,
1394 650 1489 704 καὶ
1520 650 1823 721 κατεσκλη-

241 736 350 800 κὼς
379 739 458 800 είς
489 738 678 809 ἀκρον.
714 738 1037 812 Γέγραπται
1063 742 1172 814 γὰρ
1202 744 1307 806 ὄτι,
1349 761 1369 795 ι
1408 743 1475 796 Ἡ
1499 741 1696 812 καρδία
1725 743 1824 796 ὰύ-

239 829 331 882 τοῦ
370 830 623 901 πέπηγεν
656 829 849 903 ὥσπερ
891 832 1060 898 λίθος,
1099 834 1302 905 έστηκε
1326 835 1383 889 δὲ
1413 835 1602 907 ὥσπερ
1628 834 1822 906 ἄκμων

239 921 528 992 ἁνήλατος.
562 940 587 974 θ
623 922 894 994 Πλείστης
918 918 1012 979 οὖν
1044 926 1179 997 ὅσης
1212 927 1511 998 γενομένης
1549 929 1635 980 ἐπ’
1674 927 1823 998 αὐτῷ

238 1013 335 1084 τῆς
374 1013 671 1084 καταϐοῆς,
719 1014 825 1086 ἔφη
871 1017 1028 1089 μόλις
1054 1021 1169 1083 τοῖς
1214 1019 1360 1090 ἀμφὶ
1388 1020 1616 1075 Μωσέα·
1656 1039 1674 1072 ι
1714 1023 1822 1075 Ilo-

239 1105 465 1177 ρεύεσθε
484 1107 577 1161 καὶ
597 1105 934 1179 λατρεύσατε
951 1110 1143 1181 Κυρίῳ
1168 1109 1247 1181 τῷ
1262 1111 1383 1183 Θεῷ
1400 1111 1576 1183 ὑμῶν.
1598 1112 1751 1176 Τίνες
1765 1112 1822 1166 δὲ

239 1198 331 1251 καί
368 1198 508 1251 εἰσιν
535 1200 583 1252 οί
609 1201 1001 1271 πορευόμενοις
1034 1220 1054 1280 ι
1089 1203 1199 1256 Καὶ
1228 1203 1376 1272 λέγει
1408 1204 1631 1277 Μωσῆς·
1669 1223 1689 1258 ι
1717 1206 1821 1260 Σὺν

238 1290 351 1362 τοῖς
397 1288 700 1354 νεανίσκοις
737 1290 895 1361 ἡμῶν
943 1292 1177 1358 καὶτοῖς
1225 1294 1617 1367 πρεσϐυτέροις
1668 1295 1823 1368 ἡμῶν

238 1383 639 1453 πορευσόμεθα,
672 1384 769 1438 σὺν
790 1387 903 1450 τοῖς
928 1387 1066 1450 υίοῖς
1091 1388 1187 1442 καὶ
1214 1390 1334 1452 ταῖς
1359 1388 1687 1460 θυγατράσι,
1722 1390 1822 1443 καὶ

238 1476 551 1546 προϐάτοις,
575 1478 670 1531 καὶ
694 1477 879 1549 βουσὶν
901 1478 1077 1550 ἡμῶν·
1104 1479 1348 1553 ἔστιγὰρ
1369 1482 1403 1553 ἡ
1424 1482 1584 1554 ἑορτὴ
1616 1481 1821 1552 Κυρίου

237 1567 330 1620 τοῦ
347 1568 484 1622 Θεοῦ
512 1569 685 1641 ἡμῶν.
718 1572 830 1626 Kal.
854 1568 976 1627 εἷπε
1004 1573 1141 1645 πρὸς
1158 1574 1356 1638 αὐτούς
1376 1592 1390 1605 ·
1414 1576 1596 1633 Ἔστω
1618 1575 1823 1647 Κύριος

236 1660 357 1730 μεθ’
402 1662 601 1732 ὑμῶνη
626 1663 752 1717 καθ’
794 1665 877 1717 ὅτι
910 1665 1226 1720 ἀποστέλλω
1257 1667 1422 1737 ὑμᾶς,
1476 1667 1551 1738 μὴ
1593 1669 1692 1722 καὶ
1722 1669 1823 1739 τὴν

1928 469 2199 538 quamvis,
2237 479 2297 524 ut
2333 469 2572 535 videtur,
2617 469 2771 524 dura:
2812 469 2923 526 sint
2976 480 3033 526 et
3087 472 3277 544 rigidae
3326 473 3519 531 admo-

1929 560 2088 626 dum,
2119 570 2177 615 et
2216 560 2308 616 vix
2335 560 2559 630 quidem
2595 575 2659 615 ac
2694 575 2839 626 sero,
2876 560 3101 631 capiunt
3145 572 3324 620 tamen
3369 576 3522 624 certe

1928 653 2015 708 vel
2045 653 2379 709 mediocrem
2398 652 2494 707 ira}
2522 651 2723 707 divinae
2750 665 3007 717 sensum;
3035 652 3127 709 hic
3149 669 3281 711 vero
3302 656 3522 714 feritate

1928 745 2021 800 illa
2074 744 2295 800 infanda
2346 743 2521 799 vincit
2570 758 2795 809 omnes,
2844 759 3167 814 summoque
3206 746 3383 819 rigore
3436 760 3524 807 est

1928 835 2252 890 obduratus.
2286 834 2564 905 Scriptum
2595 843 2679 890 est
2707 835 2857 890 enim
2890 853 2903 889 :
2944 854 2963 887 ι
2995 835 3105 892 Cor
3137 852 3375 909 namque
3402 843 3523 913 ejus

1927 936 2278 997 compactum
2321 936 2408 983 est
2441 936 2504 984 ut
2542 928 2700 999 lapis,
2742 938 2799 982 et
2835 937 2942 983 stat
2985 938 3047 984 ut
3091 930 3251 987 incus
3293 933 3522 991 minime

1928 1016 2151 1073 ductilis
2179 1020 2241 1071 η.
2276 1038 2294 1070 ι
2338 1018 2475 1074 Cum
2526 1018 2692 1090 igitur
2744 1020 2994 1077 maximte
3058 1023 3124 1078 de
3173 1039 3242 1079 eo
3282 1026 3523 1095 querelae

1929 1103 2089 1162 factae
2134 1116 2340 1173 essent,
2389 1108 2469 1163 ait
2519 1109 2740 1165 tandem
2792 1110 2967 1183 Moysi
3016 1112 3247 1185 ejusque
3299 1115 3465 1172 sociis
3505 1133 3520 1171 :

1937 1217 1955 1248 ι
1983 1198 2062 1253 Ite
2103 1207 2160 1255 et
2196 1199 2501 1257 sacriﬁcate
2541 1201 2774 1258 Domino
2814 1203 2930 1259 Deo
2965 1214 3169 1261 vestro.
3205 1226 3224 1259 ι
3254 1206 3523 1280 43ρυί-

1929 1305 2055 1345 nam
2080 1300 2263 1346 autem
2288 1292 2421 1347 ituri
2464 1294 2626 1348 sunt?
2671 1313 2690 1345 ‹
2718 1294 2787 1349 Ει
2814 1294 2890 1349 ait
2917 1294 3129 1368 Moyses
3161 1314 3173 1350 :
3215 1296 3352 1354 Cum
3385 1299 3523 1356 ado-

1928 1385 2267 1441 lescentibus
2319 1386 2524 1442 nostris
2574 1394 2631 1441 et
2681 1387 2997 1443 senioribus
3042 1388 3249 1445 nostris
3293 1390 3521 1458 ibimus,

1928 1491 2054 1532 eum
2099 1477 2227 1533 ﬁliis
2269 1487 2325 1534 et
2366 1478 2604 1543 ﬁliabus,
2637 1489 2694 1535 et
2729 1480 2927 1536 ovibus
2957 1488 3013 1535 et
3050 1480 3230 1537 bobus
3269 1484 3519 1541 nostris:

1928 1578 2011 1624 est
2045 1569 2191 1624 enim
2225 1569 2426 1625 festum
2456 1570 2673 1626 Domini
2696 1571 2792 1626 Dei
2818 1573 3014 1627 nostri.
3040 1573 3110 1628 Et
3130 1574 3268 1629 dixit
3292 1575 3357 1631 ad
3378 1591 3515 1632 eos:

1930 1661 2012 1717 Sit
2048 1663 2312 1719 Dominus
2348 1664 2662 1731 vobiscum;
2704 1664 2981 1734 quomodo
3018 1680 3119 1736 ego
3154 1665 3372 1723 dimitto
3400 1683 3520 1734 vos,

236 1752 551 1826 ἀποσκευὴν
611 1754 796 1825 ὑμῶν;
856 1755 1062 1822 Ἴδετε,
1101 1759 1186 1813 ὅτι
1246 1758 1482 1831 πονηρία
1539 1760 1824 1830 πρόκειται

1930 1755 2182 1824 nunquid
2218 1765 2275 1810 et
2320 1756 2716 1826 supellectilem
2770 1759 3046 1813 vestram?
3099 1758 3327 1825 Videte,
3380 1775 3523 1831 quo-

237 1844 385 1913 ὑμῖν.
421 1845 515 1917 Μὴ
558 1845 769 1912 οὕτως’
805 1849 1229 1921 πορευέσθωσαν
1263 1852 1319 1905 δὲ
1368 1855 1418 1906 οἱ
1468 1853 1681 1923 ἄνδρες,
1730 1854 1825 1906 καὶ

233 1934 571 2009 λατρεύσατε
599 1938 677 2010 τῷ
703 1940 844 2012 Θεῷ,
870 1940 1031 1995 τοῦτο
1057 1943 1167 2015 γάρ
1188 1943 1342 1996 αὐτοὶ
1372 1941 1608 2014 ζητεῖτε.
1638 1963 1659 1996 ›
1691 1944 1824 1998 Σύν-

231 2043 287 2090 ες
334 2028 403 2100 δὴ
437 2026 568 2095 οὖν,
617 2025 663 2085 ὢ
697 2032 955 2104 φιλότης,
999 2033 1076 2097 ὡς
1116 2035 1347 2106 ἀρίστην
1402 2035 1503 2106 μὲν
1547 2039 1576 2091 ὁ
1619 2037 1824 2109 Μωσῆς

234 2120 508 2174 ποιεῖσθαι
532 2122 644 2177 δεῖν
672 2122 876 2192 ἔφασκε
905 2125 1003 2197 τὴν
1031 2126 1324 2192 ἀνάζευξιν
1348 2146 1362 2161 ·
1386 2129 1416 2180 ὁ
1433 2128 1511 2193 δὲ,
1539 2130 1637 2201 οὐχ
1660 2129 1823 2197 οὕτω,

235 2212 396 2284 φησίν
420 2228 434 2241 ’
463 2213 686 2285 ἀνήσειν
716 2215 773 2268 δὲ
804 2216 914 2270 ἀπὸ
939 2217 1162 2289 μέρους,
1186 2220 1281 2273 καὶ
1304 2222 1604 2293 ὁμήρευσιν
1624 2223 1826 2294 τρόπον

232 2302 353 2355 τινὰ
384 2304 506 2365 ταῖς
540 2302 647 2356 τῶν
691 2303 1039 2376 ἀπαιρόντων
1074 2308 1445 2380 ὑποστροφαῖς
1473 2311 1584 2364 δεῖν
1628 2311 1730 2383 ἐφη
1765 2313 1827 2365 τὸ

233 2394 576 2466 λειπόμενον,
605 2386 700 2450 καὶ
727 2398 900 2468 αὐτῆς
928 2398 1315 2472 ἀπομενούσης
1340 2405 1398 2456 ὲν
1421 2402 1688 2475 Αἰγύπτῳ
1726 2406 1827 2476 τῆς

240 2485 578 2557 ἀποσκευῆς.
612 2487 857 2557 Οίχέσθω
889 2488 1000 2559 γὰρ
1029 2488 1093 2561 δὴ
1122 2492 1231 2555 πᾶς
1260 2492 1358 2562 μὲν
1396 2492 1551 2563 ὑμῶν
1582 2494 1822 2560 νεανίας,

234 2579 410 2648 φησί·
451 2580 562 2634 πᾶν
602 2579 659 2633 δὲ
699 2580 856 2650 γένος
900 2582 963 2636 τὸ
1013 2584 1071 2637 ἐν
1111 2584 1343 2654 ἀκμαῖς.
1387 2586 1445 2639 '0
1493 2586 1551 2640 δέ
1588 2605 1654 2658 γε
1684 2590 1826 2656 θεῖος

233 2672 461 2743 Μωσῆς,
495 2674 576 2727 ὅτι
608 2675 885 2747 προσῆκεν
914 2675 1181 2748 ἀπαίρειν
1209 2672 1267 2730 εὖ
1305 2679 1457 2750 μάλα
1492 2680 1825 2754 διῖσχυρίζε-

233 2781 344 2832 ται,
376 2765 750 2837 παροφθέντος
778 2768 990 2832 οὐδενός
1011 2785 1023 2798 ·
1045 2769 1161 2824 ἀλλ’
1188 2770 1326 2841 ὁμοῦ
1359 2775 1475 2837 τοῖς
1508 2774 1567 2828 ὲν
1586 2774 1694 2848 ἤδη
1730 2774 1825 2829 καὶ

234 2859 291 2910 ὲν
324 2857 562 2929 δυσμαῖς
586 2858 825 2931 ἡλικίας,
845 2861 981 2926 υἱοῖς
1000 2879 1062 2916 τε
1084 2864 1176 2917 καὶ
1207 2863 1532 2937 θυγατράσι,
1563 2868 1657 2921 καὶ
1686 2867 1825 2938 βοῶν

234 2950 482 3019 ἀγέλαις,
507 2951 601 3004 καὶ
625 2951 830 3024 ἑτέροις
861 2952 1168 3025 θρέμμασι.
1188 2956 1296 3010 Καὶ
1319 2958 1431 3030 γάρ
1449 2976 1533 3012 τοι
1556 2960 1823 3032 προσήκει

233 3045 358 3108 τοὺς
390 3045 493 3115 τῆς
517 3045 753 3117 ἀληθοῦς
782 3047 1098 3121 ἐλευθερίας
1133 3051 1545 3122 μεταποιεῖσθαι
1592 3053 1826 3108 σπουδά·

235 3134 428 3203 ζοντας
449 3180 466 3205 ,
504 3138 613 3208 τῶν
667 3139 767 3211 μὲν
810 3142 868 3195 ὲν
925 3142 1117 3214 κόσμῳ
1170 3143 1341 3212 φιλεῖν
1387 3145 1823 3201 ἀπαλλάττεσθαι

236 3231 428 3286 κακῶν
450 3273 467 3299 ,
500 3232 597 3285 καὶ
629 3232 820 3303 τρίϐον
868 3234 1004 3287 ίέναι
1037 3236 1135 3307 τὴν
1164 3237 1252 3289 ἐπ’
1291 3237 1513 3308 ἀρεταῖς
1532 3277 1547 3299 ,
1582 3238 1735 3293 οὐδὲν
1762 3238 1825 3292 τὸ

236 3324 499 3393 παράπαν
521 3323 620 3393 τῆς
646 3322 856 3377 ἑαυτῶν
885 3324 1063 3397 ψυχῆς
1096 3343 1157 3379 τε
1187 3327 1281 3381 καὶ
1303 3327 1541 3392 διανοίας
1565 3330 1824 3401 ἀφιέντας

158 3420 171 3435 '
233 3414 489 3485 λείψανον
509 3454 525 3479 ,
562 3414 630 3468 δι’
663 3408 724 3469 οὗ
754 3416 818 3488 δὴ
848 3418 1010 3472 πάλιν
1040 3420 1162 3484 ταῖς
1200 3418 1297 3473 τοῦ
1348 3421 1589 3491 πονηροῦ
1632 3421 1826 3475 πλεον-

236 3508 410 3572 εξίαις
449 3507 799 3580 ὑπενεχθεὴν
841 3510 929 3566 ἀν.
961 3510 1136 3564 Καλεῖ
1173 3512 1230 3565 δὲ
1260 3513 1396 3585 πρὸς
1425 3513 1582 3567 τοῦτο
1624 3516 1652 3567 ὁ
1683 3514 1825 3579 θεῖος

236 3596 396 3668 νόμος
440 3597 761 3662 νεανίσκους
803 3599 897 3653 καὶ
936 3600 1281 3672 παρθένους,
1327 3602 1640 3673 πρεσϐύτας
1689 3605 1827 3674 μετὰ

236 3691 537 3762 νεωτέρων,
575 3688 720 3745 κατά
742 3680 841 3764 τὴν
871 3692 966 3746 τοῦ
993 3694 1306 3757 Ψάλλοντος
1344 3694 1550 3767 φωνὴν,
1596 3698 1690 3751 κα)⁸
1718 3699 1825 3751 πᾶν

236 3775 373 3846 εἶδος
406 3782 508 3852 τῆς
553 3783 610 3835 ὲν
644 3781 865 3855 Χριστῷ
895 3784 1197 3857 νοουμένης
1250 3785 1489 3854 ἡλικίας.
1533 3780 1631 3851 υίς
1674 3788 1770 3842 καὶ⁷
1798 3791 1827 3841 ό

239 3869 525 3936 θεσπέσιος
570 3872 825 3946 Ἰωάννης
856 3874 1231 3947 προσεφώνει,
1259 3875 1433 3946 λέγων
1453 3893 1468 3908 ’
1506 3895 1525 3930 ι
1570 3876 1827 3949 Ἔγραψα

237 3960 385 4030 ὑμῖν,
410 3961 620 4027 παιδία,
641 3964 723 4017 ὅτι
740 3964 1017 4034 ἐγνώκατε
1034 3966 1128 4020 τὸν
1148 3968 1368 4041 Πατέρα
1392 3985 1406 3998 ’
1431 3967 1647 4040 ἔγραψα
1672 3969 1823 4040 ὑμῖν,

239 4053 499 4125 πατέρες,
533 4055 617 4108 ὅτι
642 4055 921 4124 ἐγνώκατε
950 4057 1042 4112 τὸν
1066 4058 1162 4112 ἀπ’
1187 4059 1362 4131 ἀρχῆς
1388 4077 1404 4093 ο
1433 4059 1648 4132 ἔγραψα
1674 4061 1823 4132 ὑμῖν,

234 4144 531 4211 νεανίσκοι,
561 4148 643 4201 ὅτι
687 4148 900 4219 ίσχυροί
924 4150 1049 4203 ἐστε
1070 4188 1085 4215 ,
1114 4150 1211 4204 καὶ
1242 4153 1270 4205 ὁ
1296 4149 1456 4220 λόγος
1486 4152 1580 4206 τοῦ
1605 4152 1740 4205 Θεοῦ
1767 4154 1827 4206 ὲν

240 4231 368 4303 ὑμῖν
413 4235 568 4305 μένει
589 4276 604 4301 ,
647 4237 744 4292 καὶ
775 4239 1100 4309 νενικήκατε
1129 4239 1221 4294 τὸν
1265 4240 1523 4311 πονηρόν.
1569 4259 1589 4293 ι
1628 4237 1751 4295 Εἶεν
1774 4242 1825 4296 δ’

240 4323 305 4376 ἂν
344 4329 441 4380 καὶ
490 4328 730 4400 ἑτέρως,
776 4332 987 4386 νεανίαι
1043 4332 1143 4403 μὲν
1186 4333 1284 4404 τῆς
1317 4333 1568 4404 ἀνδρείας
1610 4332 1779 4398 τύπος
1809 4374 1823 4399 ,

242 4417 557 4488 φρονήσεως
614 4418 671 4473 δὲ
728 4421 1071 4493 πρεσϐύται,
1130 4423 1458 4495 νηπιότητος
1507 4423 1563 4477 δὲ
1615 4423 1716 4495 τῆς
1768 4426 1827 4478 ὲν

243 4506 464 4579 Χριστῷ
500 4509 821 4581 νοουμένης,
870 4513 996 4584 υἱοί]
1017 4530 1077 4566 τε
1109 4512 1207 4567 καὶ
1243 4512 1573 4585 θυγατέρες·
1609 4515 1706 4567 σὺν
1732 4514 1827 4568 ἁν-

242 4592 391 4666 δρεία
411 4595 544 4667 γὰρ,
571 4598 666 4651 καὶ
694 4602 978 4672 φρονήσει,
1013 4603 1105 4656 καὶ
1126 4602 1396 4672 ἁπλότητι
1418 4606 1485 4676 τῇ
1512 4603 1654 4658 κατά
1673 4603 1826 4670 Θεὸν,

243 4686 565 4760 ἀπαροῦμεν
596 4690 657 4756 ἐξ
689 4693 965 4765 ἁμαρτίας
985 4698 1064 4761 είς
1092 4697 1387 4769 ἁγιασμόν.
1425 4716 1443 4750 ι
1488 4697 1828 4769 Ἀνδρίζεσθε

244 4778 349 4850 γὰρ
375 4800 421 4845 ι,
457 4784 592 4854 φησι
614 4823 630 4849 ,
668 4790 701 4837 «⁷
740 4787 833 4839 καὶ
881 4790 1262 4860 κραταιούσθω
1307 4793 1343 4861 ἠ
1373 4790 1569 4863 καρδία
1598 4789 1775 4860 ὑμῶν.
1805 4810 1823 4842 ι

243 4870 351 4923 Καὶ
383 4869 451 4927 αὖ
479 4890 492 4904 ·
524 4874 746 4930 Γίνεσθε
776 4879 1033 4951 φρόνιμοι
1067 4881 1144 4946 ὡς
1176 4883 1226 4935 οί
1251 4883 1425 4953 δφεις,
1464 4885 1558 4937 καὶ
1580 4883 1829 4956 ἀκέραιοι

239 4960 315 5024 ὡς
351 4965 407 5016 αί
441 4970 789 5039 περιστεραί.
836 4989 856 5022 ι
910 4972 1166 5044 Πρίὸατα
1199 4975 1256 5028 δὲ
1291 4976 1386 5029 καὶ
1430 4975 1559 5046 βόας
1591 4992 1827 5030 συναπο-

238 5053 455 5125 τρέχειν
507 5059 716 5123 εἰπὼν,
769 5065 1208 5135 κατασημαίνειν
1254 5066 1321 5121 ἂν
1370 5063 1527 5139 οἶμαί
1566 5084 1704 5133 που,
1743 5068 1828 5122 ὅτι

239 5148 510 5215 προσήκει
543 5150 680 5221 μηδὲ
714 5152 855 5206 αὐτὰ
898 5155 1148 5225 μεθεῖναι
1176 5157 1254 5228 τῷ
1286 5159 1502 5229 Σατανᾷ
1533 5158 1602 5213 τὰ
1636 5176 1827 5230 σωμα-

236 5237 368 5293 τικά
392 5256 451 5292 τε
482 5243 578 5295 καὶ
606 5243 925 5318 ἀλογώτερα
953 5248 1063 5302 τῶν
1096 5253 1154 5303 ὲν
1181 5252 1312 5321 ἡμῖν
1342 5252 1678 5323 κινημάτων.
1714 5251 1845 5326 Kal.“

233 5330 369 5396 γοῦν
397 5334 427 5386 ὁ
451 5332 739 5402 θεσπέσιος
771 5339 981 5405 Παῦλος
1005 5341 1209 5415 γράφει
1228 5360 1242 5374 ·
1271 5361 1291 5393 ι
1319 5343 1531 5415 Ὥσπερ
1553 5344 1661 5414 γὰρ
1686 5361 1827 5413 παρ’

232 5425 506 5495 εστήσατε
544 5428 615 5482 τὰ
658 5431 795 5504 μέλη
854 5433 1007 5505 ὑμῶν
1059 5434 1223 5490 δοῦλα
1259 5439 1327 5508 τῇ
1369 5435 1686 5508 ἀκαθαρσία
1730 5436 1826 5491 καὶ

232 5518 295 5586 τῇ
334 5517 539 5592 ἀνομίᾳ
580 5524 660 5586 είς
690 5523 791 5595 τὴν
830 5527 1082 5598 ἀνομίαν,
1127 5527 1272 5583 οὕτω
1296 5527 1391 5584 νῦν
1432 5530 1822 5601 παραστήσατε

303 5659 367 5744 ίξ.
382 5659 487 5744 Job
521 5678 640 5729 xu,
680 5665 782 5744 μβ.
859 5668 901 5699 ¹⁹
926 5669 1101 5725 Exod.
1134 5687 1187 5736 x,
1213 5671 1246 5726 8
1280 5686 1402 5744 sqq.
1481 5673 1523 5705 ²⁰
1551 5671 1693 5728 Psal.
1738 5686 1824 5727 cn

1927 5687 1953 5738 ί,
1982 5670 2068 5725 19...
2146 5670 2187 5701 ¹¹
2219 5667 2241 5723 Ι
2269 5666 2426 5723 Joan.
2467 5679 2526 5730 ιι,
2561 5661 2649 5729 14,
2704 5660 2791 5717 15.

236 5730 280 5765 ⁸³
312 5730 513 5787 Matth.
553 5749 621 5799 Χ,
672 5735 761 5789 16.

555 5829 836 5893 PATROL.
884 5833 1000 5894 Gn.
1050 5832 1309 5894 LXVIII.

1926 1845 2077 1901 niam
2115 1846 2323 1902 malitia
2353 1848 2633 1918 proposita
2659 1856 2744 1904 est
2764 1849 2940 1906 vobis.
2974 1850 3093 1906 Non
3127 1851 3237 1919 sic;
3270 1852 3368 1907 sed
3396 1862 3526 1908 eant

1924 1938 2052 2002 viri,
2091 1947 2149 1993 et
2186 1938 2489 1995 sacriﬁcate
2518 1941 2631 1996 Deo
2661 1959 2675 1993 :
2707 1941 2814 2001 hoc
2844 1942 2991 1997 enim
3031 1944 3136 2013 ipsi
3172 1944 3360 2014 petitis
3383 1946 3447 2001 ".
3496 1965 3515 1997 ι

1925 2029 1997 2085 Ut
2027 2029 2287 2101 intelligis
2318 2031 2506 2101 igitur,
2534 2031 2762 2097 Palladi,
2790 2034 3003 2104 Moyses
3040 2033 3281 2103 perfecta
3312 2035 3521 2091 disces-

1926 2120 2081 2177 sione
2106 2122 2384 2192 proﬁcisei
2409 2124 2613 2179 debere
2642 2124 2895 2192 dicebat;
2924 2124 3015 2180 ille
3039 2133 3243 2192 autem,
3273 2125 3394 2180 Non
3423 2127 3522 2192 ita,

1927 2213 2140 2285 inquit;
2173 2215 2269 2271 sed
2295 2224 2505 2286 partem
2534 2232 2593 2273 se
2622 2216 3001 2281 dimissurum,
3026 2232 3258 2288 eamque
3286 2226 3521 2288 partem,

1926 2322 2049 2376 qua“:
2116 2308 2542 2380 relinqueretur,
2610 2309 2857 2365 obsidem
2924 2309 3332 2379 quodammodo
3401 2326 3525 2368 esse

1927 2404 2182 2464 oportere
2224 2412 2329 2467 pro
2380 2398 2561 2453 reditu
2602 2397 3026 2464 diseedentium,
3067 2400 3184 2470 ipsa
3215 2416 3435 2471 quoque
3466 2399 3522 2455 in

1922 2486 2156 2560 Egypto
2183 2489 2375 2545 relicta
2404 2490 2765 2560 supellectile.
2797 2490 2901 2545 Eat
2926 2491 3096 2555 enim,
3136 2490 3337 2560 inquit,
3367 2491 3524 2561 quis-

1925 2581 2052 2652 quis
2094 2581 2416 2638 adolescens
2455 2591 2572 2649 est,
2617 2598 2809 2640 omnes
2845 2583 3013 2639 etiam
3055 2583 3151 2654 qui
3188 2583 3378 2639 adulta
3409 2585 3524 2655 jam

1922 2683 2056 2730 sunt
2077 2683 2256 2730 aetate.
2282 2674 2527 2730 Atdivus
2542 2673 2754 2747 Moyses
2776 2684 3096 2731 constanter
3120 2673 3356 2730 aﬂirmat
3377 2691 3523 2742 esse,

1924 2768 2077 2824 nulla
2114 2783 2174 2823 re
2208 2768 2576 2839 praetermissa
2616 2775 2781 2838 atque
2820 2766 3034 2833 relicta,
3075 2766 3472 2824 discedendum
3504 2784 3521 2822 :

1926 2859 2022 2914 sed
2071 2859 2235 2915 simul
2277 2875 2404 2915 eum
2450 2858 2925 2924 adolescentibus,
2971 2866 3028 2913 et
3076 2857 3145 2913 iis
3191 2856 3287 2927 qui
3332 2865 3524 2913 exacta

1920 2953 2032 3023 jam
2057 2962 2241 3009 essent
2262 2960 2443 3020 aetate,
2474 2951 2602 3007 ﬁliis
2631 2967 2852 3022 quoque
2885 2966 2950 3006 ac
2972 2950 3214 3015 ﬁliabus,
3240 2950 3409 3005 boum
3437 2965 3526 3004 ar-

1925 3043 2130 3099 mentis
2162 3041 2396 3113 aliisque
2436 3041 2754 3113 pecoribus.
2796 3040 3029 3111 Oportet
3059 3040 3208 3095 enim
3243 3048 3307 3094 ut
3332 3041 3429 3110 qui
3465 3040 3522 3094 in

1851 3110 1893 3168 C
1929 3151 2115 3191 veram
2135 3150 2195 3191 se
2212 3110 2521 3190 libertatem
2544 3148 2790 3189 asserere
2827 3110 3021 3196 velint,
3052 3129 3310 3186 studeant
3331 3130 3524 3186 avitiis

1931 3243 2054 3298 quae
2082 3227 2139 3282 in
2168 3227 2370 3282 saeculo
2398 3234 2547 3290 sunt,
2572 3223 2893 3288 abscedere,
2931 3230 2989 3276 et
3017 3221 3270 3276 semitam
3308 3221 3523 3293 ingredi

1931 3332 2054 3389 quae
2072 3318 2141 3373 ad
2163 3318 2398 3373 virtutes
2423 3314 2596 3379 ducit,
2624 3313 2915 3382 nullasque
2937 3311 3162 3367 omnino
3179 3320 3279 3367 aut
3305 3312 3523 3380 animae,

1930 3420 2028 3466 aut
2052 3409 2253 3466 mentis
2275 3406 2539 3478 reliquias
2565 3405 2865 3470 dimittere,
2889 3420 2989 3475 per
3020 3419 3159 3474 quas
3182 3405 3382 3460 iterum
3416 3406 3524 3461 sub

1933 3502 2081 3559 illius
2116 3501 2340 3573 maligni
2377 3498 2721 3554 dominatum
2761 3512 2827 3552 ac
2873 3495 3218 3568 tyrannidem
3266 3497 3524 3569 redigan-

1936 3605 2041 3650 tur.
2091 3595 2175 3649 Ad
2224 3594 2370 3648 hanc
2422 3601 2607 3647 autem
2652 3590 2966 3645 libertatem
3012 3589 3200 3645 divina
3240 3590 3325 3646 lex
3365 3599 3529 3647 vocat

1929 3691 2160 3761 juvenes
2208 3694 2266 3741 et
2309 3684 2581 3756 virgines,
2617 3698 2779 3739 senes
2828 3698 2955 3737 cum
2998 3681 3335 3754 junioribus,
3373 3683 3527 3754 juxta

1932 3780 2220 3837 Psallentis
2250 3794 2443 3836 vocem
2471 3779 2538 3843 ὀ,
2570 3785 2734 3848 atque
2770 3790 2934 3831 omne
2967 3790 3140 3846 genus
3172 3776 3370 3841 aetatis,
3403 3791 3528 3847 quae

1933 3877 1990 3930 in
2044 3873 2266 3931 Christo
2316 3870 2662 3942 intelligitur.
2719 3868 2870 3936 Quos
2931 3867 3097 3923 etiam
3161 3868 3249 3923 vir
3304 3868 3527 3924 divinus

1889 4013 1895 4017 .
1930 3966 2168 4023 Joannes
2189 3963 2570 4034 alloquebatur
2593 3962 2783 4018 dicens
2816 3979 2828 4014 :
2861 3980 2878 4011 ι
2907 3959 3112 4029 Scripsi
3136 3960 3315 4025 vobis,
3342 3961 3524 4031 pueri,

1933 4059 2063 4129 quia
2090 4056 2422 4129 cognovistis
2446 4056 2664 4110 Patrem
2688 4070 2703 4120 ;
2738 4052 2935 4123 scripsi
2965 4052 3142 4117 vobis,
3168 4061 3376 4122 patres,
3395 4053 3527 4122 quia

1932 4148 2267 4221 cognovistis
2312 4162 2440 4203 eum
2473 4145 2567 4215 qui
2612 4153 2697 4199 est
2752 4144 2821 4199 ab
2868 4142 3053 4209 initio;
3096 4143 3293 4213 scripsi
3342 4143 3523 4209 vobis,

1928 4244 2181 4315 juvenes,
2215 4240 2345 4309 quia
2386 4239 2560 4293 fortes
2601 4235 2757 4299 estis,
2799 4244 2857 4289 et
2888 4235 3116 4289 verbum
3158 4234 3254 4290 Dei
3286 4236 3341 4288 in
3368 4236 3527 4292 vobis

1933 4340 2137 4397 manet,
2161 4337 2218 4386 et
2244 4328 2455 4383 vicistis
2489 4325 2789 4395 malignum
2814 4324 2879 4375 “.
2913 4342 2933 4373 ι
2972 4322 3148 4378 Aliter
3174 4332 3359 4379 autem
3388 4324 3519 4380 ado-

1933 4427 2203 4482 lescentes
2240 4421 2413 4492 ﬁgura
2447 4432 2569 4473 esse
2617 4422 2849 4486 possunt
2883 4413 3245 4479 fortitudinis,
3278 4415 3529 4486 pruden-

1934 4519 2023 4573 tiae
2056 4530 2237 4582 senes,
2270 4511 2513 4568 infantiae
2544 4523 2677 4563 vero
2710 4506 2879 4572 illius,
2920 4521 3042 4577 qua:
3079 4505 3136 4560 in
3176 4504 3397 4562 Christo
3434 4506 3520 4560 in-

1929 4611 2216 4682 telligitur,
2249 4607 2346 4662 ﬁlii
2377 4620 2444 4661 ac
2474 4603 2599 4659 ﬁliae
2633 4621 2645 4656 :
2679 4616 2806 4657 cum
2833 4599 3160 4656 fortitudine
3189 4615 3427 4671 namque
3457 4614 3525 4657 ac

1930 4700 2244 4773 prudentia,
2270 4695 2731 4767 simplicitateque
2767 4707 2833 4748 ea
2857 4707 2980 4762 quae
3019 4688 3322 4746 secundum
3346 4690 3518 4745 Deum

1930 4804 2035 4860 est,
2083 4808 2115 4848 a
2152 4799 2379 4862 peccato
2436 4787 2504 4843 ad
2554 4784 3044 4843 sanctiﬁcationem
3095 4779 3518 4852 proficiscimur.

1937 4907 1956 4938 ‹
1990 4885 2237 4943 Viriliter
2274 4881 2423 4937 enim
2470 4880 2636 4951 agite,
2682 4899 2700 4930 ι
2757 4876 2956 4947 inquit,
3014 4893 3034 4925 ι
3069 4881 3127 4928 et
3177 4871 3516 4929 confortetur

1928 4994 2026 5034 eor
2062 4986 2307 5032 vestrum
2333 4975 2399 5027 “.
2442 4993 2460 5025 ι
2506 4972 2575 5027 Ει
2612 4971 2813 5025 iterum
2857 4983 2872 5020 :
2921 4986 2940 5019 ι
2984 4965 3175 5020 Estote
3216 4964 3516 5035 prudentes

1928 5071 2072 5128 sicut
2112 5076 2429 5140 serpentes,
2476 5072 2533 5120 et
2580 5060 2857 5132 simplices
2903 5057 3048 5113 sicut
3095 5055 3447 5112 columbae".
3492 5075 3510 5107 ι

1928 5163 2066 5221 Cum
2093 5177 2227 5218 vero
2255 5159 2412 5225 dixit,
2435 5172 2568 5213 oves
2588 5168 2810 5233 quoque
2844 5167 2908 5207 ac
2935 5151 3104 5207 boves
3132 5150 3295 5206 simul
3321 5150 3517 5233 absee:

1930 5254 2062 5311 dere
2085 5252 2310 5317 debere,
2343 5230 2673 5320 signiﬁcavit
2701 5244 2956 5309 fortasse,
2976 5258 3047 5298 ne
3073 5256 3364 5313 corporeus
3388 5230 3515 5309 qui;

1931 5349 2057 5404 dem
2082 5346 2204 5401 illos
2229 5352 2413 5399 motus
2440 5346 2658 5395 nostros
2683 5345 2741 5392 et
2766 5335 2997 5393 rationis
3018 5343 3273 5405 expertes
3301 5330 3514 5390 Satana’

1927 5452 2049 5494 esse
2084 5431 2506 5505 relinquendos;
2546 5427 2657 5502 44
2684 5428 2874 5497 itaque
2915 5426 3137 5483 divinus
3186 5423 3277 5478 ille
3308 5421 3514 5478 Paulus

1926 5527 2147 5593 scribit,
2189 5544 2209 5577 ι
2236 5524 2391 5581 Sicut
2438 5520 2769 5577 exhibuistis
2803 5518 3048 5574 membra
3078 5523 3262 5571 vestra
3302 5514 3512 5570 servire

2897 5660 2943 5692 ”
2980 5655 3125 5714 Psal.
3164 5672 3291 5721 xxx,
3345 5654 3435 5711 25.

3125 5817 3161 5879 7
