3968 6300
472 328 585 385 9ῡό

1480 326 1533 380 s.
1579 323 1857 381 cvmu.1
1898 296 2370 382 ALEXANDRINI
2408 325 2729 384 ARCHIE‘P.

3536 314 3759 396 ‘zm

479 434 847 495 immunditiaz
887 442 944 489 et
988 433 1266 503 iniquitati
1297 434 1364 489 ad
1407 434 1776 504 iniquitatem,
1806 436 1884 489 sic
1924 451 2074 489 nunc

2194 439 2240 492 :5:
2274 438 2410 510 μέλη
2434 439 2588 510 ὑμῶν
2613 439 2775 494 δοῦλα
2835 444 2901 513 τῇ
2932 441 3249 516 δικαιοσύνῃ
3286 446 3364 508 εἷς
3400 446 3691 520 ἁγιασμόν.
3733 474 3751 507 ι

480 528 740 583 exhibete
776 526 1021 580 membra
1056 534 1233 580 vestra
1274 527 1482 593 servire
1509 527 1737 599 justitiae
1778 526 1833 580 in
1868 525 2071 580 sancli‘

461 619 793 675 .ﬁcationem
819 617 883 670 “.
919 635 938 668 ι

556 710 752 768 PALL.
797 708 903 764 Sed
940 720 1049 778 qua
1081 708 1150 764 de
1180 722 1344 764 causa
1383 709 1615 765 dimittit
1641 709 1865 780 quidem
1902 708 2078 777 pube-

482 820 592 869 res,
623 813 679 858 et
711 800 807 872 qui
843 800 1029 856 adulta
1061 802 1172 873 jam
1206 810 1392 857 essent
1425 811 1606 868 aetate,
1649 802 1851 856 retinet
1891 808 2075 855 autem

464 905 714 951 ceteros
738 891 987 947 Pharao?

552 986 710 1040 (ZYR.
752 983 1011 1050 Qumnam
1051 999 1173 1040 esse
1223 986 1324 1053 ais,
1358 1003 1482 1059 quae
1526 988 1582 1042 in
1621 985 1854 1058 [Egypto
1890 998 2074 1040 rema—

466 1078 690 1133 Ineant?

558 1171 754 1226 PALL.
814 1172 1008 1239 Erant,
1061 1172 1276 1243 opinor,
1327 1170 1591 1227 mulieres
1639 1173 1830 1245 procul
1882 1173 2075 1241 dubio,

468 1263 641 1333 ~pueri
698 1264 1051 1335 impuberes,
1111 1263 1313 1318 infirmi
1371 1279 1566 1330 senes,
1615 1274 1672 1320 et
1730 1265 1895 1321 bruta
1954 1267 2076 1321 ani-

472 1354 671 1408 malia.

554 1444 713 1501 ΟΥΕ.
750 1443 866 1504 Cur
901 1459 1075 1518 ergo,
1121 1443 1362 1511 Palladi,
1418 1460 1527 1499 non
1572 1444 1710 1501 illud
1758 1447 1942 1503 statim
1987 1463 2079 1503 co-

522 1538 664 1591 itas?

522 1552 664 1591 itas?

484 1552 520 1606 ἕ
557 1628 754 1684 PALL.
796 1628 940 1697 Quid
968 1630 1114 1685 illud
1150 1628 1410 1685 tandem?

550 1723 713 1777 (ΠΒ.
758 1723 1035 1779 Robustos
1079 1738 1317 1793 namque
1361 1729 1417 1776 et
1455 1723 1705 1794 juvenes,
1743 1730 1800 1777 et
1846 1723 1941 1793 qui
1980 1723 2074 1778 lir-

2250 706 2460 762 ΠΑΛΛ.
2512 708 2768 764 Ἀνθότου
2802 708 2866 782 δὴ
2904 705 2997 765 οῦν
3050 713 3235 784 ἀνίησι
3278 715 3375 783 μὲν
3415 718 3542 779 τοὺς
3572 720 3628 770 ἐν
3652 719 3756 791 ἥϐῃ

2176 799 2272 852 καὶ
2301 800 2359 853 ὲν
2373 800 2600 872 ἀκμαῖς,
2633 805 3005 874 μεταποιεῖται
3033 804 3089 858 δὲ
3111 806 3221 859 τῶν
3250 805 3337 860 ἑτέ
3347 825 3456 879 ρων
3477 811 3505 862 ὁ
3525 811 3756 882 imponi);

2247 978 2412 1031 ΚΥΡ.
2462 979 2597 1032 Τίνα
2626 978 2737 1053 γὰρ
2776 974 2918 1036 εἶναι
2967 981 3077 1053 φὴς
3119 983 3212 1038 τὸν
3256 985 3316 1039 ὲν
3368 983 3630 1058 Αἰγύπτῳ
3666 991 3757 1060 μέ-

2178 1082 2337 1121 νοντα
2359 1084 2374 1133 ;

2249 1160 2457 1214 IlAAA.
2498 1156 2711 1229 τΗσαν,
2757 1158 2912 1233 οἶμαί
2956 1179 3090 1231 που,
3131 1165 3333 1234 γύναια
3389 1168 3454 1240 δὴ
3507 1170 3757 1239 πάντως,

2179 1253 2368 1315 παῖδες
2394 1251 2619 1325 ἄνηϐοι,
2653 1255 2751 1311 καὶ
2792 1254 3036 1320 ἀσθενεῖς
3068 1259 3374 1330 πρεσϐῦται
3396 1303 3411 1328 ,
3439 1264 3535 1317 καὶ
3566 1265 3758 1333 ἄλογος

2178 1361 2391 1414 κτησις.
3747 1364 3759 1375 ⁸

2252 1438 2417 1493 ΚΥΡ.
2467 1433 2624 1504 Εἶτα,
2668 1431 2716 1494 ὧ
2760 1437 3004 1510 βέλτιστε
3030 1480 3044 1504 ,
3083 1440 3203 1506 πῶς
3232 1442 3332 1498 οὐκ
3379 1447 3556 1500 ἐκεῖνο
3599 1448 3758 1513 εὐθὺς

2177 1529 2361 1602 διανοῇ
2380 1546 2396 1595 ;

2252 1621 2461 1677 ΠΑΛΛ.
2503 1623 2577 1677 Τδ
2606 1626 2759 1679 ποῖον
2788 1625 2925 1696 φήξῖ

2251 1715 2417 1771 ΚΥΡ.
2453 1716 2593 1780 Τοὺς
2616 1718 2713 1788 μὲν
2738 1718 2847 1789 γὰρ
2880 1719 3226 1789 σφριγῶντας
3247 1736 3305 1772 τε
3335 1720 3430 1774 καὶ
3464 1721 3637 1787 νέους,
3667 1724 3759 1777 καὶ

486 1817 649 1872 miori
677 1817 790 1889 jam
819 1816 1009 1871 habitu
1047 1822 1176 1871 sunt
1212 1815 1280 1869 ad
1322 1814 1606 1885 pietatem,
1640 1829 1832 1884 graves
1859 1830 1922 1870 ac
1961 1832 2080 1870 mo-

2194 1807 2556 1879 ἀκμαιοτέραν
2583 1807 2806 1880 ἔχοντας
2833 1810 2931 1882 τὴν
2958 1809 3071 1876 ἕξιν
3104 1812 3185 1875 εἰς
3214 1812 3517 1877 εὐσέϐειαν,
3543 1816 3759 1884 ἡγεῖται

487 1911 657 1965 lestos
704 1907 1049 1963 arbitratur:
1083 1906 1335 1963 liberare
1374 1920 1611 1975 namque
1666 1920 1726 1960 se
1777 1907 1960 1977 cupit,
2022 1917 2083 1963 ut

470 2008 643 2071 .puto,
683 1999 935 2069 quamvis
985 1997 1214 2063 invitus,
1250 1998 1319 2053 ab
1363 1997 1432 2052 iis
1479 1999 1576 2067 qui
1631 1997 1737 2052 sibi
1784 1998 2079 2065 obsistunt,

485 2092 579 2162 qui
608 2100 664 2146 et
696 2097 888 2146 contra
922 2089 1104 2144 moliri
1142 2088 1350 2159 aliquid
1392 2096 1644 2158 possunt,
1672 2097 1729 2142 et
1769 2104 1898 2143 suas
1934 2089 2080 2161 inju-

469 2184 596 2238 rias
628 2181 968 2254 propulsare,
994 2181 1150 2253 juxta
1188 2165 1320 2235 illud
1358 2198 1370 2233 :
1416 2200 1433 2233 ι
1468 2179 1726 2236 Resistite
1756 2180 1995 2246 diabolo,
2026 2188 2082 2236 et

468 2275 660 2347 fugiet
687 2291 718 2330 a
750 2274 910 2330 vobis
935 2275 1003 2329 ’³.
1039 2293 1058 2326 ι
1104 2273 1211 2330 Eos
1253 2282 1434 2328 autem
1476 2274 1573 2343 qui
1620 2290 1679 2329 se
1717 2274 1953 2330 viriliter
1984 2289 2079 2344 ge-

468 2384 609 2424 trere
644 2384 751 2424 non
781 2373 1032 2439 possunt,
1061 2366 1262 2421 obnixe
1301 2367 1523 2431 retinet,
1552 2365 1879 2434 adamatque
1908 2380 2082 2435 genus

481 2460 622 2515 illud
651 2459 799 2530 quod
830 2457 1087 2513 muliebri
1113 2472 1280 2512 sensu
1310 2472 1374 2512 ac
1411 2457 1577 2512 molle
1590 2465 1694 2523 est,
1724 2465 1786 2511 ut
1814 2457 1958 2527 quod
1991 2457 2078 2510 in-

470 2552 708 2605 :ﬁrmum
740 2550 812 2605 sit
838 2558 895 2605 et
939 2548 1158 2602 imbelle
1188 2565 1203 2600 :
1229 2546 1365 2601 illud
1396 2547 1529 2602 item
1555 2548 1702 2619 quod
1734 2549 1977 2602 nondum
2011 2549 2078 2603 ad

476 2643 692 2711 pubem
719 2639 1005 2711 pervenit,
1033 2646 1091 2694 et
1125 2638 1341 2694 viribus
1368 2648 1539 2705 caret,
1569 2648 1628 2694 et
1655 2654 1817 2694 sensu
1857 2648 1943 2694 est
1980 2640 2077 2694 ad-

482 2737 599 2789 huc
648 2731 849 2803 puerili
886 2750 900 2786 :
938 2745 1184 2787 crassum
1241 2729 1482 2801 denique
1528 2730 1666 2785 illud
1705 2740 1761 2786 et
1799 2748 1828 2785 a
1867 2731 2078 2786 ratione

489 2826 778 2889 remotius,
811 2823 959 2895 quod
1004 2821 1232 2895 ﬁgurate
1270 2823 1449 2879 bobus
1491 2830 1549 2880 et
1594 2822 1792 2879 ovibus
1828 2823 2075 2879 insinua-

472 2924 581 2970 τιιιι·
592 2960 603 2970 .

566 3008 761 3063 PALL.
805 3008 971 3063 Recte
1002 3006 1102 3062 ais.

2184 1897 2507 1968 φορτικούςο
2559 1900 2908 1963 ἀπαλλακτιᾷ
2949 1902 3077 1975 γὰρ,
3112 1898 3291 1973 οἶμαι,
3332 1907 3427 1959 καὶ
3461 1906 3559 1978 οὐχ
3594 1907 3758 1977 ἑκὼν,

2182 1986 2291 2040 τῶν
2320 1989 2752 2061 ἀνθεστηκότων,
2779 1992 2829 2046 οἳ
2857 1994 2957 2052 καί
2982 1995 3122 2048 εἰσιν
3153 1996 3537 2069 ἀντιπράττειν
3555 1994 3758 2068 οἷοίτε,

2182 2076 2277 2128 καὶ
2301 2077 2487 2146 σφίσιν
2515 2080 2730 2144 ἑαυτοῖς
2759 2083 3059 2150 ἐπαμύνειν
3094 2085 3490 2158 ἀδικουμένοις,
3533 2091 3673 2145 κατά
3696 2108 3759 2161 γι

2180 2167 2260 2228 τὺ,
2280 2188 2305 2219 ’ί
2343 2168 2652 2244 Ἀντίστητε
2672 2173 2751 2242 τῷ
2772 2174 3023 2246 διαϐόλῳ,
3040 2178 3135 2229 καὶ
3155 2177 3406 2246 φεύξεται
3422 2182 3515 2250 ἀφ’
3535 2182 3710 2253 ὑμῶν.
3731 2204 3756 2238 ι

2181 2261 2575 2316 Μεταποιεῖται
2603 2262 2660 2317 δὲ
2688 2263 2810 2317 λίαν
2835 2264 2930 2318 τοῦ
2958 2265 3031 2338 μὴ
3059 2267 3401 2339 ἀνδρίζεσθαι
3430 2276 3759 2343 πεφυκότος,

2180 2352 2277 2406 καὶ
2301 2354 2378 2418 ῶς
2422 2354 2578 2423 γένος
2617 2355 2847 2427 ἀδρανὲς
2883 2360 2978 2412 καὶ
3013 2360 3435 2433 ἀφιλοπόλεμον,
3481 2364 3672 2436 ἀγαπᾷ
3701 2385 3760 2421 τε

2180 2442 2368 2496 νοσοῦν
2389 2444 2449 2497 ἐν
2479 2444 2659 2515 ἑαυτῷ
2695 2448 2949 2518 φρόνημα
2974 2449 3034 2503 τδ
3059 2450 3191 2522 θῆλυ
3219 2452 3314 2506 καὶ
3340 2452 3613 2523 μαλθακὸν
3629 2496 3643 2517 ,
3670 2461 3761 2513 mi

2178 2528 2294 2588 οῖον
2339 2536 2629 2608 ἀφηϐηκός
2668 2556 2730 2592 τε
2755 2542 2847 2594 καὶ
2874 2542 3068 2596 ἀναλκι
3093 2584 3108 2606 ,
3136 2544 3231 2598 καὶ
3269 2547 3625 2615 μειρακιῶδες
3658 2547 3762 2605 ἔτι,

2178 2629 2273 2681 καὶ
2297 2628 2359 2682 τὺ
2381 2631 2526 2700 παχύ
2547 2647 2608 2684 τε
2629 2634 2723 2686 καὶ
2746 2633 3108 2705 ἀλογώτερον,
3140 2636 3222 2701 ὡς
3251 2639 3309 2691 ὲν
3338 2633 3497 2706 τύπῳ
3525 2632 3676 2704 βουσί
3702 2648 3762 2689 τε

2179 2720 2274 2771 καὶ
2302 2719 2621 2790 προϐάτοις.

2245 3002 2453 3058 ΠΑΛΛ.
2490 3000 2563 3058 Εὖ
2595 3004 2750 3079 ἔφης.

556 3099 718 3155 ωτι.
758 3099 865 3155 Sed
903 3100 1106 3154 iterum
1145 3095 1413 3152 mentitur
1436 3093 1695 3165 pertinax
1737 3095 1830 3151 ille
1859 3105 1916 3150 et
1942 3097 2073 3168 rigi-

2254 3095 2418 3151 ΚΥΡ.
2465 3098 2812 3170 Ψευδομυθεῖ
2837 3098 2895 3154 δὲ
2930 3101 3092 3157 πάλιν
3125 3105 3155 3158 ό
3200 3105 3534 3181 σκληρόνους
3670 3112 3772 3167 καὶ

483 3192 599 3247 dus
647 3192 877 3247 Pharao.
919 3189 1130 3246 Deinde
1178 3204 1304 3246 eum
1354 3189 1693 3244 locustarum
1739 3188 2085 3244 examinibus

482 3283 614 3338 tota
648 3283 762 3339 fere
804 3283 1051 3354 ipsorum
1097 3282 1250 3354 regio
1294 3290 1619 3353 consumpta
1658 3290 1823 3345 esset,
1856 3282 2087 3337 accersit

488 3377 735 3448 Moysen,
774 3390 939 3445 quem
988 3374 1173 3430 Aaron
1230 3383 1317 3431 est
1365 3375 1692 3440 comitatus,
1735 3383 1792 3428 et
1846 3374 2025 3444 inquit
2069 3394 2081 3429 :

501 3486 521 3519 ι
554 3468 633 3523 lte
667 3476 727 3522 et
764 3466 966 3523 servite
1006 3467 1240 3522 Domino
1286 3467 1400 3522 Beo
1445 3474 1661 3533 vestro;
1707 3475 2082 3522 verumtamen

482 3560 564 3615 ’δε
596 3560 795 3615 ovibus
831 3560 1117 3629 bobusque
1146 3558 1348 3614 vestris
1391 3558 1710 3628 relinquite,
1742 3567 1799 3613 et
1837 3561 2083 3630 supellex

487 3660 676 3721 vestra
701 3651 861 3705 abeat
885 3649 1193 3705 vobiscum.
1234 3668 1252 3701 ι
1280 3649 1353 3703 Et
1372 3649 1451 3704 ait
1478 3650 1720 3721 Moyses:
1755 3669 1774 3702 ι
1817 3651 1931 3706 lmo
1954 3666 2086 3708 vero

491 3753 555 3798 tu
583 3743 742 3798 dabis
780 3741 942 3796 nobis
972 3740 1292 3795 holocausta
1331 3749 1387 3795 et
1418 3742 1628 3797 hostias
1664 3758 1785 3813 qua:
1820 3744 2087 3802 faciamus

490 3836 730 3892 Domino
768 3835 882 3889 Deo
923 3840 1135 3899 nostro,
1173 3840 1230 3887 et
1263 3833 1526 3904 jumenta.
1554 3842 1739 3889 nostra
1780 3835 1942 3890 ibunt
1982 3853 2084 3891 no-

495 3927 742 3992 biscum,
786 3935 842 3980 et
890 3939 1002 3979 non
1048 3923 1427 3994 relinquemus
1477 3925 1772 3997 ungulam;
1827 3927 1896 3981 ab
1952 3928 2099 3998 ipsis

488 4020 645 4075 enim
692 4017 1026 4088 accipiemus
1066 4026 1129 4072 ut
1172 4017 1547 4074 sacriﬁcemus
1581 4019 1813 4074 Domino
1841 4020 1953 4075 Deo
1982 4037 2084 4075 no-

487 4112 614 4167 stre
635 4112 700 4165 ’⁸.
732 4130 752 4163 ι

565 4202 763 4257 PALL.
805 4202 981 4270 Quem
1027 4216 1194 4273 porro
1243 4216 1464 4258 sensum
1512 4203 1582 4258 iis
1620 4218 1742 4274 quae
1774 4219 1804 4257 a
1839 4202 1957 4258 viro
1994 4219 2083 4257 sa—

492 4294 836 4366 pientissimo
861 4293 1041 4366 Moyse
1072 4292 1227 4349 'dicta
1256 4303 1406 4360 sunt,
1446 4295 1858 4349 accommodare
1885 4307 2082 4363 possu-

494 4386 655 4441 mus?
686 4393 781 4440 aut
812 4401 921 4457 qua
961 4385 1181 4441 tandem
1214 4386 1425 4442 ratione
1469 4386 1595 4456 quis
1633 4385 1831 4454 (rapiat,
1861 4399 1928 4437 ea
1961 4399 2083 4453 qua:

2184 3188 2453 3260 ἀκαμπὴς
2489 3190 2710 3260 Φαραώ.
2755 3190 2888 3247 Εἶτα
2928 3198 3050 3260 ταῖς
3086 3198 3188 3268 τῆς
3219 3200 3439 3271 ἀκρίδος
3467 3202 3773 3273 συμϐολαῖς

2184 3275 2333 3348 ὅλης,
2358 3277 2434 3341 ὡς
2456 3281 2653 3347 εἰπεῖν,
2685 3281 3081 3355 δαπανωμένης
3108 3286 3289 3340 αὐτῶν
3316 3288 3419 3358 τῆς
3439 3290 3642 3362 χώρας,
3672 3308 3774 3362 με·

2183 3369 2507 3441 τάπεμπτον
2547 3376 2780 3426 ποιεῖται
2807 3375 3046 3443 Μωσέα,
3080 3378 3482 3444 συνεισθέοντος
3531 3382 3771 3454 Ἀαρὼν,

2186 3462 2280 3516 καί
2306 3480 2442 3534 φησι
2461 3482 2475 3496 ο
2514 3472 2537 3517 ‘t
2573 3467 2933 3538 Πορευθέντες
2954 3454 3285 3542 λατρεύσατε
3314 3474 3507 3544 Κυρίῳ
3543 3474 3624 3546 τῷ
3646 3475 3777 3549 Θεῷ

2188 3555 2366 3624 ὑμῶν,
2388 3556 2528 3628 πλὴν
2550 3557 2659 3612 τῶν
2682 3559 2971 3630 προϐάτων
2991 3563 3210 3617 καὶτῶν
3243 3563 3380 3635 βοῶν
3414 3565 3774 3635 ὑπολίπεσθε,

2186 3647 2281 3699 καὶ
2308 3647 2340 3713 ὴ
2373 3648 2650 3721 ἀποσκευὴ
2674 3650 2828 3722 ὑμῶν
2857 3653 3206 3726 ἀποτρεχέτω
3242 3655 3358 3726 μεθ’
3391 3657 3564 3728 ὑμῶν.
3592 3677 3614 3711 ι»
3659 3661 3777 3715 Καὶ

2185 3732 2307 3791 εἷπε
2322 3740 2552 3810 Μωσῆς*
2565 3757 2585 3791 t
2597 3741 2743 3794 Αλλά
2764 3743 2857 3796 καὶ
2873 3745 2938 3797 σὺ
2956 3745 3148 3810 δώσεις
3170 3749 3300 3816 ἡμῖν
3314 3746 3779 3822 ὁλοκαυτώματα,

2185 3828 2279 3882 καὶ
2307 3827 2498 3892 θυσίας
2523 3827 2561 3883 ἃ
2582 3832 2882 3901 ποιήσομεν
2913 3834 3100 3904 Κυρίῳ
3128 3836 3203 3905 τῷ
3224 3837 3340 3905 Θεῷ
3365 3840 3552 3908 ⁴ἡμῶν·
3578 3844 3683 3896 καὶ
3710 3845 3779 3899 τὰ

2186 3918 2355 3988 κτήνη
2385 3918 2544 3987 ἡμῶν
2569 3920 2896 3988 πορεύσεται
2930 3923 3051 3991 μεθ’
3087 3923 3266 3993 ήμῶν,
3304 3928 3399 3978 καὶ
3429 3929 3529 3998 οὐχ
3556 3932 3779 4007 ὑπολη-

2184 4008 2395 4078 ψόμεθα
2428 4008 2620 4079 ὁπλήνν
2654 4010 2751 4061 ἀπ’
2786 4011 2966 4065 αὐτῶν
3008 4012 3116 4084 γὰρ
3148 4013 3431 4086 ληψόμεθα
3467 4017 3776 4092 λατρεῦσαι

2185 4099 2377 4169 Κυρίῳ
2401 4098 2476 4167 τῷ
2507 4097 2625 4168 Θεῷ
2657 4100 2836 4169 ἡμῶν.
2880 4119 2899 4152 ι

2254 4190 2464 4244 llAAA.
2497 4191 2608 4243 Kal.
2623 4191 2745 4244 τίνα
2762 4193 2876 4256 τοῖς
2896 4194 3208 4264 εἰρημένοις
3232 4197 3385 4270 παρά
3409 4215 3473 4268 γε
3501 4201 3595 4255 τοῦ
3620 4220 3774 4258 παν-

2184 4279 2349 4347 σόφου
2380 4281 2624 4345 Μωσέως
2652 4284 3153 4356 ἐφαρμόσαιμενᾶν
3170 4288 3269 4360 τὴν
3291 4290 3558 4357 διάνοιαν;
3587 4294 3620 4365 ἢ
3653 4298 3780 4362 πῶς

2185 4373 2250 4426 ἄν
2276 4388 2361 4436 τις
2391 4371 2542 4427 λάϐοι
2571 4372 2641 4427 τὰ
2664 4374 2722 4442 ἐξ
2748 4374 3024 4446 Αἰγύπτου
3051 4382 3143 4433 καὶ
3163 4381 3387 4452 Φαραὼ,
3418 4385 3512 4438 καὶ
3535 4385 3773 4459 ἀναθείη

493 4495 562 4532 ex
608 4449 847 4551 IEgypIO-
869 4478 1168 4534 Pharaonis
1209 4449 1506 4549 permissu-
1532 4449 1728 4530 educta
1774 4481 1924 4539 sunt,
1963 4449 2076 4531 ὑοο
2115 4449 2160 4505 D
2189 4463 2339 4536 θεῷἱ

496 4571 665 4625 fuisse
698 4571 915 4626 oblata?

566 4662 724 4716 CYR.
784 4663 980 4733 Atqui,
1038 4664 1267 4728 Palladi,
1313 4658 1604 4732 perspicua
1643 4667 1730 4715 est
1776 4659 1974 4716 oratio.
2028 4660 2081 4716 Is

495 4754 643 4808 enim
665 4755 759 4824 qui
783 4755 1040 4826 pietatem
1062 4757 1245 4811 colere
1262 4749 1576 4806 volentibus
1598 4751 1838 4820 obsistit,
1867 4761 1924 4808 et
1952 4769 2079 4810 cum

498 4849 608 4903 illis
644 4857 871 4918 pugnat,
917 4849 1001 4903 sin
1043 4849 1226 4902 minus
1270 4844 1433 4914 pleno
1477 4843 1711 4914 imperio
1751 4847 2083 4918 quibusdam

498 4941 769 4997 dominari
804 4942 987 5006 liceat,
1020 4939 1212 4995 saltem
1235 4936 1419 5004 aliqua
1455 4948 1523 4990 ex
1554 4945 1713 5007 parte
1740 4938 1796 4993 id
1831 4940 2083 4996 obtinere

499 5029 688 5101 cupit;
733 5040 790 5085 at
812 5046 942 5085 vero
972 5028 1070 5084 Dei
1108 5027 1193 5080 lex
1231 5025 1378 5079 omni
1414 5040 1483 5081 ex
1518 5035 1677 5096 parte
1718 5030 1938 5098 penitus
1980 5046 2083 5087 nos

501 5120 784 5175 discedere
798 5120 977 5183 docet,
994 5117 1100 5189 45
1116 5114 1364 5185 nihilque
1381 5116 1697 5186 relinquere
1717 5119 1863 5174 illius
1884 5121 2080 5177 ditioni

500 5219 667 5280 atque
690 5210 925 5280 imperio
960 5206 1309 5276 subjectum:
1352 5220 1460 5260 non
1498 5207 1666 5261 ullam
1708 5209 1922 5273 animm,
1966 5228 2074 5266 non

499 5301 704 5356 mentis
720 5307 952 5370 partem,
966 5311 1077 5350 non
1097 5294 1328 5367 alicujus
1343 5298 1593 5370 corporei
1612 5308 1793 5355 motus
1810 5313 2071 5371 opportu-

499 5392 733 5447 nitatem
751 5407 764 5443 :
784 5388 853 5443 ad
869 5388 987 5442 haec
998 5384 1370 5456 pulcherrima
1387 5405 1616 5459 quaeque
1630 5398 1687 5445 et
1707 5392 1939 5459 eximia;
1956 5411 2078 5465 qure

501 5482 560 5537 in
600 5478 854 5537 saeculari
895 5477 1009 5531 vita
1057 5476 1185 5541 sint,
1244 5479 1359 5535 Deo
1397 5481 1599 5536 offerre
1645 5483 1848 5539 debere
1895 5487 2073 5542 docet.

498 5575 563 5631 ld
598 5575 748 5628 enim
775 5570 1090 5644 signiﬁcare
1133 5570 1392 5638 arbitror,
1422 5588 1488 5628 ex
1530 5573 1762 5647 {Egypto
1805 5580 2076 5648 accipere,

2252 4661 2417 4716 ΚΥΡ.
2454 4662 2566 4716 Καὶ
2596 4662 2723 4735 μὴν,
2761 4656 2805 4717 ὧ
2832 4666 3015 4735 ἑταῖρε
3035 4707 3050 4731 ,
3096 4668 3274 4739 σαφὴς
3302 4671 3330 4723 ό
3365 4669 3541 4740 λόγος,
3577 4673 3635 4726 Ὀ
3666 4673 3774 4744 μὲν

2184 4752 2294 4824 γὰρ
2330 4757 2443 4818 τοῖς
2485 4755 2732 4809 εὐσεϐεῖν
2768 4755 3044 4812 ἐθέλουσιν
3076 4760 3425 4832 ἀνθεστηκὼς
3454 4763 3549 4816 καὶ
3596 4764 3772 4835 μαχό-

2189 4862 2348 4914 μενος
2370 4887 2384 4910 ,
2417 4849 2465 4899 εἰ
2497 4847 2571 4917 μὴ
2607 4849 2887 4912 παντελῶς
2923 4850 3072 4922 ἐξείη
3119 4852 3179 4905 τὸ
3218 4853 3309 4906 ὑπ’
3356 4855 3505 4925 αὐτῷ
3547 4857 3771 4912 κεῖσθαί

2183 4953 2365 5001 τινας,
2400 4937 2505 4992 κᾶν
2530 4939 2660 5008 γοῦν
2694 4942 2758 4994 ὲκ
2792 4941 2991 5012 μέρους
3017 4943 3177 4997 τοῦτο
3219 4944 3362 5016 ἔχειν
3406 4947 3668 5018 ἐπιθυμεῖ
3694 4967 3709 4981 ·
3741 4953 3771 5004 ὁ

2180 5026 2239 5080 δέ
2277 5045 2340 5095 γε
2375 5028 2470 5083 τοῦ
2505 5030 2640 5084 Θεοῦ
2669 5033 2834 5104 νόμος
2862 5037 3184 5108 τομωτάτην
3218 5036 3340 5091 τινὰ
3375 5026 3648 5093 ποιεῖσθαι
3688 5041 3772 5093 δι-

2181 5120 2371 5175 δάσκει
2409 5121 2506 5194 τὴν
2552 5125 2944 5197 ἀποφοίτησιν,
2990 5127 3099 5182 οὐδ’
3135 5128 3439 5185 ὁπωστιοῦν
3471 5132 3563 5185 ὑπ’
3613 5133 3774 5205 αὐτῷ

2183 5211 2396 5265 κεῖσθαί
2437 5230 2496 5267 τε
2526 5216 2620 5268 καὶ
2653 5217 2835 5286 μένειν
2864 5218 3098 5287 ἐῶντας,
3127 5222 3186 5274 οὐ
3217 5221 3414 5293 ψυχῆς,
3449 5222 3509 5276 οὐ
3532 5223 3625 5277 νοῦ
3664 5225 3772 5295 μό-

2186 5319 2320 5374 ριον,
2353 5304 2413 5357 οὐ
2454 5308 2764 5377 σωματικοῦ
2797 5314 3094 5381 κινήματος
3120 5313 3396 5385 ἀφορμήν.
3429 5315 3663 5386 Προσέτι
3711 5315 3771 5369 δὲ

2182 5393 2294 5447 δεῖν
2323 5394 2418 5448 καὶ
2442 5396 2541 5466 τῆς
2567 5398 2625 5451 ὲν
2652 5398 2840 5470 κόσμῳ
2868 5399 3014 5470 ζωῆς
3040 5401 3105 5454 τὰ
3129 5402 3387 5456 κάλλιστά
3413 5420 3472 5455 τε
3501 5403 3592 5456 καὶ
3616 5402 3773 5468 ἐξαί-

2189 5505 2317 5557 ρετα
2348 5488 2741 5559 προσκομίζειν
2779 5491 2917 5563 Θεῷ.
2953 5492 3124 5546 Τοῦτο
3151 5495 3259 5566 γὰρ
3283 5492 3433 5565 οἴμαι
3462 5495 3677 5566 δηλοῦν.
3710 5497 3775 5550 τὺ

2188 5581 2245 5647 ἐξ
2292 5581 2565 5650 Αἰγύπτου
2609 5583 2818 5653 λαϐεῖν,
2861 5586 2955 5639 καὶ
2998 5586 3303 5641 καταθῦσαι
3354 5588 3493 5660 Θεῷ.
3541 5589 3609 5641 Ἦ
3640 5589 3773 5660 οὐχὶ

575 5752 619 5783 ³⁸
655 5752 813 5806 Rom.
844 5768 916 5817 τι,
974 5752 1057 5807 l9.
1136 5756 1180 5785 ’⁵
1204 5753 1317 5807 Jac.
1378 5768 1465 5816 tv,
1518 5755 1567 5807 7.
1646 5755 1689 5785 ³³
1726 5754 1898 5809 Exod.
1933 5772 1985 5820 Χ,
2028 5730 2230 5814 21-96..
