3968 6300
307 287 414 346 205
1054 283 1173 346 ’ΠΕ
1191 281 1635 347 ἈΒΟΒΔΊΊΟΝΕ
1669 282 1735 341 IN
1785 283 1874 341 Sl’l

2006 276 2057 338 Ι]
2091 276 2185 336 ΕΤ
2218 274 2593 333 VERITATE.
2631 272 2765 331 ΠΒ.
2796 273 2844 331 Ἰ.
3469 273 3573 330 206

306 402 458 456 τουτί
482 402 654 475 δρῷεν
682 403 751 457 ἂν
779 403 830 458 οῖ
861 401 949 458 διά
972 403 1166 474 σοφίας
1193 403 1466 475 κοσμικῆς
1492 404 1602 464 τοῖς
1634 401 1801 471 ἱεροῖς
1825 414 1873 450 τε

2008 410 2057 450 ιο
2093 394 2205 449 Deo
2239 400 2463 463 accepta
2500 388 2832 447 sacriﬁcare.
2864 393 2947 444 An
2974 404 3107 445 vero
3132 403 3245 444 non
3279 387 3335 443 id
3363 386 3575 444 faciunt

308 494 404 549 καὶ
447 493 618 558 θείοις
654 493 815 566 ἡμῶν
846 494 1309 567 ὲπαγωνιζόμενοι
1348 493 1652 563 δόγμασιν,
1689 490 1783 546 καὶ
1826 488 1875 542 τί

2006 487 2089 558 ιιιὶ
2123 485 2405 557 sapientiae
2435 481 2728 539 mundana:
2754 480 2923 536 armis
2959 494 3061 551 pro
3119 481 3291 537 sacris
3341 481 3573 539 divinis-

306 584 558 657 λαμπρὸν
575 587 634 639 ὲν
648 585 813 653 λέξει,
836 587 932 640 καὶ
948 587 1010 640 τὸ
1026 588 1085 641 ἐν
1106 586 1312 658 είδήσει
1333 585 1530 657 πικρὸν
1555 583 1873 655 θηρώμενοι,

2009 594 2103 649 lue
2138 578 2345 634 nostris
2374 574 2643 648 dogmatis
2672 580 2902 650 certant,
2938 584 2996 628 et
3033 573 3291 631 dictionis
3320 576 3576 646 splendo-

306 678 402 733 καὶ
428 678 528 749 τὴν
552 678 783 751 λογικὴν
806 678 1064 750 λατρείαν
1091 675 1470 740 ἐπιτελοῦντες
1497 674 1617 746 Θεῷ
1637 692 1653 742 ;
1674 692 1700 727 ηι
1728 675 1873 728 Πᾶσα

2006 685 2113 726 rem
2140 670 2496 742 conjunctum
2522 681 2648 723 cum
2672 665 2916 722 scientiae
2943 664 3244 723 acrimonia
3274 676 3573 734 sectantur,

309 768 411 840 μὲν
441 768 552 840 γὰρ
584 768 748 839 σοφία
788 768 942 841 παρά
978 768 1213 840 Κυρίου,
1256 785 1278 822 ι
1306 769 1456 823 κατὰ
1475 765 1539 821 τὸ
1566 763 1876 837 γεγραμμέ-

2010 778 2059 818 Ic
2114 763 2229 819 Deo
2275 761 2542 816 rationale
2608 759 2934 829 obsequium
2978 757 3283 813 exhibent?
3314 759 3577 825 Quamvis

308 877 417 915 νον.
459 860 600 916 Ἀλλ’
629 864 688 917 ἐν
728 862 1001 935 πνεύματι
1031 861 1317 935 κοσμικῷ,
1344 863 1473 925 τοὺς
1499 861 1632 933 παρ’
1663 860 1875 930 Ἕλλησι

2008 853 2144 909 enim
2185 870 2203 904 ι
2235 852 2417 907 omnis
2480 849 2747 920 sapientia
2804 864 2836 903 a
2890 846 3144 914 Domino,
3166 848 3211 881 ⁸⁷
3249 865 3270 899 ι
3330 859 3391 905 ut
3438 851 3575 907 seri-

307 953 537 1026 ποιητὰς
565 955 660 1010 καὶ
688 955 1064 1028 λογογράφους
1089 958 1170 1020 είς
1200 955 1362 1011 τοῦτο
1381 955 1760 1026 λαμπρότητος
1788 952 1874 1021 τῆς

2011 954 2151 1016 ptum
2207 953 2311 1010 est,
2370 953 2553 1001 tamen
2611 949 2803 1013 poetas
2863 941 3151 1013 gentilium
3224 950 3389 1014 atque
3437 945 3578 999 scrin

310 1048 432 1101 κατ’
461 1048 794 1118 εὐγλωττίαν
832 1049 1126 1120 ἀφικέσθαι
1160 1049 1367 1121 φαμέν,
1395 1048 1511 1103 Καὶ
1535 1046 1667 1116 γοῦν
1698 1047 1730 1099 ὁ
1765 1044 1877 1099 θεσε

1999 1043 2184 1106 ptores
2209 1034 2489 1090 mundano
2520 1032 2717 1104 spiritu
2744 1032 2819 1087 ad
2857 1048 2982 1087 eum
3018 1032 3348 1103 eloquentia:
3392 1034 3566 1104 splen-

310 1138 500 1204 πέσιος
533 1139 747 1204 Παῦλος
769 1156 780 1170 ·
818 1159 837 1193 ι
877 1141 953 1194 Οὐ
981 1141 1044 1197 τὸ
1071 1140 1289 1212 πνεῦμα
1315 1180 1331 1205 ,
1370 1140 1525 1211 φησὶ,
1549 1139 1646 1194 τοῦ
1680 1138 1877 1206 κόσμοι

2009 1127 2188 1183 iorem
2230 1126 2545 1197 pervenisse
2575 1124 2850 1191 dicimus;
2895 1124 3079 1195 itaque
3118 1124 3313 1180 beatus
3353 1125 3576 1212 Paulus,

307 1202 500 1285 τούτου
539 1202 825 1304 ἐλάϐομεν,
854 1231 995 1288 ἀλλά
1035 1232 1099 1287 τὸ
1383 1202 1459 1286 3:3
1498 1202 1563 1286 ἐκ
1593 1228 1732 1285 Θεοῦ
1755 1202 1874 1295 ,νῖνο

2014 1239 2023 1271 ι
2067 1220 2188 1275 Non
2217 1219 2479 1289 spiritum
2514 1237 2562 1284 ι,
2600 1219 2800 1288 inquit,
2842 1236 2863 1270 ι
2893 1219 3084 1274 mundi
3142 1219 3309 1291 hujus
3361 1202 3581 1292 accepi-

310 1325 509 1395 ῐδωμεν
551 1327 622 1381 τά
662 1325 772 1380 ὑπὸ
804 1325 901 1380 τοῦ
937 1324 1075 1380 Θεοῦ
1125 1325 1456 1399 χαρισθέντα
1501 1326 1670 1395 ἡμῖν’
1719 1322 1756 1377 ἀ
1795 1322 1877 1375 καῖ

2014 1329 2142 1378 nus,
2178 1313 2275 1367 sed
2303 1312 2560 1383 spiritum
2585 1311 2679 1384 qui
2702 1328 2771 1367 ex
2808 1312 2922 1367 Deo
2950 1321 3055 1378 est,
3094 1321 3152 1368 ut
3178 1314 3415 1371 sciamus
3459 1333 3581 1387 quas

306 1418 713 1493 λαλρῦμεν,ὀὺκ
732 1421 792 1475 ὲν
812 1420 1081 1485 διδακτοῖς
1103 1420 1295 1489 σοφίας
1313 1417 1661 1488 ἀνθρωπίνης
1685 1415 1867 1483 λόγοις

2013 1422 2029 1461 ι
2067 1407 2178 1460 Deo
2211 1405 2415 1460 donata
2445 1413 2575 1460 sunt
2605 1404 2802 1470 nobis;
2841 1420 2963 1475 qua
2993 1416 3051 1461 et
3079 1406 3360 1477 loquimur
3386 1424 3497 1463 non
3523 1410 3580 1465 in

302 1511 423 1565 ἀλλ’
448 1514 508 1568 ὲν
540 1513 811 1581 ἀποδείξει
839 1511 1170 1584 πνεύματος.
1204 1531 1226 1566 ο
1265 1513 1388 1567 Ὅτι
1418 1511 1476 1565 δὲ
1509 1506 1579 1581 ἦν
1616 1506 1833 1580 ἀληθῶς
1860 1525 1869 1558 ι

2015 1496 2459 1553 )ersuasibilibus
2490 1497 2743 1553 humanae
2798 1497 3079 1568 sapientia:
3131 1500 3334 1566 verbis,
3378 1501 3476 1556 sed
3524 1502 3582 1557 in

305 1602 514 1673 Μωσῆς
548 1602 606 1656 ἐν
647 1604 827 1667 σκιαῖς
878 1601 993 1669 ἔτι,
1029 1600 1100 1656 τὰ
1148 1600 1407 1673 ἐξαίρετα
1457 1600 1560 1669 τῆς
1596 1600 1655 1654 ὲν
1696 1598 1872 1669 κόσμιι

2015 1590 2309 1646 ›ειοιιείοιιο
2326 1591 2558 1662 spiritus
2580 1591 2647 1645 “.
2682 1611 2700 1643 ›
2728 1589 2889 1658 Quod
2915 1606 3046 1646 vero
3076 1592 3303 1664 Moyses,
3330 1592 3460 1650 licet
3481 1595 3582 1650 ad-

303 1691 455 1763 ζωῆς
484 1694 583 1746 οὐκ
605 1693 887 1764 ἀπόϐλητα
908 1691 1236 1764 γενήσεσθαι
1264 1691 1441 1761 λέγων
1466 1689 1544 1761 τῷ
1570 1687 1713 1744 κατά
1729 1687 1870 1758 φύσιε

2015 1686 2272 1750 imbrate,
2293 1699 2423 1739 vere
2450 1692 2632 1740 tamen
2658 1684 2824 1749 dicat,
2845 1699 2969 1754 quae
2995 1685 3048 1739 in
3078 1686 3190 1741 vita
3210 1686 3314 1741 hac
3334 1688 3582 1744 smculari

303 1780 462 1852 Θεῷ,
510 1783 856 1854 παραχρῆμα
897 1782 1173 1835 δείκνυσιν
1206 1779 1494 1852 ἐναργῶς,
1529 1777 1670 1849 πλὴν
1710 1777 1786 1840 ὡς
1828 1777 1870 1829 ἐπ

2013 1779 2270 1848 mecipua
2310 1777 2604 1841 habentur,
2636 1792 2701 1832 ea
2741 1777 2968 1834 minime
2990 1794 3028 1834 ’a
3060 1781 3173 1835 Deo
3198 1796 3333 1837 vero
3373 1783 3580 1853 respui,

300 1871 462 1944 τύπῳ
490 1873 586 1927 καὶ
624 1876 773 1946 σκιᾷ.
817 1874 952 1928 Θεοῦ
982 1874 1092 1945 γὰρ
1130 1872 1560 1945 προστάττοντος
1607 1868 1867 1926 σκυλεύειτ

2017 1870 2261 1925 :ontinuo
2294 1869 2583 1925 evidenter
2631 1870 2893 1935 ostendit,
2936 1872 2989 1926 in
3026 1873 3198 1944 ﬁgura
3230 1875 3497 1932 duntaxat
3527 1886 3584 1933 et

297 1964 433 2029 τοὺς
461 1965 818 2034 Αἰγυπτίους,
853 1967 1033 2036 χρυσᾶ
1058 1983 1121 2019 τε
1150 1965 1246 2020 καὶ
1275 1965 1495 2038 ἀργυρᾶ
1536 1963 1706 2035 σκεύη
1751 1963 1860 2034 χρή

2014 1965 2213 2019 imbr'a.
2240 1960 2339 2018 Dei
2376 1977 2615 2032 namque
2644 1963 2823 2033 jussu,
2856 1961 3139 2036 {Egyptios
3179 1968 3435 2037 spoliare,
3482 1985 3581 2024 au-

297 2056 508 2111 σασθαι
536 2057 648 2111 δεῖν
676 2055 881 2126 ἔφασκε
900 2098 916 2122 ,
950 2056 1102 2128 παρά
1136 2073 1197 2110 τε
1229 2056 1497 2127 συσκήνου
1519 2055 1612 2111 καὶ
1634 2054 1864 2124 γείτονος

2017 2073 2199 2127 eaque
2228 2064 2287 2111 et
2320 2063 2576 2126 argentea
2621 2068 2750 2109 vasa
2793 2065 2987 2111 mutuo
3032 2058 3282 2128 accipere
3329 2070 3584 2130 oportere

286 2146 329 2199 ὓ
358 2146 427 2217 δὴ
460 2146 557 2201 καὶ
591 2145 910 2219 περαίνεται
934 2146 1023 2201 διὰ
1051 2147 1348 2216 γυναικῶν.
1382 2144 1631 2217 Ψίθυρον
1663 2145 1772 2216 γὰρ
1806 2145 1853 2199 ἀι

2019 2151 2131 2206 licit
2154 2166 2192 2205 'a
2214 2150 2595 2209 contubernali
2634 2148 2798 2207 simul
2848 2160 3010 2224 atque
3047 2153 3249 2209 vicino.
3300 2153 3457 2220 Quod
3499 2155 3586 2226 ip-

298 2238 424 2302 πώς
462 2238 670 2292 ἔστιτὸ
702 2237 894 2310 χρῆμα
923 2237 1018 2292 καὶ
1060 2237 1413 2303 γλαλίστατον,
1449 2237 1543 2291 καὶ
1578 2236 1716 2308 πρὸς
1750 2235 1865 2291 ἀπά

2018 2256 2122 2295 mm
2144 2256 2243 2311 per
2270 2242 2532 2298 mulieres
2557 2244 2861 2315 perfectum
2882 2252 2999 2311 est;
3035 2245 3404 2300 susurrationi
3425 2262 3585 2301 nam-

294 2346 406 2402 την
434 2330 762 2402 εὐμήχανον.
786 2328 965 2401 Σκεῦη
993 2331 1050 2385 δὲ
1080 2325 1237 2402 οἶμαι
1264 2331 1440 2401 χρυσᾶ
1474 2345 1535 2382 τε
1560 2327 1659 2382 οιαὶ
1679 2329 1861 2400 apro?

2019 2347 2107 2401 [ue
2138 2332 2186 2387 is
2222 2347 2388 2389 sexus
2427 2342 2513 2390 est
2541 2344 2599 2391 et
2643 2335 2965 2406 loquacitati
3015 2336 3354 2406 aptissimus,
3399 2344 3464 2393 et
3517 2338 3586 2394 ad

300 2421 460 2493 παρά
484 2421 597 2476 τῶν
623 2421 937 2492 Αἰγυπτίων
966 2422 1052 2493 εἴη
1085 2421 1177 2487 ἂν,
1212 2421 1469 2492 καθάπερ
1499 2419 1704 2491 ἀρτίως
1732 2418 1867 2488 ἔφην

2139 2424 2291 2479 indas
2323 2424 2545 2481 fraudes
2583 2426 2920 2497 ingeniosus.
2954 2426 3097 2483 Vasa
3125 2443 3292 2498 porro
3329 2444 3495 2484 aurea
3531 2437 3613 2485 et
3702 2413 3706 2419 ’

198 2585 203 2589 θ
297 2514 379 2568 τὰ
398 2509 481 2579 οἷς
503 2509 573 2586 ἦν
592 2513 739 2579 είκδς
763 2513 1270 2585 κατασεμνύνεσθαι
1290 2513 1398 2567 τῶν
1422 2513 1480 2566 ὲν
1509 2512 1700 2582 κόσμῳ
1718 2528 1765 2565 τι

2018 2524 2257 2588 trgentea
2293 2526 2488 2573 mutuo
2517 2518 2587 2574 ab
2617 2516 2887 2592 Egyptiis
2912 2527 3131 2591 sumpta
3168 2528 3316 2587 sunt,
3359 2530 3422 2577 ut
3463 2520 3585 2591 opi-

302 2606 359 2658 εἰ
391 2605 488 2659 καὶ
528 2604 662 2658 Θεὸν
708 2604 936 2678 εῖδησαν
963 2605 1056 2659 τὸν
1086 2604 1361 2677 ἀληθινόν.
1412 2604 1568 2657 Ἔστι
1606 2602 1664 2656 δὲ
1689 2603 1717 2656 ὃ
1752 2619 1869 2674 φημ

2019 2622 2121 2673 tor,
2146 2621 2220 2662 ac
2253 2607 2418 2663 modo
2443 2608 2577 2674 dixi,
2612 2608 2682 2664 de
2722 2608 2928 2679 quibus
2964 2624 3185 2679 aequum
3221 2619 3370 2667 esset
3415 2626 3586 2681 quos-

298 2696 512 2751 τοιόνδε
547 2713 602 2750 τι
646 2696 830 2755 πάλιν.
860 2696 1032 2751 Κοινὰ
1068 2698 1170 2768 μὶν
1206 2695 1315 2768 γὰρ
1347 2696 1550 2750 ἅπασιν
1587 2693 1865 2767 ἀνθρώποι

2021 2697 2125 2753 lam
2173 2699 2271 2770 qui
2322 2699 2380 2754 in
2428 2700 2628 2755 sarculo
2658 2707 2790 2755 sunt
2833 2700 3093 2772 εισι-ἰπὶ,
3118 2701 3164 2757 si
3214 2702 3385 2759 iidem
3412 2703 3588 2759 Deum

303 2789 379 2843 τὰ
421 2788 516 2844 νοῦ
561 2806 623 2843 τε
669 2790 766 2845 καὶ
796 2789 976 2863 ψυχῆς
1028 2790 1341 2862 κινήματα,
1385 2788 1482 2843 καὶ
1530 2791 1564 2860 ή
1616 2789 1753 2860 πρὸς
1786 2788 1870 2842 πᾶ

2023 2805 2219 2860 [noque
2239 2806 2434 2846 verum
2463 2800 2839 2863 agnoscerent.
2884 2790 2984 2848 Est
3007 2802 3191 2849 autem
3216 2794 3273 2850 id
3294 2795 3441 2866 quod
3465 2795 3590 2852 dico

299 2880 490 2934 ὁτιοῦν
518 2882 897 2954 ἐπιτηδειότης
929 2880 1139 2951 ἀγαθοῦ
1157 2899 1219 2935 τε
1253 2881 1348 2935 καὶ
1376 2878 1636 2952 πονηροῦ.
1679 2879 1818 2933 Ἀλλ’
1847 2896 1866 2932 c

2021 2898 2194 2939 'ursus
2225 2884 2631 2955 hujuscemodi.
2663 2884 2999 2942 Communes
3037 2896 3168 2943 sunt
3194 2888 3456 2943 omnibus
3484 2888 3588 2943 ho-

304 2973 416 3044 μὲν
442 2976 557 3038 τοῖς
586 2973 688 3045 τῆς
721 2973 937 3044 φύσεως
966 2973 1435 3045 πλεονεκτήμασιν
1461 2971 1871 3044 ἀποκεχρημένο

2022 2975 2246 3033 niuibus
2275 2976 2478 3033 mentis
2510 2985 2675 3048 atque
2706 2978 2906 3034 animae
2932 2986 3137 3043 motus,
3177 2987 3233 3035 et
3280 2990 3469 3050 aptum
3518 2977 3589 3036 ad

308 3065 499 3130 καλῶς
518 3107 535 3133 ,
569 3066 663 3120 τὸν
699 3065 902 3121 εὐκλεᾶ
933 3066 1035 3120 καὶ
1080 3065 1358 3138 ὲξαίρετον
1408 3063 1733 3137 κατορθοῦσι
1760 3062 1873 3133 βίον

2020 3068 2187 3124 )ωιιίιι
2224 3068 2507 3141 ingenium
2542 3076 2659 3124 tum
2698 3068 2766 3125 ad
2798 3070 3026 3135 bonum,
3069 3078 3187 3125 tum
3241 3070 3309 3125 ad
3361 3071 3587 3128 malum.

306 3156 383 3211 θῖ
406 3173 471 3225 γε
502 3155 612 3227 μὴν
638 3157 726 3226 ἐφ’
750 3154 789 3210 θ.
820 3156 897 3227 μὴ
947 3155 1225 3228 προσῆκεν
1251 3153 1591 3225 ἀνοητότατα
1618 3152 1873 3225 παρατρὲ

2022 3156 2114 3212 Sed
2137 3157 2235 3228 qui
2267 3165 2481 3214 natura;
2505 3157 2985 3229 praestantioribus
3008 3159 3171 3214 donis
3216 3168 3367 3215 recte
3419 3167 3589 3216 utun-

311 3261 545 3311 1ιιςοντες,
574 3244 1048 3318 παρασημαίνωσί
1075 3261 1193 3309 πως
1224 3243 1295 3298 τά
1334 3244 1435 3315 τῆς
1466 3242 1683 3312 φύσεως
1719 3241 1878 3311 ἀγαθὲ

2025 3262 2117 3313 ω’,
2161 3249 2480 3317 praeclaram
2520 3254 2690 3318 atque
2743 3247 3019 3318 egregiam
3055 3247 3225 3302 vitam
3273 3256 3443 3319 agunt
3488 3268 3501 3304 :
3536 3259 3592 3306 at

311 3338 408 3392 καὶ
427 3338 531 3411 τὴν
562 3337 647 3392 ἐπ’
681 3336 979 3408 αἰσχίστοις
1014 3335 1149 3390 ἰέναι
1173 3335 1382 3408 τρίϐον.
1428 3335 1675 3407 Ἀνδρεία
1703 3353 1766 3389 τε
1790 3334 1878 3407 γάγ

2025 3339 2101 3410 lui
2142 3339 2260 3395 haec
2317 3339 2388 3394 ad
2442 3354 2507 3393 ea
2555 3353 2679 3408 quae
2728 3338 2956 3393 minime
2996 3345 3213 3408 oportet
3270 3340 3592 3397 stultissime

314 3430 413 3486 καὶ
460 3430 723 3501 φρόνησις
770 3428 911 3483 καλά
959 3428 1059 3501 μὲν
1103 3430 1217 3492 τοῖς
1269 3428 1469 3500 ἄριστα
1514 3426 1879 3499 κεχρημένοις

2026 3429 2356 3499 letorquent,
2400 3429 2646 3484 indicant
2688 3428 2924 3499 quodam
2974 3428 3138 3485 modo
3182 3436 3395 3486 naturae
3449 3431 3593 3488 bona

316 3521 589 3593 ἐπιζήμια
618 3520 676 3574 δὲ
706 3522 819 3585 τοῖς
843 3521 944 3575 οὐκ
968 3520 1185 3592 ἔχουσιν
1215 3518 1395 3589 ὀρθῶς
1413 3534 1429 3549 ο
1458 3518 1636 3585 ἔξεστι
1669 3517 1768 3589 μὲν
1794 3519 1883 3590 γάι

2022 3516 2171 3572 atiam
2202 3516 2270 3570 ad
2303 3532 2390 3573 res
2419 3515 2768 3587 turpissimas
2800 3516 3085 3572 transferri
3122 3533 3304 3588 posse.
3344 3520 3589 3577 Fortitu-

316 3613 667 3685 ἀνδρίζεσθαι
715 3613 811 3668 καὶ
860 3615 1079 3685 φρονεῖν
1121 3613 1220 3667 σὺν
1262 3610 1468 3680 ἐπαίνῳ
1520 3612 1615 3665 καὶ
1660 3611 1872 3681 κρότοις

2026 3607 2080 3663 lo
2118 3607 2266 3663 enim
2304 3617 2359 3664 et
2402 3608 2717 3680 prudentia,
2749 3608 3010 3679 pmclara
3052 3618 3181 3665 sunt
3225 3610 3318 3667 illa
3368 3613 3593 3683 quidem

318 3705 500 3772 ἔξεστι
525 3705 586 3759 δὲ
610 3700 678 3760 αὖ
699 3706 797 3760 σὺν
827 3704 996 3776 πολλῇ
1026 3704 1091 3775 δὴ
1117 3702 1291 3757 ταῦτα
1320 3702 1619 3773 κεκτῆσθαι
1640 3701 1881 3774 καταῦοῇ

2027 3699 2215 3779 )ptime
2258 3700 2564 3765 utentibus,
2599 3698 2792 3756 eadem
2845 3712 3036 3755 rursus
3082 3715 3193 3756 non
3231 3710 3385 3758 recte
3416 3704 3594 3774 possi-

319 3801 495 3855 Ταυτὶ
519 3798 588 3872 δὴ
612 3798 769 3855 κοινά
791 3799 889 3853 καὶ
913 3798 973 3851 ὲν
999 3796 1166 3852 πᾶσίν
1186 3796 1324 3862 εστι,
1350 3794 1445 3849 καὶ
1461 3795 1521 3849 ὲν
1543 3797 1654 3858 τοῖς
1674 3793 1755 3848 ἐτι
1773 3794 1884 3849 πλα

2029 3793 2272 3849 lentibus
2297 3794 2495 3849 noxia:
2530 3794 2802 3865 contingit
2829 3793 2978 3849 enim
3016 3793 3235 3851 fortiter
3259 3810 3323 3851 ac
3352 3796 3596 3866 pruden-

322 3893 612 3965 νωμένοις,
643 3892 738 3946 καὶ
761 3891 821 3944 ὲν
846 3892 961 3955 τοῖς
988 3888 1154 3943 εἰδόσι
1176 3887 1332 3943 Θεόν.
1355 3886 1485 3941 Ὅτε
1515 3885 1647 3957 γοῦν
1677 3888 1713 3957 ἡ
1743 3885 1888 3940 πάλα

2032 3897 2098 3938 er
2126 3898 2188 3941 se
2227 3899 2422 3954 gerere
2463 3898 2590 3939 cum
2640 3883 2901 3940 laudibus
2947 3899 3013 3940 ac
3059 3885 3278 3956 plausu,
3327 3887 3599 3959 contingit

321 3985 662 4055 φαυλότητος
681 3983 907 4055 ἐργάτις
931 3980 1177 4054 ἀνδρεία,
1198 3980 1295 4035 καὶ⁸
1315 3978 1377 4034 τὸ
1399 3979 1458 4034 ὲν
1477 3977 1689 4032 συνέσει
1712 3977 1888 4048 πικρὸε

2032 3983 2147 4033 tem
2184 3975 2302 4033 haec
2329 3975 2541 4031 teadem
2589 3990 2717 4031 cum
2770 3991 2969 4047 magno
3018 3977 3265 4032 manium
3325 3977 3598 4033 dedecore

331 4077 765 4149 μετατρέποιντο
796 4074 935 4147 πρὸς
967 4071 1125 4145 ἡμῶν
1168 4074 1251 4136 είς
1292 4071 1354 4125 τὸ
1401 4069 1592 4126 δοκοῦν
1629 4069 1709 4142 τῷ
1753 4068 1898 4141 Θεῷ1

2031 4067 2314 4136 possidere.
2378 4067 2509 4124 Haec
2584 4074 2771 4121 autem
2823 4068 3136 4121 communia
3183 4073 3347 4130 sunt,
3416 4075 3474 4122 et
3540 4067 3598 4122 in

330 4169 618 4240 μονονουχὶ
656 4169 754 4224 καὶ
783 4167 846 4232 ἐξ
881 4163 1200 4236 Αἰγυπτίων
1238 4163 1546 4234 ληφθέντα,
1579 4164 1675 4218 καὶ
1704 4164 1770 4217 ὲκ
1811 4165 1897 4235 τῆς

2029 4157 2124 4231 ω
2157 4158 2435 4222 omnibus,
2468 4165 2579 4212 tam
2610 4157 2668 4211 in
2707 4157 2774 4211 iis
2801 4156 2896 4225 qui
2919 4156 3103 4211 adhuc
3138 4157 3196 4210 in
3234 4172 3425 4212 errore
3470 4172 3596 4213 ver-

326 4263 386 4315 lv
411 4261 610 4332 κόσμῳ
634 4260 782 4332 ζωῆς
800 4298 818 4325 ,
852 4257 975 4330 ιερά
999 4274 1060 4311 τε
1101 4256 1197 4312 καὶ
1222 4255 1594 4326 εὐπρόσδεκτα
1620 4255 1893 4326 ηγενήσετα

2030 4258 2226 4316 tantur,
2256 4264 2421 4319 quam
2448 4248 2505 4303 in
2523 4247 2594 4302 iis
2617 4247 2711 4317 qui
2734 4245 2908 4301 Deum
2937 4255 3300 4316 agnoverunt.
3325 4247 3462 4303 Cum
3493 4249 3597 4320 igi-

325 4355 406 4426 τῷ
427 4329 549 4426 Θεῷ
572 4329 592 4386 ί
621 4329 1082 4424 μεταρυθμίζεται
1109 4349 1218 4422 γάρ
1244 4349 1323 4426 είς
1345 4346 1548 4419 ἀρετῆς
1575 4346 1786 4418 χρείαν,
1819 4348 1892 4400 κα

2035 4359 2109 4398 .ur
2137 4339 2425 4404 fortitudo,
2458 4353 2581 4408 quae
2606 4336 2761 4408 prius
2786 4329 3044 4406 nequitiae
3078 4334 3254 4389 fuerat
3291 4336 3509 4401 artifex,
3541 4347 3602 4393 et:

653 4439 951 4514 ἀγιασμοῦ,
977 4440 1229 4513 καθάπερ
1242 4424 1448 4511 ’ἀμέλει
1464 4437 1536 4493 τὰ
1555 4438 1616 4504 ἐξ
1637 4438 1897 4509 Δίγύπτοι

2039 4432 2154 4489 llud
2194 4445 2430 4488 acumen
2497 4424 2872 4497 intelligentiae
2900 4424 2971 4480 ab
3009 4423 3275 4497 Egyptiis
3328 4425 3603 4496 quodam-

331 4517 505 4607 σκεύη
541 4538 724 4608 χρυσᾶ
748 4553 810 4589 τε
829 4535 924 4588 καὶ
941 4534 1161 4607 ἀργυρᾶ
1193 4532 1331 4604 πρὸς
1352 4532 1704 4603 κατασκευήν
1733 4548 1796 4585 τε
1821 4530 1898 4584 κα⁴

2033 4524 2185 4582 modo
2214 4533 2272 4580 et
2296 4539 2327 4579 a
2364 4520 2612 4578 sazculari
2642 4518 2756 4574 vita
2785 4524 3065 4589 sumptum
3113 4517 3180 4573 ad
3230 4518 3285 4573 id
3328 4520 3600 4574 converti-

330 4628 685 4699 ἀποτέλεσμα
711 4628 811 4699 τῆς
850 4627 1012 4697 ἀγίας
1064 4626 1270 4697 σκηνῆς
1314 4623 1596 4695 ἀνεδείχθη
1646 4624 1891 4695 χρήσιμα

2033 4634 2165 4684 mus,
2207 4615 2354 4688 quod
2396 4614 2510 4670 Deo
2547 4619 2779 4683 gratum
2802 4612 2911 4675 est,
2956 4625 3110 4666 sacra
3144 4620 3259 4666 tum
3304 4618 3470 4665 erunt
3504 4625 3597 4665 ac-

332 4721 495 4777 Μετά
508 4721 569 4776 δὲ
595 4722 658 4774 τὸ
682 4719 1116 4782 σκυλεῦσαιτοὺς
1137 4717 1485 4787 Αἰγυπτίους,
1513 4714 1736 4769 καὶτῶν
1766 4731 1899 4787 πρωι

2035 4718 2290 4780 :eptaque
2337 4706 2494 4770 Deo;
2546 4701 2957 4759 transferuntur
3027 4700 3177 4755 enim
3236 4699 3306 4753 ad
3371 4699 3602 4756 virtutis

332 4817 572 4871 τοτόκων
587 4815 682 4869 τὸν
698 4814 950 4876 θάνατον,
973 4811 1336 4883 λελύτρωνται
1358 4808 1511 4881 μόλις
1529 4808 1580 4861 οί
1594 4805 1655 4874 ἐξ
1678 4805 1894 4878 Ἰσραὴλ

2030 4818 2185 4859 usum
2215 4799 2631 4870 sanctitatisque
2648 4795 3056 4860 ministerium;
3093 4801 3155 4849 ut
3196 4793 3290 4848 illa
3337 4793 3597 4848 nimirum

338 4908 747 4971 καταθύσαντες
772 4906 862 4960 τὸν
888 4906 1057 4977 ἀμνὸν
1087 4906 1167 4970 είς
1196 4903 1368 4957 τύπον
1407 4897 1649 4975 Χριστοῦ
1670 4916 1683 4929 ο
1714 4894 1782 4971 ἦν
1810 4898 1905 4971 γὰρ

2033 4911 2093 4952 ex
2116 4894 2350 4967 Egypto
2370 4906 2535 4949 aurea
2566 4898 2933 4963 argenteaque
2954 4901 3085 4941 vasa
3111 4884 3180 4940 ad
3208 4884 3600 4940 exstruendum

338 5004 442 5076 οὐχ
467 5004 673 5075 ἑτέρως
696 4972 960 5058 δύνασθαι
982 4999 1076 5055 τοῦ
1091 4998 1301 5055 τοιοῦδε
1319 4972 1525 5069 τυχεῖν,
1550 4994 1784 5066 ἐπείπερ
1802 4994 1905 5048 toti

2036 4985 2528 5059 periiciendumque
2558 4978 2973 5037 tabernaculum
3005 4974 3162 5030 utilia
3208 4972 3380 5030 fuisse
3416 4973 3603 5029 decla-

343 5065 495 5150 πέσα
818 5094 876 5147 ὲν
912 5091 1134 5163 Χριστῷ
1154 5132 1169 5155 ,
1199 5091 1293 5144 καὶ
1315 5065 1574 5142 δι”αὐτοῦ
1603 5065 1910 5148 πᾶσαδόσις

2035 5087 2210 5141 ratum
2242 5085 2344 5135 est.
2382 5077 2515 5132 Post
2532 5069 2981 5144 exspoliationem
3020 5067 3188 5139 igitur
3226 5065 3602 5166 Egyptiorum

341 5188 549 5260 ἀγαθή.
589 5155 997 5258 ’ἐκπέμπονται
1019 5183 1075 5237 δὲ
1095 5155 1196 5254 τῆς
1225 5179 1557 5250 Δίγυπτίων,
1582 5177 1726 5233 κατά
1751 5177 1908 5249 μέσηι

2034 5188 2095 5228 ac
2140 5177 2373 5227 mortem
2414 5163 2930 5239 primogenitorum,
2966 5160 3058 5216 vix
3099 5160 3320 5216 tandem
3384 5155 3601 5213 liberati

342 5248 552 5343 νῦκτα,
577 5248 860 5350 μονονουχὶ
880 5274 1103 5338 σκότους
1212 5248 1348 5343 ὁμοῦ
1371 5270 1466 5324 καὶ
1480 5268 1725 5333 δουλείας
1738 5248 1909 5323 ἀπαλ-

2032 5272 2160 5322 sunt
2184 5261 2460 5325 Israelita,
2485 5273 2610 5315 cum
2628 5271 2827 5328 agnum
2856 5255 2914 5311 in
2932 5254 3133 5311 Christi
3156 5254 3380 5324 ﬁguram
3401 5248 3599 5303 immo-

344 5344 713 5444 λαττόμενοι.·
738 5344 839 5424 Ἐν
849 5369 959 5440 γάρ
977 5384 1061 5423 τοι
1094 5365 1271 5437 σκότῳ
1306 5362 1385 5434 τῷ
1406 5361 1603 5434 νοητῷ,
1624 5361 1719 5415 καὶ
1738 5362 1837 5414 οὐκ
1865 5362 1911 5413 ἐι

2035 5358 2270 5422 lassent;
2292 5367 2471 5424 neque
2495 5350 2643 5406 enim
2671 5347 2727 5404 id
2749 5347 2909 5403 aliter
2924 5344 3144 5416 assequi
3173 5347 3454 5414 poterant;
3479 5354 3602 5393 nam

346 5466 488 5534 φωτὶ
506 5434 589 5535 τῷ
613 5446 773 5534 θείῷ,
804 5434 874 5515 τδ
892 5434 1078 5516 δοῦλον
1099 5460 1178 5522 είς
1211 5434 1487 5528 ἀμαρτίαν
1520 5453 1607 5508 ἀεί
1639 5469 1756 5516 πως
1783 5446 1913 5505 εἶναι

2037 5449 2213 5507 omnis
2243 5445 2549 5516 redemptio
2570 5443 2629 5498 in
2654 5441 2878 5498 Christo
2898 5446 3005 5505 est,
3029 5453 3093 5492 ac
3117 5451 3216 5507 per
3240 5434 3440 5535 ipsum.
3442 5443 3604 5484 omne

347 5520 516 5629 φιλεῖ.
625 5520 889 5628 Πᾶςιγάρ
919 5556 948 5609 ὁ
992 5553 1063 5607 τά
1107 5520 1287 5622 φαῦλα
1333 5520 1595 5621 πράσσων
1621 5588 1637 5613 ,
1674 5547 1824 5617 μισεῖ
1860 5545 1914 5598 τὲ

2039 5543 2225 5598 datum
2266 5537 2537 5611 optimum
2558 5536 2624 5590 θ’.
2659 5533 2998 5591 Emittuntur
3040 5536 3219 5583 autem
3270 5539 3339 5581 ex
3374 5520 3606 5592 Egypto

439 5734 734 5797 "EccliJ,
771 5733 820 5787 l.
894 5732 939 5763 ¹⁴
969 5731 989 5785 l
1019 5728 1143 5785 Cor.
1168 5744 1225 5790 ιι,
1264 5727 1345 5780 12.
1423 5726 1468 5758 ”
1487 5724 1601 5779 Jac.
1622 5739 1660 5787 ι,
1704 5723 1792 5775 i7.
