3968 6300
398 257 513 354 ,εἴη

1420 300 1479 354 S.
1521 300 1798 356 CYRILLI
1838 299 2311 356 ALEXANDRINI
2349 300 2666 356 ARCHIEP.

3565 306 3683 363 ’208

410 413 515 471 sub
538 422 755 470 noctem
785 413 1043 479 mediam,
1078 417 1475 485 propemodum
1503 434 1534 473 e
1559 418 1803 474 tenebris
1831 419 1979 475 simul

2099 420 2215 488 φῶς
2242 439 2288 487 ι,
2319 419 2463 473 κατὰ
2498 420 2598 492 τὴν
2623 418 2717 473 τοῦ
2738 419 2992 490 Σωτῆρος
3022 420 3226 492 φωνήν.
3266 419 3511 494 Ἀζυμον
3535 424 3592 479 δὲ
3621 427 3683 479 τὸ

410 522 474 561 ac
504 506 770 561 servitute
804 505 1073 577 profecti;
1102 508 1197 576 qui
1228 508 1378 563 enim
1425 510 1571 565 servi
1614 518 1744 565 sunt
1785 511 1996 581 peccati

410 614 631 670 semper
667 598 786 655 fere
826 598 1062 669 cupiunt
1084 598 1141 653 in
1173 600 1417 679 tenebris
1438 601 1821 671 spiritualibus
1852 618 1993 669 esse,

407 709 520 749 non
546 692 603 747 in
627 692 836 747 lumine
865 690 1054 746 divino
1078 709 1092 745 :
1126 710 1146 742 ί
1168 691 1350 747 omnis
1374 693 1524 747 enim
1562 692 1659 763 qui
1689 694 1833 748 male
1860 693 1994 765 agit,

406 788 526 843 odit
556 788 734 843 lucem
759 785 826 850 ³ο,
857 804 875 836 ι
909 792 971 839 ut
994 783 1244 840 Salvator
1260 784 1354 838 ait.
1375 782 1758 839 lnfermentata
1775 800 1995 855 quoque

382 878 725 950 vconspersio
750 877 1015 941 ell‘ertur,
1057 890 1123 931 ac
1155 874 1275 930 sine
1320 873 1524 929 viatico
1559 873 1795 945 fugiunt.
1840 893 1859 927 ‹
1899 875 1997 931 Ur-

407 970 796 1044 gebantenim,
840 989 858 1021 ι
883 968 1085 1040 inquit,
1117 986 1136 1019 ι
1165 966 1405 1039 Εςγρῑὶί
1437 966 1720 1038 populum,
1746 974 1808 1022 ut
1836 965 1992 1022 festi-

406 1072 604 1120 nanter
635 1063 904 1135 ejicerent
923 1076 1021 1116 eos
1053 1060 1122 1115 de
1161 1066 1329 1115 terra.
1353 1058 1620 1115 Dixerunt
1640 1059 1824 1115 enim:
1859 1057 1992 1115 Om-

396 1171 506 1210 nes
549 1170 651 1210 nos
699 1153 989 1208 morimur.
1033 1150 1183 1206 Tulit
1218 1157 1402 1206 autem
1446 1150 1683 1222 populus
1730 1166 1993 1221 consper-

405 1248 617 1302 sionem
640 1263 794 1303 suam
821 1254 1114 1317 antequam
1164 1243 1626 1300 fermentarentur
1665 1259 1858 1300 massa:
1894 1258 1992 1299 eo-

406 1357 549 1407 rum,
583 1356 721 1411 quas
762 1339 1063 1411 ligaverant
1087 1336 1142 1391 in
1183 1337 1432 1393 vestibus
1459 1336 1576 1392 suis
1608 1350 1774 1406 super
1802 1337 1996 1391 hume-

406 1450 497 1490 ros
521 1435 585 1487 ³¹.
626 1454 645 1485 ι
679 1433 868 1504 Neque
898 1431 1070 1497 enim,
1121 1437 1184 1485 ut
1228 1430 1447 1500 opinor,
1491 1429 1697 1485 debent
1743 1430 1838 1500 qui
1879 1429 1993 1484 Deo

406 1527 780 1582 adhaerescere
808 1523 1003 1589 velint,
1030 1524 1262 1595 ejusque
1294 1522 1722 1578 familiaritatem
1742 1521 1988 1588 inierint,

406 1618 682 1674 saecularis
730 1617 952 1672 malitia:
988 1614 1252 1686 reliquias
1300 1614 1468 1679 ferre,
1508 1630 1689 1685 neque
1728 1621 1992 1670 extraneo

382 1712 743 1783 .profanoque
785 1710 1028 1775 viatico,
1073 1708 1344 1780 spirituali
1396 1708 1690 1774 nimirum,
1736 1707 1988 1764 instructi

2098 514 2250 577 σταῖς
2285 512 2616 584 ἐκφέρεται,
2660 512 2757 567 καὶ
2813 512 3164 584 ἐπισιτισμοῦ
3214 513 3337 585 δίχα
3395 516 3677 586 φεύγουσι.

2099 624 2118 657 ι
2151 604 2552 669 Κατεδιάζοντο
2588 604 2698 677 γὰρ
2719 644 2735 669 ,
2780 606 2981 678 φησὶν,
3015 606 3067 659 ot
3097 604 3388 675 Αἰγύπτιοι
3409 608 3501 662 τὸν
3527 608 3679 675 λαὸν,

2099 697 2297 770 σπουδῇ
2327 697 2578 752 ἐκϐαλεῖν
2601 698 2803 762 αὐτοὺς
2827 697 2939 752 ἀπὸ
2965 699 3066 769 τῆς
3089 697 3216 768 γῆς.
3246 693 3426 755 Εἶπαν
3459 703 3569 773 γὰρ
3597 701 3679 755 ὅτι

2093 788 2298 853 πάντες
2325 790 2490 860 ἡμεῖς
2525 789 2970 861 ἀποθνήσκομεν.
3005 787 3262 843 ’Δνέλασε
3287 788 3344 843 δέ
3371 791 3400 843 ό
3432 789 3562 854 λαὸς
3584 792 3680 845 καὶ

2091 881 2153 935 τὸ
2198 885 2354 947 σταῖς
2380 882 2563 937 αὐτῶν
2610 882 2719 954 πρὸ
2766 881 2863 936 τοῦ
2900 881 3222 954 ζυμωθῆναι
3267 882 3339 936 τὰ
3376 882 3678 955 φυράματα

2092 972 2292 1041 αὐτῶν,
2319 972 2390 1027 τὰ
2409 973 2731 1045 ἐνδεδεμένα
2758 974 2818 1027 ἐν
2846 974 2961 1038 τοῖς
2986 973 3223 1043 ἱματίοις
3251 973 3433 1028 αὐτῶν
3454 972 3548 1027 ἐπὶ
3569 973 3679 1029 τῶν

2099 1063 2288 1133 ὤμων.
2330 1082 2348 1116 ι
2381 1065 2456 1118 Οὐ
2484 1065 2594 1136 γὰρ
2625 1060 2778 1136 οἶμαι
2802 1064 2941 1130 δεῖν,
2975 1066 3102 1130 τοὺς
3124 1064 3204 1137 τῷ
3224 1064 3345 1136 Θεῷ
3380 1064 3677 1120 κολλᾶσθαι

2097 1155 2412 1227 μέλλοντας,
2445 1155 2755 1225 οἰκειότητά
2780 1172 2841 1209 τε
2866 1155 3007 1227 πρὸς
3036 1150 3202 1210 αὐτὸν
3222 1155 3555 1227 ᾑρημένους,
3577 1172 3679 1209 κα-

2093 1250 2220 1313 κίας
2249 1248 2498 1319 λείψανον
2526 1248 2887 1322 ἐπιφέρεσθαι
2918 1251 3192 1321 κοσμικῆς
3212 1290 3227 1315 ,
3260 1248 3387 1302 οὔτε
3426 1248 3538 1319 μὴν
3574 1247 3674 1302 ἀλ-

2092 1340 2332 1414 λοτρίαις
2356 1358 2416 1396 τε
2438 1342 2535 1396 καὶ
2556 1342 2796 1412 ἀνιέροις
2830 1341 3215 1412 ἐφοδιάζεσθαι
3239 1344 3492 1414 τροφαῖς,
3516 1341 3677 1413 δῆλον

2092 1433 2151 1488 δὲ
2188 1434 2270 1487 ὅτι
2300 1436 2420 1498 ταῖς
2446 1435 2664 1505 νοηταῖς
2689 1449 2704 1464 ο
2736 1432 2981 1504 ἀζύμους
3007 1432 3065 1486 δὲ
3096 1429 3234 1486 εἶναι
3260 1432 3435 1501 φιλεῖν
3453 1434 3671 1505 ἄρτους,

2092 1528 2154 1581 τὸ
2196 1526 2445 1598 ἐφίεσθαι
2496 1526 2684 1580 λοιπὸν
2713 1524 2809 1579 τοῦ
2857 1523 3251 1594 ζωογονοῦντος
3291 1524 3382 1579 τὸν
3430 1525 3632 1597 κόσμον
3657 1541 3670 1554 °

2094 1620 2410 1690 ἐορτάσειαν
2436 1618 2546 1688 γὰρ
2572 1619 2623 1671 oi
2654 1618 2848 1672 τοιοίδε
2882 1616 3171 1688 καθαρῶς,
3206 1616 3300 1670 καὶ
3329 1618 3429 1688 τὴν
3457 1617 3673 1689 ἀξιόλη-

2093 1729 2226 1766 πτον
2257 1711 2335 1782 τῷ
2392 1711 2515 1782 Θεῷ
2563 1711 2820 1783 λατρείαν
2868 1709 3366 1781 ἀποπεραίνοντες,
3399 1709 3494 1763 ὑπ’
3524 1710 3674 1781 αὐτῷ

403 1804 471 1859 ad
497 1804 602 1859 iter
624 1803 868 1874 accingi;
895 1803 991 1857 sed
1012 1801 1189 1874 azymi
1229 1816 1295 1856 ac
1334 1801 1535 1856 sinceri
1582 1813 1725 1865 esse,
1764 1815 1979 1869 panem-

2101 1801 2325 1871 μένουσι
2351 1799 2664 1864 διαπαντός.

400 1910 509 1963 que
548 1910 675 1949 eum
718 1903 975 1964 expetere
1036 1892 1133 1962 qui
1184 1890 1426 1947 viviﬁcat
1482 1889 1791 1945 mundum:
1849 1891 2121 1962 ejusmodi
2185 1907 2425 1963 namque
2465 1892 2719 1946 homines
2781 1905 2919 1961 pure
2974 1889 3117 1946 festa
3163 1890 3556 1955 celebrabunt,
3600 1906 3670 1945 ac

394 1986 628 2059 dignum
685 1987 797 2041 Deo
848 1986 1056 2041 cultum
1108 1984 1471 2047 exhibebunt,
1506 1998 1571 2038 ac
1612 1991 1883 2053 perpetuo
1923 1984 1979 2038 in
2018 1984 2166 2041 illius
2184 1993 2462 2055 potestate
2496 1982 2919 2055 permanebunt.

457 2083 669 2140 .PALL.
700 2080 1005 2137 Conﬁcitur
1036 2095 1199 2151 ergo:
1235 2080 1553 2149 quicunque
1592 2079 1672 2133 illi
1710 2088 1840 2134 sunt
1890 2078 1988 2134 bo-

388 2174 578 2230 mines
606 2173 701 2228 Dei
733 2181 1007 2227 amatores
1036 2186 1101 2225 ac
1131 2170 1312 2241 probi,
1344 2184 1441 2225 eos
1489 2177 1747 2239 tanquam
1797 2168 1864 2224 ad
1903 2183 1988 2224 sa-

399 2282 550 2323 cram
599 2271 955 2334 sanctamque
1019 2272 1241 2329 terram,
1297 2261 1366 2316 ad
1414 2260 1580 2316 vitam
1624 2275 1842 2330 nempe,
1882 2260 1986 2316 sub

398 2358 603 2416 Christi
644 2357 854 2412 ditionc
878 2354 1167 2427 agendam,
1203 2363 1260 2410 et
1291 2369 1323 2408 a
1349 2352 1654 2424 tyrannidis
1684 2352 1738 2407 vi
1756 2352 1985 2407 liberam

398 2450 686 2523 pervenire
713 2458 988 2519 oportere,
1014 2454 1179 2516 atque
1213 2443 1547 2500 contendere
1571 2451 1632 2499 ut
1652 2441 1981 2507 sacriﬁcent,

398 2561 507 2599 non
539 2544 596 2597 in
625 2542 870 2596 hostium
900 2538 1124 2602 ﬁnibus,
1157 2536 1211 2591 id
1251 2543 1356 2600 est,
1391 2550 1504 2590 non
1538 2551 1607 2590 eo
1631 2534 1801 2589 animi
1831 2533 1986 2589 habi-

400 2644 460 2691 tu
491 2633 579 2689 cui
610 2638 834 2703 peccata
862 2631 1112 2701 placent:
1165 2636 1222 2684 et
1268 2628 1313 2683 si
1360 2643 1472 2683 non
1517 2626 1812 2682 admodum
1855 2642 1983 2698 per-

397 2727 563 2791 fecto,
585 2732 841 2797 prompto
859 2731 1043 2778 tamen
1068 2730 1231 2790 atque
1258 2721 1326 2775 ad
1355 2720 1616 2775 virtutem
1640 2727 1854 2785 erecto,
1885 2734 1983 2775 eo-

378 2835 504 2891 que
538 2833 755 2874 morum
784 2823 932 2873 statu
969 2816 1065 2885 qui
1092 2815 1252 2885 longe
1281 2813 1354 2869 sit
1393 2830 1425 2868 a
1458 2812 1662 2869 diaboli
1696 2811 1983 2885 tyrannide

394 2920 663 2969 τειηοιιιε.

463 3003 571 3076 47
612 3000 770 3057 CYR.
801 3000 878 3055 Ne
905 3007 961 3054 tu
990 3014 1109 3055 rem
1145 2998 1307 3055 aliter
1334 3012 1391 3053 se
1433 2997 1658 3061 habere,
1689 3010 1852 3066 quam
1876 2995 1984 3049 hoc

396 3096 586 3161 modo,
638 3092 961 3163 suspiceris,
983 3091 1395 3158 Palladi,'recte
1420 3091 1568 3145 enim
1599 3106 1631 3145 a
1667 3090 1830 3145 nobis
1853 3104 1984 3144 con-

392 3189 545 3244 clusa
563 3196 649 3242 est
681 3184 877 3241 oratio.
905 3184 1088 3241 Facile
1115 3192 1300 3239 autem
1328 3192 1413 3239 est
1437 3184 1484 3239 si
1517 3182 1688 3239 libeat
1721 3183 1887 3240 etiam
1925 3184 1981 3238 in

378 3278 499 3334 alia
519 3277 756 3349 imagine
784 3275 891 3330 hoc
915 3275 1062 3330 idem
1084 3274 1464 3345 contemplari.
1479 3275 1615 3329 Nam
1637 3291 1762 3330 cum
1780 3284 1981 3332 sanctae

2160 2082 2368 2135 ΠΛΛΛ.
2415 2081 2657 2152 Ἀραρεν
2683 2075 2797 2146 οὖν,
2821 2080 2905 2133 ὅτι
2925 2080 3179 2151 καθάπερ
3204 2079 3350 2143 τινὸς
3385 2078 3488 2149 γῆς
3513 2079 3672 2147 ἁγίας

2087 2189 2144 2225 τε
2172 2173 2265 2225 καλ⁵
2306 2174 2454 2244 ἱερᾶς
2490 2171 2777 2241 ἐφικέσθαι
2810 2170 2916 2243 χρὴ
2949 2172 3073 2234 τοὺς
3101 2171 3260 2240 οἵπερ
3286 2169 3351 2223 ἂν
3385 2164 3495 2223 εἶεν
3524 2168 3674 2238 φιλό-

2088 2263 2200 2318 θεοί
2232 2281 2291 2317 τε
2322 2264 2416 2317 καὶ
2452 2264 2668 2333 ἀγαθοὶ,
2701 2264 2801 2334 τῆς
2830 2262 2935 2316 ὑπὸ
2967 2261 3187 2333 Χριστῷ
3214 2262 3307 2315 καὶ
3338 2260 3673 2331 ἀτυραννεύ-

2086 2375 2180 2412 του
2212 2357 2353 2427 ζωῆς
2383 2374 2394 2385 ’
2433 2355 2753 2425 ἐπείγεσθαι
2790 2354 2848 2409 δὲ
2887 2355 3177 2409 καταθύειν
3229 2354 3330 2406 οὐκ
3361 2354 3418 2405 ἐν
3451 2354 3518 2424 τῇ
3559 2352 3672 2405 τῶν

2087 2450 2319 2522 ἐχθρῶν,
2357 2448 2501 2502 τοῦτ’
2527 2448 2695 2515 ἐστιν,
2730 2449 2831 2503 οὐκ
2856 2448 3016 2512 ὄντας
3054 2448 3112 2500 ἐν
3143 2446 3253 2513 ἔξει
3290 2448 3359 2516 τῇ
3397 2446 3673 2517 φιλαμαρ-

2087 2545 2263 2615 τήτῳ,
2323 2542 2418 2596 καὶ
2458 2542 2560 2595 οὐκ
2603 2542 2889 2613 ἀμωμήτῳ
2938 2540 3093 2605 λίαν,
3144 2542 3202 2593 ἐν
3240 2538 3573 2610 προθυμίαις
3614 2539 3671 2592 δὲ

2089 2636 2290 2707 μᾶλλον
2329 2638 2450 2697 ταῖς
2480 2636 2560 2697 είς
2604 2633 2829 2705 ἀρετὴν,
2876 2634 2970 2687 κα¹ι
3017 2633 3074 2684 ἐν
3121 2630 3268 2701 ἠθῶν
3302 2631 3670 2700 καταστάσει,

2084 2730 2183 2800 τῆς
2215 2728 2309 2782 τοῦ
2337 2725 2587 2782 διαϐόλου
2616 2726 2928 2798 τυραννίδος
2960 2723 3326 2796 ἐξῳκισμένῃ.

2155 2977 2319 3032 ΚΥΡ.
2348 2976 2441 3048 Μὴ
2471 2973 2675 3046 ἑτέρως
2701 2974 2847 3045 ἔχειν
2874 2971 3217 3044 ύπολάϐοιςῆ
3246 2971 3420 3037 οὕτως
3438 2965 3523 3039 ,ιῶ
3544 2975 3668 3028 τᾶν·

2085 3071 2376 3143 πεποίηται
2402 3069 2511 3141 γὰρ
2537 3067 2714 3141 ὀρθῶς
2746 3070 2880 3139 ἡμῖν
2905 3070 2933 3122 ὁ
2963 3067 3140 3136 λόγος.
3172 3067 3329 3139 Πάρα
3357 3066 3416 3120 δὲ
3448 3069 3496 3120 εἰ
3521 3066 3675 3122 δοκεῖ

2084 3163 2178 3218 καὶ
2207 3162 2275 3216 δι’
2319 3162 2510 3232 ἐτέρας
2553 3158 2716 3213 ταυτὶ
2760 3159 2984 3231 θεωρεῖν
3020 3156 3247 3221 εἰκόνος.
3295 3156 3513 3228 Ἐπειδὴ
3558 3156 3674 3229 γὰρ

2082 3254 2171 3310 διὰ
2194 3252 2293 3323 τῆς
2320 3254 2399 3316 είς
2424 3253 2532 3306 πᾶν
2557 3250 2737 3305 ὁτιοῦν
2760 3249 2870 3303 τῶν
2891 3249 3135 3302 ἐκτόπων
3157 3248 3469 3320 ἀποδρομῆς
3495 3265 3674 3303 κατα-

376 3340 1017 3433 .civitatisvbabitatorcs,
1079 3340 1405 3433 Jerusalem,
1447 3366 1692 3438 inquam,
1718 3366 1979 3438 praecipiti

2090 3347 2281 3401 λυπεῖν
2326 3342 2654 3415 ἀπετόλμων
2694 3343 2786 3397 τὸν
2830 3341 2940 3396 τῶν
2983 3342 3119 3396 ὅλων
3170 3342 3391 3412 σωτῆρα
3443 3340 3576 3394 Θεὸν
3616 3341 3675 3395 oi

392 3467 451 3520 in
488 3464 673 3521 omnia
710 3464 921 3519 scelera
962 3478 1129 3519 cursu
1158 3463 1333 3518 Deum
1365 3464 1612 3518 omnium
1648 3463 1973 3518 salvatorem

390 3554 672 3611 oﬁ‘endere
699 3554 819 3610 ausi
848 3561 1062 3619 essent,
1099 3554 1155 3608 in
1184 3563 1510 3625 potestatem
1550 3554 1973 3625 Babyloniorum

381 3655 696 3704 .venerunt:
720 3661 859 3716 quos
886 3644 965 3699 illi
987 3660 1114 3699 cum
1142 3646 1194 3699 vi
1231 3645 1511 3714 armisque
1539 3646 1836 3716 cepissent,
1852 3662 1972 3702 ser-

388 3738 509 3792 vire
535 3735 840 3809 iubebant:
871 3734 1177 3788 victoribus
1196 3734 1342 3788 enim
1373 3733 1549 3788 victos
1579 3745 1743 3789 etiam
1776 3734 1974 3789 invitos

387 3828 591 3886 cedere
618 3826 920 3884 necessitas
958 3826 1208 3897 cogebat.
1236 3824 1375 3881 Cum
1417 3825 1603 3895 itaque
1634 3829 1971 3891 consternati

383 3916 685 3974 admodum
713 3924 919 3981 essent,
947 3923 1258 3985 etpropter
1296 3914 1606 3985 inopinatas
1636 3915 1973 3971 calamitates

385 4008 848 4080 ingemiscerent;
879 4007 964 4062 vel
995 4007 1255 4078 exiguum
1283 4005 1568 4062 interdum
1596 4007 1847 4063 laborum
1885 4023 1972 4064 so-

382 4101 581 4156 latium
623 4099 983 4171 quaarebant:
1035 4098 1092 4153 id
1136 4105 1322 4153 autem
1374 4108 1515 4166 erat,
1556 4100 1877 4172 compositis
1913 4101 1969 4154 in

383 4192 484 4248 Dei
515 4191 734 4247 laudem
773 4190 1130 4256 carminibus,
1162 4191 1449 4261 praesentis
1473 4192 1729 4248 maeroris
1749 4191 1967 4248 acerbi-

383 4290 555 4338 tatem
603 4283 797 4338 lenire.
842 4302 861 4334 ι
893 4282 1100 4338 Memor
1131 4282 1280 4337 enim
1307 4281 1387 4337 fui
1421 4282 1551 4349 Dei,
1590 4302 1608 4335 ι
1655 4283 1831 4354 inquit
1866 4283 1969 4337 Da-

380 4374 496 4440 vid,
535 4393 554 4427 ι
583 4383 641 4430 et
669 4374 988 4441 delectatus,
1003 4390 1126 4431 sum
1142 4375 1208 4442 ",
1227 4394 1246 4427 ι
1281 4374 1484 4446 quibus
1503 4375 1687 4432 verbis
1720 4389 1966 4446 pronun-

382 4467 541 4522 tiavit
567 4467 664 4523 Dei
682 4467 924 4522 carmina
948 4467 1290 4539 spiritualem
1318 4483 1437 4523 esse
1454 4467 1841 4523 festivitatem:
1866 4463 1964 4519 sed

380 4558 695 4613 volentibus
720 4559 965 4614 carmina
1007 4559 1226 4627 dicere,
1261 4569 1318 4616 et
1354 4565 1677 4615 consuetum
1720 4554 1961 4611 oﬂicium

380 4651 624 4721 explere,
645 4660 805 4722 turpe
822 4652 1220 4723 propemodum
1243 4652 1557 4714 videbatur,
1583 4647 1797 4705 dulcem
1821 4646 1962 4704 adeo

2082 3439 2181 3510 τὴν
2208 3438 2373 3508 ἁγίαν
2400 3436 2675 3498 οἰκοῦντες
2704 3433 2881 3499 πόλιν,
2907 3434 3049 3505 φημὶ
3070 3433 3135 3505 δὴ
3159 3433 3261 3505 τὴν
3287 3432 3672 3503 Ἰερουσαλὴμ,

2084 3531 2189 3585 ὑπὸ
2210 3533 2367 3602 χεῖρα
2396 3529 2655 3598 γεγόνασι
2685 3526 2790 3581 τῶν
2811 3525 3190 3588 Βαϐυλωνίων,
3213 3525 3262 3579 οἳ
3289 3525 3380 3577 καὶ
3401 3523 3674 3597 δορυκτή-

2081 3643 2206 3688 τους
2238 3624 2451 3686 ἑλόντες
2492 3620 2740 3692 θητεύειν
2774 3618 3048 3691 ἐκέλευον.
3093 3616 3278 3672 Εἵκειν
3309 3618 3419 3689 γὰρ
3457 3612 3524 3688 ἦν
3553 3620 3676 3680 τοῖς
3730 3667 3734 3670 .

2082 3717 2377 3789 κρατοῦσιν
2416 3716 2654 3785 ἀνάγκη,
2700 3712 2794 3766 καὶ
2835 3713 2935 3782 οὐχ
2977 3710 3203 3773 ἑκόντας
3243 3710 3460 3773 αὐτούς.
3500 3709 3566 3765 Οἱ
3607 3708 3680 3763 δέ

2082 3813 2335 3875 ἀλύοντες
2383 3811 2522 3871 λίαν,
2573 3807 2665 3860 καὶ
2711 3805 2805 3857 ἐπὶ
2854 3806 2976 3865 ταῖς
3023 3801 3309 3871 ἀδοκήτοις
3356 3803 3681 3872 συμφοραῖς

2081 3902 2554 3974 κατοιμώζοντες,
2608 3897 2713 3950 κᾶν
2760 3893 2892 3961 γοῦν
2944 3890 3199 3963 εὑρέσθαι
3252 3890 3516 3961 βραχεῖαν
3567 3891 3678 3946 τοῦ

2081 3998 2245 4052 πόνου
2306 3989 2638 4063 παραψυχὴν
2676 3976 2909 4057 ἐζήτουν
2949 3982 3061 4036 ἐσθ’
3095 3982 3205 4035 ὅτε.
3252 3979 3422 4035 Τοῦτο
3467 3981 3525 4035 δὲ
3568 3977 3672 4055 ἦν,

2079 4091 2197 4151 ταῖς
2248 4086 2329 4147 είς
2375 4080 2507 4134 Θεὸν
2545 4076 2837 4149 ὑμνῳδίαις
2870 4075 2969 4145 τῆς
3014 4072 3242 4142 ἐνούσης
3274 4073 3461 4137 αὐτοῖς
3506 4073 3673 4139 ἀνίας

2079 4171 2533 4247 ἀπαμύλύνεσθαι
2560 4169 2623 4223 τὸ
2653 4167 2841 4240 δριμύ·
2880 4186 2899 4219 ι
2936 4165 3246 4238 Ἐμνήσθην
3268 4162 3494 4236 γάρ,τοῦ
3520 4163 3668 4221 Θεοῦ

2076 4270 2173 4325 καὶ
2186 4263 2517 4337 εὐφράνθην,
2544 4281 2562 4316 ι
2588 4263 2617 4316 ὁ
2638 4262 2778 4325 θεῖος
2799 4259 2904 4330 ἐφη
2926 4257 3112 4322 Δαὸὶδ,
3132 4255 3323 4327 ἑορτὴν
3342 4256 3668 4327 ἀποφαίνων

2075 4356 2475 4431 πνευματικὴν,
2502 4348 2605 4426 τὴν
2634 4354 2717 4418 είς
2748 4351 2879 4406 Θεὸν
2921 4350 3219 4423 ὑμνῳδίαν.
3270 4347 3404 4401 Ἀλλ’
3433 4348 3665 4422 αἰσχρὸν

2074 4449 2215 4509 εἷναί
2255 4468 2372 4515 πως
2405 4449 2581 4504 ἐδόκει
2618 4450 2730 4512 τοῖς
2763 4444 3104 4516 ἀναμέλπειν
3142 4442 3423 4507 ἐθέλουσι,
3454 4441 3550 4494 καὶ
3589 4442 3664 4495 τὰ

2075 4544 2286 4617 συνήθη
2323 4541 2589 4615 πληροῦν,
2623 4541 2721 4612 τὴν
2750 4536 2894 4592 οὕτω
2920 4537 3178 4606 γλυκεῖαν
3215 4533 3356 4606 ἠχὴν
3396 4535 3508 4595 τοῖς
3542 4531 3663 4586 τῶν

2071 4636 2383 4707 ἀλλοφύλων
2409 4635 2541 4689 ὠσὶν
2563 4633 2766 4688 ἐνιέναι
2797 4629 2990 4700 φιλεῖν,
3019 4628 3113 4682 καὶ
3136 4627 3198 4681 τὸ
3227 4627 3412 4690 αὐτοῖς
3438 4624 3660 4696 ἥδιστόν

380 4758 577 4799 sonum
608 4743 1041 4814 alienigenarum
1082 4744 1312 4800 auribus
1345 4741 1709 4806 committere,
1745 4748 1803 4794 et
1834 4753 1964 4794 sua-

2085 4749 2132 4786 τε
2165 4730 2261 4785 καὶ
2287 4727 2656 4800 λιγυρώτατον
2695 4724 2885 4797 μέλος,
2925 4721 3087 4777 οίονεί
3122 4738 3239 4784 πως
3270 4719 3371 4792 ήδη
3429 4718 3525 4772 καὶ
3573 4719 3660 4781 είς

254 4839 261 4845 ’
378 4835 666 4891 vissimum
694 4835 802 4891 sibi
830 4836 1406 4908 jucundissimumque
1439 4848 1664 4890 carmen
1696 4833 1753 4886 in
1780 4846 1964 4887 aerem

382 4926 782 4996 quodammodo
820 4927 1075 4994 fundere,
1112 4924 1495 4984 deridentibus
1547 4923 1828 4979 interdum
1858 4922 1968 4978 Ba-

378 5019 633 5091 byloniis,
659 5028 717 5076 et
736 5023 978 5092 graviter
1002 5018 1232 5075 omnino
1259 5015 1595 5070 musicorum
1628 5014 1966 5070 instrumen-

377 5121 558 5167 torum
587 5113 799 5168 cantica
829 5112 1153 5168 ferentibus.
1183 5109 1372 5177 itaque
1409 5105 1669 5160 dicebant
1693 5121 1706 5156 :
1736 5123 1753 5155 ι
1790 5105 1967 5174 Super

375 5202 600 5259 ﬂumina
639 5202 936 5274 Babylonis
975 5201 1090 5255 illic
1126 5199 1372 5254 sedimus
1424 5204 1481 5251 et
1519 5192 1963 5259 ﬁevimus,dum

374 5294 794 5351 recordaremur
820 5292 924 5357 tui,
966 5290 1100 5345 Sion
1115 5290 1189 5355 ²³;
1218 5306 1242 5341 ι
1273 5289 1330 5343 in
1354 5303 1461 5359 qua
1486 5287 1708 5349 civitate
1730 5302 1800 5342 ex
1831 5286 1964 5359 legis

373 5404 702 5458 morumque
755 5385 1117 5444 Judaicorum
1169 5381 1497 5453 praescripto
1544 5379 1725 5436 laudis
1785 5380 1963 5436 hostia

372 5498 496 5535 cum
544 5480 862 5542 oﬂ‘erretur,
894 5474 1098 5531 ﬁdibus
1138 5490 1203 5530 ac
1249 5474 1400 5530 tibiis
1437 5473 1824 5545 peragebatur,
1850 5489 1961 5543 quo

371 5576 427 5628 In
452 5574 465 5629 i
491 5571 753 5640 templum
779 5569 1046 5625 adeuntes
1070 5569 1335 5627 suavitate
1348 5569 1656 5624 carminum
1677 5566 1959 5623 demulce-

2065 4826 2208 4897 ἀέρα
2246 4823 2478 4895 ῥίπτειν,
2511 4815 2991 4889 καταμειδιώντων
3040 4813 3152 4868 ἐσθ’
3194 4814 3282 4868 ὅτε
3326 4811 3437 4865 τῶν
3476 4810 3659 4864 Βαϐυ-

2067 4916 2274 4971 λωνίων
2299 4952 2314 4975 ,
2347 4913 2443 4967 καὶ
2482 4910 2798 4983 ἀχθομένων
2830 4912 2908 4975 είς
2953 4912 3100 4965 ἅπαν
3135 4908 3255 4971 ταῖς
3289 4905 3357 4959 δι’
3403 4904 3657 4975 ὀργάνων

2065 5010 2250 5081 ᾠδαῖς.
2284 5005 2576 5077 Τοιγάρτοι
2604 5004 2700 5058 καὶ
2725 5002 2991 5072 ἔφασκον·
3033 5020 3051 5054 ι
3098 4998 3224 5054 Ἐπὶ
3250 4996 3360 5052 τῶν
3388 4996 3656 5068 ποταμῶν

2067 5098 2388 5162 Βαὸυλῶνος
2425 5099 2542 5150 ἐκεῖ
2573 5095 2907 5166 ἐκαθίσαμεν
2945 5095 3041 5149 καὶ
3077 5090 3445 5162 ἐκλαύσαμεν,
3485 5091 3543 5142 ἐν
3574 5088 3658 5160 τῷ

2069 5191 2377 5264 μνησθῆναι
2412 5190 2561 5260 ἡμᾶς
2589 5188 2687 5260 τῆς
2723 5186 2890 5241 Σιών⁹
2930 5204 2949 5238 ι
2994 5180 3111 5259 ἐνῇ
3146 5183 3290 5239 κατά
3327 5181 3527 5253 νόμους
3554 5182 3657 5235 καὶ

2065 5285 2165 5357 ἔθη
2192 5283 2265 5339 τὰ
2313 5281 2618 5345 Ἰουδαίων,
2667 5281 2701 5351 ὴ
2736 5278 2841 5350 τῆς
2876 5278 3132 5341 αἰνέσεως
3175 5275 3336 5329 θυσία
3383 5288 3655 5343 προσεκο-

2065 5379 2255 5451 μίζετο
2306 5376 2524 5447 χορδαῖς
2586 5374 2681 5429 καὶ
2727 5372 2981 5443 ὀργάνοις
3028 5365 3496 5441 ἐκπεραινομένη,
3555 5365 3656 5419 καὶ

2061 5469 2445 5541 κατακηλοῦσα
2483 5469 2598 5530 τοῖς
2636 5465 2822 5536 μέλεσι
2861 5466 2989 5527 τοὺς
3032 5462 3112 5533 τῷ
3157 5461 3288 5533 θείῳ
3320 5458 3651 5532 προσιόντας

2061 5562 2195 5633 ναῷ.
2252 5560 2472 5630 Ἐπειδὴ
2510 5558 2568 5612 δέ
2601 5555 2743 5630 ἦσαν
2786 5559 2844 5612 ἐν
2893 5557 3160 5629 ἀλλοτρίῳ
3207 5554 3358 5625 ζυγῷ
3400 5549 3646 5616 δουλείας

442 5753 488 5787 ’θ
516 5753 673 5812 10ml.
707 5774 785 5820 ιιι.
809 5759 895 5815 20.
975 5761 1014 5793 ³³
1041 5760 1211 5816 Exod.
1249 5776 1341 5815 xu.
1374 5758 1462 5815 55.
1501 5758 1589 5813 54.
1670 5757 1712 5787 ³¹
1739 5755 1882 5812 Psal.
1928 5769 1979 5806 ω

2092 5792 2104 5816 ,
2129 5751 2181 5804 lo.
2259 5749 2303 5783 ³³
2335 5748 2478 5805 Psal.
2505 5761 2723 5810 cxxxvt,
2756 5743 2805 5810 l,
2837 5741 2892 5797 2.
