3968 6300
1530 263 1575 281 ν.
1597 263 1607 271 .

256 394 365 455 209

1003 399 1093 455 DE
1130 399 1571 459 ADORATIONE
1612 401 1678 457 ΙΝ
1717 398 1985 457 SPIRITU
2027 398 2117 455 ET
2160 397 2527 455 VERITATE.
2562 397 2693 452 LIB.
2735 399 2774 452 1.

3415 400 3475 457 ΞῙ
3486 404 3539 454 ,γε

254 487 703 584 κατεσφιγμένοι,
754 512 1247 585 κατολοφυρόμενοι
1298 514 1578 584 λέγουσιν·
1631 535 1649 568 ι
1718 515 1838 569 Ἐπὶ

1942 519 2155 567 rentur.
2189 509 2297 567 Sed
2328 525 2454 566 eum
2491 517 2676 565 essent
2703 514 2848 579 apud
2874 518 3089 568 exteras
3103 477 3360 571 nationes
3388 516 3518 588 jngo

257 609 375 671 ταῖς
405 605 575 670 ίτέαις
601 607 659 660 ὲν
695 590 846 677 μέσῳ
879 607 1051 677 αὐτῆς
1073 648 1088 673 ,
1120 608 1506 680 ἐκρεμάσαμεν
1538 608 1606 662 τὰ
1631 607 1835 680 ὄργανα

258 698 414 769 ἡμῶν
435 713 448 729 ·
491 716 511 749 ι
540 696 602 750 τὸ
630 698 688 750 ἐν
713 696 873 768 ᾠδαῖς
906 698 1230 769 ἀπρακτεῖν,
1262 699 1329 752 δι’
1358 699 1524 753 αὑτοῦ
1550 699 1614 771 δὴ
1645 700 1835 753 τούτου

260 789 784 860 κατασημαίνοντες.
814 790 1099 859 Ἀκαρπον
1137 790 1280 862 γὰρ,
1316 791 1516 863 μᾶλλον
1548 791 1605 845 δὲ
1644 790 1839 845 ὠλεσί-

261 899 469 953 καρπον
494 882 526 954 ή
557 881 671 935 ἰτέα
699 882 886 951 φυτὸν,
922 884 1135 955 εἴρηται
1164 882 1274 956 γὰρ
1301 884 1397 938 ὡδὶ
1427 884 1576 957 παρὰ
1607 884 1700 938 τοῦ
1730 883 1838 938 τῶν

261 975 390 1044 παρ’
417 972 645 1042 Ἕλλησι
670 973 930 1045 ποιητῶν.
972 975 1242 1029 Ἀνέκειτο
1262 975 1440 1030 τοίνυν
1464 977 1545 1040 είς
1566 975 1837 1044 ἀπραξίαν

259 1081 316 1116 τε
360 1065 454 1118 καὶ
499 1063 781 1139 ἀκαρπίαν
813 1064 881 1119 τὰ
915 1066 1015 1136 τῆς
1046 1066 1193 1137 ᾠδῆς
1221 1066 1430 1140 ὄργανα
1450 1083 1464 1098 ο
1505 1068 1600 1122 καὶ
1628 1068 1728 1139 τῆς
1757 1069 1838 1132 είς

260 1154 416 1209 τοῦτο
437 1156 720 1229 ῥᾳστώνης
743 1158 844 1229 τὴν
866 1157 1119 1231 ἀφορμὴν
1144 1160 1578 1234 ἀντικεκραγότες
1598 1160 1833 1230 λέγουσι·

267 1265 283 1298 ε
314 1246 439 1312 Πῶς
462 1246 682 1319 ᾀσωμεν
705 1249 804 1320 τὴν
822 1249 964 1321 ᾠδὴν
992 1250 1200 1322 Κυρίου
1219 1252 1313 1305 ἐπὶ
1340 1252 1447 1323 γῆς
1465 1252 1784 1324 ἁλλοτρίας;
1810 1272 1828 1306 ι

261 1337 683 1409 Διακομίσαντος
713 1338 771 1392 δὲ
806 1340 987 1404 αὐτοῖς
1017 1341 1112 1395 τοῦ
1146 1343 1359 1415 Βαροὺχ
1403 1342 1529 1406 τοὺς
1570 1343 1835 1416 Ἱερεμίου

260 1427 471 1497 λόγους,
510 1429 767 1485 Ἔκλαιον
798 1432 1020 1497 πάντες,
1057 1435 1214 1504 φησὶ,
1269 1436 1362 1488 καὶ
1396 1436 1684 1508 ὲνήστευον
1741 1435 1837 1490 καὶ

259 1520 487 1591 ηὔχοντο
514 1523 823 1594 προσευχὴν
855 1525 1096 1579 ἐναντίον
1139 1527 1367 1600 Κυρίουο
1401 1528 1495 1582 καὶ
1529 1529 1836 1600 συνήγαγον

262 1611 552 1684 ἀργύριον,
605 1614 746 1668 καθὰ
785 1615 1020 1671 ἑκάστου
1069 1618 1289 1673 ἐδύνατο
1343 1621 1555 1691 ήχείρο
1594 1623 1687 1674 καὶ
1729 1623 1836 1677 ἁπ-

262 1700 504 1755 έστειλαν
521 1703 599 1766 είς
628 1702 982 1777 Ἰερουσαλὴμ
1002 1708 1138 1779 πρὸς
1171 1708 1425 1780 Ἰωακεὶμ
1442 1710 1559 1764 υἱὸν
1578 1711 1833 1776 Χελκίου,

1940 605 2225 660 servitutis
2242 603 2515 669 obstricti,
2536 603 2958 675 ingemiscentes
2976 602 3235 662 dicebant
3257 626 3270 662 :
3301 627 3319 660 ι
3343 608 3404 662 in
3427 625 3517 663 sa—

1938 698 2138 752 licibus
2160 696 2217 752 in
2242 697 2424 752 medio
2455 697 2574 768 ejus
2605 695 2993 766 suspendimus
3021 678 3223 768 organa
3248 708 3464 767 nostra;
3494 721 3511 753 ι

1939 790 2111 860 ipsam
2156 804 2188 861 a
2233 788 2572 844 carminibus
2612 787 2973 843 cessationem
3016 788 3121 843 hoc
3157 789 3278 859 ipso
3308 793 3518 863 signiﬁ-

1938 890 2164 947 cantes;
2193 880 2512 951 infrugilera
2541 888 2626 936 est
2651 880 2799 936 enim
2830 879 3018 950 stirps,
3046 879 3156 936 imo
3179 879 3517 952 frugiperda,

1938 972 2229 1028 utmelius
2264 972 2467 1039 dicam,
2501 972 2673 1027 salix:
2715 972 2797 1027 sic
2827 972 2975 1027 enim
3000 988 3031 1027 a
3064 970 3256 1028 Graeco
3285 973 3520 1042 quodam

1938 1075 2097 1135 poeta
2135 1066 2201 1131 ",
2255 1065 2666 1137 ὡλεσίκαρπος,
2699 1064 2846 1120 dicta
2891 1073 2994 1120 est.
3029 1063 3112 1120 Ad
3160 1064 3520 1132 cessationem

1939 1155 2109 1226 igitur
2133 1166 2190 1212 et
2212 1157 2560 1213 sterilitatem
2585 1172 2823 1228 appensa
2839 1165 2999 1212 erant
3019 1156 3384 1212 instrumenta
3402 1172 3523 1212 mu—

1938 1248 2083 1313 sica;
2112 1265 2446 1320 causamque
2479 1248 2806 1305 cessationis
2846 1248 3010 1320 hujus
3047 1249 3407 1304 inclamautes
3441 1249 3523 1303 di-

1937 1352 2103 1397 cunt:
2137 1362 2155 1394 ι
2192 1336 2496 1413 ριιοῐιιοάσ
2524 1344 2868 1399 cantabimus
2910 1344 3184 1398 canticum
3217 1343 3433 1398 Domini
3466 1343 3520 1397 in

1938 1442 2083 1491 terra
2131 1437 2310 1492 aliena
2333 1437 2422 1490 ’5?
2453 1435 2558 1491 Sed
2610 1452 2737 1491 eum
2774 1435 3049 1491 attulisset
3073 1436 3141 1490 ad
3181 1451 3277 1490 eos
3306 1436 3522 1490 Baruch

1934 1527 2186 1582 Jeremia:
2209 1528 2378 1583 verba
2409 1546 2423 1581 :
2454 1548 2471 1579 ‹
2492 1528 2721 1583 Flebant
2750 1542 2961 1593 omnes,
3001 1547 3018 1578 ι
3042 1527 3241 1598 inquit,
3269 1547 3286 1579 ι
3313 1528 3525 1599 etjeju-

1937 1620 2142 1675 nabant
2174 1627 2230 1675 et
2254 1621 2488 1676 orabant
2513 1620 2571 1675 in
2599 1627 2897 1690 conspectu
2926 1620 3142 1674 Domini
3166 1637 3180 1686 ;
3208 1629 3265 1674 et
3290 1636 3521 1691 congre—

1936 1719 2201 1781 gaverunt
2217 1721 2527 1784 argentum,
2547 1713 2853 1769 secundum
2878 1712 3026 1783 quod
3057 1713 3236 1782 potuit
3258 1714 3524 1786 uniusctt:

262 1792 376 1846 υἱοῦ
399 1793 600 1866 Σαλὼμ
625 1794 718 1849 τὸν
742 1774 1198 1869 ῑερέαίκαὶνπρὸς
1225 1802 1350 1865 τοὺς
1381 1774 1546 1874 ίερεϊς
1574 1805 1667 1856 καὶ
1696 1774 1836 1876 πρὸς

1942 1805 2133 1875 iusque
2151 1821 2365 1871 manus,
2395 1815 2451 1861 et
2490 1809 2760 1862 miserunt
2794 1807 2849 1861 in
2879 1807 3183 1863 Jerusalem
3219 1808 3285 1862 ad
3315 1807 3523 1863 Joacim

266 1882 439 1938 πάντα
462 1885 554 1940 τὸν
582 1886 712 1941 λαὸν
736 1886 829 1940 τὸν
863 1888 1159 1959 εὑρεθέντα
1191 1892 1308 1961 μετ’
1333 1892 1499 1947 αὐτοῦ
1540 1895 1598 1945 ὲν
1642 1895 1838 1966 Ἰερου-

1943 1894 2114 1948 lilium
2135 1895 2356 1962 Helciac,
2371 1896 2467 1950 lilii
2481 1897 2662 1952 Salom
2681 1898 3042 1965 sacerdotem,
3056 1907 3113 1953 et
3131 1897 3201 1953 ad
3219 1898 3331 1969 48
3345 1914 3525 1952 sacer-

263 1975 461 2049 σαλήμ.
494 1997 514 2030 ι
565 1979 675 2033 Kal
699 1980 817 2050 μεθ’
860 1981 1053 2057 ἕτεραο
1116 2002 1134 2034 ι
1172 1984 1282 2037 Kal
1322 1980 1503 2039 εἷπονο
1559 1983 1686 2039 Ἰδοὺ
1730 1987 1839 2039 άπ-

261 2071 581 2143 εστείλαμεν
603 2072 739 2145 πρὸς
762 2073 907 2144 ὑμᾶς
929 2074 1210 2146 ἀργύριον,
1240 2078 1544 2148 ἀγοράσατε
1560 2077 1653 2131 τοῦ
1672 2078 1841 2145 ἀργυ-

264 2160 374 2231 ρίου
405 2159 833 2233 ὁλοκαυτώματα
859 2162 953 2217 καὶ
982 2164 1113 2235 περὶ
1139 2164 1412 2234 ἁμαρτίας
1430 2204 1446 2227 ,
1481 2164 1576 2217 καὶ
1602 2163 1838 2229 λίϐανον,

262 2253 350 2305 καὶ
378 2252 647 2323 ποιήσατε
682 2254 881 2324 μάννα,
917 2256 1009 2309 καὶ
1044 2256 1292 2309 ἁνοίσατε
1335 2258 1428 2311 ἐπὶ
1455 2255 1842 2329 Θυσιαστήριον

262 2344 468 2418 Κυρίου
499 2344 593 2398 τοῦ
632 2345 767 2399 Θεοῦ
799 2346 979 2417 ἡμῶν.
1022 2366 1040 2399 ι
1076 2348 1315 2418 Πρέπειν
1352 2349 1461 2419 γὰρ
1489 2347 1655 2420 ᾤοντο
1688 2349 1840 2418 σφίσι

265 2437 389 2507 μὲν,
425 2437 547 2508 οὐχ).
592 2436 742 2494 θύειν
788 2437 890 2505 ἔτι,
939 2439 1042 2510 γῆς
1086 2440 1184 2510 μὲν
1227 2441 1388 2509 ἁγίας
1427 2441 1836 2512 ἐξῳκισμένοις,

262 2529 559 2599 πράττουσι
582 2528 639 2583 δὲ
662 2529 801 2593 τέως
826 2530 931 2585 ὑπὸ
955 2530 1074 2603 Θεῷ
1105 2531 1203 2603 μὲν
1227 2533 1431 2599 οὐκέτι,
1465 2533 1838 2606 κατεζευγμέ-

260 2639 369 2687 νοις
394 2623 454 2677 δὲ
485 2622 674 2696 ὥσπερ
705 2624 878 2696 ἑτέρῳ
908 2626 1002 2679 καὶ
1031 2626 1137 2679 ὑπὸ
1168 2627 1330 2698 χεῖρα
1357 2625 1584 2681 πεσοῦσι
1616 2629 1715 2699 τὴν
1747 2646 1839 2681 τυ-

263 2715 549 2786 ραννικὴν,
578 2717 693 2779 τοῖς
721 2733 784 2784 γε
821 2717 928 2788 μὴν
965 2716 1045 2770 ἔτι
1078 2718 1176 2790 τὴν
1208 2718 1371 2787 ἁγίαν
1409 2719 1617 2773 οἰκοῦσι
1658 2719 1835 2784 πόλιν.

261 2806 599 2879 λειτουργίας
627 2826 687 2862 τε
724 2810 823 2881 τῆς
854 2811 1004 2881 ἱερᾶς
1033 2810 1260 2881 λαχοῦσι
1296 2813 1395 2883 τὴν
1422 2812 1607 2880 δόξαν,
1638 2814 1836 2868 ἀπονέ-

266 2918 421 2970 μουσι
448 2900 549 2972 τὴν
571 2901 848 2974 λατρείαν,
874 2903 1019 2975 ὀρθῷ
1048 2903 1248 2976 δηλαδὴ
1277 2905 1547 2976 χρώμενοι
1568 2906 1834 2978 λογισμῷ,

263 2989 394 3061 πρὸς
420 2990 521 3063 τὴν
545 2988 642 3045 τοῦ
676 2993 976 3063 πρέποντός
1015 3011 1075 3047 τε
1109 2995 1201 3049 καὶ
1240 2996 1537 3066 ἀναγκαίου
1569 2997 1838 3052 κατάσκε-

261 3081 368 3149 ψιν.
392 3084 518 3139 Kal
555 3085 718 3148 αὐτὸς
749 3084 805 3138 δὲ
843 3087 973 3158 ἡμῖν
997 3088 1026 3140 ὁ
1055 3087 1361 3156 σοφώτατος
1397 3087 1626 3160 Δανιὴλ,
1676 3088 1837 3160 ἱερῶν

266 3174 359 3244 μὲν
393 3175 572 3246 εἴχετο
609 3176 1066 3249 σπουδασμάτων,
1097 3178 1232 3250 ὁμοῦ
1266 3179 1321 3234 δὲ
1362 3180 1455 3234 κα)⁵
1495 3183 1605 3245 τοῖς
1655 3180 1835 3247 ἄλλοις

263 3266 607 3336 αἰχμάλωτος
666 3268 777 3337 ὣν,
851 3269 914 3322 τὸ
974 3271 1075 3342 τῆς
1131 3270 1378 3344 ἀνάγκης
1451 3271 1838 3343 κατε-σοφίζετο

263 3356 470 3428 χρῆμα.
510 3356 624 3411 Kal
650 3356 769 3411 τίνα
793 3357 1013 3430 τρόπον,
1043 3360 1171 3430 ἐρῶ·
1200 3359 1541 3432 προσηύχετο
1564 3361 1672 3433 γὰρ
1691 3364 1840 3434 τρεῖς

261 3449 357 3518 τῆς
404 3448 620 3521 ἡμέρας
652 3451 895 3522 καιρούς.
940 3451 1080 3505 Ἀλλ’
1100 3447 1241 3524 ἦσαν
1274 3451 1421 3523 αὐτῷ
1454 3451 1749 3522 βλέπουσαί
1780 3468 1841 3504 τε

263 3542 356 3593 καὶ
385 3541 731 3614 ὴνεῳγμέναι
760 3542 897 3611 πρὸς
920 3544 1019 3615 τὴν
1066 3541 1422 3615 Ἰερουσαλὴμ
1451 3544 1507 3596 αἱ
1539 3534 1842 3614 Θυρίδεςὲν

262 3637 371 3700 τοῖς
422 3635 713 3708 ὑπερῴοις.
773 3636 1088 3707 Γέγραπται
1132 3635 1242 3707 γὰρ
1278 3636 1393 3689 ὡδί.
1435 3636 1844 3707 Εὑπρόσδεκτον

264 3728 370 3799 γὰρ
407 3727 531 3781 τότε
570 3727 724 3799 μόλις
768 3726 984 3782 ἔσεσθαι
1026 3728 1178 3799 παρὰ
1218 3726 1338 3798 Θεῷ
1387 3728 1485 3798 τὴν
1535 3726 1670 3780 ἰδίαν
1705 3725 1840 3797 ῷετο

267 3820 603 3892 προσευχὴν,
650 3822 699 3875 εί
732 3821 835 3892 γῆς
866 3819 1152 3892 ἀλλοτρίας
1200 3820 1293 3874 καὶ
1331 3819 1748 3891 μεμισημένης,
1791 3820 1841 3873 εἰ

271 3913 342 3983 μὴ
369 3915 535 3985 σαρκὶ⁵
563 3912 779 3967 δύναιτο
803 3912 982 3984 τυχὸν,
1009 3912 1112 3967 κᾶν
1141 3910 1271 3981 γοῦν
1297 3912 1527 3976 ἐννοίαις
1551 3911 1841 3982 άπονοσφί·

268 4005 442 4074 ζοιτο,
476 4007 570 4060 καὶ
618 4009 731 4071 τοῖς
764 4006 863 4077 τῆς
907 4006 1145 4069 διανοίας
1177 4004 1409 4076 ὄμμασι,
1455 4003 1592 4076 πρὸς
1623 4005 1723 4077 τὴν
1764 4004 1842 4077 τῷ

266 4098 382 4171 Θεῷ
407 4098 730 4170 φιλαιτάτην
750 4099 967 4171 ἀφορῶν
981 4098 1107 4169 γῆν,
1138 4100 1217 4162 εἰς
1248 4098 1409 4152 αὐτὸν
1436 4097 1493 4151 δὲ
1514 4097 1704 4169 ὥσπερ
1727 4098 1841 4151 είσ-

268 4195 477 4265 (περήσας
510 4195 602 4249 τὸν
642 4193 801 4264 νεὼν,
842 4194 942 4267 τὴν
974 4193 1115 4266 ὑπὲρ
1148 4187 1223 4250 ὧν
1257 4193 1322 4249 ἂν
1353 4193 1542 4248 ’ἕλοιτο
1574 4179 1842 4266 προσάγοι

270 4284 434 4355 λιτήν.

338 4463 543 4519 ΠΔΛΛ.
565 4458 643 4519 Εὖ
667 4480 732 4535 γε
755 4463 832 4530 ὡς
858 4462 1075 4535 ἀληθῶς
1093 4463 1122 4518 ὁ
1143 4438 1362 4535 σύμπας
1384 4462 1513 4533 ἡμῖν
1536 4459 1844 4534 διήρτισται

272 4551 439 4621 λόγος.

339 4670 384 4708 ³⁸
409 4673 658 4743 llomer.,
689 4672 876 4748 Odyss.
896 4675 932 4731 lt
1027 4674 1071 4709 ³⁸
1105 4673 1247 4732 Psal.
1269 4688 1480 4740 cum,
1506 4672 1559 4728 4.
1635 4672 1678 4704 ³⁸
1698 4671 1838 4727 Baru

1964 4672 2137 4739 1,5-7.
2213 4669 2440 4736 "lbid.,
2478 4669 2561 4724 l0.

1943 1985 2118 2052 dotes,
2153 1995 2210 2041 et
2240 1987 2308 2043 ad
2332 2003 2551 2043 omnem
2586 1990 2849 2059 populum
2880 1991 2974 2061 qui
3013 1991 3273 2046 inventus
3292 2002 3383 2046 est
3397 2006 3524 2047 cum

1941 2094 2008 2133 eo
2037 2078 2093 2133 in
2128 2079 2431 2134 Jerusalem
2469 2082 2533 2135 ³⁵.
2560 2101 2577 2131 ι
2611 2083 2679 2135 Ει
2707 2089 2831 2153 post
2854 2097 3026 2152 pauca
3053 2100 3064 2133 :
3098 2101 3115 2131 ι
3148 2083 3217 2136 Ει
3243 2082 3523 2144 dixerunt,

1941 2169 2082 2224 Ecce
2133 2170 2387 2226 misimus
2443 2171 2512 2226 ad
2565 2188 2666 2226 vos
2711 2181 3038 2243 argentum;
3079 2172 3247 2226 emite
3301 2180 3530 2243 argento

1942 2262 2282 2329 holocausta,
2311 2271 2368 2318 et
2407 2279 2509 2334 pro
2541 2272 2791 2334 peccato,
2834 2272 2892 2319 et
2915 2265 3232 2330 incensum,
3264 2272 3321 2319 et
3366 2264 3528 2318 facite

1941 2368 2159 2418 manna,
2188 2361 2245 2408 et
2273 2353 2470 2410 oﬂ'erte
2512 2354 2581 2409 ad
2612 2371 2763 2410 aram
2798 2356 3015 2410 Domini
3060 2357 3158 2411 Dei
3202 2355 3376 2410 nostri
3406 2357 3470 2409 ³⁷.
3502 2376 3519 2407 ι

1940 2444 2144 2500 Decere
2169 2445 2316 2500 enim
2339 2446 2774 2513 arbitrabantur,
2814 2456 2875 2501 ut
2908 2448 3011 2518 ipsi
3039 2448 3262 2517 quidem
3292 2463 3323 2501 a
3354 2448 3526 2501 sacri-

1942 2533 2080 2590 ﬁciis
2112 2534 2333 2590 interim
2366 2535 2728 2601 abstinerent,
2748 2552 2873 2591 eum
2894 2536 3086 2606 procul
3112 2552 3142 2589 a
3174 2543 3315 2589 terra
3339 2543 3527 2589 sancta

1938 2634 2313 2693 versarentur,
2340 2643 2522 2697 neque
2563 2628 2747 2683 adhuc
2797 2628 2902 2683 sub
2948 2625 3046 2681 Dei
3098 2626 3332 2696 imperio
3362 2625 3530 2696 dege-

1939 2724 2083 2783 rent,
2111 2718 2208 2773 sed
2233 2718 2391 2775 alteri
2427 2718 2650 2774 domino
2677 2703 2916 2789 subjecti
2946 2726 3151 2783 essent,
3186 2724 3242 2772 et
3268 2718 3323 2772 in
3359 2716 3527 2772 ditio-

1940 2798 2065 2864 neYn
2088 2810 2425 2882 tyrannieam
2457 2811 2775 2878 venissent;
2805 2811 2874 2866 iis
2904 2819 3087 2866 autem
3114 2811 3211 2881 qui
3248 2810 3302 2864 in
3338 2817 3529 2865 sancta

1940 2900 2165 2956 civitate
2216 2900 2400 2956 adhuc
2448 2901 2794 2967 habitabant,
2852 2917 3250 2971 sacrorumque
3288 2900 3528 2955 admini-

1938 2991 2287 3048 strandorum
2321 2992 2617 3064 gloriosum
2656 2991 2894 3048 oﬂieium
2930 2993 3109 3049 sortiti
3141 3002 3325 3059 erant,
3357 2991 3531 3047 divini

1938 3085 2124 3141 cultus
2162 3094 2350 3156 partes
2379 3084 2747 3152 demandant;
2782 3085 2837 3139 in
2870 3102 2980 3155 quo
3010 3085 3227 3140 scilicet
3261 3085 3397 3154 quid
3429 3084 3529 3139 de-

1940 3186 2109 3242 ceret,
2138 3177 2341 3248 quidve
2368 3192 2594 3232 neeesse
2621 3184 2787 3242 esset,
2810 3176 3015 3246 Optima
3038 3175 3253 3229 ratione
3279 3174 3533 3229 conside-

1940 3275 2222 3322 raverunt.
2264 3267 2383 3336 Ipse
2425 3267 2516 3321 ille
2565 3282 2785 3336 quoque
2842 3264 3282 3335 sapientissimus
3338 3264 3529 3318 Daniel

1940 3358 2112 3414 sacris
2145 3357 2608 3428 quidemstudiis
2636 3356 2867 3433 vacabat
2886 3355 2934 3387 ⁸⁸
2960 3372 2973 3408 :
3001 3371 3237 3426 cumque
3269 3370 3377 3408 una
3404 3369 3529 3408 cum
3572 3418 3579 3425 _

1942 3448 2066 3503 aliis
2108 3447 2358 3517 captivus
2393 3455 2559 3511 esset,
2598 3447 2719 3521 ipso
2744 3462 2965 3517 quoque
3009 3446 3356 3502 necessitatis
3385 3446 3547 3502 malo.

1944 3538 2222 3609 sapienter
2253 3538 2460 3594 abusus
2482 3548 2586 3594 est.
2613 3539 2802 3593 Dicam
2831 3537 3110 3609 quomodo
3134 3557 3147 3593 :
3179 3539 3360 3594 tribus
3378 3555 3532 3594 nam-

1944 3647 2052 3702 que
2089 3631 2429 3702 temporibus
2457 3647 2555 3701 per
2582 3629 2701 3686 dies
2730 3629 2976 3711 singulos
3014 3630 3243 3696 orabat;
3289 3629 3532 3684 habebat
3606 3649 3617 3659 ·

1944 3728 2129 3799 autem
2182 3720 2238 3775 in
2282 3720 2485 3776 solario
2513 3720 2784 3777 fenestras
2827 3735 2949 3790 quae
2991 3720 3298 3776 Jerusalem
3339 3737 3528 3777 versu:

1946 3814 2284 3884 spectabant,
2310 3822 2473 3884 atque
2511 3814 2773 3885 patebant
2804 3831 2817 3867 :
2851 3814 2932 3869 sic
2957 3815 3105 3883 enim
3134 3823 3218 3870 est
3239 3816 3527 3886 scriptum.

1947 3906 2263 3963 Orationem
2304 3922 2543 3978 namque
2570 3924 2725 3963 suam
2752 3915 2870 3963 tum
2896 3908 3010 3964 Deo
3038 3916 3249 3980 gratam
3280 3909 3394 3965 fore
3425 3927 3527 3980 pu-

1948 4000 2118 4067 tabat,
2153 4015 2279 4055 cum
2309 4000 2393 4056 sin
2427 4000 2613 4056 minus
2640 4016 2871 4071 corpore
2891 4008 3095 4071 posset,
3126 4001 3310 4057 animo
3334 4002 3530 4057 saltem

1944 4108 1976 4147 a
2003 4100 2148 4147 terra
2176 4102 2362 4148 extera
2402 4100 2566 4162 atque
2594 4092 2783 4147 odiosa
2821 4092 3221 4163 sejungeretur,
3243 4101 3299 4147 et
3330 4093 3532 4147 mentis

1943 4184 2121 4239 oculis
2146 4184 2203 4237 in
2238 4191 2440 4239 terram
2474 4184 2587 4238 Deo
2627 4183 2999 4253 gratissimam
3033 4191 3339 4253 spectaret;
3375 4193 3433 4237 et
3473 4183 3528 4236 in

1946 4275 2126 4345 ipsum
2170 4274 2322 4328 velut
2370 4273 2550 4327 illatus
2594 4273 2897 4341 templum,
2927 4287 3121 4342 preces
3168 4286 3268 4341 pro
3326 4270 3531 4340 quibus

1946 4365 2132 4430 vellet,
2154 4364 2397 4419 olferrct.

2021 4454 2219 4511 PALL.
2255 4454 2632 4511 Pulcherrima
2661 4461 2811 4509 certe
2853 4461 2967 4510 tota
3008 4463 3092 4511 est
3115 4473 3147 4512 a
3175 4457 3335 4514 nobis
3366 4457 3526 4513 abso-

1955 4548 2068 4603 luta
2098 4546 2414 4619 disputatio.

2673 4669 2717 4701 ³⁸⁸
2740 4669 2932 4727 Daniel
2985 4687 3057 4737 vl,
3090 4671 3173 4727 l0.
