3968 6300
238 325 342 382 El?)

307 447 517 504 HAAA.
549 445 682 498 Τίνα
708 443 910 518 τρόπον
931 461 948 512 ;

307 535 464 590 ΚΥΡ.
497 535 704 605 Μωσῆς
739 535 838 604 μὲν
863 535 976 603 γὰρ
1017 535 1046 586 6
1078 533 1362 598 θεσπέσιος
1397 537 1665 606 σαρκικῆς
1696 535 1820 588 δου-

238 625 383 688 λείας
422 622 713 694 ἐξεκόμιζε
749 623 842 677 τὸν
898 622 1114 694 Ἰσραὴλ
1151 624 1247 676 καὶ
1292 624 1402 677 τῶν
1430 605 1512 688 είς
1543 605 1821 678 πλινθείαν

239 714 485 788 ἐξῃρεῖτο
507 715 708 782 πόνων,
735 714 913 786 ἔργων
942 732 1000 768 τε
1025 715 1134 768 τῶν
1158 732 1222 768 πε
1232 716 1288 786 pl.
1309 717 1434 786 γῆν,
1469 717 1564 770 καὶ
1589 717 1818 787 μεταίχο

241 827 360 882 μιον
391 810 583 882 ὥσπερ
622 827 678 863 τι
720 809 969 880 κείμενος
1003 809 1141 862 Θεοῦ
1185 809 1279 864 καί⁵
1308 811 1612 881 ἀνθρώπων
1633 852 1647 877 ,
1695 814 1821 875 τοὺς

235 900 438 956 ἄνωθεν
473 903 626 971 σφίσι
666 901 945 972 διεκόμιζε
979 901 1192 970 λόγους.
1233 902 1296 956 '0
1327 903 1384 956 δὲ
1419 903 1624 976 Κύριος
1663 904 1822 976 ἡμῶν

248 995 454 1065 Ἰησοῦς
483 997 512 1048 6
543 995 800 1066 Χριστὸς,
830 995 900 1048 τά
926 995 1002 1059 ὡς
1030 996 1087 1048 ἐν
1113 996 1269 1066 τύπῳ
1294 998 1388 1051 καὶ
1421 1001 1598 1060 σκιαῖς
1651 1015 1821 1068 μετα-

235 1087 520 1158 χαράττων
551 1089 632 1152 εἰς
669 1087 960 1158 ἀλήθειαν,
1007 1087 1252 1153 δουλείας
1293 1091 1443 1161 ἡμᾶς
1477 1090 1685 1155 ἐξέλκει
1723 1091 1822 1160 τῆς

235 1179 462 1250 νοητῆς,
500 1179 602 1250 τὴν
663 1180 760 1251 μὲν
809 1182 978 1236 πάλαι
1021 1182 1144 1236 καθ’
1199 1183 1356 1254 ἡμῶν
1408 1185 1822 1255 τυραννήσασαν

235 1274 510 1346 ἁμαρτίαν
563 1275 799 1342 ἐξιστὰς,
847 1277 1157 1331 κατασείων
1206 1277 1265 1331 δὲ
1313 1277 1409 1332 τοῦ
1461 1278 1708 1333 διαϐόλου
1763 1281 1824 1334 τὸ

235 1365 462 1438 κράτος,
498 1367 593 1420 καὶ
634 1369 982 1439 φρονήματος
1014 1370 1111 1440 μὲν
1151 1371 1394 1439 ἐπιγείου
1429 1373 1522 1425 καὶ
1549 1373 1656 1426 τῶν
1695 1375 1823 1446 περὶ

237 1459 414 1531 σάρκα
476 1461 908 1532 σπουδασμάτων
966 1463 1269 1535 ἀποφοιτᾷν
1322 1465 1634 1520 ἀναπείθων
1697 1467 1824 1530 τοὺς

234 1550 461 1603 ἕπεσθαι
497 1551 604 1604 δεῖν
625 1553 906 1623 οἰομένους
931 1553 1101 1624 αύτῷ,
1135 1556 1530 1624 μεταπλάττων
1551 1558 1608 1612 δέ
1632 1559 1822 1632 ὥσπερ

235 1645 312 1706 εἰς
338 1642 524 1711 ἔφεσιν
555 1645 775 1716 ἀρετῆς,
805 1646 1166 1716 ἀριδηλότατά
1189 1665 1248 1701 τε
1276 1651 1407 1720 ἡμῖν
1440 1649 1538 1721 τὴν
1565 1651 1658 1704 τοῦ
1685 1651 1820 1706 Θεοῦ

234 1732 326 1784 καὶ
387 1733 604 1803 Πατρὸς
661 1734 1022 1804 ἀπαγγέλλων
1083 1737 1338 1808 θέλησιν·
1390 1739 1668 1810 τοιγάρτοι
1727 1741 1822 1796 καὶ

983 323 1073 379 DE
1108 322 1550 380 ADORATIONE
1589 324 1655 378 IN
1696 323 1968 380 SPlRlTU
2008 323 2098 378 ET
2140 322 2509 378 VERITATE.
2551 323 2679 378 LIB.
2725 313 2787 378 ιιζ

1848 452 1894 508 Α
1992 443 2188 500 PALL.
2217 443 2466 508 Quonam
2495 443 2696 497 modo?

3395 326 3510 382 ειι

1995 534 2154 590 CYR.
2185 535 2395 606 Moyses
2433 535 2603 600 enim,
2651 535 2741 590 ille
2772 535 2857 589 vir
2893 551 3022 592 sane
3062 539 3434 609 admirandus,
3477 560 3508 597 a

1926 628 2136 682 carnali
2167 628 2434 682 servitute
2463 628 2670 698 eripuit
2699 626 3058 684 lsraeliticum
3092 633 3374 700 populum;
3399 642 3456 688 et
3479 652 3533 689 a.

1926 720 2209 777 laboribus
2233 721 2642 790 coquendorum
2677 721 2932 786 laterum,
2961 720 3028 774 ab
3057 722 3317 792 Operibus
3342 725 3507 780 etiam

1929 814 1985 868 in
2026 821 2170 868 terra
2193 813 2542 868 exstruendis
2574 812 2808 879 exemit;
2833 829 2899 867 ac
2931 813 3102 868 veluti
3145 815 3360 871 medius
3389 819 3512 886 qui-

1928 904 2054 960 dam
2091 905 2250 960 limes
2292 905 2436 960 inter
2482 907 2653 960 Deum
2677 915 2734 960 et
2774 904 3026 961 homines
3062 905 3414 976 interjectus,
3443 909 3509 963 ad

1929 998 2055 1052 illos
2083 997 2304 1052 coalitus
2332 996 2619 1052 exauditas
2651 1012 2814 1052 voces
2859 995 3206 1068 perferebat:
3246 997 3538 1055 Dominus.

1927 1103 2059 1143 vero
2108 1098 2296 1144 noster
2349 1090 2508 1145 Jesus
2559 1088 2831 1154 Christus,
2869 1104 2934 1144 ea
2981 1104 3104 1159 quae
3145 1089 3200 1144 in
3247 1089 3419 1160 ﬁgura
3455 1100 3511 1144 et

1928 1180 2143 1235 umbris
2169 1181 2371 1236 tradita
2405 1180 2643 1244 fuerant,
2675 1180 2742 1235 ad
2767 1180 3052 1235 veritatem
3090 1181 3444 1245 transferens,
3480 1198 3511 1235 a

1929 1272 2200 1343 spirituali
2230 1273 2492 1328 servitute
2525 1288 2628 1328 nos
2656 1272 2914 1338 extrahit,
2947 1273 3004 1327 in
3037 1289 3104 1328 eo
3135 1272 3281 1343 quod
3315 1289 3509 1342 pecea-

1930 1372 2066 1430 tum,
2103 1365 2250 1434 quod
2297 1365 2394 1419 diu
2437 1364 2599 1420 nobis
2638 1363 2981 1420 dominatum
3032 1363 3232 1429 fuerat,
3261 1364 3510 1434 expellit,

1905 1456 2249 1534 ‘diabolique
2279 1457 2572 1528 imperium
2617 1459 2848 1523 evertit;
2889 1465 2945 1512 et
2985 1465 3285 1512 sectatores
3319 1473 3448 1513 suos
3479 1474 3526 1512 a.

1932 1560 2148 1604 terreno
2178 1565 2366 1614 sensu,
2393 1566 2688 1620 rerumque
2719 1549 3024 1606 carnalium
3047 1549 3229 1605 studio
3261 1549 3512 1621 refugere

1930 1643 2156 1709 suadet;
2182 1659 2387 1713 eosque
2425 1644 2830 1714 quodammodo
2865 1642 3126 1697 reformat
3158 1642 3227 1697 ad
3265 1641 3526 1697 studium-

1930 1732 2171 1797 virtutis,
2203 1733 2658 1803 apertissimeque
2696 1733 2857 1787 nobis
2889 1731 2984 1787 Dei
3020 1747 3086 1787 ac
3108 1733 3287 1787 Patris
3309 1732 3509 1787 volun-

209 1826 472 1894 ,ἔφασκεν
491 1845 505 1858 ·
545 1845 564 1876 ‹
610 1827 690 1879 Τὰ
722 1829 942 1898 ῥήματα
971 1828 1007 1882 ἃ
1037 1829 1147 1897 ἐγὼ
1172 1829 1346 1896 λαλῶ,
1379 1831 1480 1885 οὐκ
1511 1831 1659 1884 εστιν
1688 1833 1817 1902 ἐμὰ,

1928 1829 2090 1877 tatem
2124 1823 2448 1888 annuntiat;
2497 1824 2733 1893 ideoque
2756 1823 2896 1879 dixit
2945 1839 2958 1875 :
2995 1841 3012 1873 ι
3049 1822 3226 1877 Verba
3257 1837 3380 1892 qua;
3409 1837 3514 1892 ego

232 1917 366 1971 ἀλλά
394 1919 487 1972 τοῦ
511 1919 827 1989 πέμψαντός
856 1938 942 1990 με.
977 1939 995 1972 ι
1019 1921 1131 1974 Καὶ
1154 1921 1315 1976 πάλιν
1337 1940 1352 1954 ο
1385 1940 1404 1975 ι
1444 1924 1563 1976 Ἀπ’
1585 1924 1820 1994 ἐμαυτοῦ

232 2011 289 2062 ού
329 2011 503 2072 λαλῶ,
536 2012 652 2063 ἀλλ’
687 2014 716 2063 6
757 2011 979 2082 πέμψας
1019 2030 1083 2082 με
1119 2014 1327 2084 Πατὴρ,
1359 2015 1520 2079 αὑτός
1548 2033 1636 2086 μοι
1671 2018 1822 2070 ἐντο-

234 2101 327 2172 λὴν
355 2101 564 2155 δέδωκε
587 2141 602 2164 ,
631 2103 684 2156 τί
711 2103 870 2168 εἴπω,
903 2105 997 2157 καὶ
1039 2105 1092 2158 τί
1125 2105 1364 2177 λαλήσω.
1417 2126 1435 2159 ι
1485 2108 1595 2161 Καὶ
1631 2108 1765 2177 γοῦν
1797 2111 1826 2162 6

233 2194 439 2263 Μωσῆς
463 2195 651 2247 εἰκόνα
690 2195 784 2248 καὶ
818 2196 1168 2250 ἀνατύπωσιν
1203 2198 1305 2267 τῆς
1330 2199 1388 2251 ἐν
1420 2199 1642 2270 Χριστῷ
1671 2218 1826 2271 μεσι-

234 2287 403 2350 τείας,
432 2286 500 2339 τὰ
523 2286 646 2339 καθ’
667 2288 858 2341 ἑαυτὸν
880 2290 1136 2354 ἐποιεῖτο,
1161 2289 1336 2358 λέγων
1359 2294 1470 2351 τοῖς
1489 2293 1548 2359 ἐξ
1585 2293 1820 2365 Ἰσραήλ’

241 2397 260 2430 ι
308 2381 604 2450 Προφήτην
637 2382 701 2433 ἐκ
743 2379 850 2433 τῶν
881 2380 1128 2450 ἀδελφῶν
1167 2399 1262 2436 σου
1290 2383 1584 2455 ἀναστήσει
1626 2403 1707 2440 σοι
1748 2385 1825 2450 ὡς

236 2470 355 2541 ἐμὲ,
378 2470 585 2542 Κύριος
606 2472 633 2524 6
652 2469 782 2535 Θεὸς
810 2487 924 2524 σου.
950 2470 1124 2524 Αὐτοῦ
1153 2472 1452 2526 ἀκούσεσθε
1483 2475 1625 2528 κατὰ
1645 2475 1825 2530 πάντα

232 2562 331 2615 ὅσα
360 2563 548 2632 ᾐτήσω
583 2563 732 2633 παρά
764 2563 970 2634 Κυρίου
1002 2563 1097 2617 τοῦ
1127 2563 1260 2618 Θεοῦ
1291 2582 1382 2618 σου
1412 2566 1471 2619 ἐν
1500 2567 1724 2639 Χωρὴσ,
1755 2570 1821 2640 τῇ

234 2654 416 2725 ἡμέρᾳ
440 2654 540 2725 τῆς
563 2655 880 2726 ἐκκλησίας.
919 2674 938 2707 ι
986 2656 1076 2710 Ἐν
1103 2657 1258 2728 τύπῳ
1287 2657 1386 2727 μὲν
1409 2653 1502 2712 οὖν
1537 2660 1631 2712 καὶ
1656 2660 1824 2714 εἰκόνι

233 2743 300 2796 τὰ
329 2745 418 2797 διά
439 2745 704 2809 Μωσέως,
729 2747 823 2799 καὶ
846 2747 948 2817 τῆς
973 2749 1094 2800 κατ’
1116 2749 1278 2801 αὑτὸν
1308 2749 1583 2820 μεσιτείας
1601 2753 1634 2821 ἡ
1665 2750 1820 2806 δύνα-

239 2853 358 2906 μις·
405 2837 848 2910 ἀπορῤητότερος
889 2839 946 2891 δὲ
979 2839 1082 2908 τῆς
1130 2840 1188 2893 ἐν
1225 2841 1446 2911 Χριστῷ
1482 2843 1758 2913 μεσιτείας
1793 2845 1824 2899 6

236 2929 456 3000 τρόπος.
498 2931 555 2984 '0
583 2932 682 3002 μὲν
720 2931 830 3002 γὰρ
863 2930 1030 3002 νόμου
1061 2933 1154 2985 καὶ
1184 2935 1342 2997 σκιᾶς
1368 2934 1611 3000 διάκονος
1635 2932 1704 3009 ἦν
1729 2938 1826 2992 καὶ

238 3021 618 3090 παιδαγωγίας
665 3022 766 3092 τῆς
812 3022 1018 3078 ἄνωθεν
1057 3023 1445 3096 διακομιστής⁰
1492 3027 1728 3099 Χριστὸς
1765 3028 1824 3082 δὲ

239 3113 311 3176 ὠς
343 3114 511 3184 νόμου
547 3114 641 3167 καὶ
666 3115 963 3187 προφητῶν
985 3115 1270 3187 δεσπότης,
1299 3119 1370 3172 τά
1393 3117 1544 3190 αὐτῷ
1564 3119 1823 3178 δοκοῦντα

241 3203 576 3274 θεσμοθετεῖ,
602 3206 697 3258 καὶ
729 3205 953 3276 μεσίτης
981 3201 1077 3277 ῆν,
1111 3207 1440 3280 συνθεούσης
1468 3211 1527 3263 ἐν
1563 3211 1711 3282 αὐτῷ
1731 3211 1824 3266 καὶ

241 3297 316 3358 εἰς
348 3295 405 3348 ἓν
436 3294 628 3370 ῶσπερ
659 3295 865 3367 ἰούσης,
902 3296 1154 3369 θεότητός
1173 3317 1233 3352 τε
1259 3301 1354 3353 καὶ⁹
1387 3301 1824 3374 ἀνθρωπότητος.

245 3388 445 3458 ’Δμφω
473 3388 583 3460 γάρ
608 3390 726 3458 ἅμα
764 3392 963 3442 νοεῖται
987 3391 1242 3460 Χριστός.
1277 3411 1297 3443 ι
1337 3393 1448 3446 Καὶ
1487 3395 1692 3464 Μωσῆς
1731 3395 1828 3464 μὲν

241 3477 314 3540 ὡς
343 3477 599 3549 θεράπων
624 3481 705 3543 εἰς
724 3481 844 3535 ὅλον
879 3481 971 3534 τὸν
992 3478 1139 3536 οἷκον
1164 3482 1328 3537 αὑτοῦ
1357 3485 1570 3549 πιστὸς,
1594 3487 1830 3557 Χριστὸς

241 3568 295 3621 δὲ
342 3567 418 3632 ὡς
464 3569 600 3632 υίὸς,
639 3570 733 3623 ἐπὶ
779 3571 872 3624 τὸν
919 3567 1068 3626 οἷκον
1115 3572 1303 3635 αὑτοῦ,
1359 3568 1420 3628 οὗ
1461 3570 1608 3637 οἰκός
1662 3577 1832 3646 ἐσμεν

240 3661 420 3730 ἡμεῖς·
463 3679 481 3712 ›
523 3663 572 3714 oi
606 3662 692 3716 διά
717 3664 820 3733 τῆς
859 3665 940 3726 εἰς
977 3665 1140 3719 αὑτὸν
1171 3666 1407 3728 πίστεως
1446 3667 1580 3737 πρὸς
1614 3667 1827 3722 ἐλευθεσ

246 3751 362 3822 ρίαν
404 3753 637 3822 ἠγμένοι
678 3754 778 3824 τὴν
813 3754 1011 3825 ἀληθῆ.
1041 3755 1281 3827 Ἀραρεν
1318 3753 1440 3822 οὖν,
1483 3758 1564 3811 ὅτι
1602 3757 1831 3828 μεσίτης

248 3847 342 3915 μὲν
375 3847 645 3917 σαρκικῆς
675 3847 1009 3920 ἐλευθερίας,
1047 3849 1373 3920 γράμματος
1400 3867 1458 3902 τε
1492 3851 1583 3904 καὶ
1613 3852 1770 3914 σκιᾶς
1800 3853 1830 3905 6

248 3939 571 4011 ἱεροφάντης
599 3942 802 4012 Μωσῆς
826 3957 839 3970 ·
883 3941 912 3993 ὁ
943 3941 1001 3994 δὲ
1016 3939 1218 4011 Κύριος
1249 3941 1407 4012 ἡμῶν
1449 3941 1655 4011 Ἰησοῦς
1690 3944 1828 4013 Χρι·

247 4032 397 4095 στδς,
433 4031 546 4085 τῶν
575 4032 715 4103 ὑπὲρ
751 4032 915 4102 νόμον
954 4032 1274 4103 εἰσηγητὴς,
1303 4032 1398 4086 καὶ
1428 4033 1528 4103 τῆς
1553 4034 1826 4105 σαρκικῆς

246 4121 560 4193 ἐλευθερίας
573 4123 670 4195 τὴν
690 4123 1035 4194 ἀσυγκρίτως
1065 4123 1274 4194 ἀμείνω
1296 4124 1658 4196 δωρούμενος,
1683 4125 1828 4178 τοῦτ’

249 4213 385 4280 ἐστι,
433 4215 533 4285 τὴν
565 4215 708 4269 κατά
745 4214 984 4286 πνεῦμα.
1026 4214 1315 4286 Τοιγάρτοι
1353 4217 1450 4268 καὶ
1488 4215 1693 4285 ἔφασκε
1739 4217 1831 4270 καὶ

248 4309 358 4371 τοῖς
423 4307 706 4379 σαρκικῶς
759 4307 1227 4379 ὴλευθερωμένοις
1280 4309 1394 4371 τοῖς
1445 4307 1505 4374 ἐξ
1575 4308 1827 4379 Ἰσραήλ·

256 4416 274 4450 ι
320 4399 449 4452 Ἐὰν
479 4401 638 4472 ὑμεῖς
679 4400 899 4472 μείνητε
937 4401 994 4455 ἐν
1030 4400 1110 4471 τῷ
1139 4400 1282 4472 λόγῳ
1314 4399 1394 4470 τῷ
1435 4399 1585 4470 ἐμῷ,
1615 4400 1834 4470 ἀληθῶς

1922 1913 2119 1984 loquor
2137 1914 2315 1978 vobis,
2343 1929 2456 1968 non
2483 1922 2612 1968 sunt
2630 1929 2750 1968 mea
2775 1953 2790 1979 ,
2821 1912 2916 1967 sed
2935 1913 3077 1984 ejus,
3097 1912 3193 1982 qui
3217 1911 3370 1966 misit
3400 1927 3512 1975 me,

1924 2005 2203 2072 Patris";t
2225 2005 2465 2076 itemque
2489 2023 2500 2058 :
2538 2025 2556 2056 ι
2576 2004 2620 2059 Α
2649 2019 2737 2058 me
2773 2005 2893 2074 ipso
2914 2019 3025 2058 non
3040 2004 3238 2074 loquor
3259 2021 3274 2069 ;
3293 2003 3388 2058 sed
3414 2003 3511 2073 qui
3597 2045 3622 2069 ,

1923 2099 2076 2154 misit
2108 2113 2217 2163 me,
2258 2099 2439 2164 Pater,
2483 2099 2601 2170 ipse
2640 2099 2775 2153 mihi
2812 2097 3133 2153 mandatum
3171 2096 3344 2161 dedit,
3377 2097 3510 2168 quid

1925 2188 2126 2252 dicam,
2166 2196 2222 2242 et
2249 2189 2381 2258 quid
2413 2189 2605 2258 loquar
2619 2188 2685 2242 “.
2717 2208 2736 2240 ι
2781 2188 2859 2243 Ac
2884 2189 3096 2260 Moyses
3131 2196 3279 2242 certe
3317 2188 3374 2241 in
3398 2187 3514 2240 suis

1925 2281 2096 2336 rebus
2127 2280 2419 2351 imaginem
2448 2290 2612 2351 atque
2644 2281 2873 2337 formam
2899 2283 3192 2352 quamdam
3229 2297 3288 2336 se
3321 2294 3512 2350 gerere

1926 2375 2074 2431 illius
2091 2375 2294 2431 Christi
2323 2377 2742 2432 interventionis
2765 2378 3192 2443 intellexit,cum
3223 2377 3360 2431 dixit
3387 2374 3514 2429 ﬁliis

1925 2467 2216 2537 Israel:51
2233 2487 2248 2518 ι
2260 2468 2587 2537 Prophetam
2598 2484 2663 2523 ex
2678 2469 2937 2524 fratribus
2951 2470 3059 2525 tuis
3073 2467 3352 2531 excitabit,
3367 2466 3512 2520 sicut

1925 2573 2034 2622 me,
2055 2559 2322 2615 Dominus
2361 2562 2508 2615 Deus
2543 2570 2696 2616 tuus:
2720 2562 2872 2616 illum
2892 2561 3127 2617 audietis
3143 2562 3298 2630 juxta
3327 2558 3527 2612 omnia.-

1923 2667 2267 2723 quaacunque
2309 2654 2562 2724 expetisti
2597 2671 2628 2708 a
2659 2655 2892 2709 Domino
2934 2655 3044 2710 Deo
3086 2661 3183 2708 tuo
3218 2653 3272 2707 in
3305 2651 3523 2716 Horeb..

1925 2743 1982 2797 in
2019 2743 2108 2800 die
2142 2746 2422 2800 concionis
2437 2747 2504 2801 “.
2544 2765 2562 2798 ι
2597 2747 2767 2818 Igitur
2792 2761 3132 2818 quaecunque
3161 2762 3258 2817 per
3291 2745 3510 2816 Moysen

1925 2835 2246 2906 agebantur,
2287 2837 2491 2908 illaque
2539 2838 2626 2902 vis
2674 2839 3096 2895 interventionis
3145 2839 3286 2909 ejus,
3340 2838 3514 2908 ﬁgura

1925 2926 2173 2996 quaedam
2213 2934 2334 2982 erat
2375 2937 2431 2982 et
2471 2927 2687 2999 imago;
2729 2935 2786 2981 at
2838 2926 3043 2984 Christi
3091 2922 3528 2980 interventionis.

1924 3017 2100 3074 forma
2143 3021 2314 3092 magis
2343 3020 2640 3076 ineﬂ'abilis
2667 3029 2772 3076 est.
2820 3021 2917 3076 llle
2947 3019 3095 3075 enim
3125 3019 3262 3089 legis
3299 3026 3356 3072 et
3385 3033 3510 3072 um-

1928 3107 2042 3165 brae
2068 3111 2321 3168 minister
2348 3111 2471 3177 fuit,
2502 3119 2559 3166 et
2589 3118 2828 3181 acceptae
2853 3111 3118 3166 divinitus
3148 3108 3528 3164 institutionis.

1929 3201 2203 3275 interpres
2228 3221 2241 3259 :
2269 3204 2523 3260 Christus
2550 3211 2756 3269 autem,
2789 3213 2850 3259 ut
2871 3205 3006 3274 legis
3025 3218 3088 3259 ac
3116 3201 3524 3273 prophetarum.

1929 3295 2207 3361 dominus,
2243 3311 2365 3364 qua:
2396 3295 2501 3348 sibi
2526 3295 2786 3349 videntur
2820 3293 3106 3358 decernit;
3141 3301 3198 3346 et
3242 3290 3514 3346 mediator

1928 3387 2051 3453 fuit,
2079 3403 2203 3442 cum
2243 3387 2300 3442 in
2344 3403 2412 3442 eo
2443 3393 2836 3450 concurreret,
2863 3395 3027 3456 atque
3068 3385 3126 3440 in
3162 3400 3334 3440 unum
3368 3400 3509 3455 quo-

1929 3479 2222 3534 dammodo
2255 3479 2576 3534 conveniret
2599 3487 2714 3533 tum
2754 3478 2960 3544 divina,
2989 3484 3108 3533 tum
3143 3478 3382 3533 humana
3411 3493 3512 3534 na-

1930 3576 2074 3622 tura.
2119 3567 2226 3623 iias
2261 3568 2408 3622 enim
2447 3568 2636 3623 ambas
2679 3569 2842 3624 simul
2886 3569 3106 3640 junctas
3155 3568 3514 3639 intelligimus

1928 3658 2227 3714 Christum.
2269 3679 2287 3711 ι
2321 3659 2399 3715 Ae
2427 3660 2636 3732 Moyses
2667 3660 2892 3730 quidem
2926 3667 2989 3714 ut
3022 3674 3216 3715 servus
3247 3659 3303 3713 in
3343 3666 3514 3714 totam

1929 3754 2049 3824 ejus
2109 3752 2333 3808 domum
2375 3752 2580 3820 ﬁdelis;
2615 3753 2872 3809 Christus
2919 3761 3103 3809 autem
3155 3761 3218 3808 ut
3266 3751 3412 3808 filius
3455 3753 3511 3808 in

1929 3845 2094 3900 domo
2137 3860 2255 3909 sua,
2291 3846 2446 3916 cujus
2490 3845 2687 3901 domus
2728 3862 2830 3902 nos
2878 3862 3070 3902 sumus
3100 3847 3181 3900 δ’»
3219 3865 3233 3900 :
3269 3846 3365 3918 qui
3414 3862 3515 3917 per

1930 3934 2092 3989 ﬁdem
2139 3951 2303 4005 quam
2347 3934 2401 3990 in
2455 3936 2610 3991 illum
2654 3937 2943 4003 habemus,
2995 3937 3064 3993 ad
3103 3953 3287 3994 veram
3323 3953 3516 3993 sumus

1928 4027 2239 4083 libertatem
2279 4027 2523 4084 adducti.
2554 4028 2781 4084 Constat
2811 4030 2978 4101 igitur
3004 4029 3362 4085 mediatorem
3393 4045 3513 4083 car-

1930 4118 2078 4173 nalis
2101 4120 2392 4183 libertatis,
2422 4121 2730 4190 litteraaque
2763 4129 2818 4177 et
2845 4122 3074 4186 umbrae,
3100 4122 3270 4176 fuisse
3293 4121 3513 4191 Moysen

1932 4212 2086 4265 illum
2117 4227 2392 4266 sacrarum
2424 4226 2608 4266 rerum
2633 4212 3020 4281 interpretem:
3049 4212 3341 4266 Dominum
3379 4226 3513 4265 vero

1931 4312 2181 4358 nostrum
2237 4304 2424 4358 Jesum
2465 4303 2746 4358 Christum
2783 4319 2973 4358 earum
3008 4319 3191 4359 rerum
3232 4312 3511 4359 auctorem

1934 4410 2056 4465 quae
2087 4403 2216 4448 sunt
2242 4410 2404 4463 supra
2439 4395 2647 4465 legem:
2689 4410 2754 4449 ac
2784 4395 3009 4465 spiritus
3039 4395 3376 4460 libertatem,
3419 4395 3513 4450 illa

255 4488 494 4560 μαθηταί
535 4489 637 4560 μού
677 4490 820 4554 ἐστε,
858 4491 952 4544 καὶ
987 4489 1260 4558 γνώσεσθε
1297 4490 1395 4560 τὴν
1425 4489 1702 4560 ἀλήθειαν,
1736 4491 1824 4544 καὶ

1935 4485 2194 4540 libertate
2254 4485 2459 4539 carnali
2517 4484 2719 4547 multisj
2765 4484 3014 4555 partibus
3080 4485 3514 4556 praestantiorem

252 4579 285 4648 ὴ
318 4579 548 4650 ἀλήθεια
580 4579 938 4652 ἐλευθερώσει
975 4581 1137 4652 ὑμᾶς.
1187 4598 1206 4632 ι
1249 4581 1361 4634 Kal.
1393 4579 1556 4634 πάλιν
1579 4597 1594 4613 ο
1649 4597 1669 4632 ι
1716 4581 1824 4644 Πᾶς

1937 4593 2059 4633 esse
2108 4577 2382 4648 largitum.
2430 4576 2618 4646 Itaque
2641 4576 2904 4631 lsraelitis
2935 4577 3188 4648 quamvis
3221 4577 3517 4633 carnaliter

251 4670 280 4722 6
316 4673 489 4725 ποιῶν
516 4672 616 4744 τὴν
643 4672 920 4745 ἁμαρτίαν
940 4713 955 4736 ,
983 4673 1168 4738 δοῦλός
1198 4675 1315 4726 ἐστι
1343 4673 1442 4744 τῆς
1479 4672 1776 4744 ἁμαρτίαςδ
1805 4675 1824 4726 6

1937 4670 2186 4725 liberatis
2218 4669 2438 4724 dicebat
2471 4687 2484 4722 :
2524 4688 2542 4720 ι
2583 4668 2641 4724 Si
2680 4684 2778 4726 vos
2821 4669 3137 4725 manseritis
3170 4669 3228 4724 in
3266 4685 3528 4725 sermone

251 4763 308 4817 δέ
343 4763 530 4828 δοῦλος
553 4767 615 4818 οὐ
650 4767 801 4836 μένει
829 4768 887 4820 ἐν
911 4768 977 4838 τῇ
1005 4765 1156 4838 οἰκίᾳ
1205 4766 1286 4828 εἰς
1309 4765 1400 4820 τὸν
1426 4765 1596 4819 αἰῶνα
1615 4808 1630 4830 ,
1660 4767 1689 4818 6
1721 4765 1824 4828 υίὸς

1940 4777 2093 4827 meo,
2123 4777 2252 4817 vere
2285 4761 2542 4832 discipuli
2571 4762 2680 4816 mei
2718 4762 2870 4825 estis,
2897 4769 2954 4816 et
2985 4760 3327 4831 cognoscetis
3369 4760 3518 4815 veri-

257 4857 406 4927 μένει
442 4861 522 4924 είς
549 4858 640 4914 τὸν
667 4859 859 4913 αἰῶνα.
917 4859 1042 4913 Ἐἀν
1064 4855 1156 4913 οὖν
1190 4861 1219 4912 6
1258 4859 1385 4924 Υἱὸς
1421 4859 1567 4930 ὑμᾶς
1615 4857 1824 4911 ἐλευθε-

1943 4861 2146 4920 tatem,
2198 4861 2255 4908 et
2304 4854 2506 4910 veritas
2541 4854 2799 4910 liberabit
2855 4868 2954 4908 vos
2979 4852 3042 4908 ”.
3077 4873 3097 4904 ι
3153 4853 3221 4907 Ει
3271 4852 3514 4908 iterum:

257 4949 425 5021 ρώση,
453 4950 622 5014 ὅντως
648 4950 923 5022 ἐλεύθεροι
958 4950 1100 5005 ἐστέ.

1941 4966 1959 4996 σ
1993 4946 2184 5002 Omnis
2233 4947 2328 5017 qui
2377 4946 2506 5004 facit
2549 4955 2831 5018 peccatum
2857 4987 2871 5011 ,
2920 4961 3115 5001 servus
3151 4952 3235 5000 est
3267 4945 3515 5015 peccati:

254 5058 446 5101 servus
493 5027 678 5101 autem
727 5061 839 5101 non
878 5055 1060 5101 manet
1103 5045 1162 5100 in
1201 5045 1364 5101 domo
1412 5045 1468 5099 in
1528 5051 1825 5110 aeternum;
1888 5042 2035 5098 filius
2078 5050 2262 5099 autem
2292 5050 2476 5098 manet
2499 5043 2554 5098 in
2587 5050 2873 5097 aeternum.
2927 5039 2985 5094 Si
3037 5039 3202 5112 igitur
3227 5039 3398 5095 Filius
3419 5053 3522 5094 vos

253 5135 590 5205 liberaverit,
625 5153 753 5194 vere
790 5137 952 5194 liberi
989 5138 1146 5194 eritis
1169 5138 1234 5192 “.
1274 5157 1293 5190 ι

325 5305 534 5359 ΠΔΛΛ.
575 5305 809 5375 Ἀριστα
831 5303 987 5375 ἔφης.

2017 5291 2213 5351 PALL.
2249 5291 2570 5347 Rectissime
2598 5283 2762 5340 dicis.

331 5398 501 5452 ΚΥΡ.
551 5370 954 5469 Καυχησόμεθα
987 5396 1052 5467 δὴ
1100 5391 1193 5450 οὖν
1225 5395 1286 5450 οὐ
1325 5397 1438 5458 τοῖς
1481 5392 1622 5448 κατά
1661 5391 1824 5464 σάρκα

2012 5385 2169 5442 CYR.
2206 5382 2326 5437 Non
2361 5379 2527 5450 igitur
2558 5376 2626 5432 de
2657 5374 2956 5430 carnalium
3004 5388 3188 5430 rerum
3230 5370 3522 5440 splendore

246 5487 548 5560 ίλαμπροῖς,
589 5463 744 5542 ἀλλά⁷
763 5463 874 5552 τοῖς
912 5490 970 5542 ἐν
1009 5463 1278 5559 πνεύματι
1311 5487 1406 5541 καὶ
1437 5463 1746 5556 δικαιοσύνη
1773 5486 1824 5554 ei

1948 5475 2290 5551 gloriandum
2333 5472 2494 5527 nobis
2537 5476 2641 5534 est,
2689 5467 2786 5524 sed
2833 5468 2900 5524 de
2937 5466 3163 5538 spiritus
3210 5471 3266 5520 et
3297 5463 3523 5534 justitian

331 5688 553 5744 “Joan.
589 5705 699 5751 xiv,
731 5690 821 5746 24.
900 5690 1126 5746 "Joan.
1169 5705 1262 5755 xu,
1307 5689 1392 5743 49.
1473 5689 1513 5721 “
1551 5688 1824 5742 Deut.va

265 5757 308 5788 “
329 5757 484 5814 lbid..
504 5759 696 5814 διν-56.

1928 5680 2005 5745 [5,
2047 5679 2130 5734 16.
2225 5677 2270 5709 ⁸³
2322 5673 2490 5730 Hebr.
2540 5687 2618 5736 ιιι,
2670 5669 2726 5737 2,
2773 5670 2826 5724 5.
2909 5667 3131 5724 “Joan.
3168 5682 3281 5732 vm,
3319 5661 3520 5730 52,53.

367 5775 437 5812 nu
451 5796 484 5825 .,
505 5775 696 5815 ηδε-ου.
