  <div class='ocr_page' id='page_1' title='image "/cluster/home/n/w/nwhite01/storage/ocr_20150623/68/pst.000005712694/119.png"; bbox 0 0 3968 6300; ppageno 0'>
   <div class='ocr_carea' id='block_1_1' title="bbox 363 306 472 365">
    <p class='ocr_par' dir='ltr' id='par_1_1' title="bbox 363 306 472 365">
     <span class='ocr_line' id='line_1_1' title="bbox 363 306 472 365; baseline 0.028 -3"><span class='ocrx_word' id='word_1_1' title='bbox 363 306 472 365; x_wconf 73' lang='lat'><strong>215</strong></span> 
     </span>
    </p>
   </div>
   <div class='ocr_carea' id='block_1_2' title="bbox 1392 300 2639 365">
    <p class='ocr_par' dir='ltr' id='par_1_2' title="bbox 1392 300 2639 365">
     <span class='ocr_line' id='line_1_2' title="bbox 1392 300 2639 365; baseline 0.006 -8"><span class='ocrx_word' id='word_1_2' title='bbox 1392 300 1449 357; x_wconf 88' lang='lat' dir='ltr'><strong>S.</strong></span> <span class='ocrx_word' id='word_1_3' title='bbox 1491 302 1773 359; x_wconf 66' lang='lat' dir='ltr'><strong>CYRILL!</strong></span> <span class='ocrx_word' id='word_1_4' title='bbox 1806 305 2282 364; x_wconf 60' lang='lat' dir='ltr'><strong>ALEXANDle</strong></span> <span class='ocrx_word' id='word_1_5' title='bbox 2320 307 2639 365; x_wconf 75' lang='lat' dir='ltr'><strong>ARCHIEP’.</strong></span> 
     </span>
    </p>
   </div>
   <div class='ocr_carea' id='block_1_3' title="bbox 3541 314 3664 370">
    <p class='ocr_par' dir='ltr' id='par_1_3' title="bbox 3541 314 3664 370">
     <span class='ocr_line' id='line_1_3' title="bbox 3541 314 3664 370; baseline 0 0"><span class='ocrx_word' id='word_1_6' title='bbox 3541 314 3664 370; x_wconf 62' lang='grc' dir='ltr'><strong>ΞΜ</strong></span> 
     </span>
    </p>
   </div>
   <div class='ocr_carea' id='block_1_4' title="bbox 365 420 1969 500">
    <p class='ocr_par' dir='ltr' id='par_1_4' title="bbox 365 420 1951 495">
     <span class='ocr_line' id='line_1_4' title="bbox 365 420 1951 495; baseline -0.001 -15"><span class='ocrx_word' id='word_1_7' title='bbox 365 423 634 489; x_wconf 75' lang='lat' dir='ltr'><strong>claritate,</strong></span> <span class='ocrx_word' id='word_1_8' title='bbox 679 423 801 495; x_wconf 86' lang='lat' dir='ltr'><strong>ejus</strong></span> <span class='ocrx_word' id='word_1_9' title='bbox 846 421 1117 478; x_wconf 79' lang='lat' dir='ltr'><strong>duntaxat</strong></span> <span class='ocrx_word' id='word_1_10' title='bbox 1162 434 1291 491; x_wconf 57' lang='lat' dir='ltr'><strong>quae»</strong></span> <span class='ocrx_word' id='word_1_11' title='bbox 1319 434 1388 475; x_wconf 78' lang='lat' dir='ltr'><strong>ex</strong></span> <span class='ocrx_word' id='word_1_12' title='bbox 1433 420 1666 479; x_wconf 78' lang='lat' dir='ltr'><strong>Christo</strong></span> <span class='ocrx_word' id='word_1_13' title='bbox 1702 431 1806 489; x_wconf 90' lang='lat' dir='ltr'><strong>est,</strong></span> <span class='ocrx_word' id='word_1_14' title='bbox 1840 438 1951 479; x_wconf 90' lang='lat' dir='ltr'><strong>non</strong></span> 
     </span>
    </p>
   </div>
   <div class='ocr_carea' id='block_1_5' title="bbox 2074 420 3658 500">
    <p class='ocr_par' dir='ltr' id='par_1_5' title="bbox 2074 427 3658 500">
     <span class='ocr_line' id='line_1_5' title="bbox 2074 427 3658 500; baseline 0.001 -19"><span class='ocrx_word' id='word_1_15' title='bbox 2074 428 2199 482; x_wconf 76' lang='grc' dir='ltr'>ιατά</span> <span class='ocrx_word' id='word_1_16' title='bbox 2218 427 2475 500; x_wconf 78' lang='grc' dir='ltr'>Χριστὸν,</span> <span class='ocrx_word' id='word_1_17' title='bbox 2506 429 2568 481; x_wconf 86' lang='grc' dir='ltr'><strong>ού</strong></span> <span class='ocrx_word' id='word_1_18' title='bbox 2608 431 2674 500; x_wconf 84' lang='grc' dir='ltr'>τῇ</span> <span class='ocrx_word' id='word_1_19' title='bbox 2706 429 2849 484; x_wconf 73' lang='grc' dir='ltr'>κατὰ</span> <span class='ocrx_word' id='word_1_20' title='bbox 2902 428 3085 500; x_wconf 86' lang='grc' dir='ltr'>νόμον.</span> <span class='ocrx_word' id='word_1_21' title='bbox 3118 429 3183 483; x_wconf 80' lang='lat' dir='ltr'><strong>El</strong></span> <span class='ocrx_word' id='word_1_22' title='bbox 3221 428 3331 500; x_wconf 81' lang='grc' dir='ltr'><strong>γάρ</strong></span> <span class='ocrx_word' id='word_1_23' title='bbox 3359 427 3545 484; x_wconf 80' lang='grc' dir='ltr'>δοῦλον</span> <span class='ocrx_word' id='word_1_24' title='bbox 3573 430 3658 484; x_wconf 79' lang='grc' dir='ltr'>ἔτι</span> 
     </span>
    </p>
   </div>
   <div class='ocr_carea' id='block_1_6' title="bbox 365 513 1959 587">
    <p class='ocr_par' dir='ltr' id='par_1_6' title="bbox 365 513 1959 587">
     <span class='ocr_line' id='line_1_6' title="bbox 365 513 1959 587; baseline 0.001 -18"><span class='ocrx_word' id='word_1_25' title='bbox 365 529 489 586; x_wconf 68' lang='lat' dir='ltr'><strong>quae</strong></span> <span class='ocrx_word' id='word_1_26' title='bbox 512 530 582 570; x_wconf 76' lang='lat' dir='ltr'><strong>ex</strong></span> <span class='ocrx_word' id='word_1_27' title='bbox 610 515 751 587; x_wconf 92' lang='lat' dir='ltr'><strong>lege.</strong></span> <span class='ocrx_word' id='word_1_28' title='bbox 792 515 953 580; x_wconf 86' lang='lat' dir='ltr'><strong>Nam,</strong></span> <span class='ocrx_word' id='word_1_29' title='bbox 984 514 1030 568; x_wconf 86' lang='lat' dir='ltr'><strong>si</strong></span> <span class='ocrx_word' id='word_1_30' title='bbox 1059 527 1255 569; x_wconf 85' lang='lat' dir='ltr'><strong>servus</strong></span> <span class='ocrx_word' id='word_1_31' title='bbox 1295 513 1531 570; x_wconf 88' lang='lat' dir='ltr'><strong>habetur</strong></span> <span class='ocrx_word' id='word_1_32' title='bbox 1567 515 1821 586; x_wconf 83' lang='lat' dir='ltr'><strong>quisquis</strong></span> <span class='ocrx_word' id='word_1_33' title='bbox 1854 516 1959 570; x_wconf 90' lang='lat' dir='ltr'><strong>sub</strong></span> 
     </span>
    </p>
   </div>
   <div class='ocr_carea' id='block_1_7' title="bbox 364 603 1960 678">
    <p class='ocr_par' dir='ltr' id='par_1_7' title="bbox 364 603 1960 678">
     <span class='ocr_line' id='line_1_7' title="bbox 364 603 1960 678; baseline 0.001 -17"><span class='ocrx_word' id='word_1_34' title='bbox 364 613 592 678; x_wconf 86' lang='lat' dir='ltr'><strong>peccato</strong></span> <span class='ocrx_word' id='word_1_35' title='bbox 623 613 728 672; x_wconf 90' lang='lat' dir='ltr'><strong>est,</strong></span> <span class='ocrx_word' id='word_1_36' title='bbox 762 620 866 661; x_wconf 90' lang='lat' dir='ltr'><strong>nec</strong></span> <span class='ocrx_word' id='word_1_37' title='bbox 892 603 1157 676; x_wconf 88' lang='lat' dir='ltr'><strong>justilicat</strong></span> <span class='ocrx_word' id='word_1_38' title='bbox 1186 604 1299 659; x_wconf 91' lang='lat' dir='ltr'><strong>ullo</strong></span> <span class='ocrx_word' id='word_1_39' title='bbox 1339 605 1505 660; x_wconf 90' lang='lat' dir='ltr'><strong>modo</strong></span> <span class='ocrx_word' id='word_1_40' title='bbox 1553 605 1674 673; x_wconf 81' lang='lat' dir='ltr'><strong>lex;</strong></span> <span class='ocrx_word' id='word_1_41' title='bbox 1711 606 1960 676; x_wconf 90' lang='lat' dir='ltr'><strong>quinimo</strong></span> 
     </span>
    </p>
   </div>
   <div class='ocr_carea' id='block_1_8' title="bbox 366 693 1957 766">
    <p class='ocr_par' dir='ltr' id='par_1_8' title="bbox 366 693 1957 766">
     <span class='ocr_line' id='line_1_8' title="bbox 366 693 1957 766; baseline -0.001 -13"><span class='ocrx_word' id='word_1_42' title='bbox 366 695 700 753; x_wconf 92' lang='lat' dir='ltr'><strong>condemnat</strong></span> <span class='ocrx_word' id='word_1_43' title='bbox 757 693 963 766; x_wconf 88' lang='lat' dir='ltr'><strong>potius,</strong></span> <span class='ocrx_word' id='word_1_44' title='bbox 1018 708 1251 763; x_wconf 82' lang='lat' dir='ltr'><strong>reosque</strong></span> <span class='ocrx_word' id='word_1_45' title='bbox 1302 693 1434 750; x_wconf 81' lang='lat' dir='ltr'><strong>facit</strong></span> <span class='ocrx_word' id='word_1_46' title='bbox 1491 702 1957 766; x_wconf 79' lang='lat' dir='ltr'><strong>transgressores;</strong></span> 
     </span>
    </p>
   </div>
   <div class='ocr_carea' id='block_1_9' title="bbox 366 786 1960 861">
    <p class='ocr_par' dir='ltr' id='par_1_9' title="bbox 366 786 1960 861">
     <span class='ocr_line' id='line_1_9' title="bbox 366 786 1960 861; baseline 0.001 -19"><span class='ocrx_word' id='word_1_47' title='bbox 366 789 458 844; x_wconf 91' lang='lat' dir='ltr'><strong>cui</strong></span> <span class='ocrx_word' id='word_1_48' title='bbox 502 804 614 844; x_wconf 89' lang='lat' dir='ltr'><strong>non</strong></span> <span class='ocrx_word' id='word_1_49' title='bbox 644 788 999 861; x_wconf 91' lang='lat' dir='ltr'><strong>perspicuum</strong></span> <span class='ocrx_word' id='word_1_50' title='bbox 1047 787 1118 842; x_wconf 86' lang='lat' dir='ltr'><strong>sit</strong></span> <span class='ocrx_word' id='word_1_51' title='bbox 1149 802 1370 843; x_wconf 92' lang='lat' dir='ltr'><strong>omnem</strong></span> <span class='ocrx_word' id='word_1_52' title='bbox 1411 786 1856 859; x_wconf 86' lang='lat' dir='ltr'><strong>justiﬁeationem</strong></span> <span class='ocrx_word' id='word_1_53' title='bbox 1902 789 1960 843; x_wconf 91' lang='lat' dir='ltr'><strong>in</strong></span> 
     </span>
    </p>
   </div>
   <div class='ocr_carea' id='block_1_10' title="bbox 365 878 1959 950">
    <p class='ocr_par' dir='ltr' id='par_1_10' title="bbox 365 878 1959 950">
     <span class='ocr_line' id='line_1_10' title="bbox 365 878 1959 950; baseline -0.003 -14"><span class='ocrx_word' id='word_1_54' title='bbox 365 878 586 937; x_wconf 91' lang='lat' dir='ltr'><strong>Christo</strong></span> <span class='ocrx_word' id='word_1_55' title='bbox 625 888 907 947; x_wconf 85' lang='lat' dir='ltr'><strong>constare;</strong></span> <span class='ocrx_word' id='word_1_56' title='bbox 941 879 1184 950; x_wconf 87' lang='lat' dir='ltr'><strong>itemque</strong></span> <span class='ocrx_word' id='word_1_57' title='bbox 1212 893 1429 934; x_wconf 88' lang='lat' dir='ltr'><strong>omnem</strong></span> <span class='ocrx_word' id='word_1_58' title='bbox 1467 878 1807 949; x_wconf 86' lang='lat' dir='ltr'><strong>spiritualem</strong></span> <span class='ocrx_word' id='word_1_59' title='bbox 1830 893 1959 949; x_wconf 88' lang='lat' dir='ltr'><strong>per-</strong></span> 
     </span>
    </p>
   </div>
   <div class='ocr_carea' id='block_1_11' title="bbox 366 967 1961 1041">
    <p class='ocr_par' dir='ltr' id='par_1_11' title="bbox 366 967 1961 1041">
     <span class='ocr_line' id='line_1_11' title="bbox 366 967 1961 1041; baseline -0.001 -17"><span class='ocrx_word' id='word_1_60' title='bbox 366 969 684 1035; x_wconf 84' lang='lat' dir='ltr'><strong>fectionem,</strong></span> <span class='ocrx_word' id='word_1_61' title='bbox 721 984 845 1041; x_wconf 63' lang='lat' dir='ltr'><strong>qua:</strong></span> <span class='ocrx_word' id='word_1_62' title='bbox 887 985 986 1040; x_wconf 88' lang='lat' dir='ltr'><strong>per</strong></span> <span class='ocrx_word' id='word_1_63' title='bbox 1025 967 1514 1025; x_wconf 82' lang='lat' dir='ltr'><strong>sanctiﬁcationem</strong></span> <span class='ocrx_word' id='word_1_64' title='bbox 1540 968 1831 1035; x_wconf 84' lang='lat' dir='ltr'><strong>habeatur,</strong></span> <span class='ocrx_word' id='word_1_65' title='bbox 1862 984 1961 1040; x_wconf 89' lang='lat' dir='ltr'><strong>per</strong></span> 
     </span>
    </p>
   </div>
   <div class='ocr_carea' id='block_1_12' title="bbox 367 1046 1963 1132">
    <p class='ocr_par' dir='ltr' id='par_1_12' title="bbox 367 1046 1963 1132">
     <span class='ocr_line' id='line_1_12' title="bbox 367 1046 1963 1132; baseline 0.001 -16"><span class='ocrx_word' id='word_1_66' title='bbox 367 1061 550 1132; x_wconf 88' lang='lat' dir='ltr'><strong>ipsum</strong></span> <span class='ocrx_word' id='word_1_67' title='bbox 593 1071 651 1117; x_wconf 89' lang='lat' dir='ltr'><strong>et</strong></span> <span class='ocrx_word' id='word_1_68' title='bbox 693 1061 748 1116; x_wconf 91' lang='lat' dir='ltr'><strong>in</strong></span> <span class='ocrx_word' id='word_1_69' title='bbox 793 1062 914 1131; x_wconf 88' lang='lat' dir='ltr'><strong>ipso</strong></span> <span class='ocrx_word' id='word_1_70' title='bbox 945 1061 1189 1131; x_wconf 82' lang='lat' dir='ltr'><strong>acquiri?</strong></span> <span class='ocrx_word' id='word_1_71' title='bbox 1214 1061 1418 1117; x_wconf 84' lang='lat' dir='ltr'><strong>Paulus</strong></span> <span class='ocrx_word' id='word_1_72' title='bbox 1446 1060 1534 1115; x_wconf 87' lang='lat' dir='ltr'><strong>vir</strong></span> <span class='ocrx_word' id='word_1_73' title='bbox 1561 1068 1713 1117; x_wconf 88' lang='lat' dir='ltr'><strong>certe</strong></span> <span class='ocrx_word' id='word_1_74' title='bbox 1740 1046 1963 1131; x_wconf 84' lang='lat' dir='ltr'><strong>sapiens</strong></span> 
     </span>
    </p>
   </div>
   <div class='ocr_carea' id='block_1_13' title="bbox 367 1153 1959 1226">
    <p class='ocr_par' dir='ltr' id='par_1_13' title="bbox 367 1153 1959 1226">
     <span class='ocr_line' id='line_1_13' title="bbox 367 1153 1959 1226; baseline -0.001 -15"><span class='ocrx_word' id='word_1_75' title='bbox 367 1155 425 1212; x_wconf 90' lang='lat' dir='ltr'><strong>in</strong></span> <span class='ocrx_word' id='word_1_76' title='bbox 453 1155 648 1226; x_wconf 83' lang='lat' dir='ltr'><strong>primis</strong></span> <span class='ocrx_word' id='word_1_77' title='bbox 694 1154 889 1210; x_wconf 80' lang='lat' dir='ltr'><strong>scribit</strong></span> <span class='ocrx_word' id='word_1_78' title='bbox 925 1173 935 1206; x_wconf 96' lang='lat'>:</span> <span class='ocrx_word' id='word_1_79' title='bbox 981 1173 999 1205; x_wconf 78' lang='grc' dir='ltr'><strong>ι</strong></span> <span class='ocrx_word' id='word_1_80' title='bbox 1036 1154 1158 1210; x_wconf 87' lang='grc' dir='ltr'>Νοιι</span> <span class='ocrx_word' id='word_1_81' title='bbox 1204 1154 1353 1209; x_wconf 89' lang='lat' dir='ltr'><strong>enim</strong></span> <span class='ocrx_word' id='word_1_82' title='bbox 1396 1154 1669 1209; x_wconf 87' lang='lat' dir='ltr'><strong>erubesco</strong></span> <span class='ocrx_word' id='word_1_83' title='bbox 1708 1153 1959 1225; x_wconf 90' lang='lat' dir='ltr'><strong>Evange-</strong></span> 
     </span>
    </p>
   </div>
   <div class='ocr_carea' id='block_1_14' title="bbox 366 1244 1958 1314">
    <p class='ocr_par' dir='ltr' id='par_1_14' title="bbox 366 1244 1958 1314">
     <span class='ocr_line' id='line_1_14' title="bbox 366 1244 1958 1314; baseline -0.003 -11"><span class='ocrx_word' id='word_1_84' title='bbox 366 1248 537 1314; x_wconf 89' lang='lat' dir='ltr'><strong>lium;</strong></span> <span class='ocrx_word' id='word_1_85' title='bbox 571 1247 671 1303; x_wconf 90' lang='lat' dir='ltr'><strong>Dei</strong></span> <span class='ocrx_word' id='word_1_86' title='bbox 714 1247 862 1304; x_wconf 89' lang='lat' dir='ltr'><strong>enim</strong></span> <span class='ocrx_word' id='word_1_87' title='bbox 908 1247 1086 1303; x_wconf 84' lang='lat' dir='ltr'><strong>virtus</strong></span> <span class='ocrx_word' id='word_1_88' title='bbox 1131 1254 1217 1302; x_wconf 89' lang='lat' dir='ltr'><strong>est</strong></span> <span class='ocrx_word' id='word_1_89' title='bbox 1261 1246 1325 1300; x_wconf 88' lang='lat' dir='ltr'><strong>in</strong></span> <span class='ocrx_word' id='word_1_90' title='bbox 1363 1246 1597 1301; x_wconf 81' lang='lat' dir='ltr'><strong>salutem</strong></span> <span class='ocrx_word' id='word_1_91' title='bbox 1642 1244 1792 1299; x_wconf 88' lang='lat' dir='ltr'><strong>omni</strong></span> <span class='ocrx_word' id='word_1_92' title='bbox 1834 1260 1958 1299; x_wconf 90' lang='lat' dir='ltr'><strong>ere-</strong></span> 
     </span>
    </p>
   </div>
   <div class='ocr_carea' id='block_1_15' title="bbox 367 1336 1959 1411">
    <p class='ocr_par' dir='ltr' id='par_1_15' title="bbox 367 1336 1959 1411">
     <span class='ocr_line' id='line_1_15' title="bbox 367 1336 1959 1411; baseline -0.003 -15"><span class='ocrx_word' id='word_1_93' title='bbox 367 1339 543 1407; x_wconf 86' lang='lat' dir='ltr'><strong>denti,</strong></span> <span class='ocrx_word' id='word_1_94' title='bbox 573 1339 763 1396; x_wconf 76' lang='lat' dir='ltr'><strong>Judzeo</strong></span> <span class='ocrx_word' id='word_1_95' title='bbox 800 1340 1039 1411; x_wconf 91' lang='lat' dir='ltr'><strong>primum</strong></span> <span class='ocrx_word' id='word_1_96' title='bbox 1073 1347 1130 1394; x_wconf 91' lang='lat' dir='ltr'><strong>et</strong></span> <span class='ocrx_word' id='word_1_97' title='bbox 1172 1337 1381 1394; x_wconf 73' lang='lat' dir='ltr'><strong>Graeco.</strong></span> <span class='ocrx_word' id='word_1_98' title='bbox 1421 1336 1645 1394; x_wconf 70' lang='lat' dir='ltr'><strong>Iustitia</strong></span> <span class='ocrx_word' id='word_1_99' title='bbox 1676 1336 1823 1391; x_wconf 90' lang='lat' dir='ltr'><strong>enim</strong></span> <span class='ocrx_word' id='word_1_100' title='bbox 1860 1336 1959 1392; x_wconf 86' lang='lat' dir='ltr'><strong>Dei</strong></span> 
     </span>
    </p>
   </div>
   <div class='ocr_carea' id='block_1_16' title="bbox 367 1430 1954 1501">
    <p class='ocr_par' dir='ltr' id='par_1_16' title="bbox 367 1430 1954 1501">
     <span class='ocr_line' id='line_1_16' title="bbox 367 1430 1954 1501; baseline -0.003 -13"><span class='ocrx_word' id='word_1_101' title='bbox 367 1433 427 1488; x_wconf 89' lang='lat' dir='ltr'><strong>in</strong></span> <span class='ocrx_word' id='word_1_102' title='bbox 452 1448 520 1489; x_wconf 93' lang='lat' dir='ltr'><strong>eo</strong></span> <span class='ocrx_word' id='word_1_103' title='bbox 547 1433 825 1489; x_wconf 90' lang='lat' dir='ltr'><strong>revelatur</strong></span> <span class='ocrx_word' id='word_1_104' title='bbox 850 1447 921 1488; x_wconf 77' lang='lat' dir='ltr'><strong>ex</strong></span> <span class='ocrx_word' id='word_1_105' title='bbox 948 1431 1055 1487; x_wconf 89' lang='lat' dir='ltr'><strong>ﬁde</strong></span> <span class='ocrx_word' id='word_1_106' title='bbox 1084 1432 1139 1487; x_wconf 87' lang='lat' dir='ltr'><strong>in</strong></span> <span class='ocrx_word' id='word_1_107' title='bbox 1161 1431 1346 1494; x_wconf 90' lang='lat' dir='ltr'><strong>ﬁdem,</strong></span> <span class='ocrx_word' id='word_1_108' title='bbox 1375 1430 1520 1486; x_wconf 90' lang='lat' dir='ltr'><strong>sicut</strong></span> <span class='ocrx_word' id='word_1_109' title='bbox 1546 1430 1813 1501; x_wconf 83' lang='lat' dir='ltr'><strong>scriptum</strong></span> <span class='ocrx_word' id='word_1_110' title='bbox 1838 1438 1954 1484; x_wconf 88' lang='lat' dir='ltr'><strong>est:</strong></span> 
     </span>
    </p>
   </div>
   <div class='ocr_carea' id='block_1_17' title="bbox 366 1519 1959 1590">
    <p class='ocr_par' dir='ltr' id='par_1_17' title="bbox 366 1519 1959 1590">
     <span class='ocr_line' id='line_1_17' title="bbox 366 1519 1959 1590; baseline -0.003 -11"><span class='ocrx_word' id='word_1_111' title='bbox 366 1523 558 1580; x_wconf 84' lang='lat' dir='ltr'><strong>Justus</strong></span> <span class='ocrx_word' id='word_1_112' title='bbox 609 1532 794 1578; x_wconf 86' lang='lat' dir='ltr'><strong>autem</strong></span> <span class='ocrx_word' id='word_1_113' title='bbox 849 1538 919 1577; x_wconf 79' lang='lat' dir='ltr'><strong>ex</strong></span> <span class='ocrx_word' id='word_1_114' title='bbox 959 1521 1067 1577; x_wconf 92' lang='lat' dir='ltr'><strong>ﬁde</strong></span> <span class='ocrx_word' id='word_1_115' title='bbox 1117 1521 1265 1577; x_wconf 87' lang='lat' dir='ltr'><strong>vivet</strong></span> <span class='ocrx_word' id='word_1_116' title='bbox 1311 1521 1377 1575; x_wconf 70' lang='grc'><strong>⁸⁵⁸.</strong></span> <span class='ocrx_word' id='word_1_117' title='bbox 1425 1540 1443 1571; x_wconf 74' lang='grc' dir='ltr'><strong>ι</strong></span> <span class='ocrx_word' id='word_1_118' title='bbox 1479 1519 1695 1577; x_wconf 79' lang='lat' dir='ltr'><strong>Veteris</strong></span> <span class='ocrx_word' id='word_1_119' title='bbox 1739 1535 1959 1590; x_wconf 90' lang='lat' dir='ltr'><strong>quoque</strong></span> 
     </span>
    </p>
   </div>
   <div class='ocr_carea' id='block_1_18' title="bbox 366 1612 1955 1685">
    <p class='ocr_par' dir='ltr' id='par_1_18' title="bbox 366 1612 1955 1685">
     <span class='ocr_line' id='line_1_18' title="bbox 366 1612 1955 1685; baseline -0.004 -14"><span class='ocrx_word' id='word_1_120' title='bbox 366 1614 505 1685; x_wconf 82' lang='lat' dir='ltr'><strong>legis</strong></span> <span class='ocrx_word' id='word_1_121' title='bbox 531 1615 782 1677; x_wconf 81' lang='lat' dir='ltr'><strong>inutilem</strong></span> <span class='ocrx_word' id='word_1_122' title='bbox 807 1614 919 1671; x_wconf 90' lang='lat' dir='ltr'><strong>vim</strong></span> <span class='ocrx_word' id='word_1_123' title='bbox 954 1622 1120 1683; x_wconf 88' lang='lat' dir='ltr'><strong>atque</strong></span> <span class='ocrx_word' id='word_1_124' title='bbox 1151 1612 1424 1668; x_wconf 85' lang='lat' dir='ltr'><strong>inﬁrmam</strong></span> <span class='ocrx_word' id='word_1_125' title='bbox 1453 1612 1522 1667; x_wconf 90' lang='lat' dir='ltr'><strong>iis</strong></span> <span class='ocrx_word' id='word_1_126' title='bbox 1547 1612 1729 1668; x_wconf 89' lang='lat' dir='ltr'><strong>verbis</strong></span> <span class='ocrx_word' id='word_1_127' title='bbox 1757 1621 1955 1668; x_wconf 86' lang='lat' dir='ltr'><strong>notat:</strong></span> 
     </span>
    </p>
   </div>
   <div class='ocr_carea' id='block_1_19' title="bbox 368 1704 1958 1778">
    <p class='ocr_par' dir='ltr' id='par_1_19' title="bbox 368 1704 1958 1778">
     <span class='ocr_line' id='line_1_19' title="bbox 368 1704 1958 1778; baseline -0.001 -18"><span class='ocrx_word' id='word_1_128' title='bbox 368 1707 475 1778; x_wconf 73' lang='lat'><strong>52</strong></span> <span class='ocrx_word' id='word_1_129' title='bbox 508 1727 528 1760; x_wconf 83' lang='grc' dir='ltr'><strong>ι</strong></span> <span class='ocrx_word' id='word_1_130' title='bbox 556 1706 715 1775; x_wconf 86' lang='lat' dir='ltr'><strong>Quod</strong></span> <span class='ocrx_word' id='word_1_131' title='bbox 743 1715 950 1772; x_wconf 89' lang='lat' dir='ltr'><strong>autem,</strong></span> <span class='ocrx_word' id='word_1_132' title='bbox 981 1707 1181 1777; x_wconf 90' lang='lat' dir='ltr'><strong>inquit,</strong></span> <span class='ocrx_word' id='word_1_133' title='bbox 1212 1706 1270 1761; x_wconf 89' lang='lat' dir='ltr'><strong>in</strong></span> <span class='ocrx_word' id='word_1_134' title='bbox 1295 1706 1415 1777; x_wconf 88' lang='lat' dir='ltr'><strong>lege</strong></span> <span class='ocrx_word' id='word_1_135' title='bbox 1441 1720 1602 1760; x_wconf 90' lang='lat' dir='ltr'><strong>nemo</strong></span> <span class='ocrx_word' id='word_1_136' title='bbox 1624 1704 1958 1777; x_wconf 85' lang='lat' dir='ltr'><strong>justiﬁcatur</strong></span> 
     </span>
    </p>
   </div>
   <div class='ocr_carea' id='block_1_20' title="bbox 2060 518 3659 601">
    <p class='ocr_par' dir='ltr' id='par_1_20' title="bbox 2060 518 3659 601">
     <span class='ocr_line' id='line_1_20' title="bbox 2060 518 3659 601; baseline 0.002 -29"><span class='ocrx_word' id='word_1_137' title='bbox 2060 519 2123 572; x_wconf 84' lang='grc' dir='ltr'>τὸ</span> <span class='ocrx_word' id='word_1_138' title='bbox 2149 518 2238 587; x_wconf 76' lang='grc' dir='ltr'>ὑφ’</span> <span class='ocrx_word' id='word_1_139' title='bbox 2265 519 2561 601; x_wconf 77' lang='grc' dir='ltr'>ἁμαρτίαν,</span> <span class='ocrx_word' id='word_1_140' title='bbox 2595 520 2794 573; x_wconf 84' lang='grc' dir='ltr'>δικαιοῖ</span> <span class='ocrx_word' id='word_1_141' title='bbox 2818 519 2876 574; x_wconf 75' lang='grc' dir='ltr'>δὲ</span> <span class='ocrx_word' id='word_1_142' title='bbox 2906 520 3108 591; x_wconf 76' lang='grc' dir='ltr'>ἥκιστα</span> <span class='ocrx_word' id='word_1_143' title='bbox 3143 519 3243 589; x_wconf 80' lang='grc' dir='ltr'>μὲν</span> <span class='ocrx_word' id='word_1_144' title='bbox 3269 521 3299 571; x_wconf 94' lang='lat'><strong>6</strong></span> <span class='ocrx_word' id='word_1_145' title='bbox 3327 519 3512 590; x_wconf 69' lang='grc' dir='ltr'>νόμος,</span> <span class='ocrx_word' id='word_1_146' title='bbox 3554 537 3659 575; x_wconf 81' lang='grc' dir='ltr'>κα-</span> 
     </span>
    </p>
   </div>
   <div class='ocr_carea' id='block_1_21' title="bbox 2060 610 3667 685">
    <p class='ocr_par' dir='ltr' id='par_1_21' title="bbox 2060 610 3667 685">
     <span class='ocr_line' id='line_1_21' title="bbox 2060 610 3667 685; baseline 0.001 -20"><span class='ocrx_word' id='word_1_147' title='bbox 2060 610 2307 685; x_wconf 89' lang='grc' dir='ltr'>τακρίνει</span> <span class='ocrx_word' id='word_1_148' title='bbox 2324 611 2381 666; x_wconf 75' lang='grc' dir='ltr'>δὲ</span> <span class='ocrx_word' id='word_1_149' title='bbox 2407 612 2615 683; x_wconf 71' lang='grc' dir='ltr'>μᾶλλον</span> <span class='ocrx_word' id='word_1_150' title='bbox 2634 613 2731 666; x_wconf 75' lang='grc' dir='ltr'>καὶ</span> <span class='ocrx_word' id='word_1_151' title='bbox 2755 612 3025 683; x_wconf 75' lang='grc' dir='ltr'><strong>γράφεται</strong></span> <span class='ocrx_word' id='word_1_152' title='bbox 3049 611 3511 682; x_wconf 88' lang='grc' dir='ltr'>παραϐαίνοντας,</span> <span class='ocrx_word' id='word_1_153' title='bbox 3538 613 3667 677; x_wconf 85' lang='grc' dir='ltr'>πῶς.</span> 
     </span>
    </p>
   </div>
   <div class='ocr_carea' id='block_1_22' title="bbox 2060 703 3655 777">
    <p class='ocr_par' dir='ltr' id='par_1_22' title="bbox 2060 703 3655 777">
     <span class='ocr_line' id='line_1_22' title="bbox 2060 703 3655 777; baseline -0.001 -19"><span class='ocrx_word' id='word_1_154' title='bbox 2060 704 2169 758; x_wconf 80' lang='grc' dir='ltr'>οὐκ.</span> <span class='ocrx_word' id='word_1_155' title='bbox 2191 704 2257 759; x_wconf 82' lang='grc' dir='ltr'>ἂν</span> <span class='ocrx_word' id='word_1_156' title='bbox 2289 706 2500 775; x_wconf 88' lang='grc' dir='ltr'>γένοιτο</span> <span class='ocrx_word' id='word_1_157' title='bbox 2538 706 2700 760; x_wconf 89' lang='grc' dir='ltr'>παντί</span> <span class='ocrx_word' id='word_1_158' title='bbox 2740 722 2831 777; x_wconf 80' lang='grc' dir='ltr'><strong>τῳ-</strong></span> <span class='ocrx_word' id='word_1_159' title='bbox 2850 703 3041 773; x_wconf 81' lang='grc' dir='ltr'>σαφὲς,</span> <span class='ocrx_word' id='word_1_160' title='bbox 3072 704 3158 758; x_wconf 85' lang='grc' dir='ltr'>ὅτι</span> <span class='ocrx_word' id='word_1_161' title='bbox 3190 704 3342 758; x_wconf 82' lang='grc' dir='ltr'>πᾶσα</span> <span class='ocrx_word' id='word_1_162' title='bbox 3369 703 3655 769; x_wconf 81' lang='grc' dir='ltr'><strong>δικαίωσις</strong></span> 
     </span>
    </p>
   </div>
   <div class='ocr_carea' id='block_1_23' title="bbox 2060 792 3660 869">
    <p class='ocr_par' dir='ltr' id='par_1_23' title="bbox 2060 792 3660 869">
     <span class='ocr_line' id='line_1_23' title="bbox 2060 792 3660 869; baseline -0.001 -20"><span class='ocrx_word' id='word_1_163' title='bbox 2060 798 2118 849; x_wconf 83' lang='grc' dir='ltr'>ὲν</span> <span class='ocrx_word' id='word_1_164' title='bbox 2147 797 2389 869; x_wconf 77' lang='grc' dir='ltr'><strong>Χριστῷ,</strong></span> <span class='ocrx_word' id='word_1_165' title='bbox 2417 796 2860 866; x_wconf 74' lang='grc' dir='ltr'>καὶιτελείωοιςή</span> <span class='ocrx_word' id='word_1_166' title='bbox 2884 796 2942 848; x_wconf 77' lang='grc' dir='ltr'>ἐν</span> <span class='ocrx_word' id='word_1_167' title='bbox 2965 793 3237 865; x_wconf 76' lang='grc' dir='ltr'>πνεύματι</span> <span class='ocrx_word' id='word_1_168' title='bbox 3255 793 3323 848; x_wconf 79' lang='grc' dir='ltr'>δι’</span> <span class='ocrx_word' id='word_1_169' title='bbox 3352 792 3660 864; x_wconf 71' lang='grc' dir='ltr'>άγιασμοῦτ</span> 
     </span>
    </p>
   </div>
   <div class='ocr_carea' id='block_1_24' title="bbox 2059 884 3656 958">
    <p class='ocr_par' dir='ltr' id='par_1_24' title="bbox 2059 884 3656 958">
     <span class='ocr_line' id='line_1_24' title="bbox 2059 884 3656 958; baseline 0 -18"><span class='ocrx_word' id='word_1_170' title='bbox 2059 887 2128 941; x_wconf 88' lang='grc' dir='ltr'><strong>δι’</strong></span> <span class='ocrx_word' id='word_1_171' title='bbox 2160 888 2326 943; x_wconf 76' lang='grc' dir='ltr'>αὐτοῦ</span> <span class='ocrx_word' id='word_1_172' title='bbox 2363 906 2425 942; x_wconf 87' lang='grc' dir='ltr'><strong>τε</strong></span> <span class='ocrx_word' id='word_1_173' title='bbox 2475 888 2570 943; x_wconf 72' lang='grc' dir='ltr'>καὶ</span> <span class='ocrx_word' id='word_1_174' title='bbox 2614 888 2675 943; x_wconf 82' lang='grc' dir='ltr'>ὲν</span> <span class='ocrx_word' id='word_1_175' title='bbox 2711 886 2905 958; x_wconf 81' lang='grc' dir='ltr'><strong>αὐτῷ;</strong></span> <span class='ocrx_word' id='word_1_176' title='bbox 2956 886 3068 941; x_wconf 73' lang='grc' dir='ltr'><strong>Καὶ</strong></span> <span class='ocrx_word' id='word_1_177' title='bbox 3118 884 3250 955; x_wconf 89' lang='grc' dir='ltr'>γοῦν</span> <span class='ocrx_word' id='word_1_178' title='bbox 3281 887 3309 939; x_wconf 94' lang='lat'><strong>6</strong></span> <span class='ocrx_word' id='word_1_179' title='bbox 3344 885 3656 954; x_wconf 79' lang='grc' dir='ltr'>σοφώτατος</span> 
     </span>
    </p>
   </div>
   <div class='ocr_carea' id='block_1_25' title="bbox 2060 976 3656 1052">
    <p class='ocr_par' dir='ltr' id='par_1_25' title="bbox 2060 976 3656 1052">
     <span class='ocr_line' id='line_1_25' title="bbox 2060 976 3656 1052; baseline -0.001 -18"><span class='ocrx_word' id='word_1_180' title='bbox 2060 980 2262 1052; x_wconf 88' lang='grc' dir='ltr'>γράφει</span> <span class='ocrx_word' id='word_1_181' title='bbox 2293 979 2504 1044; x_wconf 78' lang='grc' dir='ltr'><strong>Παῦλος</strong></span> <span class='ocrx_word' id='word_1_182' title='bbox 2523 996 2538 1012; x_wconf 82' lang='grc' dir='ltr'><strong><em>ο</em></strong></span> <span class='ocrx_word' id='word_1_183' title='bbox 2580 999 2608 1031; x_wconf 81' lang='grc' dir='ltr'>ι.</span> <span class='ocrx_word' id='word_1_184' title='bbox 2638 981 2712 1034; x_wconf 85' lang='grc' dir='ltr'><strong>Οὐ</strong></span> <span class='ocrx_word' id='word_1_185' title='bbox 2741 978 2862 1050; x_wconf 81' lang='grc' dir='ltr'><strong>γὰρ</strong></span> <span class='ocrx_word' id='word_1_186' title='bbox 2882 977 3283 1049; x_wconf 79' lang='grc' dir='ltr'><strong>ἐπαισχύνομαι</strong></span> <span class='ocrx_word' id='word_1_187' title='bbox 3313 976 3375 1031; x_wconf 78' lang='grc' dir='ltr'><strong>τὸ</strong></span> <span class='ocrx_word' id='word_1_188' title='bbox 3409 976 3656 1047; x_wconf 81' lang='grc' dir='ltr'>Εὐαγγέ-</span> 
     </span>
    </p>
   </div>
   <div class='ocr_carea' id='block_1_26' title="bbox 2061 1068 3667 1144">
    <p class='ocr_par' dir='ltr' id='par_1_26' title="bbox 2061 1068 3667 1144">
     <span class='ocr_line' id='line_1_26' title="bbox 2061 1068 3667 1144; baseline -0.002 -19"><span class='ocrx_word' id='word_1_189' title='bbox 2061 1073 2195 1135; x_wconf 90' lang='grc' dir='ltr'>λιον,</span> <span class='ocrx_word' id='word_1_190' title='bbox 2223 1071 2454 1143; x_wconf 89' lang='grc' dir='ltr'>δύναμις</span> <span class='ocrx_word' id='word_1_191' title='bbox 2488 1071 2597 1144; x_wconf 87' lang='grc' dir='ltr'>γὰρ</span> <span class='ocrx_word' id='word_1_192' title='bbox 2622 1070 2758 1124; x_wconf 84' lang='grc' dir='ltr'>Θεοῦ</span> <span class='ocrx_word' id='word_1_193' title='bbox 2785 1072 2932 1123; x_wconf 75' lang='grc' dir='ltr'>ἐστιν</span> <span class='ocrx_word' id='word_1_194' title='bbox 2961 1070 3041 1133; x_wconf 87' lang='grc' dir='ltr'><strong>εἰς</strong></span> <span class='ocrx_word' id='word_1_195' title='bbox 3074 1068 3352 1140; x_wconf 84' lang='grc' dir='ltr'><strong>σωτηρίαν</strong></span> <span class='ocrx_word' id='word_1_196' title='bbox 3387 1071 3551 1122; x_wconf 79' lang='grc' dir='ltr'>παντὶ</span> <span class='ocrx_word' id='word_1_197' title='bbox 3577 1070 3667 1140; x_wconf 73' lang='grc' dir='ltr'>τῷ</span> 
     </span>
    </p>
   </div>
   <div class='ocr_carea' id='block_1_27' title="bbox 2062 1159 3655 1233">
    <p class='ocr_par' dir='ltr' id='par_1_27' title="bbox 2062 1159 3655 1233">
     <span class='ocr_line' id='line_1_27' title="bbox 2062 1159 3655 1233; baseline 0 -18"><span class='ocrx_word' id='word_1_198' title='bbox 2062 1161 2390 1225; x_wconf 75' lang='grc' dir='ltr'><strong>πιστεύοντι,</strong></span> <span class='ocrx_word' id='word_1_199' title='bbox 2430 1162 2670 1233; x_wconf 80' lang='grc' dir='ltr'>Ἰουδαίῳ</span> <span class='ocrx_word' id='word_1_200' title='bbox 2698 1178 2758 1214; x_wconf 89' lang='grc' dir='ltr'><strong>τε</strong></span> <span class='ocrx_word' id='word_1_201' title='bbox 2781 1160 2999 1232; x_wconf 85' lang='grc' dir='ltr'>πρῶτον</span> <span class='ocrx_word' id='word_1_202' title='bbox 3024 1160 3121 1215; x_wconf 75' lang='grc' dir='ltr'>καὶ</span> <span class='ocrx_word' id='word_1_203' title='bbox 3150 1159 3397 1230; x_wconf 85' lang='grc' dir='ltr'>Ἕλληνι,</span> <span class='ocrx_word' id='word_1_204' title='bbox 3437 1162 3655 1215; x_wconf 87' lang='grc' dir='ltr'>Δικαιο-</span> 
     </span>
    </p>
   </div>
   <div class='ocr_carea' id='block_1_28' title="bbox 2063 1249 3661 1324">
    <p class='ocr_par' dir='ltr' id='par_1_28' title="bbox 2063 1249 3661 1324">
     <span class='ocr_line' id='line_1_28' title="bbox 2063 1249 3661 1324; baseline -0.004 -17"><span class='ocrx_word' id='word_1_205' title='bbox 2063 1252 2196 1324; x_wconf 88' lang='grc' dir='ltr'>σύνη</span> <span class='ocrx_word' id='word_1_206' title='bbox 2233 1254 2342 1324; x_wconf 78' lang='grc' dir='ltr'><strong>γάρ</strong></span> <span class='ocrx_word' id='word_1_207' title='bbox 2371 1251 2507 1306; x_wconf 86' lang='grc' dir='ltr'>Θεοῦ</span> <span class='ocrx_word' id='word_1_208' title='bbox 2541 1252 2598 1305; x_wconf 82' lang='grc' dir='ltr'>ὲν</span> <span class='ocrx_word' id='word_1_209' title='bbox 2634 1250 2783 1321; x_wconf 77' lang='grc' dir='ltr'>αὐτῷ</span> <span class='ocrx_word' id='word_1_210' title='bbox 2825 1249 3273 1305; x_wconf 79' lang='grc' dir='ltr'><strong>ἀποκαλύπτεται</strong></span> <span class='ocrx_word' id='word_1_211' title='bbox 3312 1252 3376 1303; x_wconf 83' lang='grc' dir='ltr'>ὲκ</span> <span class='ocrx_word' id='word_1_212' title='bbox 3416 1249 3661 1314; x_wconf 87' lang='grc' dir='ltr'>πίστεως.</span> 
     </span>
    </p>
   </div>
   <div class='ocr_carea' id='block_1_29' title="bbox 2061 1339 3655 1416">
    <p class='ocr_par' dir='ltr' id='par_1_29' title="bbox 2061 1339 3655 1416">
     <span class='ocr_line' id='line_1_29' title="bbox 2061 1339 3655 1416; baseline -0.004 -19"><span class='ocrx_word' id='word_1_213' title='bbox 2061 1346 2142 1408; x_wconf 90' lang='grc' dir='ltr'><strong>είς</strong></span> <span class='ocrx_word' id='word_1_214' title='bbox 2170 1343 2350 1397; x_wconf 88' lang='grc' dir='ltr'>πίστιν</span> <span class='ocrx_word' id='word_1_215' title='bbox 2370 1386 2386 1411; x_wconf 90' lang='grc'><strong>,</strong></span> <span class='ocrx_word' id='word_1_216' title='bbox 2415 1341 2598 1407; x_wconf 83' lang='grc' dir='ltr'>καθὼς</span> <span class='ocrx_word' id='word_1_217' title='bbox 2638 1342 2949 1416; x_wconf 81' lang='grc' dir='ltr'>γέγραπται</span> <span class='ocrx_word' id='word_1_218' title='bbox 2983 1358 2996 1371; x_wconf 89' lang='grc'><strong>·</strong></span> <span class='ocrx_word' id='word_1_219' title='bbox 3044 1342 3104 1394; x_wconf 83' lang='grc'><strong>’0</strong></span> <span class='ocrx_word' id='word_1_220' title='bbox 3130 1341 3188 1395; x_wconf 78' lang='grc' dir='ltr'>δὲ</span> <span class='ocrx_word' id='word_1_221' title='bbox 3218 1340 3427 1404; x_wconf 90' lang='grc' dir='ltr'>δίκαιος</span> <span class='ocrx_word' id='word_1_222' title='bbox 3456 1342 3522 1393; x_wconf 85' lang='grc' dir='ltr'>ὲκ</span> <span class='ocrx_word' id='word_1_223' title='bbox 3564 1339 3655 1392; x_wconf 83' lang='grc' dir='ltr'>πί-</span> 
     </span>
    </p>
   </div>
   <div class='ocr_carea' id='block_1_30' title="bbox 2063 1432 3653 1508">
    <p class='ocr_par' dir='ltr' id='par_1_30' title="bbox 2063 1432 3653 1508">
     <span class='ocr_line' id='line_1_30' title="bbox 2063 1432 3653 1508; baseline -0.003 -19"><span class='ocrx_word' id='word_1_224' title='bbox 2063 1452 2231 1501; x_wconf 90' lang='grc' dir='ltr'>στεως</span> <span class='ocrx_word' id='word_1_225' title='bbox 2261 1436 2508 1508; x_wconf 84' lang='grc' dir='ltr'>ζήσεται.</span> <span class='ocrx_word' id='word_1_226' title='bbox 2543 1456 2562 1487; x_wconf 78' lang='grc' dir='ltr'><strong>ι</strong></span> <span class='ocrx_word' id='word_1_227' title='bbox 2601 1435 2786 1506; x_wconf 83' lang='grc' dir='ltr'><strong>Νόμου</strong></span> <span class='ocrx_word' id='word_1_228' title='bbox 2816 1452 2876 1488; x_wconf 87' lang='grc' dir='ltr'><strong>τε</strong></span> <span class='ocrx_word' id='word_1_229' title='bbox 2901 1432 2994 1488; x_wconf 89' lang='grc' dir='ltr'><strong>τοῦ</strong></span> <span class='ocrx_word' id='word_1_230' title='bbox 3016 1433 3185 1488; x_wconf 86' lang='grc' dir='ltr'>πάλαι</span> <span class='ocrx_word' id='word_1_231' title='bbox 3222 1432 3282 1486; x_wconf 84' lang='grc' dir='ltr'>τὸ</span> <span class='ocrx_word' id='word_1_232' title='bbox 3314 1432 3573 1503; x_wconf 85' lang='grc' dir='ltr'>ἀνόνητόν</span> <span class='ocrx_word' id='word_1_233' title='bbox 3593 1449 3653 1485; x_wconf 88' lang='grc' dir='ltr'><strong>τε</strong></span> 
     </span>
    </p>
   </div>
   <div class='ocr_carea' id='block_1_31' title="bbox 2061 1525 3679 1601">
    <p class='ocr_par' dir='ltr' id='par_1_31' title="bbox 2061 1525 3679 1601">
     <span class='ocr_line' id='line_1_31' title="bbox 2061 1525 3679 1601; baseline -0.004 -18"><span class='ocrx_word' id='word_1_234' title='bbox 2061 1531 2156 1584; x_wconf 72' lang='grc' dir='ltr'>καὶ</span> <span class='ocrx_word' id='word_1_235' title='bbox 2188 1529 2416 1601; x_wconf 83' lang='grc' dir='ltr'>ἀδρανὲς</span> <span class='ocrx_word' id='word_1_236' title='bbox 2445 1528 2502 1583; x_wconf 75' lang='grc' dir='ltr'>ἐν</span> <span class='ocrx_word' id='word_1_237' title='bbox 2519 1546 2584 1598; x_wconf 90' lang='grc' dir='ltr'><strong>γε</strong></span> <span class='ocrx_word' id='word_1_238' title='bbox 2615 1525 2811 1599; x_wconf 78' lang='grc' dir='ltr'>τουτῳῒ</span> <span class='ocrx_word' id='word_1_239' title='bbox 2838 1526 3207 1598; x_wconf 84' lang='grc' dir='ltr'>καταγράφει,</span> <span class='ocrx_word' id='word_1_240' title='bbox 3240 1526 3432 1594; x_wconf 84' lang='grc' dir='ltr'>λέγων·</span> <span class='ocrx_word' id='word_1_241' title='bbox 3473 1543 3492 1577; x_wconf 79' lang='grc' dir='ltr'><strong>ι</strong></span> <span class='ocrx_word' id='word_1_242' title='bbox 3531 1525 3679 1583; x_wconf 77' lang='grc' dir='ltr'>”οτι’</span> 
     </span>
    </p>
   </div>
   <div class='ocr_carea' id='block_1_32' title="bbox 2059 1616 3654 1692">
    <p class='ocr_par' dir='ltr' id='par_1_32' title="bbox 2059 1616 3654 1692">
     <span class='ocr_line' id='line_1_32' title="bbox 2059 1616 3654 1692; baseline -0.003 -17"><span class='ocrx_word' id='word_1_243' title='bbox 2059 1622 2115 1676; x_wconf 84' lang='grc' dir='ltr'>δὲ</span> <span class='ocrx_word' id='word_1_244' title='bbox 2146 1623 2206 1675; x_wconf 83' lang='grc' dir='ltr'>ἐν</span> <span class='ocrx_word' id='word_1_245' title='bbox 2233 1622 2383 1692; x_wconf 87' lang='grc' dir='ltr'>νόμῳ</span> <span class='ocrx_word' id='word_1_246' title='bbox 2416 1621 2592 1685; x_wconf 73' lang='grc' dir='ltr'>οὐδεὶς</span> <span class='ocrx_word' id='word_1_247' title='bbox 2635 1620 2939 1675; x_wconf 74' lang='grc' dir='ltr'>δικαιοῦται</span> <span class='ocrx_word' id='word_1_248' title='bbox 2967 1620 3119 1690; x_wconf 77' lang='grc' dir='ltr'>παρὰ</span> <span class='ocrx_word' id='word_1_249' title='bbox 3163 1617 3305 1688; x_wconf 85' lang='grc' dir='ltr'>Θεῷ,</span> <span class='ocrx_word' id='word_1_250' title='bbox 3349 1616 3527 1687; x_wconf 83' lang='grc' dir='ltr'>δῆλον·</span> <span class='ocrx_word' id='word_1_251' title='bbox 3572 1618 3654 1671; x_wconf 81' lang='grc' dir='ltr'>ὅτι</span> 
     </span>
    </p>
   </div>
   <div class='ocr_carea' id='block_1_33' title="bbox 2062 1707 3661 1783">
    <p class='ocr_par' dir='ltr' id='par_1_33' title="bbox 2062 1707 3661 1783">
     <span class='ocr_line' id='line_1_33' title="bbox 2062 1707 3661 1783; baseline -0.004 -17"><span class='ocrx_word' id='word_1_252' title='bbox 2062 1715 2091 1767; x_wconf 97' lang='lat'><strong>6</strong></span> <span class='ocrx_word' id='word_1_253' title='bbox 2120 1713 2326 1777; x_wconf 86' lang='grc' dir='ltr'>δίκαιος</span> <span class='ocrx_word' id='word_1_254' title='bbox 2353 1714 2418 1765; x_wconf 84' lang='grc' dir='ltr'>ἐκ</span> <span class='ocrx_word' id='word_1_255' title='bbox 2448 1714 2684 1776; x_wconf 83' lang='grc' dir='ltr'>πίστεως</span> <span class='ocrx_word' id='word_1_256' title='bbox 2714 1711 2959 1783; x_wconf 79' lang='grc' dir='ltr'>ζήσεται.</span> <span class='ocrx_word' id='word_1_257' title='bbox 2998 1711 3056 1764; x_wconf 89' lang='lat'><strong>&#39;0</strong></span> <span class='ocrx_word' id='word_1_258' title='bbox 3093 1709 3150 1762; x_wconf 82' lang='grc' dir='ltr'>δὲ</span> <span class='ocrx_word' id='word_1_259' title='bbox 3189 1708 3351 1778; x_wconf 86' lang='grc' dir='ltr'>νόμος</span> <span class='ocrx_word' id='word_1_260' title='bbox 3377 1709 3479 1761; x_wconf 85' lang='grc' dir='ltr'>οὐκ</span> <span class='ocrx_word' id='word_1_261' title='bbox 3508 1707 3661 1761; x_wconf 78' lang='grc' dir='ltr'>ἔστιν</span> 
     </span>
    </p>
   </div>
   <div class='ocr_carea' id='block_1_34' title="bbox 366 1795 1969 1876">
    <p class='ocr_par' dir='ltr' id='par_1_34' title="bbox 366 1796 1963 1870">
     <span class='ocr_line' id='line_1_34' title="bbox 366 1796 1963 1870; baseline -0.001 -15"><span class='ocrx_word' id='word_1_262' title='bbox 366 1799 516 1870; x_wconf 78' lang='lat' dir='ltr'><strong>apud</strong></span> <span class='ocrx_word' id='word_1_263' title='bbox 564 1800 760 1867; x_wconf 90' lang='lat' dir='ltr'><strong>Deum,</strong></span> <span class='ocrx_word' id='word_1_264' title='bbox 806 1799 1156 1859; x_wconf 81' lang='lat' dir='ltr'><strong>manifestum</strong></span> <span class='ocrx_word' id='word_1_265' title='bbox 1190 1806 1276 1853; x_wconf 90' lang='lat' dir='ltr'><strong>est</strong></span> <span class='ocrx_word' id='word_1_266' title='bbox 1310 1815 1323 1851; x_wconf 74' lang='grc' dir='ltr'>ε</span> <span class='ocrx_word' id='word_1_267' title='bbox 1364 1797 1497 1867; x_wconf 84' lang='lat' dir='ltr'><strong>quia</strong></span> <span class='ocrx_word' id='word_1_268' title='bbox 1516 1797 1699 1867; x_wconf 88' lang='lat' dir='ltr'><strong>justus</strong></span> <span class='ocrx_word' id='word_1_269' title='bbox 1742 1812 1811 1852; x_wconf 81' lang='lat' dir='ltr'><strong>ex</strong></span> <span class='ocrx_word' id='word_1_270' title='bbox 1856 1796 1963 1853; x_wconf 91' lang='lat' dir='ltr'><strong>ﬁde</strong></span> 
     </span>
    </p>
   </div>
   <div class='ocr_carea' id='block_1_35' title="bbox 2074 1795 3657 1876">
    <p class='ocr_par' dir='ltr' id='par_1_35' title="bbox 2074 1801 3657 1876">
     <span class='ocr_line' id='line_1_35' title="bbox 2074 1801 3657 1876; baseline -0.004 -17"><span class='ocrx_word' id='word_1_271' title='bbox 2074 1809 2131 1859; x_wconf 76' lang='grc' dir='ltr'>ὲκ</span> <span class='ocrx_word' id='word_1_272' title='bbox 2161 1806 2420 1870; x_wconf 86' lang='grc' dir='ltr'>πίστεως,</span> <span class='ocrx_word' id='word_1_273' title='bbox 2444 1806 2559 1860; x_wconf 86' lang='grc' dir='ltr'>ἀλλ’</span> <span class='ocrx_word' id='word_1_274' title='bbox 2578 1807 2607 1858; x_wconf 89' lang='grc' dir='ltr'>ὁ</span> <span class='ocrx_word' id='word_1_275' title='bbox 2628 1806 2860 1876; x_wconf 85' lang='grc' dir='ltr'>ποιήσας</span> <span class='ocrx_word' id='word_1_276' title='bbox 2880 1802 3041 1870; x_wconf 76' lang='grc' dir='ltr'>αὐτὰ,</span> <span class='ocrx_word' id='word_1_277' title='bbox 3067 1802 3291 1873; x_wconf 81' lang='grc' dir='ltr'>ζήσεται</span> <span class='ocrx_word' id='word_1_278' title='bbox 3319 1802 3375 1854; x_wconf 84' lang='grc' dir='ltr'>ὲν</span> <span class='ocrx_word' id='word_1_279' title='bbox 3400 1801 3602 1864; x_wconf 82' lang='grc' dir='ltr'>αὐτοῖς.</span> <span class='ocrx_word' id='word_1_280' title='bbox 3628 1820 3657 1851; x_wconf 71' lang='grc' dir='ltr'><strong>ι</strong></span> 
     </span>
    </p>
   </div>
   <div class='ocr_carea' id='block_1_36' title="bbox 366 1885 1965 1967">
    <p class='ocr_par' dir='ltr' id='par_1_36' title="bbox 366 1885 1965 1967">
     <span class='ocr_line' id='line_1_36' title="bbox 366 1885 1965 1967; baseline -0.001 -22"><span class='ocrx_word' id='word_1_281' title='bbox 366 1890 525 1946; x_wconf 81' lang='lat' dir='ltr'><strong>vivit.</strong></span> <span class='ocrx_word' id='word_1_282' title='bbox 557 1890 673 1946; x_wconf 79' lang='lat' dir='ltr'><strong>Lex</strong></span> <span class='ocrx_word' id='word_1_283' title='bbox 702 1898 887 1947; x_wconf 89' lang='lat' dir='ltr'><strong>autem</strong></span> <span class='ocrx_word' id='word_1_284' title='bbox 930 1904 1042 1944; x_wconf 88' lang='lat' dir='ltr'><strong>non</strong></span> <span class='ocrx_word' id='word_1_285' title='bbox 1090 1896 1175 1967; x_wconf 75' lang='lat' dir='ltr'><strong>est</strong></span> <span class='ocrx_word' id='word_1_286' title='bbox 1209 1903 1278 1943; x_wconf 80' lang='lat' dir='ltr'><strong>ex</strong></span> <span class='ocrx_word' id='word_1_287' title='bbox 1320 1885 1459 1954; x_wconf 87' lang='lat' dir='ltr'><strong>ﬁde;</strong></span> <span class='ocrx_word' id='word_1_288' title='bbox 1493 1886 1588 1942; x_wconf 92' lang='lat' dir='ltr'><strong>sed</strong></span> <span class='ocrx_word' id='word_1_289' title='bbox 1627 1886 1721 1957; x_wconf 93' lang='lat' dir='ltr'><strong>qui</strong></span> <span class='ocrx_word' id='word_1_290' title='bbox 1769 1886 1965 1943; x_wconf 81' lang='lat' dir='ltr'><strong>fecerit</strong></span> 
     </span>
    </p>
   </div>
   <div class='ocr_carea' id='block_1_37' title="bbox 368 1978 1960 2054">
    <p class='ocr_par' dir='ltr' id='par_1_37' title="bbox 368 1978 1960 2054">
     <span class='ocr_line' id='line_1_37' title="bbox 368 1978 1960 2054; baseline -0.001 -17"><span class='ocrx_word' id='word_1_291' title='bbox 368 1996 456 2048; x_wconf 88' lang='lat' dir='ltr'><strong>ea,</strong></span> <span class='ocrx_word' id='word_1_292' title='bbox 495 1982 647 2040; x_wconf 83' lang='lat' dir='ltr'><strong>vivet</strong></span> <span class='ocrx_word' id='word_1_293' title='bbox 687 1982 745 2038; x_wconf 92' lang='lat' dir='ltr'><strong>in</strong></span> <span class='ocrx_word' id='word_1_294' title='bbox 777 1982 912 2054; x_wconf 88' lang='lat' dir='ltr'><strong>ipsis</strong></span> <span class='ocrx_word' id='word_1_295' title='bbox 945 1981 1008 2037; x_wconf 78' lang='lat'><strong>“.</strong></span> <span class='ocrx_word' id='word_1_296' title='bbox 1064 2000 1083 2033; x_wconf 79' lang='grc' dir='ltr'><strong>ι</strong></span> <span class='ocrx_word' id='word_1_297' title='bbox 1124 1980 1184 2035; x_wconf 92' lang='lat' dir='ltr'><strong>1n</strong></span> <span class='ocrx_word' id='word_1_298' title='bbox 1223 1979 1444 2037; x_wconf 79' lang='lat' dir='ltr'><strong>Christo</strong></span> <span class='ocrx_word' id='word_1_299' title='bbox 1486 1978 1654 2050; x_wconf 84' lang='lat' dir='ltr'><strong>igitur</strong></span> <span class='ocrx_word' id='word_1_300' title='bbox 1693 1980 1960 2051; x_wconf 79' lang='lat' dir='ltr'><strong>iustifica-</strong></span> 
     </span>
    </p>
   </div>
   <div class='ocr_carea' id='block_1_38' title="bbox 368 2073 1959 2145">
    <p class='ocr_par' dir='ltr' id='par_1_38' title="bbox 368 2073 1959 2145">
     <span class='ocr_line' id='line_1_38' title="bbox 368 2073 1959 2145; baseline 0.001 -16"><span class='ocrx_word' id='word_1_301' title='bbox 368 2089 496 2129; x_wconf 86' lang='lat' dir='ltr'><strong>mur</strong></span> <span class='ocrx_word' id='word_1_302' title='bbox 514 2090 615 2145; x_wconf 85' lang='lat' dir='ltr'><strong>per</strong></span> <span class='ocrx_word' id='word_1_303' title='bbox 647 2073 832 2141; x_wconf 88' lang='lat' dir='ltr'><strong>ﬁdem,</strong></span> <span class='ocrx_word' id='word_1_304' title='bbox 863 2090 929 2130; x_wconf 89' lang='lat' dir='ltr'><strong>ac</strong></span> <span class='ocrx_word' id='word_1_305' title='bbox 961 2074 1286 2130; x_wconf 89' lang='lat' dir='ltr'><strong>redimimur</strong></span> <span class='ocrx_word' id='word_1_306' title='bbox 1313 2090 1345 2130; x_wconf 88' lang='lat' dir='ltr'><strong>a</strong></span> <span class='ocrx_word' id='word_1_307' title='bbox 1373 2074 1638 2130; x_wconf 88' lang='lat' dir='ltr'><strong>servitute</strong></span> <span class='ocrx_word' id='word_1_308' title='bbox 1666 2074 1959 2143; x_wconf 87' lang='lat' dir='ltr'><strong>spirituali.</strong></span> 
     </span>
    </p>
   </div>
   <div class='ocr_carea' id='block_1_39' title="bbox 441 2166 1358 2239">
    <p class='ocr_par' dir='ltr' id='par_1_39' title="bbox 441 2166 1358 2239">
     <span class='ocr_line' id='line_1_39' title="bbox 441 2166 1358 2239; baseline 0.001 -18"><span class='ocrx_word' id='word_1_309' title='bbox 441 2166 641 2222; x_wconf 78' lang='lat' dir='ltr'><strong>PALL.</strong></span> <span class='ocrx_word' id='word_1_310' title='bbox 669 2167 769 2223; x_wconf 89' lang='lat' dir='ltr'><strong>Est</strong></span> <span class='ocrx_word' id='word_1_311' title='bbox 797 2167 965 2239; x_wconf 86' lang='lat' dir='ltr'><strong>igitur</strong></span> <span class='ocrx_word' id='word_1_312' title='bbox 993 2167 1082 2222; x_wconf 78' lang='lat' dir='ltr'><strong>lex</strong></span> <span class='ocrx_word' id='word_1_313' title='bbox 1111 2167 1358 2222; x_wconf 86' lang='lat' dir='ltr'><strong>inutilis?</strong></span> 
     </span>
    </p>
   </div>
   <div class='ocr_carea' id='block_1_40' title="bbox 438 2256 1966 2333">
    <p class='ocr_par' dir='ltr' id='par_1_40' title="bbox 438 2256 1966 2333">
     <span class='ocr_line' id='line_1_40' title="bbox 438 2256 1966 2333; baseline 0.001 -19"><span class='ocrx_word' id='word_1_314' title='bbox 438 2257 597 2314; x_wconf 68' lang='grc' dir='ltr'><strong>ΟΥΕ.</strong></span> <span class='ocrx_word' id='word_1_315' title='bbox 629 2256 751 2314; x_wconf 84' lang='grc' dir='ltr'>Νοιι</span> <span class='ocrx_word' id='word_1_316' title='bbox 780 2258 886 2314; x_wconf 90' lang='lat' dir='ltr'><strong>hoc</strong></span> <span class='ocrx_word' id='word_1_317' title='bbox 915 2258 1060 2333; x_wconf 89' lang='lat' dir='ltr'><strong>dico,</strong></span> <span class='ocrx_word' id='word_1_318' title='bbox 1108 2274 1288 2329; x_wconf 89' lang='lat' dir='ltr'><strong>neque</strong></span> <span class='ocrx_word' id='word_1_319' title='bbox 1328 2258 1481 2314; x_wconf 90' lang='lat' dir='ltr'><strong>enim</strong></span> <span class='ocrx_word' id='word_1_320' title='bbox 1525 2259 1730 2316; x_wconf 80' lang='lat' dir='ltr'><strong>frustra</strong></span> <span class='ocrx_word' id='word_1_321' title='bbox 1763 2260 1966 2315; x_wconf 91' lang='lat' dir='ltr'><strong>divinis</strong></span> 
     </span>
    </p>
   </div>
   <div class='ocr_carea' id='block_1_41' title="bbox 370 2350 1963 2424">
    <p class='ocr_par' dir='ltr' id='par_1_41' title="bbox 370 2350 1963 2424">
     <span class='ocr_line' id='line_1_41' title="bbox 370 2350 1963 2424; baseline 0 -19"><span class='ocrx_word' id='word_1_322' title='bbox 370 2350 652 2420; x_wconf 85' lang='lat' dir='ltr'><strong>responsis</strong></span> <span class='ocrx_word' id='word_1_323' title='bbox 699 2351 913 2407; x_wconf 66' lang='lat' dir='ltr'><strong>sancite</strong></span> <span class='ocrx_word' id='word_1_324' title='bbox 973 2360 1086 2417; x_wconf 89' lang='lat' dir='ltr'><strong>est;</strong></span> <span class='ocrx_word' id='word_1_325' title='bbox 1134 2352 1246 2406; x_wconf 93' lang='lat' dir='ltr'><strong>imo</strong></span> <span class='ocrx_word' id='word_1_326' title='bbox 1295 2366 1427 2406; x_wconf 90' lang='lat' dir='ltr'><strong>vero</strong></span> <span class='ocrx_word' id='word_1_327' title='bbox 1466 2371 1485 2402; x_wconf 83' lang='grc' dir='ltr'><strong>ι</strong></span> <span class='ocrx_word' id='word_1_328' title='bbox 1512 2353 1569 2407; x_wconf 89' lang='lat' dir='ltr'><strong>in</strong></span> <span class='ocrx_word' id='word_1_329' title='bbox 1630 2352 1963 2424; x_wconf 86' lang='lat' dir='ltr'><strong>adjutorium</strong></span> 
     </span>
    </p>
   </div>
   <div class='ocr_carea' id='block_1_42' title="bbox 372 2441 1953 2516">
    <p class='ocr_par' dir='ltr' id='par_1_42' title="bbox 372 2441 1953 2516">
     <span class='ocr_line' id='line_1_42' title="bbox 372 2441 1953 2516; baseline 0.001 -19"><span class='ocrx_word' id='word_1_330' title='bbox 372 2441 520 2509; x_wconf 83' lang='lat' dir='ltr'><strong>data,</strong></span> <span class='ocrx_word' id='word_1_331' title='bbox 550 2463 569 2495; x_wconf 74' lang='grc' dir='ltr'><strong>ι</strong></span> <span class='ocrx_word' id='word_1_332' title='bbox 595 2443 741 2500; x_wconf 91' lang='lat' dir='ltr'><strong>sicut</strong></span> <span class='ocrx_word' id='word_1_333' title='bbox 767 2444 1036 2515; x_wconf 90' lang='lat' dir='ltr'><strong>scriptum</strong></span> <span class='ocrx_word' id='word_1_334' title='bbox 1057 2454 1143 2500; x_wconf 90' lang='lat' dir='ltr'><strong>est</strong></span> <span class='ocrx_word' id='word_1_335' title='bbox 1167 2444 1243 2511; x_wconf 65' lang='lat'><strong>‘7;</strong></span> <span class='ocrx_word' id='word_1_336' title='bbox 1274 2458 1402 2498; x_wconf 89' lang='lat' dir='ltr'><strong>nam</strong></span> <span class='ocrx_word' id='word_1_337' title='bbox 1449 2460 1557 2515; x_wconf 88' lang='lat' dir='ltr'><strong>qua</strong></span> <span class='ocrx_word' id='word_1_338' title='bbox 1585 2454 1741 2516; x_wconf 90' lang='lat' dir='ltr'><strong>parte</strong></span> <span class='ocrx_word' id='word_1_339' title='bbox 1770 2445 1837 2500; x_wconf 91' lang='lat' dir='ltr'><strong>ad</strong></span> <span class='ocrx_word' id='word_1_340' title='bbox 1868 2445 1953 2499; x_wconf 89' lang='lat' dir='ltr'><strong>in-</strong></span> 
     </span>
    </p>
   </div>
   <div class='ocr_carea' id='block_1_43' title="bbox 373 2519 1965 2605">
    <p class='ocr_par' dir='ltr' id='par_1_43' title="bbox 373 2519 1965 2605">
     <span class='ocr_line' id='line_1_43' title="bbox 373 2519 1965 2605; baseline 0.002 -18"><span class='ocrx_word' id='word_1_341' title='bbox 373 2532 719 2589; x_wconf 85' lang='lat' dir='ltr'><strong>stitutionem</strong></span> <span class='ocrx_word' id='word_1_342' title='bbox 758 2535 1030 2604; x_wconf 89' lang='lat' dir='ltr'><strong>puerilem</strong></span> <span class='ocrx_word' id='word_1_343' title='bbox 1058 2533 1391 2604; x_wconf 88' lang='lat' dir='ltr'><strong>pertinebat,</strong></span> <span class='ocrx_word' id='word_1_344' title='bbox 1419 2519 1481 2590; x_wconf 85' lang='lat' dir='ltr'><strong>et</strong></span> <span class='ocrx_word' id='word_1_345' title='bbox 1508 2535 1577 2589; x_wconf 91' lang='lat' dir='ltr'><strong>ad</strong></span> <span class='ocrx_word' id='word_1_346' title='bbox 1617 2536 1965 2605; x_wconf 86' lang='lat' dir='ltr'><strong>iniquitatem</strong></span> 
     </span>
    </p>
   </div>
   <div class='ocr_carea' id='block_1_44' title="bbox 374 2625 1963 2699">
    <p class='ocr_par' dir='ltr' id='par_1_44' title="bbox 374 2625 1963 2699">
     <span class='ocr_line' id='line_1_44' title="bbox 374 2625 1963 2699; baseline 0.001 -18"><span class='ocrx_word' id='word_1_347' title='bbox 374 2625 837 2696; x_wconf 87' lang='lat' dir='ltr'><strong>cognoscendam,</strong></span> <span class='ocrx_word' id='word_1_348' title='bbox 862 2642 972 2696; x_wconf 82' lang='lat' dir='ltr'><strong>qua</strong></span> <span class='ocrx_word' id='word_1_349' title='bbox 1001 2626 1168 2682; x_wconf 89' lang='lat' dir='ltr'><strong>etiam</strong></span> <span class='ocrx_word' id='word_1_350' title='bbox 1190 2627 1259 2682; x_wconf 85' lang='lat' dir='ltr'><strong>ad</strong></span> <span class='ocrx_word' id='word_1_351' title='bbox 1287 2627 1443 2683; x_wconf 85' lang='lat' dir='ltr'><strong>initia</strong></span> <span class='ocrx_word' id='word_1_352' title='bbox 1472 2627 1827 2699; x_wconf 87' lang='lat' dir='ltr'><strong>percipienda</strong></span> <span class='ocrx_word' id='word_1_353' title='bbox 1852 2628 1963 2682; x_wconf 80' lang='lat' dir='ltr'><strong>ele-</strong></span> 
     </span>
    </p>
   </div>
   <div class='ocr_carea' id='block_1_45' title="bbox 374 2718 1975 2791">
    <p class='ocr_par' dir='ltr' id='par_1_45' title="bbox 374 2718 1975 2791">
     <span class='ocr_line' id='line_1_45' title="bbox 374 2718 1975 2791; baseline 0.001 -19"><span class='ocrx_word' id='word_1_354' title='bbox 374 2724 673 2787; x_wconf 88' lang='lat' dir='ltr'><strong>mentaque</strong></span> <span class='ocrx_word' id='word_1_355' title='bbox 695 2732 1009 2773; x_wconf 89' lang='lat' dir='ltr'><strong>sermonum</strong></span> <span class='ocrx_word' id='word_1_356' title='bbox 1034 2718 1154 2785; x_wconf 92' lang='lat' dir='ltr'><strong>Dei,</strong></span> <span class='ocrx_word' id='word_1_357' title='bbox 1183 2734 1283 2774; x_wconf 91' lang='lat' dir='ltr'><strong>cur</strong></span> <span class='ocrx_word' id='word_1_358' title='bbox 1305 2734 1417 2774; x_wconf 86' lang='lat' dir='ltr'><strong>non</strong></span> <span class='ocrx_word' id='word_1_359' title='bbox 1440 2735 1509 2775; x_wconf 79' lang='lat' dir='ltr'><strong>ex</strong></span> <span class='ocrx_word' id='word_1_360' title='bbox 1536 2734 1601 2774; x_wconf 89' lang='lat' dir='ltr'><strong>ea</strong></span> <span class='ocrx_word' id='word_1_361' title='bbox 1624 2727 1777 2791; x_wconf 89' lang='lat' dir='ltr'><strong>parte</strong></span> <span class='ocrx_word' id='word_1_362' title='bbox 1808 2720 1975 2776; x_wconf 77' lang='lat' dir='ltr'><strong>intel-</strong></span> 
     </span>
    </p>
   </div>
   <div class='ocr_carea' id='block_1_46' title="bbox 375 2808 1964 2882">
    <p class='ocr_par' dir='ltr' id='par_1_46' title="bbox 375 2808 1964 2882">
     <span class='ocr_line' id='line_1_46' title="bbox 375 2808 1964 2882; baseline 0.001 -17"><span class='ocrx_word' id='word_1_363' title='bbox 375 2809 581 2881; x_wconf 87' lang='lat' dir='ltr'><strong>ligatur</strong></span> <span class='ocrx_word' id='word_1_364' title='bbox 620 2808 805 2865; x_wconf 83' lang='lat' dir='ltr'><strong>utilis?</strong></span> <span class='ocrx_word' id='word_1_365' title='bbox 839 2809 1070 2881; x_wconf 88' lang='lat' dir='ltr'><strong>Segnior</strong></span> <span class='ocrx_word' id='word_1_366' title='bbox 1097 2818 1183 2866; x_wconf 89' lang='lat' dir='ltr'><strong>est</strong></span> <span class='ocrx_word' id='word_1_367' title='bbox 1210 2819 1394 2866; x_wconf 87' lang='lat' dir='ltr'><strong>autem</strong></span> <span class='ocrx_word' id='word_1_368' title='bbox 1426 2811 1492 2866; x_wconf 88' lang='lat' dir='ltr'><strong>ad</strong></span> <span class='ocrx_word' id='word_1_369' title='bbox 1526 2810 1799 2868; x_wconf 88' lang='lat' dir='ltr'><strong>abluenda</strong></span> <span class='ocrx_word' id='word_1_370' title='bbox 1835 2827 1964 2882; x_wconf 90' lang='lat' dir='ltr'><strong>pec-</strong></span> 
     </span>
    </p>
   </div>
   <div class='ocr_carea' id='block_1_47' title="bbox 377 2902 1966 2974">
    <p class='ocr_par' dir='ltr' id='par_1_47' title="bbox 377 2902 1966 2974">
     <span class='ocr_line' id='line_1_47' title="bbox 377 2902 1966 2974; baseline 0.001 -16"><span class='ocrx_word' id='word_1_371' title='bbox 377 2910 500 2958; x_wconf 87' lang='lat' dir='ltr'><strong>cata</strong></span> <span class='ocrx_word' id='word_1_372' title='bbox 555 2903 1012 2974; x_wconf 66' lang='lat' dir='ltr'><strong>sanctitatemque</strong></span> <span class='ocrx_word' id='word_1_373' title='bbox 1065 2903 1476 2974; x_wconf 88' lang='lat' dir='ltr'><strong>perﬁciendam.</strong></span> <span class='ocrx_word' id='word_1_374' title='bbox 1531 2904 1733 2960; x_wconf 85' lang='lat' dir='ltr'><strong>Beatus</strong></span> <span class='ocrx_word' id='word_1_375' title='bbox 1782 2902 1966 2974; x_wconf 87' lang='lat' dir='ltr'><strong>itaque</strong></span> 
     </span>
    </p>
   </div>
   <div class='ocr_carea' id='block_1_48' title="bbox 375 2992 1966 3065">
    <p class='ocr_par' dir='ltr' id='par_1_48' title="bbox 375 2992 1966 3065">
     <span class='ocr_line' id='line_1_48' title="bbox 375 2992 1966 3065; baseline -0.001 -16"><span class='ocrx_word' id='word_1_376' title='bbox 375 2992 584 3049; x_wconf 86' lang='lat' dir='ltr'><strong>Paulus</strong></span> <span class='ocrx_word' id='word_1_377' title='bbox 619 2992 800 3064; x_wconf 91' lang='lat' dir='ltr'><strong>inquit</strong></span> <span class='ocrx_word' id='word_1_378' title='bbox 833 3011 855 3048; x_wconf 81' lang='lat'><strong>:</strong></span> <span class='ocrx_word' id='word_1_379' title='bbox 884 3012 903 3045; x_wconf 83' lang='grc' dir='ltr'><strong>ι</strong></span> <span class='ocrx_word' id='word_1_380' title='bbox 952 2993 1170 3051; x_wconf 86' lang='lat' dir='ltr'><strong>Scimus</strong></span> <span class='ocrx_word' id='word_1_381' title='bbox 1212 3003 1396 3049; x_wconf 85' lang='lat' dir='ltr'><strong>autem</strong></span> <span class='ocrx_word' id='word_1_382' title='bbox 1444 2993 1596 3064; x_wconf 90' lang='lat' dir='ltr'><strong>quod</strong></span> <span class='ocrx_word' id='word_1_383' title='bbox 1624 3009 1966 3065; x_wconf 64' lang='lat' dir='ltr'><strong>quatcunque</strong></span> 
     </span>
    </p>
   </div>
   <div class='ocr_carea' id='block_1_49' title="bbox 2078 1892 3654 1968">
    <p class='ocr_par' dir='ltr' id='par_1_49' title="bbox 2078 1892 3654 1968">
     <span class='ocr_line' id='line_1_49' title="bbox 2078 1892 3654 1968; baseline -0.004 -18"><span class='ocrx_word' id='word_1_384' title='bbox 2078 1897 2166 1950; x_wconf 83' lang='lat' dir='ltr'><strong>’Ev</strong></span> <span class='ocrx_word' id='word_1_385' title='bbox 2194 1895 2416 1968; x_wconf 76' lang='grc' dir='ltr'>Χριστῷ</span> <span class='ocrx_word' id='word_1_386' title='bbox 2441 1896 2731 1968; x_wconf 82' lang='grc' dir='ltr'>τοιγαροῦν</span> <span class='ocrx_word' id='word_1_387' title='bbox 2757 1893 3113 1966; x_wconf 79' lang='grc' dir='ltr'>δικαιούμεθα</span> <span class='ocrx_word' id='word_1_388' title='bbox 3144 1892 3233 1947; x_wconf 83' lang='grc' dir='ltr'>διὰ</span> <span class='ocrx_word' id='word_1_389' title='bbox 3263 1892 3499 1955; x_wconf 85' lang='grc' dir='ltr'>πίστεως</span> <span class='ocrx_word' id='word_1_390' title='bbox 3521 1933 3537 1957; x_wconf 92' lang='grc'><strong>,</strong></span> <span class='ocrx_word' id='word_1_391' title='bbox 3560 1892 3654 1943; x_wconf 73' lang='grc' dir='ltr'><strong>ὲκ-</strong></span> 
     </span>
    </p>
   </div>
   <div class='ocr_carea' id='block_1_50' title="bbox 2066 1988 3174 2061">
    <p class='ocr_par' dir='ltr' id='par_1_50' title="bbox 2066 1988 3174 2061">
     <span class='ocr_line' id='line_1_50' title="bbox 2066 1988 3174 2061; baseline -0.001 -19"><span class='ocrx_word' id='word_1_392' title='bbox 2066 1989 2454 2061; x_wconf 86' lang='grc' dir='ltr'>λελυτρώμεθα</span> <span class='ocrx_word' id='word_1_393' title='bbox 2479 1990 2536 2044; x_wconf 81' lang='grc' dir='ltr'>δὲ</span> <span class='ocrx_word' id='word_1_394' title='bbox 2557 1990 2803 2054; x_wconf 85' lang='grc' dir='ltr'>δουλείας</span> <span class='ocrx_word' id='word_1_395' title='bbox 2831 1989 2928 2059; x_wconf 85' lang='grc' dir='ltr'><strong>τῆς</strong></span> <span class='ocrx_word' id='word_1_396' title='bbox 2957 1988 3174 2060; x_wconf 74' lang='grc' dir='ltr'>νοητῆς.</span> 
     </span>
    </p>
   </div>
   <div class='ocr_carea' id='block_1_51' title="bbox 2138 2165 3080 2241">
    <p class='ocr_par' dir='ltr' id='par_1_51' title="bbox 2138 2165 3080 2241">
     <span class='ocr_line' id='line_1_51' title="bbox 2138 2165 3080 2241; baseline -0.002 -16"><span class='ocrx_word' id='word_1_397' title='bbox 2138 2171 2353 2226; x_wconf 78' lang='grc' dir='ltr'><strong>ΠΛΛΛ.</strong></span> <span class='ocrx_word' id='word_1_398' title='bbox 2395 2171 2676 2241; x_wconf 79' lang='grc' dir='ltr'>Ἀνόνητος</span> <span class='ocrx_word' id='word_1_399' title='bbox 2707 2165 2799 2225; x_wconf 77' lang='grc' dir='ltr'>οὖν</span> <span class='ocrx_word' id='word_1_400' title='bbox 2829 2172 2856 2224; x_wconf 87' lang='grc' dir='ltr'>ὁ</span> <span class='ocrx_word' id='word_1_401' title='bbox 2882 2170 3080 2240; x_wconf 82' lang='grc' dir='ltr'>νόμος;</span> 
     </span>
    </p>
   </div>
   <div class='ocr_carea' id='block_1_52' title="bbox 2143 2257 3659 2332">
    <p class='ocr_par' dir='ltr' id='par_1_52' title="bbox 2143 2257 3659 2332">
     <span class='ocr_line' id='line_1_52' title="bbox 2143 2257 3659 2332; baseline -0.005 -13"><span class='ocrx_word' id='word_1_402' title='bbox 2143 2262 2307 2319; x_wconf 76' lang='grc' dir='ltr'><strong>ΚΥΡ.</strong></span> <span class='ocrx_word' id='word_1_403' title='bbox 2336 2263 2411 2317; x_wconf 85' lang='grc' dir='ltr'><strong>Οὐ</strong></span> <span class='ocrx_word' id='word_1_404' title='bbox 2440 2260 2599 2315; x_wconf 81' lang='grc' dir='ltr'>τοῦτό</span> <span class='ocrx_word' id='word_1_405' title='bbox 2627 2278 2790 2331; x_wconf 84' lang='grc' dir='ltr'>φημι·</span> <span class='ocrx_word' id='word_1_406' title='bbox 2823 2258 3278 2332; x_wconf 83' lang='grc' dir='ltr'>κεχρησμώδηται</span> <span class='ocrx_word' id='word_1_407' title='bbox 3312 2257 3419 2329; x_wconf 74' lang='grc' dir='ltr'>γὰρ</span> <span class='ocrx_word' id='word_1_408' title='bbox 3455 2258 3516 2310; x_wconf 83' lang='grc' dir='ltr'><strong>ού</strong></span> <span class='ocrx_word' id='word_1_409' title='bbox 3554 2258 3659 2328; x_wconf 63' lang='grc' dir='ltr'>μάκ-</span> 
     </span>
    </p>
   </div>
   <div class='ocr_carea' id='block_1_53' title="bbox 2066 2349 3659 2429">
    <p class='ocr_par' dir='ltr' id='par_1_53' title="bbox 2066 2349 3659 2429">
     <span class='ocr_line' id='line_1_53' title="bbox 2066 2349 3659 2429; baseline -0.006 -19"><span class='ocrx_word' id='word_1_410' title='bbox 2066 2372 2196 2429; x_wconf 75' lang='grc' dir='ltr'>τηνο</span> <span class='ocrx_word' id='word_1_411' title='bbox 2224 2354 2432 2409; x_wconf 85' lang='grc' dir='ltr'>δέδοται</span> <span class='ocrx_word' id='word_1_412' title='bbox 2477 2353 2535 2407; x_wconf 85' lang='grc' dir='ltr'>δὲ</span> <span class='ocrx_word' id='word_1_413' title='bbox 2580 2352 2780 2423; x_wconf 82' lang='grc' dir='ltr'>μᾶλλον</span> <span class='ocrx_word' id='word_1_414' title='bbox 2815 2371 2834 2404; x_wconf 86' lang='grc' dir='ltr'><strong>ι</strong></span> <span class='ocrx_word' id='word_1_415' title='bbox 2890 2353 2971 2416; x_wconf 85' lang='grc' dir='ltr'><strong>είς</strong></span> <span class='ocrx_word' id='word_1_416' title='bbox 3017 2350 3287 2422; x_wconf 88' lang='grc' dir='ltr'>βοήθειαν,</span> <span class='ocrx_word' id='word_1_417' title='bbox 3345 2370 3363 2401; x_wconf 70' lang='grc' dir='ltr'><strong>ι</strong></span> <span class='ocrx_word' id='word_1_418' title='bbox 3415 2349 3557 2402; x_wconf 66' lang='grc' dir='ltr'>κατὰ</span> <span class='ocrx_word' id='word_1_419' title='bbox 3595 2349 3659 2403; x_wconf 81' lang='grc' dir='ltr'>τὸ</span> 
     </span>
    </p>
   </div>
   <div class='ocr_carea' id='block_1_54' title="bbox 2067 2436 3667 2519">
    <p class='ocr_par' dir='ltr' id='par_1_54' title="bbox 2067 2436 3667 2519">
     <span class='ocr_line' id='line_1_54' title="bbox 2067 2436 3667 2519; baseline -0.005 -19"><span class='ocrx_word' id='word_1_420' title='bbox 2067 2445 2472 2519; x_wconf 81' lang='grc' dir='ltr'>γεγραμμένον·</span> <span class='ocrx_word' id='word_1_421' title='bbox 2503 2445 2625 2499; x_wconf 83' lang='grc' dir='ltr'>ὅσον</span> <span class='ocrx_word' id='word_1_422' title='bbox 2676 2444 2775 2515; x_wconf 85' lang='grc' dir='ltr'>μὲν</span> <span class='ocrx_word' id='word_1_423' title='bbox 2812 2443 2921 2516; x_wconf 79' lang='grc' dir='ltr'><strong>γὰρ</strong></span> <span class='ocrx_word' id='word_1_424' title='bbox 2948 2436 3085 2515; x_wconf 84' lang='grc' dir='ltr'>ἦκεν</span> <span class='ocrx_word' id='word_1_425' title='bbox 3128 2442 3207 2505; x_wconf 92' lang='grc' dir='ltr'><strong>είς</strong></span> <span class='ocrx_word' id='word_1_426' title='bbox 3253 2440 3667 2509; x_wconf 72' lang='grc' dir='ltr'>παιδαγιογίαν,</span> 
     </span>
    </p>
   </div>
   <div class='ocr_carea' id='block_1_55' title="bbox 2069 2533 3658 2610">
    <p class='ocr_par' dir='ltr' id='par_1_55' title="bbox 2069 2533 3658 2610">
     <span class='ocr_line' id='line_1_55' title="bbox 2069 2533 3658 2610; baseline -0.006 -15"><span class='ocrx_word' id='word_1_427' title='bbox 2069 2541 2164 2596; x_wconf 73' lang='grc' dir='ltr'>καὶ</span> <span class='ocrx_word' id='word_1_428' title='bbox 2190 2539 2252 2593; x_wconf 80' lang='grc' dir='ltr'>τὸ</span> <span class='ocrx_word' id='word_1_429' title='bbox 2271 2538 2471 2593; x_wconf 79' lang='grc' dir='ltr'>ειδέναι</span> <span class='ocrx_word' id='word_1_430' title='bbox 2491 2538 2553 2592; x_wconf 77' lang='grc' dir='ltr'>τὸ</span> <span class='ocrx_word' id='word_1_431' title='bbox 2575 2535 2916 2610; x_wconf 81' lang='grc' dir='ltr'>πλημμελὲς,</span> <span class='ocrx_word' id='word_1_432' title='bbox 2941 2538 3036 2590; x_wconf 68' lang='grc' dir='ltr'>καὶ</span> <span class='ocrx_word' id='word_1_433' title='bbox 3057 2537 3137 2600; x_wconf 86' lang='grc' dir='ltr'><strong>είς</strong></span> <span class='ocrx_word' id='word_1_434' title='bbox 3159 2537 3222 2589; x_wconf 80' lang='grc' dir='ltr'>τὸ</span> <span class='ocrx_word' id='word_1_435' title='bbox 3244 2534 3447 2605; x_wconf 84' lang='grc' dir='ltr'>χρῆναι</span> <span class='ocrx_word' id='word_1_436' title='bbox 3471 2533 3658 2587; x_wconf 91' lang='grc' dir='ltr'>λαϐεῖν</span> 
     </span>
    </p>
   </div>
   <div class='ocr_carea' id='block_1_56' title="bbox 2068 2625 3662 2706">
    <p class='ocr_par' dir='ltr' id='par_1_56' title="bbox 2068 2625 3662 2706">
     <span class='ocr_line' id='line_1_56' title="bbox 2068 2625 3662 2706; baseline -0.005 -18"><span class='ocrx_word' id='word_1_437' title='bbox 2068 2633 2241 2706; x_wconf 83' lang='grc' dir='ltr'>ἀρχὰς</span> <span class='ocrx_word' id='word_1_438' title='bbox 2278 2630 2374 2686; x_wconf 71' lang='grc' dir='ltr'>καὶ</span> <span class='ocrx_word' id='word_1_439' title='bbox 2401 2632 2640 2703; x_wconf 84' lang='grc' dir='ltr'>στοιχεῖα</span> <span class='ocrx_word' id='word_1_440' title='bbox 2668 2629 2779 2684; x_wconf 84' lang='grc' dir='ltr'><strong>τῶν</strong></span> <span class='ocrx_word' id='word_1_441' title='bbox 2808 2628 3005 2697; x_wconf 90' lang='grc' dir='ltr'>λογίων</span> <span class='ocrx_word' id='word_1_442' title='bbox 3043 2625 3137 2682; x_wconf 84' lang='grc' dir='ltr'><strong>τοῦ</strong></span> <span class='ocrx_word' id='word_1_443' title='bbox 3186 2625 3353 2691; x_wconf 87' lang='grc' dir='ltr'>Θεοῦ,</span> <span class='ocrx_word' id='word_1_444' title='bbox 3397 2625 3515 2689; x_wconf 79' lang='grc' dir='ltr'><strong>πῶς</strong></span> <span class='ocrx_word' id='word_1_445' title='bbox 3556 2625 3662 2680; x_wconf 79' lang='grc' dir='ltr'>οὐκ</span> 
     </span>
    </p>
   </div>
   <div class='ocr_carea' id='block_1_57' title="bbox 2070 2718 3663 2796">
    <p class='ocr_par' dir='ltr' id='par_1_57' title="bbox 2070 2718 3663 2796">
     <span class='ocr_line' id='line_1_57' title="bbox 2070 2718 3663 2796; baseline -0.005 -15"><span class='ocrx_word' id='word_1_446' title='bbox 2070 2727 2136 2781; x_wconf 80' lang='grc' dir='ltr'>ἂν</span> <span class='ocrx_word' id='word_1_447' title='bbox 2185 2726 2358 2780; x_wconf 81' lang='grc' dir='ltr'>νοοῖτο</span> <span class='ocrx_word' id='word_1_448' title='bbox 2400 2725 2695 2796; x_wconf 82' lang='grc' dir='ltr'>χρήσιμος;</span> <span class='ocrx_word' id='word_1_449' title='bbox 2739 2721 3059 2794; x_wconf 85' lang='grc' dir='ltr'>Ἀργότερος</span> <span class='ocrx_word' id='word_1_450' title='bbox 3114 2720 3172 2775; x_wconf 86' lang='grc' dir='ltr'>δὲ</span> <span class='ocrx_word' id='word_1_451' title='bbox 3218 2719 3356 2789; x_wconf 85' lang='grc' dir='ltr'>πρὸς</span> <span class='ocrx_word' id='word_1_452' title='bbox 3402 2718 3663 2787; x_wconf 82' lang='grc' dir='ltr'>ἀπόνιψιν</span> 
     </span>
    </p>
   </div>
   <div class='ocr_carea' id='block_1_58' title="bbox 2068 2811 3669 2890">
    <p class='ocr_par' dir='ltr' id='par_1_58' title="bbox 2068 2811 3669 2890">
     <span class='ocr_line' id='line_1_58' title="bbox 2068 2811 3669 2890; baseline -0.006 -16"><span class='ocrx_word' id='word_1_453' title='bbox 2068 2817 2364 2890; x_wconf 79' lang='grc' dir='ltr'>ἁμαρτίας,</span> <span class='ocrx_word' id='word_1_454' title='bbox 2404 2816 2501 2871; x_wconf 73' lang='grc' dir='ltr'>καὶ</span> <span class='ocrx_word' id='word_1_455' title='bbox 2548 2817 2628 2879; x_wconf 88' lang='grc' dir='ltr'>εἰς</span> <span class='ocrx_word' id='word_1_456' title='bbox 2670 2814 2733 2867; x_wconf 81' lang='grc' dir='ltr'>τὸ</span> <span class='ocrx_word' id='word_1_457' title='bbox 2775 2813 3038 2868; x_wconf 84' lang='grc' dir='ltr'>δύνασθαι</span> <span class='ocrx_word' id='word_1_458' title='bbox 3079 2811 3320 2866; x_wconf 88' lang='grc' dir='ltr'>τελειοῦν</span> <span class='ocrx_word' id='word_1_459' title='bbox 3365 2813 3446 2876; x_wconf 86' lang='grc' dir='ltr'><strong>είς</strong></span> <span class='ocrx_word' id='word_1_460' title='bbox 3494 2811 3669 2880; x_wconf 56' lang='grc' dir='ltr'>ἅγιαι</span> 
     </span>
    </p>
   </div>
   <div class='ocr_carea' id='block_1_59' title="bbox 2071 2902 3663 2980">
    <p class='ocr_par' dir='ltr' id='par_1_59' title="bbox 2071 2902 3663 2980">
     <span class='ocr_line' id='line_1_59' title="bbox 2071 2902 3663 2980; baseline -0.003 -18"><span class='ocrx_word' id='word_1_461' title='bbox 2071 2909 2227 2980; x_wconf 86' lang='grc' dir='ltr'>σμόν.</span> <span class='ocrx_word' id='word_1_462' title='bbox 2257 2908 2368 2962; x_wconf 77' lang='grc' dir='ltr'><strong>Καὶ</strong></span> <span class='ocrx_word' id='word_1_463' title='bbox 2389 2905 2562 2975; x_wconf 88' lang='grc' dir='ltr'>γοῦνὸ</span> <span class='ocrx_word' id='word_1_464' title='bbox 2584 2904 2871 2968; x_wconf 81' lang='grc' dir='ltr'>θεσπέσιος</span> <span class='ocrx_word' id='word_1_465' title='bbox 2902 2906 3033 2975; x_wconf 84' lang='grc' dir='ltr'>ἡμῖν</span> <span class='ocrx_word' id='word_1_466' title='bbox 3052 2902 3157 2975; x_wconf 79' lang='grc' dir='ltr'>ἔφη</span> <span class='ocrx_word' id='word_1_467' title='bbox 3188 2903 3420 2967; x_wconf 87' lang='grc' dir='ltr'>Παῦλος·</span> <span class='ocrx_word' id='word_1_468' title='bbox 3455 2921 3474 2955; x_wconf 77' lang='grc' dir='ltr'><strong>ι</strong></span> <span class='ocrx_word' id='word_1_469' title='bbox 3503 2902 3663 2957; x_wconf 74' lang='grc' dir='ltr'>Οἶδα·</span> 
     </span>
    </p>
   </div>
   <div class='ocr_carea' id='block_1_60' title="bbox 2074 2993 3677 3070">
    <p class='ocr_par' dir='ltr' id='par_1_60' title="bbox 2074 2993 3677 3070">
     <span class='ocr_line' id='line_1_60' title="bbox 2074 2993 3677 3070; baseline -0.006 -16"><span class='ocrx_word' id='word_1_470' title='bbox 2074 3016 2172 3070; x_wconf 87' lang='grc' dir='ltr'><strong>μεν</strong></span> <span class='ocrx_word' id='word_1_471' title='bbox 2193 2998 2251 3052; x_wconf 81' lang='grc' dir='ltr'>δὲ</span> <span class='ocrx_word' id='word_1_472' title='bbox 2270 2999 2353 3053; x_wconf 80' lang='grc' dir='ltr'>ὅτι</span> <span class='ocrx_word' id='word_1_473' title='bbox 2386 2999 2487 3052; x_wconf 82' lang='grc' dir='ltr'>ὅσα</span> <span class='ocrx_word' id='word_1_474' title='bbox 2512 2998 2541 3051; x_wconf 93' lang='lat'><strong>6</strong></span> <span class='ocrx_word' id='word_1_475' title='bbox 2570 2996 2733 3068; x_wconf 83' lang='grc' dir='ltr'>νόμος</span> <span class='ocrx_word' id='word_1_476' title='bbox 2764 2994 2914 3064; x_wconf 81' lang='grc' dir='ltr'>λέγει</span> <span class='ocrx_word' id='word_1_477' title='bbox 2954 2996 3066 3058; x_wconf 88' lang='grc' dir='ltr'>τοῖς</span> <span class='ocrx_word' id='word_1_478' title='bbox 3093 2996 3151 3047; x_wconf 81' lang='grc' dir='ltr'>ἐν</span> <span class='ocrx_word' id='word_1_479' title='bbox 3184 2993 3270 3065; x_wconf 46' lang='grc' dir='ltr'><strong>,τῷ</strong></span> <span class='ocrx_word' id='word_1_480' title='bbox 3304 2993 3453 3064; x_wconf 86' lang='grc' dir='ltr'>νόμῳ</span> <span class='ocrx_word' id='word_1_481' title='bbox 3487 2993 3677 3057; x_wconf 44' lang='grc' dir='ltr'>λαλεῖν</span> 
     </span>
    </p>
   </div>
   <div class='ocr_carea' id='block_1_61' title="bbox 377 3083 1969 3159">
    <p class='ocr_par' dir='ltr' id='par_1_61' title="bbox 377 3084 1966 3157">
     <span class='ocr_line' id='line_1_61' title="bbox 377 3084 1966 3157; baseline 0.001 -18"><span class='ocrx_word' id='word_1_482' title='bbox 377 3084 467 3140; x_wconf 77' lang='lat' dir='ltr'><strong>lex</strong></span> <span class='ocrx_word' id='word_1_483' title='bbox 489 3084 754 3156; x_wconf 89' lang='lat' dir='ltr'><strong>loquitur,</strong></span> <span class='ocrx_word' id='word_1_484' title='bbox 782 3085 850 3141; x_wconf 84' lang='lat' dir='ltr'><strong>iis</strong></span> <span class='ocrx_word' id='word_1_485' title='bbox 876 3086 972 3156; x_wconf 91' lang='lat' dir='ltr'><strong>qui</strong></span> <span class='ocrx_word' id='word_1_486' title='bbox 1013 3085 1070 3141; x_wconf 90' lang='lat' dir='ltr'><strong>in</strong></span> <span class='ocrx_word' id='word_1_487' title='bbox 1094 3086 1215 3157; x_wconf 84' lang='lat' dir='ltr'><strong>lege</strong></span> <span class='ocrx_word' id='word_1_488' title='bbox 1244 3094 1383 3141; x_wconf 84' lang='lat' dir='ltr'><strong>sunt</strong></span> <span class='ocrx_word' id='word_1_489' title='bbox 1397 3085 1664 3156; x_wconf 85' lang='lat' dir='ltr'><strong>loquitur,</strong></span> <span class='ocrx_word' id='word_1_490' title='bbox 1707 3091 1769 3138; x_wconf 91' lang='lat' dir='ltr'><strong>ut</strong></span> <span class='ocrx_word' id='word_1_491' title='bbox 1804 3099 1966 3140; x_wconf 88' lang='lat' dir='ltr'><strong>omne</strong></span> 
     </span>
    </p>
   </div>
   <div class='ocr_carea' id='block_1_62' title="bbox 2074 3083 3680 3159">
    <p class='ocr_par' dir='ltr' id='par_1_62' title="bbox 2074 3083 3680 3159">
     <span class='ocr_line' id='line_1_62' title="bbox 2074 3083 3680 3159; baseline -0.004 -16"><span class='ocrx_word' id='word_1_492' title='bbox 2074 3090 2161 3144; x_wconf 83' lang='grc' dir='ltr'>ἵνα</span> <span class='ocrx_word' id='word_1_493' title='bbox 2186 3091 2296 3144; x_wconf 83' lang='grc' dir='ltr'><strong>πᾶν</strong></span> <span class='ocrx_word' id='word_1_494' title='bbox 2340 3088 2517 3159; x_wconf 85' lang='grc' dir='ltr'>στόμα</span> <span class='ocrx_word' id='word_1_495' title='bbox 2563 3088 2769 3159; x_wconf 82' lang='grc' dir='ltr'>φραγῇ·</span> <span class='ocrx_word' id='word_1_496' title='bbox 2803 3086 2898 3140; x_wconf 68' lang='grc' dir='ltr'>καὶ</span> <span class='ocrx_word' id='word_1_497' title='bbox 2924 3085 3180 3149; x_wconf 85' lang='grc' dir='ltr'>ὑπόδικος</span> <span class='ocrx_word' id='word_1_498' title='bbox 3211 3085 3438 3155; x_wconf 88' lang='grc' dir='ltr'>γένηται</span> <span class='ocrx_word' id='word_1_499' title='bbox 3482 3083 3591 3147; x_wconf 81' lang='grc' dir='ltr'><strong>πᾶς</strong></span> <span class='ocrx_word' id='word_1_500' title='bbox 3636 3086 3680 3137; x_wconf 74' lang='lat'><strong>6</strong></span> 
     </span>
    </p>
   </div>
   <div class='ocr_carea' id='block_1_63' title="bbox 378 3176 1961 3245">
    <p class='ocr_par' dir='ltr' id='par_1_63' title="bbox 378 3176 1961 3245">
     <span class='ocr_line' id='line_1_63' title="bbox 378 3176 1961 3245; baseline -0.002 -10"><span class='ocrx_word' id='word_1_501' title='bbox 378 3192 444 3235; x_wconf 81' lang='lat' dir='ltr'><strong>os</strong></span> <span class='ocrx_word' id='word_1_502' title='bbox 472 3177 815 3245; x_wconf 88' lang='lat' dir='ltr'><strong>obstruatur,</strong></span> <span class='ocrx_word' id='word_1_503' title='bbox 846 3187 904 3235; x_wconf 90' lang='lat' dir='ltr'><strong>et</strong></span> <span class='ocrx_word' id='word_1_504' title='bbox 933 3178 1189 3234; x_wconf 91' lang='lat' dir='ltr'><strong>subditus</strong></span> <span class='ocrx_word' id='word_1_505' title='bbox 1217 3177 1311 3234; x_wconf 88' lang='lat' dir='ltr'><strong>ﬁat</strong></span> <span class='ocrx_word' id='word_1_506' title='bbox 1335 3178 1516 3235; x_wconf 90' lang='lat' dir='ltr'><strong>omnis</strong></span> <span class='ocrx_word' id='word_1_507' title='bbox 1544 3176 1788 3233; x_wconf 89' lang='lat' dir='ltr'><strong>mundus</strong></span> <span class='ocrx_word' id='word_1_508' title='bbox 1822 3177 1961 3243; x_wconf 84' lang='lat' dir='ltr'><strong>Deo;</strong></span> 
     </span>
    </p>
   </div>
   <div class='ocr_carea' id='block_1_64' title="bbox 378 3267 1969 3341">
    <p class='ocr_par' dir='ltr' id='par_1_64' title="bbox 378 3267 1969 3341">
     <span class='ocr_line' id='line_1_64' title="bbox 378 3267 1969 3341; baseline 0.001 -19"><span class='ocrx_word' id='word_1_509' title='bbox 378 3267 641 3337; x_wconf 89' lang='lat' dir='ltr'><strong>quoniam</strong></span> <span class='ocrx_word' id='word_1_510' title='bbox 673 3283 745 3322; x_wconf 78' lang='lat' dir='ltr'><strong>ex</strong></span> <span class='ocrx_word' id='word_1_511' title='bbox 768 3268 1027 3339; x_wconf 88' lang='lat' dir='ltr'><strong>operibus</strong></span> <span class='ocrx_word' id='word_1_512' title='bbox 1047 3267 1186 3340; x_wconf 87' lang='lat' dir='ltr'><strong>legis</strong></span> <span class='ocrx_word' id='word_1_513' title='bbox 1208 3284 1319 3323; x_wconf 91' lang='lat' dir='ltr'><strong>non</strong></span> <span class='ocrx_word' id='word_1_514' title='bbox 1333 3267 1728 3341; x_wconf 86' lang='lat' dir='ltr'><strong>justiﬁcabitur</strong></span> <span class='ocrx_word' id='word_1_515' title='bbox 1751 3268 1806 3323; x_wconf 92' lang='lat' dir='ltr'><strong>in</strong></span> <span class='ocrx_word' id='word_1_516' title='bbox 1837 3283 1969 3323; x_wconf 83' lang='lat' dir='ltr'><strong>con—</strong></span> 
     </span>
    </p>
   </div>
   <div class='ocr_carea' id='block_1_65' title="bbox 381 3359 1968 3433">
    <p class='ocr_par' dir='ltr' id='par_1_65' title="bbox 381 3359 1968 3433">
     <span class='ocr_line' id='line_1_65' title="bbox 381 3359 1968 3433; baseline 0.001 -20"><span class='ocrx_word' id='word_1_517' title='bbox 381 3367 574 3430; x_wconf 87' lang='lat' dir='ltr'><strong>spectu</strong></span> <span class='ocrx_word' id='word_1_518' title='bbox 605 3360 726 3432; x_wconf 80' lang='lat' dir='ltr'><strong>ejus</strong></span> <span class='ocrx_word' id='word_1_519' title='bbox 764 3360 945 3417; x_wconf 90' lang='lat' dir='ltr'><strong>omnis</strong></span> <span class='ocrx_word' id='word_1_520' title='bbox 985 3376 1146 3428; x_wconf 81' lang='lat' dir='ltr'><strong>caro;</strong></span> <span class='ocrx_word' id='word_1_521' title='bbox 1180 3377 1281 3432; x_wconf 90' lang='lat' dir='ltr'><strong>per</strong></span> <span class='ocrx_word' id='word_1_522' title='bbox 1321 3361 1496 3433; x_wconf 85' lang='lat' dir='ltr'><strong>legem</strong></span> <span class='ocrx_word' id='word_1_523' title='bbox 1536 3360 1687 3417; x_wconf 90' lang='lat' dir='ltr'><strong>enim</strong></span> <span class='ocrx_word' id='word_1_524' title='bbox 1728 3359 1968 3432; x_wconf 87' lang='lat' dir='ltr'><strong>cognitio</strong></span> 
     </span>
    </p>
   </div>
   <div class='ocr_carea' id='block_1_66' title="bbox 380 3436 1968 3526">
    <p class='ocr_par' dir='ltr' id='par_1_66' title="bbox 380 3436 1968 3526">
     <span class='ocr_line' id='line_1_66' title="bbox 380 3436 1968 3526; baseline -0.001 -17"><span class='ocrx_word' id='word_1_525' title='bbox 380 3454 594 3523; x_wconf 87' lang='lat' dir='ltr'><strong>peccati</strong></span> <span class='ocrx_word' id='word_1_526' title='bbox 630 3455 693 3509; x_wconf 69' lang='lat'><strong>“‘.</strong></span> <span class='ocrx_word' id='word_1_527' title='bbox 733 3473 752 3507; x_wconf 74' lang='grc' dir='ltr'><strong>ι</strong></span> <span class='ocrx_word' id='word_1_528' title='bbox 804 3454 981 3510; x_wconf 82' lang='lat' dir='ltr'><strong>Habet</strong></span> <span class='ocrx_word' id='word_1_529' title='bbox 1038 3469 1172 3526; x_wconf 89' lang='lat' dir='ltr'><strong>ergo</strong></span> <span class='ocrx_word' id='word_1_530' title='bbox 1221 3454 1310 3509; x_wconf 81' lang='lat' dir='ltr'><strong>lex</strong></span> <span class='ocrx_word' id='word_1_531' title='bbox 1366 3454 1479 3508; x_wconf 85' lang='lat' dir='ltr'><strong>vim</strong></span> <span class='ocrx_word' id='word_1_532' title='bbox 1527 3469 1635 3524; x_wconf 92' lang='lat' dir='ltr'><strong>qua</strong></span> <span class='ocrx_word' id='word_1_533' title='bbox 1681 3436 1968 3524; x_wconf 74' lang='lat' dir='ltr'><strong>peccatum</strong></span> 
     </span>
    </p>
   </div>
   <div class='ocr_carea' id='block_1_67' title="bbox 382 3535 1970 3619">
    <p class='ocr_par' dir='ltr' id='par_1_67' title="bbox 382 3535 1970 3619">
     <span class='ocr_line' id='line_1_67' title="bbox 382 3535 1970 3619; baseline -0.003 -18"><span class='ocrx_word' id='word_1_534' title='bbox 382 3544 745 3619; x_wconf 84' lang='lat' dir='ltr'><strong>demonstret,</strong></span> <span class='ocrx_word' id='word_1_535' title='bbox 767 3562 881 3602; x_wconf 85' lang='lat' dir='ltr'><strong>non</strong></span> <span class='ocrx_word' id='word_1_536' title='bbox 904 3547 1136 3619; x_wconf 77' lang='lat' dir='ltr'><strong>gloriam</strong></span> <span class='ocrx_word' id='word_1_537' title='bbox 1159 3546 1228 3602; x_wconf 91' lang='lat' dir='ltr'><strong>de</strong></span> <span class='ocrx_word' id='word_1_538' title='bbox 1242 3535 1449 3601; x_wconf 81' lang='lat' dir='ltr'><strong>virtute</strong></span> <span class='ocrx_word' id='word_1_539' title='bbox 1467 3553 1770 3616; x_wconf 88' lang='lat' dir='ltr'><strong>comparet;</strong></span> <span class='ocrx_word' id='word_1_540' title='bbox 1792 3563 1809 3596; x_wconf 77' lang='grc' dir='ltr'><strong>ι</strong></span> <span class='ocrx_word' id='word_1_541' title='bbox 1843 3558 1970 3598; x_wconf 90' lang='lat' dir='ltr'><strong>nam</strong></span> 
     </span>
    </p>
   </div>
   <div class='ocr_carea' id='block_1_68' title="bbox 383 3637 1972 3711">
    <p class='ocr_par' dir='ltr' id='par_1_68' title="bbox 383 3637 1972 3711">
     <span class='ocr_line' id='line_1_68' title="bbox 383 3637 1972 3711; baseline -0.001 -18"><span class='ocrx_word' id='word_1_542' title='bbox 383 3639 443 3694; x_wconf 88' lang='lat' dir='ltr'><strong>in</strong></span> <span class='ocrx_word' id='word_1_543' title='bbox 462 3653 531 3696; x_wconf 89' lang='lat' dir='ltr'><strong>eo</strong></span> <span class='ocrx_word' id='word_1_544' title='bbox 554 3639 701 3711; x_wconf 92' lang='lat' dir='ltr'><strong>quod</strong></span> <span class='ocrx_word' id='word_1_545' title='bbox 721 3639 818 3705; x_wconf 87' lang='lat' dir='ltr'><strong>ait,</strong></span> <span class='ocrx_word' id='word_1_546' title='bbox 841 3639 999 3695; x_wconf 89' lang='lat' dir='ltr'><strong>verbi</strong></span> <span class='ocrx_word' id='word_1_547' title='bbox 1021 3639 1196 3710; x_wconf 89' lang='lat' dir='ltr'><strong>gratia</strong></span> <span class='ocrx_word' id='word_1_548' title='bbox 1221 3657 1233 3692; x_wconf 91' lang='lat'>:</span> <span class='ocrx_word' id='word_1_549' title='bbox 1262 3658 1280 3691; x_wconf 84' lang='grc' dir='ltr'><strong>ι</strong></span> <span class='ocrx_word' id='word_1_550' title='bbox 1305 3639 1427 3694; x_wconf 90' lang='lat' dir='ltr'><strong>Non</strong></span> <span class='ocrx_word' id='word_1_551' title='bbox 1447 3637 1829 3703; x_wconf 89' lang='lat' dir='ltr'><strong>fornicaberis,</strong></span> <span class='ocrx_word' id='word_1_552' title='bbox 1859 3652 1972 3692; x_wconf 91' lang='lat' dir='ltr'><strong>non</strong></span> 
     </span>
    </p>
   </div>
   <div class='ocr_carea' id='block_1_69' title="bbox 382 3728 1965 3800">
    <p class='ocr_par' dir='ltr' id='par_1_69' title="bbox 382 3728 1965 3800">
     <span class='ocr_line' id='line_1_69' title="bbox 382 3728 1965 3800; baseline -0.003 -14"><span class='ocrx_word' id='word_1_553' title='bbox 382 3729 749 3795; x_wconf 68' lang='lat' dir='ltr'><strong>adulterabis,</strong></span> <span class='ocrx_word' id='word_1_554' title='bbox 769 3745 879 3784; x_wconf 88' lang='lat' dir='ltr'><strong>non</strong></span> <span class='ocrx_word' id='word_1_555' title='bbox 914 3728 1120 3784; x_wconf 80' lang='lat' dir='ltr'><strong>furtum</strong></span> <span class='ocrx_word' id='word_1_556' title='bbox 1166 3729 1355 3793; x_wconf 89' lang='lat' dir='ltr'><strong>facies,</strong></span> <span class='ocrx_word' id='word_1_557' title='bbox 1403 3744 1515 3784; x_wconf 90' lang='lat' dir='ltr'><strong>non</strong></span> <span class='ocrx_word' id='word_1_558' title='bbox 1559 3728 1919 3800; x_wconf 69' lang='lat' dir='ltr'><strong>pejerabis&quot;,</strong></span> <span class='ocrx_word' id='word_1_559' title='bbox 1947 3748 1965 3781; x_wconf 76' lang='grc' dir='ltr'><strong>ι</strong></span> 
     </span>
    </p>
   </div>
   <div class='ocr_carea' id='block_1_70' title="bbox 384 3808 1971 3891">
    <p class='ocr_par' dir='ltr' id='par_1_70' title="bbox 384 3808 1971 3891">
     <span class='ocr_line' id='line_1_70' title="bbox 384 3808 1971 3891; baseline -0.001 -15"><span class='ocrx_word' id='word_1_560' title='bbox 384 3828 445 3877; x_wconf 87' lang='lat' dir='ltr'><strong>et</strong></span> <span class='ocrx_word' id='word_1_561' title='bbox 461 3820 510 3876; x_wconf 89' lang='lat' dir='ltr'><strong>si</strong></span> <span class='ocrx_word' id='word_1_562' title='bbox 531 3819 664 3891; x_wconf 90' lang='lat' dir='ltr'><strong>quid</strong></span> <span class='ocrx_word' id='word_1_563' title='bbox 680 3820 879 3876; x_wconf 90' lang='lat' dir='ltr'><strong>horum</strong></span> <span class='ocrx_word' id='word_1_564' title='bbox 897 3820 1076 3876; x_wconf 89' lang='lat' dir='ltr'><strong>simile</strong></span> <span class='ocrx_word' id='word_1_565' title='bbox 1090 3828 1195 3886; x_wconf 91' lang='lat' dir='ltr'><strong>est,</strong></span> <span class='ocrx_word' id='word_1_566' title='bbox 1215 3808 1476 3890; x_wconf 72' lang='lat' dir='ltr'><strong>nequitiae</strong></span> <span class='ocrx_word' id='word_1_567' title='bbox 1497 3835 1701 3891; x_wconf 85' lang='lat' dir='ltr'><strong>genera</strong></span> <span class='ocrx_word' id='word_1_568' title='bbox 1711 3820 1971 3886; x_wconf 89' lang='lat' dir='ltr'><strong>ostendit,</strong></span> 
     </span>
    </p>
   </div>
   <div class='ocr_carea' id='block_1_71' title="bbox 384 3911 1974 3982">
    <p class='ocr_par' dir='ltr' id='par_1_71' title="bbox 384 3911 1974 3982">
     <span class='ocr_line' id='line_1_71' title="bbox 384 3911 1974 3982; baseline 0 -14"><span class='ocrx_word' id='word_1_569' title='bbox 384 3920 444 3968; x_wconf 91' lang='lat' dir='ltr'><strong>et</strong></span> <span class='ocrx_word' id='word_1_570' title='bbox 488 3911 836 3982; x_wconf 90' lang='lat' dir='ltr'><strong>impuritates</strong></span> <span class='ocrx_word' id='word_1_571' title='bbox 876 3911 1107 3982; x_wconf 81' lang='lat' dir='ltr'><strong>expulit,</strong></span> <span class='ocrx_word' id='word_1_572' title='bbox 1152 3926 1265 3967; x_wconf 89' lang='lat' dir='ltr'><strong>non</strong></span> <span class='ocrx_word' id='word_1_573' title='bbox 1302 3911 1526 3968; x_wconf 88' lang='lat' dir='ltr'><strong>virtutis</strong></span> <span class='ocrx_word' id='word_1_574' title='bbox 1564 3912 1847 3969; x_wconf 90' lang='lat' dir='ltr'><strong>notionem</strong></span> <span class='ocrx_word' id='word_1_575' title='bbox 1886 3913 1974 3968; x_wconf 90' lang='lat' dir='ltr'><strong>in-</strong></span> 
     </span>
    </p>
   </div>
   <div class='ocr_carea' id='block_1_72' title="bbox 384 4003 1978 4076">
    <p class='ocr_par' dir='ltr' id='par_1_72' title="bbox 384 4003 1978 4076">
     <span class='ocr_line' id='line_1_72' title="bbox 384 4003 1978 4076; baseline 0.003 -19"><span class='ocrx_word' id='word_1_576' title='bbox 384 4003 559 4069; x_wconf 77' lang='lat' dir='ltr'><strong>vexit,</strong></span> <span class='ocrx_word' id='word_1_577' title='bbox 587 4012 684 4059; x_wconf 89' lang='lat' dir='ltr'><strong>aut</strong></span> <span class='ocrx_word' id='word_1_578' title='bbox 706 4003 952 4075; x_wconf 77' lang='lat' dir='ltr'><strong>probata:</strong></span> <span class='ocrx_word' id='word_1_579' title='bbox 969 4004 1097 4060; x_wconf 69' lang='lat' dir='ltr'><strong>vitae</strong></span> <span class='ocrx_word' id='word_1_580' title='bbox 1120 4003 1490 4076; x_wconf 83' lang='lat' dir='ltr'><strong>cognitionem</strong></span> <span class='ocrx_word' id='word_1_581' title='bbox 1513 4004 1859 4076; x_wconf 85' lang='lat' dir='ltr'><strong>perspicuam</strong></span> <span class='ocrx_word' id='word_1_582' title='bbox 1880 4022 1978 4062; x_wconf 88' lang='lat' dir='ltr'><strong>au-</strong></span> 
     </span>
    </p>
   </div>
   <div class='ocr_carea' id='block_1_73' title="bbox 387 4087 1977 4168">
    <p class='ocr_par' dir='ltr' id='par_1_73' title="bbox 387 4087 1977 4168">
     <span class='ocr_line' id='line_1_73' title="bbox 387 4087 1977 4168; baseline 0.002 -17"><span class='ocrx_word' id='word_1_583' title='bbox 387 4094 673 4153; x_wconf 51' lang='lat' dir='ltr'><strong>ditoribus,</strong></span> <span class='ocrx_word' id='word_1_584' title='bbox 710 4096 862 4152; x_wconf 86' lang='lat' dir='ltr'><strong>fecit.</strong></span> <span class='ocrx_word' id='word_1_585' title='bbox 909 4096 1047 4152; x_wconf 86' lang='lat' dir='ltr'><strong>Nam</strong></span> <span class='ocrx_word' id='word_1_586' title='bbox 1083 4095 1236 4152; x_wconf 92' lang='lat' dir='ltr'><strong>istud</strong></span> <span class='ocrx_word' id='word_1_587' title='bbox 1280 4096 1525 4167; x_wconf 90' lang='lat' dir='ltr'><strong>quidem,</strong></span> <span class='ocrx_word' id='word_1_588' title='bbox 1570 4113 1681 4152; x_wconf 90' lang='lat' dir='ltr'><strong>non</strong></span> <span class='ocrx_word' id='word_1_589' title='bbox 1719 4087 1977 4168; x_wconf 78' lang='lat' dir='ltr'><strong>oportere</strong></span> 
     </span>
    </p>
   </div>
   <div class='ocr_carea' id='block_1_74' title="bbox 390 4186 1977 4259">
    <p class='ocr_par' dir='ltr' id='par_1_74' title="bbox 390 4186 1977 4259">
     <span class='ocr_line' id='line_1_74' title="bbox 390 4186 1977 4259; baseline 0.001 -16"><span class='ocrx_word' id='word_1_590' title='bbox 390 4189 584 4259; x_wconf 81' lang='lat' dir='ltr'><strong>turpia</strong></span> <span class='ocrx_word' id='word_1_591' title='bbox 610 4186 814 4255; x_wconf 88' lang='lat' dir='ltr'><strong>facere,</strong></span> <span class='ocrx_word' id='word_1_592' title='bbox 864 4188 1011 4245; x_wconf 88' lang='lat' dir='ltr'><strong>inter</strong></span> <span class='ocrx_word' id='word_1_593' title='bbox 1051 4188 1451 4259; x_wconf 68' lang='lat' dir='ltr'><strong>praestantioris</strong></span> <span class='ocrx_word' id='word_1_594' title='bbox 1483 4188 1612 4245; x_wconf 83' lang='lat' dir='ltr'><strong>vitae</strong></span> <span class='ocrx_word' id='word_1_595' title='bbox 1657 4204 1840 4245; x_wconf 89' lang='lat' dir='ltr'><strong>mores</strong></span> <span class='ocrx_word' id='word_1_596' title='bbox 1876 4206 1977 4244; x_wconf 89' lang='lat' dir='ltr'><strong>an-</strong></span> 
     </span>
    </p>
   </div>
   <div class='ocr_carea' id='block_1_75' title="bbox 389 4280 1981 4352">
    <p class='ocr_par' dir='ltr' id='par_1_75' title="bbox 389 4280 1981 4352">
     <span class='ocr_line' id='line_1_75' title="bbox 389 4280 1981 4352; baseline -0.001 -16"><span class='ocrx_word' id='word_1_597' title='bbox 389 4296 705 4340; x_wconf 67' lang='lat' dir='ltr'><strong>numerare,</strong></span> <span class='ocrx_word' id='word_1_598' title='bbox 724 4281 953 4338; x_wconf 88' lang='lat' dir='ltr'><strong>stultum</strong></span> <span class='ocrx_word' id='word_1_599' title='bbox 989 4281 1094 4348; x_wconf 89' lang='lat' dir='ltr'><strong>sit,</strong></span> <span class='ocrx_word' id='word_1_600' title='bbox 1127 4281 1342 4352; x_wconf 90' lang='lat' dir='ltr'><strong>opinor.</strong></span> <span class='ocrx_word' id='word_1_601' title='bbox 1381 4283 1522 4338; x_wconf 92' lang='lat' dir='ltr'><strong>Puto</strong></span> <span class='ocrx_word' id='word_1_602' title='bbox 1564 4290 1770 4346; x_wconf 89' lang='lat' dir='ltr'><strong>autem,</strong></span> <span class='ocrx_word' id='word_1_603' title='bbox 1815 4280 1981 4351; x_wconf 91' lang='lat' dir='ltr'><strong>idque</strong></span> 
     </span>
    </p>
   </div>
   <div class='ocr_carea' id='block_1_76' title="bbox 391 4373 1985 4447">
    <p class='ocr_par' dir='ltr' id='par_1_76' title="bbox 391 4373 1985 4447">
     <span class='ocr_line' id='line_1_76' title="bbox 391 4373 1985 4447; baseline -0.001 -18"><span class='ocrx_word' id='word_1_604' title='bbox 391 4373 537 4430; x_wconf 85' lang='lat' dir='ltr'><strong>haud</strong></span> <span class='ocrx_word' id='word_1_605' title='bbox 566 4374 823 4440; x_wconf 75' lang='lat' dir='ltr'><strong>absurde,</strong></span> <span class='ocrx_word' id='word_1_606' title='bbox 865 4374 942 4429; x_wconf 92' lang='lat' dir='ltr'><strong>ita</strong></span> <span class='ocrx_word' id='word_1_607' title='bbox 965 4373 1205 4447; x_wconf 90' lang='lat' dir='ltr'><strong>denique</strong></span> <span class='ocrx_word' id='word_1_608' title='bbox 1226 4391 1446 4447; x_wconf 86' lang='lat' dir='ltr'><strong>aequum</strong></span> <span class='ocrx_word' id='word_1_609' title='bbox 1476 4391 1598 4432; x_wconf 90' lang='lat' dir='ltr'><strong>esse</strong></span> <span class='ocrx_word' id='word_1_610' title='bbox 1633 4384 1695 4430; x_wconf 89' lang='lat' dir='ltr'><strong>ut</strong></span> <span class='ocrx_word' id='word_1_611' title='bbox 1739 4376 1797 4429; x_wconf 89' lang='lat' dir='ltr'><strong>in</strong></span> <span class='ocrx_word' id='word_1_612' title='bbox 1830 4373 1985 4429; x_wconf 90' lang='lat' dir='ltr'><strong>omni</strong></span> 
     </span>
    </p>
   </div>
   <div class='ocr_carea' id='block_1_77' title="bbox 2069 3175 3667 3253">
    <p class='ocr_par' dir='ltr' id='par_1_77' title="bbox 2069 3175 3667 3253">
     <span class='ocr_line' id='line_1_77' title="bbox 2069 3175 3667 3253; baseline -0.005 -17"><span class='ocrx_word' id='word_1_613' title='bbox 2069 3181 2273 3253; x_wconf 83' lang='grc' dir='ltr'>κόσμος</span> <span class='ocrx_word' id='word_1_614' title='bbox 2302 3180 2381 3251; x_wconf 79' lang='grc' dir='ltr'>τῷ</span> <span class='ocrx_word' id='word_1_615' title='bbox 2408 3179 2546 3251; x_wconf 82' lang='grc' dir='ltr'><strong>Θεῷ·</strong></span> <span class='ocrx_word' id='word_1_616' title='bbox 2589 3178 2723 3233; x_wconf 87' lang='grc' dir='ltr'>διότι</span> <span class='ocrx_word' id='word_1_617' title='bbox 2762 3177 2822 3245; x_wconf 78' lang='grc' dir='ltr'>ἐξ</span> <span class='ocrx_word' id='word_1_618' title='bbox 2855 3177 3034 3249; x_wconf 81' lang='grc' dir='ltr'>ἔργων</span> <span class='ocrx_word' id='word_1_619' title='bbox 3067 3179 3233 3250; x_wconf 89' lang='grc' dir='ltr'>νόμου</span> <span class='ocrx_word' id='word_1_620' title='bbox 3267 3179 3330 3232; x_wconf 83' lang='grc' dir='ltr'>οὐ</span> <span class='ocrx_word' id='word_1_621' title='bbox 3368 3175 3667 3247; x_wconf 76' lang='grc' dir='ltr'>δικαιωθή-</span> 
     </span>
    </p>
   </div>
   <div class='ocr_carea' id='block_1_78' title="bbox 2071 3269 3667 3344">
    <p class='ocr_par' dir='ltr' id='par_1_78' title="bbox 2071 3269 3667 3344">
     <span class='ocr_line' id='line_1_78' title="bbox 2071 3269 3667 3344; baseline -0.003 -17"><span class='ocrx_word' id='word_1_622' title='bbox 2071 3291 2224 3327; x_wconf 87' lang='grc' dir='ltr'>σεται</span> <span class='ocrx_word' id='word_1_623' title='bbox 2254 3274 2403 3328; x_wconf 82' lang='grc' dir='ltr'>πᾶσα</span> <span class='ocrx_word' id='word_1_624' title='bbox 2432 3270 2571 3344; x_wconf 77' lang='grc' dir='ltr'>σὰρξ</span> <span class='ocrx_word' id='word_1_625' title='bbox 2600 3271 2830 3327; x_wconf 76' lang='grc' dir='ltr'>ἐνώπιον</span> <span class='ocrx_word' id='word_1_626' title='bbox 2858 3271 3044 3326; x_wconf 84' lang='grc' dir='ltr'>αὐτοῦ·</span> <span class='ocrx_word' id='word_1_627' title='bbox 3076 3270 3166 3326; x_wconf 83' lang='grc' dir='ltr'>διὰ</span> <span class='ocrx_word' id='word_1_628' title='bbox 3194 3272 3303 3343; x_wconf 79' lang='grc' dir='ltr'>γὰρ</span> <span class='ocrx_word' id='word_1_629' title='bbox 3325 3270 3513 3341; x_wconf 76' lang='grc' dir='ltr'>νόμου,</span> <span class='ocrx_word' id='word_1_630' title='bbox 3538 3269 3667 3323; x_wconf 78' lang='grc' dir='ltr'>ἐπί-</span> 
     </span>
    </p>
   </div>
   <div class='ocr_carea' id='block_1_79' title="bbox 2069 3359 3685 3438">
    <p class='ocr_par' dir='ltr' id='par_1_79' title="bbox 2069 3359 3685 3438">
     <span class='ocr_line' id='line_1_79' title="bbox 2069 3359 3685 3438; baseline -0.004 -16"><span class='ocrx_word' id='word_1_631' title='bbox 2069 3384 2271 3437; x_wconf 88' lang='grc' dir='ltr'>γνωσις</span> <span class='ocrx_word' id='word_1_632' title='bbox 2298 3365 2602 3438; x_wconf 83' lang='grc' dir='ltr'>ἁμαρτιῶν.</span> <span class='ocrx_word' id='word_1_633' title='bbox 2639 3385 2657 3416; x_wconf 76' lang='grc' dir='ltr'><strong>ι</strong></span> <span class='ocrx_word' id='word_1_634' title='bbox 2695 3365 2976 3429; x_wconf 84' lang='grc' dir='ltr'>Δεικτικδς</span> <span class='ocrx_word' id='word_1_635' title='bbox 3009 3359 3102 3420; x_wconf 78' lang='grc' dir='ltr'>οὖν</span> <span class='ocrx_word' id='word_1_636' title='bbox 3130 3365 3241 3436; x_wconf 79' lang='grc' dir='ltr'>ἄρα</span> <span class='ocrx_word' id='word_1_637' title='bbox 3265 3364 3363 3435; x_wconf 84' lang='grc' dir='ltr'><strong>τῆς</strong></span> <span class='ocrx_word' id='word_1_638' title='bbox 3388 3363 3685 3434; x_wconf 68' lang='grc' dir='ltr'>ἁμαρτίας</span> 
     </span>
    </p>
   </div>
   <div class='ocr_carea' id='block_1_80' title="bbox 2070 3455 3668 3530">
    <p class='ocr_par' dir='ltr' id='par_1_80' title="bbox 2070 3455 3668 3530">
     <span class='ocr_line' id='line_1_80' title="bbox 2070 3455 3668 3530; baseline -0.004 -17"><span class='ocrx_word' id='word_1_639' title='bbox 2070 3462 2099 3514; x_wconf 92' lang='lat'><strong>6</strong></span> <span class='ocrx_word' id='word_1_640' title='bbox 2121 3460 2314 3530; x_wconf 87' lang='grc' dir='ltr'>νόμος,</span> <span class='ocrx_word' id='word_1_641' title='bbox 2359 3457 2460 3511; x_wconf 84' lang='grc' dir='ltr'>οὐκ</span> <span class='ocrx_word' id='word_1_642' title='bbox 2499 3456 2837 3528; x_wconf 78' lang='grc' dir='ltr'>αὐχημάτων</span> <span class='ocrx_word' id='word_1_643' title='bbox 2870 3456 3132 3528; x_wconf 82' lang='grc' dir='ltr'>πρόξενος</span> <span class='ocrx_word' id='word_1_644' title='bbox 3169 3455 3276 3509; x_wconf 83' lang='grc' dir='ltr'><strong>τῶν</strong></span> <span class='ocrx_word' id='word_1_645' title='bbox 3311 3456 3392 3518; x_wconf 87' lang='grc' dir='ltr'><strong>είς</strong></span> <span class='ocrx_word' id='word_1_646' title='bbox 3438 3455 3668 3525; x_wconf 77' lang='grc' dir='ltr'>ἀρετήν.</span> 
     </span>
    </p>
   </div>
   <div class='ocr_carea' id='block_1_81' title="bbox 2073 3546 3681 3624">
    <p class='ocr_par' dir='ltr' id='par_1_81' title="bbox 2073 3546 3681 3624">
     <span class='ocr_line' id='line_1_81' title="bbox 2073 3546 3681 3624; baseline -0.004 -20"><span class='ocrx_word' id='word_1_647' title='bbox 2073 3551 2148 3604; x_wconf 85' lang='grc' dir='ltr'>Τὸ</span> <span class='ocrx_word' id='word_1_648' title='bbox 2171 3550 2280 3624; x_wconf 88' lang='grc' dir='ltr'><strong>γάρ</strong></span> <span class='ocrx_word' id='word_1_649' title='bbox 2319 3567 2400 3605; x_wconf 91' lang='grc' dir='ltr'><strong>τοι</strong></span> <span class='ocrx_word' id='word_1_650' title='bbox 2439 3549 2607 3618; x_wconf 82' lang='grc' dir='ltr'>φάναι</span> <span class='ocrx_word' id='word_1_651' title='bbox 2638 3548 2822 3619; x_wconf 86' lang='grc' dir='ltr'>τυχὸν,</span> <span class='ocrx_word' id='word_1_652' title='bbox 2858 3549 2933 3602; x_wconf 85' lang='grc' dir='ltr'><strong>Ού</strong></span> <span class='ocrx_word' id='word_1_653' title='bbox 2978 3546 3318 3620; x_wconf 81' lang='grc' dir='ltr'>πορνεύσεις,</span> <span class='ocrx_word' id='word_1_654' title='bbox 3352 3547 3412 3600; x_wconf 82' lang='grc' dir='ltr'><strong>ού</strong></span> <span class='ocrx_word' id='word_1_655' title='bbox 3455 3546 3681 3617; x_wconf 81' lang='grc' dir='ltr'>μοιχεύ-</span> 
     </span>
    </p>
   </div>
   <div class='ocr_carea' id='block_1_82' title="bbox 2076 3636 3682 3710">
    <p class='ocr_par' dir='ltr' id='par_1_82' title="bbox 2076 3636 3682 3710">
     <span class='ocr_line' id='line_1_82' title="bbox 2076 3636 3682 3710; baseline -0.004 -15"><span class='ocrx_word' id='word_1_656' title='bbox 2076 3657 2220 3705; x_wconf 88' lang='grc' dir='ltr'>σεις,</span> <span class='ocrx_word' id='word_1_657' title='bbox 2252 3641 2312 3693; x_wconf 82' lang='grc' dir='ltr'><strong>ού</strong></span> <span class='ocrx_word' id='word_1_658' title='bbox 2348 3638 2598 3709; x_wconf 82' lang='grc' dir='ltr'>κλέψεις,</span> <span class='ocrx_word' id='word_1_659' title='bbox 2642 3638 2741 3692; x_wconf 80' lang='grc' dir='ltr'>οὐκ</span> <span class='ocrx_word' id='word_1_660' title='bbox 2777 3639 3157 3710; x_wconf 83' lang='grc' dir='ltr'>ἐπιορκήσεις,</span> <span class='ocrx_word' id='word_1_661' title='bbox 3202 3638 3297 3692; x_wconf 75' lang='grc' dir='ltr'>καὶ</span> <span class='ocrx_word' id='word_1_662' title='bbox 3321 3636 3375 3690; x_wconf 81' lang='grc' dir='ltr'>εἴ</span> <span class='ocrx_word' id='word_1_663' title='bbox 3406 3654 3459 3690; x_wconf 85' lang='grc' dir='ltr'><strong>τι</strong></span> <span class='ocrx_word' id='word_1_664' title='bbox 3486 3636 3682 3690; x_wconf 80' lang='grc' dir='ltr'>τοιού-</span> 
     </span>
    </p>
   </div>
   <div class='ocr_carea' id='block_1_83' title="bbox 2074 3728 3673 3803">
    <p class='ocr_par' dir='ltr' id='par_1_83' title="bbox 2074 3728 3673 3803">
     <span class='ocr_line' id='line_1_83' title="bbox 2074 3728 3673 3803; baseline -0.002 -18"><span class='ocrx_word' id='word_1_665' title='bbox 2074 3748 2185 3795; x_wconf 90' lang='grc' dir='ltr'>τοις</span> <span class='ocrx_word' id='word_1_666' title='bbox 2254 3732 2658 3803; x_wconf 82' lang='grc' dir='ltr'>συνήρμοσται,</span> <span class='ocrx_word' id='word_1_667' title='bbox 2709 3729 2776 3783; x_wconf 79' lang='grc' dir='ltr'><strong>τὰ</strong></span> <span class='ocrx_word' id='word_1_668' title='bbox 2832 3729 2933 3800; x_wconf 77' lang='grc' dir='ltr'><strong>τῆς</strong></span> <span class='ocrx_word' id='word_1_669' title='bbox 2995 3729 3325 3800; x_wconf 83' lang='grc' dir='ltr'>φαυλότητος</span> <span class='ocrx_word' id='word_1_670' title='bbox 3382 3728 3496 3799; x_wconf 75' lang='grc' dir='ltr'>εἴδη</span> <span class='ocrx_word' id='word_1_671' title='bbox 3562 3745 3673 3782; x_wconf 88' lang='grc' dir='ltr'>κα-</span> 
     </span>
    </p>
   </div>
   <div class='ocr_carea' id='block_1_84' title="bbox 2075 3819 3685 3897">
    <p class='ocr_par' dir='ltr' id='par_1_84' title="bbox 2075 3819 3685 3897">
     <span class='ocr_line' id='line_1_84' title="bbox 2075 3819 3685 3897; baseline -0.002 -16"><span class='ocrx_word' id='word_1_672' title='bbox 2075 3824 2503 3897; x_wconf 82' lang='grc' dir='ltr'>τασημαίνοντος</span> <span class='ocrx_word' id='word_1_673' title='bbox 2529 3819 2618 3895; x_wconf 81' lang='grc' dir='ltr'>ἦν,</span> <span class='ocrx_word' id='word_1_674' title='bbox 2667 3823 2759 3875; x_wconf 73' lang='grc' dir='ltr'><strong>καὶ</strong></span> <span class='ocrx_word' id='word_1_675' title='bbox 2800 3820 3112 3884; x_wconf 80' lang='grc' dir='ltr'>ἐξιστάντος</span> <span class='ocrx_word' id='word_1_676' title='bbox 3148 3821 3526 3890; x_wconf 76' lang='grc' dir='ltr'>ἀκαθαρσίας,</span> <span class='ocrx_word' id='word_1_677' title='bbox 3564 3822 3685 3877; x_wconf 76' lang='grc' dir='ltr'>οὐκ.</span> 
     </span>
    </p>
   </div>
   <div class='ocr_carea' id='block_1_85' title="bbox 2077 3910 3684 3990">
    <p class='ocr_par' dir='ltr' id='par_1_85' title="bbox 2077 3910 3684 3990">
     <span class='ocr_line' id='line_1_85' title="bbox 2077 3910 3684 3990; baseline -0.005 -18"><span class='ocrx_word' id='word_1_678' title='bbox 2077 3917 2281 3990; x_wconf 85' lang='grc' dir='ltr'>ἀρετῆς</span> <span class='ocrx_word' id='word_1_679' title='bbox 2323 3917 2527 3986; x_wconf 78' lang='grc' dir='ltr'>εἴδησιν</span> <span class='ocrx_word' id='word_1_680' title='bbox 2572 3911 3012 3982; x_wconf 75' lang='grc' dir='ltr'>εἰσ-κομίζοντος,</span> <span class='ocrx_word' id='word_1_681' title='bbox 3062 3911 3184 3964; x_wconf 78' lang='grc' dir='ltr'>οὐδὲ</span> <span class='ocrx_word' id='word_1_682' title='bbox 3219 3910 3327 3979; x_wconf 71' lang='grc' dir='ltr'>’τῆς</span> <span class='ocrx_word' id='word_1_683' title='bbox 3373 3910 3684 3982; x_wconf 79' lang='grc' dir='ltr'>ἁκιϐδήλουι</span> 
     </span>
    </p>
   </div>
   <div class='ocr_carea' id='block_1_86' title="bbox 2080 3998 3685 4078">
    <p class='ocr_par' dir='ltr' id='par_1_86' title="bbox 2080 3998 3685 4078">
     <span class='ocr_line' id='line_1_86' title="bbox 2080 3998 3685 4078; baseline -0.004 -16"><span class='ocrx_word' id='word_1_684' title='bbox 2080 4008 2226 4078; x_wconf 82' lang='grc' dir='ltr'>ζωῆς</span> <span class='ocrx_word' id='word_1_685' title='bbox 2269 4000 2753 4072; x_wconf 81' lang='grc' dir='ltr'>καταφανεστάτην</span> <span class='ocrx_word' id='word_1_686' title='bbox 2796 4001 2908 4063; x_wconf 88' lang='grc' dir='ltr'>τοῖς</span> <span class='ocrx_word' id='word_1_687' title='bbox 2954 3998 3328 4071; x_wconf 83' lang='grc' dir='ltr'>ἀκροωμένοις</span> <span class='ocrx_word' id='word_1_688' title='bbox 3385 3998 3685 4067; x_wconf 81' lang='grc' dir='ltr'>ποιοῦντος,</span> 
     </span>
    </p>
   </div>
   <div class='ocr_carea' id='block_1_87' title="bbox 2078 4089 3683 4168">
    <p class='ocr_par' dir='ltr' id='par_1_87' title="bbox 2078 4089 3683 4168">
     <span class='ocr_line' id='line_1_87' title="bbox 2078 4089 3683 4168; baseline -0.004 -17"><span class='ocrx_word' id='word_1_689' title='bbox 2078 4098 2176 4168; x_wconf 84' lang='grc' dir='ltr'>τὴν</span> <span class='ocrx_word' id='word_1_690' title='bbox 2199 4093 2418 4162; x_wconf 88' lang='grc' dir='ltr'>γνῶσιν.</span> <span class='ocrx_word' id='word_1_691' title='bbox 2457 4092 2546 4154; x_wconf 83' lang='grc' dir='ltr'><strong>Ὡς</strong></span> <span class='ocrx_word' id='word_1_692' title='bbox 2565 4089 2627 4143; x_wconf 90' lang='grc' dir='ltr'><strong>τό</strong></span> <span class='ocrx_word' id='word_1_693' title='bbox 2642 4106 2725 4143; x_wconf 88' lang='grc' dir='ltr'><strong>τοι</strong></span> <span class='ocrx_word' id='word_1_694' title='bbox 2755 4091 2831 4160; x_wconf 80' lang='grc' dir='ltr'>μὴ</span> <span class='ocrx_word' id='word_1_695' title='bbox 2851 4090 3048 4162; x_wconf 88' lang='grc' dir='ltr'>χρῆναι</span> <span class='ocrx_word' id='word_1_696' title='bbox 3077 4089 3147 4143; x_wconf 69' lang='grc' dir='ltr'>τὰ</span> <span class='ocrx_word' id='word_1_697' title='bbox 3176 4089 3371 4160; x_wconf 80' lang='grc' dir='ltr'>αἰσχίω</span> <span class='ocrx_word' id='word_1_698' title='bbox 3386 4089 3540 4161; x_wconf 79' lang='grc' dir='ltr'>ὅρᾷν,</span> <span class='ocrx_word' id='word_1_699' title='bbox 3557 4095 3683 4156; x_wconf 85' lang='grc' dir='ltr'>τοῖς</span> 
     </span>
    </p>
   </div>
   <div class='ocr_carea' id='block_1_88' title="bbox 2079 4182 3678 4258">
    <p class='ocr_par' dir='ltr' id='par_1_88' title="bbox 2079 4182 3678 4258">
     <span class='ocr_line' id='line_1_88' title="bbox 2079 4182 3678 4258; baseline -0.001 -20"><span class='ocrx_word' id='word_1_700' title='bbox 2079 4189 2178 4258; x_wconf 77' lang='grc' dir='ltr'><strong>τῆς</strong></span> <span class='ocrx_word' id='word_1_701' title='bbox 2203 4182 2480 4254; x_wconf 79' lang='grc' dir='ltr'>ὲξαιρέτου</span> <span class='ocrx_word' id='word_1_702' title='bbox 2512 4182 2787 4244; x_wconf 83' lang='grc' dir='ltr'>πολιτείας</span> <span class='ocrx_word' id='word_1_703' title='bbox 2821 4182 3197 4254; x_wconf 79' lang='grc' dir='ltr'>ἐγγράφεσθαι</span> <span class='ocrx_word' id='word_1_704' title='bbox 3235 4182 3459 4255; x_wconf 84' lang='grc' dir='ltr'>τρόποις</span> <span class='ocrx_word' id='word_1_705' title='bbox 3480 4223 3493 4245; x_wconf 93' lang='grc'><strong>,</strong></span> <span class='ocrx_word' id='word_1_706' title='bbox 3524 4182 3678 4250; x_wconf 84' lang='grc' dir='ltr'>ἀμα-</span> 
     </span>
    </p>
   </div>
   <div class='ocr_carea' id='block_1_89' title="bbox 2082 4269 3679 4347">
    <p class='ocr_par' dir='ltr' id='par_1_89' title="bbox 2082 4269 3679 4347">
     <span class='ocr_line' id='line_1_89' title="bbox 2082 4269 3679 4347; baseline -0.004 -14"><span class='ocrx_word' id='word_1_707' title='bbox 2082 4280 2173 4343; x_wconf 88' lang='grc' dir='ltr'>θὲς</span> <span class='ocrx_word' id='word_1_708' title='bbox 2199 4272 2352 4347; x_wconf 77' lang='grc' dir='ltr'>οἶμαί</span> <span class='ocrx_word' id='word_1_709' title='bbox 2374 4292 2498 4330; x_wconf 91' lang='grc' dir='ltr'>που.</span> <span class='ocrx_word' id='word_1_710' title='bbox 2525 4276 2644 4330; x_wconf 72' lang='grc' dir='ltr'>Δεῖν</span> <span class='ocrx_word' id='word_1_711' title='bbox 2670 4275 2726 4328; x_wconf 79' lang='grc' dir='ltr'>δὲ</span> <span class='ocrx_word' id='word_1_712' title='bbox 2745 4269 2899 4346; x_wconf 78' lang='grc' dir='ltr'>οἶμαι</span> <span class='ocrx_word' id='word_1_713' title='bbox 2925 4275 3022 4329; x_wconf 78' lang='grc' dir='ltr'>καὶ</span> <span class='ocrx_word' id='word_1_714' title='bbox 3046 4274 3251 4345; x_wconf 84' lang='grc' dir='ltr'>σφόδρα</span> <span class='ocrx_word' id='word_1_715' title='bbox 3275 4274 3522 4341; x_wconf 82' lang='grc' dir='ltr'>εἰκότως,</span> <span class='ocrx_word' id='word_1_716' title='bbox 3546 4274 3679 4327; x_wconf 81' lang='grc' dir='ltr'>τότε</span> 
     </span>
    </p>
   </div>
   <div class='ocr_carea' id='block_1_90' title="bbox 2081 4364 3676 4439">
    <p class='ocr_par' dir='ltr' id='par_1_90' title="bbox 2081 4364 3676 4439">
     <span class='ocr_line' id='line_1_90' title="bbox 2081 4364 3676 4439; baseline -0.003 -18"><span class='ocrx_word' id='word_1_717' title='bbox 2081 4368 2145 4439; x_wconf 84' lang='grc' dir='ltr'>δὴ</span> <span class='ocrx_word' id='word_1_718' title='bbox 2194 4366 2346 4438; x_wconf 89' lang='grc' dir='ltr'>μόλις</span> <span class='ocrx_word' id='word_1_719' title='bbox 2395 4365 2494 4438; x_wconf 86' lang='grc' dir='ltr'>τὴν</span> <span class='ocrx_word' id='word_1_720' title='bbox 2542 4366 2627 4435; x_wconf 74' lang='grc' dir='ltr'><strong>ἐφ’</strong></span> <span class='ocrx_word' id='word_1_721' title='bbox 2675 4364 2851 4420; x_wconf 76' lang='grc' dir='ltr'>ἅπασι</span> <span class='ocrx_word' id='word_1_722' title='bbox 2893 4367 3005 4430; x_wconf 85' lang='grc' dir='ltr'>τοῖς</span> <span class='ocrx_word' id='word_1_723' title='bbox 3057 4364 3471 4435; x_wconf 80' lang='grc' dir='ltr'>ἐπαινουμένοις</span> <span class='ocrx_word' id='word_1_724' title='bbox 3521 4365 3676 4434; x_wconf 78' lang='grc' dir='ltr'>ἡμᾶς</span> 
     </span>
    </p>
   </div>
   <div class='ocr_carea' id='block_1_91' title="bbox 392 4455 1969 4538">
    <p class='ocr_par' dir='ltr' id='par_1_91' title="bbox 392 4464 1969 4538">
     <span class='ocr_line' id='line_1_91' title="bbox 392 4464 1969 4538; baseline -0.003 -16"><span class='ocrx_word' id='word_1_725' title='bbox 392 4483 580 4524; x_wconf 86' lang='lat' dir='ltr'><strong>rerum</strong></span> <span class='ocrx_word' id='word_1_726' title='bbox 619 4466 1016 4522; x_wconf 77' lang='lat' dir='ltr'><strong>laudandanum</strong></span> <span class='ocrx_word' id='word_1_727' title='bbox 1059 4483 1260 4538; x_wconf 87' lang='lat' dir='ltr'><strong>genere</strong></span> <span class='ocrx_word' id='word_1_728' title='bbox 1293 4468 1456 4523; x_wconf 88' lang='lat' dir='ltr'><strong>nobis</strong></span> <span class='ocrx_word' id='word_1_729' title='bbox 1498 4468 1791 4524; x_wconf 87' lang='lat' dir='ltr'><strong>honestum</strong></span> <span class='ocrx_word' id='word_1_730' title='bbox 1826 4464 1969 4535; x_wconf 91' lang='lat' dir='ltr'><strong>judi-</strong></span> 
     </span>
    </p>
   </div>
   <div class='ocr_carea' id='block_1_92' title="bbox 2074 4455 3677 4538">
    <p class='ocr_par' dir='ltr' id='par_1_92' title="bbox 2084 4455 3677 4533">
     <span class='ocr_line' id='line_1_92' title="bbox 2084 4455 3677 4533; baseline -0.004 -18"><span class='ocrx_word' id='word_1_731' title='bbox 2084 4459 2390 4515; x_wconf 88' lang='grc' dir='ltr'>ἀναδεῖσθαι</span> <span class='ocrx_word' id='word_1_732' title='bbox 2413 4459 2614 4531; x_wconf 78' lang='grc' dir='ltr'>ψῆφον,</span> <span class='ocrx_word' id='word_1_733' title='bbox 2647 4460 2698 4513; x_wconf 87' lang='grc' dir='ltr'>εἰ</span> <span class='ocrx_word' id='word_1_734' title='bbox 2724 4458 2799 4530; x_wconf 79' lang='grc' dir='ltr'><strong>δὴ¹</strong></span> <span class='ocrx_word' id='word_1_735' title='bbox 2835 4457 3089 4530; x_wconf 85' lang='grc' dir='ltr'>μεθέντες</span> <span class='ocrx_word' id='word_1_736' title='bbox 3122 4457 3217 4533; x_wconf 75' lang='grc' dir='ltr'>καὶ</span> <span class='ocrx_word' id='word_1_737' title='bbox 3243 4455 3568 4526; x_wconf 85' lang='grc' dir='ltr'>διωσάμενοι</span> <span class='ocrx_word' id='word_1_738' title='bbox 3610 4456 3677 4508; x_wconf 81' lang='grc' dir='ltr'>τὸ</span> 
     </span>
    </p>
   </div>
   <div class='ocr_carea' id='block_1_93' title="bbox 393 4556 1983 4630">
    <p class='ocr_par' dir='ltr' id='par_1_93' title="bbox 393 4556 1983 4630">
     <span class='ocr_line' id='line_1_93' title="bbox 393 4556 1983 4630; baseline -0.002 -15"><span class='ocrx_word' id='word_1_739' title='bbox 393 4559 543 4617; x_wconf 87' lang='lat' dir='ltr'><strong>cium</strong></span> <span class='ocrx_word' id='word_1_740' title='bbox 558 4568 724 4629; x_wconf 88' lang='lat' dir='ltr'><strong>atque</strong></span> <span class='ocrx_word' id='word_1_741' title='bbox 743 4560 1122 4630; x_wconf 85' lang='lat' dir='ltr'><strong>comprobatio</strong></span> <span class='ocrx_word' id='word_1_742' title='bbox 1143 4559 1442 4627; x_wconf 90' lang='lat' dir='ltr'><strong>deferatur,</strong></span> <span class='ocrx_word' id='word_1_743' title='bbox 1468 4560 1536 4627; x_wconf 91' lang='lat' dir='ltr'><strong>si,</strong></span> <span class='ocrx_word' id='word_1_744' title='bbox 1561 4560 1713 4615; x_wconf 87' lang='lat' dir='ltr'><strong>vitiis</strong></span> <span class='ocrx_word' id='word_1_745' title='bbox 1736 4556 1983 4613; x_wconf 88' lang='lat' dir='ltr'><strong>dimissis</strong></span> 
     </span>
    </p>
   </div>
   <div class='ocr_carea' id='block_1_94' title="bbox 394 4648 1979 4724">
    <p class='ocr_par' dir='ltr' id='par_1_94' title="bbox 394 4648 1979 4724">
     <span class='ocr_line' id='line_1_94' title="bbox 394 4648 1979 4724; baseline -0.001 -16"><span class='ocrx_word' id='word_1_746' title='bbox 394 4667 460 4708; x_wconf 91' lang='lat' dir='ltr'><strong>ac</strong></span> <span class='ocrx_word' id='word_1_747' title='bbox 502 4651 772 4722; x_wconf 85' lang='lat' dir='ltr'><strong>repulsis,</strong></span> <span class='ocrx_word' id='word_1_748' title='bbox 815 4660 873 4707; x_wconf 91' lang='lat' dir='ltr'><strong>et</strong></span> <span class='ocrx_word' id='word_1_749' title='bbox 907 4651 1260 4724; x_wconf 86' lang='lat' dir='ltr'><strong>improbitate</strong></span> <span class='ocrx_word' id='word_1_750' title='bbox 1305 4660 1591 4724; x_wconf 86' lang='lat' dir='ltr'><strong>superata,</strong></span> <span class='ocrx_word' id='word_1_751' title='bbox 1638 4648 1979 4722; x_wconf 89' lang='lat' dir='ltr'><strong>impurisque</strong></span> 
     </span>
    </p>
   </div>
   <div class='ocr_carea' id='block_1_95' title="bbox 396 4740 1982 4816">
    <p class='ocr_par' dir='ltr' id='par_1_95' title="bbox 396 4740 1982 4816">
     <span class='ocr_line' id='line_1_95' title="bbox 396 4740 1982 4816; baseline -0.001 -17"><span class='ocrx_word' id='word_1_752' title='bbox 396 4742 700 4799; x_wconf 87' lang='lat' dir='ltr'><strong>sceleribus</strong></span> <span class='ocrx_word' id='word_1_753' title='bbox 728 4742 980 4816; x_wconf 87' lang='lat' dir='ltr'><strong>abjectis,</strong></span> <span class='ocrx_word' id='word_1_754' title='bbox 1013 4742 1082 4799; x_wconf 90' lang='lat' dir='ltr'><strong>ad</strong></span> <span class='ocrx_word' id='word_1_755' title='bbox 1120 4758 1398 4800; x_wconf 85' lang='lat' dir='ltr'><strong>summum</strong></span> <span class='ocrx_word' id='word_1_756' title='bbox 1435 4753 1716 4815; x_wconf 85' lang='lat' dir='ltr'><strong>postremo</strong></span> <span class='ocrx_word' id='word_1_757' title='bbox 1757 4740 1982 4797; x_wconf 88' lang='lat' dir='ltr'><strong>virtutis</strong></span> 
     </span>
    </p>
   </div>
   <div class='ocr_carea' id='block_1_96' title="bbox 397 4832 1985 4919">
    <p class='ocr_par' dir='ltr' id='par_1_96' title="bbox 397 4832 1985 4919">
     <span class='ocr_line' id='line_1_96' title="bbox 397 4832 1985 4919; baseline -0.001 -29"><span class='ocrx_word' id='word_1_758' title='bbox 397 4836 609 4907; x_wconf 86' lang='lat' dir='ltr'><strong>apicem</strong></span> <span class='ocrx_word' id='word_1_759' title='bbox 669 4837 1184 4919; x_wconf 72' lang='lat' dir='ltr'><strong>conscenderimus-</strong></span> <span class='ocrx_word' id='word_1_760' title='bbox 1246 4837 1439 4909; x_wconf 88' lang='lat' dir='ltr'><strong>Itaque</strong></span> <span class='ocrx_word' id='word_1_761' title='bbox 1502 4834 1804 4891; x_wconf 83' lang='lat' dir='ltr'><strong>Dominus-</strong></span> <span class='ocrx_word' id='word_1_762' title='bbox 1823 4832 1985 4890; x_wconf 72' lang='lat' dir='ltr'><strong>Iesus</strong></span> 
     </span>
    </p>
   </div>
   <div class='ocr_carea' id='block_1_97' title="bbox 397 4925 1980 5000">
    <p class='ocr_par' dir='ltr' id='par_1_97' title="bbox 397 4925 1980 5000">
     <span class='ocr_line' id='line_1_97' title="bbox 397 4925 1980 5000; baseline -0.003 -17"><span class='ocrx_word' id='word_1_763' title='bbox 397 4926 650 4984; x_wconf 86' lang='lat' dir='ltr'><strong>Christus</strong></span> <span class='ocrx_word' id='word_1_764' title='bbox 683 4946 701 4982; x_wconf 82' lang='lat'><strong>:</strong></span> <span class='ocrx_word' id='word_1_765' title='bbox 722 4949 741 4981; x_wconf 84' lang='grc' dir='ltr'><strong>ι</strong></span> <span class='ocrx_word' id='word_1_766' title='bbox 765 4929 970 4997; x_wconf 80' lang='lat' dir='ltr'><strong>Amen,</strong></span> <span class='ocrx_word' id='word_1_767' title='bbox 989 4945 1179 4997; x_wconf 78' lang='lat' dir='ltr'><strong>amen,</strong></span> <span class='ocrx_word' id='word_1_768' title='bbox 1204 4949 1221 4982; x_wconf 79' lang='grc' dir='ltr'><strong>ι</strong></span> <span class='ocrx_word' id='word_1_769' title='bbox 1250 4929 1452 5000; x_wconf 91' lang='lat' dir='ltr'><strong>inquit,</strong></span> <span class='ocrx_word' id='word_1_770' title='bbox 1472 4948 1491 4981; x_wconf 87' lang='grc' dir='ltr'><strong>ι</strong></span> <span class='ocrx_word' id='word_1_771' title='bbox 1521 4928 1645 4984; x_wconf 91' lang='lat' dir='ltr'><strong>dico</strong></span> <span class='ocrx_word' id='word_1_772' title='bbox 1671 4926 1850 4992; x_wconf 88' lang='lat' dir='ltr'><strong>vobis,</strong></span> <span class='ocrx_word' id='word_1_773' title='bbox 1874 4925 1980 4980; x_wconf 91' lang='lat' dir='ltr'><strong>nisi</strong></span> 
     </span>
    </p>
   </div>
   <div class='ocr_carea' id='block_1_98' title="bbox 399 5018 1984 5092">
    <p class='ocr_par' dir='ltr' id='par_1_98' title="bbox 399 5018 1984 5092">
     <span class='ocr_line' id='line_1_98' title="bbox 399 5018 1984 5092; baseline -0.004 -18"><span class='ocrx_word' id='word_1_774' title='bbox 399 5020 761 5075; x_wconf 88' lang='lat' dir='ltr'><strong>abundaverit</strong></span> <span class='ocrx_word' id='word_1_775' title='bbox 783 5021 997 5092; x_wconf 84' lang='lat' dir='ltr'><strong>justitia</strong></span> <span class='ocrx_word' id='word_1_776' title='bbox 1032 5029 1214 5077; x_wconf 88' lang='lat' dir='ltr'><strong>vestra</strong></span> <span class='ocrx_word' id='word_1_777' title='bbox 1245 5021 1370 5091; x_wconf 84' lang='lat' dir='ltr'><strong>plus</strong></span> <span class='ocrx_word' id='word_1_778' title='bbox 1390 5033 1557 5089; x_wconf 90' lang='lat' dir='ltr'><strong>quam</strong></span> <span class='ocrx_word' id='word_1_779' title='bbox 1579 5018 1897 5074; x_wconf 89' lang='lat' dir='ltr'><strong>Scribarum</strong></span> <span class='ocrx_word' id='word_1_780' title='bbox 1925 5022 1984 5069; x_wconf 92' lang='lat' dir='ltr'><strong>et</strong></span> 
     </span>
    </p>
   </div>
   <div class='ocr_carea' id='block_1_99' title="bbox 400 5104 1981 5179">
    <p class='ocr_par' dir='ltr' id='par_1_99' title="bbox 400 5104 1981 5179">
     <span class='ocr_line' id='line_1_99' title="bbox 400 5104 1981 5179; baseline -0.006 -12"><span class='ocrx_word' id='word_1_781' title='bbox 400 5106 834 5178; x_wconf 63' lang='lat' dir='ltr'><strong>Pharisaeorum,</strong></span> <span class='ocrx_word' id='word_1_782' title='bbox 896 5128 1007 5168; x_wconf 92' lang='lat' dir='ltr'><strong>non</strong></span> <span class='ocrx_word' id='word_1_783' title='bbox 1071 5111 1350 5167; x_wconf 90' lang='lat' dir='ltr'><strong>intrabitis</strong></span> <span class='ocrx_word' id='word_1_784' title='bbox 1405 5110 1463 5164; x_wconf 92' lang='lat' dir='ltr'><strong>in</strong></span> <span class='ocrx_word' id='word_1_785' title='bbox 1523 5123 1754 5179; x_wconf 89' lang='lat' dir='ltr'><strong>regnum</strong></span> <span class='ocrx_word' id='word_1_786' title='bbox 1810 5104 1981 5160; x_wconf 59' lang='lat' dir='ltr'><strong>caelo-</strong></span> 
     </span>
    </p>
   </div>
   <div class='ocr_carea' id='block_1_100' title="bbox 402 5194 1983 5277">
    <p class='ocr_par' dir='ltr' id='par_1_100' title="bbox 402 5194 1983 5277">
     <span class='ocr_line' id='line_1_100' title="bbox 402 5194 1983 5277; baseline -0.007 -18"><span class='ocrx_word' id='word_1_787' title='bbox 402 5219 525 5259; x_wconf 85' lang='lat' dir='ltr'><strong>rum</strong></span> <span class='ocrx_word' id='word_1_788' title='bbox 561 5204 629 5260; x_wconf 83' lang='grc'><strong>⁸⁰.</strong></span> <span class='ocrx_word' id='word_1_789' title='bbox 679 5224 700 5257; x_wconf 85' lang='grc'><strong>›</strong></span> <span class='ocrx_word' id='word_1_790' title='bbox 732 5203 998 5277; x_wconf 90' lang='lat' dir='ltr'><strong>lntelligis</strong></span> <span class='ocrx_word' id='word_1_791' title='bbox 1044 5203 1211 5276; x_wconf 89' lang='lat' dir='ltr'><strong>igitur</strong></span> <span class='ocrx_word' id='word_1_792' title='bbox 1249 5202 1517 5274; x_wconf 87' lang='lat' dir='ltr'><strong>justitiam</strong></span> <span class='ocrx_word' id='word_1_793' title='bbox 1550 5198 1645 5252; x_wconf 90' lang='lat' dir='ltr'><strong>illa</strong></span> <span class='ocrx_word' id='word_1_794' title='bbox 1683 5194 1845 5268; x_wconf 90' lang='lat' dir='ltr'><strong>legali</strong></span> <span class='ocrx_word' id='word_1_795' title='bbox 1884 5210 1983 5250; x_wconf 87' lang='lat' dir='ltr'><strong>ex-</strong></span> 
     </span>
    </p>
   </div>
   <div class='ocr_carea' id='block_1_101' title="bbox 401 5290 1982 5368">
    <p class='ocr_par' dir='ltr' id='par_1_101' title="bbox 401 5290 1982 5368">
     <span class='ocr_line' id='line_1_101' title="bbox 401 5290 1982 5368; baseline -0.007 -16"><span class='ocrx_word' id='word_1_796' title='bbox 401 5296 776 5353; x_wconf 89' lang='lat' dir='ltr'><strong>cellentiorem</strong></span> <span class='ocrx_word' id='word_1_797' title='bbox 831 5307 1162 5368; x_wconf 65' lang='lat' dir='ltr'><strong>praeceptam</strong></span> <span class='ocrx_word' id='word_1_798' title='bbox 1214 5308 1337 5350; x_wconf 91' lang='lat' dir='ltr'><strong>esse</strong></span> <span class='ocrx_word' id='word_1_799' title='bbox 1389 5308 1422 5348; x_wconf 92' lang='lat' dir='ltr'><strong>a</strong></span> <span class='ocrx_word' id='word_1_800' title='bbox 1475 5290 1709 5347; x_wconf 88' lang='lat' dir='ltr'><strong>Domino</strong></span> <span class='ocrx_word' id='word_1_801' title='bbox 1756 5294 1947 5344; x_wconf 86' lang='lat' dir='ltr'><strong>nostro</strong></span> <span class='ocrx_word' id='word_1_802' title='bbox 1966 5328 1982 5354; x_wconf 95' lang='lat'><strong>,</strong></span> 
     </span>
    </p>
   </div>
   <div class='ocr_carea' id='block_1_102' title="bbox 401 5372 1986 5460">
    <p class='ocr_par' dir='ltr' id='par_1_102' title="bbox 401 5372 1986 5460">
     <span class='ocr_line' id='line_1_102' title="bbox 401 5372 1986 5460; baseline -0.006 -16"><span class='ocrx_word' id='word_1_803' title='bbox 401 5403 633 5460; x_wconf 89' lang='lat' dir='ltr'><strong>eamque</strong></span> <span class='ocrx_word' id='word_1_804' title='bbox 664 5404 789 5446; x_wconf 92' lang='lat' dir='ltr'><strong>cum</strong></span> <span class='ocrx_word' id='word_1_805' title='bbox 824 5405 946 5446; x_wconf 89' lang='lat' dir='ltr'><strong>esse</strong></span> <span class='ocrx_word' id='word_1_806' title='bbox 992 5372 1501 5459; x_wconf 67' lang='lat' dir='ltr'><strong>praestantissimam</strong></span> <span class='ocrx_word' id='word_1_807' title='bbox 1548 5380 1761 5446; x_wconf 49' lang='lat' dir='ltr'><strong>sciretr</strong></span> <span class='ocrx_word' id='word_1_808' title='bbox 1782 5379 1986 5435; x_wconf 86' lang='lat' dir='ltr'><strong>Paulus</strong></span> 
     </span>
    </p>
   </div>
   <div class='ocr_carea' id='block_1_103' title="bbox 402 5472 1985 5551">
    <p class='ocr_par' dir='ltr' id='par_1_103' title="bbox 402 5472 1985 5551">
     <span class='ocr_line' id='line_1_103' title="bbox 402 5472 1985 5551; baseline -0.003 -19"><span class='ocrx_word' id='word_1_809' title='bbox 402 5478 495 5535; x_wconf 89' lang='lat' dir='ltr'><strong>ille</strong></span> <span class='ocrx_word' id='word_1_810' title='bbox 523 5481 742 5551; x_wconf 88' lang='lat' dir='ltr'><strong>sapiens</strong></span> <span class='ocrx_word' id='word_1_811' title='bbox 770 5480 997 5538; x_wconf 89' lang='lat' dir='ltr'><strong>scribit:</strong></span> <span class='ocrx_word' id='word_1_812' title='bbox 1024 5498 1043 5530; x_wconf 87' lang='grc' dir='ltr'><strong>ι</strong></span> <span class='ocrx_word' id='word_1_813' title='bbox 1071 5478 1131 5533; x_wconf 91' lang='lat' dir='ltr'><strong>Si</strong></span> <span class='ocrx_word' id='word_1_814' title='bbox 1155 5476 1281 5546; x_wconf 91' lang='lat' dir='ltr'><strong>quis</strong></span> <span class='ocrx_word' id='word_1_815' title='bbox 1298 5474 1439 5529; x_wconf 91' lang='lat' dir='ltr'><strong>alius</strong></span> <span class='ocrx_word' id='word_1_816' title='bbox 1463 5473 1685 5529; x_wconf 88' lang='lat' dir='ltr'><strong>videtur</strong></span> <span class='ocrx_word' id='word_1_817' title='bbox 1709 5472 1985 5528; x_wconf 86' lang='lat' dir='ltr'><strong>conlidere</strong></span> 
     </span>
    </p>
   </div>
   <div class='ocr_carea' id='block_1_104' title="bbox 406 5563 1989 5642">
    <p class='ocr_par' dir='ltr' id='par_1_104' title="bbox 406 5563 1989 5642">
     <span class='ocr_line' id='line_1_104' title="bbox 406 5563 1989 5642; baseline -0.005 -17"><span class='ocrx_word' id='word_1_818' title='bbox 406 5569 462 5625; x_wconf 89' lang='lat' dir='ltr'><strong>in</strong></span> <span class='ocrx_word' id='word_1_819' title='bbox 484 5582 671 5636; x_wconf 83' lang='lat' dir='ltr'><strong>carne,</strong></span> <span class='ocrx_word' id='word_1_820' title='bbox 694 5587 797 5642; x_wconf 90' lang='lat' dir='ltr'><strong>ego</strong></span> <span class='ocrx_word' id='word_1_821' title='bbox 825 5570 1018 5641; x_wconf 88' lang='lat' dir='ltr'><strong>magis.</strong></span> <span class='ocrx_word' id='word_1_822' title='bbox 1045 5563 1417 5624; x_wconf 88' lang='lat' dir='ltr'><strong>Circumcisus</strong></span> <span class='ocrx_word' id='word_1_823' title='bbox 1439 5573 1632 5622; x_wconf 89' lang='lat' dir='ltr'><strong>octavo</strong></span> <span class='ocrx_word' id='word_1_824' title='bbox 1663 5565 1773 5633; x_wconf 91' lang='lat' dir='ltr'><strong>die,</strong></span> <span class='ocrx_word' id='word_1_825' title='bbox 1804 5580 1872 5621; x_wconf 81' lang='lat' dir='ltr'><strong>ex</strong></span> <span class='ocrx_word' id='word_1_826' title='bbox 1895 5579 1989 5635; x_wconf 88' lang='lat' dir='ltr'><strong>ge-</strong></span> 
     </span>
    </p>
   </div>
   <div class='ocr_carea' id='block_1_105' title="bbox 476 5678 1640 5753">
    <p class='ocr_par' dir='ltr' id='par_1_105' title="bbox 476 5678 1640 5753">
     <span class='ocr_line' id='line_1_105' title="bbox 476 5678 1640 5753; baseline -0.002 -15"><span class='ocrx_word' id='word_1_827' title='bbox 476 5684 522 5753; x_wconf 51' lang='grc' dir='ltr'><strong>ε’</strong></span> <span class='ocrx_word' id='word_1_828' title='bbox 549 5683 707 5738; x_wconf 84' lang='lat' dir='ltr'><strong>Rom.</strong></span> <span class='ocrx_word' id='word_1_829' title='bbox 732 5699 781 5753; x_wconf 84' lang='grc' dir='ltr'><strong>ι,</strong></span> <span class='ocrx_word' id='word_1_830' title='bbox 810 5683 900 5753; x_wconf 77' lang='lat' dir='ltr'><strong>l6,</strong></span> <span class='ocrx_word' id='word_1_831' title='bbox 942 5683 1029 5737; x_wconf 81' lang='lat' dir='ltr'><strong>l7.</strong></span> <span class='ocrx_word' id='word_1_832' title='bbox 1109 5680 1155 5713; x_wconf 74' lang='lat'>“</span> <span class='ocrx_word' id='word_1_833' title='bbox 1184 5678 1350 5747; x_wconf 79' lang='lat' dir='ltr'><strong>Ibid.,</strong></span> <span class='ocrx_word' id='word_1_834' title='bbox 1400 5681 1465 5737; x_wconf 80' lang='lat' dir='ltr'><strong>l7</strong></span> <span class='ocrx_word' id='word_1_835' title='bbox 1527 5696 1640 5753; x_wconf 88' lang='lat' dir='ltr'><strong>seq.</strong></span> 
     </span>
    </p>
   </div>
   <div class='ocr_carea' id='block_1_106' title="bbox 405 5752 852 5817">
    <p class='ocr_par' dir='ltr' id='par_1_106' title="bbox 405 5752 852 5817">
     <span class='ocr_line' id='line_1_106' title="bbox 405 5752 852 5817; baseline -0.007 -7"><span class='ocrx_word' id='word_1_836' title='bbox 405 5756 451 5787; x_wconf 82' lang='grc'><strong>⁸⁰</strong></span> <span class='ocrx_word' id='word_1_837' title='bbox 475 5752 666 5810; x_wconf 79' lang='lat' dir='ltr'><strong>Matth.</strong></span> <span class='ocrx_word' id='word_1_838' title='bbox 685 5770 738 5817; x_wconf 78' lang='grc' dir='ltr'><strong>ν,</strong></span> <span class='ocrx_word' id='word_1_839' title='bbox 762 5752 852 5809; x_wconf 74' lang='grc'><strong>20.</strong></span> 
     </span>
    </p>
   </div>
   <div class='ocr_carea' id='block_1_107' title="bbox 1737 5672 2186 5746">
    <p class='ocr_par' dir='ltr' id='par_1_107' title="bbox 1737 5672 2186 5746">
     <span class='ocr_line' id='line_1_107' title="bbox 1737 5672 2186 5746; baseline -0.011 -9"><span class='ocrx_word' id='word_1_840' title='bbox 1737 5682 1780 5714; x_wconf 68' lang='grc'><strong>⁸⁷</strong></span> <span class='ocrx_word' id='word_1_841' title='bbox 1816 5672 1983 5736; x_wconf 85' lang='lat' dir='ltr'><strong>Hebr.</strong></span> <span class='ocrx_word' id='word_1_842' title='bbox 2032 5695 2085 5746; x_wconf 87' lang='lat' dir='ltr'><strong>v,</strong></span> <span class='ocrx_word' id='word_1_843' title='bbox 2133 5678 2186 5733; x_wconf 83' lang='lat' dir='ltr'><strong>l.</strong></span> 
     </span>
    </p>
   </div>
   <div class='ocr_carea' id='block_1_108' title="bbox 2079 4545 3675 4622">
    <p class='ocr_par' dir='ltr' id='par_1_108' title="bbox 2079 4545 3675 4622">
     <span class='ocr_line' id='line_1_108' title="bbox 2079 4545 3675 4622; baseline -0.006 -13"><span class='ocrx_word' id='word_1_844' title='bbox 2079 4553 2250 4609; x_wconf 85' lang='grc' dir='ltr'>κακὸν</span> <span class='ocrx_word' id='word_1_845' title='bbox 2281 4553 2376 4607; x_wconf 62' lang='grc' dir='ltr'><strong>καί⁹</strong></span> <span class='ocrx_word' id='word_1_846' title='bbox 2416 4551 2567 4606; x_wconf 86' lang='grc' dir='ltr'>κάτω</span> <span class='ocrx_word' id='word_1_847' title='bbox 2605 4568 2708 4604; x_wconf 75' lang='grc' dir='ltr'><strong>που</strong></span> <span class='ocrx_word' id='word_1_848' title='bbox 2753 4550 2936 4622; x_wconf 86' lang='grc' dir='ltr'>μένειν</span> <span class='ocrx_word' id='word_1_849' title='bbox 2962 4548 3192 4613; x_wconf 74' lang='grc' dir='ltr'>ἐῶντες,</span> <span class='ocrx_word' id='word_1_850' title='bbox 3222 4547 3285 4601; x_wconf 82' lang='grc' dir='ltr'>τὸ</span> <span class='ocrx_word' id='word_1_851' title='bbox 3310 4549 3368 4601; x_wconf 83' lang='grc' dir='ltr'><strong>έν</strong></span> <span class='ocrx_word' id='word_1_852' title='bbox 3403 4545 3675 4618; x_wconf 71' lang='grc' dir='ltr'>ὑπολήψει</span> 
     </span>
    </p>
   </div>
   <div class='ocr_carea' id='block_1_109' title="bbox 2081 4637 3673 4717">
    <p class='ocr_par' dir='ltr' id='par_1_109' title="bbox 2081 4637 3673 4717">
     <span class='ocr_line' id='line_1_109' title="bbox 2081 4637 3673 4717; baseline -0.008 -15"><span class='ocrx_word' id='word_1_853' title='bbox 2081 4646 2416 4717; x_wconf 80' lang='grc' dir='ltr'>φαυλότητος</span> <span class='ocrx_word' id='word_1_854' title='bbox 2438 4644 2533 4698; x_wconf 72' lang='grc' dir='ltr'>καὶ</span> <span class='ocrx_word' id='word_1_855' title='bbox 2557 4643 2784 4715; x_wconf 85' lang='grc' dir='ltr'>βεϐήλου</span> <span class='ocrx_word' id='word_1_856' title='bbox 2811 4640 3094 4713; x_wconf 88' lang='grc' dir='ltr'>βδελυρίας</span> <span class='ocrx_word' id='word_1_857' title='bbox 3109 4640 3208 4693; x_wconf 84' lang='grc' dir='ltr'>οὐκ</span> <span class='ocrx_word' id='word_1_858' title='bbox 3226 4637 3673 4710; x_wconf 84' lang='grc' dir='ltr'>ἀπηλλαγμένον,</span> 
     </span>
    </p>
   </div>
   <div class='ocr_carea' id='block_1_110' title="bbox 2081 4731 3672 4807">
    <p class='ocr_par' dir='ltr' id='par_1_110' title="bbox 2081 4731 3672 4807">
     <span class='ocr_line' id='line_1_110' title="bbox 2081 4731 3672 4807; baseline -0.006 -14"><span class='ocrx_word' id='word_1_859' title='bbox 2081 4741 2168 4795; x_wconf 73' lang='grc' dir='ltr'><strong>ἐπ’</strong></span> <span class='ocrx_word' id='word_1_860' title='bbox 2211 4737 2353 4794; x_wconf 81' lang='grc' dir='ltr'>αὐτὰ</span> <span class='ocrx_word' id='word_1_861' title='bbox 2391 4737 2489 4805; x_wconf 86' lang='grc' dir='ltr'><strong>τῆς</strong></span> <span class='ocrx_word' id='word_1_862' title='bbox 2537 4734 2741 4807; x_wconf 86' lang='grc' dir='ltr'>ἀρετῆς</span> <span class='ocrx_word' id='word_1_863' title='bbox 2786 4731 3212 4805; x_wconf 83' lang='grc' dir='ltr'>ἁναθρώσκομεν</span> <span class='ocrx_word' id='word_1_864' title='bbox 3241 4731 3310 4785; x_wconf 82' lang='grc' dir='ltr'><strong>τὰ</strong></span> <span class='ocrx_word' id='word_1_865' title='bbox 3351 4731 3672 4801; x_wconf 78' lang='grc' dir='ltr'>αὐχήματα.</span> 
     </span>
    </p>
   </div>
   <div class='ocr_carea' id='block_1_111' title="bbox 2087 4821 3673 4901">
    <p class='ocr_par' dir='ltr' id='par_1_111' title="bbox 2087 4821 3673 4901">
     <span class='ocr_line' id='line_1_111' title="bbox 2087 4821 3673 4901; baseline -0.008 -16"><span class='ocrx_word' id='word_1_866' title='bbox 2087 4832 2195 4885; x_wconf 80' lang='grc' dir='ltr'><strong>Καὶ</strong></span> <span class='ocrx_word' id='word_1_867' title='bbox 2229 4828 2360 4901; x_wconf 82' lang='grc' dir='ltr'>γοῦν</span> <span class='ocrx_word' id='word_1_868' title='bbox 2390 4830 2420 4882; x_wconf 93' lang='lat'><strong>6</strong></span> <span class='ocrx_word' id='word_1_869' title='bbox 2447 4826 2654 4900; x_wconf 70' lang='grc' dir='ltr'>Κύριος</span> <span class='ocrx_word' id='word_1_870' title='bbox 2681 4824 2837 4898; x_wconf 85' lang='grc' dir='ltr'>ήμῶν</span> <span class='ocrx_word' id='word_1_871' title='bbox 2875 4823 3083 4897; x_wconf 83' lang='grc' dir='ltr'>Ἰησοῦς</span> <span class='ocrx_word' id='word_1_872' title='bbox 3107 4821 3364 4894; x_wconf 83' lang='grc' dir='ltr'>Χριστὸς,</span> <span class='ocrx_word' id='word_1_873' title='bbox 3397 4841 3416 4873; x_wconf 78' lang='grc' dir='ltr'><strong>ι</strong></span> <span class='ocrx_word' id='word_1_874' title='bbox 3473 4821 3673 4894; x_wconf 80' lang='grc' dir='ltr'>Ἀμὴν,</span> 
     </span>
    </p>
   </div>
   <div class='ocr_carea' id='block_1_112' title="bbox 2087 4911 3677 4994">
    <p class='ocr_par' dir='ltr' id='par_1_112' title="bbox 2087 4911 3677 4994">
     <span class='ocr_line' id='line_1_112' title="bbox 2087 4911 3677 4994; baseline -0.008 -17"><span class='ocrx_word' id='word_1_875' title='bbox 2087 4921 2234 4994; x_wconf 83' lang='grc' dir='ltr'>ἀμὴν</span> <span class='ocrx_word' id='word_1_876' title='bbox 2247 4920 2392 4990; x_wconf 87' lang='grc' dir='ltr'>λέγω</span> <span class='ocrx_word' id='word_1_877' title='bbox 2413 4920 2562 4990; x_wconf 86' lang='grc' dir='ltr'>ὑμῖν,</span> <span class='ocrx_word' id='word_1_878' title='bbox 2589 4917 2684 4971; x_wconf 76' lang='grc' dir='ltr'><strong>ἐὰν</strong></span> <span class='ocrx_word' id='word_1_879' title='bbox 2708 4917 2782 4989; x_wconf 83' lang='grc' dir='ltr'>μὴ</span> <span class='ocrx_word' id='word_1_880' title='bbox 2806 4914 3174 4987; x_wconf 88' lang='grc' dir='ltr'>περισσεύσει,</span> <span class='ocrx_word' id='word_1_881' title='bbox 3197 4913 3382 4984; x_wconf 77' lang='grc' dir='ltr'>φησὶν,</span> <span class='ocrx_word' id='word_1_882' title='bbox 3408 4912 3442 4983; x_wconf 86' lang='grc' dir='ltr'><strong>ή</strong></span> <span class='ocrx_word' id='word_1_883' title='bbox 3464 4911 3677 4965; x_wconf 82' lang='grc' dir='ltr'>δικαιο-</span> 
     </span>
    </p>
   </div>
   <div class='ocr_carea' id='block_1_113' title="bbox 2090 5002 3675 5083">
    <p class='ocr_par' dir='ltr' id='par_1_113' title="bbox 2090 5002 3675 5083">
     <span class='ocr_line' id='line_1_113' title="bbox 2090 5002 3675 5083; baseline -0.006 -17"><span class='ocrx_word' id='word_1_884' title='bbox 2090 5010 2429 5083; x_wconf 14' lang='grc' dir='ltr'>σύνηγύμῶν,</span> <span class='ocrx_word' id='word_1_885' title='bbox 2468 5009 2630 5062; x_wconf 86' lang='grc' dir='ltr'>πλέον</span> <span class='ocrx_word' id='word_1_886' title='bbox 2663 5006 2773 5061; x_wconf 82' lang='grc' dir='ltr'>τῶν</span> <span class='ocrx_word' id='word_1_887' title='bbox 2799 5006 3179 5079; x_wconf 87' lang='grc' dir='ltr'>Γραμματέων</span> <span class='ocrx_word' id='word_1_888' title='bbox 3218 5005 3313 5059; x_wconf 75' lang='grc' dir='ltr'>καὶ</span> <span class='ocrx_word' id='word_1_889' title='bbox 3339 5002 3675 5076; x_wconf 72' lang='grc' dir='ltr'>Φαρισαίων,</span> 
     </span>
    </p>
   </div>
   <div class='ocr_carea' id='block_1_114' title="bbox 2089 5082 3671 5175">
    <p class='ocr_par' dir='ltr' id='par_1_114' title="bbox 2089 5082 3671 5175">
     <span class='ocr_line' id='line_1_114' title="bbox 2089 5082 3671 5175; baseline -0.006 -17"><span class='ocrx_word' id='word_1_890' title='bbox 2089 5082 2149 5158; x_wconf 71' lang='grc' dir='ltr'><strong>οῦ</strong></span> <span class='ocrx_word' id='word_1_891' title='bbox 2300 5102 2592 5174; x_wconf 79' lang='grc' dir='ltr'>είσὲλθητε,</span> <span class='ocrx_word' id='word_1_892' title='bbox 2619 5102 2699 5164; x_wconf 75' lang='grc' dir='ltr'>εἰς</span> <span class='ocrx_word' id='word_1_893' title='bbox 2730 5099 2828 5170; x_wconf 79' lang='grc' dir='ltr'>τὴν</span> <span class='ocrx_word' id='word_1_894' title='bbox 2875 5097 3155 5169; x_wconf 84' lang='grc' dir='ltr'>βασιλείαν</span> <span class='ocrx_word' id='word_1_895' title='bbox 3178 5097 3294 5150; x_wconf 82' lang='grc' dir='ltr'><strong>τῶν</strong></span> <span class='ocrx_word' id='word_1_896' title='bbox 3331 5094 3596 5166; x_wconf 79' lang='grc' dir='ltr'>οὐρανῶν.</span> <span class='ocrx_word' id='word_1_897' title='bbox 3648 5114 3671 5149; x_wconf 74' lang='grc' dir='ltr'><strong>ι</strong></span> 
     </span>
    </p>
   </div>
   <div class='ocr_carea' id='block_1_115' title="bbox 2090 5185 3674 5263">
    <p class='ocr_par' dir='ltr' id='par_1_115' title="bbox 2090 5185 3674 5263">
     <span class='ocr_line' id='line_1_115' title="bbox 2090 5185 3674 5263; baseline -0.005 -16"><span class='ocrx_word' id='word_1_898' title='bbox 2090 5192 2284 5263; x_wconf 86' lang='grc' dir='ltr'>Συνίης</span> <span class='ocrx_word' id='word_1_899' title='bbox 2314 5186 2409 5245; x_wconf 81' lang='grc' dir='ltr'>οὖν</span> <span class='ocrx_word' id='word_1_900' title='bbox 2437 5191 2518 5244; x_wconf 82' lang='grc' dir='ltr'>ὅτι</span> <span class='ocrx_word' id='word_1_901' title='bbox 2551 5191 2651 5261; x_wconf 81' lang='grc' dir='ltr'>τὴν</span> <span class='ocrx_word' id='word_1_902' title='bbox 2680 5188 2940 5242; x_wconf 75' lang='grc' dir='ltr'>ἐπέκεινα</span> <span class='ocrx_word' id='word_1_903' title='bbox 2962 5189 3060 5258; x_wconf 89' lang='grc' dir='ltr'><strong>τῆς</strong></span> <span class='ocrx_word' id='word_1_904' title='bbox 3093 5186 3235 5241; x_wconf 82' lang='grc' dir='ltr'>κατά</span> <span class='ocrx_word' id='word_1_905' title='bbox 3268 5186 3432 5257; x_wconf 89' lang='grc' dir='ltr'>νόμον</span> <span class='ocrx_word' id='word_1_906' title='bbox 3455 5185 3674 5239; x_wconf 77' lang='grc' dir='ltr'>ἑλέσθαι</span> 
     </span>
    </p>
   </div>
   <div class='ocr_carea' id='block_1_116' title="bbox 2090 5278 3676 5356">
    <p class='ocr_par' dir='ltr' id='par_1_116' title="bbox 2090 5278 3676 5356">
     <span class='ocr_line' id='line_1_116' title="bbox 2090 5278 3676 5356; baseline -0.007 -15"><span class='ocrx_word' id='word_1_907' title='bbox 2090 5284 2439 5355; x_wconf 85' lang='grc' dir='ltr'>δικαιοσύνην</span> <span class='ocrx_word' id='word_1_908' title='bbox 2467 5283 2829 5356; x_wconf 86' lang='grc' dir='ltr'>προστέταχεν</span> <span class='ocrx_word' id='word_1_909' title='bbox 2857 5282 2886 5333; x_wconf 91' lang='lat'><strong>6</strong></span> <span class='ocrx_word' id='word_1_910' title='bbox 2915 5280 3127 5352; x_wconf 82' lang='grc' dir='ltr'>Σωτὴρ,</span> <span class='ocrx_word' id='word_1_911' title='bbox 3154 5280 3249 5334; x_wconf 70' lang='grc' dir='ltr'>καὶ</span> <span class='ocrx_word' id='word_1_912' title='bbox 3269 5278 3492 5350; x_wconf 77' lang='grc' dir='ltr'>ἄριστόν</span> <span class='ocrx_word' id='word_1_913' title='bbox 3524 5295 3589 5346; x_wconf 91' lang='grc' dir='ltr'><strong>γε</strong></span> <span class='ocrx_word' id='word_1_914' title='bbox 3612 5278 3676 5331; x_wconf 78' lang='grc' dir='ltr'>τὸ</span> 
     </span>
    </p>
   </div>
   <div class='ocr_carea' id='block_1_117' title="bbox 2091 5370 3677 5453">
    <p class='ocr_par' dir='ltr' id='par_1_117' title="bbox 2091 5370 3677 5453">
     <span class='ocr_line' id='line_1_117' title="bbox 2091 5370 3677 5453; baseline -0.023 8"><span class='ocrx_word' id='word_1_915' title='bbox 2091 5379 2280 5453; x_wconf 58' lang='lat' dir='ltr'><strong>Mt”</strong></span> <span class='ocrx_word' id='word_1_916' title='bbox 2307 5376 2464 5441; x_wconf 68' lang='grc' dir='ltr'>εἰδὼς</span> <span class='ocrx_word' id='word_1_917' title='bbox 2499 5379 2530 5430; x_wconf 78' lang='grc' dir='ltr'>ὁ</span> <span class='ocrx_word' id='word_1_918' title='bbox 2564 5374 2725 5444; x_wconf 79' lang='grc' dir='ltr'>σοφὸς</span> <span class='ocrx_word' id='word_1_919' title='bbox 2753 5373 2956 5445; x_wconf 81' lang='grc' dir='ltr'>γράφει</span> <span class='ocrx_word' id='word_1_920' title='bbox 2991 5372 3225 5436; x_wconf 78' lang='grc' dir='ltr'>Παῦλοςο</span> <span class='ocrx_word' id='word_1_921' title='bbox 3264 5390 3282 5423; x_wconf 76' lang='grc' dir='ltr'><strong>ι</strong></span> <span class='ocrx_word' id='word_1_922' title='bbox 3319 5370 3388 5425; x_wconf 81' lang='lat' dir='ltr'><strong>Ei&#39;</strong></span> <span class='ocrx_word' id='word_1_923' title='bbox 3416 5387 3501 5435; x_wconf 85' lang='grc' dir='ltr'><strong>τις</strong></span> <span class='ocrx_word' id='word_1_924' title='bbox 3525 5371 3677 5424; x_wconf 86' lang='grc' dir='ltr'>δοκεῖ</span> 
     </span>
    </p>
   </div>
   <div class='ocr_carea' id='block_1_118' title="bbox 2092 5461 3675 5538">
    <p class='ocr_par' dir='ltr' id='par_1_118' title="bbox 2092 5461 3675 5538">
     <span class='ocr_line' id='line_1_118' title="bbox 2092 5461 3675 5538; baseline -0.009 -9"><span class='ocrx_word' id='word_1_925' title='bbox 2092 5472 2251 5536; x_wconf 77' lang='grc' dir='ltr'>ἄλλος</span> <span class='ocrx_word' id='word_1_926' title='bbox 2279 5468 2597 5525; x_wconf 83' lang='grc' dir='ltr'>πεποιθέναι</span> <span class='ocrx_word' id='word_1_927' title='bbox 2643 5469 2702 5521; x_wconf 75' lang='grc' dir='ltr'>ὲν</span> <span class='ocrx_word' id='word_1_928' title='bbox 2747 5465 2945 5538; x_wconf 81' lang='grc' dir='ltr'>σαρκὶ,</span> <span class='ocrx_word' id='word_1_929' title='bbox 2978 5463 3090 5533; x_wconf 79' lang='grc' dir='ltr'><strong>ἐγὼ</strong></span> <span class='ocrx_word' id='word_1_930' title='bbox 3131 5463 3352 5536; x_wconf 84' lang='grc' dir='ltr'>μᾶλλον.</span> <span class='ocrx_word' id='word_1_931' title='bbox 3396 5461 3675 5533; x_wconf 84' lang='grc' dir='ltr'>Περιτομὴ</span> 
     </span>
    </p>
   </div>
   <div class='ocr_carea' id='block_1_119' title="bbox 2095 5552 3675 5635">
    <p class='ocr_par' dir='ltr' id='par_1_119' title="bbox 2095 5552 3675 5635">
     <span class='ocr_line' id='line_1_119' title="bbox 2095 5552 3675 5635; baseline -0.01 -17"><span class='ocrx_word' id='word_1_932' title='bbox 2095 5563 2457 5635; x_wconf 85' lang='grc' dir='ltr'>ὀκταήμερος,</span> <span class='ocrx_word' id='word_1_933' title='bbox 2506 5559 2572 5611; x_wconf 84' lang='grc' dir='ltr'>ὲκ</span> <span class='ocrx_word' id='word_1_934' title='bbox 2596 5557 2787 5625; x_wconf 87' lang='grc' dir='ltr'>γένους</span> <span class='ocrx_word' id='word_1_935' title='bbox 2855 5554 3070 5626; x_wconf 81' lang='grc' dir='ltr'>Ἰσραὴλ</span> <span class='ocrx_word' id='word_1_936' title='bbox 3092 5595 3108 5619; x_wconf 92' lang='grc'><strong>,</strong></span> <span class='ocrx_word' id='word_1_937' title='bbox 3163 5553 3338 5624; x_wconf 81' lang='grc' dir='ltr'>φυλῆς</span> <span class='ocrx_word' id='word_1_938' title='bbox 3390 5552 3675 5622; x_wconf 74' lang='grc' dir='ltr'>Βενιαμὶν,</span> 
     </span>
    </p>
   </div>
   <div class='ocr_carea' id='block_1_120' title="bbox 2284 5665 3667 5739">
    <p class='ocr_par' dir='ltr' id='par_1_120' title="bbox 2284 5665 3667 5739">
     <span class='ocr_line' id='line_1_120' title="bbox 2284 5665 3667 5739; baseline -0.009 -8"><span class='ocrx_word' id='word_1_939' title='bbox 2284 5675 2330 5711; x_wconf 73' lang='grc'><strong>⁵⁸</strong></span> <span class='ocrx_word' id='word_1_940' title='bbox 2355 5675 2511 5732; x_wconf 80' lang='lat' dir='ltr'><strong>Rom.</strong></span> <span class='ocrx_word' id='word_1_941' title='bbox 2550 5687 2630 5739; x_wconf 87' lang='lat' dir='ltr'><strong>ul,</strong></span> <span class='ocrx_word' id='word_1_942' title='bbox 2686 5668 2772 5734; x_wconf 72' lang='lat' dir='ltr'><strong>l9,</strong></span> <span class='ocrx_word' id='word_1_943' title='bbox 2800 5667 2889 5724; x_wconf 75' lang='lat'><strong>20.</strong></span> <span class='ocrx_word' id='word_1_944' title='bbox 2967 5668 3012 5701; x_wconf 74' lang='lat'><strong><em>“</em></strong></span> <span class='ocrx_word' id='word_1_945' title='bbox 3046 5665 3217 5723; x_wconf 77' lang='lat' dir='ltr'><strong>Exod.</strong></span> <span class='ocrx_word' id='word_1_946' title='bbox 3249 5682 3339 5733; x_wconf 69' lang='lat' dir='ltr'><strong>xx,</strong></span> <span class='ocrx_word' id='word_1_947' title='bbox 3402 5665 3468 5720; x_wconf 75' lang='grc' dir='ltr'>ιδ</span> <span class='ocrx_word' id='word_1_948' title='bbox 3516 5680 3667 5735; x_wconf 82' lang='lat' dir='ltr'><strong>seqq.</strong></span> 
     </span>
    </p>
   </div>
  </div>
