3968 6300
162 3557 193 3571 ἰιι

221 358 328 416 2P7

969 357 1058 413 DE
1097 354 1543 413 ADORATIONE
1583 354 1653 410 IN
1693 352 1824 409 SP1!

1928 349 1964 406 υ
2007 349 2095 404 ΕΤ
2139 344 2510 404 νΕιιιΤΑΤΕ.
2547 345 2676 402 LIB.
2718 342 2781 401 II.

3387 330 3492 387 21-8

228 477 480 548 Ἐϐραῖος
502 475 565 542 ἐξ
605 475 889 549 Ἐϐραίων,
937 476 1079 531 κατὰ
1113 474 1278 547 νόμον
1315 476 1631 546 Φαρισαῖος,
1662 474 1804 528 κατὰ

1928 484 2037 524 iere
2076 467 2269 532 Israel,
2312 481 2381 521 ex
2423 463 2573 519 tribu
2612 458 2928 549 Benjamin,
2958 456 3234 517 Hebraeus,-
3267 466 3337 507 ει
3382 449 3490 504 lle—

218 567 377 642 ζῆλον
398 567 612 623 διώκων
646 570 746 641 τὴν
780 569 1131 640 Ἐκκλησίαν,
1159 568 1303 622 κατὰ
1326 566 1677 638 δικαιοσύνην
1705 566 1833 638 τὴν.

219 664 283 716 ἐν
316 662 468 733 νόμῳ
491 661 784 732 γενόμενος
821 661 1132 733 ἄμεμπτος.
1168 661 1364 714 ’Δτινα
1392 654 1461 732 ἦν
1497 677 1587 731 μοι
1612 657 1800 729 κέρδη,

217 755 393 811 ταῦτα
431 756 650 827 ἥγημαι
679 753 770 808 διὰ
803 755 897 807 τὸν
935 752 1170 825 Χριστὸν
1215 751 1443 823 ζημίαν.
1503 749 1663 805 Ἀλλὰ
1706 750 1806 821 μὲν

218 843 313 902 οὖν
336 865 401 918 γε
424 847 667 919 ἡγοῦμαι
695 846 766 901 τὰ
796 846 977 901 πάντα
1007 845 1214 918 ζημίαν
1247 841 1406 908 εἶναι,
1435 842 1526 899 διὰ
1552 842 1614 897 τὸ
1639 842 1807 913 ὑπερ-

220 941 341 1011 έχον
370 938 473 1009 τῆς
498 937 755 1008 γνώσεως
793 937 968 1009 Ἰησοῦ
998 936 1237 1012 Χριστοῦ
1263 934 1358 993 τοῦ
1388 934 1599 1008 Κυρίου
1624 934 1802 1006 ἡμῶν·

218 1031 288 1084 δι’
323 1030 384 1085 δν
428 1030 497 1086 τὰ
530 1029 709 1085 πάντα
746 1028 1092 1102 ἐζημιώθην·
1136 1030 1233 1085 καὶ
1278 1026 1520 1100 ἠγοῦμαι
1564 1026 1808 1082 σκύϐαλα

219 1118 383 1186 εἶναι,
418 1122 504 1175 ίνα
536 1120 770 1194 Χριστὸν
794 1120 1066 1194 κερδήσω,
1097 1119 1192 1174 καὶ
1226 1119 1438 1191 εὑρεθῶ
1467 1121 1527 1173 ἐν
1554 1118 1703 1191 αὐτῷ
1732 1119 1806 1191 μὴ

218 1213 361 1285 ἔχων
393 1214 533 1286 ἐμὴν
571 1214 927 1285 δικαιοσύνην
957 1214 1057 1285 τὴν
1087 1216 1152 1269 ἐκ
1184 1213 1377 1284 νόμου,
1421 1212 1564 1268 ἀλλὰ
1586 1212 1686 1283 τὴν
1719 1211 1811 1267 διὰ

219 1311 459 1375 πίστεως
487 1308 746 1383 Χριστοῦ.
779 1329 803 1363 ι

299 1566 509 1622 ΠᾹΛΔ.
556 1566 788 1638 Συνίημι
841 1567 962 1639 μὲν,
1005 1568 1183 1640 σαφὴς
1229 1566 1339 1639 γὰρ
1379 1570 1408 1622 6
1443 1568 1621 1637 λόγος’
1669 1569 1810 1640 πλὴν

219 1662 402 1714 ἐκεῖνο
429 1660 658 1731 φράσον.
681 1660 747 1715 Τί
771 1660 846 1733 μὴ
870 1661 1068 1733 μᾶλλον
1092 1663 1149 1716 ἐν
1172 1662 1368 1733 ἀρχαῖς
1398 1662 1430 1730 ἠ
1458 1661 1548 1715 διὰ
1576 1662 1811 1727 πίστεως

219 1752 356 1822 ἡμῖν
382 1750 722 1824 δικαιοσύνη,
756 1751 851 1808 καὶ
889 1754 919 1806 6
947 1753 1064 1806 κατ’
1091 1752 1259 1824 αὐτὴν
1288 1752 1561 1824 ἁγιασμὸς
1587 1752 1813 1806 ἐθεσπί-

1905 555 2088 621 bracis,
2116 552 2420 610 secundum
2444 551 2621 622 legem
2643 546 2973 611 Pharisaaus,
2995 544 3300 600 secundum
3325 553 3494 597 annua

1906 648 2170 704 lationem
2222 659 2560 718 persequens
2606 640 2933 703 Ecclesiam,
2978 636 3283 693 secundum
3325 630 3494 703 justi-

1907 738 2042 794 tiam
2069 736 2174 808 53
2204 751 2328 819 qna;
2374 734 2432 789 in
2467 734 2586 804 lege
2623 739 2729 795 est,
2772 727 2893 783 sine
2925 723 3173 796 querela.
3222 720 3330 775 Sed
3372 735 3497 789 qua

1907 831 2044 887 mihi
2092 830 2319 885 fuerunt
2364 827 2552 890 lucra,
2588 824 2705 879 hrec
2748 820 3051 875 arbitratus
3101 828 3223 869 sum
3270 819 3496 881 propter

1907 923 2187 981 Christum
2217 918 2566 975 detrimenta.
2595 916 2801 971 Verum
2826 911 2991 967 etiam
3013 906 3267 964 existimo
3310 902 3496 956 omnia

1909 1015 2305 1072 detrimentum
2347 1025 2503 1074 esse,
2554 1016 2779 1079 propter
2824 1003 3158 1060 eminentem
3211 993 3497 1052 scientiam

1908 1108 2038 1165 Jesu
2062 1102 2269 1160 Christi
2304 1099 2522 1156 Domini
2565 1098 2773 1163 nostri;
2804 1103 3031 1166 propter
3056 1103 3220 1161 quem
3250 1084 3500 1141 omnium

1912 1197 2315 1255 detrimentum
2338 1191 2464 1258 feci,
2495 1197 2552 1246 et
2586 1189 2826 1245 arbitror
2857 1194 2920 1242 ut
2948 1194 3212 1244 stercora,
3249 1187 3313 1233 ut
3337 1175 3500 1232 Chri-

1911 1298 2058 1345 stum
2102 1285 2464 1349 lucril‘aciam,
2511 1292 2571 1338 et
2614 1278 2865 1335 inveniar
2909 1276 2966 1330 in
3002 1275 3096 1329 illo
3133 1288 3251 1327 non
3290 1268 3502 1324 habens

1912 1394 2090 1435 meam
2113 1376 2404 1449 justitiam,
2432 1389 2556 1446 quae
2586 1388 2656 1427 ex
2698 1371 2816 1442 lege
2844 1374 2963 1433 est,
2998 1364 3095 1421 sed
3135 1377 3258 1433 quae
3292 1369 3377 1416 est
3401 1373 3501 1429 per

1913 1471 2077 1527 ﬁdem
2103 1468 2307 1526 Christi
2341 1468 2420 1521 δι..
2447 1486 2466 1519 ι

1983 1556 2180 1614 PALL.
2217 1555 2471 1626 Intelligo
2500 1554 2662 1625 plane
2690 1571 2702 1605 :
2733 1558 2923 1622 aperta
2954 1548 3104 1604 enim
3146 1561 3207 1600 es
3251 1541 3501 1598 oratione

1914 1664 2067 1705 usus.
2112 1646 2252 1703 Illud
2296 1655 2480 1702 tamen
2508 1645 2750 1715 explices
2792 1641 2958 1696 velim
2990 1657 3002 1693 :
3032 1638 3091 1692 Si
3122 1635 3191 1690 ad
3220 1631 3502 1688 hominem

1915 1738 2313 1813 perﬁciendum
2340 1754 2454 1793 non
2492 1736 2627 1792 satis
2654 1744 2773 1790 erat
2814 1732 3040 1801 antiqua
3072 1728 3180 1792 lex,
3205 1741 3303 1780 cur
3330 1737 3439 1778 non
3472 1735 3524 1774 a.

218 1841 369 1908 ζετο,
397 1844 556 1917 εῐπερ
583 1823 695 1898 ούκ
710 1842 926 1916 ἀπόχρη
952 1845 1033 1907 είς
1062 1823 1343 1898 τελείωσιν
1363 1846 1392 1898 6
1420 1843 1585 1898 πάλαι
1612 1843 1811 1915 νόμος;

1928 1831 2188 1903 principio
2231 1828 2416 1900 potius
2444 1826 2660 1899 justitia
2708 1842 2807 1895 per
2858 1823 3053 1887 ﬁdem,
3106 1826 3165 1872 et
3200 1831 3323 1886 quae
3346 1829 3414 1869 ex
3438 1828 3505 1866 ea

286 2025 462 2084 ΚΥΡ.
505 2027 650 2088 Ὅτι.
695 2020 741 2080 ὦ
784 2028 1002 2099 ἑταῖρε,
1041 2026 1209 2098 φαίην
1234 2026 1323 2093 ἂν,
1364 2025 1679 2091 ἀπονίζεται
1713 2026 1813 2096 μὲν

221 2118 453 2182 εἰκότως
489 2117 552 2171 τὸ
583 2118 810 2190 ρυποῦν,
849 2119 1235 2190 ἀποσμήχεται
1261 2118 1319 2172 δὲ
1355 2118 1416 2171 τὸ
1462 2116 1813 2190 μεμολυσμέσ

219 2225 335 2274 νον,
378 2209 479 2263 καὶ
526 2209 1022 2283 καταφαιδρύνεται
1064 2211 1125 2264 τὸ
1167 2209 1576 2280 ἐσκοτωμένον·
1615 2208 1813 2281 πρέποι
1849 2222 1856 2229 ·

218 2302 264 2356 δ’
296 2302 388 2367 ἂν,
413 2296 590 2373 οἶμαι,
615 2302 758 2356 κατὰ
785 2302 887 2373 τὴν
911 2302 1004 2356 τοῦ
1023 2302 1275 2374 Σωτῆρος
1299 2301 1817 2374 φωνὴννθεραπεύε-

220 2393 353 2449 σθαι
390 2394 493 2467 μὲν
538 2393 600 2448 τὸ
627 2394 1021 2466 ὴῤῥωστηκὸς,
1049 2395 1333 2449 καλεῖσθαι
1371 2395 1431 2449 δέ
1469 2395 1607 2467 πρὸς
1646 2395 1815 2466 μετά-

221 2499 455 2553 γνωσιν,
479 2482 602 2555 οὐχὶ
627 2485 755 2547 τοὺς
775 2482 1163 2556 ἡγιασμένους,
1183 2484 1323 2538 ἀλλὰ
1342 2487 1471 2548 τοὺς
1494 2487 1614 2550 ταῖς
1638 2488 1819 2558 ἁμαρ-

220 2574 369 2638 τίαις
376 2572 613 2645 ἐπηχθισ
619 2573 830 2645 μένους.
849 2566 927 2628 Ἦ
942 2574 1050 2644 γὰρ
1064 2573 1185 2645 οὐχὶ
1204 2575 1689 2646 προκαταγινώσκε
1696 2576 1818 2630 σθαι

223 2666 335 2738 χρὴ
356 2665 487 2729 τοὺς
507 2665 877 2737 καλουμένους
903 2667 990 2730 είς
1012 2666 1227 2736 ἄφεσιν,
1261 2668 1355 2720 καὶ
1385 2666 1451 2720 ἐκ
1473 2667 1572 2737 τῆς
1593 2667 1821 2736 ἐνούσης

1911 1921 2144 1986 exsistit,
2172 1918 2531 1975 sanctiﬁcatio
2560 1917 2770 1972 sancita
2793 1914 2897 1982 siti?

1980 2015 2138 2070 ΟΥΕ.
2172 2012 2313 2080 Quia
2360 2021 2538 2075 certe,
2584 2007 2826 2071 Palladi,
2877 2005 2931 2059 id
2980 1996 3502 2059 convenientissime

1913 2106 2158 2161 abluitur
2181 2103 2329 2176 quod
2371 2101 2714 2158 sordidatum
2739 2106 2858 2165 est;
2901 2096 2957 2150 id
2992 2092 3324 2162 abstergitur
3355 2085 3505 2157 quod

1913 2208 2000 2255 est
2030 2198 2412 2269 inquinatum;
2441 2193 2497 2249 id
2525 2194 2833 2248 illustratur
2879 2188 2967 2243 cui
3017 2184 3257 2240 tenebrae
3277 2185 3409 2235 sunt
3427 2176 3509 2231 of-

1915 2290 2072 2345 fusae.
2115 2268 2354 2360 Equum
2387 2293 2473 2341 est
2508 2293 2716 2349 autem,
2750 2281 2965 2352 opinor,
3004 2279 3159 2349 juxta
3207 2268 3509 2328 Salvatoris

1916 2375 2091 2431 nostri
2114 2391 2305 2430 vocem
2332 2373 2513 2429 curari
2549 2372 2697 2442 quod
2740 2369 3018 2424 inﬁrmum
3040 2366 3112 2421 sit
3128 2383 3149 2432 -,
3166 2360 3353 2418 vocari
3376 2373 3510 2413 vero

1918 2469 1987 2524 ad
2024 2468 2427 2539 penitentiam,
2467 2482 2579 2520 non
2606 2480 2703 2519 eos
2739 2462 2836 2534 qui
2875 2456 3198 2516 sanctiﬁcati
3232 2461 3380 2518 sunt,
3411 2450 3508 2506 sed

1920 2563 2015 2634 qui
2056 2569 2280 2634 propter
2322 2569 2546 2631 peccata
2578 2557 2691 2612 sint
2733 2552 2897 2608 invisi
2933 2553 3000 2603 δ’.
3040 2550 3123 2604 Αιι
3165 2561 3293 2601 vero
3321 2540 3511 2612 negari

1920 2664 2101 2727 potest
2147 2655 2281 2725 quin
2329 2653 2496 2708 fuerit
2529 2665 2690 2722 opus,
2740 2647 2836 2717 qui
2884 2643 2953 2699 ad
2999 2637 3343 2697 remissionis
3382 2651 3509 2707 gra-

441 2729 724 2821 ὰσθενείας
738 2729 1237 2822 κεκινδυνευκότας
1254 2797 1269 2823 ,
1297 2729 1538 2829 ὁρᾶσθαι.
1554 2729 1823 2829 λελυτρωξ

1928 2750 2055 2803 tiam
2070 2757 2420 2813 vocarentur,
2439 2761 2537 2802 eos
2565 2752 2692 2799 ante
2712 2735 3102 2801 condemnari,
3127 2741 3189 2789 ut
3208 2747 3333 2788 cum
3357 2729 3513 2800 prius

231 2820 464 2917 μένους
491 2846 639 2900 Ἔδει
661 2845 953 2918 τοιγαροῦν
977 2846 1195 2919 ἔλεγχον
1419 2846 1552 2902 τινὰ
1568 2821 1663 2902 καὶ
1687 2820 1823 2903 κατ-

1928 2850 2148 2912 propter
2172 2838 2547 2894 inﬁrmitatem
2573 2851 2694 2906 qua:
2716 2836 2774 2888 in
2798 2832 2907 2887 illis
2934 2835 3101 2891 esset,
3126 2825 3183 2879 in
3204 2820 3398 2878 salutis
3418 2835 3514 2890 pc—

230 2912 434 3010 ηγορον
480 2937 686 3011 ἀκριϐῆ
889 2912 1147 2994 ἁπάντων
1192 2912 1512 3004 ἀσθενείας,
1572 2940 1667 2995 τὸν
1724 2941 1824 3012 τῆς

1928 2933 2161 2987 riculum
2190 2931 2490 2995 venissent,
2526 2935 2640 3003 tum
2671 2925 2911 2994 denique
2949 2917 3219 2988 redempti
3256 2912 3512 2969 videren-

231 3004 515 3103 ἁμαρτίας
547 3004 817 3086 δεικτικὸν
845 3032 1352 3104 προαναφαίνεσθαι
1383 3032 1570 3104 νόμον,
1614 3034 1701 3088 ἵνα

1928 3026 2053 3081 tur?
2119 3024 2388 3091 Quocirca
2435 3036 2664 3076 necesse
2731 3017 2836 3073 fuit
2882 3015 3035 3071 velut
3080 3004 3514 3078 redargutricem

233 3094 543 3194 της-θείας
592 3124 725 3195 ἡμῖν
774 3094 1115 3196 ἡμερότητος
1163 3124 1265 3194 τῆς
1317 3124 1406 3178 διὰ
1448 3094 1682 3196 Ξζριστοῦ
1745 3124 1820 3197 μὴ

1929 3116 2244 3187 quamdam,
2277 3122 2335 3171 et
2375 3110 2850 3182 diligentissimam
2894 3099 3231 3160 inﬁrmitatis
3267 3094 3514 3151 omnium

234 3181 500 3287 ἀγνοῆται
528 3215 591 3269 τὸ
613 3181 872 3288 μέγεθος.
892 3181 1026 3289 ’Ποῦῖ
1043 3181 1152 3289 γαρ
1180 3181 1357 3288 ηπῶς
1389 3219 1422 3289 ἡ
1445 3181 1543 3288 της
1572 3181 1822 3286 ἀφέσεωςἶ

1928 3208 2316 3265 accusatricem
2348 3204 2682 3275 promulgari
2716 3201 2893 3270 legem
2921 3211 3043 3252 eam
3082 3190 3173 3247 cui
3214 3189 3298 3243 vis
3326 3194 3515 3240 osten-

235 3309 419 3382 χάρις,
447 3310 497 3363 εί
530 3309 612 3381 μὴ
644 3309 931 3363 ύποκὲοιτο
977 3310 1047 3365 τὰ
1084 3310 1445 3382 ἐγκλήματα;
1490 3311 1599 3365 Καὶ
1630 3314 1679 3365 εἰ
1718 3313 1824 3384 χρὴ

239 3401 711 3472 βραχυλογοῦντας
740 3403 834 3456 καὶ
867 3401 961 3455 ἐπί
999 3420 1163 3457 τινων
1191 3403 1434 3477 ἀρχαίων
1467 3405 1826 3476 διηγημάτων

239 3492 544 3563 ἁναπηδᾷν,
571 3492 682 3565 ἐρῶ
705 3493 887 3558 πάλιν,
929 3495 1013 3548 ὅτι
1046 3495 1123 3566 τῷ
1152 3496 1273 3567 μὲν-
1302 3495 1561 3568 Ἀϐραὰμ
1591 3497 1827 3567 ἐπηγέλ-

238 3585 361 3638 λετο
394 3584 426 3636 6
459 3585 593 3649 Θεὸς
618 3586 718 3658 τὴν
750 3586 840 3640 διὰ
868 3586 1103 3650 πίστεως
1134 3587 1317 3659 χάρινο
1361 3588 1457 3641 καὶ
1488 3588 1738 3659 καθάπερ
1770 3588 1828 3641 ἐν

239 3678 467 3750 ἁπαρχῇ
509 3676 619 3731 τῶν
688 3677 1007 3751 ὴλεημένων
1033 3718 1050 3746 ,
1115 3682 1173 3734 ἐν
1240 3679 1390 3751 αὐτῷ
1449 3680 1830 3751 πρεσϐυτέραν

242 3769 479 3822 ἐποιεῖτο
532 3767 628 3823 τοῦ
657 3769 824 3839 νόμου
855 3769 957 3842 τὴν
997 3771 1058 3837 ἐξ
1095 3770 1432 3844 ἡμερότητος
1468 3772 1684 3843 ἄφεσιν.
1735 3772 1831 3826 Γέ-

243 3876 486 3932 γραπται
515 3861 658 3933 γὰρ,
686 3862 769 3916 ὅτι
791 3905 806 3929 ,
835 3880 854 3915 ι
891 3862 1240 3917 Ἐπίστευσεν
1286 3862 1535 3935 Ἀϐραὰμ
1572 3864 1651 3935 τῷ
1676 3863 1828 3936 Θεῷ,

247 3952 339 4006 καὶ
365 3952 626 4024 ἐλογίσθη
646 3952 796 4025 αὐτῷ
826 3954 907 4017 είς
934 3954 1299 4025 δικαιοσύνην.
1338 3974 1357 4008 ι
1390 3955 1833 4028 Προσδιαμαρτύ-

249 4061 398 4115 ρεται
446 4044 505 4099 δὲ
541 4044 714 4113 λέγων
758 4047 789 4100 6
819 4045 1060 4110 Παῦλος⁹
1116 4065 1136 4099 ι
1172 4046 1299 4112 Πῶς
1325 4043 1417 4102 οὖν
1456 4048 1742 4120 ἐλογίσθη;
1772 4050 1831 4104 ὲν

246 4139 518 4210 περιτομῇ
538 4137 574 4208 ἢ
595 4139 654 4190 ἐν
678 4137 1050 4210 ἀκροϐυστίας
1079 4138 1196 4192 Ούκ
1213 4139 1272 4192 ἐν
1301 4141 1607 4212 περιτομῇ,
1643 4132 1829 4213 φησιν,

247 4229 360 4284 ἀλλ’
393 4231 456 4284 ὲν
499 4228 868 4300 ἀκροϐυστίᾳο
902 4229 997 4283 καὶ
1040 4232 1267 4300 σημεῖον
1310 4229 1469 4284 ἔλαϐε
1505 4233 1828 4304 περιτομὴν,

250 4322 522 4393 σφραγίδα
544 4321 644 4391 τῆς
674 4320 1022 4392 δικαιοσύνης
1044 4321 1143 4392 τῆς
1174 4321 1431 4386 πίστεως,
1452 4323 1548 4395 τῆς
1579 4327 1637 4377 ἐν
1664 4325 1832 4396 ἀκρο-

250 4413 466 4485 δυστίᾳ.
505 4432 525 4466 ι
572 4412 811 4467 Ἤκουσὲ
846 4429 909 4466 τε
958 4411 1093 4466 Θεοῦ
1125 4412 1374 4483 λέγοντος
1405 4414 1672 4487 ἐναργῶς,
1713 4418 1831 4483 ὅτι,

1926 3299 2093 3356 dendi
2133 3304 2419 3368 peccatum
2456 3294 2681 3355 inesset,
2719 3299 2781 3344 ut
2806 3303 2878 3343 ne
2908 3286 3109 3342 divinae
3138 3278 3516 3350 benignitatis,

1928 3406 2049 3461 quae
2069 3404 2168 3458 per
2186 3386 2470 3442 Christum
2499 3380 2747 3437 exhibita
2766 3385 2873 3442 est,
2904 3370 3340 3446 magnitudinem
3366 3368 3520 3439 igno—

1928 3460 2194 3539 raremus.
2218 3477 2325 3534 Ubi
2347 3475 2497 3530 enim
2525 3481 2620 3529 aut
2646 3469 2925 3543 quomodo
2958 3467 3124 3522 fuerit
3145 3466 3300 3519 locus
3325 3460 3517 3516 remit-

1930 3573 2067 3631 tenti
2098 3571 2306 3644 gratiae,
2348 3568 2456 3625 nisi
2479 3567 2636 3639 prius
2664 3554 3411 3631 criminibus‘demonstratis
3438 3565 3523 3610 at—

1930 3682 2037 3739 que
2065 3662 2412 3721 constitutis?
2431 3660 2631 3730 Atque,
2658 3665 2719 3712 ut
2738 3655 2895 3712 brevi
2919 3662 3042 3709 utar
3070 3649 3343 3711 oratione,
3373 3654 3430 3705 et
3450 3646 3521 3699 ad

1930 3735 2178 3812 veterum
2206 3751 2457 3823 exempla
2483 3758 2786 3813 recurram,
2809 3745 2991 3800 dicam
3020 3742 3205 3797 denuo
3239 3756 3252 3791 :
3288 3735 3524 3792 Abrahae

1932 3845 2226 3920 spopondit
2257 3843 2482 3914 quidem
2509 3842 2657 3895 Deus
2691 3838 2925 3910 gratiam
2968 3850 3067 3906 per
3100 3831 3286 3895 ﬁdem,
3328 3828 3386 3882 in
3417 3841 3524 3920 eo-

1930 3960 2037 4016 que
2072 3930 2295 3997 homine
2328 3947 2587 4007 tanquam
2627 3933 2683 3988 in
2708 3930 2969 4004 primitiis
2999 3940 3192 3984 eorum
3232 3921 3327 3993 qui
3356 3919 3523 3974 mise-

1931 4035 2223 4093 ricordiam
2249 4027 2531 4087 consecuti
2554 4035 2704 4092 sunt,
2729 4022 3135 4085 remissionem,
3160 4032 3283 4087 qum
3308 4012 3403 4068 Dei
3432 4011 3526 4064 bc-

1933 4129 2196 4202 nignitate
2217 4130 2532 4196 prmstatur,
2559 4120 2678 4190 ipsa
2697 4119 2817 4187 lege
2840 4113 3170 4170 nobiliorem
3190 4108 3342 4162 fecit.
3371 4102 3523 4158 Scri-

1933 4232 2089 4294 ptum
2112 4231 2197 4278 est
2218 4220 2368 4276 enim
2402 4237 2417 4272 :
2442 4241 2460 4268 ς
2486 4212 2736 4268 Credidit
2762 4207 3038 4263 Abraham
3063 4204 3195 4265 Deo,
3220 4206 3277 4253 et
3300 4204 3524 4264 reputa-

1936 4325 2051 4371 tum
2100 4321 2185 4369 est
2239 4313 2292 4368 ei
2337 4311 2408 4366 ad
2447 4306 2721 4381 justitiam
2769 4300 2836 4352 ⁸³.
2888 4317 2906 4348 ι
2953 4297 3297 4351 Protestatur
3341 4296 3525 4341 autem

1934 4406 2159 4471 Paulus,
2203 4410 2370 4474 atque
2402 4376 2481 4455 ait
2531 4411 2618 4450 ενι
2665 4388 2952 4460 Quomodo
2994 4384 3162 4474 igitur
3208 4376 3525 4450 reputatum’

257 4523 278 4557 ι
320 4468 871 4576 Ἐνευλογηθήσονται
896 4505 953 4558 ἐν
980 4504 1065 4558 σοὶ
1110 4468 1289 4558 πάντα
1316 4468 1384 4559 τὰ
1410 4468 1560 4576 ἔθνηί
1596 4468 1734 4559 {is
1757 4468 1824 4575 6k:

1947 4496 2067 4553 est?
2090 4496 2152 4552 In
2178 4489 2596 4550 circumcisione
2625 4501 2696 4540 an
2738 4483 2796 4537 in
2836 4468 3297 4559 praeputi’obNon
3326 4469 3384 4524 in
3413 4468 3524 4522 eir-

258 4616 277 4646 ι
314 4597 373 4650 ἐν
406 4595 514 4660 σοὶ,
549 4613 569 4647 ι
614 4596 877 4668 σημαίνοι
893 4595 960 4651 ἂν
988 4596 1071 4661 τὸ,
1106 4596 1230 4651 καθ’
1254 4596 1545 4668 ὁμοιότητα
1569 4597 1670 4670 τὴν
1694 4599 1829 4670 σήνο

252 4686 397 4741 οὕτω
420 4704 485 4741 τε
517 4688 698 4749 συνεὶς
738 4689 768 4741 6
813 4688 1029 4753 Παῦλός
1066 4704 1202 4760 φησι
1234 4704 1249 4720 ο
1295 4707 1317 4741 ι
1363 4688 1669 4760 Προῐδοῦσα
1697 4690 1756 4744 δέ
1798 4692 1833 4763 η

255 4779 447 4853 Γραφὴ
486 4780 568 4834 ὅτι
592 4782 659 4834 ἐκ
686 4780 925 4845 πίστεως
960 4781 1161 4835 δικαιοῖ
1183 4779 1252 4834 τὰ
1276 4779 1405 4852 ἔθνη
1450 4780 1478 4832 6
1517 4780 1670 4846 Θεὸς,
1705 4798 1839 4853 προ-

256 4871 652 4944 ευηγγελίσατο
679 4861 756 4943 τῷ
785 4872 1059 4944 Ἀϐραὰμ,
1081 4874 1166 4927 ὅτι
1206 4871 1754 4944 Ἐνευλογηθήσονται
1781 4876 1840 4929 ἐν

259 4966 343 5019 σοὶ
371 4965 552 5019 πάντα
580 4964 651 5019 τὰ
675 4964 825 5037 ἔθνη.
858 4966 1023 5020 Ὥστε
1055 4968 1106 5021 oi
1128 4968 1194 5020 ὲκ
1223 4966 1457 5031 πίστεως
1489 4965 1838 5036 εὐλογοῦνται

259 5057 357 5109 σὺν
398 5054 481 5126 τῷ
524 5054 703 5126 πιστῷ
749 5056 1018 5128 Ἀὀραάμ.
1054 5072 1074 5108 ι
1126 5055 1361 5127 Σημεῖον
1391 5048 1484 5108 οὖν
1513 5053 1620 5125 ἄρα
1651 5056 1753 5125 τῆς
1783 5056 1841 5110 ἐν

258 5145 594 5219 ἀκροὸυστία
615 5149 852 5211 πίστεως
874 5187 891 5213 ,
920 5148 962 5216 ἡΔ
985 5146 1276 5218 περιτομὴ,
1304 5145 1646 5201 δεδικαίωται
1667 5147 1725 5201 δὲ
1742 5147 1843 5202 ούκ

259 5236 320 5303 ἐξ
342 5236 521 5310 ἔργων
548 5238 716 5309 νόμου
735 5278 751 5305 ,
788 5237 884 5292 καὶ
913 5237 1015 5308 τῆς
1058 5238 1117 5290 ἐν
1169 5238 1333 5309 σαρκὶ
1363 5237 1667 5309 περιτομῆς
1708 5255 1845 5311 πρε-

261 5328 502 5403 σϐύτερα
529 5330 782 5400 φαίνεται
794 5331 863 5386 τὰ
895 5330 982 5385 διὰ
1009 5329 1191 5384 πίστιν
1219 5329 1530 5401 αὐχήματα.
1551 5329 1705 5395 Φίλος
1733 5329 1843 5404 γὰρ

260 5421 467 5495 ἐκλήθη
491 5423 650 5478 Θεοῦ.

1938 4587 2324 4652 οιιιιιοὶεἱοιιε,›
2348 4581 2545 4653 inquit,
2574 4597 2593 4631 ι
2610 4576 2705 4634 sed
2727 4575 2783 4629 in
2802 4569 3089 4644 praeputio;
3116 4577 3173 4623 et
3192 4565 3407 4636 signum
3430 4575 3524 4615 ac—

1942 4681 2092 4754 cepit
2145 4650 2651 4734 circumcisionem,
2702 4663 3045 4737 signaculum
3092 4656 3318 4730 iustitiae
3362 4650 3525 4717 ﬁdei,

1945 4743 2068 4845 quae
2108 4770 2215 4825 fuit
2258 4768 2317 4823 in
2374 4762 2642 4837 praeputio
2688 4757 2757 4813 ".
2812 4775 2830 4808 ι
2870 4756 3154 4821 Deumque
3199 4753 3387 4817 aperte
3424 4743 3531 4799 sibi

1947 4841 2223 4920 dicentem
2244 4858 2456 4915 audivit
2481 4874 2495 4910 :
2529 4873 2548 4907 ι
2580 4850 2982 4908 Benedicentur
3011 4841 3070 4896 in
3096 4848 3151 4894 te
3173 4852 3365 4894 omnes
3393 4850 3529 4907 gen-

1946 4963 2029 5010 tes
2065 4952 2133 5006 ⁸⁸.
2190 4970 2208 5002 ι
2246 4948 2422 5020 Hujus
2464 4953 2650 5001 autem
2695 4937 2851 4997 verbi
2887 4956 2906 4989 ι
2941 4936 2999 4990 in
3040 4941 3094 4987 te
3133 4950 3152 4983 ›
3187 4944 3253 4986 ea
3289 4926 3375 4982 vis
3414 4924 3530 4980 for-

1942 5053 2088 5101 tasse
2121 5043 2214 5109 sit,
2257 5049 2320 5097 ut
2345 5038 2414 5095 ad
2445 5034 2863 5093 similitudinem
2899 5036 3048 5084 tuam
3077 5020 3353 5095 signiﬁcet
3385 5035 3399 5072 :
3432 5032 3530 5073 eo—

1945 5153 2053 5211 que
2080 5151 2245 5193 sensu
2274 5148 2400 5190 cum
2433 5118 2637 5187 Paulus
2668 5121 3049 5185 intellexisset,
3079 5115 3260 5187 inquit
3286 5130 3300 5168 :
3341 5132 3359 5164 ι
3389 5111 3521 5167 Prm-

1951 5204 2148 5290 videns
2179 5239 2363 5284 autem
2394 5222 2676 5293 Scriptura
2724 5216 2832 5289 54
2862 5213 3010 5287 quod
3035 5228 3105 5268 ex
3136 5210 3243 5265 ﬁde
3268 5204 3532 5293 justiﬁcat

1946 5333 2144 5397 gentes
2163 5322 2332 5386 Deus,
2356 5283 2764 5389 praenuntiavitv
2780 5283 3079 5373 Abraham,
3104 5283 3535 5360 Benedicentur,

1946 5386 2203 5489 inquiens
2224 5454 2241 5480 ,
2273 5413 2331 5468 in
2357 5386 2428 5466 te
2456 5405 2670 5475 omnes:
2697 5410 2907 5476 gentes.
2961 5399 3132 5471 Igitur
3162 5393 3258 5464 qui
3306 5404 3372 5445 ex
3426 5386 3532 5443 ﬁde

261 5490 427 5589 sunt,
452 5490 885 5579 benedicuntur
941 5534 1067 5576 cum
1118 5518 1265 5576 ﬁdeli
1325 5517 1602 5575 Abraham
1667 5518 1731 5573 ⁸⁸.
1790 5536 1810 5570 ι
1857 5515 2085 5589 Signum
2126 5519 2213 5569 est
2245 5508 2412 5581 igitur
2476 5499 2824 5560 circumcisio
2889 5495 3017 5553 ﬁdei
3066 5490 3214 5548 illius
3280 5500 3405 5557 quae
3450 5491 3531 5539 est

309 5763 314 5766 .
358 5721 405 5793 ιε
462 5679 648 5793 Philip

269 5807 364 5860 ut,
396 5792 450 5848 ’5.
556 5791 824 5849 ’θ’ῧειιοι.
866 5807 944 5860 ιιι,
987 5792 1040 5847 8.

695 5764 706 5774 .
768 5736 845 5785 ιιι,
893 5721 1011 5776 4-9.
1109 5725 1153 5757 ⁸³
1195 5722 1384 5780 Matth.
1411 5740 1483 5790 Ix,
1512 5722 1597 5777 15.
1705 5720 1751 5752 ⁵³
1785 5718 1824 5776 G

1928 5732 1982 5772 :s.
2014 5732 2102 5782 xv,
2130 5712 2203 5780 6',
2256 5711 2415 5768 Rom.
2441 5723 2513 5774 tv,
2542 5704 2595 5760 5.
2693 5699 2739 5733 ⁸⁸
2771 5695 2933 5763 lbid.,
2985 5689 3069 5747 l0.
3118 5687 3204 5743 ll.

3313 5682 3359 5716 η
3392 5679 3529 5734 Gen.
