3968 6300
426 331 532 387 219

1421 329 1475 385 S.
1519 329 1793 384 CYRILLI
1832 329 2304 387 ALEXANDRINI
2343 335 2664 391 ARCIIIEP.

3597 331 3704 385 ⁵2Ἒο

429 451 485 504 in
511 451 806 521 praeputio;
831 450 1273 522 justiﬁcatusque
1297 459 1384 505 cst
1411 449 1503 505 ille
1531 461 1641 504 non
1667 466 1734 505 ex
1753 450 2014 520 operibus
2051 451 2222 522 legis;
2292 463 2350 508 et
2406 454 2633 524 gloriam
2669 452 2791 508 ﬁdei
2822 452 3145 507 nobiliorem
3176 465 3297 504 esse
3328 462 3492 519 quam
3527 447 3618 502 iila
3653 447 3706 502 in

426 557 594 600 carne
628 545 1000 608 circumcisio,
1041 544 1396 616 perspicuum
1437 553 1543 608 est,
1579 545 1792 600 amicus
1813 546 2017 616 quippe
2055 546 2153 601 Dei
2199 548 2522 616 appellatus.

499 636 695 690 PALL.
730 636 870 704 Quid
905 637 1071 708 igitur
1100 653 1280 691 causa:
1313 637 1416 690 fuit
1460 652 1562 692 cur
1602 638 1794 693 tandiu
1827 638 1917 693 illa
1945 655 2013 693 ex

2189 641 2398 694 IIAAA.
2435 641 2531 704 Τίς
2551 636 2698 712 οὖνὴ
2734 639 2992 710 μέλλησις
3025 637 3120 692 τοῦ
3164 636 3304 694 κατὰ
3335 635 3519 689 πίστιν
3551 635 3714 701 ἁγια-

429 725 537 779 ﬁde
567 727 928 781 sanctiﬁcatio
956 736 1282 794 moraretur,
1312 746 1423 784 non
1455 733 1691 789 absurde
1723 735 2014 792 addubita—

427 818 632 884 verim;
658 835 846 888 quaero
871 821 1018 875 enim
1049 837 1157 891 qua
1181 822 1248 876 de
1275 837 1440 877 causa
1467 824 1680 894 signum
1711 827 1889 898 ipsum
1919 847 2016 885 an-

431 909 656 979 tiquiori
709 911 781 965 sit
824 912 1018 968 ordine
1063 913 1413 981 collocatum,
1462 920 1752 986 posteriori
1799 923 2015 978 veroid

431 1001 577 1070 quod
613 1003 964 1071 praestantius
995 1005 1117 1059 est?
1829 1048 1842 1062 ..

502 1093 660 1148 CYR.
693 1093 836 1160 Quid
883 1096 1054 1162 enim,
1085 1113 1270 1154 nonne
1313 1098 1553 1156 diximus
1583 1102 1748 1157 modo
1774 1102 2014 1160 admi’ra-

429 1185 643 1242 bilioris
691 1189 976 1259 cujusdam
1023 1197 1186 1260 atque
1228 1192 1568 1248 sublimioris
1608 1196 1825 1250 artiﬁcii
1877 1215 2016 1268 opus

429 1277 601 1333 fuisse
634 1287 695 1332 ut
724 1279 831 1344 lex,
867 1296 989 1350 qum
1030 1281 1444 1349 condemnaret,
1477 1294 1846 1344 anteverteret
1875 1299 2014 1344 tem—

429 1370 581 1438 poris
609 1371 802 1427 ordine
828 1370 990 1427 ﬁdem
1028 1389 1150 1444 quae
1173 1375 1538 1444 justiﬁcaret?
1561 1394 1745 1434 nonne
1769 1397 1898 1436 vero
1923 1383 2016 1437 lux

429 1461 487 1517 in
518 1465 759 1522 tenebris
804 1467 954 1522 lucet
999 1468 1080 1521 l‘7?
1111 1468 1288 1524 virtus
1333 1486 1554 1542 quoque
1597 1473 1654 1528 in
1697 1474 2014 1533 inﬁrmitate

429 1555 731 1623 perﬁcitur,
759 1568 819 1613 ut
845 1559 1107 1630 scriptum
1139 1571 1224 1617 est
1265 1562 1366 1614 '7'?

499 1646 698 1702 PALL.
735 1649 903 1705 Recte
933 1650 1092 1706 dicis.

407 1755 416 1763 ·
499 1735 656 1792 CYR.
689 1740 862 1810 Igitur
889 1742 978 1796 lex
1007 1743 1341 1800 subintravit
1382 1755 1442 1800 ut
1469 1747 1777 1806 abundaret
1816 1768 2016 1822 pecca—

430 1833 569 1880 tum.
607 1827 710 1883 Ubi
749 1829 897 1884 enim
943 1847 1054 1886 non
1108 1842 1191 1888 est
1237 1834 1345 1900 lex,
1382 1851 1562 1906 neque
1591 1841 1965 1910 praevaricatio
1997 1863 2010 1900 :

429 1918 900 1986 prmvaricationis
916 1932 1100 1978 autem
1121 1932 1176 1979 et
1195 1927 1333 1995 ejus,
1353 1943 1476 1997 quae
1495 1929 1563 1984 ad
1580 1930 1721 1986 hanc
1737 1934 2010 2003 perducit,

2125 733 2286 804 σμοῦ,
2315 735 2563 805 ἐπαπορή
2573 751 2726 804 σαιμι
2745 733 2789 786 δ’
2807 732 2873 786 ἂν
2894 731 3138 797 εἰκότως,
3159 729 3278 783 ἀνθ’
3297 729 3418 782 ὅτου
3444 728 3508 799 δὴ
3529 725 3708 795 λέγων

2120 825 2197 889 ὡς
2222 827 2278 880 ἐν
2309 825 2654 897 πρεσϐυτέρᾳ.
2683 823 2828 878 θέσει
2858 824 2915 878 τὸ
2946 826 3170 895 σημεῖον
3206 821 3300 875 καὶ
3328 820 3406 883 ὡς
3440 820 3498 873 ἐν
3525 819 3708 872 δευτέ-

2125 934 2240 988 ροις
2266 918 2328 971 τὸ
2360 919 2557 990 ύπερτε
2569 916 2692 989 ροῦν
2717 935 2732 985 ;

2194 1099 2353 1154 ΚΥΡ.
2393 1101 2468 1155 Οὐ
2503 1100 2610 1171 γάρ
2643 1100 2855 1172 ἔφαμεν
2883 1100 3087 1173 ἀρτίως
3132 1099 3208 1163 ὡς
3239 1097 3572 1166 ἀξιαγάστον
3608 1093 3707 1146 καὶ

2123 1190 2434 1262 ἀπορρήτου
2463 1191 2606 1254 τινὸς
2645 1191 2925 1262 εὐτεχνίας
2957 1191 3118 1262 ἔργον
3148 1185 3217 1261 ἦν
3257 1188 3318 1241 τὸ
3349 1183 3706 1260 προαναθρὼ-

2126 1297 2276 1335 σκειν
2310 1284 2368 1335 ἐν
2396 1281 2572 1353 χρόνῳ
2603 1283 2703 1352 τῆς
2729 1282 3044 1354 δικαιούσης
3064 1283 3299 1344 πίστεως
3324 1281 3415 1333 τὸν
3435 1278 3705 1348 κατακρί-

2122 1391 2282 1429 νοντα
2313 1374 2510 1446 νόμον;
2535 1376 2566 1448 ἢ
2596 1377 2716 1446 οὐχὶ
2737 1377 2798 1429 τὸ
2821 1377 2933 1446 φῶς
2962 1379 3019 1428 ἐν
3048 1377 3114 1447 τῇ
3149 1375 3338 1444 σκοτίᾳ
3367 1371 3578 1441 φαίνεις
3611 1372 3708 1424 καὶ

2121 1469 2155 1538 ἡ
2189 1467 2416 1537 δύναμις
2439 1469 2496 1521 ἐν
2533 1467 2787 1540 ἀσθενείᾳ
2822 1467 3144 1532 τελειοῦται,
3181 1467 3322 1521 κατὰ
3364 1465 3425 1518 τὸ
3460 1481 3709 1535 γεγραμ-

2127 1557 2285 1628 μένον
2309 1575 2323 1623 ;

2194 1650 2406 1703 ΠΑΛΛ.
2439 1645 2511 1702 Εῦ
2540 1649 2738 1718 λέγεις.

2195 1741 2361 1797 ΚΥΡ.
2386 1743 2598 1797 Οὐκοῦν
2628 1743 2793 1813 νόμος
2830 1739 3215 1812 παρεισῆλθεν,
3242 1739 3329 1792 ἵνα
3354 1735 3622 1808 πλεονάσῃ
3647 1738 3709 1790 τὸ

2124 1834 2495 1908 παράπτωμα.
2511 1831 2592 1889 Οῦ
2610 1836 2718 1907 γὰρ
2736 1835 2836 1889 οὐκ
2858 1834 3004 1888 ἐστιν
3025 1833 3207 1904 νόμος,
3231 1831 3353 1886 ούδέ
3371 1830 3706 1901 παράϐασις.

2124 1927 2490 2000 Παραϐάσεως
2512 1929 2567 1982 δὲ
2585 1929 2794 2000 καὶτῆς
2820 1925 3081 1981 ἐπὶτοῦτο
3104 1923 3384 1998 ῥᾳστώνης
3408 1924 3526 1983 πῶς
3547 1923 3610 1974 ἄν
3626 1939 3709 1984 τις

430 2008 660 2078 ignaviae
685 2028 932 2082 quaenam
957 2017 1133 2085 possit
1158 2016 1386 2090 intelligi
1416 2021 1765 2090 condonatio,
1793 2027 1900 2081 nisi
1928 2028 2014 2083 lex

2135 2020 2232 2074 ίδοι
2268 2019 2366 2092 τὴν
2398 2020 2613 2091 ἄφεσιν,
2661 2021 2720 2074 ού
2757 2017 3290 2091 προκατακρίναντος
3329 2017 3478 2087 ἡμᾶς
3504 2013 3598 2068 τοῦ
3625 2013 3712 2066 νό-

429 2111 590 2159 antea
639 2120 741 2160 nos
788 2107 1242 2165 condemnasset?
1282 2111 1440 2179 Quod
1486 2124 1669 2171 autem
1710 2134 1902 2174 verum
1949 2121 2020 2176 sit

429 2193 576 2264 quod
617 2194 853 2252 dicimus
881 2215 1062 2270 neque
1094 2201 1161 2256 de
1195 2203 1297 2258 hac
1343 2221 1403 2259 re
1447 2222 1587 2262 vana
1620 2217 1676 2262 et
1716 2210 1898 2281 inepta
1949 2214 2020 2268 sit

429 2287 624 2353 oratio,
651 2291 958 2358 patrocinio
987 2293 1138 2348 Pauli
1169 2295 1527 2364 conﬁrmabo,
1557 2299 1793 2357 dicentis
1822 2321 1834 2355 :
1872 2322 1890 2353 ι
1918 2304 2020 2358 Ita-

428 2395 537 2449 que
571 2380 659 2434 lex
706 2392 935 2453 propter
958 2387 1442 2456 praevaricationes
1459 2391 1637 2460 posita
1669 2401 1775 2458 est,
1810 2410 2018 2464 quous-

428 2486 537 2540 que
563 2474 778 2528 veniret
809 2490 996 2531 semen
1017 2518 1031 2543 ,
1081 2479 1171 2532 cui
1203 2483 1598 2550 repromissum
1633 2492 1738 2549 est,
1767 2485 2019 2540 ordinata

427 2579 528 2634 per
587 2567 810 2636 angelos
865 2568 930 2622 ⁸⁸.
983 2589 1002 2620 ι
1057 2569 1330 2626 Caeterum
1399 2575 1528 2644 quia
1584 2577 2020 2646 sapientissimus

428 2666 567 2721 erat,
590 2657 807 2714 futuras
836 2661 1166 2733 quandoque
1187 2667 1550 2734 quorumdam
1584 2669 1869 2725 hominum
1900 2688 2020 2727 vcr-

429 2751 629 2806 borum
660 2754 902 2823 argutias
928 2763 1093 2826 atque
1122 2758 1497 2818 dubitationes
1529 2764 1827 2834 prmcidere
1857 2769 2018 2824 moli-

433 2853 558 2908 tur;
596 2843 826 2904 etenimt
856 2845 1164 2903 verisimile
1210 2854 1634 2926 eratvquosdam
1679 2856 1747 2911 de
1792 2859 2020 2928 justitiae

429 2931 560 2986 ﬁdei
589 2932 854 2990 dilatione
879 2951 944 2991 ac
969 2953 1118 2994 mora
1147 2943 1432 3012 conqueri,
1463 2960 1527 3000 ac
1551 2945 1753 3014 dicere,
1781 2949 1906 3006 ideo
1931 2951 2019 3006 in-

432 3023 592 3078 terim
621 3025 960 3084 subintrasse
993 3028 1189 3100 legem,
1225 3042 1286 3088 ut
1325 3035 1564 3106 antiquze
1606 3037 1754 3095 illius
1785 3042 2020 3110 promis-

430 3115 602 3172 sionis
623 3116 855 3175 ﬁrmitas
877 3122 1184 3180 tolleretur.
1213 3125 1401 3197 Itaque
1425 3128 1606 3199 inquit
1631 3149 1644 3184 :
1679 3151 1696 3182 ι
1719 3131 1831 3188 Lex
1855 3133 2022 3205 igitur

431 3206 695 3264 adversus
715 3211 985 3280 promissa
1008 3215 1145 3270 Dei?
1164 3215 1336 3283 absit;
1369 3216 1415 3272 si
1440 3219 1589 3274 enim
1612 3219 1739 3276 data
1767 3233 1913 3279 esset
1934 3225 2021 3281 lex

431 3317 553 3372 quae
595 3312 781 3373 posset
812 3305 1110 3375 viviﬁcare,
1162 3326 1292 3366 vere
1325 3327 1394 3366 ex
1443 3312 1564 3385 lege
1610 3309 1756 3370 esset
1782 3317 2015 3388 iustitia.

431 3392 540 3448 Sed
572 3396 845 3452 conclusit
872 3397 1152 3470 Scriptura
1177 3402 1362 3458 omnia
1387 3404 1490 3458 sub
1523 3413 1769 3476 peccato,
1803 3415 1865 3462 ut
1889 3425 2019 3478 pro—

432 3486 623 3542 missio
657 3504 724 3544 ex
770 3488 876 3544 fide
921 3491 1050 3547 Jesu
1099 3491 1308 3549 Christi
1360 3496 1586 3552 daretur
1636 3498 2018 3568 credentibus;

433 3581 587 3651 prius
613 3591 799 3636 autem
830 3597 992 3651 quam
1023 3586 1237 3640 veniret
1268 3585 1423 3651 ﬁdes,
1455 3588 1558 3642 sub
1587 3589 1706 3660 lege
1749 3592 2025 3647 custodie-

434 3672 632 3727 bamur
665 3674 913 3729 conclusi
957 3675 1012 3728 in
1046 3691 1167 3730 eam
1199 3676 1363 3731 ﬁdem
1410 3695 1533 3748 quae
1575 3682 1868 3737 revelanda
1906 3692 2025 3738 erat

353 3835 355 3840 ι
435 3759 493 3815 in
522 3778 657 3829 nos;
685 3764 870 3835 itaque
895 3764 982 3825 lex
1005 3766 1329 3837 pzedagogus
1358 3777 1544 3824 noster
1567 3770 1673 3828 fuit
1697 3773 1754 3827 in
1781 3772 2021 3841 Christo,

348 3853 350 3856 ’
434 3859 499 3906 ιιι
522 3867 590 3907 ex
619 3851 727 3908 ﬁde
751 3851 1119 3933 justiﬁeemur
1147 3873 1159 3908 :
1188 3864 1243 3910 at
1281 3856 1375 3911 ubi
1402 3858 1747 3928 venit-ﬁdes,
1772 3863 1885 3933 jam
1912 3880 2025 3919 non

437 3959 629 4001 sumus
673 3946 778 4000 sub
811 3931 1125 4018 paedagogo,
1162 3964 1356 4004 omnes
1399 3950 1548 4005 enim
1599 3951 1696 4008 ﬁlii
1736 3953 1832 4008 Dei
1867 3955 2022 4023 estis,

435 4051 535 4107 per
574 4037 738 4094 ﬁdem
785 4055 906 4110 qua:
951 4049 1036 4096 est
1082 4040 1137 4096 in
1184 4041 1403 4099 Christo
1449 4044 1578 4100 Jesu
1619 4046 1727 4099 ³⁸.»
1763 4046 2024 4117 Ejusdem

435 4145 569 4186 vero
591 4130 954 4187 dubitationis
981 4131 1375 4189 obscuritatem
1399 4137 1746 4207 perspicuam
1774 4138 1904 4194 facit
1930 4139 2027 4195 ad-

430 4221 704 4295 iungens:
742 4242 762 4275 ι
811 4221 928 4280 Hoc
973 4235 1158 4282 autem
1205 4227 1351 4294 dico,
1399 4229 1600 4300 inquit,
1633 4238 2023 4288 testamentum

435 4312 818 4369 conﬁrmatum
851 4313 956 4386 55
994 4330 1025 4370 a
1050 4315 1165 4372 Deo
1193 4333 1316 4388 quae
1351 4329 1476 4389 post
1508 4321 1940 4394 quadringentos
1969 4331 2025 4378 et

437 4403 658 4476 triginta
678 4421 853 4462 annos
871 4406 1009 4463 facta
1038 4417 1123 4464 est
1146 4409 1254 4474 lex,
1277 4409 1390 4466 non'
1412 4411 1628 4468 irritum
1648 4413 1780 4469 facit
1801 4414 1868 4468 ad
1893 4429 2022 4467 eva-

435 4498 700 4553 cuandam
729 4500 1150 4568 promissionem
1183 4520 1195 4556 :
1223 4519 1348 4558 nam
1384 4504 1430 4560 si
1464 4520 1532 4560 ex
1559 4507 1678 4576 iege
1709 4503 2020 4567 baereditas,

430 4593 543 4661 jam
571 4608 683 4648 non
713 4608 782 4648 ex
809 4593 1204 4664 promissione;
1238 4595 1471 4653 Abrahae
1495 4607 1678 4653 autem
1702 4611 1802 4666 per
1831 4611 2022 4668 repro-

2124 2128 2250 2181 μους
2278 2112 2472 2168 Ὀτιδὲ
2510 2111 2710 2182 ἀληθὲς
2752 2113 2780 2165 ὅ
2820 2129 2985 2183 φημι,
3017 2111 3112 2163 καὶ
3153 2110 3254 2162 οὐκ
3283 2105 3527 2177 ἐξίτηλὸς
3565 2122 3650 2167 τις
3674 2103 3709 2173 ἢ

2121 2203 2359 2274 ἁκαλλὴς
2390 2206 2417 2258 6
2443 2205 2536 2257 ἐπὶ
2566 2203 2701 2275 τῷδε
2733 2203 2912 2272 λόγος,
2942 2201 3268 2272 συλλήψεται
3298 2200 3468 2268 λέγων
3501 2201 3530 2252 6
3559 2196 3708 2251 Παῦ-

2121 2295 2245 2358 λοςο
2286 2316 2304 2347 ι
2345 2295 2507 2348 Ὥστε
2541 2297 2570 2348 6
2599 2295 2763 2366 νόμος
2797 2295 2903 2347 τῶν
2945 2294 3310 2366 παραϐάσεων
3344 2293 3506 2364 χάριν
3537 2309 3711 2361 προσ-

2122 2385 2301 2457 ετέθη,
2324 2386 2482 2457 ἄχρις
2498 2377 2558 2439 οὗ
2581 2385 2709 2459 non
2724 2387 2784 2439 τὸ
2807 2387 3028 2458 σπέρμα
3047 2385 3075 2438 ὃ
3095 2384 3447 2455 ἐπήγγελται,
3475 2382 3708 2453 διαταγῇ

2124 2478 2392 2547 ἀγγέλων.
2439 2496 2456 2529 ι
2495 2477 2666 2547 Σοφὸς
2693 2477 2750 2530 δέ
2778 2477 2916 2546 ἄγαν
2959 2476 3036 2530 ὢν
3061 2477 3158 2540 τὰς
3187 2475 3451 2546 ἐσομένας
3480 2473 3592 2528 ἐσθ’
3619 2475 3710 2528 ὅτε

2123 2571 2274 2642 παρά
2311 2587 2471 2624 τινων
2509 2570 2881 2642 εύρεσιλογίας
2924 2571 3018 2625 καὶ
3062 2568 3436 2640 ἐπαπορὴσεις
3469 2572 3712 2639 προαναέ

2123 2663 2343 2716 κόπτειν
2367 2663 2650 2732 ἐπιχειρεῖ·
2679 2657 2748 2733 ἦν
2775 2661 2884 2730 γὰρ
2922 2661 2983 2734 δή
3025 2678 3176 2725 τινας
3201 2661 3347 2724 εἰκὸς
3384 2661 3482 2731 τῆς
3517 2661 3575 2713 ἐν
3615 2659 3709 2713 πί-

2125 2771 2239 2807 στει
2265 2754 2609 2824 δικαιοσύνης
2642 2754 2989 2809 ἐπαιτιᾶσθαι
3036 2755 3135 2825 τὴν
3167 2752 3424 2825 μέλλησιν
3476 2752 3569 2806 καὶ
3612 2751 3711 2822 τὴν

2127 2845 2330 2915 μεταξὺ
2380 2844 2472 2898 τοῦ
2518 2846 2685 2916 νόμου
2731 2844 3156 2916 παρεισδρομὴν,
3201 2845 3282 2906 εἰς
3313 2843 3569 2914 ἀθέτησιν
3611 2842 3711 2913 τῆς

2122 2939 2353 3012 ἀρχαίας
2377 2939 2590 3010 ἐκείνης
2610 2938 2942 3009 ἐπαγγελίας
2961 2937 3215 3006 γενέσθαι
3240 2936 3439 3006 λέγειν.
3464 2934 3713 3005 Τοιγάρ-

2121 3050 2204 3086 τοι
2233 3032 2420 3103 φησίνο
2456 3051 2476 3084 ι
2523 3033 2582 3086 Ὀ
2613 3027 2706 3086 οῦν
2740 3031 2906 3101 νόμος
2929 3030 3072 3084 κατὰ
3095 3029 3206 3085 τῶν
3246 3029 3588 3098 ἐπαγγελιῶν
3615 3027 3713 3082 τοῦ

2122 3124 2292 3191 Θεοῦ;
2338 3123 2412 3196 μὴ
2454 3124 2685 3192 γένοιτο.
2728 3123 2793 3176 Ei
2825 3122 2935 3193 γὰρ
2964 3121 3119 3193 ἐδόθη
3151 3121 3316 3192 νόμος
3359 3123 3388 3175 ὁ
3419 3119 3715 3190 δυνάμενος

2125 3214 2498 3284 ζωοποιῆσαι,
2542 3213 2711 3277 ὅντως
2761 3213 2820 3265 ἐν
2853 3212 3004 3282 νόμῳ
3049 3209 3115 3265 ἂν
3166 3205 3234 3282 ἦν
3293 3211 3328 3280 ἡ
3374 3207 3710 3278 δικαιοσύνη.

2137 3307 2298 3361 Ἀλλὰ
2327 3307 2728 3376 συνέκλεισενὴ
2760 3303 2952 3377 Γραφὴ
2981 3303 3051 3356 τὰ
3080 3303 3257 3356 πάντα
3289 3302 3396 3356 ὑπὸ
3416 3301 3714 3372 ἁμαρτίαν,

2126 3401 2213 3455 ἵνα
2243 3402 2277 3472 ἡ
2300 3399 2604 3470 ἐπαγγελία
2622 3400 2687 3452 ἐκ
2708 3398 2943 3460 πίστεως
2978 3395 3154 3468 Ἰησοῦ
3177 3394 3415 3467 Χριστοῦ
3437 3394 3563 3466 δοθῇ
3601 3397 3716 3458 τοῖς

2126 3493 2491 3548 πιστεύουσιν.
2516 3493 2630 3565 Πρὸ
2652 3492 2744 3546 τοῦ
2771 3491 2828 3545 δέ
2861 3491 3033 3544 ἐλθεῖν
3063 3490 3163 3562 τὴν
3191 3489 3394 3555 πίστιν,
3420 3489 3528 3542 ὑπὸ
3547 3487 3717 3558 νόμου

2126 3585 2540 3657 ἐφρουρούμεθα
2563 3585 2969 3654 συγκλειόμενοι
2992 3585 3070 3645 εἰς
3091 3581 3188 3652 τὴν
3214 3581 3513 3652 μέλλουσαν
3533 3580 3719 3633 πίστιν

2127 3677 2580 3749 ἀποκαλυφθῆναι
2608 3679 2687 3741 είς
2717 3678 2883 3747 ἡμᾶς.
2922 3675 3083 3728 Ὥστε
3117 3675 3146 3726 6
3178 3673 3342 3745 νόμος
3368 3671 3722 3741 παιδαγωγὸς

2126 3769 2285 3839 ἡμῶν
2311 3771 2533 3838 γέγονεν
2557 3769 2637 3829 εἰς
2659 3766 2912 3836 Χριστὸν,
2939 3765 3025 3818 ἵνα
3047 3767 3111 3817 ἐκ
3139 3765 3374 3827 πίστεως
3412 3764 3724 3818 δικαιωθῶ-

2131 3877 2251 3932 μεν.
2294 3861 2584 3930 Ἐλθούσης
2621 3857 2677 3910 δέ
2703 3857 2804 3926 τῆς
2831 3856 3066 3917 πίστεως
3091 3855 3272 3908 οὐκέτι
3300 3855 3405 3907 ὑπὸ
3435 3857 3722 3925 παιδαγωο

2125 3954 2222 4022 γόν
2245 3955 2429 4023 ἐσμεν,
2460 3949 2658 4010 πάντες
2681 3947 2791 4018 γὰρ
2815 3945 2921 3999 υἱοὶ
2942 3945 3078 3998 Θεοῦ
3101 3947 3224 3998 ἐστε
3248 3945 3336 3999 διὰ
3356 3946 3453 4016 τῆς
3475 3947 3725 4012 πίστεως

2127 4045 2186 4097 ἐν
2228 4039 2448 4113 Χριστῷ
2487 4036 2683 4109 Ἰησοῦ.
2739 4055 2756 4088 ι
2813 4037 3248 4091 Καταλευκαίνει
3283 4037 3340 4091 δέ
3385 4037 3576 4110 ὥσπερ
3619 4040 3732 4112 τὴν

2127 4133 2472 4201 ἐπαπὸρησιν
2489 4124 2545 4182 εὖ
2575 4128 2720 4198 μάλα
2743 4128 3077 4200 προστιθεὶς,
3108 4147 3126 4180 ι
3155 4129 3328 4184 Τοῦτο
3343 4129 3581 4198 δὲλέγω,
3602 4131 3724 4185 δια-

2127 4225 2298 4295 θήκην
2327 4220 2830 4293 προκεκυρωμένην
2880 4221 2986 4275 ύπδ
3029 4219 3122 4275 τοῦ
3151 4220 3311 4288 Θεοῦ,
3350 4223 3377 4274 ὁ
3431 4224 3570 4292 μετὰ
3619 4223 3720 4296 ἔτη

2123 4315 2450 4386 τετρακόσια
2479 4313 2574 4368 καὶ
2605 4315 2903 4384 τριάκοντα
2923 4314 3162 4383 γεγονὼς
3189 4315 3352 4385 νόμος
3374 4317 3473 4368 οὐκ
3498 4317 3719 4387 ἀκυροῖ,

2125 4411 2205 4470 εἰς
2232 4407 2293 4461 τὸ
2319 4409 2666 4479 καταργῆσαι
2694 4408 2792 4477 τὴν
2819 4407 3171 4476 ἐπαγγελίαν·
3194 4409 3242 4462 εἰ
3273 4408 3382 4480 γὰρ
3409 4411 3470 4463 ἐκ
3492 4411 3656 4481 νόμου
3679 4414 3716 4481 ἡ

2125 4499 2494 4570 κληρονομία,
2540 4497 2723 4552 οὐκέτι
2750 4497 2810 4564 ἐξ
2849 4499 3201 4569 ἐπαγγελίας.
3248 4500 3339 4572 Τῷ
3372 4501 3428 4554 δέ
3467 4502 3721 4574 Ἀϐραὰμ

2125 4591 2191 4644 δι’
2237 4590 2570 4660 ἐπαγγελίας
2617 4590 2944 4662 κεχάρισται
2983 4593 3010 4645 6
3058 4592 3206 4656 Θεός.
3263 4611 3282 4646 ι
3340 4593 3720 4657 Κατακλείσας

436 4683 752 4740 missionem
795 4685 1020 4740 donavit
1068 4687 1214 4743 Deus
1261 4689 1327 4743 ⁸ο.
1387 4709 1404 4740 ι
1450 4689 1588 4746 Cum
1631 4689 1800 4760 igitur
1835 4688 1923 4743 lex
1967 4689 2019 4744 in

2129 4680 2220 4738 οὖν
2272 4684 2421 4755 ἡμᾶς
2459 4686 2538 4747 εἰς
2586 4683 2862 4755 ἁμαρτίαν
2907 4686 2937 4738 6
2977 4685 3168 4756 νόμος,
3225 4685 3721 4756 πεπαιδαγώγηκεν

434 4785 718 4848 peccatum
751 4795 852 4835 nos
879 4779 1258 4845 conclusisset,
1298 4790 1361 4837 ut
1397 4781 1723 4864 paedagogus
1757 4779 1822 4836 ad
1856 4778 2018 4836 Chri-

435 4880 580 4926 stum
619 4871 880 4939 adduxit;
931 4871 1056 4929 ﬁnis
1105 4872 1253 4928 enim
1297 4873 1434 4945 legis
1496 4890 1561 4930 ac
1626 4874 2021 4945 prophetarum

434 4961 706 5019 Christus.
741 4962 930 5034 Itaque
969 4963 1018 5019 is
1046 4963 1263 5021 dicebat
1294 4967 1608 5023 Iudaeorum
1657 4965 1896 5035 populis,
1927 4965 2022 5035 qui

435 5053 542 5109 sibi
575 5070 687 5109 non
713 5056 1099 5113 crediderant:
1139 5077 1158 5110 ι
1194 5058 1250 5114 Si
1278 5057 1579 5115 crederetis
1616 5056 1804 5127 Moysi,
1829 5056 2022 5110 crede-

435 5145 570 5200 retis
603 5146 792 5218 utique
827 5157 884 5204 et
919 5150 1074 5206 mihi.
1120 5153 1197 5207 De
1225 5167 1313 5207 me
1345 5150 1493 5206 enim
1525 5149 1617 5203 ille
1655 5147 1875 5217 scripsit
1900 5148 1965 5200 ⁸⁸.
1997 5167 2014 5198 ι

435 5238 809 5296 Justiﬁcamur
828 5242 975 5299 enim
993 5261 1105 5300 non
1119 5259 1188 5299 ex
1209 5241 1472 5313 operibus
1487 5240 1644 5310 legis,
1673 5240 1769 5293 sed
1796 5238 1901 5292 ﬁde
1925 5253 2021 5308 po-

439 5333 549 5389 tius
592 5333 647 5389 in
688 5333 967 5393 Christum
1002 5356 1014 5391 :
1068 5356 1086 5388 (
1132 5335 1458 5402 Quicunque
1485 5330 1632 5384 enim
1662 5344 1730 5385 ex
1758 5331 2020 5401 eperibus

438 5425 573 5497 legis
603 5439 752 5494 sunt,
781 5431 884 5486 sub
907 5429 1201 5485 maledicto
1229 5433 1385 5491 sunt;
1421 5423 1688 5493 scriptum
1715 5433 1799 5479 est
1827 5425 1973 5481 enim
2004 5445 2018 5481 :

439 5515 760 5577 Maledictus
791 5522 970 5576 omnis
997 5519 1091 5590 qui
1123 5533 1234 5572 non
1278 5515 1642 5586 permanserit
1684 5516 1740 5572 in
1765 5517 2024 5576 omnibus

441 5623 564 5680 quae
589 5611 790 5682 scripta
818 5622 947 5666 sunt
974 5611 1030 5664 in
1065 5607 1208 5662 libro
1234 5605 1389 5677 legis,
1423 5616 1483 5662 ut
1516 5606 1678 5664 faciat
1705 5624 1788 5664 ca.
1827 5609 1933 5666 Sed
1957 5627 2024 5666 ex

2127 4781 2207 4843 είς
2238 4776 2494 4851 Χριστὸν,
2520 4775 2673 4840 τέλος
2702 4777 2810 4850 γὰρ
2845 4778 3010 4849 νόμου
3042 4779 3136 4832 καὶ¹
3179 4778 3470 4850 προφητῶν
3512 4780 3541 4831 6
3583 4778 3720 4851 Χρι-

2130 4872 2275 4936 στός.
2317 4872 2603 4942 Τοιγάρτοι
2647 4869 2741 4923 καὶ⁷
2780 4869 3019 4940 ἔφασκεν
3042 4870 3397 4942 ἡπειθηκόσιν
3425 4869 3574 4939 αύτῷ
3605 4873 3720 4934 τοῖς

2143 4963 2414 5018 Ἰουδαίων
2445 4964 2613 5028 )αοῖς’
2640 4982 2667 5016 ι
2705 4966 2769 5018 Εἰ
2800 4965 3118 5020 ἐπιστεύετε
3152 4967 3369 5028 Μωσεῖ,
3402 4965 3718 5020 ἐπιστεύετε

2131 5054 2197 5108 ἂν
2236 5055 2376 5126 ἐμοί.
2423 5055 2559 5127 Περὶ
2596 5055 2704 5128 γὰρ
2734 5055 2869 5127 ἐμοῦ
2909 5059 3114 5120 ἐκεῖνος
3147 5055 3373 5128 ἔγραψε·
3412 5075 3431 5108 ι
3468 5057 3717 5110 Δικαιού-

2135 5145 2275 5216 μεθα
2303 5145 2367 5218 δὴ
2405 5141 2498 5200 οῦν
2526 5148 2626 5202 οοκ
2658 5149 2717 5213 ἐξ
2757 5148 2930 5220 ἔργων
2958 5149 3152 5220 νόμου,
3193 5148 3372 5201 πίστει
3417 5147 3475 5199 δέ
3517 5147 3718 5218 μᾶλλον

2131 5240 2195 5310 τῇ
2238 5227 2318 5302 είς
2351 5239 2584 5310 Χριστόν
2607 5257 2621 5272 ⁶
2675 5259 2694 5294 ι
2722 5241 2880 5295 Ὅσοι
2912 5241 3021 5313 γὰρ
3049 5240 3109 5306 ἐξ
3147 5241 3323 5312 ἔργων
3352 5240 3516 5312 νόμου
3555 5243 3715 5304 εἰσιν,

2128 5331 2232 5384 ὑπὸ
2251 5331 2492 5403 κατάραν
2517 5332 2637 5386 εἰσί.
2657 5332 2969 5408 Γέγραπται
2991 5334 3118 5405 γάρ·
3154 5332 3584 5402 Ἐπικατάρατος
3610 5333 3715 5396 πᾶς

2127 5425 2187 5490 6;
2205 5426 2306 5480 οὐκ
2331 5426 2556 5497 ἐμμένει
2586 5427 2720 5480 πᾶσι
2751 5428 2864 5490 τοῖς
2895 5425 3303 5497 γεγραμμένοις
3333 5426 3390 5476 ἐν
3419 5423 3495 5495 τῷ
3525 5422 3714 5494 βιϐλίῳ
3822 5456 3846 5471 ρ

2129 5517 2224 5572 τοῦ
2254 5517 2442 5588 νόμου,
2475 5515 2569 5570 τοῦ
2600 5517 2825 5588 ποιῆσαι
2854 5517 3011 5571 αὑτά.
3056 5516 3194 5569 Ἀλλ’
3219 5516 3284 5568 ἐκ
3310 5514 3410 5584 τῆς
3426 5514 3520 5568 τοῦ
3547 5515 3712 5584 νόμου

2132 5611 2377 5682 κατάρας
2410 5609 2698 5680 ἐξεπρίατο
2742 5610 2949 5674 πάντας
2983 5609 3012 5662 6
3057 5607 3310 5679 Χριστὸς,
3346 5606 3713 5676 γεγενημένος

515 5783 558 5816 ³⁷
584 5781 738 5838 Joan.
775 5798 811 5846 ι,
971 5783 1035 5815 ⁵⁷”
1072 5782 1117 5840 Il
1155 5781 1278 5838 Cor.
1325 5799 1416 5851 xu,
1449 5784 1498 5840 9.
1583 5787 1625 5820 ³⁸
1653 5785 1827 5843 Calai.
1865 5804 1940 5856 ιιι,
1977 5787 2019 5843 ii

2142 5787 2184 5819 ⁸⁸
2215 5786 2376 5852 Ibid.,
2413 5785 2601 5842 εει-26.
2683 5787 2725 5818 ⁵ο
2754 5785 2916 5848 Ibid.,
2954 5785 3034 5850 I7,
3075 5785 3156 5840 i8.
3239 5787 3277 5818 “
3321 5784 3475 5840 Joan.
3523 5800 3577 5848 ι’,
3617 5781 3704 5838 56.
