3968 6300
173 371 264 427 εει

921 358 1502 433 ωΕξΑΒΟΒΑΤΙΟΝΕ
1531 357 1599 416 ΙΝ
1637 355 1774 411 SPIB

1886 355 1904 410 Ι
1943 351 2032 408 ΕΤ
2068 347 2440 408 VERITATE.
2482 345 2612 400 LIB.
2654 345 2718 400 ll.

3335 339 3450 393 ‘52:?

174 486 310 556 ὑπὲρ
337 485 501 555 ἡμῶν
535 479 771 550 κατάρα.
799 475 1117 546 Γέγραπται
1147 476 1277 546 γὰρ,
1301 476 1384 529 ὃτι
1413 475 1752 544 Enixa-capa-

1886 469 2149 525 naledicto
2169 465 2306 536 legis
2340 462 2595 519 Christus
2631 458 2866 513 redemit
2897 473 3110 520 omnes,
3139 455 3316 511 factus
3343 470 3442 524 pro

170 597 259 641 τος
293 578 402 641 πᾶς
426 577 456 629 ὁ
482 573 830 646 κρεμάμενος
859 569 950 623 ἐπὶ
995 567 1176 635 ξύλου,
1211 569 1298 620 ἴνα
1342 569 1423 630 είς
1464 567 1531 620 τὰ
1561 565 1689 633 ἔθνη
1719 567 1754 635 ἡ

172 670 390 739 εὐλογία
412 667 509 722 τοῦ
552 664 806 738 ’Δόραάμ
833 663 1044 731 γένοιτο
1076 663 1136 714 ὲν
1166 660 1390 733 Χριστῷ
1433 659 1628 730 Ἰησοῦ,
1670 659 1758 712 ἵνα

170 764 266 833 τὴν
305 757 648 828 ⁴ἐπαγγελίαν
691 755 790 810 τοῦ
851 750 1162 822 πνεύματος
1206 749 1459 821 λάϐωμεν
1505 749 1596 802 διὰ
1658 749 1756 820 τῆς

173 854 434 916 πίστεως.
477 869 498 903 ι

241 945 454 999 ΠΑΛΛ.
505 939 676 1008 amr,
702 935 748 995 ὧ
773 941 1021 1009 γενναῖε,
1057 935 1270 1007 βούλει,
1300 935 1348 986 εί
1381 933 1562 996 δοκεῖ,
1591 933 1760 1001 ἴωμεν

174 1041 236 1110 δὴ
268 1037 474 1109 μᾶλλον
505 1035 590 1104 ἐφ’
615 1033 804 1104 ἔτερόν
824 1050 878 1086 τι
910 1028 1275 1104 χριστομαθές
1306 1025 1386 1097 (ί)
1405 1041 1417 1056 ⁶
1451 1025 1616 1096 νόμου
1650 1023 1760 1093 γὰρ

177 1133 270 1186 καὶ
293 1132 398 1201 τῆς
431 1127 552 1182 κατ’
584 1125 746 1180 αὐτὸν
775 1122 1092 1194 οἰκονομίας
1123 1119 1340 1190 ἀπόχρη
1369 1117 1552 1172 ταυτί.

247 1309 414 1364 ΚΥΡ.
440 1305 620 1378 Φράζε
650 1305 715 1376 δὴ
733 1301 826 1360 οῦν
853 1305 881 1358 ὂ
908 1321 961 1358 τι
981 1302 1076 1357 καὶ
1105 1299 1252 1372 αύτῷ
1282 1317 1367 1355 σοι
1385 1300 1560 1370 φίλον,
1593 1297 1761 1368 κάμοὶ

180 1401 234 1455 δὲ
262 1401 442 1454 εἰπεῖν
464 1398 526 1452 ού
552 1397 661 1450 τῶν
691 1396 998 1465 ἀνεφίκτων
1035 1393 1195 1462 ἄγαν.

251 1590 460 1644 ΠΔΛΛ.
486 1588 597 1643 Καὶ
635 1587 742 1658 μὴν
775 1585 878 1638 οὐκ
902 1583 1136 1654 ἀνάντης
1164 1582 1306 1646 λίαν,
1346 1582 1515 1652 ἤγουν
1532 1579 1765 1650 ἀστιϐὴς

184 1688 216 1754 ἠ
248 1683 620 1758 ὲπαπόρησις.
662 1677 845 1749 ’Δλοίη
859 1677 905 1731 δ’
931 1675 1018 1738 ἂν,
1047 1672 1223 1746 οἶμαι,
1250 1676 1346 1728 καὶ
1369 1674 1491 1727 λίαν
1522 1672 1765 1743 ἀμογητὶ

181 1779 240 1830 τὸ
260 1773 619 1846 ζητούμενον,
658 1769 896 1840 Χριστοῦ
924 1768 985 1821 τὸ
1008 1767 1151 1821 θεῖον
1191 1768 1324 1838 ἡμῖν
1358 1763 1593 1827 ἐνιέντος
1622 1762 1758 1832 φῶς.

182 1865 305 1939 Ἆρ’
335 1851 441 1920 ὀὖν
487 1863 612 1935 οὐχὶ
657 1864 780 1926 ταῖς
824 1860 1188 1931 ἀναιμάκτοις
1231 1857 1590 1929 δωροφορίαις
1630 1855 1764 1909 Θεὸν

184 1963 520 2030 τιμήσομεν,
555 1957 606 2009 οἱ
653 1955 753 2024 τὴν
799 1955 860 2006 ὲν
906 1952 1087 2006 πίστει
1135 1951 1416 2004 δικαίωσιν
1464 1946 1766 2018 παραδεδε-

183 2054 394 2124 γμένοι,
429 2051 529 2105 καὶ
564 2049 666 2120 τὴν
695 2049 755 2101 ὲν
803 2045 982 2107 σκιαῖς
1021 2043 1118 2098 καὶ
1151 2041 1344 2106 τύποις
1389 2039 1644 2111 λατρείαν
1679 2037 1768 2105 ὲξ-

183 2145 320 2203 ωθού
329 2161 486 2217 μενοι
505 2159 521 2208 ;

249 2330 422 2388 ΚΥΡ.
450 2323 528 2384 Εὖ
555 2326 759 2396 λέγεις.
801 2323 1118 2396 Γέγραπται
1145 2321 1258 2392 γὰρ
1299 2321 1403 2387 ὅτι,
1439 2338 1458 2372 ι
1493 2320 1641 2392 Τίμα
1677 2319 1772 2373 τὸν

184 2424 389 2496 Κύριον
408 2420 520 2476 ἀπὸ
541 2419 654 2473 σῶν
692 2415 917 2472 δικαίων
961 2414 1169 2477 πόνων,
1196 2413 1292 2466 καὶ¹
1329 2412 1581 2482 ἀπάρχου
1622 2411 1770 2483 αὐτῷ

186 2516 292 2571 ἀπὸ
337 2515 450 2568 σῶν
490 2510 722 2584 καρπῶν
770 2506 1139 2578 δικαιοσύνης·
1176 2525 1195 2557 ι
1255 2523 1274 2556 ι
1326 2504 1607 2567 τοιαύταις
1653 2503 1764 2574 γὰρ

185 2605 398 2668 θυσίαις
432 2601 809 2674 εὐαρεστεῖται
842 2599 872 2652 ὁ
900 2597 1068 2662 Θεὸς,
1104 2614 1126 2647 ι
1163 2593 1306 2648 κατά
1325 2593 1424 2657 τὰς
1450 2593 1559 2647 τῶν
1600 2593 1770 2662 ἁγίων

185 2699 392 2768 φωνάς.

249 2790 468 2845 ΠΑΛΛ.
491 2786 716 2842 Εῑκαῖον
756 2777 860 2838 οὖν.
893 2781 1001 2854 ἄρα
1031 2780 1094 2833 τὸ
1133 2779 1463 2848 ἐπείγεσθαι,
1492 2777 1771 2848 βουθυτεῖν

186 2883 275 2938 καὶ
306 2881 380 2936 τά
406 2881 496 2934 διὰ
514 2880 614 2949 τῆς
643 2877 878 2949 ἀρχαίας
902 2876 1036 2946 ἡμῖν
1056 2874 1276 2944 ἐντολῆς
1309 2871 1772 2942 είσκεκομισμένα

191 2974 453 3046 πληροῦν.
489 2970 876 3045 Μηλοσφαγίαι
917 2984 977 3022 τε
1019 2967 1130 3038 γὰρ
1174 2967 1269 3019 καὶ
1314 2965 1606 3019 λιϐανωτοὶ
1626 3006 1639 3028 ,
1671 2965 1772 3018 λά-

186 3067 328 3135 γανά
365 3083 429 3119 τε
475 3065 614 3136 πρὸς
657 3059 1030 3127 τούτοις,καὶ
1076 3058 1357 3129 σεμίδαλις
1404 3057 1770 3120 ὲλαιόδευτος,

1861 561 2022 616 nobis
2058 557 2447 621 maledictum;
2484 553 2614 624 quia
2645 551 2910 620 scriptum
2952 556 3037 603 est
3075 567 3088 602 :
3123 549 3442 602 Maledictus
3491 541 3502 566 '

1859 654 2040 708 omnis
2078 650 2173 721 qui
2199 648 2405 720 pendet
2447 647 2506 701 in
2534 645 2705 715 ligno,
2736 651 2796 696 ιιι
2831 641 2888 695 in
2931 641 3187 711 gentibus
3214 639 3442 694 benedi-

1859 744 1971 800 ctio
1995 742 2230 798 Abrahae
2250 741 2405 794 ﬁeret
2421 739 2476 792 in
2497 735 2717 793 Christo
2737 733 2888 798 Jesu;
2912 740 2974 786 ut
2993 730 3459 801 pollicitationem

1775 902 1798 912 ,κ
1860 835 2089 906 spiritus
2113 832 2450 903 accipiamus
2484 845 2583 900 per
2616 828 2780 882 ﬁdem
2811 825 2880 879 °'.
2906 841 2926 874 ›

1934 926 2132 982 PALL.
2185 924 2292 980 Sed
2341 923 2409 978 de
2464 922 2552 976 his
2600 919 2823 990 quidem
2865 917 3152 980 hactenus,
3199 911 3444 983 Cyrille:

1862 1027 2206 1074 transeamus
2255 1018 2398 1088 jam,
2445 1014 2493 1069 si
2531 1014 2730 1084 placet,
2763 1010 2832 1065 ad
2879 1009 3116 1078 aliquam
3165 1005 3348 1076 potius
3379 1003 3449 1057 de

1861 1112 2086 1167 Christo
2113 1089 2545 1180 disputationEm
2581 1123 2593 1159 :
2625 1106 2696 1160 de
2733 1105 2852 1175 lege
2888 1103 3037 1158 enim
3066 1102 3294 1173 ejusque
3333 1097 3448 1152 dis-

1862 1203 2186 1274 pensatione
2214 1201 2367 1257 satis.

1936 1317 2095 1374 CYR.
2142 1317 2413 1386 Eloquere
2464 1313 2633 1386 igitur
2678 1309 2947 1384 quidquid
2999 1307 3099 1362 tibi
3145 1306 3466 1362 collibitum

1864 1408 2058 1471 fuerit,
2090 1407 2220 1461 dum
2268 1416 2450 1462 tamen
2495 1405 2629 1461 illud
2674 1420 2786 1460 non
2824 1400 3060 1457 nimium
3097 1398 3303 1470 ingenii
3344 1398 3464 1452 mei.

1865 1510 2084 1571 captum
2116 1501 2364 1555 excedat.

1937 1590 2135 1646 PALL.
2166 1589 2332 1660 Atqui
2367 1605 2477 1644 non
2509 1586 2804 1644 admodum
2842 1584 3012 1640 ardua
3046 1582 3317 1639 dubitatio
3345 1589 3450 1644 est,

1867 1692 1963 1738 aut
1983 1681 2254 1753 ejusmodi
2285 1689 2346 1735 ut
2367 1681 2434 1736 ad
2460 1697 2581 1736 eam
2611 1678 2929 1736 solvendam
2958 1676 3097 1731 adiri
3121 1675 3272 1729 nullo
3291 1673 3455 1727 modo

1867 1774 2075 1845 possit;
2110 1781 2274 1842 atque
2315 1773 2452 1827 adeo
2491 1771 2779 1834 facillime,
2815 1767 2963 1839 quod
3005 1780 3222 1836 quaero,
3255 1763 3454 1833 depre-

1868 1863 2033 1919 hendi
2057 1869 2257 1932 potest,
2282 1861 2502 1918 Christo
2527 1861 2769 1916 divinam
2800 1859 2948 1913 illam
2967 1858 3128 1913 nobis
3154 1857 3332 1911 lucem
3351 1855 3456 1907 im-

1867 1953 2140 2008 mittente.
2185 1951 2447 2020 Nunquid
2492 1951 2679 2022 igitur,
2727 1948 2822 2019 qui
2863 1948 2968 2003 ﬁde
3007 1945 3456 2019 justiﬁcationem

1868 2044 2202 2114 accepimus,
2226 2050 2283 2097 et
2311 2042 2466 2097 illum
2495 2041 2592 2096 Dei
2623 2041 2681 2096 in
2705 2040 2918 2094 umbris
2946 2055 3009 2093 ac
3033 2037 3220 2108 ﬁguris
3247 2036 3457 2090 cultum

1869 2135 2194 2207 abjecimus,
2220 2149 2333 2190 non
2356 2133 2666 2190 incruentis
2689 2130 3061 2188 oblationibus
3077 2129 3249 2183 Deum
3276 2128 3459 2181 colere

1870 2228 2174 2284 debemus?

1939 2342 2097 2398 CYR.
2131 2343 2300 2399 Recte
2338 2343 2497 2398 dicis.
2535 2342 2813 2414 Scriptum
2841 2350 2927 2397 est
2959 2337 3145 2395 enim:
3183 2357 3201 2390 ι
3239 2337 3459 2392 Honora

1870 2434 2042 2488 Deum
2070 2435 2138 2489 de
2166 2435 2274 2489 tuis
2296 2435 2461 2506 justis
2491 2434 2802 2499 laboribus;
2827 2441 2884 2488 et
2913 2430 3188 2502 primitias
3220 2428 3298 2482 illi
3325 2426 3462 2480 aﬂ‘er

1871 2526 1938 2581 de
1971 2527 2080 2582 tuis
2120 2527 2411 2582 fructibus
2431 2526 2659 2597 justitia:
2685 2527 2760 2592 ⁶³;
2819 2546 2837 2578 ι
2884 2545 2902 2576 ι
2939 2524 3145 2578 talibus
3171 2506 3325 2574 enim.
3356 2519 3460 2571 ho-

1871 2617 1992 2673 stiis
2036 2625 2386 2688 promeretur
2429 2618 2576 2672 Deus
2621 2617 2686 2683 “,
2737 2635 2757 2668 ›
2797 2617 2954 2688 juxta
3001 2623 3314 2671 sanctorum
3359 2609 3460 2663 ho-

1871 2709 2082 2764 minum
2117 2726 2300 2765 voces.

1940 2799 2138 2855 PALL.
2171 2800 2313 2870 Ergo
2347 2799 2575 2853 stultum
2610 2804 2694 2852 est
2732 2811 2928 2852 vacare
2961 2795 3142 2850 bobus
3171 2791 3466 2848 immolan-

1872 2889 1986 2956 dis,
2023 2898 2080 2945 et
2137 2906 2258 2960 quae
2299 2890 2474 2944 veteri
2515 2888 2775 2944 mandato
2818 2894 2950 2942 sunt
2987 2885 3151 2942 nobis
3186 2883 3462 2954 injuncta,

1873 2982 2170 3053 complere.
2206 2981 2403 3036 Ovium
2441 2997 2678 3051 namque
2712 2979 2951 3034 victimae
2979 2986 3036 3032 et
3058 2977 3241 3040 thura,
3273 2975 3468 3045 lagana

1875 3090 2114 3145 quoque,
2136 3087 2200 3128 ac
2219 3073 2396 3127 simila
2420 3073 2541 3127 oleo
2563 3071 2806 3142 perfusa,
2834 3079 3079 3125 turtures
3109 3068 3273 3122 etiam
3302 3074 3469 3133 atque

187 3162 446 3234 1φυγόντες
465 3177 524 3215 τε
554 3161 648 3214 καὶ
677 3161 1025 3230 περιστεραὶ,
1057 3155 1128 3210 τὰ
1169 3157 1290 3209 κατ’
1318 3156 1495 3208 ἐκεῖνο
1520 3153 1615 3207 τοῦ
1649 3171 1770 3207 και-

1886 3167 2161 3229 columbm,
2190 3181 2289 3236 pro
2328 3165 2591 3235 temporis
2618 3163 2766 3218 illius
2797 3161 3134 3224 conditione,
3160 3159 3332 3212 Deum
3373 3156 3466 3210 ad~

189 3251 307 3321 ροῦ,
327 3250 444 3304 τῶν
472 3245 922 3320 προσκυνούντων
941 3246 1291 3316 ἀναθήματα.
1322 3243 1485 3297 Ἀλλά
1518 3261 1608 3314 μοι
1637 3243 1776 3316 φρά-

191 3360 281 3398 σον
315 3341 438 3397 ἀνθ’
466 3342 592 3408 ,ὅτου
627 3339 701 3411 μὴ
731 3341 790 3394 ὲν
818 3329 1013 3410 ἀρχαῖς
1047 3337 1385 3406 ἀπόπεμπτα
1420 3335 1518 3405 μὲν
1543 3336 1777 3387 ἐποιεῖτο

187 3435 364 3499 ταυτὶ,
389 3432 461 3487 ea:
494 3433 552 3486 δὲ
591 3427 675 3496 οἷς
714 3431 975 3502 ὲφήδεται
1014 3429 1133 3484 νυνὶ
1182 3425 1528 3497 θεσμοθετῶν
1579 3427 1774 3496 ὁρᾶται

189 3528 344 3593 Θεὸς,
379 3527 479 3581 καὶ
507 3526 634 3590 τοὺς
677 3524 871 3588 θυσίας
899 3523 1034 3594 ἡμῖν
1069 3523 1170 3593 τῆς
1201 3518 1581 3590 πνευματικῆς
1611 3518 1778 3570 ἔκκα-

191 3621 384 3676 λύπτει
407 3619 668 3690 τρόπους.
855 3635 864 3678 ι

260 3713 425 3767 ΚΥΡ.
460 3705 589 3782 'Ap’
618 3703 710 3763 οὖν
743 3707 866 3773 οίει,
900 3705 996 3760 καὶ
1039 3705 1208 3774 φάναι
1234 3701 1469 3772 τολμᾷς,
1497 3697 1780 3770 βεϐουλεῦ-

196 3812 313 3862 σθαι
345 3805 446 3878 μὲν
471 3805 572 3858 οὐκ
599 3801 773 3874 ὀρθῶς
802 3801 1080 3870 ὲν-ἀρχαῖς
1109 3796 1171 3852 τὸ
1193 3796 1355 3861 θεῖον,
1382 3791 1782 3865 ἀφημαρτηκὸς

195 3901 249 3954 δὲ
272 3899 468 3972 ὥσπερ
489 3896 584 3952 τοῦ
616 3895 836 3958 τελείως
871 3892 1098 3961 ἀγαθοῦ,
1117 3890 1178 3943 τὸ
1210 3887 1393 3960 μεῖζον
1417 3888 1598 3958 εὑρεῖν
1630 3885 1781 3938 δεδυ-

197 3993 388 4064 νῆσθαι
444 3991 632 4062 μόλις;
683 3989 718 4060 ἦ
750 3987 882 4056 γοῦν
923 3984 1139 4038 ἑλέσθαι
1187 3983 1286 4053 μὲν
1331 3981 1451 4034 τότε
1481 3979 1550 4033 τὰ
1593 3979 1670 4042 ὼς
1722 3979 1781 4030 ὲν

199 4088 402 4150 σκιαῖς,
433 4085 510 4146 ὡς
536 4079 776 4152 διαρκῶς
803 4078 995 4148 ἔχοντα
1021 4075 1083 4128 τὸ
1111 4072 1301 4127 δοκοῦν
1329 4069 1499 4142 αὐτῷ,
1535 4069 1782 4140 φιλόκαι-

195 4193 283 4230 νον
325 4175 386 4230 δέ
425 4192 479 4228 τι
511 4172 633 4227 καθ’
678 4173 831 4242 ἡμᾶς
859 4169 1151 4238 ὑπομεῖναι
1195 4164 1401 4229 πάθος,
1445 4163 1655 4234 ἑτέροις
1694 4161 1784 4214 νέ-

200 4285 368 4338 μοντα
395 4267 499 4336 τὴν
540 4263 740 4336 ῥοπὴν,
774 4263 867 4316 καὶ
905 4258 1160 4331 λατρείαν
1199 4258 1335 4328 ἡμῖν
1375 4255 1476 4326 τὴν
1507 4255 1569 4308 ού
1611 4253 1781 4308 πάλαι

195 4356 606 4428 διεγνωσμένην
633 4349 1172 4424 κεκαινουργηκότα;

1877 3259 2151 3314 orantium
2175 3257 2480 3311 oblationes
2509 3256 2683 3310 fuere.
2717 3253 2825 3308 Sed
2852 3253 2988 3306 mihi
3017 3266 3259 3320 exponas
3303 3249 3467 3302 velim

1873 3365 1984 3420 qua
2017 3349 2085 3403 de
2112 3363 2276 3402 causa
2307 3362 2415 3399 non
2443 3346 2560 3399 haec
2587 3361 2617 3398 a
2641 3342 2916 3414 principio
2942 3343 3090 3396 Deus
3121 3337 3469 3408 improbave-

1877 3439 1976 3503 rit;
2010 3451 2104 3491 eas
2142 3451 2292 3499 vero,
2341 3435 2544 3504 quibus
2574 3433 2794 3503 gaudet,
2833 3430 3160 3492 oblationes,
3192 3443 3339 3481 nunc
3370 3426 3468 3480 de-

1877 3544 2030 3583 mum
2057 3526 2385 3582 sanciendas
2406 3525 2648 3590 duxerit,
2673 3525 2987 3594 quibusque
3011 3521 3188 3576 modis
3213 3520 3472 3590 spiritua-

1877 3620 1958 3678 les
1986 3618 2181 3674 hostiae
2210 3617 2502 3673 offerendas
2537 3615 2668 3680 sint,
2706 3615 3005 3686 aperuerit.

1945 3711 2104 3768 CYR.
2129 3709 2273 3776 Quid
2299 3717 2356 3764 tu
2382 3709 2550 3780 igitur
2579 3724 2794 3772 censes,
2830 3706 2937 3778 56
2960 3721 3024 3760 ac
3053 3704 3239 3760 dicere
3277 3700 3467 3765 audes,

1878 3804 2053 3860 Deum
2081 3803 2304 3874 quidem
2335 3803 2515 3872 ipsum
2547 3816 2577 3856 a
2609 3799 2886 3871 principio
2917 3814 3029 3854 non
3068 3806 3218 3852 recte
3249 3793 3470 3850 consul-

1883 3905 2046 3961 tasse,
2073 3895 2168 3950 sed
2203 3902 2413 3965 postea,
2445 3909 2568 3948 cum
2600 3909 2658 3948 se
2693 3892 2763 3947 ab
2791 3907 2858 3946 eo
2887 3889 3349 3961 quod'optimum
3380 3901 3470 3939 es-

1881 3997 1965 4043 set
2014 3987 2298 4042 aberrasse
2349 3987 2613 4052 sentiret,
2655 3985 2876 4041 tandem
2918 3984 3068 4055 quod
3111 3983 3311 4038 melius
3354 3985 3474 4034 erat

1882 4080 2131 4134 invenire
2165 4080 2445 4150 potuisse?
2470 4079 2553 4133 An
2587 4087 2700 4132 tum
2741 4078 2964 4148 quidem
2998 4083 3146 4131 certe
3177 4075 3326 4130 cultu
3375 4072 3473 4142 qui

1883 4168 1940 4222 in
1967 4168 2179 4224 umbris
2210 4178 2350 4235 erat,
2374 4184 2502 4223 eum
2528 4176 2849 4222 contentum
2872 4168 3041 4221 fuisse
3065 4173 3244 4236 putas,
3274 4162 3474 4217 deinde

1884 4259 2124 4314 humano
2145 4277 2296 4315 more
2321 4277 2460 4315 vana
2485 4260 2720 4329 quadam
2748 4259 3049 4328 cupiditate
3076 4264 3318 4325 captum,
3338 4253 3472 4306 illud

1884 4350 2116 4404 alterum
2149 4350 2414 4405 oﬂerendi
2441 4365 2613 4421 genus
2649 4348 2930 4419 probasse,
2963 4347 3280 4415 cultumque
3314 4344 3475 4399 nobis

1883 4457 2087 4498 novum
2122 4449 2286 4512 atque
2316 4442 2552 4497 antehac
2582 4441 2917 4512 incognitum
2957 4437 3298 4492 instituisse?

275 4533 494 4586 ΠΑΔΛ.
546 4530 620 4585 Οὐ
655 4528 756 4600 μὲν
794 4520 908 4582 οὗν.
962 4526 1145 4598 Δῆρος
1189 4523 1331 4594 γὰρ,
1382 4516 1566 4594 οῐμαι,
1602 4524 1774 4578 ταυτί.

1955 4533 2154 4588 PALL.
2177 4534 2399 4589 Minime
2421 4549 2586 4589 vero:
2616 4548 2742 4587 nam
2766 4531 2818 4586 id
2835 4530 3056 4602 quidem
3073 4528 3380 4584 fabulosum
3411 4543 3485 4582 ac-

197 4622 321 4676 ούδ*
348 4621 418 4676 ἂν
441 4620 736 4691 οίησαίμην
761 4620 843 4672 ὅτι
869 4617 931 4671 τὸ
957 4615 1303 4686 ἀφαμαρτεῖν
1337 4611 1597 4666 δύνασθαι
1638 4612 1782 4667 κατά

196 4727 250 4766 τι
282 4709 416 4780 γοῦν
454 4711 591 4773 ὅλως
622 4709 809 4762 ἕποιτο
840 4706 1008 4778 αὐτῷ.
1042 4705 1296 4776 Μάθοιμι.
1319 4703 1364 4757 δ’
1390 4701 1458 4757 ἃν
1480 4703 1556 4766 ὡς
1587 4703 1784 4774 ἥδιστά

198 4820 263 4871 γε
291 4803 349 4856 τί
388 4803 452 4856 τὸ
487 4801 784 4856 ἀναπεῖθον
829 4799 1206 4872 θεσμοθετεῖν,
1243 4797 1356 4860 τοῖς
1387 4795 1484 4849 ἐπὶ
1515 4795 1614 4866 τῆς
1641 4795 1781 4866 γῆς,

198 4898 388 4952 ἐκεῖνα
422 4897 525 4968 μὲν
553 4895 696 4960 τότε,
727 4893 846 4950 νυνὶ
867 4893 932 4948 δὲ,
949 4892 1130 4947 ταυτί.

275 5075 441 5130 ΚΥΡ.
475 5075 692 5129 Ἀνόπιν
711 5075 902 5145 ὥσπερ
931 5073 1066 5127 ἱέναι
1092 5071 1304 5125 πάλινὸ
1331 5069 1422 5133 σὸς
1441 5069 1587 5140 ἡμᾶς
1618 5069 1790 5136 ἀναγο

199 5170 360 5234 me:
399 5169 583 5237 λόγος.
617 5168 690 5222 Ἦ
730 5169 833 5222 οὐκ
869 5166 1008 5238 ἔφην
1047 5166 1131 5219 ὅτι
1160 5164 1509 5232 παιδαγωγὸς
1547 5157 1615 5234 ἦν
1645 5164 1674 5214 ὁ
1703 5162 1792 5215 νό-

203 5279 328 5334 μος,
362 5261 513 5315 τοῦτ’
558 5260 707 5326 ἐστι,
749 5261 860 5313 τῶν
890 5259 971 5313 ἔτι
1009 5258 1220 5328 νηπίων
1257 5259 1286 5310 ὁ
1330 5256 1654 5327 παιδευτήςς
1700 5255 1794 5308 καὶ

197 5356 317 5416 τοῖς
335 5352 494 5408 οὔπω
523 5352 770 5407 συνιέναι
795 5351 1116 5422 δυναμένοις
1142 5350 1196 5403 τί
1224 5350 1285 5403 τὸ
1311 5349 1528 5420 ἀληθῶς
1556 5350 1789 5418 ἀγαθόν;

200 5443 301 5497 καὶ
331 5445 488 5497 ποῖον
518 5443 587 5497 ἂν
623 5443 710 5514 εἴη
741 5442 802 5496 τὸ
830 5441 1042 5512 θέλημα
1069 5439 1164 5494 τοῦ
1192 5439 1352 5504 Θεοῦ,
1378 5439 1440 5492 τὸ
1469 5439 1672 5493 τέλειον
1698 5440 1792 5494 καὶ

200 5537 541 5608 εὐάρεστον,
592 5535 662 5588 δι’
711 5534 1036 5607 αἰνίγματος
1089 5533 1408 5605 ὑποδηλῶν;
1458 5534 1554 5588 καὶ
1604 5533 1680 5597 ὡς
1735 5535 1797 5587 ἐν

1887 4625 2181 4680 ridiculum
2201 4635 2355 4696 puto,
2370 4641 2550 4696 neque
2571 4640 2811 4694 unquam
2831 4622 3257 4678 existimaverim
3279 4620 3476 4675 cadere

1889 4717 1996 4772 hoc
2029 4717 2083 4772 in
2117 4717 2312 4782 Deum,
2347 4725 2408 4772 ut
2428 4717 2514 4772 vel
2539 4717 2767 4771 minima
2797 4717 3019 4787 quidem
3050 4715 3106 4769 in
3132 4731 3190 4770 re
3219 4715 3475 4769 aberrare

1890 4810 2080 4882 possit.
2111 4810 2260 4865 Aveo
2287 4818 2470 4866 tamen
2505 4809 2696 4865 audire
2735 4826 2842 4880 qua
2885 4824 2945 4863 re
2984 4815 3287 4878 permotus,
3315 4805 3485 4860 nobis

1892 4899 1989 4970 qui
2019 4901 2074 4954 in
2101 4900 2266 4954 terris
2293 4915 2598 4966 versamur,
2632 4907 2748 4954 tum
2776 4897 3000 4969 quidem
3027 4895 3137 4962 illa,
3167 4908 3316 4949 nunc
3342 4910 3486 4949 vero-

1894 4991 2010 5045 bzec
2043 4990 2148 5044 alia
2185 4990 2446 5045 sanxerit.

1961 5081 2120 5138 CYR.
2156 5083 2370 5138 Rursus
2397 5098 2462 5138 ea
2504 5098 2625 5153 quae
2666 5078 2919 5150 superius
2956 5077 3102 5132 dicta
3148 5084 3276 5132 sunt
3315 5091 3476 5146 repe-

1891 5182 2007 5230 tere
2043 5183 2135 5230 tua
2162 5175 2308 5247 cogit
2329 5175 2524 5230 oratio.
2556 5174 2747 5228 Nonne
2771 5172 2884 5226 dixi
2911 5157 3262 5242 pzedagogum
3286 5185 3486 5240 quem-

1893 5265 2018 5320 dam
2048 5266 2217 5321 fuisse
2248 5268 2445 5338 legem,
2475 5265 2529 5320 id
2572 5271 2675 5328 est,
2707 5263 3024 5334 magistrum
3049 5278 3241 5317 eorum
3269 5261 3360 5330 qui
3393 5259 3486 5313 in—

1883 5356 2065 5414 fantes
2094 5359 2278 5414 adhuc
2305 5367 2512 5422 essent,
2541 5364 2597 5410 et
2621 5357 2715 5426 qui
2741 5356 2986 5412 nondum
3018 5355 3319 5424 intelligere
3351 5351 3477 5420 pes;

1889 5456 2032 5513 sent,
2072 5450 2140 5504 iis
2177 5450 2309 5519 quid
2336 5464 2464 5504 vere
2506 5447 2712 5502 bonum
2745 5447 2836 5513 sit,
2875 5462 2997 5518 qua:
3025 5446 3190 5501 etiam
3223 5441 3490 5496 voluntas;

1891 5539 1988 5595 Dei
2030 5540 2268 5611 perfecta
2295 5549 2351 5596 et
2379 5539 2743 5611 beneplacens
2786 5555 2884 5612 per
2921 5537 3152 5610 aanigma
3181 5533 3494 5591 subosten~

270 5674 320 5707 ⁶¹
343 5673 530 5730 Calat.
557 5689 636 5750 ιιι,
669 5673 854 5728 10-14.
932 5674 977 5706 ⁸³
1001 5648 1158 5729 Ριον.
1193 5690 1272 5741 ιιι,
1298 5673 1351 5729 9.
1429 5673 1475 5706 °"
1499 5673 1668 5730 llebr.
1697 5689 1811 5730 xm.
1839 5674 1924 5731 i6.

277 5794 355 5866 (ι)
385 5794 518 5867 Leg.
564 5793 964 5864 χρηστομαθὲς.
1004 5793 1152 5850 Ευιτ.
