  <div class='ocr_page' id='page_1' title='image "/cluster/home/n/w/nwhite01/storage/ocr_20150623/68/pst.000005712694/123.png"; bbox 0 0 3968 6300; ppageno 0'>
   <div class='ocr_carea' id='block_1_1' title="bbox 461 319 570 377">
    <p class='ocr_par' dir='ltr' id='par_1_1' title="bbox 461 319 570 377">
     <span class='ocr_line' id='line_1_1' title="bbox 461 319 570 377; baseline 0.018 -2"><span class='ocrx_word' id='word_1_1' title='bbox 461 319 570 377; x_wconf 69' lang='lat'><strong>3.23</strong></span> 
     </span>
    </p>
   </div>
   <div class='ocr_carea' id='block_1_2' title="bbox 1466 312 3749 377">
    <p class='ocr_par' dir='ltr' id='par_1_2' title="bbox 1466 312 3749 377">
     <span class='ocr_line' id='line_1_2' title="bbox 1466 312 3749 377; baseline 0.003 -7"><span class='ocrx_word' id='word_1_2' title='bbox 1466 312 1523 370; x_wconf 89' lang='lat' dir='ltr'><strong>S.</strong></span> <span class='ocrx_word' id='word_1_3' title='bbox 1572 312 1847 369; x_wconf 83' lang='lat' dir='ltr'><strong>CYRILLI</strong></span> <span class='ocrx_word' id='word_1_4' title='bbox 1888 315 2361 372; x_wconf 77' lang='lat' dir='ltr'><strong>ALEXANDRINI</strong></span> <span class='ocrx_word' id='word_1_5' title='bbox 2401 314 2722 372; x_wconf 81' lang='lat' dir='ltr'><strong>ARCIIIEP.</strong></span> <span class='ocrx_word' id='word_1_6' title='bbox 2962 314 2969 319; x_wconf 78' lang='grc'><em>’</em></span> <span class='ocrx_word' id='word_1_7' title='bbox 3638 319 3749 377; x_wconf 65' lang='grc' dir='ltr'><strong>εει</strong></span> 
     </span>
    </p>
   </div>
   <div class='ocr_carea' id='block_1_3' title="bbox 462 422 2054 504">
    <p class='ocr_par' dir='ltr' id='par_1_3' title="bbox 462 422 2050 499">
     <span class='ocr_line' id='line_1_3' title="bbox 462 422 2050 499; baseline -0.004 -13"><span class='ocrx_word' id='word_1_8' title='bbox 462 433 632 497; x_wconf 85' lang='lat' dir='ltr'><strong>disse,</strong></span> <span class='ocrx_word' id='word_1_9' title='bbox 651 445 716 486; x_wconf 89' lang='lat' dir='ltr'><strong>ac</strong></span> <span class='ocrx_word' id='word_1_10' title='bbox 733 427 906 492; x_wconf 81' lang='lat' dir='ltr'><strong>veluti</strong></span> <span class='ocrx_word' id='word_1_11' title='bbox 926 422 1247 482; x_wconf 81' lang='lat' dir='ltr'><strong>rudiOribus</strong></span> <span class='ocrx_word' id='word_1_12' title='bbox 1266 424 1449 482; x_wconf 86' lang='lat' dir='ltr'><strong>adhuc</strong></span> <span class='ocrx_word' id='word_1_13' title='bbox 1470 426 1662 497; x_wconf 86' lang='lat' dir='ltr'><strong>ﬁguris</strong></span> <span class='ocrx_word' id='word_1_14' title='bbox 1682 427 2050 499; x_wconf 84' lang='lat' dir='ltr'><strong>signiﬁcasse?</strong></span> 
     </span>
    </p>
   </div>
   <div class='ocr_carea' id='block_1_4' title="bbox 2160 422 3742 504">
    <p class='ocr_par' dir='ltr' id='par_1_4' title="bbox 2160 426 3742 504">
     <span class='ocr_line' id='line_1_4' title="bbox 2160 426 3742 504; baseline 0.001 -22"><span class='ocrx_word' id='word_1_15' title='bbox 2160 429 2383 498; x_wconf 80' lang='grc' dir='ltr'>παχέσιν</span> <span class='ocrx_word' id='word_1_16' title='bbox 2423 426 2503 482; x_wconf 80' lang='grc' dir='ltr'>ἐτι</span> <span class='ocrx_word' id='word_1_17' title='bbox 2534 429 2962 499; x_wconf 83' lang='grc' dir='ltr'>κατασημαίνων</span> <span class='ocrx_word' id='word_1_18' title='bbox 2998 428 3224 495; x_wconf 83' lang='grc' dir='ltr'>τύποις;</span> <span class='ocrx_word' id='word_1_19' title='bbox 3261 430 3382 501; x_wconf 68' lang='lat' dir='ltr'><strong>ei‘cn</strong></span> <span class='ocrx_word' id='word_1_20' title='bbox 3412 429 3541 501; x_wconf 77' lang='grc' dir='ltr'>γὰρ,</span> <span class='ocrx_word' id='word_1_21' title='bbox 3585 434 3742 504; x_wconf 74' lang='grc' dir='ltr'>εἴσῃ,</span> 
     </span>
    </p>
   </div>
   <div class='ocr_carea' id='block_1_5' title="bbox 463 518 2048 594">
    <p class='ocr_par' dir='ltr' id='par_1_5' title="bbox 463 518 2048 594">
     <span class='ocr_line' id='line_1_5' title="bbox 463 518 2048 594; baseline -0.004 -15"><span class='ocrx_word' id='word_1_22' title='bbox 463 523 774 594; x_wconf 90' lang='lat' dir='ltr'><strong>Intelligere</strong></span> <span class='ocrx_word' id='word_1_23' title='bbox 796 521 967 585; x_wconf 88' lang='lat' dir='ltr'><strong>enim,</strong></span> <span class='ocrx_word' id='word_1_24' title='bbox 989 534 1169 588; x_wconf 90' lang='lat' dir='ltr'><strong>neque</strong></span> <span class='ocrx_word' id='word_1_25' title='bbox 1192 518 1248 573; x_wconf 88' lang='lat' dir='ltr'><strong>id</strong></span> <span class='ocrx_word' id='word_1_26' title='bbox 1274 533 1472 589; x_wconf 85' lang='lat' dir='ltr'><strong>magno</strong></span> <span class='ocrx_word' id='word_1_27' title='bbox 1496 520 1718 589; x_wconf 89' lang='lat' dir='ltr'><strong>negotio</strong></span> <span class='ocrx_word' id='word_1_28' title='bbox 1736 528 1914 590; x_wconf 89' lang='lat' dir='ltr'><strong>potes,</strong></span> <span class='ocrx_word' id='word_1_29' title='bbox 1934 520 2048 589; x_wconf 82' lang='lat' dir='ltr'><strong>Spi-</strong></span> 
     </span>
    </p>
   </div>
   <div class='ocr_carea' id='block_1_6' title="bbox 463 608 2049 680">
    <p class='ocr_par' dir='ltr' id='par_1_6' title="bbox 463 608 2049 680">
     <span class='ocr_line' id='line_1_6' title="bbox 463 608 2049 680; baseline -0.003 -10"><span class='ocrx_word' id='word_1_30' title='bbox 463 614 682 670; x_wconf 86' lang='lat' dir='ltr'><strong>ritualis</strong></span> <span class='ocrx_word' id='word_1_31' title='bbox 702 612 886 668; x_wconf 91' lang='lat' dir='ltr'><strong>cultus</strong></span> <span class='ocrx_word' id='word_1_32' title='bbox 905 608 1177 665; x_wconf 89' lang='lat' dir='ltr'><strong>rationem</strong></span> <span class='ocrx_word' id='word_1_33' title='bbox 1203 608 1372 664; x_wconf 80' lang='lat' dir='ltr'><strong>fuisse</strong></span> <span class='ocrx_word' id='word_1_34' title='bbox 1394 609 1622 679; x_wconf 85' lang='lat' dir='ltr'><strong>quidem</strong></span> <span class='ocrx_word' id='word_1_35' title='bbox 1639 625 1858 680; x_wconf 80' lang='lat' dir='ltr'><strong>semper</strong></span> <span class='ocrx_word' id='word_1_36' title='bbox 1883 611 2049 666; x_wconf 89' lang='lat' dir='ltr'><strong>etiam</strong></span> 
     </span>
    </p>
   </div>
   <div class='ocr_carea' id='block_1_7' title="bbox 460 700 2050 771">
    <p class='ocr_par' dir='ltr' id='par_1_7' title="bbox 460 700 2050 771">
     <span class='ocr_line' id='line_1_7' title="bbox 460 700 2050 771; baseline -0.004 -9"><span class='ocrx_word' id='word_1_37' title='bbox 460 705 592 762; x_wconf 88' lang='lat' dir='ltr'><strong>inde</strong></span> <span class='ocrx_word' id='word_1_38' title='bbox 633 705 704 759; x_wconf 89' lang='lat' dir='ltr'><strong>ab</strong></span> <span class='ocrx_word' id='word_1_39' title='bbox 751 701 911 757; x_wconf 91' lang='lat' dir='ltr'><strong>initio</strong></span> <span class='ocrx_word' id='word_1_40' title='bbox 955 702 1068 756; x_wconf 90' lang='lat' dir='ltr'><strong>Deo</strong></span> <span class='ocrx_word' id='word_1_41' title='bbox 1118 700 1519 771; x_wconf 80' lang='lat' dir='ltr'><strong>gratissimam;</strong></span> <span class='ocrx_word' id='word_1_42' title='bbox 1575 700 1823 755; x_wconf 89' lang='lat' dir='ltr'><strong>nondum</strong></span> <span class='ocrx_word' id='word_1_43' title='bbox 1867 709 2050 756; x_wconf 89' lang='lat' dir='ltr'><strong>tamen</strong></span> 
     </span>
    </p>
   </div>
   <div class='ocr_carea' id='block_1_8' title="bbox 443 793 2049 867">
    <p class='ocr_par' dir='ltr' id='par_1_8' title="bbox 443 793 2049 867">
     <span class='ocr_line' id='line_1_8' title="bbox 443 793 2049 867; baseline -0.002 -14"><span class='ocrx_word' id='word_1_44' title='bbox 443 795 732 867; x_wconf 85' lang='lat' dir='ltr'><strong>-cjusmodi</strong></span> <span class='ocrx_word' id='word_1_45' title='bbox 772 803 835 850; x_wconf 91' lang='lat' dir='ltr'><strong>ut</strong></span> <span class='ocrx_word' id='word_1_46' title='bbox 859 793 928 849; x_wconf 90' lang='lat' dir='ltr'><strong>ad</strong></span> <span class='ocrx_word' id='word_1_47' title='bbox 955 809 1076 849; x_wconf 91' lang='lat' dir='ltr'><strong>eam</strong></span> <span class='ocrx_word' id='word_1_48' title='bbox 1104 801 1399 866; x_wconf 88' lang='lat' dir='ltr'><strong>penetrare</strong></span> <span class='ocrx_word' id='word_1_49' title='bbox 1424 801 1587 863; x_wconf 88' lang='lat' dir='ltr'><strong>atque</strong></span> <span class='ocrx_word' id='word_1_50' title='bbox 1610 794 1925 864; x_wconf 76' lang='lat' dir='ltr'><strong>pertingere</strong></span> <span class='ocrx_word' id='word_1_51' title='bbox 1950 794 2049 850; x_wconf 84' lang='lat' dir='ltr'><strong>Ju-</strong></span> 
     </span>
    </p>
   </div>
   <div class='ocr_carea' id='block_1_9' title="bbox 460 883 2048 955">
    <p class='ocr_par' dir='ltr' id='par_1_9' title="bbox 460 883 2048 955">
     <span class='ocr_line' id='line_1_9' title="bbox 460 883 2048 955; baseline -0.003 -12"><span class='ocrx_word' id='word_1_52' title='bbox 460 888 701 943; x_wconf 66' lang='lat' dir='ltr'><strong>daaorum</strong></span> <span class='ocrx_word' id='word_1_53' title='bbox 729 885 898 941; x_wconf 89' lang='lat' dir='ltr'><strong>animi</strong></span> <span class='ocrx_word' id='word_1_54' title='bbox 924 893 1167 955; x_wconf 84' lang='lat' dir='ltr'><strong>possent.</strong></span> <span class='ocrx_word' id='word_1_55' title='bbox 1200 885 1387 955; x_wconf 88' lang='lat' dir='ltr'><strong>Itaque</strong></span> <span class='ocrx_word' id='word_1_56' title='bbox 1422 884 1610 939; x_wconf 85' lang='lat' dir='ltr'><strong>verbis</strong></span> <span class='ocrx_word' id='word_1_57' title='bbox 1651 883 1720 940; x_wconf 89' lang='lat' dir='ltr'><strong>ad</strong></span> <span class='ocrx_word' id='word_1_58' title='bbox 1761 884 2048 940; x_wconf 82' lang='lat' dir='ltr'><strong>infantiam</strong></span> 
     </span>
    </p>
   </div>
   <div class='ocr_carea' id='block_1_10' title="bbox 460 976 2048 1050">
    <p class='ocr_par' dir='ltr' id='par_1_10' title="bbox 460 976 2048 1050">
     <span class='ocr_line' id='line_1_10' title="bbox 460 976 2048 1050; baseline 0.001 -18"><span class='ocrx_word' id='word_1_59' title='bbox 460 979 622 1050; x_wconf 87' lang='lat' dir='ltr'><strong>aptis,</strong></span> <span class='ocrx_word' id='word_1_60' title='bbox 660 977 1008 1049; x_wconf 74' lang='lat' dir='ltr'><strong>simplicique</strong></span> <span class='ocrx_word' id='word_1_61' title='bbox 1033 977 1324 1049; x_wconf 82' lang='lat' dir='ltr'><strong>disciplina</strong></span> <span class='ocrx_word' id='word_1_62' title='bbox 1368 984 1533 1048; x_wconf 86' lang='lat' dir='ltr'><strong>atque</strong></span> <span class='ocrx_word' id='word_1_63' title='bbox 1559 976 1891 1033; x_wconf 85' lang='lat' dir='ltr'><strong>educatione</strong></span> <span class='ocrx_word' id='word_1_64' title='bbox 1926 993 2048 1033; x_wconf 88' lang='lat' dir='ltr'><strong>mo-</strong></span> 
     </span>
    </p>
   </div>
   <div class='ocr_carea' id='block_1_11' title="bbox 459 1068 2049 1141">
    <p class='ocr_par' dir='ltr' id='par_1_11' title="bbox 459 1068 2049 1141">
     <span class='ocr_line' id='line_1_11' title="bbox 459 1068 2049 1141; baseline -0.001 -13"><span class='ocrx_word' id='word_1_65' title='bbox 459 1072 647 1128; x_wconf 90' lang='lat' dir='ltr'><strong>derata</strong></span> <span class='ocrx_word' id='word_1_66' title='bbox 683 1086 822 1141; x_wconf 89' lang='lat' dir='ltr'><strong>opus</strong></span> <span class='ocrx_word' id='word_1_67' title='bbox 852 1069 977 1136; x_wconf 85' lang='lat' dir='ltr'><strong>fuit,</strong></span> <span class='ocrx_word' id='word_1_68' title='bbox 1005 1086 1127 1140; x_wconf 67' lang='lat' dir='ltr'><strong>quae</strong></span> <span class='ocrx_word' id='word_1_69' title='bbox 1166 1068 1304 1124; x_wconf 88' lang='lat' dir='ltr'><strong>nihil</strong></span> <span class='ocrx_word' id='word_1_70' title='bbox 1339 1068 1594 1135; x_wconf 87' lang='lat' dir='ltr'><strong>arduum,</strong></span> <span class='ocrx_word' id='word_1_71' title='bbox 1624 1069 1765 1124; x_wconf 85' lang='lat' dir='ltr'><strong>nihil</strong></span> <span class='ocrx_word' id='word_1_72' title='bbox 1793 1085 2049 1140; x_wconf 87' lang='lat' dir='ltr'><strong>asperum</strong></span> 
     </span>
    </p>
   </div>
   <div class='ocr_carea' id='block_1_12' title="bbox 460 1162 2048 1233">
    <p class='ocr_par' dir='ltr' id='par_1_12' title="bbox 460 1162 2048 1233">
     <span class='ocr_line' id='line_1_12' title="bbox 460 1162 2048 1233; baseline 0 -14"><span class='ocrx_word' id='word_1_73' title='bbox 460 1165 709 1221; x_wconf 84' lang='lat' dir='ltr'><strong>haberet.</strong></span> <span class='ocrx_word' id='word_1_74' title='bbox 762 1163 901 1219; x_wconf 89' lang='lat' dir='ltr'><strong>Nam</strong></span> <span class='ocrx_word' id='word_1_75' title='bbox 942 1171 999 1218; x_wconf 89' lang='lat' dir='ltr'><strong>et</strong></span> <span class='ocrx_word' id='word_1_76' title='bbox 1030 1172 1190 1218; x_wconf 85' lang='lat' dir='ltr'><strong>antea</strong></span> <span class='ocrx_word' id='word_1_77' title='bbox 1237 1162 1480 1218; x_wconf 85' lang='lat' dir='ltr'><strong>instituit</strong></span> <span class='ocrx_word' id='word_1_78' title='bbox 1524 1162 1750 1233; x_wconf 88' lang='lat' dir='ltr'><strong>quidem</strong></span> <span class='ocrx_word' id='word_1_79' title='bbox 1798 1163 1945 1218; x_wconf 91' lang='lat' dir='ltr'><strong>Deus</strong></span> <span class='ocrx_word' id='word_1_80' title='bbox 1983 1179 2048 1219; x_wconf 91' lang='lat' dir='ltr'><strong>ea</strong></span> 
     </span>
    </p>
   </div>
   <div class='ocr_carea' id='block_1_13' title="bbox 459 1254 2047 1330">
    <p class='ocr_par' dir='ltr' id='par_1_13' title="bbox 459 1254 2047 1330">
     <span class='ocr_line' id='line_1_13' title="bbox 459 1254 2047 1330; baseline -0.003 -17"><span class='ocrx_word' id='word_1_81' title='bbox 459 1274 583 1330; x_wconf 66' lang='lat' dir='ltr'><strong>quae</strong></span> <span class='ocrx_word' id='word_1_82' title='bbox 634 1258 693 1312; x_wconf 90' lang='lat' dir='ltr'><strong>in</strong></span> <span class='ocrx_word' id='word_1_83' title='bbox 738 1256 928 1329; x_wconf 88' lang='lat' dir='ltr'><strong>ﬁguris</strong></span> <span class='ocrx_word' id='word_1_84' title='bbox 967 1255 1328 1328; x_wconf 77' lang='lat' dir='ltr'><strong>gerebantur;</strong></span> <span class='ocrx_word' id='word_1_85' title='bbox 1370 1254 1811 1325; x_wconf 81' lang='lat' dir='ltr'><strong>praemonstravit</strong></span> <span class='ocrx_word' id='word_1_86' title='bbox 1868 1262 2047 1311; x_wconf 86' lang='lat' dir='ltr'><strong>tamen</strong></span> 
     </span>
    </p>
   </div>
   <div class='ocr_carea' id='block_1_14' title="bbox 457 1345 2049 1415">
    <p class='ocr_par' dir='ltr' id='par_1_14' title="bbox 457 1345 2049 1415">
     <span class='ocr_line' id='line_1_14' title="bbox 457 1345 2049 1415; baseline -0.002 -11"><span class='ocrx_word' id='word_1_87' title='bbox 457 1364 524 1404; x_wconf 84' lang='lat' dir='ltr'><strong>ea</strong></span> <span class='ocrx_word' id='word_1_88' title='bbox 574 1348 797 1404; x_wconf 87' lang='lat' dir='ltr'><strong>tandem</strong></span> <span class='ocrx_word' id='word_1_89' title='bbox 858 1354 1091 1403; x_wconf 86' lang='lat' dir='ltr'><strong>ventura</strong></span> <span class='ocrx_word' id='word_1_90' title='bbox 1133 1353 1298 1415; x_wconf 89' lang='lat' dir='ltr'><strong>atque</strong></span> <span class='ocrx_word' id='word_1_91' title='bbox 1351 1345 1605 1400; x_wconf 82' lang='lat' dir='ltr'><strong>adfutura</strong></span> <span class='ocrx_word' id='word_1_92' title='bbox 1649 1361 1752 1400; x_wconf 84' lang='lat' dir='ltr'><strong>suo</strong></span> <span class='ocrx_word' id='word_1_93' title='bbox 1801 1354 2049 1415; x_wconf 89' lang='lat' dir='ltr'><strong>tempore</strong></span> 
     </span>
    </p>
   </div>
   <div class='ocr_carea' id='block_1_15' title="bbox 459 1437 2048 1512">
    <p class='ocr_par' dir='ltr' id='par_1_15' title="bbox 459 1437 2048 1512">
     <span class='ocr_line' id='line_1_15' title="bbox 459 1437 2048 1512; baseline -0.004 -14"><span class='ocrx_word' id='word_1_94' title='bbox 459 1459 581 1512; x_wconf 75' lang='lat' dir='ltr'><strong>qua:</strong></span> <span class='ocrx_word' id='word_1_95' title='bbox 601 1442 669 1496; x_wconf 85' lang='lat' dir='ltr'><strong>ad</strong></span> <span class='ocrx_word' id='word_1_96' title='bbox 691 1456 886 1496; x_wconf 89' lang='lat' dir='ltr'><strong>verum</strong></span> <span class='ocrx_word' id='word_1_97' title='bbox 906 1439 1004 1494; x_wconf 90' lang='lat' dir='ltr'><strong>Dei</strong></span> <span class='ocrx_word' id='word_1_98' title='bbox 1031 1437 1239 1493; x_wconf 88' lang='lat' dir='ltr'><strong>cultum</strong></span> <span class='ocrx_word' id='word_1_99' title='bbox 1263 1437 1624 1507; x_wconf 85' lang='lat' dir='ltr'><strong>pertinerent.</strong></span> <span class='ocrx_word' id='word_1_100' title='bbox 1648 1437 1840 1509; x_wconf 86' lang='lat' dir='ltr'><strong>Itaque</strong></span> <span class='ocrx_word' id='word_1_101' title='bbox 1863 1453 2048 1493; x_wconf 88' lang='lat' dir='ltr'><strong>acces-</strong></span> 
     </span>
    </p>
   </div>
   <div class='ocr_carea' id='block_1_16' title="bbox 458 1520 2051 1601">
    <p class='ocr_par' dir='ltr' id='par_1_16' title="bbox 458 1520 2051 1601">
     <span class='ocr_line' id='line_1_16' title="bbox 458 1520 2051 1601; baseline -0.002 -14"><span class='ocrx_word' id='word_1_102' title='bbox 458 1548 581 1587; x_wconf 88' lang='lat' dir='ltr'><strong>sum</strong></span> <span class='ocrx_word' id='word_1_103' title='bbox 609 1532 784 1596; x_wconf 91' lang='lat' dir='ltr'><strong>illum,</strong></span> <span class='ocrx_word' id='word_1_104' title='bbox 813 1544 925 1601; x_wconf 92' lang='lat' dir='ltr'><strong>quo</strong></span> <span class='ocrx_word' id='word_1_105' title='bbox 949 1545 1048 1601; x_wconf 89' lang='lat' dir='ltr'><strong>per</strong></span> <span class='ocrx_word' id='word_1_106' title='bbox 1069 1528 1373 1584; x_wconf 88' lang='lat' dir='ltr'><strong>hostiarum</strong></span> <span class='ocrx_word' id='word_1_107' title='bbox 1401 1545 1655 1585; x_wconf 90' lang='lat' dir='ltr'><strong>cruorem</strong></span> <span class='ocrx_word' id='word_1_108' title='bbox 1685 1520 1904 1585; x_wconf 65' lang='lat' dir='ltr'><strong>ad&#39;eum</strong></span> <span class='ocrx_word' id='word_1_109' title='bbox 1935 1530 2051 1586; x_wconf 88' lang='lat' dir='ltr'><strong>adi-</strong></span> 
     </span>
    </p>
   </div>
   <div class='ocr_carea' id='block_1_17' title="bbox 459 1618 2047 1692">
    <p class='ocr_par' dir='ltr' id='par_1_17' title="bbox 459 1618 2047 1692">
     <span class='ocr_line' id='line_1_17' title="bbox 459 1618 2047 1692; baseline -0.002 -15"><span class='ocrx_word' id='word_1_110' title='bbox 459 1621 640 1687; x_wconf 91' lang='lat' dir='ltr'><strong>batur,</strong></span> <span class='ocrx_word' id='word_1_111' title='bbox 672 1620 876 1692; x_wconf 79' lang='lat' dir='ltr'><strong>abjecit</strong></span> <span class='ocrx_word' id='word_1_112' title='bbox 918 1635 984 1675; x_wconf 87' lang='lat' dir='ltr'><strong>ac</strong></span> <span class='ocrx_word' id='word_1_113' title='bbox 1024 1619 1249 1691; x_wconf 88' lang='lat' dir='ltr'><strong>repulit,</strong></span> <span class='ocrx_word' id='word_1_114' title='bbox 1276 1633 1375 1689; x_wconf 87' lang='lat' dir='ltr'><strong>per</strong></span> <span class='ocrx_word' id='word_1_115' title='bbox 1403 1618 1570 1674; x_wconf 85' lang='lat' dir='ltr'><strong>Amos</strong></span> <span class='ocrx_word' id='word_1_116' title='bbox 1605 1619 1928 1690; x_wconf 86' lang='lat' dir='ltr'><strong>prophetam</strong></span> <span class='ocrx_word' id='word_1_117' title='bbox 1962 1620 2047 1675; x_wconf 92' lang='lat' dir='ltr'><strong>di-</strong></span> 
     </span>
    </p>
   </div>
   <div class='ocr_carea' id='block_1_18' title="bbox 460 1711 2046 1793">
    <p class='ocr_par' dir='ltr' id='par_1_18' title="bbox 460 1711 2046 1793">
     <span class='ocr_line' id='line_1_18' title="bbox 460 1711 2046 1793; baseline -0.001 -24"><span class='ocrx_word' id='word_1_118' title='bbox 460 1729 592 1771; x_wconf 84' lang='lat' dir='ltr'><strong>cens</strong></span> <span class='ocrx_word' id='word_1_119' title='bbox 625 1732 639 1768; x_wconf 91' lang='lat'><strong>:</strong></span> <span class='ocrx_word' id='word_1_120' title='bbox 671 1733 690 1767; x_wconf 80' lang='grc' dir='ltr'>ι</span> <span class='ocrx_word' id='word_1_121' title='bbox 724 1713 852 1779; x_wconf 87' lang='lat' dir='ltr'><strong>Odi,</strong></span> <span class='ocrx_word' id='word_1_122' title='bbox 887 1713 1065 1783; x_wconf 89' lang='lat' dir='ltr'><strong>repuIi</strong></span> <span class='ocrx_word' id='word_1_123' title='bbox 1093 1711 1421 1768; x_wconf 84' lang='lat' dir='ltr'><strong>festivitates</strong></span> <span class='ocrx_word' id='word_1_124' title='bbox 1454 1718 1683 1776; x_wconf 84' lang='lat' dir='ltr'><strong>vestras,</strong></span> <span class='ocrx_word' id='word_1_125' title='bbox 1716 1727 1819 1766; x_wconf 90' lang='lat' dir='ltr'><strong>nec</strong></span> <span class='ocrx_word' id='word_1_126' title='bbox 1847 1711 2046 1793; x_wconf 72' lang='lat' dir='ltr'><strong>odora;</strong></span> 
     </span>
    </p>
   </div>
   <div class='ocr_carea' id='block_1_19' title="bbox 2159 519 3746 594">
    <p class='ocr_par' dir='ltr' id='par_1_19' title="bbox 2159 519 3746 594">
     <span class='ocr_line' id='line_1_19' title="bbox 2159 519 3746 594; baseline 0.003 -22"><span class='ocrx_word' id='word_1_127' title='bbox 2159 520 2253 573; x_wconf 77' lang='grc' dir='ltr'>καὶ</span> <span class='ocrx_word' id='word_1_128' title='bbox 2282 521 2343 573; x_wconf 79' lang='grc' dir='ltr'>ού</span> <span class='ocrx_word' id='word_1_129' title='bbox 2372 520 2469 574; x_wconf 81' lang='grc' dir='ltr'>σὺν</span> <span class='ocrx_word' id='word_1_130' title='bbox 2498 519 2682 590; x_wconf 79' lang='grc' dir='ltr'>ἱδρῶτι</span> <span class='ocrx_word' id='word_1_131' title='bbox 2725 519 2923 591; x_wconf 87' lang='grc' dir='ltr'>μακρῷ</span> <span class='ocrx_word' id='word_1_132' title='bbox 2952 520 3053 589; x_wconf 79' lang='grc' dir='ltr'>τῆς</span> <span class='ocrx_word' id='word_1_133' title='bbox 3088 521 3467 591; x_wconf 80' lang='grc' dir='ltr'><strong>πνευματικῆς</strong></span> <span class='ocrx_word' id='word_1_134' title='bbox 3489 523 3746 594; x_wconf 80' lang='grc' dir='ltr'><strong>λατρείας</strong></span> 
     </span>
    </p>
   </div>
   <div class='ocr_carea' id='block_1_20' title="bbox 2156 606 3745 687">
    <p class='ocr_par' dir='ltr' id='par_1_20' title="bbox 2156 606 3745 687">
     <span class='ocr_line' id='line_1_20' title="bbox 2156 606 3745 687; baseline 0.003 -22"><span class='ocrx_word' id='word_1_135' title='bbox 2156 614 2186 665; x_wconf 78' lang='grc' dir='ltr'>ὁ</span> <span class='ocrx_word' id='word_1_136' title='bbox 2216 611 2437 683; x_wconf 87' lang='grc' dir='ltr'><strong>τρόπος,</strong></span> <span class='ocrx_word' id='word_1_137' title='bbox 2460 610 2536 676; x_wconf 86' lang='grc' dir='ltr'><strong>ὡς</strong></span> <span class='ocrx_word' id='word_1_138' title='bbox 2564 606 2635 682; x_wconf 77' lang='grc' dir='ltr'><strong>ἦν</strong></span> <span class='ocrx_word' id='word_1_139' title='bbox 2659 613 2779 682; x_wconf 84' lang='grc' dir='ltr'>μὲν,</span> <span class='ocrx_word' id='word_1_140' title='bbox 2817 612 2905 666; x_wconf 86' lang='grc' dir='ltr'><strong>ἀεί</strong></span> <span class='ocrx_word' id='word_1_141' title='bbox 2934 628 2995 666; x_wconf 88' lang='grc' dir='ltr'><strong>τε</strong></span> <span class='ocrx_word' id='word_1_142' title='bbox 3022 613 3118 666; x_wconf 79' lang='grc' dir='ltr'>καὶ</span> <span class='ocrx_word' id='word_1_143' title='bbox 3147 614 3206 667; x_wconf 84' lang='grc' dir='ltr'><strong>ὲν</strong></span> <span class='ocrx_word' id='word_1_144' title='bbox 3247 614 3446 684; x_wconf 81' lang='grc' dir='ltr'>ἀρχαῖς</span> <span class='ocrx_word' id='word_1_145' title='bbox 3473 615 3745 687; x_wconf 83' lang='grc' dir='ltr'>τριπόθη-</span> 
     </span>
    </p>
   </div>
   <div class='ocr_carea' id='block_1_21' title="bbox 2156 703 3747 776">
    <p class='ocr_par' dir='ltr' id='par_1_21' title="bbox 2156 703 3747 776">
     <span class='ocr_line' id='line_1_21' title="bbox 2156 703 3747 776; baseline 0.003 -19"><span class='ocrx_word' id='word_1_146' title='bbox 2156 721 2248 768; x_wconf 90' lang='grc' dir='ltr'><strong>τος</strong></span> <span class='ocrx_word' id='word_1_147' title='bbox 2272 703 2428 775; x_wconf 85' lang='grc' dir='ltr'><strong>Θεῷ,</strong></span> <span class='ocrx_word' id='word_1_148' title='bbox 2464 703 2806 775; x_wconf 81' lang='grc' dir='ltr'>δυσέμϐατος</span> <span class='ocrx_word' id='word_1_149' title='bbox 2854 704 2912 758; x_wconf 80' lang='grc' dir='ltr'>δὲ</span> <span class='ocrx_word' id='word_1_150' title='bbox 2950 706 3047 759; x_wconf 75' lang='grc' dir='ltr'>καὶ</span> <span class='ocrx_word' id='word_1_151' title='bbox 3084 704 3301 776; x_wconf 80' lang='grc' dir='ltr'>ἀναφὴς</span> <span class='ocrx_word' id='word_1_152' title='bbox 3340 705 3421 760; x_wconf 78' lang='grc' dir='ltr'>ἔτι</span> <span class='ocrx_word' id='word_1_153' title='bbox 3468 710 3590 772; x_wconf 85' lang='grc' dir='ltr'>ταῖς</span> <span class='ocrx_word' id='word_1_154' title='bbox 3633 708 3747 762; x_wconf 81' lang='grc' dir='ltr'><strong>τῶν</strong></span> 
     </span>
    </p>
   </div>
   <div class='ocr_carea' id='block_1_22' title="bbox 2169 795 3745 872">
    <p class='ocr_par' dir='ltr' id='par_1_22' title="bbox 2169 795 3745 872">
     <span class='ocr_line' id='line_1_22' title="bbox 2169 795 3745 872; baseline 0.004 -24"><span class='ocrx_word' id='word_1_155' title='bbox 2169 795 2441 850; x_wconf 83' lang='grc' dir='ltr'><strong>Ἰουδαίων</strong></span> <span class='ocrx_word' id='word_1_156' title='bbox 2472 795 2696 868; x_wconf 78' lang='grc' dir='ltr'>ψυχαῖς.</span> <span class='ocrx_word' id='word_1_157' title='bbox 2742 796 2844 850; x_wconf 88' lang='grc' dir='ltr'>Διά</span> <span class='ocrx_word' id='word_1_158' title='bbox 2876 814 2960 851; x_wconf 91' lang='grc' dir='ltr'>τοι</span> <span class='ocrx_word' id='word_1_159' title='bbox 3012 796 3174 851; x_wconf 87' lang='grc' dir='ltr'>τοῦτο</span> <span class='ocrx_word' id='word_1_160' title='bbox 3211 798 3419 853; x_wconf 88' lang='grc' dir='ltr'>δεῖσθαι</span> <span class='ocrx_word' id='word_1_161' title='bbox 3450 799 3613 869; x_wconf 81' lang='grc' dir='ltr'>λόγου</span> <span class='ocrx_word' id='word_1_162' title='bbox 3644 817 3745 872; x_wconf 81' lang='grc' dir='ltr'>νη-</span> 
     </span>
    </p>
   </div>
   <div class='ocr_carea' id='block_1_23' title="bbox 2157 887 3746 959">
    <p class='ocr_par' dir='ltr' id='par_1_23' title="bbox 2157 887 3746 959">
     <span class='ocr_line' id='line_1_23' title="bbox 2157 887 3746 959; baseline 0.003 -19"><span class='ocrx_word' id='word_1_163' title='bbox 2157 887 2500 957; x_wconf 84' lang='grc' dir='ltr'>πιοπρεποῦς</span> <span class='ocrx_word' id='word_1_164' title='bbox 2518 927 2535 953; x_wconf 90' lang='grc'><strong>,</strong></span> <span class='ocrx_word' id='word_1_165' title='bbox 2579 889 2676 941; x_wconf 78' lang='grc' dir='ltr'>καὶ</span> <span class='ocrx_word' id='word_1_166' title='bbox 2708 887 3048 959; x_wconf 83' lang='grc' dir='ltr'><strong>μαθημάτων</strong></span> <span class='ocrx_word' id='word_1_167' title='bbox 3083 888 3271 942; x_wconf 88' lang='grc' dir='ltr'>άπλῶν</span> <span class='ocrx_word' id='word_1_168' title='bbox 3290 929 3307 956; x_wconf 95' lang='grc'><strong>,</strong></span> <span class='ocrx_word' id='word_1_169' title='bbox 3341 891 3435 944; x_wconf 73' lang='grc' dir='ltr'>καὶ</span> <span class='ocrx_word' id='word_1_170' title='bbox 3486 890 3746 945; x_wconf 86' lang='grc' dir='ltr'>παιδοκο-</span> 
     </span>
    </p>
   </div>
   <div class='ocr_carea' id='block_1_24' title="bbox 2160 978 3744 1054">
    <p class='ocr_par' dir='ltr' id='par_1_24' title="bbox 2160 978 3744 1054">
     <span class='ocr_line' id='line_1_24' title="bbox 2160 978 3744 1054; baseline 0.006 -25"><span class='ocrx_word' id='word_1_171' title='bbox 2160 978 2290 1048; x_wconf 86' lang='grc' dir='ltr'>μίας</span> <span class='ocrx_word' id='word_1_172' title='bbox 2311 978 2664 1051; x_wconf 76' lang='grc' dir='ltr'><strong>οἰκονομικῆς</strong></span> <span class='ocrx_word' id='word_1_173' title='bbox 2691 979 2844 1033; x_wconf 82' lang='grc' dir='ltr'><strong>οὐδὲν</strong></span> <span class='ocrx_word' id='word_1_174' title='bbox 2869 978 3104 1051; x_wconf 77' lang='grc' dir='ltr'>ἐχούσης</span> <span class='ocrx_word' id='word_1_175' title='bbox 3132 981 3194 1035; x_wconf 86' lang='grc' dir='ltr'>τὸ</span> <span class='ocrx_word' id='word_1_176' title='bbox 3221 979 3449 1044; x_wconf 78' lang='grc' dir='ltr'>ἄναντες</span> <span class='ocrx_word' id='word_1_177' title='bbox 3474 981 3508 1052; x_wconf 84' lang='grc' dir='ltr'>ἢ</span> <span class='ocrx_word' id='word_1_178' title='bbox 3543 985 3744 1054; x_wconf 74' lang='grc' dir='ltr'>τραχὺ,</span> 
     </span>
    </p>
   </div>
   <div class='ocr_carea' id='block_1_25' title="bbox 2157 1070 3742 1143">
    <p class='ocr_par' dir='ltr' id='par_1_25' title="bbox 2157 1070 3742 1143">
     <span class='ocr_line' id='line_1_25' title="bbox 2157 1070 3742 1143; baseline 0.003 -18"><span class='ocrx_word' id='word_1_179' title='bbox 2157 1070 2468 1141; x_wconf 76' lang='grc' dir='ltr'><strong>ἐνομοθέτει</strong></span> <span class='ocrx_word' id='word_1_180' title='bbox 2500 1070 2598 1141; x_wconf 84' lang='grc' dir='ltr'>μὲν</span> <span class='ocrx_word' id='word_1_181' title='bbox 2644 1070 2756 1143; x_wconf 91' lang='grc' dir='ltr'><strong>γάρ</strong></span> <span class='ocrx_word' id='word_1_182' title='bbox 2781 1070 2878 1125; x_wconf 67' lang='grc' dir='ltr'>καὶ</span> <span class='ocrx_word' id='word_1_183' title='bbox 2916 1072 3086 1126; x_wconf 88' lang='grc' dir='ltr'>πάλαι</span> <span class='ocrx_word' id='word_1_184' title='bbox 3132 1072 3205 1126; x_wconf 83' lang='grc' dir='ltr'>τὰ</span> <span class='ocrx_word' id='word_1_185' title='bbox 3258 1074 3318 1126; x_wconf 82' lang='grc' dir='ltr'>ὲν</span> <span class='ocrx_word' id='word_1_186' title='bbox 3361 1072 3555 1138; x_wconf 82' lang='grc' dir='ltr'><strong>τύποις</strong></span> <span class='ocrx_word' id='word_1_187' title='bbox 3586 1074 3742 1139; x_wconf 80' lang='grc' dir='ltr'>Θεός.</span> 
     </span>
    </p>
   </div>
   <div class='ocr_carea' id='block_1_26' title="bbox 2158 1161 3746 1237">
    <p class='ocr_par' dir='ltr' id='par_1_26' title="bbox 2158 1161 3746 1237">
     <span class='ocr_line' id='line_1_26' title="bbox 2158 1161 3746 1237; baseline 0.002 -20"><span class='ocrx_word' id='word_1_188' title='bbox 2158 1161 2565 1234; x_wconf 82' lang='grc' dir='ltr'>Προῦπεδείκνυ</span> <span class='ocrx_word' id='word_1_189' title='bbox 2596 1162 2655 1216; x_wconf 85' lang='grc' dir='ltr'>δὲ</span> <span class='ocrx_word' id='word_1_190' title='bbox 2696 1163 2881 1230; x_wconf 84' lang='grc' dir='ltr'>πάλιν,</span> <span class='ocrx_word' id='word_1_191' title='bbox 2908 1164 2985 1228; x_wconf 86' lang='grc' dir='ltr'>ὠς</span> <span class='ocrx_word' id='word_1_192' title='bbox 3025 1163 3230 1235; x_wconf 73' lang='grc' dir='ltr'>ἥξοντά</span> <span class='ocrx_word' id='word_1_193' title='bbox 3262 1181 3323 1218; x_wconf 89' lang='grc' dir='ltr'><strong>τε</strong></span> <span class='ocrx_word' id='word_1_194' title='bbox 3371 1166 3467 1219; x_wconf 77' lang='grc' dir='ltr'>καὶ</span> <span class='ocrx_word' id='word_1_195' title='bbox 3505 1167 3746 1237; x_wconf 76' lang='grc' dir='ltr'>παρεσό-</span> 
     </span>
    </p>
   </div>
   <div class='ocr_carea' id='block_1_27' title="bbox 2161 1253 3742 1329">
    <p class='ocr_par' dir='ltr' id='par_1_27' title="bbox 2161 1253 3742 1329">
     <span class='ocr_line' id='line_1_27' title="bbox 2161 1253 3742 1329; baseline 0.003 -22"><span class='ocrx_word' id='word_1_196' title='bbox 2161 1271 2303 1324; x_wconf 50' lang='grc' dir='ltr'>μεναν</span> <span class='ocrx_word' id='word_1_197' title='bbox 2347 1253 2491 1307; x_wconf 89' lang='grc' dir='ltr'><strong>κατά</strong></span> <span class='ocrx_word' id='word_1_198' title='bbox 2537 1254 2767 1326; x_wconf 81' lang='grc' dir='ltr'>καιροὺς</span> <span class='ocrx_word' id='word_1_199' title='bbox 2810 1254 2879 1308; x_wconf 82' lang='grc' dir='ltr'><strong>τὰ</strong></span> <span class='ocrx_word' id='word_1_200' title='bbox 2927 1257 2992 1310; x_wconf 81' lang='grc' dir='ltr'>ὲκ</span> <span class='ocrx_word' id='word_1_201' title='bbox 3038 1256 3140 1326; x_wconf 84' lang='grc' dir='ltr'>τῆς</span> <span class='ocrx_word' id='word_1_202' title='bbox 3181 1255 3417 1328; x_wconf 77' lang='grc' dir='ltr'><strong>ἀληθοῦς</strong></span> <span class='ocrx_word' id='word_1_203' title='bbox 3461 1257 3742 1329; x_wconf 78' lang='grc' dir='ltr'>λατρείαςο</span> 
     </span>
    </p>
   </div>
   <div class='ocr_carea' id='block_1_28' title="bbox 2157 1344 3740 1423">
    <p class='ocr_par' dir='ltr' id='par_1_28' title="bbox 2157 1344 3740 1423">
     <span class='ocr_line' id='line_1_28' title="bbox 2157 1344 3740 1423; baseline 0.004 -25"><span class='ocrx_word' id='word_1_204' title='bbox 2157 1345 2251 1398; x_wconf 76' lang='grc' dir='ltr'>καὶ</span> <span class='ocrx_word' id='word_1_205' title='bbox 2276 1344 2580 1415; x_wconf 85' lang='grc' dir='ltr'>ἀπόϐλητον</span> <span class='ocrx_word' id='word_1_206' title='bbox 2626 1346 2726 1415; x_wconf 80' lang='grc' dir='ltr'><strong>μὲν</strong></span> <span class='ocrx_word' id='word_1_207' title='bbox 2755 1347 2930 1400; x_wconf 79' lang='grc' dir='ltr'><strong>ἐποίει</strong></span> <span class='ocrx_word' id='word_1_208' title='bbox 2962 1347 3023 1400; x_wconf 80' lang='grc' dir='ltr'>τὸ</span> <span class='ocrx_word' id='word_1_209' title='bbox 3052 1347 3148 1419; x_wconf 83' lang='grc' dir='ltr'>τὴν</span> <span class='ocrx_word' id='word_1_210' title='bbox 3177 1348 3245 1402; x_wconf 88' lang='grc' dir='ltr'><strong>δι’</strong></span> <span class='ocrx_word' id='word_1_211' title='bbox 3275 1348 3526 1419; x_wconf 75' lang='grc' dir='ltr'>αἱμάτων</span> <span class='ocrx_word' id='word_1_212' title='bbox 3565 1350 3740 1423; x_wconf 86' lang='grc' dir='ltr'>πρόσ-</span> 
     </span>
    </p>
   </div>
   <div class='ocr_carea' id='block_1_29' title="bbox 2156 1435 3741 1513">
    <p class='ocr_par' dir='ltr' id='par_1_29' title="bbox 2156 1435 3741 1513">
     <span class='ocr_line' id='line_1_29' title="bbox 2156 1435 3741 1513; baseline 0.003 -24"><span class='ocrx_word' id='word_1_213' title='bbox 2156 1436 2295 1502; x_wconf 83' lang='grc' dir='ltr'>οδον,</span> <span class='ocrx_word' id='word_1_214' title='bbox 2329 1435 2426 1490; x_wconf 75' lang='grc' dir='ltr'>καὶ</span> <span class='ocrx_word' id='word_1_215' title='bbox 2452 1437 2553 1507; x_wconf 84' lang='grc' dir='ltr'>τὴν</span> <span class='ocrx_word' id='word_1_216' title='bbox 2592 1438 2751 1492; x_wconf 89' lang='grc' dir='ltr'>σκιάν</span> <span class='ocrx_word' id='word_1_217' title='bbox 2781 1453 2794 1467; x_wconf 88' lang='grc'><strong>·</strong></span> <span class='ocrx_word' id='word_1_218' title='bbox 2831 1439 3123 1492; x_wconf 88' lang='grc' dir='ltr'>ἀπεσείετο</span> <span class='ocrx_word' id='word_1_219' title='bbox 3156 1439 3215 1493; x_wconf 79' lang='grc' dir='ltr'>δὲ</span> <span class='ocrx_word' id='word_1_220' title='bbox 3254 1440 3344 1493; x_wconf 89' lang='grc' dir='ltr'><strong>διά</strong></span> <span class='ocrx_word' id='word_1_221' title='bbox 3386 1440 3741 1513; x_wconf 64' lang='grc' dir='ltr'>τοῦπροφήο</span> 
     </span>
    </p>
   </div>
   <div class='ocr_carea' id='block_1_30' title="bbox 2155 1526 3743 1605">
    <p class='ocr_par' dir='ltr' id='par_1_30' title="bbox 2155 1526 3743 1605">
     <span class='ocr_line' id='line_1_30' title="bbox 2155 1526 3743 1605; baseline 0.006 -25"><span class='ocrx_word' id='word_1_222' title='bbox 2155 1543 2250 1580; x_wconf 90' lang='grc' dir='ltr'><strong>του</strong></span> <span class='ocrx_word' id='word_1_223' title='bbox 2282 1526 2457 1596; x_wconf 82' lang='grc' dir='ltr'>λέγων</span> <span class='ocrx_word' id='word_1_224' title='bbox 2493 1527 2694 1600; x_wconf 75' lang='grc' dir='ltr'>Ἀμώς·</span> <span class='ocrx_word' id='word_1_225' title='bbox 2728 1547 2747 1580; x_wconf 80' lang='grc' dir='ltr'>ι</span> <span class='ocrx_word' id='word_1_226' title='bbox 2778 1530 3101 1600; x_wconf 86' lang='grc' dir='ltr'>Μεμίσηκα,</span> <span class='ocrx_word' id='word_1_227' title='bbox 3131 1531 3396 1602; x_wconf 84' lang='grc' dir='ltr'>ἀπῶσμαι</span> <span class='ocrx_word' id='word_1_228' title='bbox 3421 1533 3520 1597; x_wconf 77' lang='grc' dir='ltr'>τὰς</span> <span class='ocrx_word' id='word_1_229' title='bbox 3550 1535 3743 1605; x_wconf 81' lang='grc' dir='ltr'>ὲορτάς</span> 
     </span>
    </p>
   </div>
   <div class='ocr_carea' id='block_1_31' title="bbox 2157 1617 3741 1696">
    <p class='ocr_par' dir='ltr' id='par_1_31' title="bbox 2157 1617 3741 1696">
     <span class='ocr_line' id='line_1_31' title="bbox 2157 1617 3741 1696; baseline 0.005 -24"><span class='ocrx_word' id='word_1_230' title='bbox 2157 1617 2335 1690; x_wconf 81' lang='grc' dir='ltr'>ὑμῶν,</span> <span class='ocrx_word' id='word_1_231' title='bbox 2384 1619 2480 1673; x_wconf 79' lang='grc' dir='ltr'>καὶ</span> <span class='ocrx_word' id='word_1_232' title='bbox 2514 1619 2575 1672; x_wconf 78' lang='grc' dir='ltr'><strong>οὐ</strong></span> <span class='ocrx_word' id='word_1_233' title='bbox 2630 1620 2705 1692; x_wconf 81' lang='grc' dir='ltr'>μὴ</span> <span class='ocrx_word' id='word_1_234' title='bbox 2752 1620 3045 1692; x_wconf 81' lang='grc' dir='ltr'>όσφρανθῶ</span> <span class='ocrx_word' id='word_1_235' title='bbox 3098 1624 3157 1675; x_wconf 80' lang='grc' dir='ltr'>ὲν</span> <span class='ocrx_word' id='word_1_236' title='bbox 3205 1624 3331 1688; x_wconf 86' lang='grc' dir='ltr'>ταῖς</span> <span class='ocrx_word' id='word_1_237' title='bbox 3370 1624 3741 1696; x_wconf 72' lang='grc' dir='ltr'><strong>πανηγύρεσιν</strong></span> 
     </span>
    </p>
   </div>
   <div class='ocr_carea' id='block_1_32' title="bbox 2156 1707 3743 1784">
    <p class='ocr_par' dir='ltr' id='par_1_32' title="bbox 2156 1707 3743 1784">
     <span class='ocr_line' id='line_1_32' title="bbox 2156 1707 3743 1784; baseline 0.004 -23"><span class='ocrx_word' id='word_1_238' title='bbox 2156 1707 2332 1779; x_wconf 79' lang='grc' dir='ltr'>ὑμῶν’</span> <span class='ocrx_word' id='word_1_239' title='bbox 2382 1707 2518 1762; x_wconf 83' lang='grc' dir='ltr'><strong>διότι</strong></span> <span class='ocrx_word' id='word_1_240' title='bbox 2575 1707 2671 1762; x_wconf 79' lang='grc' dir='ltr'><strong>ἐὰν</strong></span> <span class='ocrx_word' id='word_1_241' title='bbox 2723 1709 2986 1781; x_wconf 83' lang='grc' dir='ltr'>ὲνέγκητέ</span> <span class='ocrx_word' id='word_1_242' title='bbox 3039 1728 3130 1781; x_wconf 87' lang='grc' dir='ltr'><strong>μοι</strong></span> <span class='ocrx_word' id='word_1_243' title='bbox 3179 1711 3610 1784; x_wconf 81' lang='grc' dir='ltr'>ὁλοκαυτώματα</span> <span class='ocrx_word' id='word_1_244' title='bbox 3649 1716 3743 1770; x_wconf 72' lang='grc' dir='ltr'><strong>καὶ</strong></span> 
     </span>
    </p>
   </div>
   <div class='ocr_carea' id='block_1_33' title="bbox 460 1800 2054 1876">
    <p class='ocr_par' dir='ltr' id='par_1_33' title="bbox 460 1803 2051 1863">
     <span class='ocr_line' id='line_1_33' title="bbox 460 1803 2051 1863; baseline -0.003 -1"><span class='ocrx_word' id='word_1_245' title='bbox 460 1808 562 1862; x_wconf 93' lang='lat' dir='ltr'><strong>bor</strong></span> <span class='ocrx_word' id='word_1_246' title='bbox 590 1808 647 1862; x_wconf 91' lang='lat' dir='ltr'><strong>in</strong></span> <span class='ocrx_word' id='word_1_247' title='bbox 679 1805 1046 1863; x_wconf 83' lang='lat' dir='ltr'><strong>conventibus</strong></span> <span class='ocrx_word' id='word_1_248' title='bbox 1069 1804 1270 1860; x_wconf 88' lang='lat' dir='ltr'><strong>vestris</strong></span> <span class='ocrx_word' id='word_1_249' title='bbox 1297 1822 1308 1857; x_wconf 97' lang='lat'>:</span> <span class='ocrx_word' id='word_1_250' title='bbox 1340 1819 1465 1858; x_wconf 91' lang='lat' dir='ltr'><strong>nam</strong></span> <span class='ocrx_word' id='word_1_251' title='bbox 1501 1804 1547 1858; x_wconf 91' lang='lat' dir='ltr'><strong>si</strong></span> <span class='ocrx_word' id='word_1_252' title='bbox 1576 1803 1888 1859; x_wconf 87' lang='lat' dir='ltr'><strong>obtuleritis</strong></span> <span class='ocrx_word' id='word_1_253' title='bbox 1915 1805 2051 1859; x_wconf 88' lang='lat' dir='ltr'><strong>mihi</strong></span> 
     </span>
    </p>
   </div>
   <div class='ocr_carea' id='block_1_34' title="bbox 2160 1800 3740 1876">
    <p class='ocr_par' dir='ltr' id='par_1_34' title="bbox 2160 1801 3740 1876">
     <span class='ocr_line' id='line_1_34' title="bbox 2160 1801 3740 1876; baseline 0.004 -21"><span class='ocrx_word' id='word_1_254' title='bbox 2160 1801 2344 1866; x_wconf 88' lang='grc' dir='ltr'>θυσίας</span> <span class='ocrx_word' id='word_1_255' title='bbox 2387 1801 2574 1873; x_wconf 82' lang='grc' dir='ltr'>ὑμῶν,</span> <span class='ocrx_word' id='word_1_256' title='bbox 2620 1802 2721 1855; x_wconf 76' lang='grc' dir='ltr'><strong>οὐκ</strong></span> <span class='ocrx_word' id='word_1_257' title='bbox 2786 1802 3173 1874; x_wconf 73' lang='grc' dir='ltr'>ἐπιϐλέψομαι.</span> <span class='ocrx_word' id='word_1_258' title='bbox 3221 1804 3580 1876; x_wconf 87' lang='grc' dir='ltr'>Μετάστησον</span> <span class='ocrx_word' id='word_1_259' title='bbox 3646 1808 3740 1861; x_wconf 86' lang='grc' dir='ltr'><strong>ἀπ’</strong></span> 
     </span>
    </p>
   </div>
   <div class='ocr_carea' id='block_1_35' title="bbox 460 1894 2053 1964">
    <p class='ocr_par' dir='ltr' id='par_1_35' title="bbox 460 1894 2053 1964">
     <span class='ocr_line' id='line_1_35' title="bbox 460 1894 2053 1964; baseline -0.002 -11"><span class='ocrx_word' id='word_1_260' title='bbox 460 1898 781 1953; x_wconf 86' lang='lat' dir='ltr'><strong>holocausta</strong></span> <span class='ocrx_word' id='word_1_261' title='bbox 817 1903 875 1950; x_wconf 89' lang='lat' dir='ltr'><strong>et</strong></span> <span class='ocrx_word' id='word_1_262' title='bbox 904 1895 1113 1950; x_wconf 80' lang='lat' dir='ltr'><strong>hostias</strong></span> <span class='ocrx_word' id='word_1_263' title='bbox 1142 1901 1353 1950; x_wconf 87' lang='lat' dir='ltr'><strong>vestras</strong></span> <span class='ocrx_word' id='word_1_264' title='bbox 1372 1935 1388 1961; x_wconf 94' lang='lat'><strong>,</strong></span> <span class='ocrx_word' id='word_1_265' title='bbox 1422 1909 1532 1949; x_wconf 90' lang='lat' dir='ltr'><strong>non</strong></span> <span class='ocrx_word' id='word_1_266' title='bbox 1563 1894 1845 1964; x_wconf 88' lang='lat' dir='ltr'><strong>aspiciam.</strong></span> <span class='ocrx_word' id='word_1_267' title='bbox 1885 1895 2053 1951; x_wconf 82' lang='lat' dir='ltr'><strong>Aufer</strong></span> 
     </span>
    </p>
   </div>
   <div class='ocr_carea' id='block_1_36' title="bbox 461 1986 2052 2058">
    <p class='ocr_par' dir='ltr' id='par_1_36' title="bbox 461 1986 2052 2058">
     <span class='ocr_line' id='line_1_36' title="bbox 461 1986 2052 2058; baseline -0.001 -14"><span class='ocrx_word' id='word_1_268' title='bbox 461 2005 492 2044; x_wconf 86' lang='lat' dir='ltr'><strong>a</strong></span> <span class='ocrx_word' id='word_1_269' title='bbox 518 2004 607 2045; x_wconf 92' lang='lat' dir='ltr'><strong>me</strong></span> <span class='ocrx_word' id='word_1_270' title='bbox 639 2002 838 2044; x_wconf 90' lang='lat' dir='ltr'><strong>sonum</strong></span> <span class='ocrx_word' id='word_1_271' title='bbox 858 1986 1167 2042; x_wconf 88' lang='lat' dir='ltr'><strong>carminum</strong></span> <span class='ocrx_word' id='word_1_272' title='bbox 1191 1995 1435 2053; x_wconf 87' lang='lat' dir='ltr'><strong>tuorum,</strong></span> <span class='ocrx_word' id='word_1_273' title='bbox 1487 1993 1545 2042; x_wconf 91' lang='lat' dir='ltr'><strong>et</strong></span> <span class='ocrx_word' id='word_1_274' title='bbox 1570 2002 1901 2058; x_wconf 82' lang='lat' dir='ltr'><strong>organorum</strong></span> <span class='ocrx_word' id='word_1_275' title='bbox 1930 1994 2052 2043; x_wconf 89' lang='lat' dir='ltr'><strong>tuo-</strong></span> 
     </span>
    </p>
   </div>
   <div class='ocr_carea' id='block_1_37' title="bbox 462 2077 2054 2150">
    <p class='ocr_par' dir='ltr' id='par_1_37' title="bbox 462 2077 2054 2150">
     <span class='ocr_line' id='line_1_37' title="bbox 462 2077 2054 2150; baseline 0 -15"><span class='ocrx_word' id='word_1_276' title='bbox 462 2096 587 2135; x_wconf 78' lang='lat' dir='ltr'><strong>rum</strong></span> <span class='ocrx_word' id='word_1_277' title='bbox 628 2080 899 2150; x_wconf 90' lang='lat' dir='ltr'><strong>psalmum</strong></span> <span class='ocrx_word' id='word_1_278' title='bbox 943 2094 1056 2134; x_wconf 90' lang='lat' dir='ltr'><strong>non</strong></span> <span class='ocrx_word' id='word_1_279' title='bbox 1098 2077 1391 2134; x_wconf 82' lang='lat' dir='ltr'><strong>exaudiam</strong></span> <span class='ocrx_word' id='word_1_280' title='bbox 1442 2078 1508 2133; x_wconf 77' lang='grc'><strong>⁸⁵.</strong></span> <span class='ocrx_word' id='word_1_281' title='bbox 1564 2097 1583 2131; x_wconf 71' lang='grc' dir='ltr'>ι</span> <span class='ocrx_word' id='word_1_282' title='bbox 1625 2079 1847 2135; x_wconf 83' lang='lat' dir='ltr'><strong>Induxit</strong></span> <span class='ocrx_word' id='word_1_283' title='bbox 1887 2082 2054 2137; x_wconf 91' lang='lat' dir='ltr'><strong>etiam</strong></span> 
     </span>
    </p>
   </div>
   <div class='ocr_carea' id='block_1_38' title="bbox 459 2171 2052 2244">
    <p class='ocr_par' dir='ltr' id='par_1_38' title="bbox 459 2171 2052 2244">
     <span class='ocr_line' id='line_1_38' title="bbox 459 2171 2052 2244; baseline -0.001 -15"><span class='ocrx_word' id='word_1_284' title='bbox 459 2190 558 2244; x_wconf 89' lang='lat' dir='ltr'><strong>per</strong></span> <span class='ocrx_word' id='word_1_285' title='bbox 585 2174 867 2230; x_wconf 73' lang='lat' dir='ltr'><strong>Michteam</strong></span> <span class='ocrx_word' id='word_1_286' title='bbox 915 2186 1209 2244; x_wconf 88' lang='lat' dir='ltr'><strong>personam</strong></span> <span class='ocrx_word' id='word_1_287' title='bbox 1252 2171 1380 2237; x_wconf 85' lang='lat' dir='ltr'><strong>viri,</strong></span> <span class='ocrx_word' id='word_1_288' title='bbox 1427 2187 1664 2242; x_wconf 89' lang='lat' dir='ltr'><strong>quanam</strong></span> <span class='ocrx_word' id='word_1_289' title='bbox 1700 2172 1915 2228; x_wconf 88' lang='lat' dir='ltr'><strong>ratione</strong></span> <span class='ocrx_word' id='word_1_290' title='bbox 1951 2172 2052 2228; x_wconf 85' lang='lat' dir='ltr'><strong>bo-</strong></span> 
     </span>
    </p>
   </div>
   <div class='ocr_carea' id='block_1_39' title="bbox 458 2263 2053 2339">
    <p class='ocr_par' dir='ltr' id='par_1_39' title="bbox 458 2263 2053 2339">
     <span class='ocr_line' id='line_1_39' title="bbox 458 2263 2053 2339; baseline 0.001 -19"><span class='ocrx_word' id='word_1_291' title='bbox 458 2282 592 2321; x_wconf 87' lang='lat' dir='ltr'><strong>num</strong></span> <span class='ocrx_word' id='word_1_292' title='bbox 625 2265 843 2339; x_wconf 81' lang='lat' dir='ltr'><strong>eﬁicere</strong></span> <span class='ocrx_word' id='word_1_293' title='bbox 891 2264 1086 2335; x_wconf 91' lang='lat' dir='ltr'><strong>possit,</strong></span> <span class='ocrx_word' id='word_1_294' title='bbox 1127 2263 1275 2334; x_wconf 90' lang='lat' dir='ltr'><strong>quod</strong></span> <span class='ocrx_word' id='word_1_295' title='bbox 1315 2278 1713 2335; x_wconf 89' lang='lat' dir='ltr'><strong>usquequaque</strong></span> <span class='ocrx_word' id='word_1_296' title='bbox 1763 2266 1926 2336; x_wconf 89' lang='lat' dir='ltr'><strong>culpa</strong></span> <span class='ocrx_word' id='word_1_297' title='bbox 1956 2282 2053 2321; x_wconf 89' lang='lat' dir='ltr'><strong>va-</strong></span> 
     </span>
    </p>
   </div>
   <div class='ocr_carea' id='block_1_40' title="bbox 457 2357 2054 2432">
    <p class='ocr_par' dir='ltr' id='par_1_40' title="bbox 457 2357 2054 2432">
     <span class='ocr_line' id='line_1_40' title="bbox 457 2357 2054 2432; baseline -0.001 -19"><span class='ocrx_word' id='word_1_298' title='bbox 457 2367 566 2424; x_wconf 84' lang='lat' dir='ltr'><strong>cet,</strong></span> <span class='ocrx_word' id='word_1_299' title='bbox 608 2357 924 2429; x_wconf 87' lang='lat' dir='ltr'><strong>perdiscere</strong></span> <span class='ocrx_word' id='word_1_300' title='bbox 966 2357 1242 2429; x_wconf 90' lang='lat' dir='ltr'><strong>cupientis</strong></span> <span class='ocrx_word' id='word_1_301' title='bbox 1281 2375 1299 2410; x_wconf 78' lang='grc' dir='ltr'><strong>τ</strong></span> <span class='ocrx_word' id='word_1_302' title='bbox 1332 2376 1350 2408; x_wconf 78' lang='grc' dir='ltr'><strong>ι</strong></span> <span class='ocrx_word' id='word_1_303' title='bbox 1396 2357 1459 2411; x_wconf 88' lang='lat' dir='ltr'><strong>In</strong></span> <span class='ocrx_word' id='word_1_304' title='bbox 1497 2372 1608 2427; x_wconf 91' lang='lat' dir='ltr'><strong>quo</strong></span> <span class='ocrx_word' id='word_1_305' title='bbox 1646 2357 2054 2432; x_wconf 85' lang='lat' dir='ltr'><strong>apprehendam</strong></span> 
     </span>
    </p>
   </div>
   <div class='ocr_carea' id='block_1_41' title="bbox 462 2448 2056 2520">
    <p class='ocr_par' dir='ltr' id='par_1_41' title="bbox 462 2448 2056 2520">
     <span class='ocr_line' id='line_1_41' title="bbox 462 2448 2056 2520; baseline 0 -16"><span class='ocrx_word' id='word_1_306' title='bbox 462 2450 777 2512; x_wconf 87' lang='lat' dir='ltr'><strong>Dominum,</strong></span> <span class='ocrx_word' id='word_1_307' title='bbox 823 2448 1124 2520; x_wconf 90' lang='lat' dir='ltr'><strong>suscipiam</strong></span> <span class='ocrx_word' id='word_1_308' title='bbox 1156 2449 1331 2504; x_wconf 91' lang='lat' dir='ltr'><strong>Deum</strong></span> <span class='ocrx_word' id='word_1_309' title='bbox 1360 2463 1547 2503; x_wconf 91' lang='lat' dir='ltr'><strong>meum</strong></span> <span class='ocrx_word' id='word_1_310' title='bbox 1588 2448 1957 2503; x_wconf 88' lang='lat' dir='ltr'><strong>altissimum?</strong></span> <span class='ocrx_word' id='word_1_311' title='bbox 1997 2449 2056 2505; x_wconf 90' lang='lat' dir='ltr'><strong>Si</strong></span> 
     </span>
    </p>
   </div>
   <div class='ocr_carea' id='block_1_42' title="bbox 459 2540 2057 2613">
    <p class='ocr_par' dir='ltr' id='par_1_42' title="bbox 459 2540 2057 2613">
     <span class='ocr_line' id='line_1_42' title="bbox 459 2540 2057 2613; baseline -0.001 -15"><span class='ocrx_word' id='word_1_312' title='bbox 459 2541 874 2613; x_wconf 75' lang='lat' dir='ltr'><strong>apprchendam</strong></span> <span class='ocrx_word' id='word_1_313' title='bbox 897 2557 1026 2596; x_wconf 90' lang='lat' dir='ltr'><strong>eum</strong></span> <span class='ocrx_word' id='word_1_314' title='bbox 1053 2541 1111 2595; x_wconf 89' lang='lat' dir='ltr'><strong>in</strong></span> <span class='ocrx_word' id='word_1_315' title='bbox 1135 2540 1499 2606; x_wconf 87' lang='lat' dir='ltr'><strong>holocaustis,</strong></span> <span class='ocrx_word' id='word_1_316' title='bbox 1529 2540 1587 2594; x_wconf 92' lang='lat' dir='ltr'><strong>in</strong></span> <span class='ocrx_word' id='word_1_317' title='bbox 1612 2540 1802 2595; x_wconf 91' lang='lat' dir='ltr'><strong>vitulis</strong></span> <span class='ocrx_word' id='word_1_318' title='bbox 1828 2540 2057 2597; x_wconf 88' lang='lat' dir='ltr'><strong>annicu-</strong></span> 
     </span>
    </p>
   </div>
   <div class='ocr_carea' id='block_1_43' title="bbox 458 2631 2058 2703">
    <p class='ocr_par' dir='ltr' id='par_1_43' title="bbox 458 2631 2058 2703">
     <span class='ocr_line' id='line_1_43' title="bbox 458 2631 2058 2703; baseline -0.001 -15"><span class='ocrx_word' id='word_1_319' title='bbox 458 2632 564 2688; x_wconf 81' lang='lat' dir='ltr'><strong>lis?</strong></span> <span class='ocrx_word' id='word_1_320' title='bbox 592 2632 650 2688; x_wconf 91' lang='lat' dir='ltr'><strong>Si</strong></span> <span class='ocrx_word' id='word_1_321' title='bbox 675 2632 984 2703; x_wconf 86' lang='lat' dir='ltr'><strong>placabitur</strong></span> <span class='ocrx_word' id='word_1_322' title='bbox 1012 2631 1279 2687; x_wconf 86' lang='lat' dir='ltr'><strong>Dominus</strong></span> <span class='ocrx_word' id='word_1_323' title='bbox 1307 2631 1367 2686; x_wconf 92' lang='lat' dir='ltr'><strong>in</strong></span> <span class='ocrx_word' id='word_1_324' title='bbox 1395 2632 1640 2687; x_wconf 89' lang='lat' dir='ltr'><strong>millibus</strong></span> <span class='ocrx_word' id='word_1_325' title='bbox 1671 2631 1928 2698; x_wconf 90' lang='lat' dir='ltr'><strong>arietum,</strong></span> <span class='ocrx_word' id='word_1_326' title='bbox 1960 2641 2058 2688; x_wconf 87' lang='lat' dir='ltr'><strong>aut</strong></span> 
     </span>
    </p>
   </div>
   <div class='ocr_carea' id='block_1_44' title="bbox 461 2723 2056 2794">
    <p class='ocr_par' dir='ltr' id='par_1_44' title="bbox 461 2723 2056 2794">
     <span class='ocr_line' id='line_1_44' title="bbox 461 2723 2056 2794; baseline 0 -14"><span class='ocrx_word' id='word_1_327' title='bbox 461 2726 521 2782; x_wconf 90' lang='lat' dir='ltr'><strong>in</strong></span> <span class='ocrx_word' id='word_1_328' title='bbox 562 2724 761 2781; x_wconf 89' lang='lat' dir='ltr'><strong>decem</strong></span> <span class='ocrx_word' id='word_1_329' title='bbox 793 2724 1042 2780; x_wconf 91' lang='lat' dir='ltr'><strong>millibus</strong></span> <span class='ocrx_word' id='word_1_330' title='bbox 1068 2723 1351 2780; x_wconf 87' lang='lat' dir='ltr'><strong>hircorum</strong></span> <span class='ocrx_word' id='word_1_331' title='bbox 1393 2723 1717 2794; x_wconf 85' lang='lat' dir='ltr'><strong>pinguium?</strong></span> <span class='ocrx_word' id='word_1_332' title='bbox 1749 2724 1806 2779; x_wconf 91' lang='lat' dir='ltr'><strong>Si</strong></span> <span class='ocrx_word' id='word_1_333' title='bbox 1851 2724 2056 2781; x_wconf 88' lang='lat' dir='ltr'><strong>dedero</strong></span> 
     </span>
    </p>
   </div>
   <div class='ocr_carea' id='block_1_45' title="bbox 460 2816 2056 2889">
    <p class='ocr_par' dir='ltr' id='par_1_45' title="bbox 460 2816 2056 2889">
     <span class='ocr_line' id='line_1_45' title="bbox 460 2816 2056 2889; baseline 0.001 -17"><span class='ocrx_word' id='word_1_334' title='bbox 460 2816 826 2889; x_wconf 82' lang='lat' dir='ltr'><strong>primogenita</strong></span> <span class='ocrx_word' id='word_1_335' title='bbox 866 2833 1010 2881; x_wconf 91' lang='lat' dir='ltr'><strong>mea,</strong></span> <span class='ocrx_word' id='word_1_336' title='bbox 1043 2816 1284 2872; x_wconf 80' lang='lat' dir='ltr'><strong>fructum</strong></span> <span class='ocrx_word' id='word_1_337' title='bbox 1309 2816 1518 2872; x_wconf 83' lang='lat' dir='ltr'><strong>ventris</strong></span> <span class='ocrx_word' id='word_1_338' title='bbox 1545 2816 1676 2882; x_wconf 91' lang='lat' dir='ltr'><strong>mei,</strong></span> <span class='ocrx_word' id='word_1_339' title='bbox 1706 2832 1808 2887; x_wconf 91' lang='lat' dir='ltr'><strong>pro</strong></span> <span class='ocrx_word' id='word_1_340' title='bbox 1830 2824 2056 2888; x_wconf 86' lang='lat' dir='ltr'><strong>peccato</strong></span> 
     </span>
    </p>
   </div>
   <div class='ocr_carea' id='block_1_46' title="bbox 460 2908 2055 2982">
    <p class='ocr_par' dir='ltr' id='par_1_46' title="bbox 460 2908 2055 2982">
     <span class='ocr_line' id='line_1_46' title="bbox 460 2908 2055 2982; baseline 0.001 -19"><span class='ocrx_word' id='word_1_341' title='bbox 460 2909 658 2964; x_wconf 75' lang='lat' dir='ltr'><strong>anima:</strong></span> <span class='ocrx_word' id='word_1_342' title='bbox 682 2925 819 2965; x_wconf 73' lang='lat' dir='ltr'><strong>mete</strong></span> <span class='ocrx_word' id='word_1_343' title='bbox 848 2908 928 2964; x_wconf 64' lang='lat'><strong>66?</strong></span> <span class='ocrx_word' id='word_1_344' title='bbox 950 2929 967 2961; x_wconf 72' lang='grc' dir='ltr'>ι</span> <span class='ocrx_word' id='word_1_345' title='bbox 986 2910 1196 2965; x_wconf 90' lang='lat' dir='ltr'><strong>Deinde</strong></span> <span class='ocrx_word' id='word_1_346' title='bbox 1213 2909 1317 2981; x_wconf 82' lang='lat'><strong>57</strong></span> <span class='ocrx_word' id='word_1_347' title='bbox 1336 2909 1602 2965; x_wconf 91' lang='lat' dir='ltr'><strong>continuo</strong></span> <span class='ocrx_word' id='word_1_348' title='bbox 1630 2910 1973 2982; x_wconf 74' lang='lat' dir='ltr'><strong>subjungitzt</strong></span> <span class='ocrx_word' id='word_1_349' title='bbox 1997 2908 2055 2966; x_wconf 93' lang='lat' dir='ltr'><strong>Si</strong></span> 
     </span>
    </p>
   </div>
   <div class='ocr_carea' id='block_1_47' title="bbox 459 3000 2053 3073">
    <p class='ocr_par' dir='ltr' id='par_1_47' title="bbox 459 3000 2053 3073">
     <span class='ocr_line' id='line_1_47' title="bbox 459 3000 2053 3073; baseline 0.001 -18"><span class='ocrx_word' id='word_1_350' title='bbox 459 3000 847 3056; x_wconf 90' lang='lat' dir='ltr'><strong>annuntiatum</strong></span> <span class='ocrx_word' id='word_1_351' title='bbox 869 3010 953 3056; x_wconf 92' lang='lat' dir='ltr'><strong>est</strong></span> <span class='ocrx_word' id='word_1_352' title='bbox 982 3001 1102 3068; x_wconf 87' lang='lat' dir='ltr'><strong>tibi,</strong></span> <span class='ocrx_word' id='word_1_353' title='bbox 1126 3002 1325 3072; x_wconf 89' lang='lat' dir='ltr'><strong>inquit,</strong></span> <span class='ocrx_word' id='word_1_354' title='bbox 1351 3001 1536 3067; x_wconf 90' lang='lat' dir='ltr'><strong>homo,</strong></span> <span class='ocrx_word' id='word_1_355' title='bbox 1566 3002 1700 3073; x_wconf 90' lang='lat' dir='ltr'><strong>quid</strong></span> <span class='ocrx_word' id='word_1_356' title='bbox 1726 3003 1800 3057; x_wconf 90' lang='lat' dir='ltr'><strong>sit</strong></span> <span class='ocrx_word' id='word_1_357' title='bbox 1823 3002 2053 3068; x_wconf 87' lang='lat' dir='ltr'><strong>bonum,</strong></span> 
     </span>
    </p>
   </div>
   <div class='ocr_carea' id='block_1_48' title="bbox 2154 1890 3743 1967">
    <p class='ocr_par' dir='ltr' id='par_1_48' title="bbox 2154 1890 3743 1967">
     <span class='ocr_line' id='line_1_48' title="bbox 2154 1890 3743 1967; baseline 0.003 -20"><span class='ocrx_word' id='word_1_358' title='bbox 2154 1893 2289 1965; x_wconf 73' lang='grc' dir='ltr'>ἐμοῦ</span> <span class='ocrx_word' id='word_1_359' title='bbox 2316 1890 2451 1966; x_wconf 82' lang='grc' dir='ltr'>ἦχον</span> <span class='ocrx_word' id='word_1_360' title='bbox 2492 1893 2648 1964; x_wconf 78' lang='grc' dir='ltr'>ᾠδῶν</span> <span class='ocrx_word' id='word_1_361' title='bbox 2678 1910 2795 1959; x_wconf 90' lang='grc' dir='ltr'>σου,</span> <span class='ocrx_word' id='word_1_362' title='bbox 2828 1895 2926 1948; x_wconf 72' lang='grc' dir='ltr'>καὶ</span> <span class='ocrx_word' id='word_1_363' title='bbox 2965 1894 3181 1966; x_wconf 77' lang='grc' dir='ltr'>ψαλμὸν</span> <span class='ocrx_word' id='word_1_364' title='bbox 3213 1895 3463 1967; x_wconf 90' lang='grc' dir='ltr'>ὀργάνων</span> <span class='ocrx_word' id='word_1_365' title='bbox 3506 1915 3600 1951; x_wconf 90' lang='grc' dir='ltr'><strong>σου</strong></span> <span class='ocrx_word' id='word_1_366' title='bbox 3642 1899 3743 1953; x_wconf 81' lang='grc' dir='ltr'><strong>οὐκ</strong></span> 
     </span>
    </p>
   </div>
   <div class='ocr_carea' id='block_1_49' title="bbox 2155 1986 3744 2060">
    <p class='ocr_par' dir='ltr' id='par_1_49' title="bbox 2155 1986 3744 2060">
     <span class='ocr_line' id='line_1_49' title="bbox 2155 1986 3744 2060; baseline 0.002 -19"><span class='ocrx_word' id='word_1_367' title='bbox 2155 1986 2480 2058; x_wconf 87' lang='grc' dir='ltr'>ἀκούσομαι.</span> <span class='ocrx_word' id='word_1_368' title='bbox 2517 2006 2534 2037; x_wconf 74' lang='grc' dir='ltr'>ι</span> <span class='ocrx_word' id='word_1_369' title='bbox 2589 1986 2956 2058; x_wconf 83' lang='grc' dir='ltr'>Είσκεκόμικε</span> <span class='ocrx_word' id='word_1_370' title='bbox 3022 1987 3081 2040; x_wconf 83' lang='grc' dir='ltr'>δὲ</span> <span class='ocrx_word' id='word_1_371' title='bbox 3124 1987 3215 2041; x_wconf 91' lang='grc' dir='ltr'><strong>διά</strong></span> <span class='ocrx_word' id='word_1_372' title='bbox 3274 1989 3509 2060; x_wconf 82' lang='grc' dir='ltr'>Μιχαίου</span> <span class='ocrx_word' id='word_1_373' title='bbox 3574 1991 3744 2060; x_wconf 84' lang='grc' dir='ltr'>πρόσ-</span> 
     </span>
    </p>
   </div>
   <div class='ocr_carea' id='block_1_50' title="bbox 2155 2077 3744 2152">
    <p class='ocr_par' dir='ltr' id='par_1_50' title="bbox 2155 2077 3744 2152">
     <span class='ocr_line' id='line_1_50' title="bbox 2155 2077 3744 2152; baseline 0.003 -22"><span class='ocrx_word' id='word_1_374' title='bbox 2155 2094 2305 2131; x_wconf 90' lang='grc' dir='ltr'>ωπον</span> <span class='ocrx_word' id='word_1_375' title='bbox 2334 2077 2547 2148; x_wconf 82' lang='grc' dir='ltr'>ἀνδρὸς,</span> <span class='ocrx_word' id='word_1_376' title='bbox 2585 2077 2709 2132; x_wconf 87' lang='grc' dir='ltr'>τίνα</span> <span class='ocrx_word' id='word_1_377' title='bbox 2738 2077 2803 2147; x_wconf 84' lang='grc' dir='ltr'>δὴ</span> <span class='ocrx_word' id='word_1_378' title='bbox 2845 2078 3047 2150; x_wconf 84' lang='grc' dir='ltr'>τρόπον</span> <span class='ocrx_word' id='word_1_379' title='bbox 3068 2077 3468 2151; x_wconf 80' lang='grc' dir='ltr'>κατορθώσειεν</span> <span class='ocrx_word' id='word_1_380' title='bbox 3498 2082 3564 2135; x_wconf 83' lang='grc' dir='ltr'>ἂν</span> <span class='ocrx_word' id='word_1_381' title='bbox 3585 2082 3744 2152; x_wconf 79' lang='grc' dir='ltr'>ἀμωο</span> 
     </span>
    </p>
   </div>
   <div class='ocr_carea' id='block_1_51' title="bbox 2161 2169 3744 2244">
    <p class='ocr_par' dir='ltr' id='par_1_51' title="bbox 2161 2169 3744 2244">
     <span class='ocr_line' id='line_1_51' title="bbox 2161 2169 3744 2244; baseline 0.006 -22"><span class='ocrx_word' id='word_1_382' title='bbox 2161 2171 2348 2241; x_wconf 85' lang='grc' dir='ltr'>μήτως</span> <span class='ocrx_word' id='word_1_383' title='bbox 2376 2169 2435 2223; x_wconf 84' lang='grc' dir='ltr'>τὸ</span> <span class='ocrx_word' id='word_1_384' title='bbox 2466 2170 2692 2239; x_wconf 88' lang='grc' dir='ltr'>ἀγαθὸν,</span> <span class='ocrx_word' id='word_1_385' title='bbox 2733 2171 3093 2242; x_wconf 88' lang='grc' dir='ltr'>ὀρεκτιῶντος</span> <span class='ocrx_word' id='word_1_386' title='bbox 3129 2173 3486 2244; x_wconf 74' lang='grc' dir='ltr'>ἀναμαθεῖν·σ</span> <span class='ocrx_word' id='word_1_387' title='bbox 3507 2176 3592 2229; x_wconf 87' lang='grc' dir='ltr'>Ἐν</span> <span class='ocrx_word' id='word_1_388' title='bbox 3636 2178 3744 2231; x_wconf 90' lang='grc' dir='ltr'>τίνι</span> 
     </span>
    </p>
   </div>
   <div class='ocr_carea' id='block_1_52' title="bbox 2157 2261 3748 2338">
    <p class='ocr_par' dir='ltr' id='par_1_52' title="bbox 2157 2261 3748 2338">
     <span class='ocr_line' id='line_1_52' title="bbox 2157 2261 3748 2338; baseline 0.004 -23"><span class='ocrx_word' id='word_1_389' title='bbox 2157 2261 2265 2334; x_wconf 88' lang='grc' dir='ltr'><strong>γάρ</strong></span> <span class='ocrx_word' id='word_1_390' title='bbox 2293 2261 2587 2317; x_wconf 88' lang='grc' dir='ltr'>καταλάϐω</span> <span class='ocrx_word' id='word_1_391' title='bbox 2625 2262 2719 2316; x_wconf 84' lang='grc' dir='ltr'>τὸν</span> <span class='ocrx_word' id='word_1_392' title='bbox 2758 2261 3000 2334; x_wconf 83' lang='grc' dir='ltr'><strong>Κύριον,</strong></span> <span class='ocrx_word' id='word_1_393' title='bbox 3044 2264 3412 2337; x_wconf 77' lang='grc' dir='ltr'>ἀντιλήψομαι</span> <span class='ocrx_word' id='word_1_394' title='bbox 3452 2265 3590 2321; x_wconf 87' lang='grc' dir='ltr'>Θεοῦ</span> <span class='ocrx_word' id='word_1_395' title='bbox 3631 2268 3748 2338; x_wconf 78' lang='grc' dir='ltr'>ὑψί-</span> 
     </span>
    </p>
   </div>
   <div class='ocr_carea' id='block_1_53' title="bbox 2160 2348 3746 2429">
    <p class='ocr_par' dir='ltr' id='par_1_53' title="bbox 2160 2348 3746 2429">
     <span class='ocr_line' id='line_1_53' title="bbox 2160 2348 3746 2429; baseline 0.006 -24"><span class='ocrx_word' id='word_1_396' title='bbox 2160 2368 2320 2418; x_wconf 76' lang='grc' dir='ltr'>στους</span> <span class='ocrx_word' id='word_1_397' title='bbox 2363 2353 2424 2405; x_wconf 72' lang='lat' dir='ltr'><strong>Et</strong></span> <span class='ocrx_word' id='word_1_398' title='bbox 2469 2352 2855 2425; x_wconf 76' lang='grc' dir='ltr'>καταλήψομαι</span> <span class='ocrx_word' id='word_1_399' title='bbox 2887 2348 3053 2410; x_wconf 74' lang='grc' dir='ltr'>αὐτὸν</span> <span class='ocrx_word' id='word_1_400' title='bbox 3088 2357 3147 2409; x_wconf 83' lang='grc' dir='ltr'><strong>ὲν</strong></span> <span class='ocrx_word' id='word_1_401' title='bbox 3178 2356 3650 2429; x_wconf 77' lang='grc' dir='ltr'>ὁλοκαυτώμασιν,</span> <span class='ocrx_word' id='word_1_402' title='bbox 3687 2363 3746 2414; x_wconf 82' lang='grc' dir='ltr'><strong>ὲν</strong></span> 
     </span>
    </p>
   </div>
   <div class='ocr_carea' id='block_1_54' title="bbox 2162 2440 3748 2518">
    <p class='ocr_par' dir='ltr' id='par_1_54' title="bbox 2162 2440 3748 2518">
     <span class='ocr_line' id='line_1_54' title="bbox 2162 2440 3748 2518; baseline 0.003 -22"><span class='ocrx_word' id='word_1_403' title='bbox 2162 2442 2384 2513; x_wconf 84' lang='grc' dir='ltr'>μόσχοις</span> <span class='ocrx_word' id='word_1_404' title='bbox 2407 2441 2733 2509; x_wconf 79' lang='grc' dir='ltr'>ὲνιαυσίοις;</span> <span class='ocrx_word' id='word_1_405' title='bbox 2753 2440 2817 2494; x_wconf 85' lang='grc' dir='ltr'>Εί</span> <span class='ocrx_word' id='word_1_406' title='bbox 2841 2444 3196 2515; x_wconf 79' lang='grc' dir='ltr'>προσδέξεται</span> <span class='ocrx_word' id='word_1_407' title='bbox 3221 2445 3426 2516; x_wconf 89' lang='grc' dir='ltr'>Κύριος</span> <span class='ocrx_word' id='word_1_408' title='bbox 3452 2449 3509 2501; x_wconf 77' lang='grc' dir='ltr'>ἐν</span> <span class='ocrx_word' id='word_1_409' title='bbox 3539 2447 3748 2518; x_wconf 84' lang='grc' dir='ltr'>χιλιάσι</span> 
     </span>
    </p>
   </div>
   <div class='ocr_carea' id='block_1_55' title="bbox 2160 2532 3751 2608">
    <p class='ocr_par' dir='ltr' id='par_1_55' title="bbox 2160 2532 3751 2608">
     <span class='ocr_line' id='line_1_55' title="bbox 2160 2532 3751 2608; baseline 0.003 -22"><span class='ocrx_word' id='word_1_410' title='bbox 2160 2532 2353 2604; x_wconf 88' lang='grc' dir='ltr'>κριῶν,</span> <span class='ocrx_word' id='word_1_411' title='bbox 2378 2532 2412 2603; x_wconf 82' lang='grc' dir='ltr'>ἦ</span> <span class='ocrx_word' id='word_1_412' title='bbox 2441 2534 2499 2585; x_wconf 80' lang='grc' dir='ltr'><strong>ὲν</strong></span> <span class='ocrx_word' id='word_1_413' title='bbox 2530 2533 2758 2605; x_wconf 84' lang='grc' dir='ltr'>μυριάσι</span> <span class='ocrx_word' id='word_1_414' title='bbox 2790 2534 3044 2607; x_wconf 85' lang='grc' dir='ltr'>χιμάρων</span> <span class='ocrx_word' id='word_1_415' title='bbox 3070 2536 3272 2591; x_wconf 86' lang='grc' dir='ltr'>πιόνων</span> <span class='ocrx_word' id='word_1_416' title='bbox 3297 2553 3312 2603; x_wconf 92' lang='grc'><strong>;</strong></span> <span class='ocrx_word' id='word_1_417' title='bbox 3345 2537 3409 2592; x_wconf 78' lang='lat' dir='ltr'><strong>Et</strong></span> <span class='ocrx_word' id='word_1_418' title='bbox 3434 2537 3508 2592; x_wconf 82' lang='grc' dir='ltr'><strong>δῶ</strong></span> <span class='ocrx_word' id='word_1_419' title='bbox 3530 2541 3751 2608; x_wconf 85' lang='grc' dir='ltr'>πρωτό-</span> 
     </span>
    </p>
   </div>
   <div class='ocr_carea' id='block_1_56' title="bbox 2156 2624 3750 2702">
    <p class='ocr_par' dir='ltr' id='par_1_56' title="bbox 2156 2624 3750 2702">
     <span class='ocr_line' id='line_1_56' title="bbox 2156 2624 3750 2702; baseline 0.004 -24"><span class='ocrx_word' id='word_1_420' title='bbox 2156 2624 2292 2679; x_wconf 88' lang='grc' dir='ltr'>τοκά</span> <span class='ocrx_word' id='word_1_421' title='bbox 2322 2641 2447 2695; x_wconf 92' lang='grc' dir='ltr'>μου,</span> <span class='ocrx_word' id='word_1_422' title='bbox 2476 2624 2727 2689; x_wconf 86' lang='grc' dir='ltr'>ἀσεϐείας</span> <span class='ocrx_word' id='word_1_423' title='bbox 2753 2627 2967 2699; x_wconf 82' lang='grc' dir='ltr'>καρπὸν</span> <span class='ocrx_word' id='word_1_424' title='bbox 2995 2627 3205 2692; x_wconf 81' lang='grc' dir='ltr'>κοιλίας</span> <span class='ocrx_word' id='word_1_425' title='bbox 3232 2646 3359 2700; x_wconf 89' lang='grc' dir='ltr'>μου,</span> <span class='ocrx_word' id='word_1_426' title='bbox 3387 2630 3527 2701; x_wconf 83' lang='grc' dir='ltr'>ὑπὲρ</span> <span class='ocrx_word' id='word_1_427' title='bbox 3561 2632 3750 2702; x_wconf 85' lang='grc' dir='ltr'>ἀμαρ-</span> 
     </span>
    </p>
   </div>
   <div class='ocr_carea' id='block_1_57' title="bbox 2158 2713 3743 2792">
    <p class='ocr_par' dir='ltr' id='par_1_57' title="bbox 2158 2713 3743 2792">
     <span class='ocr_line' id='line_1_57' title="bbox 2158 2713 3743 2792; baseline 0.005 -24"><span class='ocrx_word' id='word_1_428' title='bbox 2158 2716 2278 2781; x_wconf 86' lang='grc' dir='ltr'>τίας</span> <span class='ocrx_word' id='word_1_429' title='bbox 2309 2716 2488 2789; x_wconf 79' lang='grc' dir='ltr'>ψυχῆς</span> <span class='ocrx_word' id='word_1_430' title='bbox 2530 2734 2672 2788; x_wconf 87' lang='grc' dir='ltr'>μου;</span> <span class='ocrx_word' id='word_1_431' title='bbox 2714 2737 2735 2770; x_wconf 73' lang='grc' dir='ltr'>ι</span> <span class='ocrx_word' id='word_1_432' title='bbox 2791 2713 2933 2774; x_wconf 80' lang='grc' dir='ltr'>Εἶτα</span> <span class='ocrx_word' id='word_1_433' title='bbox 2969 2720 3333 2791; x_wconf 79' lang='grc' dir='ltr'>συνημμένως</span> <span class='ocrx_word' id='word_1_434' title='bbox 3371 2721 3466 2775; x_wconf 73' lang='grc' dir='ltr'>καὶ</span> <span class='ocrx_word' id='word_1_435' title='bbox 3515 2721 3743 2792; x_wconf 79' lang='grc' dir='ltr'>ὲφεξῆς’</span> 
     </span>
    </p>
   </div>
   <div class='ocr_carea' id='block_1_58' title="bbox 2165 2807 3749 2884">
    <p class='ocr_par' dir='ltr' id='par_1_58' title="bbox 2165 2807 3749 2884">
     <span class='ocr_line' id='line_1_58' title="bbox 2165 2807 3749 2884; baseline 0.003 -23"><span class='ocrx_word' id='word_1_436' title='bbox 2165 2829 2184 2859; x_wconf 82' lang='grc' dir='ltr'><strong>ι</strong></span> <span class='ocrx_word' id='word_1_437' title='bbox 2224 2809 2286 2862; x_wconf 82' lang='lat' dir='ltr'><strong>EI</strong></span> <span class='ocrx_word' id='word_1_438' title='bbox 2312 2807 2589 2880; x_wconf 81' lang='grc' dir='ltr'>ἀνηγγέλη</span> <span class='ocrx_word' id='word_1_439' title='bbox 2624 2825 2708 2863; x_wconf 91' lang='grc' dir='ltr'>σοι</span> <span class='ocrx_word' id='word_1_440' title='bbox 2728 2849 2743 2875; x_wconf 96' lang='grc'><strong>,</strong></span> <span class='ocrx_word' id='word_1_441' title='bbox 2771 2811 2937 2881; x_wconf 75' lang='grc' dir='ltr'>φησὶν</span> <span class='ocrx_word' id='word_1_442' title='bbox 2958 2851 2974 2878; x_wconf 88' lang='grc'><strong>,</strong></span> <span class='ocrx_word' id='word_1_443' title='bbox 3005 2810 3296 2881; x_wconf 76' lang='grc' dir='ltr'>ἄνθρωπε,</span> <span class='ocrx_word' id='word_1_444' title='bbox 3335 2810 3388 2865; x_wconf 89' lang='grc' dir='ltr'><strong>τί</strong></span> <span class='ocrx_word' id='word_1_445' title='bbox 3407 2811 3470 2865; x_wconf 85' lang='grc' dir='ltr'>τὸ</span> <span class='ocrx_word' id='word_1_446' title='bbox 3490 2811 3676 2866; x_wconf 81' lang='grc' dir='ltr'>καλόν·</span> <span class='ocrx_word' id='word_1_447' title='bbox 3709 2810 3749 2884; x_wconf 66' lang='grc' dir='ltr'>ἢ</span> 
     </span>
    </p>
   </div>
   <div class='ocr_carea' id='block_1_59' title="bbox 2156 2897 3751 2974">
    <p class='ocr_par' dir='ltr' id='par_1_59' title="bbox 2156 2897 3751 2974">
     <span class='ocr_line' id='line_1_59' title="bbox 2156 2897 3751 2974; baseline 0.002 -22"><span class='ocrx_word' id='word_1_448' title='bbox 2156 2899 2211 2953; x_wconf 90' lang='grc' dir='ltr'><strong>τί</strong></span> <span class='ocrx_word' id='word_1_449' title='bbox 2233 2897 2436 2970; x_wconf 82' lang='grc' dir='ltr'>Κύριος</span> <span class='ocrx_word' id='word_1_450' title='bbox 2470 2899 2694 2971; x_wconf 82' lang='grc' dir='ltr'>ὲκζητεῖ</span> <span class='ocrx_word' id='word_1_451' title='bbox 2717 2900 2869 2969; x_wconf 88' lang='grc' dir='ltr'><strong>παρά</strong></span> <span class='ocrx_word' id='word_1_452' title='bbox 2895 2902 3009 2967; x_wconf 92' lang='grc' dir='ltr'>σοῦ,</span> <span class='ocrx_word' id='word_1_453' title='bbox 3035 2902 3152 2956; x_wconf 85' lang='grc' dir='ltr'>ἀλλ’</span> <span class='ocrx_word' id='word_1_454' title='bbox 3179 2904 3214 2974; x_wconf 79' lang='grc' dir='ltr'><strong>ἢ</strong></span> <span class='ocrx_word' id='word_1_455' title='bbox 3245 2901 3338 2957; x_wconf 91' lang='grc' dir='ltr'><strong>τοῦ</strong></span> <span class='ocrx_word' id='word_1_456' title='bbox 3364 2905 3540 2959; x_wconf 89' lang='grc' dir='ltr'>ποιεῖν</span> <span class='ocrx_word' id='word_1_457' title='bbox 3569 2903 3751 2974; x_wconf 86' lang='grc' dir='ltr'>κρίμα</span> 
     </span>
    </p>
   </div>
   <div class='ocr_carea' id='block_1_60' title="bbox 2158 2989 3753 3068">
    <p class='ocr_par' dir='ltr' id='par_1_60' title="bbox 2158 2989 3753 3068">
     <span class='ocr_line' id='line_1_60' title="bbox 2158 2989 3753 3068; baseline 0.004 -25"><span class='ocrx_word' id='word_1_458' title='bbox 2158 2990 2252 3045; x_wconf 75' lang='grc' dir='ltr'>καὶ</span> <span class='ocrx_word' id='word_1_459' title='bbox 2283 2991 2501 3063; x_wconf 83' lang='grc' dir='ltr'>ἀγαπᾷν</span> <span class='ocrx_word' id='word_1_460' title='bbox 2530 2990 2700 3055; x_wconf 61' lang='grc' dir='ltr'>ἕλεος</span> <span class='ocrx_word' id='word_1_461' title='bbox 2731 2991 2827 3046; x_wconf 75' lang='grc' dir='ltr'>καὶ</span> <span class='ocrx_word' id='word_1_462' title='bbox 2859 2991 3075 3062; x_wconf 70' lang='grc' dir='ltr'>ἕτοιμον</span> <span class='ocrx_word' id='word_1_463' title='bbox 3114 2989 3257 3047; x_wconf 76' lang='grc' dir='ltr'>εἶναι</span> <span class='ocrx_word' id='word_1_464' title='bbox 3289 2994 3385 3048; x_wconf 89' lang='grc' dir='ltr'><strong>τοῦ</strong></span> <span class='ocrx_word' id='word_1_465' title='bbox 3413 2995 3753 3068; x_wconf 84' lang='grc' dir='ltr'>πορεύεσθαι</span> 
     </span>
    </p>
   </div>
   <div class='ocr_carea' id='block_1_61' title="bbox 462 3080 2054 3165">
    <p class='ocr_par' dir='ltr' id='par_1_61' title="bbox 462 3087 2052 3165">
     <span class='ocr_line' id='line_1_61' title="bbox 462 3087 2052 3165; baseline 0.002 -19"><span class='ocrx_word' id='word_1_466' title='bbox 462 3094 547 3148; x_wconf 78' lang='lat' dir='ltr'><strong>vel</strong></span> <span class='ocrx_word' id='word_1_467' title='bbox 567 3094 700 3164; x_wconf 90' lang='lat' dir='ltr'><strong>quid</strong></span> <span class='ocrx_word' id='word_1_468' title='bbox 727 3087 1313 3165; x_wconf 84' lang='lat' dir='ltr'><strong>Dominusexquirata</strong></span> <span class='ocrx_word' id='word_1_469' title='bbox 1343 3105 1414 3159; x_wconf 92' lang='lat' dir='ltr'><strong>te,</strong></span> <span class='ocrx_word' id='word_1_470' title='bbox 1442 3094 1550 3149; x_wconf 90' lang='lat' dir='ltr'><strong>nisi</strong></span> <span class='ocrx_word' id='word_1_471' title='bbox 1576 3094 1760 3149; x_wconf 81' lang='lat' dir='ltr'><strong>facere</strong></span> <span class='ocrx_word' id='word_1_472' title='bbox 1779 3094 2052 3165; x_wconf 82' lang='lat' dir='ltr'><strong>judicium</strong></span> 
     </span>
    </p>
   </div>
   <div class='ocr_carea' id='block_1_62' title="bbox 2160 3080 3756 3165">
    <p class='ocr_par' dir='ltr' id='par_1_62' title="bbox 2162 3080 3756 3159">
     <span class='ocr_line' id='line_1_62' title="bbox 2162 3080 3756 3159; baseline 0.004 -24"><span class='ocrx_word' id='word_1_473' title='bbox 2162 3080 2303 3153; x_wconf 86' lang='grc' dir='ltr'><strong>μετά</strong></span> <span class='ocrx_word' id='word_1_474' title='bbox 2346 3082 2554 3153; x_wconf 85' lang='grc' dir='ltr'>Κυρίου</span> <span class='ocrx_word' id='word_1_475' title='bbox 2586 3081 2681 3137; x_wconf 90' lang='grc' dir='ltr'><strong>τοῦ</strong></span> <span class='ocrx_word' id='word_1_476' title='bbox 2719 3081 2855 3136; x_wconf 83' lang='grc' dir='ltr'><strong>Θεοῦ</strong></span> <span class='ocrx_word' id='word_1_477' title='bbox 2890 3100 3022 3150; x_wconf 88' lang='grc' dir='ltr'>σου;</span> <span class='ocrx_word' id='word_1_478' title='bbox 3079 3104 3097 3137; x_wconf 75' lang='grc' dir='ltr'><strong>ι</strong></span> <span class='ocrx_word' id='word_1_479' title='bbox 3144 3081 3272 3157; x_wconf 67' lang='grc' dir='ltr'><strong>Ἆρ’</strong></span> <span class='ocrx_word' id='word_1_480' title='bbox 3312 3083 3407 3142; x_wconf 79' lang='grc' dir='ltr'>οῦν</span> <span class='ocrx_word' id='word_1_481' title='bbox 3435 3088 3556 3159; x_wconf 79' lang='grc' dir='ltr'><strong>οὐχὶ</strong></span> <span class='ocrx_word' id='word_1_482' title='bbox 3586 3087 3756 3142; x_wconf 79' lang='grc' dir='ltr'>τοῦτό</span> 
     </span>
    </p>
   </div>
   <div class='ocr_carea' id='block_1_63' title="bbox 412 3162 2054 3257">
    <p class='ocr_par' dir='ltr' id='par_1_63' title="bbox 412 3185 2053 3257">
     <span class='ocr_line' id='line_1_63' title="bbox 412 3185 2053 3257; baseline 0.001 -17"><span class='ocrx_word' id='word_1_483' title='bbox 412 3192 415 3195; x_wconf 75' lang='lat'><em>‘</em></span> <span class='ocrx_word' id='word_1_484' title='bbox 459 3196 518 3240; x_wconf 86' lang='lat' dir='ltr'><strong>ct</strong></span> <span class='ocrx_word' id='word_1_485' title='bbox 546 3185 778 3257; x_wconf 87' lang='lat' dir='ltr'><strong>diligere</strong></span> <span class='ocrx_word' id='word_1_486' title='bbox 819 3186 1277 3252; x_wconf 89' lang='lat' dir='ltr'><strong>misericordiam,</strong></span> <span class='ocrx_word' id='word_1_487' title='bbox 1308 3193 1366 3242; x_wconf 89' lang='lat' dir='ltr'><strong>et</strong></span> <span class='ocrx_word' id='word_1_488' title='bbox 1399 3195 1652 3257; x_wconf 88' lang='lat' dir='ltr'><strong>paratum</strong></span> <span class='ocrx_word' id='word_1_489' title='bbox 1695 3201 1817 3242; x_wconf 89' lang='lat' dir='ltr'><strong>esse</strong></span> <span class='ocrx_word' id='word_1_490' title='bbox 1855 3187 2053 3242; x_wconf 92' lang='lat' dir='ltr'><strong>ambu-</strong></span> 
     </span>
    </p>
   </div>
   <div class='ocr_carea' id='block_1_64' title="bbox 2160 3162 3755 3257">
    <p class='ocr_par' dir='ltr' id='par_1_64' title="bbox 2160 3172 3755 3248">
     <span class='ocr_line' id='line_1_64' title="bbox 2160 3172 3755 3248; baseline 0.004 -21"><span class='ocrx_word' id='word_1_491' title='bbox 2160 3176 2307 3228; x_wconf 76' lang='grc' dir='ltr'>ἐστιν</span> <span class='ocrx_word' id='word_1_492' title='bbox 2339 3174 2622 3246; x_wconf 75' lang='grc' dir='ltr'>ἐναργῶς,</span> <span class='ocrx_word' id='word_1_493' title='bbox 2657 3175 2796 3245; x_wconf 83' lang='grc' dir='ltr'>ὅπερ</span> <span class='ocrx_word' id='word_1_494' title='bbox 2841 3172 2947 3244; x_wconf 78' lang='grc' dir='ltr'>ἔφη</span> <span class='ocrx_word' id='word_1_495' title='bbox 2992 3177 3251 3248; x_wconf 87' lang='grc' dir='ltr'>Χριστός·</span> <span class='ocrx_word' id='word_1_496' title='bbox 3291 3198 3310 3230; x_wconf 80' lang='grc' dir='ltr'><strong>ι</strong></span> <span class='ocrx_word' id='word_1_497' title='bbox 3359 3178 3429 3232; x_wconf 80' lang='grc' dir='ltr'><strong>Εἴ</strong></span> <span class='ocrx_word' id='word_1_498' title='bbox 3473 3196 3558 3243; x_wconf 90' lang='grc' dir='ltr'><strong>τις</strong></span> <span class='ocrx_word' id='word_1_499' title='bbox 3603 3179 3755 3233; x_wconf 79' lang='grc' dir='ltr'>θέλει</span> 
     </span>
    </p>
   </div>
   <div class='ocr_carea' id='block_1_65' title="bbox 461 3277 2057 3350">
    <p class='ocr_par' dir='ltr' id='par_1_65' title="bbox 461 3277 2057 3350">
     <span class='ocr_line' id='line_1_65' title="bbox 461 3277 2057 3350; baseline 0.001 -17"><span class='ocrx_word' id='word_1_500' title='bbox 461 3279 577 3334; x_wconf 87' lang='lat' dir='ltr'><strong>lare</strong></span> <span class='ocrx_word' id='word_1_501' title='bbox 618 3293 746 3333; x_wconf 91' lang='lat' dir='ltr'><strong>cum</strong></span> <span class='ocrx_word' id='word_1_502' title='bbox 791 3278 1026 3333; x_wconf 90' lang='lat' dir='ltr'><strong>Domino</strong></span> <span class='ocrx_word' id='word_1_503' title='bbox 1054 3278 1166 3333; x_wconf 92' lang='lat' dir='ltr'><strong>Deo</strong></span> <span class='ocrx_word' id='word_1_504' title='bbox 1192 3286 1288 3333; x_wconf 92' lang='lat' dir='ltr'><strong>tuo</strong></span> <span class='ocrx_word' id='word_1_505' title='bbox 1317 3278 1399 3332; x_wconf 77' lang='lat'><strong>&quot;?</strong></span> <span class='ocrx_word' id='word_1_506' title='bbox 1436 3296 1454 3330; x_wconf 76' lang='grc' dir='ltr'>ι</span> <span class='ocrx_word' id='word_1_507' title='bbox 1489 3277 1684 3334; x_wconf 91' lang='lat' dir='ltr'><strong>Nonne</strong></span> <span class='ocrx_word' id='word_1_508' title='bbox 1727 3278 1895 3349; x_wconf 86' lang='lat' dir='ltr'><strong>igitur</strong></span> <span class='ocrx_word' id='word_1_509' title='bbox 1933 3295 2057 3350; x_wconf 85' lang='lat' dir='ltr'><strong>per-</strong></span> 
     </span>
    </p>
   </div>
   <div class='ocr_carea' id='block_1_66' title="bbox 461 3369 2057 3444">
    <p class='ocr_par' dir='ltr' id='par_1_66' title="bbox 461 3369 2057 3444">
     <span class='ocr_line' id='line_1_66' title="bbox 461 3369 2057 3444; baseline 0.003 -20"><span class='ocrx_word' id='word_1_510' title='bbox 461 3369 652 3440; x_wconf 84' lang='lat' dir='ltr'><strong>spicue</strong></span> <span class='ocrx_word' id='word_1_511' title='bbox 672 3370 780 3425; x_wconf 90' lang='lat' dir='ltr'><strong>hoc</strong></span> <span class='ocrx_word' id='word_1_512' title='bbox 802 3369 939 3425; x_wconf 91' lang='lat' dir='ltr'><strong>illud</strong></span> <span class='ocrx_word' id='word_1_513' title='bbox 961 3380 1048 3426; x_wconf 90' lang='lat' dir='ltr'><strong>est</strong></span> <span class='ocrx_word' id='word_1_514' title='bbox 1069 3369 1217 3441; x_wconf 91' lang='lat' dir='ltr'><strong>quod</strong></span> <span class='ocrx_word' id='word_1_515' title='bbox 1251 3370 1433 3441; x_wconf 91' lang='lat' dir='ltr'><strong>inquit</strong></span> <span class='ocrx_word' id='word_1_516' title='bbox 1459 3369 1713 3426; x_wconf 88' lang='lat' dir='ltr'><strong>Christus</strong></span> <span class='ocrx_word' id='word_1_517' title='bbox 1744 3389 1756 3425; x_wconf 89' lang='lat'>:</span> <span class='ocrx_word' id='word_1_518' title='bbox 1791 3391 1810 3423; x_wconf 76' lang='grc' dir='ltr'><strong>ι</strong></span> <span class='ocrx_word' id='word_1_519' title='bbox 1842 3371 1900 3427; x_wconf 93' lang='lat' dir='ltr'><strong>Si</strong></span> <span class='ocrx_word' id='word_1_520' title='bbox 1932 3374 2057 3444; x_wconf 90' lang='lat' dir='ltr'><strong>quis</strong></span> 
     </span>
    </p>
   </div>
   <div class='ocr_carea' id='block_1_67' title="bbox 461 3461 2058 3534">
    <p class='ocr_par' dir='ltr' id='par_1_67' title="bbox 461 3461 2058 3534">
     <span class='ocr_line' id='line_1_67' title="bbox 461 3461 2058 3534; baseline 0.003 -19"><span class='ocrx_word' id='word_1_521' title='bbox 461 3462 582 3518; x_wconf 79' lang='lat' dir='ltr'><strong>vult</strong></span> <span class='ocrx_word' id='word_1_522' title='bbox 604 3461 795 3518; x_wconf 86' lang='lat' dir='ltr'><strong>venire</strong></span> <span class='ocrx_word' id='word_1_523' title='bbox 836 3471 961 3533; x_wconf 92' lang='lat' dir='ltr'><strong>post</strong></span> <span class='ocrx_word' id='word_1_524' title='bbox 989 3478 1098 3528; x_wconf 86' lang='lat' dir='ltr'><strong>me,</strong></span> <span class='ocrx_word' id='word_1_525' title='bbox 1139 3463 1374 3534; x_wconf 84' lang='lat' dir='ltr'><strong>abneget</strong></span> <span class='ocrx_word' id='word_1_526' title='bbox 1405 3463 1784 3534; x_wconf 89' lang='lat' dir='ltr'><strong>semetipsum,</strong></span> <span class='ocrx_word' id='word_1_527' title='bbox 1814 3472 1871 3518; x_wconf 89' lang='lat' dir='ltr'><strong>et</strong></span> <span class='ocrx_word' id='word_1_528' title='bbox 1906 3465 2058 3520; x_wconf 90' lang='lat' dir='ltr'><strong>tollat</strong></span> 
     </span>
    </p>
   </div>
   <div class='ocr_carea' id='block_1_68' title="bbox 462 3551 2054 3621">
    <p class='ocr_par' dir='ltr' id='par_1_68' title="bbox 462 3551 2054 3621">
     <span class='ocr_line' id='line_1_68' title="bbox 462 3551 2054 3621; baseline 0.002 -16"><span class='ocrx_word' id='word_1_529' title='bbox 462 3567 684 3608; x_wconf 84' lang='lat' dir='ltr'><strong>erucem</strong></span> <span class='ocrx_word' id='word_1_530' title='bbox 725 3567 912 3617; x_wconf 89' lang='lat' dir='ltr'><strong>suam,</strong></span> <span class='ocrx_word' id='word_1_531' title='bbox 955 3558 1011 3606; x_wconf 90' lang='lat' dir='ltr'><strong>et</strong></span> <span class='ocrx_word' id='word_1_532' title='bbox 1045 3559 1311 3621; x_wconf 87' lang='lat' dir='ltr'><strong>sequatur</strong></span> <span class='ocrx_word' id='word_1_533' title='bbox 1351 3567 1441 3607; x_wconf 92' lang='lat' dir='ltr'><strong>me</strong></span> <span class='ocrx_word' id='word_1_534' title='bbox 1473 3552 1630 3605; x_wconf 67' lang='lat'><strong><em>&quot;&#39;?»</em></strong></span> <span class='ocrx_word' id='word_1_535' title='bbox 1677 3552 1749 3606; x_wconf 89' lang='lat' dir='ltr'><strong>Et</strong></span> <span class='ocrx_word' id='word_1_536' title='bbox 1792 3551 1995 3611; x_wconf 89' lang='lat' dir='ltr'><strong>iterum</strong></span> <span class='ocrx_word' id='word_1_537' title='bbox 2041 3572 2054 3608; x_wconf 92' lang='lat'><strong>:</strong></span> 
     </span>
    </p>
   </div>
   <div class='ocr_carea' id='block_1_69' title="bbox 473 3642 2061 3713">
    <p class='ocr_par' dir='ltr' id='par_1_69' title="bbox 473 3642 2061 3713">
     <span class='ocr_line' id='line_1_69' title="bbox 473 3642 2061 3713; baseline 0.003 -18"><span class='ocrx_word' id='word_1_538' title='bbox 473 3664 492 3695; x_wconf 78' lang='grc' dir='ltr'><strong>ι</strong></span> <span class='ocrx_word' id='word_1_539' title='bbox 516 3642 623 3711; x_wconf 88' lang='lat' dir='ltr'><strong>Qui</strong></span> <span class='ocrx_word' id='word_1_540' title='bbox 648 3657 737 3698; x_wconf 91' lang='lat' dir='ltr'><strong>me</strong></span> <span class='ocrx_word' id='word_1_541' title='bbox 762 3642 960 3713; x_wconf 88' lang='lat' dir='ltr'><strong>diligit,</strong></span> <span class='ocrx_word' id='word_1_542' title='bbox 986 3658 1075 3697; x_wconf 92' lang='lat' dir='ltr'><strong>me</strong></span> <span class='ocrx_word' id='word_1_543' title='bbox 1103 3650 1386 3712; x_wconf 87' lang='lat' dir='ltr'><strong>sequatur,</strong></span> <span class='ocrx_word' id='word_1_544' title='bbox 1421 3652 1479 3698; x_wconf 92' lang='lat' dir='ltr'><strong>et</strong></span> <span class='ocrx_word' id='word_1_545' title='bbox 1513 3642 1605 3697; x_wconf 91' lang='lat' dir='ltr'><strong>ubi</strong></span> <span class='ocrx_word' id='word_1_546' title='bbox 1636 3658 1739 3713; x_wconf 89' lang='lat' dir='ltr'><strong>ego</strong></span> <span class='ocrx_word' id='word_1_547' title='bbox 1777 3658 1921 3708; x_wconf 92' lang='lat' dir='ltr'><strong>sum,</strong></span> <span class='ocrx_word' id='word_1_548' title='bbox 1947 3644 2061 3699; x_wconf 90' lang='lat' dir='ltr'><strong>illic</strong></span> 
     </span>
    </p>
   </div>
   <div class='ocr_carea' id='block_1_70' title="bbox 370 3732 2059 3803">
    <p class='ocr_par' dir='ltr' id='par_1_70' title="bbox 370 3732 2059 3803">
     <span class='ocr_line' id='line_1_70' title="bbox 370 3732 2059 3803; baseline 0.004 -21"><span class='ocrx_word' id='word_1_549' title='bbox 370 3777 377 3782; x_wconf 91' lang='lat'><strong>.</strong></span> <span class='ocrx_word' id='word_1_550' title='bbox 463 3743 523 3789; x_wconf 85' lang='lat' dir='ltr'><strong>et</strong></span> <span class='ocrx_word' id='word_1_551' title='bbox 568 3732 821 3787; x_wconf 90' lang='lat' dir='ltr'><strong>minister</strong></span> <span class='ocrx_word' id='word_1_552' title='bbox 879 3747 1035 3787; x_wconf 91' lang='lat' dir='ltr'><strong>meus</strong></span> <span class='ocrx_word' id='word_1_553' title='bbox 1086 3733 1158 3788; x_wconf 91' lang='lat' dir='ltr'><strong>sit</strong></span> <span class='ocrx_word' id='word_1_554' title='bbox 1204 3733 1271 3787; x_wconf 76' lang='grc'><strong>⁸⁸.</strong></span> <span class='ocrx_word' id='word_1_555' title='bbox 1324 3753 1343 3785; x_wconf 74' lang='grc' dir='ltr'><strong>ι</strong></span> <span class='ocrx_word' id='word_1_556' title='bbox 1389 3733 1508 3788; x_wconf 82' lang='lat' dir='ltr'><strong>Non</strong></span> <span class='ocrx_word' id='word_1_557' title='bbox 1562 3732 1621 3787; x_wconf 89' lang='lat' dir='ltr'><strong>in</strong></span> <span class='ocrx_word' id='word_1_558' title='bbox 1684 3733 1846 3803; x_wconf 88' lang='lat' dir='ltr'><strong>legali</strong></span> <span class='ocrx_word' id='word_1_559' title='bbox 1905 3734 2059 3790; x_wconf 86' lang='lat' dir='ltr'><strong>cultu</strong></span> 
     </span>
    </p>
   </div>
   <div class='ocr_carea' id='block_1_71' title="bbox 461 3823 2061 3896">
    <p class='ocr_par' dir='ltr' id='par_1_71' title="bbox 461 3823 2061 3896">
     <span class='ocr_line' id='line_1_71' title="bbox 461 3823 2061 3896; baseline 0.001 -15"><span class='ocrx_word' id='word_1_560' title='bbox 461 3824 779 3881; x_wconf 77' lang='lat' dir='ltr'><strong>Christiana</strong></span> <span class='ocrx_word' id='word_1_561' title='bbox 805 3823 1021 3895; x_wconf 90' lang='lat' dir='ltr'><strong>religio,</strong></span> <span class='ocrx_word' id='word_1_562' title='bbox 1044 3824 1141 3881; x_wconf 89' lang='lat' dir='ltr'><strong>sed</strong></span> <span class='ocrx_word' id='word_1_563' title='bbox 1166 3824 1224 3880; x_wconf 92' lang='lat' dir='ltr'><strong>in</strong></span> <span class='ocrx_word' id='word_1_564' title='bbox 1248 3833 1439 3882; x_wconf 89' lang='lat' dir='ltr'><strong>sancto</strong></span> <span class='ocrx_word' id='word_1_565' title='bbox 1458 3833 1623 3896; x_wconf 89' lang='lat' dir='ltr'><strong>atque</strong></span> <span class='ocrx_word' id='word_1_566' title='bbox 1648 3825 1926 3895; x_wconf 88' lang='lat' dir='ltr'><strong>spirituali</strong></span> <span class='ocrx_word' id='word_1_567' title='bbox 1955 3827 2061 3883; x_wconf 83' lang='lat' dir='ltr'><strong>sita</strong></span> 
     </span>
    </p>
   </div>
   <div class='ocr_carea' id='block_1_72' title="bbox 465 3925 574 3973">
    <p class='ocr_par' dir='ltr' id='par_1_72' title="bbox 465 3925 574 3973">
     <span class='ocr_line' id='line_1_72' title="bbox 465 3925 574 3973; baseline 0 -3"><span class='ocrx_word' id='word_1_568' title='bbox 465 3925 574 3973; x_wconf 86' lang='lat' dir='ltr'><strong>est.</strong></span> 
     </span>
    </p>
   </div>
   <div class='ocr_carea' id='block_1_73' title="bbox 536 4006 1334 4064">
    <p class='ocr_par' dir='ltr' id='par_1_73' title="bbox 536 4006 1334 4064">
     <span class='ocr_line' id='line_1_73' title="bbox 536 4006 1334 4064; baseline -0.001 -1"><span class='ocrx_word' id='word_1_569' title='bbox 536 4006 736 4063; x_wconf 81' lang='lat' dir='ltr'><strong>PALL.</strong></span> <span class='ocrx_word' id='word_1_570' title='bbox 768 4007 1095 4064; x_wconf 84' lang='lat' dir='ltr'><strong>Rectissime</strong></span> <span class='ocrx_word' id='word_1_571' title='bbox 1125 4007 1334 4063; x_wconf 85' lang='lat' dir='ltr'><strong>dixisti.</strong></span> 
     </span>
    </p>
   </div>
   <div class='ocr_carea' id='block_1_74' title="bbox 532 4098 2057 4175">
    <p class='ocr_par' dir='ltr' id='par_1_74' title="bbox 532 4098 2057 4175">
     <span class='ocr_line' id='line_1_74' title="bbox 532 4098 2057 4175; baseline 0.002 -19"><span class='ocrx_word' id='word_1_572' title='bbox 532 4098 691 4156; x_wconf 82' lang='lat' dir='ltr'><strong>CYR.</strong></span> <span class='ocrx_word' id='word_1_573' title='bbox 722 4099 869 4167; x_wconf 85' lang='lat' dir='ltr'><strong>Quin</strong></span> <span class='ocrx_word' id='word_1_574' title='bbox 890 4099 1057 4173; x_wconf 78' lang='lat' dir='ltr'><strong>etiam</strong></span> <span class='ocrx_word' id='word_1_575' title='bbox 1086 4115 1187 4170; x_wconf 92' lang='lat' dir='ltr'><strong>per</strong></span> <span class='ocrx_word' id='word_1_576' title='bbox 1225 4099 1421 4155; x_wconf 87' lang='lat' dir='ltr'><strong>Isaiam</strong></span> <span class='ocrx_word' id='word_1_577' title='bbox 1461 4101 1846 4158; x_wconf 83' lang='lat' dir='ltr'><strong>vehementius</strong></span> <span class='ocrx_word' id='word_1_578' title='bbox 1866 4103 2057 4175; x_wconf 89' lang='lat' dir='ltr'><strong>objur-</strong></span> 
     </span>
    </p>
   </div>
   <div class='ocr_carea' id='block_1_75' title="bbox 463 4191 2053 4263">
    <p class='ocr_par' dir='ltr' id='par_1_75' title="bbox 463 4191 2053 4263">
     <span class='ocr_line' id='line_1_75' title="bbox 463 4191 2053 4263; baseline 0.001 -16"><span class='ocrx_word' id='word_1_579' title='bbox 463 4207 601 4263; x_wconf 83' lang='lat' dir='ltr'><strong>gnns</strong></span> <span class='ocrx_word' id='word_1_580' title='bbox 621 4192 931 4258; x_wconf 88' lang='lat' dir='ltr'><strong>lsraelitas,</strong></span> <span class='ocrx_word' id='word_1_581' title='bbox 969 4210 988 4243; x_wconf 83' lang='grc' dir='ltr'>ι</span> <span class='ocrx_word' id='word_1_582' title='bbox 1017 4191 1243 4258; x_wconf 84' lang='lat' dir='ltr'><strong>Audite,</strong></span> <span class='ocrx_word' id='word_1_583' title='bbox 1283 4210 1303 4243; x_wconf 80' lang='grc' dir='ltr'>ι</span> <span class='ocrx_word' id='word_1_584' title='bbox 1329 4191 1530 4262; x_wconf 89' lang='lat' dir='ltr'><strong>inquit,</strong></span> <span class='ocrx_word' id='word_1_585' title='bbox 1562 4212 1580 4245; x_wconf 75' lang='grc' dir='ltr'>ι</span> <span class='ocrx_word' id='word_1_586' title='bbox 1610 4193 1782 4249; x_wconf 90' lang='lat' dir='ltr'><strong>verba</strong></span> <span class='ocrx_word' id='word_1_587' title='bbox 1804 4194 2053 4260; x_wconf 86' lang='lat' dir='ltr'><strong>Domini,</strong></span> 
     </span>
    </p>
   </div>
   <div class='ocr_carea' id='block_1_76' title="bbox 466 4281 2049 4356">
    <p class='ocr_par' dir='ltr' id='par_1_76' title="bbox 466 4281 2049 4356">
     <span class='ocr_line' id='line_1_76' title="bbox 466 4281 2049 4356; baseline 0.001 -20"><span class='ocrx_word' id='word_1_588' title='bbox 466 4282 743 4354; x_wconf 87' lang='lat' dir='ltr'><strong>principes</strong></span> <span class='ocrx_word' id='word_1_589' title='bbox 771 4282 1172 4349; x_wconf 87' lang='lat' dir='ltr'><strong>Sodomorum;</strong></span> <span class='ocrx_word' id='word_1_590' title='bbox 1203 4281 1472 4338; x_wconf 90' lang='lat' dir='ltr'><strong>attendite</strong></span> <span class='ocrx_word' id='word_1_591' title='bbox 1516 4282 1691 4356; x_wconf 88' lang='lat' dir='ltr'><strong>legem</strong></span> <span class='ocrx_word' id='word_1_592' title='bbox 1720 4284 1840 4349; x_wconf 91' lang='lat' dir='ltr'><strong>Dei,</strong></span> <span class='ocrx_word' id='word_1_593' title='bbox 1878 4299 2049 4355; x_wconf 91' lang='lat' dir='ltr'><strong>popu-</strong></span> 
     </span>
    </p>
   </div>
   <div class='ocr_carea' id='block_1_77' title="bbox 464 4374 2057 4442">
    <p class='ocr_par' dir='ltr' id='par_1_77' title="bbox 464 4374 2057 4442">
     <span class='ocr_line' id='line_1_77' title="bbox 464 4374 2057 4442; baseline 0.002 -15"><span class='ocrx_word' id='word_1_594' title='bbox 464 4375 552 4432; x_wconf 86' lang='lat' dir='ltr'><strong>lus</strong></span> <span class='ocrx_word' id='word_1_595' title='bbox 597 4374 941 4432; x_wconf 67' lang='lat' dir='ltr'><strong>Gomorrhaa.</strong></span> <span class='ocrx_word' id='word_1_596' title='bbox 988 4374 1111 4442; x_wconf 85' lang='lat' dir='ltr'><strong>Quo</strong></span> <span class='ocrx_word' id='word_1_597' title='bbox 1174 4374 1312 4429; x_wconf 89' lang='lat' dir='ltr'><strong>mihi</strong></span> <span class='ocrx_word' id='word_1_598' title='bbox 1362 4374 1662 4431; x_wconf 90' lang='lat' dir='ltr'><strong>multitudo</strong></span> <span class='ocrx_word' id='word_1_599' title='bbox 1709 4375 2057 4431; x_wconf 89' lang='lat' dir='ltr'><strong>victimarum</strong></span> 
     </span>
    </p>
   </div>
   <div class='ocr_carea' id='block_1_78' title="bbox 464 4466 2055 4532">
    <p class='ocr_par' dir='ltr' id='par_1_78' title="bbox 464 4466 2055 4532">
     <span class='ocr_line' id='line_1_78' title="bbox 464 4466 2055 4532; baseline 0 -11"><span class='ocrx_word' id='word_1_600' title='bbox 464 4475 794 4532; x_wconf 76' lang='lat' dir='ltr'><strong>vestrarum,</strong></span> <span class='ocrx_word' id='word_1_601' title='bbox 838 4466 976 4523; x_wconf 86' lang='lat' dir='ltr'><strong>dicit</strong></span> <span class='ocrx_word' id='word_1_602' title='bbox 1019 4466 1324 4528; x_wconf 87' lang='lat' dir='ltr'><strong>Dominus?</strong></span> <span class='ocrx_word' id='word_1_603' title='bbox 1368 4467 1571 4523; x_wconf 89' lang='lat' dir='ltr'><strong>Plenus</strong></span> <span class='ocrx_word' id='word_1_604' title='bbox 1618 4483 1742 4524; x_wconf 88' lang='lat' dir='ltr'><strong>sum</strong></span> <span class='ocrx_word' id='word_1_605' title='bbox 1791 4468 2055 4524; x_wconf 89' lang='lat' dir='ltr'><strong>holocau-</strong></span> 
     </span>
    </p>
   </div>
   <div class='ocr_carea' id='block_1_79' title="bbox 2161 3264 3758 3342">
    <p class='ocr_par' dir='ltr' id='par_1_79' title="bbox 2161 3264 3758 3342">
     <span class='ocr_line' id='line_1_79' title="bbox 2161 3264 3758 3342; baseline 0.004 -24"><span class='ocrx_word' id='word_1_606' title='bbox 2161 3264 2337 3319; x_wconf 83' lang='grc' dir='ltr'>ὀπίσω</span> <span class='ocrx_word' id='word_1_607' title='bbox 2368 3282 2470 3336; x_wconf 92' lang='grc' dir='ltr'><strong>μου</strong></span> <span class='ocrx_word' id='word_1_608' title='bbox 2503 3265 2700 3332; x_wconf 75' lang='grc' dir='ltr'>ἐλθεῖν,</span> <span class='ocrx_word' id='word_1_609' title='bbox 2733 3268 3145 3340; x_wconf 81' lang='grc' dir='ltr'>ἀπαρνησάσθω</span> <span class='ocrx_word' id='word_1_610' title='bbox 3175 3269 3402 3335; x_wconf 78' lang='grc' dir='ltr'>ἑαυτὸν,</span> <span class='ocrx_word' id='word_1_611' title='bbox 3431 3274 3526 3325; x_wconf 71' lang='grc' dir='ltr'>καὶ</span> <span class='ocrx_word' id='word_1_612' title='bbox 3557 3272 3758 3342; x_wconf 81' lang='grc' dir='ltr'>ἀράτω</span> 
     </span>
    </p>
   </div>
   <div class='ocr_carea' id='block_1_80' title="bbox 2160 3357 3760 3434">
    <p class='ocr_par' dir='ltr' id='par_1_80' title="bbox 2160 3357 3760 3434">
     <span class='ocr_line' id='line_1_80' title="bbox 2160 3357 3760 3434; baseline 0.003 -23"><span class='ocrx_word' id='word_1_613' title='bbox 2160 3357 2251 3412; x_wconf 82' lang='grc' dir='ltr'>τὸν</span> <span class='ocrx_word' id='word_1_614' title='bbox 2278 3358 2512 3429; x_wconf 78' lang='grc' dir='ltr'>σταυρὸν</span> <span class='ocrx_word' id='word_1_615' title='bbox 2537 3358 2728 3426; x_wconf 79' lang='grc' dir='ltr'>αὑτοῦ,</span> <span class='ocrx_word' id='word_1_616' title='bbox 2757 3360 2851 3415; x_wconf 78' lang='grc' dir='ltr'>καὶ</span> <span class='ocrx_word' id='word_1_617' title='bbox 2869 3359 3237 3416; x_wconf 80' lang='grc' dir='ltr'>ἀκολουθείτω</span> <span class='ocrx_word' id='word_1_618' title='bbox 3276 3379 3367 3434; x_wconf 89' lang='grc' dir='ltr'><strong>μοι</strong></span> <span class='ocrx_word' id='word_1_619' title='bbox 3394 3380 3409 3430; x_wconf 90' lang='grc'><strong>;</strong></span> <span class='ocrx_word' id='word_1_620' title='bbox 3449 3381 3467 3415; x_wconf 76' lang='grc' dir='ltr'><strong>ι</strong></span> <span class='ocrx_word' id='word_1_621' title='bbox 3505 3362 3617 3416; x_wconf 73' lang='grc' dir='ltr'>Καὶ</span> <span class='ocrx_word' id='word_1_622' title='bbox 3648 3364 3760 3417; x_wconf 85' lang='grc' dir='ltr'>πά-</span> 
     </span>
    </p>
   </div>
   <div class='ocr_carea' id='block_1_81' title="bbox 2160 3450 3757 3524">
    <p class='ocr_par' dir='ltr' id='par_1_81' title="bbox 2160 3450 3757 3524">
     <span class='ocr_line' id='line_1_81' title="bbox 2160 3450 3757 3524; baseline 0.003 -20"><span class='ocrx_word' id='word_1_623' title='bbox 2160 3450 2263 3505; x_wconf 90' lang='grc' dir='ltr'><strong>λιν·</strong></span> <span class='ocrx_word' id='word_1_624' title='bbox 2300 3470 2319 3503; x_wconf 82' lang='grc' dir='ltr'><strong>ι</strong></span> <span class='ocrx_word' id='word_1_625' title='bbox 2379 3452 2436 3505; x_wconf 80' lang='grc'><strong>’0</strong></span> <span class='ocrx_word' id='word_1_626' title='bbox 2469 3453 2571 3524; x_wconf 78' lang='grc' dir='ltr'><strong>ἐμὲ</strong></span> <span class='ocrx_word' id='word_1_627' title='bbox 2601 3453 2854 3522; x_wconf 85' lang='grc' dir='ltr'>ἀγαπῶν,</span> <span class='ocrx_word' id='word_1_628' title='bbox 2886 3454 3013 3524; x_wconf 75' lang='grc' dir='ltr'><strong>ἐμοὶ</strong></span> <span class='ocrx_word' id='word_1_629' title='bbox 3057 3454 3455 3521; x_wconf 86' lang='grc' dir='ltr'>ἀκολουθείτω,</span> <span class='ocrx_word' id='word_1_630' title='bbox 3486 3455 3583 3509; x_wconf 77' lang='grc' dir='ltr'>καὶ</span> <span class='ocrx_word' id='word_1_631' title='bbox 3612 3455 3757 3508; x_wconf 78' lang='grc' dir='ltr'>ὅπου</span> 
     </span>
    </p>
   </div>
   <div class='ocr_carea' id='block_1_82' title="bbox 2161 3542 3758 3618">
    <p class='ocr_par' dir='ltr' id='par_1_82' title="bbox 2161 3542 3758 3618">
     <span class='ocr_line' id='line_1_82' title="bbox 2161 3542 3758 3618; baseline 0.004 -23"><span class='ocrx_word' id='word_1_632' title='bbox 2161 3544 2277 3614; x_wconf 78' lang='grc' dir='ltr'>εἰμὶ</span> <span class='ocrx_word' id='word_1_633' title='bbox 2311 3542 2465 3614; x_wconf 59' lang='grc' dir='ltr'>ἐγὼ,</span> <span class='ocrx_word' id='word_1_634' title='bbox 2489 3547 2608 3599; x_wconf 81' lang='grc' dir='ltr'>ἐκεῖ</span> <span class='ocrx_word' id='word_1_635' title='bbox 2644 3545 2740 3600; x_wconf 75' lang='grc' dir='ltr'>καὶ</span> <span class='ocrx_word' id='word_1_636' title='bbox 2783 3547 2812 3599; x_wconf 87' lang='grc' dir='ltr'><strong>ό</strong></span> <span class='ocrx_word' id='word_1_637' title='bbox 2854 3544 3103 3611; x_wconf 87' lang='grc' dir='ltr'>διάκονος</span> <span class='ocrx_word' id='word_1_638' title='bbox 3132 3549 3162 3600; x_wconf 85' lang='grc' dir='ltr'>ὁ</span> <span class='ocrx_word' id='word_1_639' title='bbox 3200 3546 3333 3618; x_wconf 75' lang='grc' dir='ltr'>ἐμὸς</span> <span class='ocrx_word' id='word_1_640' title='bbox 3372 3546 3535 3601; x_wconf 75' lang='grc' dir='ltr'>ἔστω.</span> <span class='ocrx_word' id='word_1_641' title='bbox 3577 3565 3596 3598; x_wconf 68' lang='grc' dir='ltr'><strong>ι</strong></span> <span class='ocrx_word' id='word_1_642' title='bbox 3632 3547 3758 3601; x_wconf 80' lang='grc' dir='ltr'><strong>Οὐκ</strong></span> 
     </span>
    </p>
   </div>
   <div class='ocr_carea' id='block_1_83' title="bbox 2161 3633 3761 3709">
    <p class='ocr_par' dir='ltr' id='par_1_83' title="bbox 2161 3633 3761 3709">
     <span class='ocr_line' id='line_1_83' title="bbox 2161 3633 3761 3709; baseline 0.003 -25"><span class='ocrx_word' id='word_1_643' title='bbox 2161 3633 2218 3686; x_wconf 79' lang='grc' dir='ltr'><strong>ὲν</strong></span> <span class='ocrx_word' id='word_1_644' title='bbox 2240 3638 2440 3709; x_wconf 81' lang='grc' dir='ltr'>νομικῇ</span> <span class='ocrx_word' id='word_1_645' title='bbox 2477 3636 2577 3707; x_wconf 82' lang='grc' dir='ltr'>μὲν</span> <span class='ocrx_word' id='word_1_646' title='bbox 2605 3635 2833 3707; x_wconf 74' lang='grc' dir='ltr'>λατρεία</span> <span class='ocrx_word' id='word_1_647' title='bbox 2862 3636 2930 3706; x_wconf 75' lang='grc' dir='ltr'>τῇ</span> <span class='ocrx_word' id='word_1_648' title='bbox 2971 3636 3114 3692; x_wconf 85' lang='grc' dir='ltr'><strong>κατά</strong></span> <span class='ocrx_word' id='word_1_649' title='bbox 3139 3636 3408 3707; x_wconf 84' lang='grc' dir='ltr'>Χριστὸν,</span> <span class='ocrx_word' id='word_1_650' title='bbox 3441 3637 3577 3692; x_wconf 86' lang='grc' dir='ltr'>ἀλλὰ</span> <span class='ocrx_word' id='word_1_651' title='bbox 3619 3637 3761 3709; x_wconf 72' lang='grc' dir='ltr'>ἁγίᾳ</span> 
     </span>
    </p>
   </div>
   <div class='ocr_carea' id='block_1_84' title="bbox 2162 3727 3301 3800">
    <p class='ocr_par' dir='ltr' id='par_1_84' title="bbox 2162 3727 3301 3800">
     <span class='ocr_line' id='line_1_84' title="bbox 2162 3727 3301 3800; baseline 0.001 -24"><span class='ocrx_word' id='word_1_652' title='bbox 2162 3741 2221 3777; x_wconf 89' lang='grc' dir='ltr'><strong>τε</strong></span> <span class='ocrx_word' id='word_1_653' title='bbox 2252 3727 2348 3781; x_wconf 80' lang='grc' dir='ltr'>καὶ</span> <span class='ocrx_word' id='word_1_654' title='bbox 2377 3731 2752 3800; x_wconf 81' lang='grc' dir='ltr'>πνευματικῇ.</span> <span class='ocrx_word' id='word_1_655' title='bbox 3298 3774 3301 3777; x_wconf 44' lang='grc' dir='ltr'><strong>η</strong></span> 
     </span>
    </p>
   </div>
   <div class='ocr_carea' id='block_1_85' title="bbox 2232 4010 3080 4085">
    <p class='ocr_par' dir='ltr' id='par_1_85' title="bbox 2232 4010 3080 4085">
     <span class='ocr_line' id='line_1_85' title="bbox 2232 4010 3080 4085; baseline 0.002 -21"><span class='ocrx_word' id='word_1_656' title='bbox 2232 4011 2439 4065; x_wconf 84' lang='grc' dir='ltr'>ΠΑΛΔ.</span> <span class='ocrx_word' id='word_1_657' title='bbox 2477 4010 2774 4081; x_wconf 84' lang='grc' dir='ltr'>Ὀρθότατα</span> <span class='ocrx_word' id='word_1_658' title='bbox 2804 4010 2963 4085; x_wconf 81' lang='grc' dir='ltr'>ἔφης.</span> <span class='ocrx_word' id='word_1_659' title='bbox 3072 4027 3080 4036; x_wconf 91' lang='grc'>·</span> 
     </span>
    </p>
   </div>
   <div class='ocr_carea' id='block_1_86' title="bbox 2231 4102 3758 4177">
    <p class='ocr_par' dir='ltr' id='par_1_86' title="bbox 2231 4102 3758 4177">
     <span class='ocr_line' id='line_1_86' title="bbox 2231 4102 3758 4177; baseline 0.003 -21"><span class='ocrx_word' id='word_1_660' title='bbox 2231 4103 2396 4158; x_wconf 87' lang='grc' dir='ltr'>ΚΥΡ.</span> <span class='ocrx_word' id='word_1_661' title='bbox 2426 4103 2537 4157; x_wconf 71' lang='grc' dir='ltr'>Καὶ</span> <span class='ocrx_word' id='word_1_662' title='bbox 2562 4102 2651 4158; x_wconf 89' lang='grc' dir='ltr'><strong>διά</strong></span> <span class='ocrx_word' id='word_1_663' title='bbox 2696 4104 2795 4175; x_wconf 82' lang='grc' dir='ltr'>μὲν</span> <span class='ocrx_word' id='word_1_664' title='bbox 2824 4106 2921 4175; x_wconf 83' lang='grc' dir='ltr'>τῆς</span> <span class='ocrx_word' id='word_1_665' title='bbox 2962 4104 3191 4159; x_wconf 86' lang='grc' dir='ltr'>Ἡσαῖου</span> <span class='ocrx_word' id='word_1_666' title='bbox 3229 4105 3415 4177; x_wconf 78' lang='grc' dir='ltr'>φωνῆς</span> <span class='ocrx_word' id='word_1_667' title='bbox 3438 4145 3454 4173; x_wconf 95' lang='grc'><strong>,</strong></span> <span class='ocrx_word' id='word_1_668' title='bbox 3484 4104 3758 4177; x_wconf 78' lang='grc' dir='ltr'>θερμότε-</span> 
     </span>
    </p>
   </div>
   <div class='ocr_carea' id='block_1_87' title="bbox 2164 4193 3757 4271">
    <p class='ocr_par' dir='ltr' id='par_1_87' title="bbox 2164 4193 3757 4271">
     <span class='ocr_line' id='line_1_87' title="bbox 2164 4193 3757 4271; baseline 0.006 -24"><span class='ocrx_word' id='word_1_669' title='bbox 2164 4210 2254 4265; x_wconf 94' lang='grc' dir='ltr'><strong>ρον</strong></span> <span class='ocrx_word' id='word_1_670' title='bbox 2283 4193 2604 4267; x_wconf 78' lang='grc' dir='ltr'>ἐπιπλήττει</span> <span class='ocrx_word' id='word_1_671' title='bbox 2647 4198 2762 4261; x_wconf 90' lang='grc' dir='ltr'>τοῖς</span> <span class='ocrx_word' id='word_1_672' title='bbox 2801 4197 2862 4264; x_wconf 78' lang='grc' dir='ltr'><strong>ἐξ</strong></span> <span class='ocrx_word' id='word_1_673' title='bbox 2900 4198 3118 4271; x_wconf 86' lang='grc' dir='ltr'>Ἰσραὴλ</span> <span class='ocrx_word' id='word_1_674' title='bbox 3161 4198 3356 4268; x_wconf 85' lang='grc' dir='ltr'>λέγων·</span> <span class='ocrx_word' id='word_1_675' title='bbox 3383 4216 3402 4250; x_wconf 78' lang='grc' dir='ltr'><strong>ι</strong></span> <span class='ocrx_word' id='word_1_676' title='bbox 3450 4198 3757 4256; x_wconf 79' lang='grc' dir='ltr'>Ἀκούσατε</span> 
     </span>
    </p>
   </div>
   <div class='ocr_carea' id='block_1_88' title="bbox 2159 4278 3756 4362">
    <p class='ocr_par' dir='ltr' id='par_1_88' title="bbox 2159 4278 3756 4362">
     <span class='ocr_line' id='line_1_88' title="bbox 2159 4278 3756 4362; baseline 0.006 -24"><span class='ocrx_word' id='word_1_677' title='bbox 2159 4285 2334 4353; x_wconf 89' lang='grc' dir='ltr'>λόγων</span> <span class='ocrx_word' id='word_1_678' title='bbox 2365 4285 2571 4358; x_wconf 85' lang='grc' dir='ltr'>Κυρίου</span> <span class='ocrx_word' id='word_1_679' title='bbox 2593 4325 2610 4353; x_wconf 90' lang='grc'><strong>,</strong></span> <span class='ocrx_word' id='word_1_680' title='bbox 2644 4288 2904 4361; x_wconf 79' lang='grc' dir='ltr'>ἄρχοντες</span> <span class='ocrx_word' id='word_1_681' title='bbox 2931 4289 3215 4361; x_wconf 87' lang='grc' dir='ltr'>Σοδόμων,</span> <span class='ocrx_word' id='word_1_682' title='bbox 3251 4290 3552 4362; x_wconf 75' lang='grc' dir='ltr'>προσέχετε</span> <span class='ocrx_word' id='word_1_683' title='bbox 3576 4278 3756 4362; x_wconf 81' lang='grc' dir='ltr'>νόμον</span> 
     </span>
    </p>
   </div>
   <div class='ocr_carea' id='block_1_89' title="bbox 2160 4376 3752 4455">
    <p class='ocr_par' dir='ltr' id='par_1_89' title="bbox 2160 4376 3752 4455">
     <span class='ocr_line' id='line_1_89' title="bbox 2160 4376 3752 4455; baseline 0.005 -26"><span class='ocrx_word' id='word_1_684' title='bbox 2160 4376 2318 4443; x_wconf 83' lang='grc' dir='ltr'>Θεοῦ,</span> <span class='ocrx_word' id='word_1_685' title='bbox 2346 4376 2476 4443; x_wconf 84' lang='grc' dir='ltr'>λαὸς</span> <span class='ocrx_word' id='word_1_686' title='bbox 2518 4379 2834 4453; x_wconf 73' lang='grc' dir='ltr'>Γομόρρων.</span> <span class='ocrx_word' id='word_1_687' title='bbox 2885 4382 2951 4437; x_wconf 93' lang='grc' dir='ltr'>Τί</span> <span class='ocrx_word' id='word_1_688' title='bbox 3006 4400 3097 4455; x_wconf 90' lang='grc' dir='ltr'><strong>μοι</strong></span> <span class='ocrx_word' id='word_1_689' title='bbox 3139 4381 3346 4455; x_wconf 81' lang='grc' dir='ltr'>πλῆθος</span> <span class='ocrx_word' id='word_1_690' title='bbox 3381 4383 3490 4436; x_wconf 90' lang='grc' dir='ltr'><strong>τῶν</strong></span> <span class='ocrx_word' id='word_1_691' title='bbox 3542 4382 3752 4437; x_wconf 84' lang='grc' dir='ltr'>θυσιῶν</span> 
     </span>
    </p>
   </div>
   <div class='ocr_carea' id='block_1_90' title="bbox 2163 4467 3754 4547">
    <p class='ocr_par' dir='ltr' id='par_1_90' title="bbox 2163 4467 3754 4547">
     <span class='ocr_line' id='line_1_90' title="bbox 2163 4467 3754 4547; baseline 0.003 -25"><span class='ocrx_word' id='word_1_692' title='bbox 2163 4467 2318 4540; x_wconf 88' lang='grc' dir='ltr'>ὑμῶν</span> <span class='ocrx_word' id='word_1_693' title='bbox 2338 4509 2353 4534; x_wconf 89' lang='grc'><strong>,</strong></span> <span class='ocrx_word' id='word_1_694' title='bbox 2388 4468 2538 4539; x_wconf 78' lang='grc' dir='ltr'>λέγει</span> <span class='ocrx_word' id='word_1_695' title='bbox 2578 4471 2819 4543; x_wconf 90' lang='grc' dir='ltr'>Κύριος;</span> <span class='ocrx_word' id='word_1_696' title='bbox 2866 4473 3090 4547; x_wconf 88' lang='grc' dir='ltr'>Πλήρης</span> <span class='ocrx_word' id='word_1_697' title='bbox 3125 4475 3244 4547; x_wconf 78' lang='grc' dir='ltr'>εἰμὶ</span> <span class='ocrx_word' id='word_1_698' title='bbox 3276 4474 3754 4545; x_wconf 84' lang='grc' dir='ltr'>ὁλοκαυτωμάτων</span> 
     </span>
    </p>
   </div>
   <div class='ocr_carea' id='block_1_91' title="bbox 463 4531 2054 4639">
    <p class='ocr_par' dir='ltr' id='par_1_91' title="bbox 463 4555 2054 4630">
     <span class='ocr_line' id='line_1_91' title="bbox 463 4555 2054 4630; baseline 0.001 -18"><span class='ocrx_word' id='word_1_699' title='bbox 463 4558 564 4613; x_wconf 88' lang='lat' dir='ltr'><strong>stis</strong></span> <span class='ocrx_word' id='word_1_700' title='bbox 613 4558 881 4624; x_wconf 87' lang='lat' dir='ltr'><strong>arietum;</strong></span> <span class='ocrx_word' id='word_1_701' title='bbox 920 4564 978 4611; x_wconf 92' lang='lat' dir='ltr'><strong>et</strong></span> <span class='ocrx_word' id='word_1_702' title='bbox 1008 4555 1229 4628; x_wconf 89' lang='lat' dir='ltr'><strong>adipem</strong></span> <span class='ocrx_word' id='word_1_703' title='bbox 1278 4572 1575 4630; x_wconf 86' lang='lat' dir='ltr'><strong>agnorum,</strong></span> <span class='ocrx_word' id='word_1_704' title='bbox 1626 4566 1683 4613; x_wconf 93' lang='lat' dir='ltr'><strong>et</strong></span> <span class='ocrx_word' id='word_1_705' title='bbox 1732 4558 2054 4630; x_wconf 87' lang='lat' dir='ltr'><strong>sanguinem</strong></span> 
     </span>
    </p>
   </div>
   <div class='ocr_carea' id='block_1_92' title="bbox 2160 4531 3748 4639">
    <p class='ocr_par' dir='ltr' id='par_1_92' title="bbox 2163 4531 3748 4639">
     <span class='ocr_line' id='line_1_92' title="bbox 2163 4531 3748 4639; baseline 0.004 -24"><span class='ocrx_word' id='word_1_706' title='bbox 2163 4531 2369 4632; x_wconf 72' lang='grc' dir='ltr'>κριῶν,</span> <span class='ocrx_word' id='word_1_707' title='bbox 2411 4531 2506 4617; x_wconf 78' lang='grc' dir='ltr'>καὶ</span> <span class='ocrx_word' id='word_1_708' title='bbox 2551 4531 2718 4638; x_wconf 72' lang='grc' dir='ltr'>στέαρ</span> <span class='ocrx_word' id='word_1_709' title='bbox 2756 4531 2936 4637; x_wconf 82' lang='grc' dir='ltr'>ἀρνῶν</span> <span class='ocrx_word' id='word_1_710' title='bbox 2966 4531 3086 4622; x_wconf 60' lang='grc' dir='ltr'><strong>ἐξαῖ</strong></span> <span class='ocrx_word' id='word_1_711' title='bbox 3107 4531 3327 4639; x_wconf 77' lang='grc' dir='ltr'>τράγων</span> <span class='ocrx_word' id='word_1_712' title='bbox 3370 4569 3432 4621; x_wconf 80' lang='grc' dir='ltr'><strong>ού</strong></span> <span class='ocrx_word' id='word_1_713' title='bbox 3462 4531 3748 4638; x_wconf 78' lang='grc' dir='ltr'>βούλομαι·</span> 
     </span>
    </p>
   </div>
   <div class='ocr_carea' id='block_1_93' title="bbox 464 4646 2061 4723">
    <p class='ocr_par' dir='ltr' id='par_1_93' title="bbox 464 4646 2061 4723">
     <span class='ocr_line' id='line_1_93' title="bbox 464 4646 2061 4723; baseline 0.004 -22"><span class='ocrx_word' id='word_1_714' title='bbox 464 4657 748 4704; x_wconf 86' lang='lat' dir='ltr'><strong>taurorum</strong></span> <span class='ocrx_word' id='word_1_715' title='bbox 777 4653 835 4704; x_wconf 91' lang='lat' dir='ltr'><strong>et</strong></span> <span class='ocrx_word' id='word_1_716' title='bbox 863 4646 1146 4703; x_wconf 88' lang='lat' dir='ltr'><strong>hircorum</strong></span> <span class='ocrx_word' id='word_1_717' title='bbox 1189 4649 1316 4705; x_wconf 93' lang='lat' dir='ltr'><strong>nolo</strong></span> <span class='ocrx_word' id='word_1_718' title='bbox 1344 4668 1355 4703; x_wconf 93' lang='lat'>:</span> <span class='ocrx_word' id='word_1_719' title='bbox 1383 4665 1562 4721; x_wconf 92' lang='lat' dir='ltr'><strong>neque</strong></span> <span class='ocrx_word' id='word_1_720' title='bbox 1601 4650 1866 4707; x_wconf 91' lang='lat' dir='ltr'><strong>veneritis</strong></span> <span class='ocrx_word' id='word_1_721' title='bbox 1894 4666 2061 4723; x_wconf 90' lang='lat' dir='ltr'><strong>appa-</strong></span> 
     </span>
    </p>
   </div>
   <div class='ocr_carea' id='block_1_94' title="bbox 463 4739 2062 4812">
    <p class='ocr_par' dir='ltr' id='par_1_94' title="bbox 463 4739 2062 4812">
     <span class='ocr_line' id='line_1_94' title="bbox 463 4739 2062 4812; baseline 0.003 -16"><span class='ocrx_word' id='word_1_722' title='bbox 463 4755 587 4796; x_wconf 87' lang='lat' dir='ltr'><strong>rere</strong></span> <span class='ocrx_word' id='word_1_723' title='bbox 636 4739 808 4809; x_wconf 90' lang='lat' dir='ltr'><strong>mihi;</strong></span> <span class='ocrx_word' id='word_1_724' title='bbox 859 4740 987 4812; x_wconf 92' lang='lat' dir='ltr'><strong>quis</strong></span> <span class='ocrx_word' id='word_1_725' title='bbox 1030 4739 1181 4796; x_wconf 89' lang='lat' dir='ltr'><strong>enim</strong></span> <span class='ocrx_word' id='word_1_726' title='bbox 1229 4742 1483 4812; x_wconf 65' lang='lat' dir='ltr'><strong>quaesivit</strong></span> <span class='ocrx_word' id='word_1_727' title='bbox 1530 4742 1648 4800; x_wconf 72' lang='lat' dir='ltr'><strong>haec</strong></span> <span class='ocrx_word' id='word_1_728' title='bbox 1694 4742 1764 4800; x_wconf 92' lang='lat' dir='ltr'><strong>de</strong></span> <span class='ocrx_word' id='word_1_729' title='bbox 1804 4743 2062 4800; x_wconf 87' lang='lat' dir='ltr'><strong>manibus</strong></span> 
     </span>
    </p>
   </div>
   <div class='ocr_carea' id='block_1_95' title="bbox 461 4831 2061 4908">
    <p class='ocr_par' dir='ltr' id='par_1_95' title="bbox 461 4831 2061 4908">
     <span class='ocr_line' id='line_1_95' title="bbox 461 4831 2061 4908; baseline 0.004 -23"><span class='ocrx_word' id='word_1_730' title='bbox 461 4831 699 4890; x_wconf 90' lang='lat' dir='ltr'><strong>vestris?</strong></span> <span class='ocrx_word' id='word_1_731' title='bbox 730 4833 945 4890; x_wconf 90' lang='lat' dir='ltr'><strong>calcare</strong></span> <span class='ocrx_word' id='word_1_732' title='bbox 975 4833 1032 4889; x_wconf 92' lang='lat' dir='ltr'><strong>in</strong></span> <span class='ocrx_word' id='word_1_733' title='bbox 1063 4834 1266 4890; x_wconf 91' lang='lat' dir='ltr'><strong>atrium</strong></span> <span class='ocrx_word' id='word_1_734' title='bbox 1294 4850 1478 4891; x_wconf 90' lang='lat' dir='ltr'><strong>meum</strong></span> <span class='ocrx_word' id='word_1_735' title='bbox 1516 4851 1628 4892; x_wconf 92' lang='lat' dir='ltr'><strong>non</strong></span> <span class='ocrx_word' id='word_1_736' title='bbox 1661 4836 1966 4908; x_wconf 87' lang='lat' dir='ltr'><strong>apponetis.</strong></span> <span class='ocrx_word' id='word_1_737' title='bbox 2001 4836 2061 4892; x_wconf 91' lang='lat' dir='ltr'><strong>Si</strong></span> 
     </span>
    </p>
   </div>
   <div class='ocr_carea' id='block_1_96' title="bbox 463 4924 2060 4998">
    <p class='ocr_par' dir='ltr' id='par_1_96' title="bbox 463 4924 2060 4998">
     <span class='ocr_line' id='line_1_96' title="bbox 463 4924 2060 4998; baseline 0.002 -19"><span class='ocrx_word' id='word_1_738' title='bbox 463 4924 781 4982; x_wconf 90' lang='lat' dir='ltr'><strong>obtuleritis</strong></span> <span class='ocrx_word' id='word_1_739' title='bbox 807 4925 1106 4998; x_wconf 89' lang='lat' dir='ltr'><strong>siliginem,</strong></span> <span class='ocrx_word' id='word_1_740' title='bbox 1135 4943 1374 4995; x_wconf 90' lang='lat' dir='ltr'><strong>vanum;</strong></span> <span class='ocrx_word' id='word_1_741' title='bbox 1398 4927 1686 4983; x_wconf 91' lang='lat' dir='ltr'><strong>incensum</strong></span> <span class='ocrx_word' id='word_1_742' title='bbox 1720 4928 2060 4985; x_wconf 90' lang='lat' dir='ltr'><strong>abominatio</strong></span> 
     </span>
    </p>
   </div>
   <div class='ocr_carea' id='block_1_97' title="bbox 461 5017 2055 5086">
    <p class='ocr_par' dir='ltr' id='par_1_97' title="bbox 461 5017 2055 5086">
     <span class='ocr_line' id='line_1_97' title="bbox 461 5017 2055 5086; baseline 0 -13"><span class='ocrx_word' id='word_1_743' title='bbox 461 5024 549 5073; x_wconf 90' lang='lat' dir='ltr'><strong>est</strong></span> <span class='ocrx_word' id='word_1_744' title='bbox 585 5018 761 5085; x_wconf 89' lang='lat' dir='ltr'><strong>mihi;</strong></span> <span class='ocrx_word' id='word_1_745' title='bbox 796 5020 1118 5077; x_wconf 88' lang='lat' dir='ltr'><strong>neomenias</strong></span> <span class='ocrx_word' id='word_1_746' title='bbox 1148 5025 1381 5086; x_wconf 85' lang='lat' dir='ltr'><strong>vestras,</strong></span> <span class='ocrx_word' id='word_1_747' title='bbox 1419 5027 1477 5074; x_wconf 91' lang='lat' dir='ltr'><strong>et</strong></span> <span class='ocrx_word' id='word_1_748' title='bbox 1518 5017 1777 5085; x_wconf 87' lang='lat' dir='ltr'><strong>Sabbata,</strong></span> <span class='ocrx_word' id='word_1_749' title='bbox 1812 5028 1870 5074; x_wconf 93' lang='lat' dir='ltr'><strong>et</strong></span> <span class='ocrx_word' id='word_1_750' title='bbox 1909 5019 2055 5074; x_wconf 88' lang='lat' dir='ltr'><strong>diem</strong></span> 
     </span>
    </p>
   </div>
   <div class='ocr_carea' id='block_1_98' title="bbox 465 5109 2057 5184">
    <p class='ocr_par' dir='ltr' id='par_1_98' title="bbox 465 5109 2057 5184">
     <span class='ocr_line' id='line_1_98' title="bbox 465 5109 2057 5184; baseline -0.001 -20"><span class='ocrx_word' id='word_1_751' title='bbox 465 5125 724 5183; x_wconf 89' lang='lat' dir='ltr'><strong>magnum</strong></span> <span class='ocrx_word' id='word_1_752' title='bbox 754 5126 866 5167; x_wconf 92' lang='lat' dir='ltr'><strong>non</strong></span> <span class='ocrx_word' id='word_1_753' title='bbox 895 5111 1088 5169; x_wconf 85' lang='lat' dir='ltr'><strong>feram.</strong></span> <span class='ocrx_word' id='word_1_754' title='bbox 1119 5112 1398 5184; x_wconf 73' lang='lat' dir='ltr'><strong>Ieiunium</strong></span> <span class='ocrx_word' id='word_1_755' title='bbox 1426 5119 1484 5167; x_wconf 89' lang='lat' dir='ltr'><strong>et</strong></span> <span class='ocrx_word' id='word_1_756' title='bbox 1510 5111 1707 5175; x_wconf 88' lang='lat' dir='ltr'><strong>otium,</strong></span> <span class='ocrx_word' id='word_1_757' title='bbox 1750 5118 1805 5165; x_wconf 88' lang='lat' dir='ltr'><strong>et</strong></span> <span class='ocrx_word' id='word_1_758' title='bbox 1842 5109 2057 5165; x_wconf 84' lang='lat' dir='ltr'><strong>festivi-</strong></span> 
     </span>
    </p>
   </div>
   <div class='ocr_carea' id='block_1_99' title="bbox 463 5196 2058 5268">
    <p class='ocr_par' dir='ltr' id='par_1_99' title="bbox 463 5196 2058 5268">
     <span class='ocr_line' id='line_1_99' title="bbox 463 5196 2058 5268; baseline -0.003 -10"><span class='ocrx_word' id='word_1_759' title='bbox 463 5209 606 5258; x_wconf 84' lang='lat' dir='ltr'><strong>tates</strong></span> <span class='ocrx_word' id='word_1_760' title='bbox 641 5210 855 5258; x_wconf 84' lang='lat' dir='ltr'><strong>vestras</strong></span> <span class='ocrx_word' id='word_1_761' title='bbox 895 5202 1014 5260; x_wconf 89' lang='lat' dir='ltr'><strong>odit</strong></span> <span class='ocrx_word' id='word_1_762' title='bbox 1054 5204 1236 5259; x_wconf 89' lang='lat' dir='ltr'><strong>anima</strong></span> <span class='ocrx_word' id='word_1_763' title='bbox 1284 5218 1440 5268; x_wconf 88' lang='lat' dir='ltr'><strong>mea;</strong></span> <span class='ocrx_word' id='word_1_764' title='bbox 1475 5201 1602 5255; x_wconf 84' lang='lat' dir='ltr'><strong>facti</strong></span> <span class='ocrx_word' id='word_1_765' title='bbox 1639 5200 1774 5255; x_wconf 88' lang='lat' dir='ltr'><strong>estis</strong></span> <span class='ocrx_word' id='word_1_766' title='bbox 1820 5196 1958 5254; x_wconf 86' lang='lat' dir='ltr'><strong>mihi</strong></span> <span class='ocrx_word' id='word_1_767' title='bbox 2000 5199 2058 5253; x_wconf 91' lang='lat' dir='ltr'><strong>in</strong></span> 
     </span>
    </p>
   </div>
   <div class='ocr_carea' id='block_1_100' title="bbox 462 5291 2058 5362">
    <p class='ocr_par' dir='ltr' id='par_1_100' title="bbox 462 5291 2058 5362">
     <span class='ocr_line' id='line_1_100' title="bbox 462 5291 2058 5362; baseline -0.001 -12"><span class='ocrx_word' id='word_1_768' title='bbox 462 5293 774 5352; x_wconf 84' lang='lat' dir='ltr'><strong>satietatem</strong></span> <span class='ocrx_word' id='word_1_769' title='bbox 800 5295 868 5352; x_wconf 81' lang='lat'><strong>“.</strong></span> <span class='ocrx_word' id='word_1_770' title='bbox 906 5314 926 5347; x_wconf 71' lang='grc' dir='ltr'><strong>ι</strong></span> <span class='ocrx_word' id='word_1_771' title='bbox 959 5297 1064 5352; x_wconf 91' lang='lat' dir='ltr'><strong>Per</strong></span> <span class='ocrx_word' id='word_1_772' title='bbox 1092 5292 1414 5350; x_wconf 85' lang='lat' dir='ltr'><strong>Malachiam</strong></span> <span class='ocrx_word' id='word_1_773' title='bbox 1448 5302 1710 5362; x_wconf 67' lang='lat' dir='ltr'><strong>praaterea</strong></span> <span class='ocrx_word' id='word_1_774' title='bbox 1734 5291 2058 5362; x_wconf 86' lang='lat' dir='ltr'><strong>prophetam</strong></span> 
     </span>
    </p>
   </div>
   <div class='ocr_carea' id='block_1_101' title="bbox 460 5377 2060 5455">
    <p class='ocr_par' dir='ltr' id='par_1_101' title="bbox 460 5377 2060 5455">
     <span class='ocr_line' id='line_1_101' title="bbox 460 5377 2060 5455; baseline 0.004 -16"><span class='ocrx_word' id='word_1_775' title='bbox 460 5384 831 5443; x_wconf 88' lang='lat' dir='ltr'><strong>odiosissimis</strong></span> <span class='ocrx_word' id='word_1_776' title='bbox 878 5377 1201 5442; x_wconf 79' lang='lat' dir='ltr'><strong>hominibus</strong></span> <span class='ocrx_word' id='word_1_777' title='bbox 1241 5382 1436 5438; x_wconf 88' lang='lat' dir='ltr'><strong>eadem</strong></span> <span class='ocrx_word' id='word_1_778' title='bbox 1484 5381 1650 5447; x_wconf 89' lang='lat' dir='ltr'><strong>dicit,</strong></span> <span class='ocrx_word' id='word_1_779' title='bbox 1686 5393 1851 5455; x_wconf 90' lang='lat' dir='ltr'><strong>atque</strong></span> <span class='ocrx_word' id='word_1_780' title='bbox 1891 5384 2060 5445; x_wconf 85' lang='lat' dir='ltr'><strong>etiam</strong></span> 
     </span>
    </p>
   </div>
   <div class='ocr_carea' id='block_1_102' title="bbox 462 5473 2057 5545">
    <p class='ocr_par' dir='ltr' id='par_1_102' title="bbox 462 5473 2057 5545">
     <span class='ocr_line' id='line_1_102' title="bbox 462 5473 2057 5545; baseline 0.004 -18"><span class='ocrx_word' id='word_1_781' title='bbox 462 5480 778 5545; x_wconf 91' lang='lat' dir='ltr'><strong>temporum</strong></span> <span class='ocrx_word' id='word_1_782' title='bbox 806 5476 1079 5542; x_wconf 91' lang='lat' dir='ltr'><strong>meminit,</strong></span> <span class='ocrx_word' id='word_1_783' title='bbox 1121 5473 1327 5545; x_wconf 89' lang='lat' dir='ltr'><strong>quibus</strong></span> <span class='ocrx_word' id='word_1_784' title='bbox 1363 5489 1463 5544; x_wconf 89' lang='lat' dir='ltr'><strong>per</strong></span> <span class='ocrx_word' id='word_1_785' title='bbox 1506 5490 1699 5532; x_wconf 87' lang='lat' dir='ltr'><strong>omnes</strong></span> <span class='ocrx_word' id='word_1_786' title='bbox 1743 5484 1919 5535; x_wconf 89' lang='lat' dir='ltr'><strong>terras</strong></span> <span class='ocrx_word' id='word_1_787' title='bbox 1950 5479 2057 5535; x_wconf 90' lang='lat' dir='ltr'><strong>sibi</strong></span> 
     </span>
    </p>
   </div>
   <div class='ocr_carea' id='block_1_103' title="bbox 463 5562 2056 5643">
    <p class='ocr_par' dir='ltr' id='par_1_103' title="bbox 463 5562 2056 5643">
     <span class='ocr_line' id='line_1_103' title="bbox 463 5562 2056 5643; baseline 0.006 -24"><span class='ocrx_word' id='word_1_788' title='bbox 463 5562 766 5621; x_wconf 61' lang='lat' dir='ltr'><strong>incruenta</strong></span> <span class='ocrx_word' id='word_1_789' title='bbox 792 5581 858 5624; x_wconf 91' lang='lat' dir='ltr'><strong>ac</strong></span> <span class='ocrx_word' id='word_1_790' title='bbox 901 5565 1207 5638; x_wconf 87' lang='lat' dir='ltr'><strong>spiritualis</strong></span> <span class='ocrx_word' id='word_1_791' title='bbox 1234 5565 1429 5623; x_wconf 68' lang='lat' dir='ltr'><strong>hostiae</strong></span> <span class='ocrx_word' id='word_1_792' title='bbox 1457 5567 1681 5625; x_wconf 89' lang='lat' dir='ltr'><strong>odorem</strong></span> <span class='ocrx_word' id='word_1_793' title='bbox 1707 5570 2056 5643; x_wconf 87' lang='lat' dir='ltr'><strong>incompara-</strong></span> 
     </span>
    </p>
   </div>
   <div class='ocr_carea' id='block_1_104' title="bbox 2161 4651 3750 4729">
    <p class='ocr_par' dir='ltr' id='par_1_104' title="bbox 2161 4651 3750 4729">
     <span class='ocr_line' id='line_1_104' title="bbox 2161 4651 3750 4729; baseline 0.003 -22"><span class='ocrx_word' id='word_1_794' title='bbox 2161 4652 2270 4707; x_wconf 80' lang='grc' dir='ltr'>οὐδ’</span> <span class='ocrx_word' id='word_1_795' title='bbox 2318 4651 2385 4709; x_wconf 78' lang='grc' dir='ltr'><strong>ἂν</strong></span> <span class='ocrx_word' id='word_1_796' title='bbox 2433 4653 2671 4726; x_wconf 81' lang='grc' dir='ltr'>ἐρχησθε</span> <span class='ocrx_word' id='word_1_797' title='bbox 2716 4655 2948 4727; x_wconf 83' lang='grc' dir='ltr'>ὀφθῆναί</span> <span class='ocrx_word' id='word_1_798' title='bbox 2999 4674 3120 4728; x_wconf 90' lang='grc' dir='ltr'>μοι,</span> <span class='ocrx_word' id='word_1_799' title='bbox 3161 4657 3246 4722; x_wconf 87' lang='grc' dir='ltr'><strong>τίς</strong></span> <span class='ocrx_word' id='word_1_800' title='bbox 3293 4655 3403 4726; x_wconf 88' lang='grc' dir='ltr'><strong>γάρ</strong></span> <span class='ocrx_word' id='word_1_801' title='bbox 3445 4655 3750 4729; x_wconf 81' lang='grc' dir='ltr'>ὲξεζήτησε</span> 
     </span>
    </p>
   </div>
   <div class='ocr_carea' id='block_1_105' title="bbox 2159 4745 3750 4822">
    <p class='ocr_par' dir='ltr' id='par_1_105' title="bbox 2159 4745 3750 4822">
     <span class='ocr_line' id='line_1_105' title="bbox 2159 4745 3750 4822; baseline 0 -20"><span class='ocrx_word' id='word_1_802' title='bbox 2159 4745 2331 4802; x_wconf 82' lang='grc' dir='ltr'>ταῦτα</span> <span class='ocrx_word' id='word_1_803' title='bbox 2359 4749 2426 4802; x_wconf 84' lang='grc' dir='ltr'>ὲκ</span> <span class='ocrx_word' id='word_1_804' title='bbox 2458 4746 2566 4803; x_wconf 88' lang='grc' dir='ltr'><strong>τῶν</strong></span> <span class='ocrx_word' id='word_1_805' title='bbox 2594 4747 2794 4821; x_wconf 89' lang='grc' dir='ltr'>χειρῶν</span> <span class='ocrx_word' id='word_1_806' title='bbox 2839 4748 2996 4822; x_wconf 85' lang='grc' dir='ltr'>ὑμῶν</span> <span class='ocrx_word' id='word_1_807' title='bbox 3015 4767 3038 4817; x_wconf 90' lang='grc'><strong>;·</strong></span> <span class='ocrx_word' id='word_1_808' title='bbox 3063 4751 3264 4805; x_wconf 88' lang='grc' dir='ltr'>Πατεῖν</span> <span class='ocrx_word' id='word_1_809' title='bbox 3289 4751 3390 4821; x_wconf 80' lang='grc' dir='ltr'>τὴν</span> <span class='ocrx_word' id='word_1_810' title='bbox 3426 4749 3601 4821; x_wconf 84' lang='grc' dir='ltr'>αὐλήν</span> <span class='ocrx_word' id='word_1_811' title='bbox 3644 4766 3750 4820; x_wconf 90' lang='grc' dir='ltr'><strong>μου</strong></span> 
     </span>
    </p>
   </div>
   <div class='ocr_carea' id='block_1_106' title="bbox 2162 4838 3748 4915">
    <p class='ocr_par' dir='ltr' id='par_1_106' title="bbox 2162 4838 3748 4915">
     <span class='ocr_line' id='line_1_106' title="bbox 2162 4838 3748 4915; baseline 0.004 -23"><span class='ocrx_word' id='word_1_812' title='bbox 2162 4838 2226 4892; x_wconf 89' lang='grc' dir='ltr'><strong>ού</strong></span> <span class='ocrx_word' id='word_1_813' title='bbox 2257 4838 2658 4911; x_wconf 86' lang='grc' dir='ltr'>προσθήσεσθε.</span> <span class='ocrx_word' id='word_1_814' title='bbox 2716 4842 2840 4896; x_wconf 87' lang='grc' dir='ltr'>Ἐἀν</span> <span class='ocrx_word' id='word_1_815' title='bbox 2884 4842 3092 4915; x_wconf 78' lang='grc' dir='ltr'>φέρητε</span> <span class='ocrx_word' id='word_1_816' title='bbox 3137 4841 3455 4914; x_wconf 87' lang='grc' dir='ltr'>σεμίδαλιν,</span> <span class='ocrx_word' id='word_1_817' title='bbox 3490 4841 3748 4912; x_wconf 70' lang='grc' dir='ltr'>μάταιον.</span> 
     </span>
    </p>
   </div>
   <div class='ocr_carea' id='block_1_107' title="bbox 2118 4929 3745 5005">
    <p class='ocr_par' dir='ltr' id='par_1_107' title="bbox 2118 4929 3745 5005">
     <span class='ocr_line' id='line_1_107' title="bbox 2118 4929 3745 5005; baseline 0.002 -22"><span class='ocrx_word' id='word_1_818' title='bbox 2118 4950 2121 4951; x_wconf 48' lang='grc' dir='ltr'><strong>ν</strong></span> <span class='ocrx_word' id='word_1_819' title='bbox 2165 4929 2430 5001; x_wconf 86' lang='grc' dir='ltr'>Θυμίαμα</span> <span class='ocrx_word' id='word_1_820' title='bbox 2474 4932 2747 5005; x_wconf 81' lang='grc' dir='ltr'>βδέλυγμά</span> <span class='ocrx_word' id='word_1_821' title='bbox 2776 4935 2867 5004; x_wconf 92' lang='grc' dir='ltr'><strong>μοί</strong></span> <span class='ocrx_word' id='word_1_822' title='bbox 2906 4936 3056 5001; x_wconf 82' lang='grc' dir='ltr'>ἐστι,</span> <span class='ocrx_word' id='word_1_823' title='bbox 3085 4933 3186 4998; x_wconf 83' lang='grc' dir='ltr'><strong>τὰς</strong></span> <span class='ocrx_word' id='word_1_824' title='bbox 3215 4933 3513 5005; x_wconf 85' lang='grc' dir='ltr'>νουμηνίας</span> <span class='ocrx_word' id='word_1_825' title='bbox 3553 4932 3745 5004; x_wconf 86' lang='grc' dir='ltr'>ὑμῶν,</span> 
     </span>
    </p>
   </div>
   <div class='ocr_carea' id='block_1_108' title="bbox 2167 5020 3745 5099">
    <p class='ocr_par' dir='ltr' id='par_1_108' title="bbox 2167 5020 3745 5099">
     <span class='ocr_line' id='line_1_108' title="bbox 2167 5020 3745 5099; baseline 0.004 -26"><span class='ocrx_word' id='word_1_826' title='bbox 2167 5022 2261 5074; x_wconf 78' lang='grc' dir='ltr'>καὶ</span> <span class='ocrx_word' id='word_1_827' title='bbox 2295 5020 2366 5075; x_wconf 85' lang='grc' dir='ltr'>τὰ</span> <span class='ocrx_word' id='word_1_828' title='bbox 2393 5023 2669 5091; x_wconf 86' lang='grc' dir='ltr'>Σάϐϐατα,</span> <span class='ocrx_word' id='word_1_829' title='bbox 2691 5024 2786 5080; x_wconf 72' lang='grc' dir='ltr'>καὶ</span> <span class='ocrx_word' id='word_1_830' title='bbox 2809 5027 3024 5099; x_wconf 80' lang='grc' dir='ltr'>ἡμέραν</span> <span class='ocrx_word' id='word_1_831' title='bbox 3051 5025 3297 5098; x_wconf 82' lang='grc' dir='ltr'>μεγάλην</span> <span class='ocrx_word' id='word_1_832' title='bbox 3325 5025 3425 5081; x_wconf 81' lang='grc' dir='ltr'><strong>οὐκ</strong></span> <span class='ocrx_word' id='word_1_833' title='bbox 3456 5024 3745 5096; x_wconf 84' lang='grc' dir='ltr'>ἀνέχομαι.</span> 
     </span>
    </p>
   </div>
   <div class='ocr_carea' id='block_1_109' title="bbox 2166 5110 3745 5187">
    <p class='ocr_par' dir='ltr' id='par_1_109' title="bbox 2166 5110 3745 5187">
     <span class='ocr_line' id='line_1_109' title="bbox 2166 5110 3745 5187; baseline 0.003 -24"><span class='ocrx_word' id='word_1_834' title='bbox 2166 5110 2442 5180; x_wconf 85' lang='grc' dir='ltr'>Νηστείαν</span> <span class='ocrx_word' id='word_1_835' title='bbox 2475 5112 2570 5167; x_wconf 83' lang='grc' dir='ltr'>καὶ</span> <span class='ocrx_word' id='word_1_836' title='bbox 2609 5114 2809 5187; x_wconf 91' lang='grc' dir='ltr'>ἀργίαν</span> <span class='ocrx_word' id='word_1_837' title='bbox 2828 5155 2844 5181; x_wconf 91' lang='grc'><strong>,</strong></span> <span class='ocrx_word' id='word_1_838' title='bbox 2871 5114 3092 5179; x_wconf 79' lang='grc' dir='ltr'>καὶτὰς</span> <span class='ocrx_word' id='word_1_839' title='bbox 3126 5115 3322 5187; x_wconf 82' lang='grc' dir='ltr'>ἑορτάς</span> <span class='ocrx_word' id='word_1_840' title='bbox 3352 5112 3504 5184; x_wconf 88' lang='grc' dir='ltr'>ὑμῶν</span> <span class='ocrx_word' id='word_1_841' title='bbox 3551 5113 3745 5185; x_wconf 78' lang='grc' dir='ltr'>ἐμίση-</span> 
     </span>
    </p>
   </div>
   <div class='ocr_carea' id='block_1_110' title="bbox 2171 5191 3740 5278">
    <p class='ocr_par' dir='ltr' id='par_1_110' title="bbox 2171 5191 3740 5278">
     <span class='ocr_line' id='line_1_110' title="bbox 2171 5191 3740 5278; baseline 0.001 -24"><span class='ocrx_word' id='word_1_842' title='bbox 2171 5217 2260 5255; x_wconf 85' lang='grc' dir='ltr'><strong>σεν</strong></span> <span class='ocrx_word' id='word_1_843' title='bbox 2302 5205 2336 5272; x_wconf 82' lang='grc' dir='ltr'>ὴ</span> <span class='ocrx_word' id='word_1_844' title='bbox 2376 5202 2522 5275; x_wconf 69' lang='grc' dir='ltr'>ψυχή</span> <span class='ocrx_word' id='word_1_845' title='bbox 2556 5223 2679 5275; x_wconf 77' lang='grc' dir='ltr'><strong>μου⁸</strong></span> <span class='ocrx_word' id='word_1_846' title='bbox 2714 5207 3012 5278; x_wconf 75' lang='grc' dir='ltr'>ἐγενήθητὲ</span> <span class='ocrx_word' id='word_1_847' title='bbox 3060 5191 3160 5277; x_wconf 52' lang='grc' dir='ltr'>μοι’</span> <span class='ocrx_word' id='word_1_848' title='bbox 3195 5206 3275 5270; x_wconf 86' lang='grc' dir='ltr'><strong>είς</strong></span> <span class='ocrx_word' id='word_1_849' title='bbox 3328 5204 3671 5277; x_wconf 84' lang='grc' dir='ltr'>πλησμονήν.</span> <span class='ocrx_word' id='word_1_850' title='bbox 3720 5222 3740 5255; x_wconf 80' lang='grc' dir='ltr'>ι</span> 
     </span>
    </p>
   </div>
   <div class='ocr_carea' id='block_1_111' title="bbox 2168 5294 3746 5370">
    <p class='ocr_par' dir='ltr' id='par_1_111' title="bbox 2168 5294 3746 5370">
     <span class='ocr_line' id='line_1_111' title="bbox 2168 5294 3746 5370; baseline 0 -22"><span class='ocrx_word' id='word_1_851' title='bbox 2168 5294 2269 5349; x_wconf 92' lang='grc' dir='ltr'>Διά</span> <span class='ocrx_word' id='word_1_852' title='bbox 2311 5312 2369 5349; x_wconf 89' lang='grc' dir='ltr'><strong>τε</strong></span> <span class='ocrx_word' id='word_1_853' title='bbox 2415 5296 2509 5349; x_wconf 90' lang='grc' dir='ltr'><strong>τοῦ</strong></span> <span class='ocrx_word' id='word_1_854' title='bbox 2551 5299 2835 5370; x_wconf 83' lang='grc' dir='ltr'>προφήτου</span> <span class='ocrx_word' id='word_1_855' title='bbox 2884 5297 3170 5369; x_wconf 85' lang='grc' dir='ltr'>Μαλαχίου</span> <span class='ocrx_word' id='word_1_856' title='bbox 3193 5339 3208 5363; x_wconf 97' lang='grc'><strong>,</strong></span> <span class='ocrx_word' id='word_1_857' title='bbox 3252 5297 3422 5353; x_wconf 86' lang='grc' dir='ltr'>ταυτδ</span> <span class='ocrx_word' id='word_1_858' title='bbox 3471 5296 3621 5364; x_wconf 79' lang='grc' dir='ltr'>λέγει</span> <span class='ocrx_word' id='word_1_859' title='bbox 3666 5294 3746 5349; x_wconf 77' lang='grc' dir='ltr'>ἔτι</span> 
     </span>
    </p>
   </div>
   <div class='ocr_carea' id='block_1_112' title="bbox 2166 5387 3743 5463">
    <p class='ocr_par' dir='ltr' id='par_1_112' title="bbox 2166 5387 3743 5463">
     <span class='ocr_line' id='line_1_112' title="bbox 2166 5387 3743 5463; baseline -0.008 -10"><span class='ocrx_word' id='word_1_860' title='bbox 2166 5387 2303 5458; x_wconf 82' lang='grc' dir='ltr'>πρὸς</span> <span class='ocrx_word' id='word_1_861' title='bbox 2341 5388 2461 5443; x_wconf 86' lang='grc' dir='ltr'>λίαν</span> <span class='ocrx_word' id='word_1_862' title='bbox 2507 5390 2950 5462; x_wconf 80' lang='grc' dir='ltr'>ἀπηχθημένους·</span> <span class='ocrx_word' id='word_1_863' title='bbox 2999 5390 3372 5463; x_wconf 82' lang='grc' dir='ltr'>διαμέμνηται</span> <span class='ocrx_word' id='word_1_864' title='bbox 3416 5387 3475 5443; x_wconf 83' lang='grc' dir='ltr'>δὲ</span> <span class='ocrx_word' id='word_1_865' title='bbox 3518 5387 3743 5460; x_wconf 87' lang='grc' dir='ltr'>καιρῶν,</span> 
     </span>
    </p>
   </div>
   <div class='ocr_carea' id='block_1_113' title="bbox 2164 5477 3746 5552">
    <p class='ocr_par' dir='ltr' id='par_1_113' title="bbox 2164 5477 3746 5552">
     <span class='ocr_line' id='line_1_113' title="bbox 2164 5477 3746 5552; baseline 0.005 -23"><span class='ocrx_word' id='word_1_866' title='bbox 2164 5477 2286 5530; x_wconf 77' lang='grc' dir='ltr'>καθ’</span> <span class='ocrx_word' id='word_1_867' title='bbox 2334 5478 2427 5543; x_wconf 85' lang='grc' dir='ltr'><strong>οὒς</strong></span> <span class='ocrx_word' id='word_1_868' title='bbox 2473 5478 2539 5533; x_wconf 84' lang='grc' dir='ltr'><strong>ἂν</strong></span> <span class='ocrx_word' id='word_1_869' title='bbox 2596 5480 2747 5550; x_wconf 83' lang='grc' dir='ltr'>αὐτῷ</span> <span class='ocrx_word' id='word_1_870' title='bbox 2789 5481 3140 5552; x_wconf 83' lang='grc' dir='ltr'>προσοίσειαν</span> <span class='ocrx_word' id='word_1_871' title='bbox 3190 5483 3241 5535; x_wconf 77' lang='lat' dir='ltr'><strong>oi</strong></span> <span class='ocrx_word' id='word_1_872' title='bbox 3284 5481 3391 5537; x_wconf 87' lang='grc' dir='ltr'><strong>ἀνά</strong></span> <span class='ocrx_word' id='word_1_873' title='bbox 3434 5479 3746 5550; x_wconf 69' lang='grc' dir='ltr'>πᾶσαντὴν</span> 
     </span>
    </p>
   </div>
   <div class='ocr_carea' id='block_1_114' title="bbox 2161 5571 3746 5647">
    <p class='ocr_par' dir='ltr' id='par_1_114' title="bbox 2161 5571 3746 5647">
     <span class='ocr_line' id='line_1_114' title="bbox 2161 5571 3746 5647; baseline -0.007 -11"><span class='ocrx_word' id='word_1_874' title='bbox 2161 5571 2265 5641; x_wconf 77' lang='grc' dir='ltr'>γῆν</span> <span class='ocrx_word' id='word_1_875' title='bbox 2306 5572 2417 5643; x_wconf 60' lang='grc' dir='ltr'>τῆςς</span> <span class='ocrx_word' id='word_1_876' title='bbox 2440 5572 2777 5644; x_wconf 81' lang='grc' dir='ltr'>ἀναιμάκτου</span> <span class='ocrx_word' id='word_1_877' title='bbox 2802 5575 2894 5628; x_wconf 76' lang='grc' dir='ltr'>καὶ</span> <span class='ocrx_word' id='word_1_878' title='bbox 2921 5575 3119 5647; x_wconf 77' lang='grc' dir='ltr'>νοητῆς</span> <span class='ocrx_word' id='word_1_879' title='bbox 3147 5574 3337 5639; x_wconf 82' lang='grc' dir='ltr'>θυσίας</span> <span class='ocrx_word' id='word_1_880' title='bbox 3366 5574 3464 5647; x_wconf 83' lang='grc' dir='ltr'>τὴν</span> <span class='ocrx_word' id='word_1_881' title='bbox 3488 5573 3746 5646; x_wconf 87' lang='grc' dir='ltr'>ἀσύγκρι-</span> 
     </span>
    </p>
   </div>
   <div class='ocr_carea' id='block_1_115' title="bbox 534 5746 2054 5831">
    <p class='ocr_par' dir='ltr' id='par_1_115' title="bbox 534 5746 2049 5825">
     <span class='ocr_line' id='line_1_115' title="bbox 534 5746 2049 5825; baseline 0.005 -20"><span class='ocrx_word' id='word_1_882' title='bbox 534 5747 581 5781; x_wconf 86' lang='grc'><em>⁶³</em></span> <span class='ocrx_word' id='word_1_883' title='bbox 610 5746 801 5816; x_wconf 75' lang='lat' dir='ltr'><strong>Alnos,</strong></span> <span class='ocrx_word' id='word_1_884' title='bbox 835 5767 888 5818; x_wconf 88' lang='lat' dir='ltr'><strong>v,</strong></span> <span class='ocrx_word' id='word_1_885' title='bbox 910 5751 1000 5820; x_wconf 75' lang='lat'><strong>2|,</strong></span> <span class='ocrx_word' id='word_1_886' title='bbox 1025 5751 1114 5810; x_wconf 68' lang='grc'><strong>22.</strong></span> <span class='ocrx_word' id='word_1_887' title='bbox 1192 5755 1237 5788; x_wconf 79' lang='grc'><strong><em>⁸⁵</em></strong></span> <span class='ocrx_word' id='word_1_888' title='bbox 1259 5753 1423 5812; x_wconf 83' lang='lat' dir='ltr'><strong>Mich.</strong></span> <span class='ocrx_word' id='word_1_889' title='bbox 1455 5772 1528 5824; x_wconf 71' lang='lat' dir='ltr'><strong>v1,</strong></span> <span class='ocrx_word' id='word_1_890' title='bbox 1553 5756 1605 5825; x_wconf 87' lang='lat'><strong>6,</strong></span> <span class='ocrx_word' id='word_1_891' title='bbox 1627 5757 1679 5812; x_wconf 86' lang='lat'><strong>7.</strong></span> <span class='ocrx_word' id='word_1_892' title='bbox 1744 5759 1786 5792; x_wconf 77' lang='grc'><strong>⁸⁷</strong></span> <span class='ocrx_word' id='word_1_893' title='bbox 1821 5758 1984 5825; x_wconf 84' lang='lat' dir='ltr'><strong>Ibid.,</strong></span> <span class='ocrx_word' id='word_1_894' title='bbox 2018 5760 2049 5813; x_wconf 91' lang='lat'><strong>8</strong></span> 
     </span>
    </p>
   </div>
   <div class='ocr_carea' id='block_1_116' title="bbox 2160 5746 3738 5831">
    <p class='ocr_par' dir='ltr' id='par_1_116' title="bbox 2160 5756 3738 5831">
     <span class='ocr_line' id='line_1_116' title="bbox 2160 5756 3738 5831; baseline 0.007 -19"><span class='ocrx_word' id='word_1_895' title='bbox 2160 5759 2210 5791; x_wconf 72' lang='lat'><strong>‘7&#39;</strong></span> <span class='ocrx_word' id='word_1_896' title='bbox 2241 5757 2432 5814; x_wconf 81' lang='lat' dir='ltr'><strong>Matth.</strong></span> <span class='ocrx_word' id='word_1_897' title='bbox 2455 5776 2560 5828; x_wconf 74' lang='lat' dir='ltr'><strong>xvi,</strong></span> <span class='ocrx_word' id='word_1_898' title='bbox 2587 5761 2675 5816; x_wconf 65' lang='grc'>24.</span> <span class='ocrx_word' id='word_1_899' title='bbox 2746 5763 2788 5796; x_wconf 75' lang='grc'><strong>⁵⁸</strong></span> <span class='ocrx_word' id='word_1_900' title='bbox 2813 5763 2967 5820; x_wconf 80' lang='lat' dir='ltr'><strong>Joan.</strong></span> <span class='ocrx_word' id='word_1_901' title='bbox 3002 5780 3096 5831; x_wconf 78' lang='lat' dir='ltr'><strong>xu,</strong></span> <span class='ocrx_word' id='word_1_902' title='bbox 3124 5762 3212 5819; x_wconf 70' lang='grc'>26.</span> <span class='ocrx_word' id='word_1_903' title='bbox 3272 5762 3315 5797; x_wconf 70' lang='grc'><strong>⁸⁸</strong></span> <span class='ocrx_word' id='word_1_904' title='bbox 3339 5762 3440 5820; x_wconf 82' lang='lat' dir='ltr'><strong>Isa.</strong></span> <span class='ocrx_word' id='word_1_905' title='bbox 3464 5776 3503 5828; x_wconf 71' lang='grc' dir='ltr'><strong>ι,</strong></span> <span class='ocrx_word' id='word_1_906' title='bbox 3536 5758 3621 5826; x_wconf 80' lang='grc'><strong>10.</strong></span> <span class='ocrx_word' id='word_1_907' title='bbox 3656 5756 3738 5812; x_wconf 67' lang='lat' dir='ltr'><strong>i5-</strong></span> 
     </span>
    </p>
   </div>
  </div>
