  <div class='ocr_page' id='page_1' title='image "/cluster/home/n/w/nwhite01/storage/ocr_20150623/68/pst.000005712694/124.png"; bbox 0 0 3968 6300; ppageno 0'>
   <div class='ocr_carea' id='block_1_1' title="bbox 144 293 2653 371">
    <p class='ocr_par' dir='ltr' id='par_1_1' title="bbox 144 293 2653 371">
     <span class='ocr_line' id='line_1_1' title="bbox 144 293 2653 371; baseline 0.002 -29"><span class='ocrx_word' id='word_1_1' title='bbox 144 294 228 346; x_wconf 67' lang='lat'><strong>32$</strong></span> <span class='ocrx_word' id='word_1_2' title='bbox 860 295 954 349; x_wconf 87' lang='lat' dir='ltr'><strong>DE</strong></span> <span class='ocrx_word' id='word_1_3' title='bbox 986 293 1427 351; x_wconf 69' lang='lat' dir='ltr'><strong>ADURATIONE</strong></span> <span class='ocrx_word' id='word_1_4' title='bbox 1466 295 1532 351; x_wconf 76' lang='lat' dir='ltr'><strong>IN</strong></span> <span class='ocrx_word' id='word_1_5' title='bbox 1558 294 1834 351; x_wconf 61' lang='lat' dir='ltr'><strong>SPlltlTU</strong></span> <span class='ocrx_word' id='word_1_6' title='bbox 1873 296 1965 371; x_wconf 72' lang='grc' dir='ltr'><strong>’ξΣΤ</strong></span> <span class='ocrx_word' id='word_1_7' title='bbox 2005 295 2373 351; x_wconf 70' lang='lat' dir='ltr'><strong>VERITATE.</strong></span> <span class='ocrx_word' id='word_1_8' title='bbox 2419 293 2546 348; x_wconf 85' lang='lat' dir='ltr'><strong>LIB.</strong></span> <span class='ocrx_word' id='word_1_9' title='bbox 2590 294 2653 348; x_wconf 88' lang='lat' dir='ltr'><strong>ll.</strong></span> 
     </span>
    </p>
   </div>
   <div class='ocr_carea' id='block_1_2' title="bbox 3286 261 3425 348">
    <p class='ocr_par' dir='ltr' id='par_1_2' title="bbox 3286 261 3425 348">
     <span class='ocr_line' id='line_1_2' title="bbox 3286 261 3425 348; baseline 0.014 -2"><span class='ocrx_word' id='word_1_10' title='bbox 3286 261 3425 348; x_wconf 62' lang='grc' dir='ltr'><strong>ρξε’</strong></span> 
     </span>
    </p>
   </div>
   <div class='ocr_carea' id='block_1_3' title="bbox 142 407 1725 509">
    <p class='ocr_par' dir='ltr' id='par_1_3' title="bbox 142 425 1699 509">
     <span class='ocr_line' id='line_1_3' title="bbox 142 425 1699 509; baseline 0.005 -27"><span class='ocrx_word' id='word_1_11' title='bbox 142 430 492 488; x_wconf 80' lang='grc' dir='ltr'>τονεὺωδίαν.</span> <span class='ocrx_word' id='word_1_12' title='bbox 530 431 671 502; x_wconf 85' lang='grc' dir='ltr'>Ἔφη</span> <span class='ocrx_word' id='word_1_13' title='bbox 716 431 825 503; x_wconf 72' lang='grc' dir='ltr'><strong>γὰρ</strong></span> <span class='ocrx_word' id='word_1_14' title='bbox 865 425 966 486; x_wconf 79' lang='grc' dir='ltr'><strong>ὧδε</strong></span> <span class='ocrx_word' id='word_1_15' title='bbox 1002 434 1195 488; x_wconf 87' lang='grc' dir='ltr'>πάλιν·</span> <span class='ocrx_word' id='word_1_16' title='bbox 1241 452 1258 486; x_wconf 79' lang='grc' dir='ltr'><strong>ι</strong></span> <span class='ocrx_word' id='word_1_17' title='bbox 1297 434 1412 489; x_wconf 83' lang='grc' dir='ltr'>Οὐκ</span> <span class='ocrx_word' id='word_1_18' title='bbox 1448 434 1563 490; x_wconf 77' lang='grc' dir='ltr'>εστι</span> <span class='ocrx_word' id='word_1_19' title='bbox 1598 454 1699 509; x_wconf 92' lang='grc' dir='ltr'><strong>μου</strong></span> 
     </span>
    </p>
   </div>
   <div class='ocr_carea' id='block_1_4' title="bbox 1827 407 3401 509">
    <p class='ocr_par' dir='ltr' id='par_1_4' title="bbox 1827 407 3401 500">
     <span class='ocr_line' id='line_1_4' title="bbox 1827 407 3401 500; baseline -0.003 -12"><span class='ocrx_word' id='word_1_20' title='bbox 1827 433 1971 488; x_wconf 73' lang='grc' dir='ltr'><strong>»ἰιεηι</strong></span> <span class='ocrx_word' id='word_1_21' title='bbox 1990 439 2176 489; x_wconf 79' lang='lat' dir='ltr'><strong>essent</strong></span> <span class='ocrx_word' id='word_1_22' title='bbox 2198 407 2455 487; x_wconf 87' lang='lat' dir='ltr'><strong>oblaturi.</strong></span> <span class='ocrx_word' id='word_1_23' title='bbox 2479 428 2569 486; x_wconf 88' lang='lat' dir='ltr'><strong>Sic</strong></span> <span class='ocrx_word' id='word_1_24' title='bbox 2591 429 2739 483; x_wconf 91' lang='lat' dir='ltr'><strong>enim</strong></span> <span class='ocrx_word' id='word_1_25' title='bbox 2762 429 2961 484; x_wconf 90' lang='lat' dir='ltr'><strong>iterum</strong></span> <span class='ocrx_word' id='word_1_26' title='bbox 2989 428 3172 500; x_wconf 88' lang='lat' dir='ltr'><strong>inquit</strong></span> <span class='ocrx_word' id='word_1_27' title='bbox 3196 447 3208 483; x_wconf 91' lang='lat'>:</span> <span class='ocrx_word' id='word_1_28' title='bbox 3237 447 3255 481; x_wconf 79' lang='grc' dir='ltr'><strong>ι</strong></span> <span class='ocrx_word' id='word_1_29' title='bbox 3279 429 3401 484; x_wconf 85' lang='lat' dir='ltr'><strong>Non</strong></span> 
     </span>
    </p>
   </div>
   <div class='ocr_carea' id='block_1_5' title="bbox 146 524 1711 600">
    <p class='ocr_par' dir='ltr' id='par_1_5' title="bbox 146 524 1711 600">
     <span class='ocr_line' id='line_1_5' title="bbox 146 524 1711 600; baseline 0.005 -25"><span class='ocrx_word' id='word_1_30' title='bbox 146 524 346 594; x_wconf 76' lang='grc' dir='ltr'>θέλημα</span> <span class='ocrx_word' id='word_1_31' title='bbox 395 526 454 578; x_wconf 85' lang='grc' dir='ltr'>ὲν</span> <span class='ocrx_word' id='word_1_32' title='bbox 474 524 637 595; x_wconf 84' lang='grc' dir='ltr'>ὑμῖν,</span> <span class='ocrx_word' id='word_1_33' title='bbox 687 525 837 595; x_wconf 82' lang='grc' dir='ltr'>λέγει</span> <span class='ocrx_word' id='word_1_34' title='bbox 887 526 1090 597; x_wconf 82' lang='grc' dir='ltr'>Κύριος</span> <span class='ocrx_word' id='word_1_35' title='bbox 1138 526 1573 600; x_wconf 71' lang='grc' dir='ltr'>παντοκράτωρ,</span> <span class='ocrx_word' id='word_1_36' title='bbox 1618 531 1711 583; x_wconf 72' lang='grc' dir='ltr'><strong>καὶ</strong></span> 
     </span>
    </p>
   </div>
   <div class='ocr_carea' id='block_1_6' title="bbox 145 611 1710 693">
    <p class='ocr_par' dir='ltr' id='par_1_6' title="bbox 145 611 1710 693">
     <span class='ocr_line' id='line_1_6' title="bbox 145 611 1710 693; baseline 0.001 -22"><span class='ocrx_word' id='word_1_37' title='bbox 145 617 321 671; x_wconf 99' lang='grc' dir='ltr'>θυσίαν</span> <span class='ocrx_word' id='word_1_38' title='bbox 350 617 413 669; x_wconf 77' lang='grc' dir='ltr'>οὐ</span> <span class='ocrx_word' id='word_1_39' title='bbox 453 617 812 689; x_wconf 79' lang='grc' dir='ltr'>προσδέξομαι</span> <span class='ocrx_word' id='word_1_40' title='bbox 855 620 920 671; x_wconf 83' lang='grc' dir='ltr'>ὲκ</span> <span class='ocrx_word' id='word_1_41' title='bbox 960 617 1068 672; x_wconf 84' lang='grc' dir='ltr'>τῶν</span> <span class='ocrx_word' id='word_1_42' title='bbox 1096 619 1295 693; x_wconf 86' lang='grc' dir='ltr'>χειρῶν</span> <span class='ocrx_word' id='word_1_43' title='bbox 1334 611 1528 691; x_wconf 70' lang='grc' dir='ltr'>ῦμῶν,</span> <span class='ocrx_word' id='word_1_44' title='bbox 1576 616 1710 674; x_wconf 80' lang='grc' dir='ltr'><strong>διότι</strong></span> 
     </span>
    </p>
   </div>
   <div class='ocr_carea' id='block_1_7' title="bbox 142 705 1710 779">
    <p class='ocr_par' dir='ltr' id='par_1_7' title="bbox 142 705 1710 779">
     <span class='ocr_line' id='line_1_7' title="bbox 142 705 1710 779; baseline 0.001 -19"><span class='ocrx_word' id='word_1_45' title='bbox 142 707 239 761; x_wconf 84' lang='grc' dir='ltr'><strong>ἀπὸ</strong></span> <span class='ocrx_word' id='word_1_46' title='bbox 263 705 542 759; x_wconf 84' lang='grc' dir='ltr'>ἀνατολῶν</span> <span class='ocrx_word' id='word_1_47' title='bbox 584 706 736 776; x_wconf 87' lang='grc' dir='ltr'>ήλίου</span> <span class='ocrx_word' id='word_1_48' title='bbox 773 707 869 761; x_wconf 72' lang='grc' dir='ltr'><strong>καὶ</strong></span> <span class='ocrx_word' id='word_1_49' title='bbox 896 706 1002 772; x_wconf 77' lang='grc' dir='ltr'>ἕως</span> <span class='ocrx_word' id='word_1_50' title='bbox 1045 708 1266 779; x_wconf 84' lang='grc' dir='ltr'><strong>δυσμῶν</strong></span> <span class='ocrx_word' id='word_1_51' title='bbox 1302 708 1363 761; x_wconf 82' lang='grc' dir='ltr'><strong>τὸ</strong></span> <span class='ocrx_word' id='word_1_52' title='bbox 1404 708 1575 779; x_wconf 75' lang='grc' dir='ltr'>ὄνομά</span> <span class='ocrx_word' id='word_1_53' title='bbox 1608 726 1710 779; x_wconf 91' lang='grc' dir='ltr'><strong>μου</strong></span> 
     </span>
    </p>
   </div>
   <div class='ocr_carea' id='block_1_8' title="bbox 144 797 1711 869">
    <p class='ocr_par' dir='ltr' id='par_1_8' title="bbox 144 797 1711 869">
     <span class='ocr_line' id='line_1_8' title="bbox 144 797 1711 869; baseline 0.001 -18"><span class='ocrx_word' id='word_1_54' title='bbox 144 797 444 862; x_wconf 78' lang='grc' dir='ltr'><strong>δεδόξασται</strong></span> <span class='ocrx_word' id='word_1_55' title='bbox 503 799 560 851; x_wconf 80' lang='grc' dir='ltr'>ὲν</span> <span class='ocrx_word' id='word_1_56' title='bbox 596 800 712 861; x_wconf 84' lang='grc' dir='ltr'>τοῖς</span> <span class='ocrx_word' id='word_1_57' title='bbox 757 797 970 863; x_wconf 73' lang='grc' dir='ltr'>ἔθνεσι,</span> <span class='ocrx_word' id='word_1_58' title='bbox 1007 800 1103 854; x_wconf 72' lang='grc' dir='ltr'><strong>καὶ</strong></span> <span class='ocrx_word' id='word_1_59' title='bbox 1143 802 1201 853; x_wconf 85' lang='grc' dir='ltr'>ὲν</span> <span class='ocrx_word' id='word_1_60' title='bbox 1230 800 1393 854; x_wconf 71' lang='grc' dir='ltr'>παντὶ</span> <span class='ocrx_word' id='word_1_61' title='bbox 1431 799 1582 869; x_wconf 83' lang='grc' dir='ltr'><strong>τόπῳ</strong></span> <span class='ocrx_word' id='word_1_62' title='bbox 1612 799 1711 853; x_wconf 86' lang='grc' dir='ltr'>θυ-</span> 
     </span>
    </p>
   </div>
   <div class='ocr_carea' id='block_1_9' title="bbox 145 880 1713 964">
    <p class='ocr_par' dir='ltr' id='par_1_9' title="bbox 145 880 1713 964">
     <span class='ocr_line' id='line_1_9' title="bbox 145 880 1713 964; baseline 0.003 -22"><span class='ocrx_word' id='word_1_63' title='bbox 145 893 311 962; x_wconf 77' lang='grc' dir='ltr'>μίαμα</span> <span class='ocrx_word' id='word_1_64' title='bbox 381 889 748 961; x_wconf 67' lang='grc' dir='ltr'><strong>προσφέρεται</strong></span> <span class='ocrx_word' id='word_1_65' title='bbox 818 888 898 961; x_wconf 85' lang='grc' dir='ltr'>τῷ</span> <span class='ocrx_word' id='word_1_66' title='bbox 953 889 1179 962; x_wconf 85' lang='grc' dir='ltr'>ὀνόματί</span> <span class='ocrx_word' id='word_1_67' title='bbox 1234 909 1334 964; x_wconf 89' lang='grc' dir='ltr'><strong>μου</strong></span> <span class='ocrx_word' id='word_1_68' title='bbox 1405 892 1500 945; x_wconf 77' lang='grc' dir='ltr'><strong>καὶ</strong></span> <span class='ocrx_word' id='word_1_69' title='bbox 1550 880 1713 946; x_wconf 83' lang='grc' dir='ltr'>θυσία</span> 
     </span>
    </p>
   </div>
   <div class='ocr_carea' id='block_1_10' title="bbox 142 979 1708 1052">
    <p class='ocr_par' dir='ltr' id='par_1_10' title="bbox 142 979 1708 1052">
     <span class='ocr_line' id='line_1_10' title="bbox 142 979 1708 1052; baseline 0.001 -17"><span class='ocrx_word' id='word_1_70' title='bbox 142 981 384 1051; x_wconf 76' lang='grc' dir='ltr'>καθαρὰ,</span> <span class='ocrx_word' id='word_1_71' title='bbox 430 980 564 1033; x_wconf 84' lang='grc' dir='ltr'><strong>διότι</strong></span> <span class='ocrx_word' id='word_1_72' title='bbox 615 979 758 1050; x_wconf 89' lang='grc' dir='ltr'>μέγα</span> <span class='ocrx_word' id='word_1_73' title='bbox 795 980 856 1034; x_wconf 79' lang='grc' dir='ltr'>τὸ</span> <span class='ocrx_word' id='word_1_74' title='bbox 896 980 1070 1052; x_wconf 75' lang='grc' dir='ltr'>ὄνομά</span> <span class='ocrx_word' id='word_1_75' title='bbox 1116 998 1217 1052; x_wconf 88' lang='grc' dir='ltr'><strong>μου</strong></span> <span class='ocrx_word' id='word_1_76' title='bbox 1247 983 1312 1035; x_wconf 85' lang='grc' dir='ltr'>’ὲν</span> <span class='ocrx_word' id='word_1_77' title='bbox 1355 985 1466 1047; x_wconf 81' lang='grc' dir='ltr'>τοῖς</span> <span class='ocrx_word' id='word_1_78' title='bbox 1512 981 1708 1047; x_wconf 77' lang='grc' dir='ltr'>ἔθνεσι,</span> 
     </span>
    </p>
   </div>
   <div class='ocr_carea' id='block_1_11' title="bbox 140 1070 1713 1146">
    <p class='ocr_par' dir='ltr' id='par_1_11' title="bbox 140 1070 1713 1146">
     <span class='ocr_line' id='line_1_11' title="bbox 140 1070 1713 1146; baseline 0.003 -22"><span class='ocrx_word' id='word_1_79' title='bbox 140 1072 277 1141; x_wconf 81' lang='grc' dir='ltr'><strong>λέγει</strong></span> <span class='ocrx_word' id='word_1_80' title='bbox 315 1070 525 1141; x_wconf 83' lang='grc' dir='ltr'>Κύριος</span> <span class='ocrx_word' id='word_1_81' title='bbox 574 1072 994 1143; x_wconf 81' lang='grc' dir='ltr'><strong>παντοκράτωρ.</strong></span> <span class='ocrx_word' id='word_1_82' title='bbox 1035 1091 1053 1125; x_wconf 75' lang='grc' dir='ltr'><strong>ι</strong></span> <span class='ocrx_word' id='word_1_83' title='bbox 1088 1074 1290 1145; x_wconf 81' lang='grc' dir='ltr'>Συνῐης</span> <span class='ocrx_word' id='word_1_84' title='bbox 1335 1075 1416 1129; x_wconf 85' lang='grc' dir='ltr'><strong>δτι</strong></span> <span class='ocrx_word' id='word_1_85' title='bbox 1461 1073 1713 1146; x_wconf 87' lang='grc' dir='ltr'>θυμίαμά</span> 
     </span>
    </p>
   </div>
   <div class='ocr_carea' id='block_1_12' title="bbox 141 1162 1713 1236">
    <p class='ocr_par' dir='ltr' id='par_1_12' title="bbox 141 1162 1713 1236">
     <span class='ocr_line' id='line_1_12' title="bbox 141 1162 1713 1236; baseline 0.001 -19"><span class='ocrx_word' id='word_1_86' title='bbox 141 1181 192 1218; x_wconf 85' lang='grc' dir='ltr'><strong>τε</strong></span> <span class='ocrx_word' id='word_1_87' title='bbox 240 1163 338 1216; x_wconf 62' lang='grc' dir='ltr'>καλ.</span> <span class='ocrx_word' id='word_1_88' title='bbox 392 1162 583 1216; x_wconf 83' lang='grc' dir='ltr'><strong>θυσίαν</strong></span> <span class='ocrx_word' id='word_1_89' title='bbox 634 1162 782 1233; x_wconf 83' lang='grc' dir='ltr'>αὑτῷ</span> <span class='ocrx_word' id='word_1_90' title='bbox 830 1163 1078 1236; x_wconf 73' lang='grc' dir='ltr'>καθαρὰν</span> <span class='ocrx_word' id='word_1_91' title='bbox 1123 1166 1233 1218; x_wconf 87' lang='grc' dir='ltr'><strong>ἀπὸ</strong></span> <span class='ocrx_word' id='word_1_92' title='bbox 1280 1166 1481 1231; x_wconf 82' lang='grc' dir='ltr'>παντὸς</span> <span class='ocrx_word' id='word_1_93' title='bbox 1526 1166 1713 1230; x_wconf 73' lang='grc' dir='ltr'>ἔθνους</span> 
     </span>
    </p>
   </div>
   <div class='ocr_carea' id='block_1_13' title="bbox 144 1255 1712 1331">
    <p class='ocr_par' dir='ltr' id='par_1_13' title="bbox 144 1255 1712 1331">
     <span class='ocr_line' id='line_1_13' title="bbox 144 1255 1712 1331; baseline 0.003 -22"><span class='ocrx_word' id='word_1_94' title='bbox 144 1255 592 1326; x_wconf 83' lang='grc' dir='ltr'>ἀνενεχθήσεσθαί</span> <span class='ocrx_word' id='word_1_95' title='bbox 635 1272 819 1327; x_wconf 82' lang='grc' dir='ltr'>φησιν.</span> <span class='ocrx_word' id='word_1_96' title='bbox 846 1257 1057 1330; x_wconf 79' lang='grc' dir='ltr'>Ὥσπερ</span> <span class='ocrx_word' id='word_1_97' title='bbox 1086 1257 1141 1310; x_wconf 81' lang='grc' dir='ltr'>δὲ</span> <span class='ocrx_word' id='word_1_98' title='bbox 1172 1259 1270 1330; x_wconf 72' lang='grc' dir='ltr'>τὴν</span> <span class='ocrx_word' id='word_1_99' title='bbox 1299 1258 1425 1313; x_wconf 86' lang='grc' dir='ltr'>νέαν</span> <span class='ocrx_word' id='word_1_100' title='bbox 1451 1261 1584 1331; x_wconf 79' lang='grc' dir='ltr'>ἡμῖν</span> <span class='ocrx_word' id='word_1_101' title='bbox 1618 1260 1712 1314; x_wconf 74' lang='grc' dir='ltr'>καὶ</span> 
     </span>
    </p>
   </div>
   <div class='ocr_carea' id='block_1_14' title="bbox 142 1346 1711 1420">
    <p class='ocr_par' dir='ltr' id='par_1_14' title="bbox 142 1346 1711 1420">
     <span class='ocr_line' id='line_1_14' title="bbox 142 1346 1711 1420; baseline 0.001 -19"><span class='ocrx_word' id='word_1_102' title='bbox 142 1350 192 1401; x_wconf 79' lang='grc' dir='ltr'>ἐν</span> <span class='ocrx_word' id='word_1_103' title='bbox 217 1346 441 1418; x_wconf 75' lang='grc' dir='ltr'>Χριστῷ</span> <span class='ocrx_word' id='word_1_104' title='bbox 473 1347 737 1418; x_wconf 72' lang='grc' dir='ltr'>διαθήκην</span> <span class='ocrx_word' id='word_1_105' title='bbox 757 1388 772 1413; x_wconf 95' lang='grc'><strong>,</strong></span> <span class='ocrx_word' id='word_1_106' title='bbox 807 1349 1001 1420; x_wconf 82' lang='grc' dir='ltr'>καινὴν</span> <span class='ocrx_word' id='word_1_107' title='bbox 1025 1350 1317 1420; x_wconf 81' lang='grc' dir='ltr'><strong>ὀνομάσας,</strong></span> <span class='ocrx_word' id='word_1_108' title='bbox 1357 1351 1711 1405; x_wconf 88' lang='grc' dir='ltr'>πεπαλαίωκε</span> 
     </span>
    </p>
   </div>
   <div class='ocr_carea' id='block_1_15' title="bbox 142 1437 1712 1513">
    <p class='ocr_par' dir='ltr' id='par_1_15' title="bbox 142 1437 1712 1513">
     <span class='ocr_line' id='line_1_15' title="bbox 142 1437 1712 1513; baseline 0.003 -22"><span class='ocrx_word' id='word_1_109' title='bbox 142 1439 228 1510; x_wconf 75' lang='grc' dir='ltr'>τὴν</span> <span class='ocrx_word' id='word_1_110' title='bbox 260 1437 506 1510; x_wconf 80' lang='grc' dir='ltr'>πρώτην.</span> <span class='ocrx_word' id='word_1_111' title='bbox 543 1440 749 1511; x_wconf 82' lang='grc' dir='ltr'>Γράφει</span> <span class='ocrx_word' id='word_1_112' title='bbox 790 1440 898 1512; x_wconf 80' lang='grc' dir='ltr'><strong>γὰρ</strong></span> <span class='ocrx_word' id='word_1_113' title='bbox 933 1443 1064 1513; x_wconf 77' lang='grc' dir='ltr'>ἡμῖν</span> <span class='ocrx_word' id='word_1_114' title='bbox 1097 1441 1271 1506; x_wconf 76' lang='grc' dir='ltr'>οὕτως</span> <span class='ocrx_word' id='word_1_115' title='bbox 1322 1447 1419 1495; x_wconf 73' lang='grc' dir='ltr'>καὶ</span> <span class='ocrx_word' id='word_1_116' title='bbox 1447 1446 1475 1496; x_wconf 87' lang='grc' dir='ltr'>ὁ</span> <span class='ocrx_word' id='word_1_117' title='bbox 1515 1442 1712 1496; x_wconf 85' lang='grc' dir='ltr'>θεσπέ-</span> 
     </span>
    </p>
   </div>
   <div class='ocr_carea' id='block_1_16' title="bbox 150 1528 1713 1602">
    <p class='ocr_par' dir='ltr' id='par_1_16' title="bbox 150 1528 1713 1602">
     <span class='ocr_line' id='line_1_16' title="bbox 150 1528 1713 1602; baseline 0.001 -20"><span class='ocrx_word' id='word_1_118' title='bbox 150 1547 250 1592; x_wconf 86' lang='grc' dir='ltr'>σιος</span> <span class='ocrx_word' id='word_1_119' title='bbox 271 1529 504 1592; x_wconf 82' lang='grc' dir='ltr'>Παῦλος.</span> <span class='ocrx_word' id='word_1_120' title='bbox 552 1529 639 1593; x_wconf 82' lang='grc' dir='ltr'>Ὠς</span> <span class='ocrx_word' id='word_1_121' title='bbox 684 1528 917 1584; x_wconf 84' lang='grc' dir='ltr'>κάνθάδε</span> <span class='ocrx_word' id='word_1_122' title='bbox 938 1569 953 1595; x_wconf 97' lang='grc'><strong>,</strong></span> <span class='ocrx_word' id='word_1_123' title='bbox 986 1530 1232 1600; x_wconf 80' lang='grc' dir='ltr'>καθαρὰν</span> <span class='ocrx_word' id='word_1_124' title='bbox 1263 1530 1432 1584; x_wconf 82' lang='grc' dir='ltr'>εἰπὼν</span> <span class='ocrx_word' id='word_1_125' title='bbox 1452 1530 1570 1602; x_wconf 82' lang='grc' dir='ltr'><strong>τὴν</strong></span> <span class='ocrx_word' id='word_1_126' title='bbox 1605 1531 1713 1584; x_wconf 81' lang='grc' dir='ltr'><strong>ἀπὸ</strong></span> 
     </span>
    </p>
   </div>
   <div class='ocr_carea' id='block_1_17' title="bbox 142 1620 1706 1694">
    <p class='ocr_par' dir='ltr' id='par_1_17' title="bbox 142 1620 1706 1694">
     <span class='ocr_line' id='line_1_17' title="bbox 142 1620 1706 1694; baseline 0 -21"><span class='ocrx_word' id='word_1_127' title='bbox 142 1622 334 1684; x_wconf 79' lang='grc' dir='ltr'>παντὸς</span> <span class='ocrx_word' id='word_1_128' title='bbox 361 1621 545 1684; x_wconf 76' lang='grc' dir='ltr'>ἔθνους</span> <span class='ocrx_word' id='word_1_129' title='bbox 600 1620 790 1675; x_wconf 85' lang='grc' dir='ltr'>θυσίαν</span> <span class='ocrx_word' id='word_1_130' title='bbox 823 1622 1089 1693; x_wconf 79' lang='grc' dir='ltr'>ἐσομένην</span> <span class='ocrx_word' id='word_1_131' title='bbox 1137 1623 1278 1676; x_wconf 64' lang='grc' dir='ltr'>κατὰ</span> <span class='ocrx_word' id='word_1_132' title='bbox 1316 1624 1575 1694; x_wconf 81' lang='grc' dir='ltr'>καιροὺς,</span> <span class='ocrx_word' id='word_1_133' title='bbox 1625 1620 1706 1694; x_wconf 80' lang='grc' dir='ltr'>τῷ</span> 
     </span>
    </p>
   </div>
   <div class='ocr_carea' id='block_1_18' title="bbox 147 1713 1712 1786">
    <p class='ocr_par' dir='ltr' id='par_1_18' title="bbox 147 1713 1712 1786">
     <span class='ocr_line' id='line_1_18' title="bbox 147 1713 1712 1786; baseline 0.003 -21"><span class='ocrx_word' id='word_1_134' title='bbox 147 1713 211 1785; x_wconf 83' lang='grc' dir='ltr'>μὴ</span> <span class='ocrx_word' id='word_1_135' title='bbox 256 1713 436 1776; x_wconf 76' lang='grc' dir='ltr'>οὕτως</span> <span class='ocrx_word' id='word_1_136' title='bbox 482 1713 625 1784; x_wconf 75' lang='grc' dir='ltr'>ἔχειν</span> <span class='ocrx_word' id='word_1_137' title='bbox 665 1714 765 1784; x_wconf 80' lang='grc' dir='ltr'>τῆς</span> <span class='ocrx_word' id='word_1_138' title='bbox 821 1715 1053 1786; x_wconf 82' lang='grc' dir='ltr'>ἀρχαίας</span> <span class='ocrx_word' id='word_1_139' title='bbox 1103 1715 1555 1786; x_wconf 75' lang='grc' dir='ltr'>καταψηφίζεται.</span> <span class='ocrx_word' id='word_1_140' title='bbox 1595 1717 1712 1769; x_wconf 84' lang='grc' dir='ltr'><strong>Κα-</strong></span> 
     </span>
    </p>
   </div>
   <div class='ocr_carea' id='block_1_19' title="bbox 1808 519 3401 591">
    <p class='ocr_par' dir='ltr' id='par_1_19' title="bbox 1808 519 3401 591">
     <span class='ocr_line' id='line_1_19' title="bbox 1808 519 3401 591; baseline -0.003 -12"><span class='ocrx_word' id='word_1_141' title='bbox 1808 533 1894 579; x_wconf 88' lang='lat' dir='ltr'><strong>est</strong></span> <span class='ocrx_word' id='word_1_142' title='bbox 1918 525 2175 579; x_wconf 79' lang='lat' dir='ltr'><strong>voluntas</strong></span> <span class='ocrx_word' id='word_1_143' title='bbox 2211 538 2334 578; x_wconf 89' lang='lat' dir='ltr'><strong>mea</strong></span> <span class='ocrx_word' id='word_1_144' title='bbox 2368 523 2422 576; x_wconf 91' lang='lat' dir='ltr'><strong>in</strong></span> <span class='ocrx_word' id='word_1_145' title='bbox 2456 520 2634 587; x_wconf 83' lang='lat' dir='ltr'><strong>vobis,</strong></span> <span class='ocrx_word' id='word_1_146' title='bbox 2678 520 2816 575; x_wconf 90' lang='lat' dir='ltr'><strong>dicit</strong></span> <span class='ocrx_word' id='word_1_147' title='bbox 2852 520 3118 575; x_wconf 87' lang='lat' dir='ltr'><strong>Dominus</strong></span> <span class='ocrx_word' id='word_1_148' title='bbox 3143 519 3401 591; x_wconf 88' lang='lat' dir='ltr'><strong>omnipo-</strong></span> 
     </span>
    </p>
   </div>
   <div class='ocr_carea' id='block_1_20' title="bbox 1804 611 3405 696">
    <p class='ocr_par' dir='ltr' id='par_1_20' title="bbox 1804 611 3405 696">
     <span class='ocr_line' id='line_1_20' title="bbox 1804 611 3405 696; baseline -0.001 -25"><span class='ocrx_word' id='word_1_149' title='bbox 1804 625 1961 696; x_wconf 69' lang='lat' dir='ltr'><strong>tens;</strong></span> <span class='ocrx_word' id='word_1_150' title='bbox 2018 623 2076 671; x_wconf 92' lang='lat' dir='ltr'><strong>et</strong></span> <span class='ocrx_word' id='word_1_151' title='bbox 2121 613 2453 670; x_wconf 89' lang='lat' dir='ltr'><strong>sacriﬁcium</strong></span> <span class='ocrx_word' id='word_1_152' title='bbox 2517 627 2629 668; x_wconf 93' lang='lat' dir='ltr'><strong>non</strong></span> <span class='ocrx_word' id='word_1_153' title='bbox 2684 611 2981 682; x_wconf 81' lang='lat' dir='ltr'><strong>suscipiam</strong></span> <span class='ocrx_word' id='word_1_154' title='bbox 3025 611 3094 667; x_wconf 89' lang='lat' dir='ltr'><strong>de</strong></span> <span class='ocrx_word' id='word_1_155' title='bbox 3146 614 3405 669; x_wconf 88' lang='lat' dir='ltr'><strong>manibus</strong></span> 
     </span>
    </p>
   </div>
   <div class='ocr_carea' id='block_1_21' title="bbox 1807 699 3401 776">
    <p class='ocr_par' dir='ltr' id='par_1_21' title="bbox 1807 699 3401 776">
     <span class='ocr_line' id='line_1_21' title="bbox 1807 699 3401 776; baseline -0.002 -16"><span class='ocrx_word' id='word_1_156' title='bbox 1807 705 2039 773; x_wconf 81' lang='lat' dir='ltr'><strong>vestris;</strong></span> <span class='ocrx_word' id='word_1_157' title='bbox 2071 705 2201 776; x_wconf 86' lang='lat' dir='ltr'><strong>quia</strong></span> <span class='ocrx_word' id='word_1_158' title='bbox 2244 704 2314 760; x_wconf 91' lang='lat' dir='ltr'><strong>ab</strong></span> <span class='ocrx_word' id='word_1_159' title='bbox 2356 713 2482 759; x_wconf 91' lang='lat' dir='ltr'><strong>ortu</strong></span> <span class='ocrx_word' id='word_1_160' title='bbox 2517 703 2650 758; x_wconf 84' lang='lat' dir='ltr'><strong>solis</strong></span> <span class='ocrx_word' id='word_1_161' title='bbox 2680 716 2855 771; x_wconf 89' lang='lat' dir='ltr'><strong>usque</strong></span> <span class='ocrx_word' id='word_1_162' title='bbox 2896 699 2964 755; x_wconf 87' lang='lat' dir='ltr'><strong>ad</strong></span> <span class='ocrx_word' id='word_1_163' title='bbox 2997 714 3252 755; x_wconf 88' lang='lat' dir='ltr'><strong>occasum</strong></span> <span class='ocrx_word' id='word_1_164' title='bbox 3297 718 3401 757; x_wconf 80' lang='lat' dir='ltr'><strong>no-</strong></span> 
     </span>
    </p>
   </div>
   <div class='ocr_carea' id='block_1_22' title="bbox 1811 792 3403 869">
    <p class='ocr_par' dir='ltr' id='par_1_22' title="bbox 1811 792 3403 869">
     <span class='ocr_line' id='line_1_22' title="bbox 1811 792 3403 869; baseline -0.001 -18"><span class='ocrx_word' id='word_1_165' title='bbox 1811 812 1939 852; x_wconf 90' lang='lat' dir='ltr'><strong>men</strong></span> <span class='ocrx_word' id='word_1_166' title='bbox 1966 812 2151 852; x_wconf 88' lang='lat' dir='ltr'><strong>meum</strong></span> <span class='ocrx_word' id='word_1_167' title='bbox 2191 795 2557 869; x_wconf 81' lang='lat' dir='ltr'><strong>gloriﬁcatum</strong></span> <span class='ocrx_word' id='word_1_168' title='bbox 2581 803 2667 850; x_wconf 90' lang='lat' dir='ltr'><strong>est</strong></span> <span class='ocrx_word' id='word_1_169' title='bbox 2692 793 2750 848; x_wconf 89' lang='lat' dir='ltr'><strong>in</strong></span> <span class='ocrx_word' id='word_1_170' title='bbox 2775 792 3063 865; x_wconf 81' lang='lat' dir='ltr'><strong>gentibus;</strong></span> <span class='ocrx_word' id='word_1_171' title='bbox 3091 800 3147 848; x_wconf 91' lang='lat' dir='ltr'><strong>et</strong></span> <span class='ocrx_word' id='word_1_172' title='bbox 3172 792 3229 846; x_wconf 89' lang='lat' dir='ltr'><strong>in</strong></span> <span class='ocrx_word' id='word_1_173' title='bbox 3252 794 3403 850; x_wconf 90' lang='lat' dir='ltr'><strong>omni</strong></span> 
     </span>
    </p>
   </div>
   <div class='ocr_carea' id='block_1_23' title="bbox 1811 884 3407 952">
    <p class='ocr_par' dir='ltr' id='par_1_23' title="bbox 1811 884 3407 952">
     <span class='ocr_line' id='line_1_23' title="bbox 1811 884 3407 952; baseline -0.002 -8"><span class='ocrx_word' id='word_1_174' title='bbox 1811 889 1935 944; x_wconf 94' lang='lat' dir='ltr'><strong>loco</strong></span> <span class='ocrx_word' id='word_1_175' title='bbox 1968 890 2255 946; x_wconf 90' lang='lat' dir='ltr'><strong>incensum</strong></span> <span class='ocrx_word' id='word_1_176' title='bbox 2284 890 2517 946; x_wconf 79' lang='lat' dir='ltr'><strong>oﬁ‘ertur</strong></span> <span class='ocrx_word' id='word_1_177' title='bbox 2544 888 2756 944; x_wconf 88' lang='lat' dir='ltr'><strong>nomini</strong></span> <span class='ocrx_word' id='word_1_178' title='bbox 2800 902 2944 952; x_wconf 89' lang='lat' dir='ltr'><strong>meo,</strong></span> <span class='ocrx_word' id='word_1_179' title='bbox 2989 895 3046 941; x_wconf 90' lang='lat' dir='ltr'><strong>ct</strong></span> <span class='ocrx_word' id='word_1_180' title='bbox 3078 884 3407 941; x_wconf 84' lang='lat' dir='ltr'><strong>sacriﬁcium</strong></span> 
     </span>
    </p>
   </div>
   <div class='ocr_carea' id='block_1_24' title="bbox 1809 977 3406 1053">
    <p class='ocr_par' dir='ltr' id='par_1_24' title="bbox 1809 977 3406 1053">
     <span class='ocr_line' id='line_1_24' title="bbox 1809 977 3406 1053; baseline -0.003 -17"><span class='ocrx_word' id='word_1_181' title='bbox 1809 981 2081 1036; x_wconf 86' lang='lat' dir='ltr'><strong>mundum</strong></span> <span class='ocrx_word' id='word_1_182' title='bbox 2128 999 2143 1035; x_wconf 87' lang='lat'><strong>:</strong></span> <span class='ocrx_word' id='word_1_183' title='bbox 2177 981 2306 1052; x_wconf 87' lang='lat' dir='ltr'><strong>quia</strong></span> <span class='ocrx_word' id='word_1_184' title='bbox 2350 995 2609 1053; x_wconf 82' lang='lat' dir='ltr'><strong>magnum</strong></span> <span class='ocrx_word' id='word_1_185' title='bbox 2649 995 2853 1035; x_wconf 88' lang='lat' dir='ltr'><strong>nomen</strong></span> <span class='ocrx_word' id='word_1_186' title='bbox 2889 993 3073 1033; x_wconf 90' lang='lat' dir='ltr'><strong>meum</strong></span> <span class='ocrx_word' id='word_1_187' title='bbox 3124 977 3182 1032; x_wconf 90' lang='lat' dir='ltr'><strong>in</strong></span> <span class='ocrx_word' id='word_1_188' title='bbox 3224 978 3406 1049; x_wconf 78' lang='lat' dir='ltr'><strong>genti-</strong></span> 
     </span>
    </p>
   </div>
   <div class='ocr_carea' id='block_1_25' title="bbox 1812 1068 3407 1143">
    <p class='ocr_par' dir='ltr' id='par_1_25' title="bbox 1812 1068 3407 1143">
     <span class='ocr_line' id='line_1_25' title="bbox 1812 1068 3407 1143; baseline -0.003 -14"><span class='ocrx_word' id='word_1_189' title='bbox 1812 1075 1938 1141; x_wconf 86' lang='lat' dir='ltr'><strong>bus,</strong></span> <span class='ocrx_word' id='word_1_190' title='bbox 1963 1074 2099 1130; x_wconf 91' lang='lat' dir='ltr'><strong>dicit</strong></span> <span class='ocrx_word' id='word_1_191' title='bbox 2131 1074 2400 1130; x_wconf 90' lang='lat' dir='ltr'><strong>Dominus</strong></span> <span class='ocrx_word' id='word_1_192' title='bbox 2429 1071 2859 1143; x_wconf 79' lang='lat' dir='ltr'><strong>omnipotens&quot;.</strong></span> <span class='ocrx_word' id='word_1_193' title='bbox 2892 1088 2911 1122; x_wconf 74' lang='grc' dir='ltr'><strong>ι</strong></span> <span class='ocrx_word' id='word_1_194' title='bbox 2947 1069 3213 1140; x_wconf 84' lang='lat' dir='ltr'><strong>lntelligis</strong></span> <span class='ocrx_word' id='word_1_195' title='bbox 3239 1068 3407 1139; x_wconf 81' lang='lat' dir='ltr'><strong>igitur</strong></span> 
     </span>
    </p>
   </div>
   <div class='ocr_carea' id='block_1_26' title="bbox 1812 1152 3406 1236">
    <p class='ocr_par' dir='ltr' id='par_1_26' title="bbox 1812 1152 3406 1236">
     <span class='ocr_line' id='line_1_26' title="bbox 1812 1152 3406 1236; baseline -0.005 -15"><span class='ocrx_word' id='word_1_196' title='bbox 1812 1163 1960 1236; x_wconf 86' lang='lat' dir='ltr'><strong>quod</strong></span> <span class='ocrx_word' id='word_1_197' title='bbox 2010 1166 2297 1220; x_wconf 91' lang='lat' dir='ltr'><strong>incensum</strong></span> <span class='ocrx_word' id='word_1_198' title='bbox 2344 1179 2408 1219; x_wconf 87' lang='lat' dir='ltr'><strong>ac</strong></span> <span class='ocrx_word' id='word_1_199' title='bbox 2469 1161 2803 1219; x_wconf 89' lang='lat' dir='ltr'><strong>sacriﬁcium</strong></span> <span class='ocrx_word' id='word_1_200' title='bbox 2859 1160 2965 1215; x_wconf 84' lang='lat' dir='ltr'><strong>sibi</strong></span> <span class='ocrx_word' id='word_1_201' title='bbox 3017 1152 3285 1215; x_wconf 76' lang='lat' dir='ltr'><strong>mundum</strong></span> <span class='ocrx_word' id='word_1_202' title='bbox 3336 1159 3406 1213; x_wconf 90' lang='lat' dir='ltr'><strong>ab</strong></span> 
     </span>
    </p>
   </div>
   <div class='ocr_carea' id='block_1_27' title="bbox 1813 1251 3408 1327">
    <p class='ocr_par' dir='ltr' id='par_1_27' title="bbox 1813 1251 3408 1327">
     <span class='ocr_line' id='line_1_27' title="bbox 1813 1251 3408 1327; baseline -0.004 -17"><span class='ocrx_word' id='word_1_203' title='bbox 1813 1254 1965 1310; x_wconf 91' lang='lat' dir='ltr'><strong>omni</strong></span> <span class='ocrx_word' id='word_1_204' title='bbox 1998 1263 2159 1327; x_wconf 80' lang='lat' dir='ltr'><strong>gente</strong></span> <span class='ocrx_word' id='word_1_205' title='bbox 2192 1270 2315 1310; x_wconf 92' lang='lat' dir='ltr'><strong>esse</strong></span> <span class='ocrx_word' id='word_1_206' title='bbox 2366 1252 2710 1308; x_wconf 76' lang='lat' dir='ltr'><strong>offerendum</strong></span> <span class='ocrx_word' id='word_1_207' title='bbox 2743 1253 2840 1307; x_wconf 87' lang='lat' dir='ltr'><strong>ait.</strong></span> <span class='ocrx_word' id='word_1_208' title='bbox 2887 1252 2959 1308; x_wconf 89' lang='lat' dir='ltr'><strong>Ut</strong></span> <span class='ocrx_word' id='word_1_209' title='bbox 3005 1259 3192 1305; x_wconf 87' lang='lat' dir='ltr'><strong>autem</strong></span> <span class='ocrx_word' id='word_1_210' title='bbox 3235 1251 3293 1306; x_wconf 91' lang='lat' dir='ltr'><strong>in</strong></span> <span class='ocrx_word' id='word_1_211' title='bbox 3339 1265 3408 1306; x_wconf 90' lang='lat' dir='ltr'><strong>eo</strong></span> 
     </span>
    </p>
   </div>
   <div class='ocr_carea' id='block_1_28' title="bbox 1813 1344 3408 1419">
    <p class='ocr_par' dir='ltr' id='par_1_28' title="bbox 1813 1344 3408 1419">
     <span class='ocr_line' id='line_1_28' title="bbox 1813 1344 3408 1419; baseline -0.004 -17"><span class='ocrx_word' id='word_1_212' title='bbox 1813 1348 1961 1419; x_wconf 90' lang='lat' dir='ltr'><strong>quod</strong></span> <span class='ocrx_word' id='word_1_213' title='bbox 1997 1363 2194 1403; x_wconf 89' lang='lat' dir='ltr'><strong>recens</strong></span> <span class='ocrx_word' id='word_1_214' title='bbox 2222 1345 2356 1401; x_wconf 89' lang='lat' dir='ltr'><strong>illud</strong></span> <span class='ocrx_word' id='word_1_215' title='bbox 2393 1345 2451 1399; x_wconf 91' lang='lat' dir='ltr'><strong>in</strong></span> <span class='ocrx_word' id='word_1_216' title='bbox 2490 1344 2712 1400; x_wconf 88' lang='lat' dir='ltr'><strong>Christo</strong></span> <span class='ocrx_word' id='word_1_217' title='bbox 2746 1350 3157 1409; x_wconf 85' lang='lat' dir='ltr'><strong>testamentum,</strong></span> <span class='ocrx_word' id='word_1_218' title='bbox 3201 1358 3408 1399; x_wconf 88' lang='lat' dir='ltr'><strong>novum</strong></span> 
     </span>
    </p>
   </div>
   <div class='ocr_carea' id='block_1_29' title="bbox 1813 1434 3409 1513">
    <p class='ocr_par' dir='ltr' id='par_1_29' title="bbox 1813 1434 3409 1513">
     <span class='ocr_line' id='line_1_29' title="bbox 1813 1434 3409 1513; baseline -0.004 -17"><span class='ocrx_word' id='word_1_219' title='bbox 1813 1439 2141 1513; x_wconf 75' lang='lat' dir='ltr'><strong>appellavit,</strong></span> <span class='ocrx_word' id='word_1_220' title='bbox 2188 1438 2324 1493; x_wconf 92' lang='lat' dir='ltr'><strong>illud</strong></span> <span class='ocrx_word' id='word_1_221' title='bbox 2394 1436 2549 1507; x_wconf 90' lang='lat' dir='ltr'><strong>prius</strong></span> <span class='ocrx_word' id='word_1_222' title='bbox 2610 1451 2675 1490; x_wconf 93' lang='lat' dir='ltr'><strong>ac</strong></span> <span class='ocrx_word' id='word_1_223' title='bbox 2726 1442 2885 1490; x_wconf 88' lang='lat' dir='ltr'><strong>vetus</strong></span> <span class='ocrx_word' id='word_1_224' title='bbox 2936 1434 3261 1504; x_wconf 77' lang='lat' dir='ltr'><strong>antiquavit.</strong></span> <span class='ocrx_word' id='word_1_225' title='bbox 3316 1434 3409 1491; x_wconf 91' lang='lat' dir='ltr'><strong>Sic</strong></span> 
     </span>
    </p>
   </div>
   <div class='ocr_carea' id='block_1_30' title="bbox 1813 1526 3409 1588">
    <p class='ocr_par' dir='ltr' id='par_1_30' title="bbox 1813 1526 3409 1588">
     <span class='ocr_line' id='line_1_30' title="bbox 1813 1526 3409 1588; baseline -0.004 -1"><span class='ocrx_word' id='word_1_226' title='bbox 1813 1533 1963 1588; x_wconf 89' lang='lat' dir='ltr'><strong>enim</strong></span> <span class='ocrx_word' id='word_1_227' title='bbox 1998 1534 2198 1586; x_wconf 82' lang='lat' dir='ltr'><strong>beatus</strong></span> <span class='ocrx_word' id='word_1_228' title='bbox 2236 1531 2440 1585; x_wconf 87' lang='lat' dir='ltr'><strong>Paulus</strong></span> <span class='ocrx_word' id='word_1_229' title='bbox 2468 1528 2665 1584; x_wconf 87' lang='lat' dir='ltr'><strong>scribit</strong></span> <span class='ocrx_word' id='word_1_230' title='bbox 2694 1529 2761 1581; x_wconf 87' lang='lat'><strong>&#39;“.</strong></span> <span class='ocrx_word' id='word_1_231' title='bbox 2793 1527 2927 1582; x_wconf 84' lang='lat' dir='ltr'><strong>Item</strong></span> <span class='ocrx_word' id='word_1_232' title='bbox 2958 1527 3014 1581; x_wconf 92' lang='lat' dir='ltr'><strong>in</strong></span> <span class='ocrx_word' id='word_1_233' title='bbox 3052 1526 3159 1581; x_wconf 89' lang='lat' dir='ltr'><strong>hoc</strong></span> <span class='ocrx_word' id='word_1_234' title='bbox 3199 1527 3321 1582; x_wconf 91' lang='lat' dir='ltr'><strong>loco</strong></span> <span class='ocrx_word' id='word_1_235' title='bbox 3351 1526 3409 1581; x_wconf 91' lang='lat' dir='ltr'><strong>in</strong></span> 
     </span>
    </p>
   </div>
   <div class='ocr_carea' id='block_1_31' title="bbox 1814 1618 3410 1694">
    <p class='ocr_par' dir='ltr' id='par_1_31' title="bbox 1814 1618 3410 1694">
     <span class='ocr_line' id='line_1_31' title="bbox 1814 1618 3410 1694; baseline -0.004 -15"><span class='ocrx_word' id='word_1_236' title='bbox 1814 1639 1882 1679; x_wconf 93' lang='lat' dir='ltr'><strong>eo</strong></span> <span class='ocrx_word' id='word_1_237' title='bbox 1912 1623 2059 1694; x_wconf 90' lang='lat' dir='ltr'><strong>quod</strong></span> <span class='ocrx_word' id='word_1_238' title='bbox 2093 1623 2251 1688; x_wconf 82' lang='lat' dir='ltr'><strong>dixit,</strong></span> <span class='ocrx_word' id='word_1_239' title='bbox 2282 1621 2550 1676; x_wconf 88' lang='lat' dir='ltr'><strong>mundum</strong></span> <span class='ocrx_word' id='word_1_240' title='bbox 2590 1620 2661 1675; x_wconf 88' lang='lat' dir='ltr'><strong>ab</strong></span> <span class='ocrx_word' id='word_1_241' title='bbox 2691 1619 2841 1675; x_wconf 92' lang='lat' dir='ltr'><strong>omni</strong></span> <span class='ocrx_word' id='word_1_242' title='bbox 2874 1627 3037 1690; x_wconf 81' lang='lat' dir='ltr'><strong>gente</strong></span> <span class='ocrx_word' id='word_1_243' title='bbox 3078 1618 3410 1675; x_wconf 89' lang='lat' dir='ltr'><strong>sacriﬁcium</strong></span> 
     </span>
    </p>
   </div>
   <div class='ocr_carea' id='block_1_32' title="bbox 1817 1708 3409 1782">
    <p class='ocr_par' dir='ltr' id='par_1_32' title="bbox 1817 1708 3409 1782">
     <span class='ocr_line' id='line_1_32' title="bbox 1817 1708 3409 1782; baseline -0.004 -13"><span class='ocrx_word' id='word_1_244' title='bbox 1817 1713 1932 1769; x_wconf 88' lang='lat' dir='ltr'><strong>suis</strong></span> <span class='ocrx_word' id='word_1_245' title='bbox 1963 1712 2306 1782; x_wconf 86' lang='lat' dir='ltr'><strong>temporibus</strong></span> <span class='ocrx_word' id='word_1_246' title='bbox 2336 1711 2605 1776; x_wconf 88' lang='lat' dir='ltr'><strong>futurum,</strong></span> <span class='ocrx_word' id='word_1_247' title='bbox 2650 1709 2718 1764; x_wconf 90' lang='lat' dir='ltr'><strong>de</strong></span> <span class='ocrx_word' id='word_1_248' title='bbox 2756 1709 2853 1764; x_wconf 91' lang='lat' dir='ltr'><strong>illo</strong></span> <span class='ocrx_word' id='word_1_249' title='bbox 2885 1709 3082 1774; x_wconf 84' lang='lat' dir='ltr'><strong>veteri,</strong></span> <span class='ocrx_word' id='word_1_250' title='bbox 3121 1708 3266 1780; x_wconf 91' lang='lat' dir='ltr'><strong>quod</strong></span> <span class='ocrx_word' id='word_1_251' title='bbox 3296 1724 3409 1763; x_wconf 92' lang='lat' dir='ltr'><strong>non</strong></span> 
     </span>
    </p>
   </div>
   <div class='ocr_carea' id='block_1_33' title="bbox 145 1799 1725 1876">
    <p class='ocr_par' dir='ltr' id='par_1_33' title="bbox 145 1803 1716 1876">
     <span class='ocr_line' id='line_1_33' title="bbox 145 1803 1716 1876; baseline 0 -21"><span class='ocrx_word' id='word_1_252' title='bbox 145 1803 274 1875; x_wconf 78' lang='grc' dir='ltr'><strong>θαρά</strong></span> <span class='ocrx_word' id='word_1_253' title='bbox 299 1803 415 1872; x_wconf 90' lang='grc' dir='ltr'><strong>γάρ</strong></span> <span class='ocrx_word' id='word_1_254' title='bbox 438 1820 561 1856; x_wconf 91' lang='grc' dir='ltr'>τινα</span> <span class='ocrx_word' id='word_1_255' title='bbox 584 1803 806 1874; x_wconf 83' lang='grc' dir='ltr'><strong>τρόπον,</strong></span> <span class='ocrx_word' id='word_1_256' title='bbox 834 1805 867 1874; x_wconf 90' lang='grc' dir='ltr'><strong>ή</strong></span> <span class='ocrx_word' id='word_1_257' title='bbox 892 1805 1029 1874; x_wconf 86' lang='grc' dir='ltr'>μήτε</span> <span class='ocrx_word' id='word_1_258' title='bbox 1060 1803 1419 1876; x_wconf 81' lang='grc' dir='ltr'>καθαίρουσα,</span> <span class='ocrx_word' id='word_1_259' title='bbox 1447 1804 1582 1875; x_wconf 88' lang='grc' dir='ltr'>μήτε</span> <span class='ocrx_word' id='word_1_260' title='bbox 1612 1803 1716 1874; x_wconf 84' lang='grc' dir='ltr'>μὴν</span> 
     </span>
    </p>
   </div>
   <div class='ocr_carea' id='block_1_34' title="bbox 1827 1799 3407 1876">
    <p class='ocr_par' dir='ltr' id='par_1_34' title="bbox 1827 1799 3407 1875">
     <span class='ocr_line' id='line_1_34' title="bbox 1827 1799 3407 1875; baseline -0.003 -17"><span class='ocrx_word' id='word_1_261' title='bbox 1827 1804 2086 1875; x_wconf 76' lang='lat' dir='ltr'><strong>ejusmodi</strong></span> <span class='ocrx_word' id='word_1_262' title='bbox 2115 1804 2205 1868; x_wconf 90' lang='lat' dir='ltr'><strong>sit,</strong></span> <span class='ocrx_word' id='word_1_263' title='bbox 2238 1803 2566 1857; x_wconf 89' lang='lat' dir='ltr'><strong>sententiam</strong></span> <span class='ocrx_word' id='word_1_264' title='bbox 2592 1801 2740 1856; x_wconf 88' lang='lat' dir='ltr'><strong>tulit.</strong></span> <span class='ocrx_word' id='word_1_265' title='bbox 2777 1800 3062 1867; x_wconf 83' lang='lat' dir='ltr'><strong>Quomodo</strong></span> <span class='ocrx_word' id='word_1_266' title='bbox 3096 1801 3245 1856; x_wconf 89' lang='lat' dir='ltr'><strong>enim</strong></span> <span class='ocrx_word' id='word_1_267' title='bbox 3272 1799 3407 1854; x_wconf 92' lang='lat' dir='ltr'><strong>illud</strong></span> 
     </span>
    </p>
   </div>
   <div class='ocr_carea' id='block_1_35' title="bbox 145 1889 1714 1964">
    <p class='ocr_par' dir='ltr' id='par_1_35' title="bbox 145 1889 1714 1964">
     <span class='ocr_line' id='line_1_35' title="bbox 145 1889 1714 1964; baseline 0.003 -23"><span class='ocrx_word' id='word_1_268' title='bbox 145 1893 330 1960; x_wconf 79' lang='grc' dir='ltr'>ἔχουσα</span> <span class='ocrx_word' id='word_1_269' title='bbox 374 1890 437 1943; x_wconf 88' lang='grc' dir='ltr'><strong>τὸ</strong></span> <span class='ocrx_word' id='word_1_270' title='bbox 485 1889 726 1943; x_wconf 80' lang='grc' dir='ltr'>τελειοῦν</span> <span class='ocrx_word' id='word_1_271' title='bbox 763 1890 1022 1945; x_wconf 81' lang='grc' dir='ltr'>δύνασθαι</span> <span class='ocrx_word' id='word_1_272' title='bbox 1074 1892 1210 1963; x_wconf 68' lang='grc' dir='ltr'>πρδς</span> <span class='ocrx_word' id='word_1_273' title='bbox 1250 1894 1487 1963; x_wconf 77' lang='grc' dir='ltr'>ἀρετήνς</span> <span class='ocrx_word' id='word_1_274' title='bbox 1530 1892 1714 1964; x_wconf 80' lang='grc' dir='ltr'>Ταύτῃ</span> 
     </span>
    </p>
   </div>
   <div class='ocr_carea' id='block_1_36' title="bbox 144 1980 1714 2055">
    <p class='ocr_par' dir='ltr' id='par_1_36' title="bbox 144 1980 1714 2055">
     <span class='ocr_line' id='line_1_36' title="bbox 144 1980 1714 2055; baseline 0.004 -21"><span class='ocrx_word' id='word_1_275' title='bbox 144 1983 213 2034; x_wconf 76' lang='grc' dir='ltr'>τοί</span> <span class='ocrx_word' id='word_1_276' title='bbox 247 1999 417 2053; x_wconf 78' lang='grc' dir='ltr'>φησιν</span> <span class='ocrx_word' id='word_1_277' title='bbox 445 1984 474 2036; x_wconf 89' lang='grc' dir='ltr'>ὀ</span> <span class='ocrx_word' id='word_1_278' title='bbox 508 1982 777 2054; x_wconf 85' lang='grc' dir='ltr'>μακάριος</span> <span class='ocrx_word' id='word_1_279' title='bbox 807 1982 1041 2046; x_wconf 84' lang='grc' dir='ltr'>Παῦλος,</span> <span class='ocrx_word' id='word_1_280' title='bbox 1064 1984 1138 2047; x_wconf 85' lang='grc' dir='ltr'>ὡς</span> <span class='ocrx_word' id='word_1_281' title='bbox 1169 1980 1237 2055; x_wconf 80' lang='grc' dir='ltr'>ἦν</span> <span class='ocrx_word' id='word_1_282' title='bbox 1275 1984 1371 2055; x_wconf 81' lang='grc' dir='ltr'><strong>μὲν</strong></span> <span class='ocrx_word' id='word_1_283' title='bbox 1399 1984 1500 2037; x_wconf 81' lang='grc' dir='ltr'><strong>οὐκ</strong></span> <span class='ocrx_word' id='word_1_284' title='bbox 1528 1985 1714 2055; x_wconf 74' lang='grc' dir='ltr'>ἀμεμ-</span> 
     </span>
    </p>
   </div>
   <div class='ocr_carea' id='block_1_37' title="bbox 147 2073 1717 2146">
    <p class='ocr_par' dir='ltr' id='par_1_37' title="bbox 147 2073 1717 2146">
     <span class='ocr_line' id='line_1_37' title="bbox 147 2073 1717 2146; baseline 0.001 -19"><span class='ocrx_word' id='word_1_285' title='bbox 147 2092 283 2138; x_wconf 79' lang='grc' dir='ltr'>πτος,</span> <span class='ocrx_word' id='word_1_286' title='bbox 322 2073 747 2145; x_wconf 82' lang='grc' dir='ltr'>είσκεκομίσθαι</span> <span class='ocrx_word' id='word_1_287' title='bbox 782 2074 838 2126; x_wconf 84' lang='grc' dir='ltr'>δὲ</span> <span class='ocrx_word' id='word_1_288' title='bbox 879 2075 1192 2143; x_wconf 79' lang='grc' dir='ltr'>ἀναγκαίως</span> <span class='ocrx_word' id='word_1_289' title='bbox 1230 2076 1299 2128; x_wconf 83' lang='grc' dir='ltr'>τὰ</span> <span class='ocrx_word' id='word_1_290' title='bbox 1326 2076 1416 2129; x_wconf 84' lang='grc' dir='ltr'>διὰ</span> <span class='ocrx_word' id='word_1_291' title='bbox 1444 2075 1680 2146; x_wconf 77' lang='grc' dir='ltr'>Χριστοῦ</span> <span class='ocrx_word' id='word_1_292' title='bbox 1702 2114 1717 2139; x_wconf 90' lang='grc'><strong>,</strong></span> 
     </span>
    </p>
   </div>
   <div class='ocr_carea' id='block_1_38' title="bbox 145 2165 1330 2237">
    <p class='ocr_par' dir='ltr' id='par_1_38' title="bbox 145 2165 1330 2237">
     <span class='ocr_line' id='line_1_38' title="bbox 145 2165 1330 2237; baseline 0.001 -17"><span class='ocrx_word' id='word_1_293' title='bbox 145 2168 227 2220; x_wconf 77' lang='grc' dir='ltr'><strong>καὶ</strong></span> <span class='ocrx_word' id='word_1_294' title='bbox 249 2167 340 2221; x_wconf 72' lang='grc' dir='ltr'><strong>τὸν</strong></span> <span class='ocrx_word' id='word_1_295' title='bbox 366 2168 473 2237; x_wconf 79' lang='grc' dir='ltr'>τῆς</span> <span class='ocrx_word' id='word_1_296' title='bbox 493 2165 752 2236; x_wconf 78' lang='grc' dir='ltr'>δευτέρας</span> <span class='ocrx_word' id='word_1_297' title='bbox 781 2165 1128 2236; x_wconf 75' lang='grc' dir='ltr'>ὲγξητείσθαι</span> <span class='ocrx_word' id='word_1_298' title='bbox 1149 2166 1330 2221; x_wconf 89' lang='grc' dir='ltr'>τόπον.</span> 
     </span>
    </p>
   </div>
   <div class='ocr_carea' id='block_1_39' title="bbox 210 2444 1723 2518">
    <p class='ocr_par' dir='ltr' id='par_1_39' title="bbox 210 2444 1723 2518">
     <span class='ocr_line' id='line_1_39' title="bbox 210 2444 1723 2518; baseline -0.002 -17"><span class='ocrx_word' id='word_1_299' title='bbox 210 2448 420 2502; x_wconf 74' lang='grc' dir='ltr'><strong>ΠᾹΛΛ.</strong></span> <span class='ocrx_word' id='word_1_300' title='bbox 481 2444 809 2518; x_wconf 81' lang='grc' dir='ltr'>’Δϐούλητος</span> <span class='ocrx_word' id='word_1_301' title='bbox 862 2446 970 2517; x_wconf 78' lang='grc' dir='ltr'>ἄρα</span> <span class='ocrx_word' id='word_1_302' title='bbox 1021 2445 1302 2509; x_wconf 82' lang='grc' dir='ltr'>παντελῶς</span> <span class='ocrx_word' id='word_1_303' title='bbox 1340 2447 1374 2517; x_wconf 80' lang='grc' dir='ltr'><strong>ἡ</strong></span> <span class='ocrx_word' id='word_1_304' title='bbox 1427 2447 1484 2499; x_wconf 84' lang='grc' dir='ltr'>ὲν</span> <span class='ocrx_word' id='word_1_305' title='bbox 1542 2449 1723 2509; x_wconf 80' lang='grc' dir='ltr'>σκιαῖς</span> 
     </span>
    </p>
   </div>
   <div class='ocr_carea' id='block_1_40' title="bbox 147 2537 833 2612">
    <p class='ocr_par' dir='ltr' id='par_1_40' title="bbox 147 2537 833 2612">
     <span class='ocr_line' id='line_1_40' title="bbox 147 2537 833 2612; baseline 0.004 -20"><span class='ocrx_word' id='word_1_306' title='bbox 147 2540 361 2612; x_wconf 76' lang='grc' dir='ltr'>λατρεία</span> <span class='ocrx_word' id='word_1_307' title='bbox 397 2538 649 2608; x_wconf 84' lang='grc' dir='ltr'>παναγίῳ</span> <span class='ocrx_word' id='word_1_308' title='bbox 681 2537 799 2608; x_wconf 82' lang='grc' dir='ltr'>Θεῷ</span> <span class='ocrx_word' id='word_1_309' title='bbox 819 2555 833 2603; x_wconf 90' lang='grc'><strong>;</strong></span> 
     </span>
    </p>
   </div>
   <div class='ocr_carea' id='block_1_41' title="bbox 208 2621 1721 2697">
    <p class='ocr_par' dir='ltr' id='par_1_41' title="bbox 208 2621 1721 2697">
     <span class='ocr_line' id='line_1_41' title="bbox 208 2621 1721 2697; baseline 0.024 -24"><span class='ocrx_word' id='word_1_310' title='bbox 208 2630 374 2682; x_wconf 71' lang='grc' dir='ltr'>κΥΡ.</span> <span class='ocrx_word' id='word_1_311' title='bbox 425 2628 750 2681; x_wconf 85' lang='grc' dir='ltr'>Παντάπασι</span> <span class='ocrx_word' id='word_1_312' title='bbox 797 2626 896 2697; x_wconf 79' lang='grc' dir='ltr'><strong>μὲν</strong></span> <span class='ocrx_word' id='word_1_313' title='bbox 947 2621 1062 2680; x_wconf 79' lang='grc' dir='ltr'>οὖν.</span> <span class='ocrx_word' id='word_1_314' title='bbox 1112 2624 1271 2695; x_wconf 63' lang='lat' dir='ltr'><strong>nam</strong></span> <span class='ocrx_word' id='word_1_315' title='bbox 1325 2625 1382 2679; x_wconf 73' lang='grc' dir='ltr'>δέ</span> <span class='ocrx_word' id='word_1_316' title='bbox 1420 2642 1485 2695; x_wconf 76' lang='grc' dir='ltr'><strong>τε</strong></span> <span class='ocrx_word' id='word_1_317' title='bbox 1539 2624 1721 2694; x_wconf 63' lang='grc' dir='ltr'>σαφῶς</span> 
     </span>
    </p>
   </div>
   <div class='ocr_carea' id='block_1_42' title="bbox 148 2718 1720 2790">
    <p class='ocr_par' dir='ltr' id='par_1_42' title="bbox 148 2718 1720 2790">
     <span class='ocr_line' id='line_1_42' title="bbox 148 2718 1720 2790; baseline -0.003 -15"><span class='ocrx_word' id='word_1_318' title='bbox 148 2724 349 2776; x_wconf 74' lang='grc' dir='ltr'>ἐπαΐειν</span> <span class='ocrx_word' id='word_1_319' title='bbox 373 2720 626 2789; x_wconf 82' lang='grc' dir='ltr'>λέγοντος</span> <span class='ocrx_word' id='word_1_320' title='bbox 660 2722 776 2783; x_wconf 79' lang='grc' dir='ltr'>τοῖς</span> <span class='ocrx_word' id='word_1_321' title='bbox 818 2718 877 2783; x_wconf 77' lang='grc' dir='ltr'><strong>ἐξ</strong></span> <span class='ocrx_word' id='word_1_322' title='bbox 917 2718 1165 2790; x_wconf 81' lang='grc' dir='ltr'>Ἰσραὴλ,</span> <span class='ocrx_word' id='word_1_323' title='bbox 1201 2718 1290 2771; x_wconf 86' lang='grc' dir='ltr'>διὰ</span> <span class='ocrx_word' id='word_1_324' title='bbox 1318 2720 1416 2788; x_wconf 85' lang='grc' dir='ltr'><strong>τῆς</strong></span> <span class='ocrx_word' id='word_1_325' title='bbox 1457 2718 1720 2788; x_wconf 84' lang='grc' dir='ltr'>Ἰερεμίου</span> 
     </span>
    </p>
   </div>
   <div class='ocr_carea' id='block_1_43' title="bbox 147 2808 1722 2885">
    <p class='ocr_par' dir='ltr' id='par_1_43' title="bbox 147 2808 1722 2885">
     <span class='ocr_line' id='line_1_43' title="bbox 147 2808 1722 2885; baseline -0.002 -19"><span class='ocrx_word' id='word_1_326' title='bbox 147 2816 341 2885; x_wconf 79' lang='grc' dir='ltr'>φωνῆς-</span> <span class='ocrx_word' id='word_1_327' title='bbox 376 2833 395 2865; x_wconf 81' lang='grc'><strong>(</strong></span> <span class='ocrx_word' id='word_1_328' title='bbox 427 2814 566 2867; x_wconf 85' lang='grc' dir='ltr'>Τάδε</span> <span class='ocrx_word' id='word_1_329' title='bbox 588 2812 739 2880; x_wconf 84' lang='grc' dir='ltr'>λέγει</span> <span class='ocrx_word' id='word_1_330' title='bbox 762 2810 986 2882; x_wconf 61' lang='grc' dir='ltr'>Κύριος</span> <span class='ocrx_word' id='word_1_331' title='bbox 1015 2812 1059 2863; x_wconf 85' lang='grc' dir='ltr'>Τ</span> <span class='ocrx_word' id='word_1_332' title='bbox 1061 2812 1095 2864; x_wconf 85' lang='grc' dir='ltr'><strong>ἀ</strong></span> <span class='ocrx_word' id='word_1_333' title='bbox 1114 2809 1543 2880; x_wconf 82' lang='grc' dir='ltr'>ὁλοκαυτώματα</span> <span class='ocrx_word' id='word_1_334' title='bbox 1569 2808 1722 2880; x_wconf 83' lang='grc' dir='ltr'>ὑμῶν</span> 
     </span>
    </p>
   </div>
   <div class='ocr_carea' id='block_1_44' title="bbox 116 2900 1721 2973">
    <p class='ocr_par' dir='ltr' id='par_1_44' title="bbox 116 2900 1721 2973">
     <span class='ocr_line' id='line_1_44' title="bbox 116 2900 1721 2973; baseline -0.004 -15"><span class='ocrx_word' id='word_1_335' title='bbox 116 2906 480 2973; x_wconf 71' lang='grc' dir='ltr'>’συναγάγετε</span> <span class='ocrx_word' id='word_1_336' title='bbox 536 2902 672 2973; x_wconf 84' lang='grc' dir='ltr'>μετὰ</span> <span class='ocrx_word' id='word_1_337' title='bbox 719 2901 829 2954; x_wconf 85' lang='grc' dir='ltr'><strong>τῶν</strong></span> <span class='ocrx_word' id='word_1_338' title='bbox 880 2900 1081 2954; x_wconf 82' lang='grc' dir='ltr'>θυσιῶν</span> <span class='ocrx_word' id='word_1_339' title='bbox 1135 2900 1327 2970; x_wconf 83' lang='grc' dir='ltr'>ὑμῶν,</span> <span class='ocrx_word' id='word_1_340' title='bbox 1375 2900 1470 2953; x_wconf 77' lang='grc' dir='ltr'><strong>καὶ</strong></span> <span class='ocrx_word' id='word_1_341' title='bbox 1518 2900 1721 2967; x_wconf 85' lang='grc' dir='ltr'>φάγετε</span> 
     </span>
    </p>
   </div>
   <div class='ocr_carea' id='block_1_45' title="bbox 148 2989 1720 3067">
    <p class='ocr_par' dir='ltr' id='par_1_45' title="bbox 148 2989 1720 3067">
     <span class='ocr_line' id='line_1_45' title="bbox 148 2989 1720 3067; baseline -0.003 -20"><span class='ocrx_word' id='word_1_342' title='bbox 148 2997 293 3067; x_wconf 75' lang='grc' dir='ltr'>κρέα.</span> <span class='ocrx_word' id='word_1_343' title='bbox 320 2996 453 3049; x_wconf 86' lang='grc' dir='ltr'><strong>Ὅτι</strong></span> <span class='ocrx_word' id='word_1_344' title='bbox 493 2994 596 3047; x_wconf 78' lang='grc' dir='ltr'><strong>οὐκ</strong></span> <span class='ocrx_word' id='word_1_345' title='bbox 628 2992 867 3063; x_wconf 80' lang='grc' dir='ltr'>ἐλάλησα</span> <span class='ocrx_word' id='word_1_346' title='bbox 902 2991 1038 3063; x_wconf 85' lang='grc' dir='ltr'>πρὸς</span> <span class='ocrx_word' id='word_1_347' title='bbox 1085 2993 1210 3054; x_wconf 80' lang='grc' dir='ltr'>τοὺς</span> <span class='ocrx_word' id='word_1_348' title='bbox 1257 2991 1499 3060; x_wconf 82' lang='grc' dir='ltr'>πατέρας</span> <span class='ocrx_word' id='word_1_349' title='bbox 1545 2989 1720 3061; x_wconf 82' lang='grc' dir='ltr'>ὑμῶν,</span> 
     </span>
    </p>
   </div>
   <div class='ocr_carea' id='block_1_46' title="bbox 153 3076 1720 3155">
    <p class='ocr_par' dir='ltr' id='par_1_46' title="bbox 153 3076 1720 3155">
     <span class='ocr_line' id='line_1_46' title="bbox 153 3076 1720 3155; baseline -0.004 -15"><span class='ocrx_word' id='word_1_350' title='bbox 153 3090 236 3140; x_wconf 70' lang='grc' dir='ltr'><strong>καὶ</strong></span> <span class='ocrx_word' id='word_1_351' title='bbox 263 3089 364 3141; x_wconf 76' lang='grc' dir='ltr'><strong>οὐκ</strong></span> <span class='ocrx_word' id='word_1_352' title='bbox 397 3085 760 3155; x_wconf 75' lang='grc' dir='ltr'>ἐνετειλάμην</span> <span class='ocrx_word' id='word_1_353' title='bbox 802 3083 986 3145; x_wconf 84' lang='grc' dir='ltr'>αὐτοῖς</span> <span class='ocrx_word' id='word_1_354' title='bbox 1027 3084 1086 3134; x_wconf 82' lang='grc' dir='ltr'>ὲν</span> <span class='ocrx_word' id='word_1_355' title='bbox 1131 3082 1336 3153; x_wconf 69' lang='grc' dir='ltr'>ἡμέρᾳ,</span> <span class='ocrx_word' id='word_1_356' title='bbox 1448 3082 1720 3152; x_wconf 84' lang='grc' dir='ltr'>ἀνήγαγον</span> 
     </span>
    </p>
   </div>
   <div class='ocr_carea' id='block_1_47' title="bbox 1821 1893 3407 1967">
    <p class='ocr_par' dir='ltr' id='par_1_47' title="bbox 1821 1893 3407 1967">
     <span class='ocr_line' id='line_1_47' title="bbox 1821 1893 3407 1967; baseline -0.003 -16"><span class='ocrx_word' id='word_1_357' title='bbox 1821 1896 1931 1967; x_wconf 77' lang='lat'><strong>58</strong></span> <span class='ocrx_word' id='word_1_358' title='bbox 1973 1896 2240 1950; x_wconf 89' lang='lat' dir='ltr'><strong>mundum</strong></span> <span class='ocrx_word' id='word_1_359' title='bbox 2275 1896 2368 1959; x_wconf 90' lang='lat' dir='ltr'><strong>sit,</strong></span> <span class='ocrx_word' id='word_1_360' title='bbox 2405 1894 2551 1965; x_wconf 91' lang='lat' dir='ltr'><strong>quod</strong></span> <span class='ocrx_word' id='word_1_361' title='bbox 2599 1909 2779 1963; x_wconf 90' lang='lat' dir='ltr'><strong>neque</strong></span> <span class='ocrx_word' id='word_1_362' title='bbox 2827 1893 3078 1960; x_wconf 89' lang='lat' dir='ltr'><strong>mundat,</strong></span> <span class='ocrx_word' id='word_1_363' title='bbox 3120 1908 3300 1964; x_wconf 90' lang='lat' dir='ltr'><strong>neque</strong></span> <span class='ocrx_word' id='word_1_364' title='bbox 3337 1893 3407 1947; x_wconf 90' lang='lat' dir='ltr'><strong>ad</strong></span> 
     </span>
    </p>
   </div>
   <div class='ocr_carea' id='block_1_48' title="bbox 1820 1985 3411 2059">
    <p class='ocr_par' dir='ltr' id='par_1_48' title="bbox 1820 1985 3411 2059">
     <span class='ocr_line' id='line_1_48' title="bbox 1820 1985 3411 2059; baseline -0.003 -15"><span class='ocrx_word' id='word_1_365' title='bbox 1820 1990 2118 2059; x_wconf 79' lang='lat' dir='ltr'><strong>perfectam</strong></span> <span class='ocrx_word' id='word_1_366' title='bbox 2165 1988 2425 2043; x_wconf 87' lang='lat' dir='ltr'><strong>virtutem</strong></span> <span class='ocrx_word' id='word_1_367' title='bbox 2474 2002 2578 2041; x_wconf 91' lang='lat' dir='ltr'><strong>nos</strong></span> <span class='ocrx_word' id='word_1_368' title='bbox 2626 1986 2829 2041; x_wconf 88' lang='lat' dir='ltr'><strong>ducere</strong></span> <span class='ocrx_word' id='word_1_369' title='bbox 2882 1987 3098 2056; x_wconf 84' lang='lat' dir='ltr'><strong>potest?</strong></span> <span class='ocrx_word' id='word_1_370' title='bbox 3143 1985 3411 2052; x_wconf 82' lang='lat' dir='ltr'><strong>Quocirca</strong></span> 
     </span>
    </p>
   </div>
   <div class='ocr_carea' id='block_1_49' title="bbox 1819 2078 3407 2149">
    <p class='ocr_par' dir='ltr' id='par_1_49' title="bbox 1819 2078 3407 2149">
     <span class='ocr_line' id='line_1_49' title="bbox 1819 2078 3407 2149; baseline -0.001 -16"><span class='ocrx_word' id='word_1_371' title='bbox 1819 2079 2017 2134; x_wconf 89' lang='lat' dir='ltr'><strong>beatus</strong></span> <span class='ocrx_word' id='word_1_372' title='bbox 2035 2080 2239 2134; x_wconf 83' lang='lat' dir='ltr'><strong>Paulus</strong></span> <span class='ocrx_word' id='word_1_373' title='bbox 2264 2078 2462 2148; x_wconf 90' lang='lat' dir='ltr'><strong>inquit,</strong></span> <span class='ocrx_word' id='word_1_374' title='bbox 2486 2086 2645 2133; x_wconf 89' lang='lat' dir='ltr'><strong>vetus</strong></span> <span class='ocrx_word' id='word_1_375' title='bbox 2671 2079 2808 2133; x_wconf 92' lang='lat' dir='ltr'><strong>illud</strong></span> <span class='ocrx_word' id='word_1_376' title='bbox 2830 2094 2942 2132; x_wconf 93' lang='lat' dir='ltr'><strong>non</strong></span> <span class='ocrx_word' id='word_1_377' title='bbox 2966 2093 3189 2133; x_wconf 81' lang='lat' dir='ltr'><strong>vacasse</strong></span> <span class='ocrx_word' id='word_1_378' title='bbox 3216 2079 3407 2149; x_wconf 87' lang='lat' dir='ltr'><strong>culpa;</strong></span> 
     </span>
    </p>
   </div>
   <div class='ocr_carea' id='block_1_50' title="bbox 1820 2168 3409 2241">
    <p class='ocr_par' dir='ltr' id='par_1_50' title="bbox 1820 2168 3409 2241">
     <span class='ocr_line' id='line_1_50' title="bbox 1820 2168 3409 2241; baseline -0.001 -16"><span class='ocrx_word' id='word_1_379' title='bbox 1820 2172 2006 2241; x_wconf 89' lang='lat' dir='ltr'><strong>itaque</strong></span> <span class='ocrx_word' id='word_1_380' title='bbox 2048 2169 2363 2224; x_wconf 86' lang='lat' dir='ltr'><strong>necessario</strong></span> <span class='ocrx_word' id='word_1_381' title='bbox 2402 2169 2537 2223; x_wconf 89' lang='lat' dir='ltr'><strong>illud</strong></span> <span class='ocrx_word' id='word_1_382' title='bbox 2581 2171 2913 2225; x_wconf 84' lang='lat' dir='ltr'><strong>successisse</strong></span> <span class='ocrx_word' id='word_1_383' title='bbox 2941 2168 3088 2239; x_wconf 87' lang='lat' dir='ltr'><strong>quod</strong></span> <span class='ocrx_word' id='word_1_384' title='bbox 3119 2185 3218 2239; x_wconf 89' lang='lat' dir='ltr'><strong>per</strong></span> <span class='ocrx_word' id='word_1_385' title='bbox 3247 2169 3409 2224; x_wconf 86' lang='lat' dir='ltr'><strong>Chri-</strong></span> 
     </span>
    </p>
   </div>
   <div class='ocr_carea' id='block_1_51' title="bbox 1820 2260 3412 2331">
    <p class='ocr_par' dir='ltr' id='par_1_51' title="bbox 1820 2260 3412 2331">
     <span class='ocr_line' id='line_1_51' title="bbox 1820 2260 3412 2331; baseline -0.003 -13"><span class='ocrx_word' id='word_1_386' title='bbox 1820 2272 1970 2318; x_wconf 88' lang='lat' dir='ltr'><strong>stum</strong></span> <span class='ocrx_word' id='word_1_387' title='bbox 2017 2263 2288 2317; x_wconf 86' lang='lat' dir='ltr'><strong>sancitum</strong></span> <span class='ocrx_word' id='word_1_388' title='bbox 2328 2270 2446 2328; x_wconf 86' lang='lat' dir='ltr'><strong>cst,</strong></span> <span class='ocrx_word' id='word_1_389' title='bbox 2478 2270 2535 2316; x_wconf 89' lang='lat' dir='ltr'><strong>et</strong></span> <span class='ocrx_word' id='word_1_390' title='bbox 2580 2262 2809 2317; x_wconf 87' lang='lat' dir='ltr'><strong>secundi</strong></span> <span class='ocrx_word' id='word_1_391' title='bbox 2851 2261 3033 2316; x_wconf 88' lang='lat' dir='ltr'><strong>locum</strong></span> <span class='ocrx_word' id='word_1_392' title='bbox 3085 2260 3412 2331; x_wconf 90' lang='lat' dir='ltr'><strong>inquisitum</strong></span> 
     </span>
    </p>
   </div>
   <div class='ocr_carea' id='block_1_52' title="bbox 1820 2340 2789 2410">
    <p class='ocr_par' dir='ltr' id='par_1_52' title="bbox 1820 2340 2789 2410">
     <span class='ocr_line' id='line_1_52' title="bbox 1820 2340 2789 2410; baseline -0.003 0"><span class='ocrx_word' id='word_1_393' title='bbox 1820 2354 2010 2410; x_wconf 90' lang='lat' dir='ltr'><strong>fuisse.</strong></span> <span class='ocrx_word' id='word_1_394' title='bbox 2782 2340 2789 2354; x_wconf 65' lang='grc'><strong>“</strong></span> 
     </span>
    </p>
   </div>
   <div class='ocr_carea' id='block_1_53' title="bbox 1895 2446 3412 2519">
    <p class='ocr_par' dir='ltr' id='par_1_53' title="bbox 1895 2446 3412 2519">
     <span class='ocr_line' id='line_1_53' title="bbox 1895 2446 3412 2519; baseline 0.001 -18"><span class='ocrx_word' id='word_1_395' title='bbox 1895 2448 2092 2502; x_wconf 79' lang='lat' dir='ltr'><strong>PALL.</strong></span> <span class='ocrx_word' id='word_1_396' title='bbox 2125 2448 2342 2519; x_wconf 84' lang='lat' dir='ltr'><strong>Ergone</strong></span> <span class='ocrx_word' id='word_1_397' title='bbox 2372 2464 2600 2519; x_wconf 89' lang='lat' dir='ltr'><strong>prorsus</strong></span> <span class='ocrx_word' id='word_1_398' title='bbox 2644 2456 2846 2518; x_wconf 67' lang='lat' dir='ltr'><strong>praeter</strong></span> <span class='ocrx_word' id='word_1_399' title='bbox 2891 2446 3288 2519; x_wconf 86' lang='lat' dir='ltr'><strong>omnipotentis</strong></span> <span class='ocrx_word' id='word_1_400' title='bbox 3313 2446 3412 2504; x_wconf 89' lang='lat' dir='ltr'><strong>Dei</strong></span> 
     </span>
    </p>
   </div>
   <div class='ocr_carea' id='block_1_54' title="bbox 1822 2538 3018 2596">
    <p class='ocr_par' dir='ltr' id='par_1_54' title="bbox 1822 2538 3018 2596">
     <span class='ocr_line' id='line_1_54' title="bbox 1822 2538 3018 2596; baseline -0.001 -2"><span class='ocrx_word' id='word_1_401' title='bbox 1822 2540 2162 2595; x_wconf 79' lang='lat' dir='ltr'><strong>voluntatem</strong></span> <span class='ocrx_word' id='word_1_402' title='bbox 2193 2541 2376 2596; x_wconf 91' lang='lat' dir='ltr'><strong>cultus</strong></span> <span class='ocrx_word' id='word_1_403' title='bbox 2413 2541 2504 2595; x_wconf 91' lang='lat' dir='ltr'><strong>ille</strong></span> <span class='ocrx_word' id='word_1_404' title='bbox 2535 2539 2849 2594; x_wconf 88' lang='lat' dir='ltr'><strong>umbratilis</strong></span> <span class='ocrx_word' id='word_1_405' title='bbox 2876 2538 3018 2593; x_wconf 83' lang='lat' dir='ltr'><strong>fuit?</strong></span> 
     </span>
    </p>
   </div>
   <div class='ocr_carea' id='block_1_55' title="bbox 1894 2630 3413 2701">
    <p class='ocr_par' dir='ltr' id='par_1_55' title="bbox 1894 2630 3413 2701">
     <span class='ocr_line' id='line_1_55' title="bbox 1894 2630 3413 2701; baseline -0.001 -14"><span class='ocrx_word' id='word_1_406' title='bbox 1894 2632 2052 2687; x_wconf 82' lang='lat' dir='ltr'><strong>CYR.</strong></span> <span class='ocrx_word' id='word_1_407' title='bbox 2086 2631 2343 2687; x_wconf 89' lang='lat' dir='ltr'><strong>Omnino.</strong></span> <span class='ocrx_word' id='word_1_408' title='bbox 2375 2632 2472 2686; x_wconf 89' lang='lat' dir='ltr'><strong>Est</strong></span> <span class='ocrx_word' id='word_1_409' title='bbox 2497 2638 2681 2685; x_wconf 87' lang='lat' dir='ltr'><strong>autem</strong></span> <span class='ocrx_word' id='word_1_410' title='bbox 2711 2630 2765 2685; x_wconf 91' lang='lat' dir='ltr'><strong>in</strong></span> <span class='ocrx_word' id='word_1_411' title='bbox 2795 2638 3075 2701; x_wconf 91' lang='lat' dir='ltr'><strong>promptu,</strong></span> <span class='ocrx_word' id='word_1_412' title='bbox 3107 2631 3280 2685; x_wconf 88' lang='lat' dir='ltr'><strong>Deum</strong></span> <span class='ocrx_word' id='word_1_413' title='bbox 3311 2646 3413 2686; x_wconf 87' lang='lat' dir='ltr'><strong>au-</strong></span> 
     </span>
    </p>
   </div>
   <div class='ocr_carea' id='block_1_56' title="bbox 1822 2721 3415 2792">
    <p class='ocr_par' dir='ltr' id='par_1_56' title="bbox 1822 2721 3415 2792">
     <span class='ocr_line' id='line_1_56' title="bbox 1822 2721 3415 2792; baseline 0.002 -17"><span class='ocrx_word' id='word_1_414' title='bbox 1822 2721 1943 2776; x_wconf 88' lang='lat' dir='ltr'><strong>dire</strong></span> <span class='ocrx_word' id='word_1_415' title='bbox 1984 2721 2328 2792; x_wconf 87' lang='lat' dir='ltr'><strong>apertissime</strong></span> <span class='ocrx_word' id='word_1_416' title='bbox 2349 2721 2624 2776; x_wconf 92' lang='lat' dir='ltr'><strong>dicentem</strong></span> <span class='ocrx_word' id='word_1_417' title='bbox 2667 2721 2795 2776; x_wconf 89' lang='lat' dir='ltr'><strong>ﬁliis</strong></span> <span class='ocrx_word' id='word_1_418' title='bbox 2827 2722 3013 2787; x_wconf 87' lang='lat' dir='ltr'><strong>Israel,</strong></span> <span class='ocrx_word' id='word_1_419' title='bbox 3041 2737 3141 2792; x_wconf 87' lang='lat' dir='ltr'><strong>per</strong></span> <span class='ocrx_word' id='word_1_420' title='bbox 3164 2723 3415 2778; x_wconf 68' lang='lat' dir='ltr'><strong>Jeremia:</strong></span> 
     </span>
    </p>
   </div>
   <div class='ocr_carea' id='block_1_57' title="bbox 1822 2802 3414 2870">
    <p class='ocr_par' dir='ltr' id='par_1_57' title="bbox 1822 2802 3414 2870">
     <span class='ocr_line' id='line_1_57' title="bbox 1822 2802 3414 2870; baseline 0.002 -3"><span class='ocrx_word' id='word_1_421' title='bbox 1822 2802 2013 2867; x_wconf 87' lang='lat' dir='ltr'><strong>vocem</strong></span> <span class='ocrx_word' id='word_1_422' title='bbox 2059 2830 2071 2864; x_wconf 89' lang='lat'><strong>:</strong></span> <span class='ocrx_word' id='word_1_423' title='bbox 2113 2831 2131 2862; x_wconf 86' lang='grc'><strong><em>‹</em></strong></span> <span class='ocrx_word' id='word_1_424' title='bbox 2172 2812 2299 2866; x_wconf 64' lang='lat' dir='ltr'><strong>Hsee</strong></span> <span class='ocrx_word' id='word_1_425' title='bbox 2339 2811 2476 2867; x_wconf 92' lang='lat' dir='ltr'><strong>dicit</strong></span> <span class='ocrx_word' id='word_1_426' title='bbox 2517 2811 2826 2867; x_wconf 90' lang='lat' dir='ltr'><strong>Dominus:</strong></span> <span class='ocrx_word' id='word_1_427' title='bbox 2857 2812 3187 2869; x_wconf 80' lang='lat' dir='ltr'><strong>Holocausta</strong></span> <span class='ocrx_word' id='word_1_428' title='bbox 3232 2824 3414 2870; x_wconf 84' lang='lat' dir='ltr'><strong>vestra</strong></span> 
     </span>
    </p>
   </div>
   <div class='ocr_carea' id='block_1_58' title="bbox 1821 2903 3413 2975">
    <p class='ocr_par' dir='ltr' id='par_1_58' title="bbox 1821 2903 3413 2975">
     <span class='ocr_line' id='line_1_58' title="bbox 1821 2903 3413 2975; baseline 0.002 -16"><span class='ocrx_word' id='word_1_429' title='bbox 1821 2913 2147 2975; x_wconf 83' lang='lat' dir='ltr'><strong>congregate</strong></span> <span class='ocrx_word' id='word_1_430' title='bbox 2175 2919 2301 2958; x_wconf 90' lang='lat' dir='ltr'><strong>cum</strong></span> <span class='ocrx_word' id='word_1_431' title='bbox 2326 2904 2614 2959; x_wconf 87' lang='lat' dir='ltr'><strong>sacriﬁciis</strong></span> <span class='ocrx_word' id='word_1_432' title='bbox 2647 2903 2867 2971; x_wconf 87' lang='lat' dir='ltr'><strong>vestris,</strong></span> <span class='ocrx_word' id='word_1_433' title='bbox 2898 2914 2955 2960; x_wconf 90' lang='lat' dir='ltr'><strong>et</strong></span> <span class='ocrx_word' id='word_1_434' title='bbox 2985 2906 3257 2962; x_wconf 89' lang='lat' dir='ltr'><strong>comeditc</strong></span> <span class='ocrx_word' id='word_1_435' title='bbox 3289 2923 3413 2962; x_wconf 90' lang='lat' dir='ltr'><strong>car-</strong></span> 
     </span>
    </p>
   </div>
   <div class='ocr_carea' id='block_1_59' title="bbox 1821 2995 3415 3071">
    <p class='ocr_par' dir='ltr' id='par_1_59' title="bbox 1821 2995 3415 3071">
     <span class='ocr_line' id='line_1_59' title="bbox 1821 2995 3415 3071; baseline 0.004 -21"><span class='ocrx_word' id='word_1_436' title='bbox 1821 3012 1940 3051; x_wconf 90' lang='lat' dir='ltr'><strong>nes.</strong></span> <span class='ocrx_word' id='word_1_437' title='bbox 1967 2995 2107 3063; x_wconf 84' lang='lat' dir='ltr'><strong>Quia</strong></span> <span class='ocrx_word' id='word_1_438' title='bbox 2126 3012 2239 3051; x_wconf 93' lang='lat' dir='ltr'><strong>non</strong></span> <span class='ocrx_word' id='word_1_439' title='bbox 2266 3012 2388 3051; x_wconf 91' lang='lat' dir='ltr'><strong>sum</strong></span> <span class='ocrx_word' id='word_1_440' title='bbox 2418 2998 2639 3052; x_wconf 89' lang='lat' dir='ltr'><strong>locutus</strong></span> <span class='ocrx_word' id='word_1_441' title='bbox 2667 2996 2735 3051; x_wconf 90' lang='lat' dir='ltr'><strong>ad</strong></span> <span class='ocrx_word' id='word_1_442' title='bbox 2769 3005 2955 3069; x_wconf 88' lang='lat' dir='ltr'><strong>patres</strong></span> <span class='ocrx_word' id='word_1_443' title='bbox 2977 3007 3207 3065; x_wconf 90' lang='lat' dir='ltr'><strong>vestros,</strong></span> <span class='ocrx_word' id='word_1_444' title='bbox 3234 3015 3415 3071; x_wconf 89' lang='lat' dir='ltr'><strong>neque</strong></span> 
     </span>
    </p>
   </div>
   <div class='ocr_carea' id='block_1_60' title="bbox 1824 3086 3415 3159">
    <p class='ocr_par' dir='ltr' id='par_1_60' title="bbox 1824 3086 3415 3159">
     <span class='ocr_line' id='line_1_60' title="bbox 1824 3086 3415 3159; baseline 0.002 -18"><span class='ocrx_word' id='word_1_445' title='bbox 1824 3086 2076 3141; x_wconf 80' lang='lat' dir='ltr'><strong>mandavi</strong></span> <span class='ocrx_word' id='word_1_446' title='bbox 2103 3086 2185 3142; x_wconf 91' lang='lat' dir='ltr'><strong>eis</strong></span> <span class='ocrx_word' id='word_1_447' title='bbox 2222 3086 2277 3142; x_wconf 90' lang='lat' dir='ltr'><strong>in</strong></span> <span class='ocrx_word' id='word_1_448' title='bbox 2311 3088 2401 3142; x_wconf 90' lang='lat' dir='ltr'><strong>die</strong></span> <span class='ocrx_word' id='word_1_449' title='bbox 2448 3104 2556 3159; x_wconf 91' lang='lat' dir='ltr'><strong>qua</strong></span> <span class='ocrx_word' id='word_1_450' title='bbox 2582 3088 2880 3144; x_wconf 87' lang='lat' dir='ltr'><strong>ascendere</strong></span> <span class='ocrx_word' id='word_1_451' title='bbox 2913 3104 3010 3144; x_wconf 91' lang='lat' dir='ltr'><strong>eos</strong></span> <span class='ocrx_word' id='word_1_452' title='bbox 3040 3088 3146 3144; x_wconf 92' lang='lat' dir='ltr'><strong>feci</strong></span> <span class='ocrx_word' id='word_1_453' title='bbox 3176 3090 3243 3144; x_wconf 90' lang='lat' dir='ltr'><strong>de</strong></span> <span class='ocrx_word' id='word_1_454' title='bbox 3272 3097 3415 3146; x_wconf 87' lang='lat' dir='ltr'><strong>terra</strong></span> 
     </span>
    </p>
   </div>
   <div class='ocr_carea' id='block_1_61' title="bbox 153 3172 1725 3249">
    <p class='ocr_par' dir='ltr' id='par_1_61' title="bbox 153 3172 1724 3246">
     <span class='ocr_line' id='line_1_61' title="bbox 153 3172 1724 3246; baseline -0.004 -15"><span class='ocrx_word' id='word_1_455' title='bbox 153 3181 336 3243; x_wconf 68' lang='grc' dir='ltr'>αὐτοὺς</span> <span class='ocrx_word' id='word_1_456' title='bbox 372 3180 443 3231; x_wconf 78' lang='grc' dir='ltr'>ἐκ</span> <span class='ocrx_word' id='word_1_457' title='bbox 475 3177 580 3246; x_wconf 84' lang='grc' dir='ltr'><strong>γῆς</strong></span> <span class='ocrx_word' id='word_1_458' title='bbox 635 3177 914 3245; x_wconf 77' lang='grc' dir='ltr'>Αἰγύπτου</span> <span class='ocrx_word' id='word_1_459' title='bbox 962 3176 1091 3245; x_wconf 80' lang='grc' dir='ltr'>περὶ</span> <span class='ocrx_word' id='word_1_460' title='bbox 1120 3172 1588 3243; x_wconf 83' lang='grc' dir='ltr'>ὁλοκαυτωμάτων</span> <span class='ocrx_word' id='word_1_461' title='bbox 1629 3172 1724 3225; x_wconf 75' lang='grc' dir='ltr'>καὶ</span> 
     </span>
    </p>
   </div>
   <div class='ocr_carea' id='block_1_62' title="bbox 1827 3172 3416 3249">
    <p class='ocr_par' dir='ltr' id='par_1_62' title="bbox 1827 3176 3416 3249">
     <span class='ocr_line' id='line_1_62' title="bbox 1827 3176 3416 3249; baseline 0.003 -18"><span class='ocrx_word' id='word_1_462' title='bbox 1827 3176 2063 3249; x_wconf 63' lang='lat' dir='ltr'><strong>Egypti,</strong></span> <span class='ocrx_word' id='word_1_463' title='bbox 2102 3177 2170 3232; x_wconf 91' lang='lat' dir='ltr'><strong>de</strong></span> <span class='ocrx_word' id='word_1_464' title='bbox 2202 3178 2560 3243; x_wconf 89' lang='lat' dir='ltr'><strong>holocaustis,</strong></span> <span class='ocrx_word' id='word_1_465' title='bbox 2597 3186 2653 3234; x_wconf 91' lang='lat' dir='ltr'><strong>et</strong></span> <span class='ocrx_word' id='word_1_466' title='bbox 2692 3178 2996 3233; x_wconf 86' lang='lat' dir='ltr'><strong>sacriﬁciis.</strong></span> <span class='ocrx_word' id='word_1_467' title='bbox 3045 3178 3153 3233; x_wconf 91' lang='lat' dir='ltr'><strong>Sed</strong></span> <span class='ocrx_word' id='word_1_468' title='bbox 3185 3179 3416 3235; x_wconf 87' lang='lat' dir='ltr'><strong>verbum</strong></span> 
     </span>
    </p>
   </div>
   <div class='ocr_carea' id='block_1_63' title="bbox 150 3264 1727 3339">
    <p class='ocr_par' dir='ltr' id='par_1_63' title="bbox 150 3264 1727 3339">
     <span class='ocr_line' id='line_1_63' title="bbox 150 3264 1727 3339; baseline -0.005 -16"><span class='ocrx_word' id='word_1_469' title='bbox 150 3271 361 3325; x_wconf 82' lang='grc' dir='ltr'>θυσιῶν.</span> <span class='ocrx_word' id='word_1_470' title='bbox 413 3270 557 3322; x_wconf 83' lang='grc' dir='ltr'>Ἀλλ’</span> <span class='ocrx_word' id='word_1_471' title='bbox 596 3269 630 3338; x_wconf 85' lang='grc' dir='ltr'>ἢ</span> <span class='ocrx_word' id='word_1_472' title='bbox 674 3269 735 3322; x_wconf 84' lang='grc' dir='ltr'><strong>τὸ</strong></span> <span class='ocrx_word' id='word_1_473' title='bbox 767 3267 918 3339; x_wconf 81' lang='grc' dir='ltr'>ῥῆμα</span> <span class='ocrx_word' id='word_1_474' title='bbox 947 3266 1106 3319; x_wconf 86' lang='grc' dir='ltr'>τοῦτο</span> <span class='ocrx_word' id='word_1_475' title='bbox 1152 3264 1506 3336; x_wconf 77' lang='grc' dir='ltr'>ἐνετειλάμην</span> <span class='ocrx_word' id='word_1_476' title='bbox 1544 3264 1727 3327; x_wconf 75' lang='grc' dir='ltr'>αὐτοῖς</span> 
     </span>
    </p>
   </div>
   <div class='ocr_carea' id='block_1_64' title="bbox 150 3355 1730 3431">
    <p class='ocr_par' dir='ltr' id='par_1_64' title="bbox 150 3355 1730 3431">
     <span class='ocr_line' id='line_1_64' title="bbox 150 3355 1730 3431; baseline -0.004 -18"><span class='ocrx_word' id='word_1_477' title='bbox 150 3362 310 3431; x_wconf 81' lang='grc' dir='ltr'>λέγων</span> <span class='ocrx_word' id='word_1_478' title='bbox 330 3401 346 3425; x_wconf 94' lang='grc'><strong>,</strong></span> <span class='ocrx_word' id='word_1_479' title='bbox 379 3360 681 3414; x_wconf 84' lang='grc' dir='ltr'>Ἀκούσατε</span> <span class='ocrx_word' id='word_1_480' title='bbox 710 3361 812 3429; x_wconf 79' lang='grc' dir='ltr'>τῆς</span> <span class='ocrx_word' id='word_1_481' title='bbox 850 3358 1033 3429; x_wconf 83' lang='grc' dir='ltr'>φωνῆς</span> <span class='ocrx_word' id='word_1_482' title='bbox 1065 3375 1185 3428; x_wconf 90' lang='grc' dir='ltr'>μου.</span> <span class='ocrx_word' id='word_1_483' title='bbox 1227 3376 1244 3409; x_wconf 73' lang='grc' dir='ltr'><strong>ι</strong></span> <span class='ocrx_word' id='word_1_484' title='bbox 1279 3357 1444 3410; x_wconf 87' lang='grc' dir='ltr'>Ὅσον</span> <span class='ocrx_word' id='word_1_485' title='bbox 1495 3355 1593 3427; x_wconf 80' lang='grc' dir='ltr'><strong>μὲν</strong></span> <span class='ocrx_word' id='word_1_486' title='bbox 1620 3355 1730 3424; x_wconf 84' lang='grc' dir='ltr'>γὰρ</span> 
     </span>
    </p>
   </div>
   <div class='ocr_carea' id='block_1_65' title="bbox 146 3446 1730 3525">
    <p class='ocr_par' dir='ltr' id='par_1_65' title="bbox 146 3446 1730 3525">
     <span class='ocr_line' id='line_1_65' title="bbox 146 3446 1730 3525; baseline -0.006 -19"><span class='ocrx_word' id='word_1_487' title='bbox 146 3450 274 3525; x_wconf 63' lang='grc' dir='ltr'><strong>⁴ἧκεν</strong></span> <span class='ocrx_word' id='word_1_488' title='bbox 312 3455 395 3518; x_wconf 67' lang='grc' dir='ltr'>εἷς</span> <span class='ocrx_word' id='word_1_489' title='bbox 430 3470 497 3522; x_wconf 88' lang='grc' dir='ltr'><strong>γε</strong></span> <span class='ocrx_word' id='word_1_490' title='bbox 525 3453 586 3506; x_wconf 85' lang='grc' dir='ltr'><strong>τὸ</strong></span> <span class='ocrx_word' id='word_1_491' title='bbox 631 3452 857 3523; x_wconf 73' lang='grc' dir='ltr'>ἀκριϐὲς</span> <span class='ocrx_word' id='word_1_492' title='bbox 883 3449 960 3520; x_wconf 85' lang='grc' dir='ltr'><strong>τῷ</strong></span> <span class='ocrx_word' id='word_1_493' title='bbox 988 3449 1253 3521; x_wconf 79' lang='grc' dir='ltr'>νομοθέτῃ</span> <span class='ocrx_word' id='word_1_494' title='bbox 1282 3447 1493 3511; x_wconf 82' lang='grc' dir='ltr'>δοκοῦν,</span> <span class='ocrx_word' id='word_1_495' title='bbox 1528 3446 1636 3500; x_wconf 71' lang='grc' dir='ltr'>οὐδ’</span> <span class='ocrx_word' id='word_1_496' title='bbox 1663 3446 1730 3498; x_wconf 81' lang='grc' dir='ltr'><strong>ἂν</strong></span> 
     </span>
    </p>
   </div>
   <div class='ocr_carea' id='block_1_66' title="bbox 148 3536 1730 3616">
    <p class='ocr_par' dir='ltr' id='par_1_66' title="bbox 148 3536 1730 3616">
     <span class='ocr_line' id='line_1_66' title="bbox 148 3536 1730 3616; baseline -0.008 -16"><span class='ocrx_word' id='word_1_497' title='bbox 148 3546 272 3610; x_wconf 76' lang='grc' dir='ltr'>ὅλως</span> <span class='ocrx_word' id='word_1_498' title='bbox 296 3548 353 3599; x_wconf 82' lang='grc' dir='ltr'>ὲν</span> <span class='ocrx_word' id='word_1_499' title='bbox 379 3546 582 3616; x_wconf 85' lang='grc' dir='ltr'>ἀρχαῖς</span> <span class='ocrx_word' id='word_1_500' title='bbox 621 3546 650 3596; x_wconf 84' lang='grc' dir='ltr'>ὁ</span> <span class='ocrx_word' id='word_1_501' title='bbox 676 3545 734 3597; x_wconf 79' lang='grc' dir='ltr'>ὲν</span> <span class='ocrx_word' id='word_1_502' title='bbox 764 3544 942 3606; x_wconf 73' lang='grc' dir='ltr'>σκιαῖς</span> <span class='ocrx_word' id='word_1_503' title='bbox 981 3540 1062 3593; x_wconf 78' lang='grc' dir='ltr'>ἐτι</span> <span class='ocrx_word' id='word_1_504' title='bbox 1098 3538 1609 3611; x_wconf 82' lang='grc' dir='ltr'>κατεχρησμωδήθη</span> <span class='ocrx_word' id='word_1_505' title='bbox 1642 3536 1730 3588; x_wconf 91' lang='grc' dir='ltr'>νό-</span> 
     </span>
    </p>
   </div>
   <div class='ocr_carea' id='block_1_67' title="bbox 154 3625 1731 3707">
    <p class='ocr_par' dir='ltr' id='par_1_67' title="bbox 154 3625 1731 3707">
     <span class='ocr_line' id='line_1_67' title="bbox 154 3625 1731 3707; baseline -0.009 -17"><span class='ocrx_word' id='word_1_506' title='bbox 154 3652 263 3706; x_wconf 85' lang='grc' dir='ltr'>μος,</span> <span class='ocrx_word' id='word_1_507' title='bbox 284 3636 385 3707; x_wconf 80' lang='grc' dir='ltr'>τῆς</span> <span class='ocrx_word' id='word_1_508' title='bbox 412 3637 474 3689; x_wconf 82' lang='grc' dir='ltr'>ὲν</span> <span class='ocrx_word' id='word_1_509' title='bbox 504 3634 776 3704; x_wconf 87' lang='grc' dir='ltr'>πνεύματι</span> <span class='ocrx_word' id='word_1_510' title='bbox 801 3632 1056 3703; x_wconf 84' lang='grc' dir='ltr'>λατρείας</span> <span class='ocrx_word' id='word_1_511' title='bbox 1085 3630 1471 3699; x_wconf 88' lang='grc' dir='ltr'>σεσιγημένης.</span> <span class='ocrx_word' id='word_1_512' title='bbox 1511 3625 1731 3696; x_wconf 82' lang='grc' dir='ltr'>Ἐπειδὴ</span> 
     </span>
    </p>
   </div>
   <div class='ocr_carea' id='block_1_68' title="bbox 152 3714 1732 3800">
    <p class='ocr_par' dir='ltr' id='par_1_68' title="bbox 152 3714 1732 3800">
     <span class='ocr_line' id='line_1_68' title="bbox 152 3714 1732 3800; baseline -0.009 -19"><span class='ocrx_word' id='word_1_513' title='bbox 152 3729 203 3781; x_wconf 82' lang='grc' dir='ltr'>δὲ</span> <span class='ocrx_word' id='word_1_514' title='bbox 223 3725 291 3800; x_wconf 79' lang='grc' dir='ltr'>ἦν</span> <span class='ocrx_word' id='word_1_515' title='bbox 318 3728 382 3780; x_wconf 69' lang='grc' dir='ltr'>τὸ</span> <span class='ocrx_word' id='word_1_516' title='bbox 425 3727 620 3799; x_wconf 81' lang='grc' dir='ltr'>χρῆμα</span> <span class='ocrx_word' id='word_1_517' title='bbox 663 3725 920 3797; x_wconf 83' lang='grc' dir='ltr'>φορτικὸν</span> <span class='ocrx_word' id='word_1_518' title='bbox 938 3764 953 3789; x_wconf 89' lang='grc'><strong>,</strong></span> <span class='ocrx_word' id='word_1_519' title='bbox 986 3723 1081 3776; x_wconf 76' lang='grc' dir='ltr'>καὶ</span> <span class='ocrx_word' id='word_1_520' title='bbox 1108 3722 1169 3777; x_wconf 74' lang='grc' dir='ltr'><strong>τὸ</strong></span> <span class='ocrx_word' id='word_1_521' title='bbox 1195 3718 1454 3773; x_wconf 83' lang='grc' dir='ltr'>δύνασθαι</span> <span class='ocrx_word' id='word_1_522' title='bbox 1489 3714 1732 3788; x_wconf 82' lang='grc' dir='ltr'>πληροῦν</span> 
     </span>
    </p>
   </div>
   <div class='ocr_carea' id='block_1_69' title="bbox 154 3810 1732 3888">
    <p class='ocr_par' dir='ltr' id='par_1_69' title="bbox 154 3810 1732 3888">
     <span class='ocr_line' id='line_1_69' title="bbox 154 3810 1732 3888; baseline -0.007 -15"><span class='ocrx_word' id='word_1_523' title='bbox 154 3821 210 3873; x_wconf 75' lang='grc' dir='ltr'>τὸ</span> <span class='ocrx_word' id='word_1_524' title='bbox 243 3820 473 3883; x_wconf 84' lang='grc' dir='ltr'>τελείως</span> <span class='ocrx_word' id='word_1_525' title='bbox 514 3819 752 3888; x_wconf 76' lang='grc' dir='ltr'>ἀγαθὸν,</span> <span class='ocrx_word' id='word_1_526' title='bbox 807 3820 919 3881; x_wconf 80' lang='grc' dir='ltr'>τοῖς</span> <span class='ocrx_word' id='word_1_527' title='bbox 948 3816 1009 3870; x_wconf 79' lang='grc' dir='ltr'><strong>τὸ</strong></span> <span class='ocrx_word' id='word_1_528' title='bbox 1054 3814 1310 3886; x_wconf 85' lang='grc' dir='ltr'>τηνικάδε</span> <span class='ocrx_word' id='word_1_529' title='bbox 1360 3813 1589 3882; x_wconf 86' lang='grc' dir='ltr'>βάσιμον</span> <span class='ocrx_word' id='word_1_530' title='bbox 1632 3810 1732 3881; x_wconf 83' lang='grc' dir='ltr'>μὲν</span> 
     </span>
    </p>
   </div>
   <div class='ocr_carea' id='block_1_70' title="bbox 152 3904 1732 3983">
    <p class='ocr_par' dir='ltr' id='par_1_70' title="bbox 152 3904 1732 3983">
     <span class='ocr_line' id='line_1_70' title="bbox 152 3904 1732 3983; baseline -0.008 -18"><span class='ocrx_word' id='word_1_531' title='bbox 152 3913 282 3983; x_wconf 68' lang='grc' dir='ltr'>οὐχὶ,</span> <span class='ocrx_word' id='word_1_532' title='bbox 315 3913 491 3983; x_wconf 80' lang='grc' dir='ltr'>φαίην</span> <span class='ocrx_word' id='word_1_533' title='bbox 528 3911 573 3963; x_wconf 87' lang='grc' dir='ltr'>δ’</span> <span class='ocrx_word' id='word_1_534' title='bbox 603 3910 669 3964; x_wconf 90' lang='grc' dir='ltr'>ἂν</span> <span class='ocrx_word' id='word_1_535' title='bbox 700 3910 782 3963; x_wconf 85' lang='grc' dir='ltr'>ὅτι</span> <span class='ocrx_word' id='word_1_536' title='bbox 822 3908 1056 3979; x_wconf 82' lang='grc' dir='ltr'>σκληρὸν</span> <span class='ocrx_word' id='word_1_537' title='bbox 1082 3907 1177 3960; x_wconf 63' lang='grc' dir='ltr'><strong>κα)¹</strong></span> <span class='ocrx_word' id='word_1_538' title='bbox 1215 3905 1315 3958; x_wconf 81' lang='grc' dir='ltr'><strong>οὐκ</strong></span> <span class='ocrx_word' id='word_1_539' title='bbox 1348 3904 1592 3975; x_wconf 80' lang='grc' dir='ltr'>ἀτραχυ,</span> <span class='ocrx_word' id='word_1_540' title='bbox 1634 3918 1732 3972; x_wconf 91' lang='grc' dir='ltr'>νη-</span> 
     </span>
    </p>
   </div>
   <div class='ocr_carea' id='block_1_71' title="bbox 155 3984 1735 4078">
    <p class='ocr_par' dir='ltr' id='par_1_71' title="bbox 155 3984 1735 4078">
     <span class='ocr_line' id='line_1_71' title="bbox 155 3984 1735 4078; baseline -0.005 -20"><span class='ocrx_word' id='word_1_541' title='bbox 155 4005 461 4078; x_wconf 80' lang='grc' dir='ltr'>πιοπρεπὴς</span> <span class='ocrx_word' id='word_1_542' title='bbox 514 3999 604 4059; x_wconf 76' lang='grc' dir='ltr'>οἷά</span> <span class='ocrx_word' id='word_1_543' title='bbox 649 4022 735 4068; x_wconf 87' lang='grc' dir='ltr'><strong>τις</strong></span> <span class='ocrx_word' id='word_1_544' title='bbox 801 3984 1122 4076; x_wconf 80' lang='grc' dir='ltr'>μελέτησις,</span> <span class='ocrx_word' id='word_1_545' title='bbox 1165 4000 1264 4071; x_wconf 80' lang='grc' dir='ltr'>τὴν</span> <span class='ocrx_word' id='word_1_546' title='bbox 1312 3998 1414 4068; x_wconf 84' lang='grc' dir='ltr'><strong>τῆς</strong></span> <span class='ocrx_word' id='word_1_547' title='bbox 1478 3996 1735 4068; x_wconf 86' lang='grc' dir='ltr'>ἀληθείας</span> 
     </span>
    </p>
   </div>
   <div class='ocr_carea' id='block_1_72' title="bbox 153 4087 1735 4169">
    <p class='ocr_par' dir='ltr' id='par_1_72' title="bbox 153 4087 1735 4169">
     <span class='ocr_line' id='line_1_72' title="bbox 153 4087 1735 4169; baseline 0.008 -20"><span class='ocrx_word' id='word_1_548' title='bbox 153 4103 339 4167; x_wconf 76' lang='grc' dir='ltr'>ἔχουσα</span> <span class='ocrx_word' id='word_1_549' title='bbox 377 4098 684 4169; x_wconf 79' lang='grc' dir='ltr'>μόρφωσιν,</span> <span class='ocrx_word' id='word_1_550' title='bbox 710 4096 738 4148; x_wconf 89' lang='grc' dir='ltr'><strong>ὁ</strong></span> <span class='ocrx_word' id='word_1_551' title='bbox 764 4096 821 4148; x_wconf 81' lang='grc' dir='ltr'><strong>ὲν</strong></span> <span class='ocrx_word' id='word_1_552' title='bbox 853 4095 1141 4165; x_wconf 85' lang='grc' dir='ltr'>γράμμασι</span> <span class='ocrx_word' id='word_1_553' title='bbox 1169 4091 1353 4161; x_wconf 68' lang='grc' dir='ltr'>νόμος,</span> <span class='ocrx_word' id='word_1_554' title='bbox 1376 4087 1735 4159; x_wconf 70' lang='grc' dir='ltr'><strong>Οἰκονομικῶἶ</strong></span> 
     </span>
    </p>
   </div>
   <div class='ocr_carea' id='block_1_73' title="bbox 153 4182 1735 4260">
    <p class='ocr_par' dir='ltr' id='par_1_73' title="bbox 153 4182 1735 4260">
     <span class='ocr_line' id='line_1_73' title="bbox 153 4182 1735 4260; baseline -0.004 -21"><span class='ocrx_word' id='word_1_555' title='bbox 153 4189 492 4254; x_wconf 74' lang='grc' dir='ltr'>ἑθεσπίζετο.</span> <span class='ocrx_word' id='word_1_556' title='bbox 542 4189 690 4260; x_wconf 80' lang='grc' dir='ltr'>Πλὴν</span> <span class='ocrx_word' id='word_1_557' title='bbox 728 4188 915 4257; x_wconf 78' lang='grc' dir='ltr'>ἐδήλου</span> <span class='ocrx_word' id='word_1_558' title='bbox 963 4184 1150 4256; x_wconf 83' lang='grc' dir='ltr'>σαφῶς</span> <span class='ocrx_word' id='word_1_559' title='bbox 1181 4186 1209 4238; x_wconf 88' lang='grc' dir='ltr'>ὁ</span> <span class='ocrx_word' id='word_1_560' title='bbox 1235 4183 1343 4237; x_wconf 83' lang='grc' dir='ltr'><strong>τῶν</strong></span> <span class='ocrx_word' id='word_1_561' title='bbox 1385 4182 1566 4253; x_wconf 90' lang='grc' dir='ltr'>νόμων</span> <span class='ocrx_word' id='word_1_562' title='bbox 1605 4182 1735 4251; x_wconf 79' lang='grc' dir='ltr'>ἡμῖν</span> 
     </span>
    </p>
   </div>
   <div class='ocr_carea' id='block_1_74' title="bbox 154 4272 1734 4352">
    <p class='ocr_par' dir='ltr' id='par_1_74' title="bbox 154 4272 1734 4352">
     <span class='ocr_line' id='line_1_74' title="bbox 154 4272 1734 4352; baseline -0.005 -21"><span class='ocrx_word' id='word_1_563' title='bbox 154 4282 364 4352; x_wconf 77' lang='grc' dir='ltr'>ὀριστὴς</span> <span class='ocrx_word' id='word_1_564' title='bbox 386 4322 403 4345; x_wconf 91' lang='grc'><strong>,</strong></span> <span class='ocrx_word' id='word_1_565' title='bbox 446 4281 532 4334; x_wconf 81' lang='grc' dir='ltr'><strong>ὅτι</strong></span> <span class='ocrx_word' id='word_1_566' title='bbox 579 4279 655 4350; x_wconf 83' lang='grc' dir='ltr'>μὴ</span> <span class='ocrx_word' id='word_1_567' title='bbox 696 4280 878 4332; x_wconf 76' lang='grc' dir='ltr'>ἐκεῖνα</span> <span class='ocrx_word' id='word_1_568' title='bbox 913 4277 1110 4349; x_wconf 81' lang='grc' dir='ltr'>μᾶλλον</span> <span class='ocrx_word' id='word_1_569' title='bbox 1144 4274 1293 4345; x_wconf 80' lang='grc' dir='ltr'><strong>αὒτῷ</strong></span> <span class='ocrx_word' id='word_1_570' title='bbox 1325 4272 1734 4344; x_wconf 84' lang='grc' dir='ltr'>θυμηρέστατα,</span> 
     </span>
    </p>
   </div>
   <div class='ocr_carea' id='block_1_75' title="bbox 153 4363 1734 4444">
    <p class='ocr_par' dir='ltr' id='par_1_75' title="bbox 153 4363 1734 4444">
     <span class='ocr_line' id='line_1_75' title="bbox 153 4363 1734 4444; baseline -0.004 -21"><span class='ocrx_word' id='word_1_571' title='bbox 153 4374 456 4444; x_wconf 77' lang='grc' dir='ltr'>τριπόθητα</span> <span class='ocrx_word' id='word_1_572' title='bbox 486 4372 545 4425; x_wconf 83' lang='grc' dir='ltr'>δὲ</span> <span class='ocrx_word' id='word_1_573' title='bbox 576 4372 645 4425; x_wconf 85' lang='grc' dir='ltr'><strong>τά</strong></span> <span class='ocrx_word' id='word_1_574' title='bbox 676 4371 765 4425; x_wconf 82' lang='grc' dir='ltr'>διὰ</span> <span class='ocrx_word' id='word_1_575' title='bbox 802 4368 1061 4442; x_wconf 87' lang='grc' dir='ltr'>Χριστοῦ.</span> <span class='ocrx_word' id='word_1_576' title='bbox 1091 4368 1202 4421; x_wconf 75' lang='grc' dir='ltr'><strong>Καὶ</strong></span> <span class='ocrx_word' id='word_1_577' title='bbox 1251 4365 1379 4435; x_wconf 87' lang='grc' dir='ltr'>γοῦν</span> <span class='ocrx_word' id='word_1_578' title='bbox 1411 4365 1516 4435; x_wconf 73' lang='grc' dir='ltr'>ἔφη</span> <span class='ocrx_word' id='word_1_579' title='bbox 1552 4363 1734 4419; x_wconf 80' lang='grc' dir='ltr'>πάλιν·</span> 
     </span>
    </p>
   </div>
   <div class='ocr_carea' id='block_1_76' title="bbox 158 4457 1738 4535">
    <p class='ocr_par' dir='ltr' id='par_1_76' title="bbox 158 4457 1738 4535">
     <span class='ocr_line' id='line_1_76' title="bbox 158 4457 1738 4535; baseline -0.004 -19"><span class='ocrx_word' id='word_1_580' title='bbox 158 4485 175 4516; x_wconf 78' lang='grc' dir='ltr'><strong>ι</strong></span> <span class='ocrx_word' id='word_1_581' title='bbox 214 4466 313 4519; x_wconf 83' lang='grc' dir='ltr'>Διά</span> <span class='ocrx_word' id='word_1_582' title='bbox 354 4467 522 4520; x_wconf 86' lang='grc' dir='ltr'>τοῦτο</span> <span class='ocrx_word' id='word_1_583' title='bbox 561 4464 865 4535; x_wconf 82' lang='grc' dir='ltr'>ἀπεθέρισα</span> <span class='ocrx_word' id='word_1_584' title='bbox 906 4464 1032 4526; x_wconf 79' lang='grc' dir='ltr'>τοὺς</span> <span class='ocrx_word' id='word_1_585' title='bbox 1073 4461 1358 4531; x_wconf 83' lang='grc' dir='ltr'>προφήτας</span> <span class='ocrx_word' id='word_1_586' title='bbox 1392 4457 1576 4529; x_wconf 85' lang='grc' dir='ltr'>ὑμῶν,</span> <span class='ocrx_word' id='word_1_587' title='bbox 1631 4457 1738 4511; x_wconf 88' lang='grc' dir='ltr'>ἀπ-</span> 
     </span>
    </p>
   </div>
   <div class='ocr_carea' id='block_1_77' title="bbox 157 4549 1739 4629">
    <p class='ocr_par' dir='ltr' id='par_1_77' title="bbox 157 4549 1739 4629">
     <span class='ocr_line' id='line_1_77' title="bbox 157 4549 1739 4629; baseline -0.004 -20"><span class='ocrx_word' id='word_1_588' title='bbox 157 4558 364 4611; x_wconf 82' lang='grc' dir='ltr'>έκτεινα</span> <span class='ocrx_word' id='word_1_589' title='bbox 385 4559 592 4622; x_wconf 73' lang='grc' dir='ltr'>αὐτοὺς</span> <span class='ocrx_word' id='word_1_590' title='bbox 616 4559 672 4610; x_wconf 84' lang='grc' dir='ltr'><strong>έν</strong></span> <span class='ocrx_word' id='word_1_591' title='bbox 696 4557 902 4629; x_wconf 79' lang='grc' dir='ltr'>ῥήμασι</span> <span class='ocrx_word' id='word_1_592' title='bbox 930 4554 1197 4625; x_wconf 86' lang='grc' dir='ltr'>στόματός</span> <span class='ocrx_word' id='word_1_593' title='bbox 1218 4570 1341 4622; x_wconf 92' lang='grc' dir='ltr'>μου,</span> <span class='ocrx_word' id='word_1_594' title='bbox 1369 4551 1464 4604; x_wconf 61' lang='grc' dir='ltr'><strong>καὶ⁵</strong></span> <span class='ocrx_word' id='word_1_595' title='bbox 1483 4549 1545 4604; x_wconf 83' lang='grc' dir='ltr'><strong>τὸ</strong></span> <span class='ocrx_word' id='word_1_596' title='bbox 1566 4550 1739 4621; x_wconf 76' lang='grc' dir='ltr'>κρίμα</span> 
     </span>
    </p>
   </div>
   <div class='ocr_carea' id='block_1_78' title="bbox 158 4640 1736 4720">
    <p class='ocr_par' dir='ltr' id='par_1_78' title="bbox 158 4640 1736 4720">
     <span class='ocr_line' id='line_1_78' title="bbox 158 4640 1736 4720; baseline -0.006 -17"><span class='ocrx_word' id='word_1_597' title='bbox 158 4668 248 4720; x_wconf 81' lang='grc' dir='ltr'><strong>μου</strong></span> <span class='ocrx_word' id='word_1_598' title='bbox 287 4651 366 4714; x_wconf 84' lang='grc' dir='ltr'>ὡς</span> <span class='ocrx_word' id='word_1_599' title='bbox 412 4648 536 4720; x_wconf 85' lang='grc' dir='ltr'>φῶς</span> <span class='ocrx_word' id='word_1_600' title='bbox 572 4648 939 4714; x_wconf 75' lang='grc' dir='ltr'>ἐξελεύσεται·</span> <span class='ocrx_word' id='word_1_601' title='bbox 986 4646 1122 4699; x_wconf 87' lang='grc' dir='ltr'>διότι</span> <span class='ocrx_word' id='word_1_602' title='bbox 1154 4644 1300 4707; x_wconf 77' lang='grc' dir='ltr'>ἕλεος</span> <span class='ocrx_word' id='word_1_603' title='bbox 1345 4642 1515 4705; x_wconf 90' lang='grc' dir='ltr'>θέλω,</span> <span class='ocrx_word' id='word_1_604' title='bbox 1550 4641 1644 4695; x_wconf 75' lang='grc' dir='ltr'><strong>καὶ</strong></span> <span class='ocrx_word' id='word_1_605' title='bbox 1675 4640 1736 4692; x_wconf 79' lang='grc' dir='ltr'><strong>οὐ</strong></span> 
     </span>
    </p>
   </div>
   <div class='ocr_carea' id='block_1_79' title="bbox 156 4730 1732 4805">
    <p class='ocr_par' dir='ltr' id='par_1_79' title="bbox 156 4730 1732 4805">
     <span class='ocr_line' id='line_1_79' title="bbox 156 4730 1732 4805; baseline -0.006 -14"><span class='ocrx_word' id='word_1_606' title='bbox 156 4739 371 4805; x_wconf 74' lang='grc' dir='ltr'>θυσίαν,</span> <span class='ocrx_word' id='word_1_607' title='bbox 403 4739 506 4792; x_wconf 73' lang='grc' dir='ltr'>καὶ</span> <span class='ocrx_word' id='word_1_608' title='bbox 558 4738 853 4805; x_wconf 78' lang='grc' dir='ltr'>ἐπίγνωσιν</span> <span class='ocrx_word' id='word_1_609' title='bbox 899 4734 1069 4799; x_wconf 85' lang='grc' dir='ltr'>Θεοῦ,</span> <span class='ocrx_word' id='word_1_610' title='bbox 1119 4734 1153 4804; x_wconf 88' lang='grc' dir='ltr'>ἦ</span> <span class='ocrx_word' id='word_1_611' title='bbox 1203 4730 1652 4802; x_wconf 85' lang='grc' dir='ltr'>ὁλοκαυτώματα.</span> <span class='ocrx_word' id='word_1_612' title='bbox 1712 4748 1732 4781; x_wconf 73' lang='grc' dir='ltr'><strong>ι</strong></span> 
     </span>
    </p>
   </div>
   <div class='ocr_carea' id='block_1_80' title="bbox 154 4824 1735 4901">
    <p class='ocr_par' dir='ltr' id='par_1_80' title="bbox 154 4824 1735 4901">
     <span class='ocr_line' id='line_1_80' title="bbox 154 4824 1735 4901; baseline -0.005 -17"><span class='ocrx_word' id='word_1_613' title='bbox 154 4831 287 4885; x_wconf 80' lang='grc' dir='ltr'>Πολὺ</span> <span class='ocrx_word' id='word_1_614' title='bbox 321 4831 438 4901; x_wconf 81' lang='grc' dir='ltr'>γὰρ</span> <span class='ocrx_word' id='word_1_615' title='bbox 467 4829 692 4900; x_wconf 77' lang='grc' dir='ltr'>ἄμεινον</span> <span class='ocrx_word' id='word_1_616' title='bbox 723 4829 874 4900; x_wconf 76' lang='grc' dir='ltr'>παρὰ</span> <span class='ocrx_word' id='word_1_617' title='bbox 901 4826 1020 4898; x_wconf 80' lang='grc' dir='ltr'>Θεῷ</span> <span class='ocrx_word' id='word_1_618' title='bbox 1051 4827 1147 4881; x_wconf 75' lang='grc' dir='ltr'>καὶ</span> <span class='ocrx_word' id='word_1_619' title='bbox 1188 4827 1389 4896; x_wconf 86' lang='grc' dir='ltr'>μόσχου</span> <span class='ocrx_word' id='word_1_620' title='bbox 1424 4824 1735 4887; x_wconf 88' lang='grc' dir='ltr'>πίπτοντος,</span> 
     </span>
    </p>
   </div>
   <div class='ocr_carea' id='block_1_81' title="bbox 155 4915 1738 4993">
    <p class='ocr_par' dir='ltr' id='par_1_81' title="bbox 155 4915 1738 4993">
     <span class='ocr_line' id='line_1_81' title="bbox 155 4915 1738 4993; baseline -0.003 -20"><span class='ocrx_word' id='word_1_621' title='bbox 155 4924 242 4974; x_wconf 81' lang='grc' dir='ltr'><strong>καὶ</strong></span> <span class='ocrx_word' id='word_1_622' title='bbox 268 4923 555 4993; x_wconf 74' lang='grc' dir='ltr'>προϐάτου</span> <span class='ocrx_word' id='word_1_623' title='bbox 585 4921 824 4991; x_wconf 81' lang='grc' dir='ltr'>σφαγῆς,</span> <span class='ocrx_word' id='word_1_624' title='bbox 853 4922 887 4991; x_wconf 83' lang='grc' dir='ltr'><strong>ή</strong></span> <span class='ocrx_word' id='word_1_625' title='bbox 926 4920 1006 4983; x_wconf 87' lang='grc' dir='ltr'><strong>είς</strong></span> <span class='ocrx_word' id='word_1_626' title='bbox 1039 4918 1300 4987; x_wconf 76' lang='grc' dir='ltr'>ἀδελφοὺς</span> <span class='ocrx_word' id='word_1_627' title='bbox 1329 4917 1538 4986; x_wconf 82' lang='grc' dir='ltr'>ἀγάπη,</span> <span class='ocrx_word' id='word_1_628' title='bbox 1571 4916 1649 4979; x_wconf 81' lang='grc' dir='ltr'><strong>είς</strong></span> <span class='ocrx_word' id='word_1_629' title='bbox 1677 4915 1738 4969; x_wconf 85' lang='grc' dir='ltr'><strong>τὸ</strong></span> 
     </span>
    </p>
   </div>
   <div class='ocr_carea' id='block_1_82' title="bbox 152 5005 1738 5086">
    <p class='ocr_par' dir='ltr' id='par_1_82' title="bbox 152 5005 1738 5086">
     <span class='ocr_line' id='line_1_82' title="bbox 152 5005 1738 5086; baseline -0.004 -20"><span class='ocrx_word' id='word_1_630' title='bbox 152 5016 240 5068; x_wconf 76' lang='grc' dir='ltr'><strong>τοῦ</strong></span> <span class='ocrx_word' id='word_1_631' title='bbox 271 5017 447 5086; x_wconf 82' lang='grc' dir='ltr'>νόμου</span> <span class='ocrx_word' id='word_1_632' title='bbox 491 5014 787 5085; x_wconf 86' lang='grc' dir='ltr'>πλήρωμα,</span> <span class='ocrx_word' id='word_1_633' title='bbox 820 5013 917 5065; x_wconf 74' lang='grc' dir='ltr'>καὶ</span> <span class='ocrx_word' id='word_1_634' title='bbox 953 5010 1015 5064; x_wconf 82' lang='grc' dir='ltr'>τὸ</span> <span class='ocrx_word' id='word_1_635' title='bbox 1061 5010 1323 5080; x_wconf 83' lang='grc' dir='ltr'>ὑπερέχον</span> <span class='ocrx_word' id='word_1_636' title='bbox 1352 5009 1451 5079; x_wconf 83' lang='grc' dir='ltr'>τῆς</span> <span class='ocrx_word' id='word_1_637' title='bbox 1485 5005 1738 5076; x_wconf 82' lang='grc' dir='ltr'>γνώσεως</span> 
     </span>
    </p>
   </div>
   <div class='ocr_carea' id='block_1_83' title="bbox 154 5097 1740 5174">
    <p class='ocr_par' dir='ltr' id='par_1_83' title="bbox 154 5097 1740 5174">
     <span class='ocr_line' id='line_1_83' title="bbox 154 5097 1740 5174; baseline -0.003 -20"><span class='ocrx_word' id='word_1_638' title='bbox 154 5102 386 5174; x_wconf 84' lang='grc' dir='ltr'>Χριστοῦ</span> <span class='ocrx_word' id='word_1_639' title='bbox 411 5143 427 5167; x_wconf 96' lang='grc'><strong>,</strong></span> <span class='ocrx_word' id='word_1_640' title='bbox 469 5102 536 5157; x_wconf 88' lang='grc' dir='ltr'>δι’</span> <span class='ocrx_word' id='word_1_641' title='bbox 563 5097 734 5172; x_wconf 73' lang='grc' dir='ltr'>οὗπερ</span> <span class='ocrx_word' id='word_1_642' title='bbox 774 5101 841 5155; x_wconf 86' lang='grc' dir='ltr'>ἂν</span> <span class='ocrx_word' id='word_1_643' title='bbox 869 5100 1080 5168; x_wconf 89' lang='grc' dir='ltr'>γένοιτο</span> <span class='ocrx_word' id='word_1_644' title='bbox 1108 5100 1201 5153; x_wconf 77' lang='grc' dir='ltr'>καὶ</span> <span class='ocrx_word' id='word_1_645' title='bbox 1233 5098 1394 5161; x_wconf 77' lang='grc' dir='ltr'>αὐτὸς</span> <span class='ocrx_word' id='word_1_646' title='bbox 1426 5100 1560 5168; x_wconf 84' lang='grc' dir='ltr'>ἡμῖν</span> <span class='ocrx_word' id='word_1_647' title='bbox 1600 5113 1740 5164; x_wconf 86' lang='grc' dir='ltr'>γνω-</span> 
     </span>
    </p>
   </div>
   <div class='ocr_carea' id='block_1_84' title="bbox 155 5187 1742 5266">
    <p class='ocr_par' dir='ltr' id='par_1_84' title="bbox 155 5187 1742 5266">
     <span class='ocr_line' id='line_1_84' title="bbox 155 5187 1742 5266; baseline -0.004 -19"><span class='ocrx_word' id='word_1_648' title='bbox 155 5196 271 5259; x_wconf 73' lang='grc' dir='ltr'>στὸς</span> <span class='ocrx_word' id='word_1_649' title='bbox 299 5198 328 5248; x_wconf 86' lang='grc' dir='ltr'><strong>ό</strong></span> <span class='ocrx_word' id='word_1_650' title='bbox 362 5194 584 5266; x_wconf 86' lang='grc' dir='ltr'>Πατήρ.</span> <span class='ocrx_word' id='word_1_651' title='bbox 619 5192 888 5264; x_wconf 80' lang='grc' dir='ltr'>Πρόξενον</span> <span class='ocrx_word' id='word_1_652' title='bbox 916 5191 971 5245; x_wconf 81' lang='grc' dir='ltr'>δὲ</span> <span class='ocrx_word' id='word_1_653' title='bbox 1000 5191 1082 5244; x_wconf 81' lang='grc' dir='ltr'><strong>ὅτι</strong></span> <span class='ocrx_word' id='word_1_654' title='bbox 1113 5192 1213 5261; x_wconf 79' lang='grc' dir='ltr'>τῆς</span> <span class='ocrx_word' id='word_1_655' title='bbox 1260 5189 1481 5244; x_wconf 90' lang='grc' dir='ltr'>αίωνίου</span> <span class='ocrx_word' id='word_1_656' title='bbox 1509 5187 1652 5258; x_wconf 83' lang='grc' dir='ltr'>ζωῆς</span> <span class='ocrx_word' id='word_1_657' title='bbox 1679 5187 1742 5241; x_wconf 83' lang='grc' dir='ltr'><strong>τὸ</strong></span> 
     </span>
    </p>
   </div>
   <div class='ocr_carea' id='block_1_85' title="bbox 154 5277 1743 5357">
    <p class='ocr_par' dir='ltr' id='par_1_85' title="bbox 154 5277 1743 5357">
     <span class='ocr_line' id='line_1_85' title="bbox 154 5277 1743 5357; baseline -0.008 -15"><span class='ocrx_word' id='word_1_658' title='bbox 154 5285 337 5357; x_wconf 78' lang='grc' dir='ltr'>χρῆμά</span> <span class='ocrx_word' id='word_1_659' title='bbox 365 5288 545 5348; x_wconf 74' lang='grc' dir='ltr'>ἐστιν,</span> <span class='ocrx_word' id='word_1_660' title='bbox 573 5284 675 5337; x_wconf 81' lang='grc' dir='ltr'><strong>οὐκ</strong></span> <span class='ocrx_word' id='word_1_661' title='bbox 706 5283 961 5354; x_wconf 75' lang='grc' dir='ltr'>ὲνδοιάσῃ</span> <span class='ocrx_word' id='word_1_662' title='bbox 996 5299 1082 5345; x_wconf 90' lang='grc' dir='ltr'><strong>τις</strong></span> <span class='ocrx_word' id='word_1_663' title='bbox 1112 5281 1198 5347; x_wconf 83' lang='grc' dir='ltr'><strong>ἂν,</strong></span> <span class='ocrx_word' id='word_1_664' title='bbox 1231 5277 1469 5350; x_wconf 86' lang='grc' dir='ltr'>Χριστοῦ</span> <span class='ocrx_word' id='word_1_665' title='bbox 1493 5278 1743 5348; x_wconf 88' lang='grc' dir='ltr'>λέγοντος</span> 
     </span>
    </p>
   </div>
   <div class='ocr_carea' id='block_1_86' title="bbox 154 5368 1740 5448">
    <p class='ocr_par' dir='ltr' id='par_1_86' title="bbox 154 5368 1740 5448">
     <span class='ocr_line' id='line_1_86' title="bbox 154 5368 1740 5448; baseline -0.001 -21"><span class='ocrx_word' id='word_1_666' title='bbox 154 5377 282 5448; x_wconf 76' lang='grc' dir='ltr'>πρὸς</span> <span class='ocrx_word' id='word_1_667' title='bbox 306 5378 403 5433; x_wconf 82' lang='grc' dir='ltr'><strong>τὸν</strong></span> <span class='ocrx_word' id='word_1_668' title='bbox 440 5379 504 5431; x_wconf 78' lang='grc' dir='ltr'>ὲν</span> <span class='ocrx_word' id='word_1_669' title='bbox 532 5378 648 5440; x_wconf 82' lang='grc' dir='ltr'>τοῖς</span> <span class='ocrx_word' id='word_1_670' title='bbox 672 5376 921 5448; x_wconf 84' lang='grc' dir='ltr'>οὐρανοῖς</span> <span class='ocrx_word' id='word_1_671' title='bbox 961 5374 1202 5446; x_wconf 81' lang='grc' dir='ltr'>Πατέρα·</span> <span class='ocrx_word' id='word_1_672' title='bbox 1228 5368 1406 5445; x_wconf 73' lang='grc' dir='ltr'>«Αὕτη</span> <span class='ocrx_word' id='word_1_673' title='bbox 1428 5371 1484 5425; x_wconf 81' lang='grc' dir='ltr'><strong>δέ</strong></span> <span class='ocrx_word' id='word_1_674' title='bbox 1526 5373 1674 5426; x_wconf 75' lang='grc' dir='ltr'>ἔστιν</span> <span class='ocrx_word' id='word_1_675' title='bbox 1707 5372 1740 5443; x_wconf 87' lang='grc' dir='ltr'><strong>ή</strong></span> 
     </span>
    </p>
   </div>
   <div class='ocr_carea' id='block_1_87' title="bbox 153 5460 1740 5540">
    <p class='ocr_par' dir='ltr' id='par_1_87' title="bbox 153 5460 1740 5540">
     <span class='ocr_line' id='line_1_87' title="bbox 153 5460 1740 5540; baseline -0.003 -18"><span class='ocrx_word' id='word_1_676' title='bbox 153 5460 365 5534; x_wconf 75' lang='grc' dir='ltr'>αἰώνιος</span> <span class='ocrx_word' id='word_1_677' title='bbox 398 5468 523 5540; x_wconf 78' lang='grc' dir='ltr'>ζωὴ</span> <span class='ocrx_word' id='word_1_678' title='bbox 545 5508 560 5534; x_wconf 95' lang='grc'><strong>,</strong></span> <span class='ocrx_word' id='word_1_679' title='bbox 597 5468 688 5521; x_wconf 86' lang='grc' dir='ltr'><strong>ἴνα</strong></span> <span class='ocrx_word' id='word_1_680' title='bbox 719 5466 1029 5537; x_wconf 82' lang='grc' dir='ltr'>γινώσκωσι</span> <span class='ocrx_word' id='word_1_681' title='bbox 1060 5483 1121 5519; x_wconf 87' lang='grc' dir='ltr'><strong>σε</strong></span> <span class='ocrx_word' id='word_1_682' title='bbox 1159 5465 1251 5519; x_wconf 76' lang='grc' dir='ltr'>τὸν</span> <span class='ocrx_word' id='word_1_683' title='bbox 1286 5464 1445 5535; x_wconf 90' lang='grc' dir='ltr'>μόνον</span> <span class='ocrx_word' id='word_1_684' title='bbox 1487 5463 1740 5535; x_wconf 85' lang='grc' dir='ltr'>ἀληθινὸν</span> 
     </span>
    </p>
   </div>
   <div class='ocr_carea' id='block_1_88' title="bbox 153 5555 1736 5631">
    <p class='ocr_par' dir='ltr' id='par_1_88' title="bbox 153 5555 1736 5631">
     <span class='ocr_line' id='line_1_88' title="bbox 153 5555 1736 5631; baseline -0.004 -15"><span class='ocrx_word' id='word_1_685' title='bbox 153 5562 296 5631; x_wconf 68' lang='grc' dir='ltr'>θεὸν,</span> <span class='ocrx_word' id='word_1_686' title='bbox 325 5564 429 5618; x_wconf 79' lang='grc' dir='ltr'><strong>καὶ</strong></span> <span class='ocrx_word' id='word_1_687' title='bbox 463 5562 527 5615; x_wconf 77' lang='grc' dir='ltr'>ὃν</span> <span class='ocrx_word' id='word_1_688' title='bbox 563 5560 894 5624; x_wconf 82' lang='grc' dir='ltr'>ἀπέστειλας</span> <span class='ocrx_word' id='word_1_689' title='bbox 927 5558 1134 5629; x_wconf 85' lang='grc' dir='ltr'>Ἰησοῦν</span> <span class='ocrx_word' id='word_1_690' title='bbox 1173 5555 1430 5627; x_wconf 75' lang='grc' dir='ltr'>Χριστόν.</span> <span class='ocrx_word' id='word_1_691' title='bbox 1468 5575 1489 5610; x_wconf 71' lang='grc' dir='ltr'><strong>ι</strong></span> <span class='ocrx_word' id='word_1_692' title='bbox 1541 5555 1736 5626; x_wconf 78' lang='grc' dir='ltr'>Ἀψευ-</span> 
     </span>
    </p>
   </div>
   <div class='ocr_carea' id='block_1_89' title="bbox 224 5736 1725 5806">
    <p class='ocr_par' dir='ltr' id='par_1_89' title="bbox 224 5736 1718 5805">
     <span class='ocr_line' id='line_1_89' title="bbox 224 5736 1718 5805; baseline -0.004 -8"><span class='ocrx_word' id='word_1_693' title='bbox 224 5740 269 5775; x_wconf 77' lang='grc' dir='ltr'><strong>τ⁹</strong></span> <span class='ocrx_word' id='word_1_694' title='bbox 289 5739 538 5797; x_wconf 75' lang='lat' dir='ltr'><strong>Malach.</strong></span> <span class='ocrx_word' id='word_1_695' title='bbox 575 5754 615 5805; x_wconf 83' lang='grc' dir='ltr'><strong>ι,</strong></span> <span class='ocrx_word' id='word_1_696' title='bbox 660 5737 741 5805; x_wconf 87' lang='grc' dir='ltr'><strong>ιο,</strong></span> <span class='ocrx_word' id='word_1_697' title='bbox 796 5738 879 5792; x_wconf 90' lang='lat' dir='ltr'><strong>ll.</strong></span> <span class='ocrx_word' id='word_1_698' title='bbox 955 5736 1189 5792; x_wconf 80' lang='lat' dir='ltr'><strong>“Hebr.</strong></span> <span class='ocrx_word' id='word_1_699' title='bbox 1220 5736 1446 5803; x_wconf 80' lang='lat' dir='ltr'><strong>vm,l5.</strong></span> <span class='ocrx_word' id='word_1_700' title='bbox 1524 5737 1718 5793; x_wconf 81' lang='lat' dir='ltr'><strong>&quot;Jere</strong></span> 
     </span>
    </p>
   </div>
   <div class='ocr_carea' id='block_1_90' title="bbox 1827 5736 2145 5806">
    <p class='ocr_par' dir='ltr' id='par_1_90' title="bbox 1834 5736 2145 5806">
     <span class='ocr_line' id='line_1_90' title="bbox 1834 5736 2145 5806; baseline 0.006 -14"><span class='ocrx_word' id='word_1_701' title='bbox 1834 5754 1927 5806; x_wconf 75' lang='lat' dir='ltr'><strong>vn,</strong></span> <span class='ocrx_word' id='word_1_702' title='bbox 1958 5736 2145 5794; x_wconf 71' lang='grc'><strong>21-25.</strong></span> 
     </span>
    </p>
   </div>
   <div class='ocr_carea' id='block_1_91' title="bbox 1831 3269 3410 3326">
    <p class='ocr_par' dir='ltr' id='par_1_91' title="bbox 1831 3269 3410 3326">
     <span class='ocr_line' id='line_1_91' title="bbox 1831 3269 3410 3326; baseline 0.001 -3"><span class='ocrx_word' id='word_1_703' title='bbox 1831 3269 1937 3324; x_wconf 88' lang='lat' dir='ltr'><strong>hoc</strong></span> <span class='ocrx_word' id='word_1_704' title='bbox 1969 3269 2222 3323; x_wconf 87' lang='lat' dir='ltr'><strong>mandavi</strong></span> <span class='ocrx_word' id='word_1_705' title='bbox 2258 3270 2339 3324; x_wconf 92' lang='lat' dir='ltr'><strong>eis</strong></span> <span class='ocrx_word' id='word_1_706' title='bbox 2371 3270 2564 3324; x_wconf 91' lang='lat' dir='ltr'><strong>dicens</strong></span> <span class='ocrx_word' id='word_1_707' title='bbox 2588 3288 2599 3322; x_wconf 96' lang='lat'>:</span> <span class='ocrx_word' id='word_1_708' title='bbox 2620 3270 2821 3325; x_wconf 89' lang='lat' dir='ltr'><strong>Audite</strong></span> <span class='ocrx_word' id='word_1_709' title='bbox 2852 3286 3043 3324; x_wconf 87' lang='lat' dir='ltr'><strong>vocem</strong></span> <span class='ocrx_word' id='word_1_710' title='bbox 3078 3286 3255 3325; x_wconf 89' lang='lat' dir='ltr'><strong>meam</strong></span> <span class='ocrx_word' id='word_1_711' title='bbox 3283 3272 3350 3326; x_wconf 79' lang='grc'><strong>⁷³.</strong></span> <span class='ocrx_word' id='word_1_712' title='bbox 3389 3291 3410 3324; x_wconf 71' lang='grc' dir='ltr'><strong>ι</strong></span> 
     </span>
    </p>
   </div>
   <div class='ocr_carea' id='block_1_92' title="bbox 1786 3356 3417 3429">
    <p class='ocr_par' dir='ltr' id='par_1_92' title="bbox 1786 3356 3417 3429">
     <span class='ocr_line' id='line_1_92' title="bbox 1786 3356 3417 3429; baseline 0.003 -18"><span class='ocrx_word' id='word_1_713' title='bbox 1786 3382 1791 3386; x_wconf 93' lang='grc'>·</span> <span class='ocrx_word' id='word_1_714' title='bbox 1830 3356 1987 3424; x_wconf 85' lang='lat' dir='ltr'><strong>Quod</strong></span> <span class='ocrx_word' id='word_1_715' title='bbox 2021 3358 2169 3412; x_wconf 90' lang='lat' dir='ltr'><strong>enim</strong></span> <span class='ocrx_word' id='word_1_716' title='bbox 2216 3358 2283 3412; x_wconf 91' lang='lat' dir='ltr'><strong>ad</strong></span> <span class='ocrx_word' id='word_1_717' title='bbox 2323 3359 2655 3429; x_wconf 73' lang='lat' dir='ltr'><strong>przecipuam</strong></span> <span class='ocrx_word' id='word_1_718' title='bbox 2705 3358 3038 3413; x_wconf 90' lang='lat' dir='ltr'><strong>institutoris</strong></span> <span class='ocrx_word' id='word_1_719' title='bbox 3076 3361 3417 3416; x_wconf 87' lang='lat' dir='ltr'><strong>voluntatem</strong></span> 
     </span>
    </p>
   </div>
   <div class='ocr_carea' id='block_1_93' title="bbox 1831 3448 3420 3520">
    <p class='ocr_par' dir='ltr' id='par_1_93' title="bbox 1831 3448 3420 3520">
     <span class='ocr_line' id='line_1_93' title="bbox 1831 3448 3420 3520; baseline 0.003 -16"><span class='ocrx_word' id='word_1_720' title='bbox 1831 3448 2093 3520; x_wconf 87' lang='lat' dir='ltr'><strong>pertinet,</strong></span> <span class='ocrx_word' id='word_1_721' title='bbox 2124 3463 2195 3502; x_wconf 93' lang='lat' dir='ltr'><strong>ne</strong></span> <span class='ocrx_word' id='word_1_722' title='bbox 2241 3463 2273 3502; x_wconf 90' lang='lat' dir='ltr'><strong>a</strong></span> <span class='ocrx_word' id='word_1_723' title='bbox 2319 3448 2590 3519; x_wconf 89' lang='lat' dir='ltr'><strong>principio</strong></span> <span class='ocrx_word' id='word_1_724' title='bbox 2619 3449 2842 3519; x_wconf 90' lang='lat' dir='ltr'><strong>quidem</strong></span> <span class='ocrx_word' id='word_1_725' title='bbox 2875 3451 2988 3505; x_wconf 91' lang='lat' dir='ltr'><strong>ullo</strong></span> <span class='ocrx_word' id='word_1_726' title='bbox 3021 3451 3186 3506; x_wconf 90' lang='lat' dir='ltr'><strong>modo</strong></span> <span class='ocrx_word' id='word_1_727' title='bbox 3216 3453 3420 3511; x_wconf 90' lang='lat' dir='ltr'><strong>divinis</strong></span> 
     </span>
    </p>
   </div>
   <div class='ocr_carea' id='block_1_94' title="bbox 1832 3539 3419 3619">
    <p class='ocr_par' dir='ltr' id='par_1_94' title="bbox 1832 3539 3419 3619">
     <span class='ocr_line' id='line_1_94' title="bbox 1832 3539 3419 3619; baseline 0.003 -23"><span class='ocrx_word' id='word_1_728' title='bbox 1832 3540 2072 3596; x_wconf 90' lang='lat' dir='ltr'><strong>oraculis</strong></span> <span class='ocrx_word' id='word_1_729' title='bbox 2104 3539 2302 3594; x_wconf 91' lang='lat' dir='ltr'><strong>tradita</strong></span> <span class='ocrx_word' id='word_1_730' title='bbox 2337 3540 2533 3595; x_wconf 87' lang='lat' dir='ltr'><strong>fuisset</strong></span> <span class='ocrx_word' id='word_1_731' title='bbox 2564 3541 2656 3595; x_wconf 91' lang='lat' dir='ltr'><strong>illa</strong></span> <span class='ocrx_word' id='word_1_732' title='bbox 2688 3542 2871 3597; x_wconf 90' lang='lat' dir='ltr'><strong>adhuc</strong></span> <span class='ocrx_word' id='word_1_733' title='bbox 2914 3541 2969 3596; x_wconf 93' lang='lat' dir='ltr'><strong>in</strong></span> <span class='ocrx_word' id='word_1_734' title='bbox 2996 3543 3210 3600; x_wconf 90' lang='lat' dir='ltr'><strong>umbris</strong></span> <span class='ocrx_word' id='word_1_735' title='bbox 3242 3547 3419 3619; x_wconf 86' lang='lat' dir='ltr'><strong>posita</strong></span> 
     </span>
    </p>
   </div>
   <div class='ocr_carea' id='block_1_95' title="bbox 1832 3631 3421 3709">
    <p class='ocr_par' dir='ltr' id='par_1_95' title="bbox 1832 3631 3421 3709">
     <span class='ocr_line' id='line_1_95' title="bbox 1832 3631 3421 3709; baseline 0.004 -21"><span class='ocrx_word' id='word_1_736' title='bbox 1832 3634 1942 3698; x_wconf 82' lang='lat' dir='ltr'><strong>lex,</strong></span> <span class='ocrx_word' id='word_1_737' title='bbox 1974 3632 2020 3687; x_wconf 92' lang='lat' dir='ltr'><strong>si</strong></span> <span class='ocrx_word' id='word_1_738' title='bbox 2052 3631 2119 3686; x_wconf 91' lang='lat' dir='ltr'><strong>de</strong></span> <span class='ocrx_word' id='word_1_739' title='bbox 2146 3632 2296 3687; x_wconf 89' lang='lat' dir='ltr'><strong>cultu</strong></span> <span class='ocrx_word' id='word_1_740' title='bbox 2319 3632 2589 3703; x_wconf 74' lang='lat' dir='ltr'><strong>Spiritnali</strong></span> <span class='ocrx_word' id='word_1_741' title='bbox 2611 3634 2884 3689; x_wconf 88' lang='lat' dir='ltr'><strong>silendum</strong></span> <span class='ocrx_word' id='word_1_742' title='bbox 2918 3635 3135 3691; x_wconf 83' lang='lat' dir='ltr'><strong>fuisset.</strong></span> <span class='ocrx_word' id='word_1_743' title='bbox 3163 3637 3270 3692; x_wconf 88' lang='lat' dir='ltr'><strong>Sed</strong></span> <span class='ocrx_word' id='word_1_744' title='bbox 3289 3638 3421 3709; x_wconf 86' lang='lat' dir='ltr'><strong>quia</strong></span> 
     </span>
    </p>
   </div>
   <div class='ocr_carea' id='block_1_96' title="bbox 1833 3725 3420 3799">
    <p class='ocr_par' dir='ltr' id='par_1_96' title="bbox 1833 3725 3420 3799">
     <span class='ocr_line' id='line_1_96' title="bbox 1833 3725 3420 3799; baseline 0.004 -18"><span class='ocrx_word' id='word_1_745' title='bbox 1833 3725 2013 3797; x_wconf 82' lang='lat' dir='ltr'><strong>gravis</strong></span> <span class='ocrx_word' id='word_1_746' title='bbox 2040 3733 2160 3780; x_wconf 89' lang='lat' dir='ltr'><strong>erat</strong></span> <span class='ocrx_word' id='word_1_747' title='bbox 2205 3741 2269 3780; x_wconf 90' lang='lat' dir='ltr'><strong>ea</strong></span> <span class='ocrx_word' id='word_1_748' title='bbox 2304 3742 2411 3792; x_wconf 88' lang='lat' dir='ltr'><strong>res,</strong></span> <span class='ocrx_word' id='word_1_749' title='bbox 2447 3734 2504 3781; x_wconf 92' lang='lat' dir='ltr'><strong>et</strong></span> <span class='ocrx_word' id='word_1_750' title='bbox 2536 3727 2604 3781; x_wconf 90' lang='lat' dir='ltr'><strong>ad</strong></span> <span class='ocrx_word' id='word_1_751' title='bbox 2650 3728 2907 3799; x_wconf 72' lang='lat' dir='ltr'><strong>perfecta:</strong></span> <span class='ocrx_word' id='word_1_752' title='bbox 2934 3728 3157 3785; x_wconf 83' lang='lat' dir='ltr'><strong>virtutis</strong></span> <span class='ocrx_word' id='word_1_753' title='bbox 3194 3732 3420 3789; x_wconf 83' lang='lat' dir='ltr'><strong>absolu-</strong></span> 
     </span>
    </p>
   </div>
   <div class='ocr_carea' id='block_1_97' title="bbox 1835 3817 3420 3897">
    <p class='ocr_par' dir='ltr' id='par_1_97' title="bbox 1835 3817 3420 3897">
     <span class='ocr_line' id='line_1_97' title="bbox 1835 3817 3420 3897; baseline 0.006 -24"><span class='ocrx_word' id='word_1_754' title='bbox 1835 3818 2039 3873; x_wconf 75' lang='lat' dir='ltr'><strong>tionem</strong></span> <span class='ocrx_word' id='word_1_755' title='bbox 2068 3817 2219 3873; x_wconf 87' lang='lat' dir='ltr'><strong>illius</strong></span> <span class='ocrx_word' id='word_1_756' title='bbox 2248 3819 2510 3889; x_wconf 91' lang='lat' dir='ltr'><strong>temporis</strong></span> <span class='ocrx_word' id='word_1_757' title='bbox 2545 3819 2862 3876; x_wconf 89' lang='lat' dir='ltr'><strong>hominibus</strong></span> <span class='ocrx_word' id='word_1_758' title='bbox 2888 3821 3034 3877; x_wconf 83' lang='lat' dir='ltr'><strong>haud</strong></span> <span class='ocrx_word' id='word_1_759' title='bbox 3061 3822 3241 3879; x_wconf 87' lang='lat' dir='ltr'><strong>facilis</strong></span> <span class='ocrx_word' id='word_1_760' title='bbox 3264 3833 3420 3897; x_wconf 87' lang='lat' dir='ltr'><strong>pate-</strong></span> 
     </span>
    </p>
   </div>
   <div class='ocr_carea' id='block_1_98' title="bbox 1834 3908 3421 3983">
    <p class='ocr_par' dir='ltr' id='par_1_98' title="bbox 1834 3908 3421 3983">
     <span class='ocr_line' id='line_1_98' title="bbox 1834 3908 3421 3983; baseline 0.006 -20"><span class='ocrx_word' id='word_1_761' title='bbox 1834 3908 1928 3963; x_wconf 89' lang='lat' dir='ltr'><strong>bat</strong></span> <span class='ocrx_word' id='word_1_762' title='bbox 1956 3924 2240 3975; x_wconf 91' lang='lat' dir='ltr'><strong>accessus;</strong></span> <span class='ocrx_word' id='word_1_763' title='bbox 2266 3909 2377 3964; x_wconf 90' lang='lat' dir='ltr'><strong>imo</strong></span> <span class='ocrx_word' id='word_1_764' title='bbox 2403 3925 2554 3975; x_wconf 89' lang='lat' dir='ltr'><strong>vero,</strong></span> <span class='ocrx_word' id='word_1_765' title='bbox 2586 3926 2708 3966; x_wconf 90' lang='lat' dir='ltr'><strong>mea</strong></span> <span class='ocrx_word' id='word_1_766' title='bbox 2732 3912 2956 3982; x_wconf 83' lang='lat' dir='ltr'><strong>quidem</strong></span> <span class='ocrx_word' id='word_1_767' title='bbox 2984 3916 3278 3983; x_wconf 88' lang='lat' dir='ltr'><strong>sententia,</strong></span> <span class='ocrx_word' id='word_1_768' title='bbox 3314 3917 3421 3974; x_wconf 93' lang='lat' dir='ltr'><strong>du-</strong></span> 
     </span>
    </p>
   </div>
   <div class='ocr_carea' id='block_1_99' title="bbox 1834 4001 3423 4077">
    <p class='ocr_par' dir='ltr' id='par_1_99' title="bbox 1834 4001 3423 4077">
     <span class='ocr_line' id='line_1_99' title="bbox 1834 4001 3423 4077; baseline 0.006 -22"><span class='ocrx_word' id='word_1_769' title='bbox 1834 4017 1956 4055; x_wconf 90' lang='lat' dir='ltr'><strong>rum</strong></span> <span class='ocrx_word' id='word_1_770' title='bbox 1986 4001 2041 4055; x_wconf 86' lang='lat' dir='ltr'><strong>id</strong></span> <span class='ocrx_word' id='word_1_771' title='bbox 2084 4009 2205 4055; x_wconf 88' lang='lat' dir='ltr'><strong>erat</strong></span> <span class='ocrx_word' id='word_1_772' title='bbox 2230 4009 2285 4056; x_wconf 91' lang='lat' dir='ltr'><strong>et</strong></span> <span class='ocrx_word' id='word_1_773' title='bbox 2309 4017 2597 4071; x_wconf 90' lang='lat' dir='ltr'><strong>asperum;</strong></span> <span class='ocrx_word' id='word_1_774' title='bbox 2639 4004 2729 4058; x_wconf 81' lang='lat' dir='ltr'><strong>lex</strong></span> <span class='ocrx_word' id='word_1_775' title='bbox 2768 4005 2969 4075; x_wconf 91' lang='lat' dir='ltr'><strong>scripta</strong></span> <span class='ocrx_word' id='word_1_776' title='bbox 2999 4007 3153 4061; x_wconf 87' lang='lat' dir='ltr'><strong>velut</strong></span> <span class='ocrx_word' id='word_1_777' title='bbox 3192 4008 3423 4077; x_wconf 87' lang='lat' dir='ltr'><strong>puerilis</strong></span> 
     </span>
    </p>
   </div>
   <div class='ocr_carea' id='block_1_100' title="bbox 1836 4093 3420 4163">
    <p class='ocr_par' dir='ltr' id='par_1_100' title="bbox 1836 4093 3420 4163">
     <span class='ocr_line' id='line_1_100' title="bbox 1836 4093 3420 4163; baseline 0.003 -16"><span class='ocrx_word' id='word_1_778' title='bbox 1836 4093 2085 4163; x_wconf 74' lang='lat' dir='ltr'><strong>quaedam</strong></span> <span class='ocrx_word' id='word_1_779' title='bbox 2114 4093 2457 4157; x_wconf 80' lang='lat' dir='ltr'><strong>exercitatio,</strong></span> <span class='ocrx_word' id='word_1_780' title='bbox 2488 4108 2612 4163; x_wconf 72' lang='lat' dir='ltr'><strong>qua:</strong></span> <span class='ocrx_word' id='word_1_781' title='bbox 2637 4093 2867 4149; x_wconf 85' lang='lat' dir='ltr'><strong>formam</strong></span> <span class='ocrx_word' id='word_1_782' title='bbox 2897 4095 3146 4151; x_wconf 87' lang='lat' dir='ltr'><strong>veritatis</strong></span> <span class='ocrx_word' id='word_1_783' title='bbox 3166 4097 3420 4160; x_wconf 86' lang='lat' dir='ltr'><strong>haberet,</strong></span> 
     </span>
    </p>
   </div>
   <div class='ocr_carea' id='block_1_101' title="bbox 1838 4184 3423 4257">
    <p class='ocr_par' dir='ltr' id='par_1_101' title="bbox 1838 4184 3423 4257">
     <span class='ocr_line' id='line_1_101' title="bbox 1838 4184 3423 4257; baseline 0.002 -17"><span class='ocrx_word' id='word_1_784' title='bbox 1838 4186 2071 4257; x_wconf 88' lang='lat' dir='ltr'><strong>sapienti</strong></span> <span class='ocrx_word' id='word_1_785' title='bbox 2094 4184 2469 4240; x_wconf 87' lang='lat' dir='ltr'><strong>moderatione</strong></span> <span class='ocrx_word' id='word_1_786' title='bbox 2509 4184 2807 4239; x_wconf 88' lang='lat' dir='ltr'><strong>constituta</strong></span> <span class='ocrx_word' id='word_1_787' title='bbox 2836 4192 2939 4239; x_wconf 92' lang='lat' dir='ltr'><strong>est.</strong></span> <span class='ocrx_word' id='word_1_788' title='bbox 2970 4185 3242 4240; x_wconf 57' lang='lat' dir='ltr'><strong>Craterum</strong></span> <span class='ocrx_word' id='word_1_789' title='bbox 3274 4188 3423 4244; x_wconf 88' lang='lat' dir='ltr'><strong>haud</strong></span> 
     </span>
    </p>
   </div>
   <div class='ocr_carea' id='block_1_102' title="bbox 1838 4274 3425 4351">
    <p class='ocr_par' dir='ltr' id='par_1_102' title="bbox 1838 4274 3425 4351">
     <span class='ocr_line' id='line_1_102' title="bbox 1838 4274 3425 4351; baseline 0.001 -19"><span class='ocrx_word' id='word_1_790' title='bbox 1838 4278 2071 4332; x_wconf 88' lang='lat' dir='ltr'><strong>obscure</strong></span> <span class='ocrx_word' id='word_1_791' title='bbox 2118 4274 2448 4346; x_wconf 80' lang='lat' dir='ltr'><strong>signiﬁcavit</strong></span> <span class='ocrx_word' id='word_1_792' title='bbox 2496 4274 2656 4328; x_wconf 91' lang='lat' dir='ltr'><strong>nobis</strong></span> <span class='ocrx_word' id='word_1_793' title='bbox 2698 4274 2791 4351; x_wconf 81' lang='lat' dir='ltr'><strong>ille</strong></span> <span class='ocrx_word' id='word_1_794' title='bbox 2836 4274 3117 4346; x_wconf 82' lang='lat' dir='ltr'><strong>legislator</strong></span> <span class='ocrx_word' id='word_1_795' title='bbox 3158 4291 3268 4330; x_wconf 89' lang='lat' dir='ltr'><strong>non</strong></span> <span class='ocrx_word' id='word_1_796' title='bbox 3301 4292 3425 4334; x_wconf 82' lang='lat' dir='ltr'><strong>esse</strong></span> 
     </span>
    </p>
   </div>
   <div class='ocr_carea' id='block_1_103' title="bbox 1839 4362 3425 4437">
    <p class='ocr_par' dir='ltr' id='par_1_103' title="bbox 1839 4362 3425 4437">
     <span class='ocr_line' id='line_1_103' title="bbox 1839 4362 3425 4437; baseline 0 -13"><span class='ocrx_word' id='word_1_797' title='bbox 1839 4370 1934 4424; x_wconf 90' lang='lat' dir='ltr'><strong>illa</strong></span> <span class='ocrx_word' id='word_1_798' title='bbox 1979 4367 2084 4423; x_wconf 91' lang='lat' dir='ltr'><strong>sibi</strong></span> <span class='ocrx_word' id='word_1_799' title='bbox 2119 4362 2461 4437; x_wconf 82' lang='lat' dir='ltr'><strong>gratissima,</strong></span> <span class='ocrx_word' id='word_1_800' title='bbox 2501 4364 2636 4434; x_wconf 90' lang='lat' dir='ltr'><strong>quin</strong></span> <span class='ocrx_word' id='word_1_801' title='bbox 2680 4365 2866 4433; x_wconf 90' lang='lat' dir='ltr'><strong>potius</strong></span> <span class='ocrx_word' id='word_1_802' title='bbox 2908 4366 3316 4435; x_wconf 81' lang='lat' dir='ltr'><strong>exoptatissima</strong></span> <span class='ocrx_word' id='word_1_803' title='bbox 3366 4384 3425 4424; x_wconf 89' lang='lat' dir='ltr'><strong>se</strong></span> 
     </span>
    </p>
   </div>
   <div class='ocr_carea' id='block_1_104' title="bbox 1841 4455 3424 4529">
    <p class='ocr_par' dir='ltr' id='par_1_104' title="bbox 1841 4455 3424 4529">
     <span class='ocr_line' id='line_1_104' title="bbox 1841 4455 3424 4529; baseline -0.001 -11"><span class='ocrx_word' id='word_1_804' title='bbox 1841 4462 2066 4522; x_wconf 89' lang='lat' dir='ltr'><strong>habere,</strong></span> <span class='ocrx_word' id='word_1_805' title='bbox 2110 4474 2233 4529; x_wconf 82' lang='lat' dir='ltr'><strong>quae</strong></span> <span class='ocrx_word' id='word_1_806' title='bbox 2274 4455 2464 4528; x_wconf 85' lang='lat' dir='ltr'><strong>postea</strong></span> <span class='ocrx_word' id='word_1_807' title='bbox 2492 4471 2592 4527; x_wconf 89' lang='lat' dir='ltr'><strong>per</strong></span> <span class='ocrx_word' id='word_1_808' title='bbox 2630 4455 2909 4511; x_wconf 89' lang='lat' dir='ltr'><strong>Christum</strong></span> <span class='ocrx_word' id='word_1_809' title='bbox 2939 4457 3307 4528; x_wconf 71' lang='lat' dir='ltr'><strong>prazcipienda</strong></span> <span class='ocrx_word' id='word_1_810' title='bbox 3334 4475 3424 4516; x_wconf 88' lang='lat' dir='ltr'><strong>es-</strong></span> 
     </span>
    </p>
   </div>
   <div class='ocr_carea' id='block_1_105' title="bbox 1845 4548 3426 4620">
    <p class='ocr_par' dir='ltr' id='par_1_105' title="bbox 1845 4548 3426 4620">
     <span class='ocr_line' id='line_1_105' title="bbox 1845 4548 3426 4620; baseline 0.001 -13"><span class='ocrx_word' id='word_1_811' title='bbox 1845 4561 1987 4608; x_wconf 87' lang='lat' dir='ltr'><strong>sent.</strong></span> <span class='ocrx_word' id='word_1_812' title='bbox 2028 4551 2217 4620; x_wconf 89' lang='lat' dir='ltr'><strong>ltaque</strong></span> <span class='ocrx_word' id='word_1_813' title='bbox 2244 4548 2382 4603; x_wconf 78' lang='lat' dir='ltr'><strong>dixit</strong></span> <span class='ocrx_word' id='word_1_814' title='bbox 2413 4548 2615 4604; x_wconf 89' lang='lat' dir='ltr'><strong>iterum</strong></span> <span class='ocrx_word' id='word_1_815' title='bbox 2646 4566 2659 4601; x_wconf 93' lang='lat'>:</span> <span class='ocrx_word' id='word_1_816' title='bbox 2699 4567 2718 4601; x_wconf 83' lang='grc' dir='ltr'><strong>ι</strong></span> <span class='ocrx_word' id='word_1_817' title='bbox 2755 4549 2985 4620; x_wconf 86' lang='lat' dir='ltr'><strong>Pmpter</strong></span> <span class='ocrx_word' id='word_1_818' title='bbox 3012 4550 3119 4606; x_wconf 91' lang='lat' dir='ltr'><strong>hoc</strong></span> <span class='ocrx_word' id='word_1_819' title='bbox 3151 4550 3426 4609; x_wconf 89' lang='lat' dir='ltr'><strong>demessui</strong></span> 
     </span>
    </p>
   </div>
   <div class='ocr_carea' id='block_1_106' title="bbox 1785 4637 3427 4714">
    <p class='ocr_par' dir='ltr' id='par_1_106' title="bbox 1785 4637 3427 4714">
     <span class='ocr_line' id='line_1_106' title="bbox 1785 4637 3427 4714; baseline 0.002 -17"><span class='ocrx_word' id='word_1_820' title='bbox 1785 4662 1788 4666; x_wconf 69' lang='grc'><strong>’</strong></span> <span class='ocrx_word' id='word_1_821' title='bbox 1845 4642 2142 4714; x_wconf 89' lang='lat' dir='ltr'><strong>prophetas</strong></span> <span class='ocrx_word' id='word_1_822' title='bbox 2163 4650 2396 4705; x_wconf 86' lang='lat' dir='ltr'><strong>vestros,</strong></span> <span class='ocrx_word' id='word_1_823' title='bbox 2427 4637 2605 4695; x_wconf 81' lang='lat' dir='ltr'><strong>Occidi</strong></span> <span class='ocrx_word' id='word_1_824' title='bbox 2642 4654 2740 4695; x_wconf 88' lang='lat' dir='ltr'><strong>eos</strong></span> <span class='ocrx_word' id='word_1_825' title='bbox 2777 4640 2835 4694; x_wconf 90' lang='lat' dir='ltr'><strong>in</strong></span> <span class='ocrx_word' id='word_1_826' title='bbox 2864 4641 3050 4697; x_wconf 85' lang='lat' dir='ltr'><strong>verbis</strong></span> <span class='ocrx_word' id='word_1_827' title='bbox 3076 4642 3189 4698; x_wconf 92' lang='lat' dir='ltr'><strong>oris</strong></span> <span class='ocrx_word' id='word_1_828' title='bbox 3214 4645 3342 4709; x_wconf 88' lang='lat' dir='ltr'><strong>mei,</strong></span> <span class='ocrx_word' id='word_1_829' title='bbox 3371 4654 3427 4700; x_wconf 90' lang='lat' dir='ltr'><strong>et</strong></span> 
     </span>
    </p>
   </div>
   <div class='ocr_carea' id='block_1_107' title="bbox 1839 4729 3426 4807">
    <p class='ocr_par' dir='ltr' id='par_1_107' title="bbox 1839 4729 3426 4807">
     <span class='ocr_line' id='line_1_107' title="bbox 1839 4729 3426 4807; baseline -0.001 -19"><span class='ocrx_word' id='word_1_830' title='bbox 1839 4733 2111 4807; x_wconf 88' lang='lat' dir='ltr'><strong>judicium</strong></span> <span class='ocrx_word' id='word_1_831' title='bbox 2146 4746 2329 4787; x_wconf 85' lang='lat' dir='ltr'><strong>meum</strong></span> <span class='ocrx_word' id='word_1_832' title='bbox 2358 4729 2517 4800; x_wconf 90' lang='lat' dir='ltr'><strong>quasi</strong></span> <span class='ocrx_word' id='word_1_833' title='bbox 2547 4730 2640 4786; x_wconf 79' lang='lat' dir='ltr'><strong>lux</strong></span> <span class='ocrx_word' id='word_1_834' title='bbox 2672 4730 3016 4801; x_wconf 82' lang='lat' dir='ltr'><strong>egredietur;</strong></span> <span class='ocrx_word' id='word_1_835' title='bbox 3047 4733 3175 4801; x_wconf 91' lang='lat' dir='ltr'><strong>quia</strong></span> <span class='ocrx_word' id='word_1_836' title='bbox 3206 4732 3426 4787; x_wconf 81' lang='lat' dir='ltr'><strong>miseri—</strong></span> 
     </span>
    </p>
   </div>
   <div class='ocr_carea' id='block_1_108' title="bbox 1844 4817 3426 4889">
    <p class='ocr_par' dir='ltr' id='par_1_108' title="bbox 1844 4817 3426 4889">
     <span class='ocr_line' id='line_1_108' title="bbox 1844 4817 3426 4889; baseline 0.001 -10"><span class='ocrx_word' id='word_1_837' title='bbox 1844 4824 2088 4880; x_wconf 89' lang='lat' dir='ltr'><strong>cordiam</strong></span> <span class='ocrx_word' id='word_1_838' title='bbox 2117 4824 2260 4889; x_wconf 91' lang='lat' dir='ltr'><strong>volo,</strong></span> <span class='ocrx_word' id='word_1_839' title='bbox 2290 4832 2484 4878; x_wconf 89' lang='lat' dir='ltr'><strong>etnon</strong></span> <span class='ocrx_word' id='word_1_840' title='bbox 2512 4824 2865 4887; x_wconf 89' lang='lat' dir='ltr'><strong>sacriﬁcium,</strong></span> <span class='ocrx_word' id='word_1_841' title='bbox 2907 4817 2963 4877; x_wconf 84' lang='lat' dir='ltr'><strong>et</strong></span> <span class='ocrx_word' id='word_1_842' title='bbox 3003 4823 3285 4878; x_wconf 87' lang='lat' dir='ltr'><strong>scientiam</strong></span> <span class='ocrx_word' id='word_1_843' title='bbox 3328 4826 3426 4881; x_wconf 91' lang='lat' dir='ltr'><strong>Dei</strong></span> 
     </span>
    </p>
   </div>
   <div class='ocr_carea' id='block_1_109' title="bbox 1840 4916 3426 4987">
    <p class='ocr_par' dir='ltr' id='par_1_109' title="bbox 1840 4916 3426 4987">
     <span class='ocr_line' id='line_1_109' title="bbox 1840 4916 3426 4987; baseline 0.002 -17"><span class='ocrx_word' id='word_1_844' title='bbox 1840 4917 2014 4987; x_wconf 80' lang='lat' dir='ltr'><strong>magis</strong></span> <span class='ocrx_word' id='word_1_845' title='bbox 2042 4931 2208 4986; x_wconf 88' lang='lat' dir='ltr'><strong>quam</strong></span> <span class='ocrx_word' id='word_1_846' title='bbox 2254 4916 2641 4974; x_wconf 89' lang='lat' dir='ltr'><strong>holocaustum</strong></span> <span class='ocrx_word' id='word_1_847' title='bbox 2669 4919 2737 4971; x_wconf 82' lang='lat'><strong>&quot;.</strong></span> <span class='ocrx_word' id='word_1_848' title='bbox 2777 4937 2794 4969; x_wconf 74' lang='grc' dir='ltr'><strong>ι</strong></span> <span class='ocrx_word' id='word_1_849' title='bbox 2828 4918 2941 4972; x_wconf 91' lang='lat' dir='ltr'><strong>Deo</strong></span> <span class='ocrx_word' id='word_1_850' title='bbox 2984 4917 3187 4987; x_wconf 89' lang='lat' dir='ltr'><strong>quippe</strong></span> <span class='ocrx_word' id='word_1_851' title='bbox 3232 4925 3289 4973; x_wconf 91' lang='lat' dir='ltr'><strong>et</strong></span> <span class='ocrx_word' id='word_1_852' title='bbox 3331 4933 3426 4973; x_wconf 83' lang='lat' dir='ltr'><strong>ca-</strong></span> 
     </span>
    </p>
   </div>
   <div class='ocr_carea' id='block_1_110' title="bbox 1840 5007 3427 5080">
    <p class='ocr_par' dir='ltr' id='par_1_110' title="bbox 1840 5007 3427 5080">
     <span class='ocr_line' id='line_1_110' title="bbox 1840 5007 3427 5080; baseline 0.003 -18"><span class='ocrx_word' id='word_1_853' title='bbox 1840 5007 2006 5064; x_wconf 87' lang='lat' dir='ltr'><strong>dente</strong></span> <span class='ocrx_word' id='word_1_854' title='bbox 2069 5009 2274 5075; x_wconf 89' lang='lat' dir='ltr'><strong>vitulo,</strong></span> <span class='ocrx_word' id='word_1_855' title='bbox 2322 5019 2379 5066; x_wconf 90' lang='lat' dir='ltr'><strong>et</strong></span> <span class='ocrx_word' id='word_1_856' title='bbox 2415 5026 2517 5066; x_wconf 90' lang='lat' dir='ltr'><strong>ove</strong></span> <span class='ocrx_word' id='word_1_857' title='bbox 2577 5026 2715 5066; x_wconf 70' lang='lat' dir='ltr'><strong>caesa</strong></span> <span class='ocrx_word' id='word_1_858' title='bbox 2775 5009 2982 5080; x_wconf 81' lang='lat' dir='ltr'><strong>gratior</strong></span> <span class='ocrx_word' id='word_1_859' title='bbox 3052 5019 3138 5064; x_wconf 89' lang='lat' dir='ltr'><strong>est</strong></span> <span class='ocrx_word' id='word_1_860' title='bbox 3205 5009 3297 5065; x_wconf 88' lang='lat' dir='ltr'><strong>illa</strong></span> <span class='ocrx_word' id='word_1_861' title='bbox 3369 5011 3427 5067; x_wconf 89' lang='lat' dir='ltr'><strong>in</strong></span> 
     </span>
    </p>
   </div>
   <div class='ocr_carea' id='block_1_111' title="bbox 1837 5098 3427 5173">
    <p class='ocr_par' dir='ltr' id='par_1_111' title="bbox 1837 5098 3427 5173">
     <span class='ocr_line' id='line_1_111' title="bbox 1837 5098 3427 5173; baseline 0.004 -21"><span class='ocrx_word' id='word_1_862' title='bbox 1837 5098 2038 5155; x_wconf 89' lang='lat' dir='ltr'><strong>fratres</strong></span> <span class='ocrx_word' id='word_1_863' title='bbox 2079 5100 2323 5169; x_wconf 91' lang='lat' dir='ltr'><strong>dilectio,</strong></span> <span class='ocrx_word' id='word_1_864' title='bbox 2368 5119 2476 5173; x_wconf 90' lang='lat' dir='ltr'><strong>qua</strong></span> <span class='ocrx_word' id='word_1_865' title='bbox 2500 5104 2588 5157; x_wconf 81' lang='lat' dir='ltr'><strong>lex</strong></span> <span class='ocrx_word' id='word_1_866' title='bbox 2633 5103 2912 5171; x_wconf 90' lang='lat' dir='ltr'><strong>impletur,</strong></span> <span class='ocrx_word' id='word_1_867' title='bbox 2951 5109 3007 5156; x_wconf 92' lang='lat' dir='ltr'><strong>et</strong></span> <span class='ocrx_word' id='word_1_868' title='bbox 3048 5101 3141 5158; x_wconf 90' lang='lat' dir='ltr'><strong>illa</strong></span> <span class='ocrx_word' id='word_1_869' title='bbox 3162 5104 3427 5160; x_wconf 86' lang='lat' dir='ltr'><strong>eminens</strong></span> 
     </span>
    </p>
   </div>
   <div class='ocr_carea' id='block_1_112' title="bbox 1841 5192 3426 5264">
    <p class='ocr_par' dir='ltr' id='par_1_112' title="bbox 1841 5192 3426 5264">
     <span class='ocr_line' id='line_1_112' title="bbox 1841 5192 3426 5264; baseline 0.001 -15"><span class='ocrx_word' id='word_1_870' title='bbox 1841 5193 2071 5249; x_wconf 90' lang='lat' dir='ltr'><strong>scientia</strong></span> <span class='ocrx_word' id='word_1_871' title='bbox 2089 5193 2315 5259; x_wconf 91' lang='lat' dir='ltr'><strong>Christi,</strong></span> <span class='ocrx_word' id='word_1_872' title='bbox 2339 5210 2439 5264; x_wconf 88' lang='lat' dir='ltr'><strong>per</strong></span> <span class='ocrx_word' id='word_1_873' title='bbox 2459 5209 2622 5264; x_wconf 90' lang='lat' dir='ltr'><strong>quam</strong></span> <span class='ocrx_word' id='word_1_874' title='bbox 2647 5192 2763 5263; x_wconf 90' lang='lat' dir='ltr'><strong>ipse</strong></span> <span class='ocrx_word' id='word_1_875' title='bbox 2786 5208 3005 5263; x_wconf 88' lang='lat' dir='ltr'><strong>quoque</strong></span> <span class='ocrx_word' id='word_1_876' title='bbox 3032 5194 3193 5250; x_wconf 88' lang='lat' dir='ltr'><strong>Pater</strong></span> <span class='ocrx_word' id='word_1_877' title='bbox 3212 5212 3243 5251; x_wconf 90' lang='lat' dir='ltr'><strong>a</strong></span> <span class='ocrx_word' id='word_1_878' title='bbox 3264 5195 3426 5251; x_wconf 88' lang='lat' dir='ltr'><strong>nobis</strong></span> 
     </span>
    </p>
   </div>
   <div class='ocr_carea' id='block_1_113' title="bbox 1840 5272 3432 5356">
    <p class='ocr_par' dir='ltr' id='par_1_113' title="bbox 1840 5272 3432 5356">
     <span class='ocr_line' id='line_1_113' title="bbox 1840 5272 3432 5356; baseline 0.001 -17"><span class='ocrx_word' id='word_1_879' title='bbox 1840 5286 2210 5356; x_wconf 82' lang='lat' dir='ltr'><strong>cognoscitur.</strong></span> <span class='ocrx_word' id='word_1_880' title='bbox 2261 5272 2581 5340; x_wconf 27' lang='lat' dir='ltr'><strong>Conciliari.</strong></span> <span class='ocrx_word' id='word_1_881' title='bbox 2614 5299 2747 5339; x_wconf 85' lang='lat' dir='ltr'><strong>vero</strong></span> <span class='ocrx_word' id='word_1_882' title='bbox 2791 5285 2952 5342; x_wconf 86' lang='lat' dir='ltr'><strong>nobis</strong></span> <span class='ocrx_word' id='word_1_883' title='bbox 3000 5287 3104 5343; x_wconf 89' lang='lat' dir='ltr'><strong>hac</strong></span> <span class='ocrx_word' id='word_1_884' title='bbox 3147 5304 3206 5343; x_wconf 90' lang='lat' dir='ltr'><strong>re</strong></span> <span class='ocrx_word' id='word_1_885' title='bbox 3256 5288 3432 5342; x_wconf 83' lang='lat' dir='ltr'><strong>vitam-</strong></span> 
     </span>
    </p>
   </div>
   <div class='ocr_carea' id='block_1_114' title="bbox 1838 5373 3423 5447">
    <p class='ocr_par' dir='ltr' id='par_1_114' title="bbox 1838 5373 3423 5447">
     <span class='ocr_line' id='line_1_114' title="bbox 1838 5373 3423 5447; baseline 0.001 -18"><span class='ocrx_word' id='word_1_886' title='bbox 1838 5383 2117 5440; x_wconf 83' lang='lat' dir='ltr'><strong>a:ternam,</strong></span> <span class='ocrx_word' id='word_1_887' title='bbox 2145 5390 2309 5430; x_wconf 89' lang='lat' dir='ltr'><strong>nemo</strong></span> <span class='ocrx_word' id='word_1_888' title='bbox 2337 5373 2691 5439; x_wconf 88' lang='lat' dir='ltr'><strong>dubitaverit,</strong></span> <span class='ocrx_word' id='word_1_889' title='bbox 2722 5373 2939 5431; x_wconf 90' lang='lat' dir='ltr'><strong>Christo</strong></span> <span class='ocrx_word' id='word_1_890' title='bbox 2964 5376 3032 5431; x_wconf 87' lang='lat' dir='ltr'><strong>ad</strong></span> <span class='ocrx_word' id='word_1_891' title='bbox 3061 5377 3298 5440; x_wconf 90' lang='lat' dir='ltr'><strong>Patrem,</strong></span> <span class='ocrx_word' id='word_1_892' title='bbox 3326 5375 3423 5447; x_wconf 88' lang='lat' dir='ltr'><strong>qui</strong></span> 
     </span>
    </p>
   </div>
   <div class='ocr_carea' id='block_1_115' title="bbox 1840 5465 3424 5533">
    <p class='ocr_par' dir='ltr' id='par_1_115' title="bbox 1840 5465 3424 5533">
     <span class='ocr_line' id='line_1_115' title="bbox 1840 5465 3424 5533; baseline 0.002 -12"><span class='ocrx_word' id='word_1_893' title='bbox 1840 5468 1896 5521; x_wconf 92' lang='lat' dir='ltr'><strong>in</strong></span> <span class='ocrx_word' id='word_1_894' title='bbox 1923 5467 2077 5523; x_wconf 69' lang='lat' dir='ltr'><strong>cmlis</strong></span> <span class='ocrx_word' id='word_1_895' title='bbox 2099 5476 2205 5531; x_wconf 89' lang='lat' dir='ltr'><strong>est,</strong></span> <span class='ocrx_word' id='word_1_896' title='bbox 2252 5465 2472 5521; x_wconf 90' lang='lat' dir='ltr'><strong>dicente</strong></span> <span class='ocrx_word' id='word_1_897' title='bbox 2499 5466 2549 5498; x_wconf 67' lang='grc'>’⁸</span> <span class='ocrx_word' id='word_1_898' title='bbox 2590 5484 2603 5520; x_wconf 88' lang='lat'>:</span> <span class='ocrx_word' id='word_1_899' title='bbox 2643 5487 2660 5518; x_wconf 76' lang='grc' dir='ltr'><strong>ι</strong></span> <span class='ocrx_word' id='word_1_900' title='bbox 2694 5467 2820 5523; x_wconf 68' lang='grc' dir='ltr'><strong>Πωο</strong></span> <span class='ocrx_word' id='word_1_901' title='bbox 2846 5476 2930 5523; x_wconf 90' lang='lat' dir='ltr'><strong>est</strong></span> <span class='ocrx_word' id='word_1_902' title='bbox 2971 5468 3083 5523; x_wconf 87' lang='lat' dir='ltr'><strong>vita</strong></span> <span class='ocrx_word' id='word_1_903' title='bbox 3104 5477 3328 5533; x_wconf 68' lang='lat' dir='ltr'><strong>acterna,</strong></span> <span class='ocrx_word' id='word_1_904' title='bbox 3362 5477 3424 5524; x_wconf 85' lang='lat' dir='ltr'><strong>ut</strong></span> 
     </span>
    </p>
   </div>
   <div class='ocr_carea' id='block_1_116' title="bbox 1837 5558 3421 5631">
    <p class='ocr_par' dir='ltr' id='par_1_116' title="bbox 1837 5558 3421 5631">
     <span class='ocr_line' id='line_1_116' title="bbox 1837 5558 3421 5631; baseline 0.001 -16"><span class='ocrx_word' id='word_1_905' title='bbox 1837 5569 2168 5631; x_wconf 83' lang='lat' dir='ltr'><strong>cognoscant</strong></span> <span class='ocrx_word' id='word_1_906' title='bbox 2194 5567 2244 5614; x_wconf 90' lang='lat' dir='ltr'><strong>te</strong></span> <span class='ocrx_word' id='word_1_907' title='bbox 2273 5558 2451 5613; x_wconf 92' lang='lat' dir='ltr'><strong>solum</strong></span> <span class='ocrx_word' id='word_1_908' title='bbox 2492 5570 2685 5614; x_wconf 89' lang='lat' dir='ltr'><strong>verum</strong></span> <span class='ocrx_word' id='word_1_909' title='bbox 2715 5560 2909 5626; x_wconf 90' lang='lat' dir='ltr'><strong>Deum,</strong></span> <span class='ocrx_word' id='word_1_910' title='bbox 2938 5570 2995 5615; x_wconf 89' lang='lat' dir='ltr'><strong>et</strong></span> <span class='ocrx_word' id='word_1_911' title='bbox 3016 5575 3180 5629; x_wconf 90' lang='lat' dir='ltr'><strong>quem</strong></span> <span class='ocrx_word' id='word_1_912' title='bbox 3202 5560 3421 5628; x_wconf 90' lang='lat' dir='ltr'><strong>misisti,</strong></span> 
     </span>
    </p>
   </div>
   <div class='ocr_carea' id='block_1_117' title="bbox 2223 5738 3247 5807">
    <p class='ocr_par' dir='ltr' id='par_1_117' title="bbox 2223 5738 3247 5807">
     <span class='ocr_line' id='line_1_117' title="bbox 2223 5738 3247 5807; baseline -0.002 -10"><span class='ocrx_word' id='word_1_913' title='bbox 2223 5740 2269 5772; x_wconf 72' lang='grc'>⁷³</span> <span class='ocrx_word' id='word_1_914' title='bbox 2294 5738 2455 5807; x_wconf 89' lang='lat' dir='ltr'><strong>Osee,</strong></span> <span class='ocrx_word' id='word_1_915' title='bbox 2482 5756 2555 5807; x_wconf 70' lang='grc' dir='ltr'><strong>γι,</strong></span> <span class='ocrx_word' id='word_1_916' title='bbox 2595 5740 2647 5807; x_wconf 82' lang='lat'><strong>5,</strong></span> <span class='ocrx_word' id='word_1_917' title='bbox 2676 5741 2727 5796; x_wconf 88' lang='lat'><strong>6.</strong></span> <span class='ocrx_word' id='word_1_918' title='bbox 2796 5741 2843 5773; x_wconf 76' lang='lat'>&quot;</span> <span class='ocrx_word' id='word_1_919' title='bbox 2858 5740 3012 5797; x_wconf 89' lang='lat' dir='ltr'><strong>Joan.</strong></span> <span class='ocrx_word' id='word_1_920' title='bbox 3037 5755 3169 5804; x_wconf 80' lang='lat' dir='ltr'><strong>xm,</strong></span> <span class='ocrx_word' id='word_1_921' title='bbox 3192 5740 3247 5796; x_wconf 74' lang='grc' dir='ltr'><strong>δ.</strong></span> 
     </span>
    </p>
   </div>
  </div>
