3968 6300
536 291 650 347 ἳἮ

1560 283 1624 339 S.
1665 281 1943 339 CYllllJJ
1984 275 2451 334 ALEXANDle
2490 273 2807 331 ARCIlIEP.

3709 256 3814 312 9.23

545 389 733 444 Jesum
749 383 1081 443 Christum.»
1105 383 1224 437 Non
1244 381 1465 437 ment-iri
1483 390 1667 436 autem
1691 386 1920 448 usquam
1946 378 2130 446 aliquo

2252 375 2387 444 ἰήσει
2415 372 2469 425 δὲ
2501 373 2582 424 ὅτι
2627 371 2801 440 πάντη
2848 383 2906 419 τε
2944 364 3040 420 καὶ
3079 364 3296 427 πάντως
3332 365 3367 434 ή
3407 358 3632 432 ἀλήθεια
3654 399 3667 424 ,
3697 357 3815 422 πῶς

549 487 710 550 pacto
747 477 1067 541 Veritatem,
1107 473 1390 545 quomodo
1418 472 1623 545 ambigi
1667 472 1886 545 potest?

618 570 814 626 PALL.
844 569 1067 625 Minime
1099 583 1249 644 vero.

549 703 553 706 -
585 663 741 719 CYR.
761 659 866 716 Sed
884 667 1237 730 posteaquam
1249 656 1418 712 lsrael
1435 656 1503 711 ab
1518 657 1636 728 ejus
1652 665 1736 712 est
1750 653 2136 725 conjunctione

550 756 826 824 dilapsus;
863 751 1065 821 quippe
1095 749 1258 804 ﬁdem
1292 763 1587 818 respuens,
1618 762 1728 802 non
1759 745 1866 816 59
1882 744 2138 814 cognovit

549 846 756 907 Deum,
791 839 1136 912 apertissime
1172 846 1407 893 testatur
1455 853 1569 892 non
1627 837 1732 891 alia
1775 835 1985 890 ratione
2017 833 2137 888 fore

549 946 614 991 ut
650 935 718 990 ad
753 934 1038 1004 antiquam
1083 933 1232 987 illam
1263 932 1585 1002 dignitatem
1631 929 1842 993 redeat,
1887 926 1993 982 nisi
2038 941 2138 997 per

550 1029 833 1086 Christum
863 1025 1040 1081 solum
1066 1065 1080 1090 ,
1113 1023 1346 1095 abjectis
1385 1023 1494 1077 illis
1533 1022 1806 1093 legalibus
1846 1019 2132 1074 institutis.

551 1118 741 1187 Itaque
771 1115 1037 1184 scriptum
1065 1123 1182 1169 est:
1220 1133 1238 1165 ι
1274 1112 1414 1179 Quia
1432 1112 1632 1168 diebus
1655 1110 1846 1166 multis
1865 1109 2138 1165 sedebunt

552 1206 653 1260 ﬁlii
688 1205 853 1260 lsrael
884 1204 1003 1259 sine
1025 1219 1172 1275 rege,
1210 1204 1328 1258 sine
1364 1203 1634 1274 principe,
1675 1201 1798 1256 sine
1841 1199 2134 1265 sacriﬁcio,

553 1299 673 1353 sine
699 1297 878 1360 altari,
901 1297 1020 1351 sine
1051 1295 1378 1360 sacerdotio,
1411 1294 1532 1349 sine
1556 1291 2095 1348 manifestationibus
2121 1308 2133 1344 :

553 1399 610 1444 et
640 1396 764 1459 post
788 1389 906 1442 haec
931 1393 1281 1442 revertentur
1300 1385 1401 1440 ﬁlii
1428 1385 1617 1449 lsrael,
1644 1392 1701 1439 et
1733 1391 1980 1454 quaerent
2032 1384 2139 1438 Do-

555 1482 770 1536 minum
796 1481 969 1535 Deum
996 1493 1181 1544 suum,
1213 1485 1272 1533 et
1287 1477 1459 1543 David
1488 1492 1674 1547 regem
1706 1491 1892 1541 suum,
1931 1484 1987 1529 et
2024 1481 2139 1530 stu-

554 1573 767 1644 pebunt
790 1571 847 1625 in
877 1570 1109 1625 Domino
1140 1579 1197 1624 et
1253 1569 1310 1624 in
1344 1568 1506 1624 bonis
1532 1569 1672 1639 ejus,
1730 1567 1788 1622 in
1832 1565 2139 1620 novissimo

556 1663 647 1718 die
681 1663 748 1716 ⁷⁸.
802 1681 821 1713 ι
862 1661 1001 1717 Cum
1024 1661 1171 1716 enim
1206 1660 1502 1732 plenitudo
1533 1659 1777 1730 gentium
1817 1657 2134 1724 intraverit,

2236 464 2385 518 ἔστιν
2414 463 2780 534 ἁμφιϐαλεῐν;

2305 557 2520 609 ΠΑΛΛ.
2548 554 2788 608 ’Ἧκιστά
2821 569 2906 620 γε.

2306 649 2470 704 ΚΥΡ.
2515 646 2980 718 Ἀπολισθήσαντα
3003 643 3060 697 δὲ
3087 643 3184 714 τῆς
3211 641 3348 714 πρὸς
3375 641 3534 697 αὑτὸν
3558 644 3817 716 οἰκειότη-

2237 758 2328 805 τος
2374 740 2465 796 τὸν
2525 737 2761 810 Ἰσραὴλ,
2813 736 2933 790 ἐπεί
2964 754 3044 789 τοι
3079 734 3176 805 τὴν
3209 735 3390 788 πίστιν
3429 735 3490 786 οὐ
3532 737 3814 805 προσηκά-

2240 850 2419 904 μενος,
2451 832 2552 885 οὐκ
2572 831 2713 900 ἔγνω
2742 830 2875 884 Θεὸν
2897 871 2911 896 ,
2943 829 3042 899 οὐχ
3087 827 3287 898 ἑτέρως
3319 826 3612 898 ἐπανήξειν
3640 829 3721 891 είς
3757 828 3818 881 τὸ

2235 921 2494 993 ἀπαρχῆς
2522 917 2582 974 εὖ
2611 920 2757 991 μάλα
2781 919 2965 990 φησὶν,
2991 918 3129 989 πλὴν
3155 917 3236 969 ὅτι
3258 915 3344 970 διὰ
3367 917 3532 986 μόνου
3556 916 3816 988 Χριστοῦ,

2237 1012 2619 1083 καταλήξαντα
2650 1010 2760 1064 τῶν
2791 1009 2929 1063 ἐθῶν
2955 1009 3060 1063 τῶν
3088 1007 3228 1061 κατά
3259 1007 3444 1078 νόμον.
3479 1007 3816 1077 Γέγραπται,

2235 1105 2292 1158 δὲ
2321 1099 2412 1158 αῦο
2449 1122 2468 1155 (
2501 1104 2648 1157 Διότι
2674 1102 2888 1175 ἡμέρας
2921 1100 3121 1162 πολλὰς
3151 1099 3462 1154 καθίσονται
3489 1100 3538 1152 oi
3568 1100 3674 1153 υἱοὶ
3719 1102 3818 1153 Ίσο

2241 1197 2398 1270 ραὴ).,
2428 1197 2529 1250 οὐκ
2561 1196 2710 1260 ὄντος
2755 1195 3141 1266 θυσιαστηρίου
3163 1232 3177 1258 ,
3211 1193 3334 1246 οὐδὲ
3379 1194 3674 1266 ίε-ρατείας.
3701 1194 3819 1247 οὐδὲ

2237 1290 2436 1363 δήλων·
2463 1291 2559 1345 καὶ
2587 1289 2726 1360 μετά
2753 1287 2926 1342 ταῦτα
2952 1285 3371 1358 ἐπιστρέφουσιν
3393 1287 3442 1338 oi
3467 1287 3574 1339 υἱοὶ
3606 1286 3818 1358 Ἰσραήλ

2238 1383 2332 1437 καὶ
2355 1380 2747 1452 ὲπιζητήσουσι
2774 1379 2978 1449 Κύριον
3005 1378 3103 1452 τὸν
3124 1378 3257 1431 Θεὸν
3292 1376 3494 1442 αὐτῶν,
3528 1377 3621 1430 καὶ
3657 1376 3819 1429 Δαϐὶδ

2237 1474 2328 1526 τὸν
2366 1439 2588 1544 βασιλέα
2620 1470 2824 1538 αὐτῶν,
2866 1439 2960 1525 καὶ
2989 1439 3348 1542 ἐκστήσονται
3376 1439 3576 1540 ἐπὶ-τῷ
3605 1467 3816 1539 Κυρίῳ,

2238 1565 2335 1616 καὶ
2359 1562 2453 1615 ἐπὶ
2486 1564 2600 1625 τοῖς
2637 1560 2866 1629 ἀγαθοῖς
2895 1559 3060 1614 αὑτοῦ
3091 1559 3178 1614 ἐπ’
3211 1549 3456 1631 ἐσχάτων
3482 1554 3689 1614 τούτων
3711 1558 3817 1611 τῶν

2239 1654 2482 1726 ἡμερῶν.
2515 1673 2534 1705 ι
2570 1655 2740 1709 Ὅταν
2774 1653 2882 1724 γὰρ
2925 1653 2987 1706 τὸ
3027 1653 3301 1724 πλήρωμα
3347 1652 3456 1706 τῶν
3491 1653 3660 1707 ἐθνῶν
3705 1655 3816 1706 εἱσι

556 1762 691 1808 tunc
713 1753 896 1807 omnis
925 1752 1091 1807 lsrael
1119 1751 1457 1818 salvabiturt;
1485 1751 1581 1805 sed
1617 1751 1673 1804 in
1689 1749 1910 1804 Christo
1931 1757 2134 1815 tamen,

2252 1747 2408 1820 ἔλθῃ,
2459 1746 2582 1800 τότε
2626 1748 2734 1810 πᾶς
2794 1744 3012 1818 Ἰσραὴλ
3060 1745 3386 1817 σωθήσεται*
3419 1745 3561 1816 πλὴν
3606 1748 3662 1799 ὲν
3690 1746 3821 1814 Χρι-

557 1844 655 1914 qui
697 1845 1001 1915 appellatus
1033 1852 1118 1899 est
1154 1843 1349 1908 David,
1406 1843 1554 1914 quod
1592 1857 1660 1898 ex
1711 1843 1921 1898 semine
1963 1843 2038 1898 sit
2085 1852 2142 1899 et

2252 1840 2375 1912 στῷο
2419 1839 2837 1911 κατωνόμασται
2884 1839 2940 1891 δὲ
2971 1839 3140 1892 Δαϐ¹ιδ
3172 1838 3259 1893 διὰ
3305 1837 3366 1891 τὸ
3407 1839 3472 1890 ἐκ
3512 1838 3822 1908 σπέρματος

557 1936 706 1990 tribu
737 1935 930 1990 David.
961 1934 1094 1990 Esse
1146 1934 1279 1989 item
1328 1934 1446 2005 ipsa
1470 1949 1691 2005 quoque
1721 1950 1789 1989 ex
1816 1934 1937 2005 lege
1967 1934 2142 1990 sacri-

2252 1928 2384 1986 εῐναι
2415 1934 2508 1986 καὶ
2551 1933 2615 1986 ἐκ
2647 1931 2820 2002 φυλῆς
2863 1931 2957 1984 τοῦ
2997 1930 3180 1986 Δαϐίδ.
3237 1929 3720 2002 ’Δναιρεθήσεσθαι
3768 1930 3823 1982 δὲ

558 2029 679 2083 ﬁcia
707 2027 965 2093 tollenda,
1001 2026 1287 2082 conﬁrmat
1326 2042 1426 2098 per
1451 2027 1659 2083 Joelem
1707 2027 1934 2083 dicens:
1984 2046 2001 2079 ι
2033 2028 2140 2084 Ac-

557 2119 840 2190 eingimini
871 2127 928 2172 et
959 2118 1223 2190 plangite,
1264 2119 1613 2186 sacerdotes;
1636 2118 2013 2174 lamentamini
2047 2118 2143 2189 qui

555 2209 883 2264 ministratis
909 2208 1067 2263 altari
1107 2207 1360 2275 Domini;
1397 2207 1774 2279 ingredimini,
1825 2208 2060 2264 dormite
2089 2209 2146 2263 in

559 2300 753 2365 saccis,
778 2299 1158 2356 ministrantes
1183 2300 1331 2366 Deo;
1368 2299 1501 2369 quia
1533 2299 1737 2354 defecit
1770 2299 1838 2355 de
1866 2299 2030 2354 domo
2045 2298 2145 2353 Dei

555 2391 725 2446 vestri
774 2390 1105 2446 sacriﬁcium
1164 2397 1221 2446 et
1262 2389 1457 2445 libatio
1504 2390 1570 2443 ".
1618 2408 1637 2442 ι
1680 2391 1751 2446 Et
1801 2390 2003 2446 iterum
2048 2407 2148 2461 per

558 2481 812 2537 eumdem
838 2482 1195 2552 prephetam:
1231 2500 1249 2531 ‹
1277 2479 1568 2535 Sublatum
1604 2489 1690 2536 est
1726 2480 2057 2537 sacriﬁcium
2091 2491 2148 2537 et

558 2573 750 2628 libatio
801 2573 870 2628 de
920 2573 1085 2626 domo
1135 2571 1391 2638 Domini;
1438 2571 1644 2641 lugete,
1681 2572 2014 2638 sacerdotes,
2045 2574 2149 2627 mi-

560 2664 720 2720 nistri
751 2663 971 2718 Domini
1001 2665 1066 2717 ".
1109 2683 1126 2715 ι
1159 2662 1243 2718 Ad
1277 2663 1400 2718 haec
1424 2663 1606 2736 ipsum
1637 2680 1859 2736 quoque
1889 2665 2146 2720 taberna-

562 2756 748 2811 culum
779 2754 894 2810 fore
915 2761 978 2809 ut
1005 2770 1035 2809 e
1062 2754 1248 2810 medio
1273 2755 1586 2822 tolleretur,
1631 2755 1912 2826 pollicitus
1949 2765 2033 2812 est
2061 2756 2148 2811 his

561 2847 782 2903 verbis:
815 2867 832 2898 ε
861 2847 1072 2912 Eterit,
1096 2847 1143 2902 si
1169 2846 1522 2918 multiplicati
1546 2847 1783 2914 fueritis,
1815 2857 1872 2904 et
1902 2849 2143 2904 creveri-

565 2939 637 2995 tis
665 2955 833 3011 super
890 2946 1115 3004 terram,
1164 2937 1300 2994 dicit
1341 2939 1628 3006 Dominus,
1677 2940 1734 2994 in
1791 2939 1989 2996 diebus
2015 2939 2144 3004 illis,

563 3047 676 3089 non
693 3032 880 3087 dicent
902 3030 1076 3086 ultra:
1106 3029 1249 3086 Area
1274 3033 1589 3088 testamenti
1617 3032 1792 3087 sancti
1840 3032 2007 3087 lsrael
2036 3047 2147 3087 non

565 3125 829 3182 ascendet
854 3124 910 3180 in
935 3138 1052 3190 cor,
1083 3138 1267 3194 neque
1300 3124 1700 3192 nominabitur,
1735 3140 1918 3196 neque
1954 3124 2147 3180 visita-
2176 3100 2220 3158 (ἶ

565 3217 736 3281 bitur,
777 3231 958 3287 neque
984 3215 1078 3272 ﬁet
1110 3217 1252 3273 ultra
1280 3217 1346 3272 ⁷⁸.
1385 3237 1404 3270 ι
1442 3217 1672 3274 Sublato
1713 3233 1953 3288 namque
1987 3217 2149 3288 peni-

568 3317 654 3362 tus
669 3307 850 3380 typieo
880 3316 1220 3378 cruentoque
1247 3308 1538 3374 sacriﬁcio,
1555 3309 1957 3375 necessarium,
1977 3324 2151 3380 prope

566 3397 822 3465 dixerim,
851 3399 974 3465 fuit,
1007 3401 1175 3455 etiam
1207 3400 1389 3470 ipsum
1424 3400 1544 3456 tolli
1571 3400 1640 3456 de
1678 3400 1864 3457 medio
1891 3401 2152 3456 taberna-

567 3490 790 3556 culum;
821 3491 1025 3562 quippe
1043 3506 1170 3548 cum
1199 3492 1390 3548 verius
1427 3492 1565 3557 illud
1591 3508 1660 3547 ex
1679 3493 1914 3548 adverso
1942 3492 2152 3548 excita-

569 3591 686 3636 tum
746 3593 914 3647 esset,
973 3583 1029 3637 id
1081 3592 1186 3649 est,
1245 3584 1514 3648 Ecclesia,
1552 3583 1623 3639 de
1688 3600 1798 3654 qua
1853 3585 1972 3655 ipse
2006 3584 2155 3640 idem

567 3672 823 3728 Christus
838 3674 934 3738 ait,
961 3693 978 3724 ι
1001 3674 1104 3729 Hic
1131 3674 1414 3739 habitabo,
1439 3675 1702 3744 quoniam
1724 3676 1864 3748 elegi
1882 3691 2006 3732 eam
2024 3677 2068 3708 ⁷⁸
2089 3718 2101 3731 .
2129 3696 2147 3728 ι

568 3762 688 3817 Jam
727 3777 859 3817 vero
889 3763 1099 3818 cultum
1131 3764 1288 3819 illum
1333 3765 1739 3822 immutandum
1775 3766 1968 3833 fuisse,
1992 3774 2048 3822 et
2099 3768 2156 3824 in

571 3854 857 3910 meliorem
884 3855 1117 3910 formam
1164 3857 1622 3923 transferendum,
1642 3858 1700 3913 in
1731 3874 1879 3924 eum,
1910 3859 2153 3929 inquam,

573 3945 804 4011 cultum,
857 3945 953 4016 qui
1003 3947 1062 4000 in
1120 3946 1340 4002 Christo
1367 3947 1678 4014 exhibetur,
1728 3965 1792 4005 ac
1827 3965 2003 4005 novus
2049 3958 2154 4016 est,

575 4036 930 4109 perspicuum
978 4037 1072 4094 ﬁet
1102 4039 1171 4094 iis
1199 4038 1386 4094 verbis
1410 4055 1532 4110 quae
1561 4039 1632 4094 de
1654 4041 1766 4096 Deo
1795 4041 2014 4112 scripsit
2041 4042 2156 4097 Ma-

573 4131 803 4197 lachias,
866 4151 885 4183 ‹
941 4132 1011 4187 Et
1052 4131 1312 4203 purgabit
1352 4131 1494 4187 ﬁlios
1543 4133 1698 4199 Levi,
1734 4133 1790 4190 et
1830 4133 2024 4191 fundet
2063 4149 2157 4190 eos

575 4223 726 4278 velut
764 4239 962 4277 aurum
1001 4233 1058 4278 et
1096 4224 1249 4279 velut
1285 4231 1572 4296 argentum
1614 4233 1711 4280 :et
1729 4235 1890 4282 erunt
1925 4226 2156 4282 Domino

572 4312 872 4368 oﬁ‘erentes
912 4312 1244 4369 sacriﬁcium
1289 4314 1347 4368 in
1393 4314 1642 4386 justitia,
1675 4324 1732 4371 et
1772 4316 2009 4386 placebit
2044 4315 2158 4370 Deo

2248 2027 2343 2080 καὶ
2364 2025 2534 2089 αὐτὰς
2552 2024 2651 2090 τὰς
2673 2024 2816 2078 κατὰ
2844 2023 3007 2094 νόμον
3035 2023 3224 2088 θυσίας
3249 2022 3614 2076 διεϐεϐαιοῦτο
3640 2021 3822 2091 σαφῶς

2245 2116 2334 2170 διά
2373 2114 2523 2186 Ἰωήλ
2551 2114 2728 2183 λέγων
2759 2131 2773 2145 ·
2823 2133 2844 2166 ι
2884 2112 3272 2185 Περ-ιζώσασθε
3326 2113 3422 2168 καὶ
3470 2112 3736 2167 κόπτεσθε
3776 2114 3824 2165 οἱ

2247 2209 2450 2279 ἱερεῖς,
2523 2207 2773 2278 θρηνεῖτε
2802 2207 2851 2259 οἱ
2917 2205 3360 2278 λειτουργοῦντες
3419 2205 3824 2278 θυσιαστηρίῳ,

2247 2298 2554 2366 εἰσέλθετε,
2613 2299 2901 2352 ὑπνώσατε
2962 2300 3021 2352 ὲν
3093 2299 3314 2360 σάκκοις
3381 2297 3829 2370 λειτουργοῦντες

2248 2391 2388 2462 Θεῷ’
2430 2393 2512 2446 ὅτι
2545 2392 2846 2462 ἀπέσχικεν
2881 2390 2940 2458 ἐξ
2989 2389 3138 2444 οἴκου
3167 2389 3300 2443 Θεοῦ
3340 2389 3494 2460 ὑμῶν
3543 2390 3708 2445 θυσία
3736 2392 3831 2446 καὶ

2252 2483 2476 2556 σπονδή.
2499 2503 2518 2536 ι
2541 2485 2652 2538 Καὶ
2674 2483 2835 2539 πάλιν
2859 2485 2928 2538 δι’
2954 2483 3121 2537 αὐτοῦ
3141 2481 3234 2536 τοῦ
3262 2484 3568 2554 προφήτουο
3597 2503 3616 2536 ι
3639 2484 3833 2558 Ἐξῆρο

2249 2596 2340 2632 ται
2379 2577 2539 2632 θυσία
2582 2578 2676 2631 καὶ
2717 2577 2918 2649 σπονδὴ
2955 2575 3014 2641 ἐξ
3043 2573 3192 2630 ἀῖκου
3230 2576 3461 2650 Κυρίουο
3503 2577 3752 2631 πενθεῖτε
3783 2579 3832 2631 οί

2244 2673 2416 2742 ἱερεῖς
2447 2669 2889 2741 λειτουργοῦντες
2934 2669 3014 2741 τῷ
3054 2669 3449 2742 θυσιαστηρίῳ.
3499 2688 3518 2725 ι
3555 2671 3668 2725 Καὶ
3697 2673 3834 2744 πρός

2250 2780 2315 2832 γε
2360 2763 2423 2834 δὴ
2454 2762 2694 2828 τούτοις,
2722 2760 2818 2816 καὶ
2847 2760 3017 2833 αὐτὴν
3058 2762 3122 2814 ὲκ
3163 2760 3329 2832 μέσου
3367 2761 3694 2833 γενήσεσθαι
3739 2763 3836 2836 τὴν

2257 2857 2463 2928 σκηνὴν
2490 2855 2824 2925 ὑπισχνεῖτο,
2848 2853 3042 2923 λέγων·
3073 2871 3091 2906 ι
3127 2853 3236 2908 Καὶ
3265 2853 3440 2918 ἔσται,
3472 2853 3567 2908 ἐὰν
3598 2853 3838 2925 πληθυν-

2253 2950 2384 3020 θῆτε
2408 2987 2423 3014 ,
2468 2947 2562 3002 καὶ
2600 2945 2874 3018 αὐξηθῆτε
2903 2946 2998 2999 ἐπὶ
3027 2945 3125 3016 τῆς
3169 2946 3294 3016 γῆς,
3324 2945 3472 3015 λέγει
3506 2946 3744 3018 Κύριος,
3781 2950 3837 3002 ὲν

2251 3043 2371 3105 ταῖς
2408 3039 2646 3111 ἡμέραις
2676 3036 2915 3111 ἐκείναις
2945 3037 3044 3090 οὐκ
3067 3036 3284 3107 ἐροῦσιν
3311 3036 3415 3103 ἔτι,
3450 3037 3698 3102 Κιϐωτὸς
3727 3039 3838 3094 δια-

2253 3109 2688 3203 θήκηςηΚυρίου
2739 3109 2898 3196 ἀγίὸυ
2955 3125 3172 3198 Ἰσραὴλ
3213 3128 3313 3180 οὐκ
3366 3127 3704 3206 ἀναϐήσεται
3749 3130 3846 3185 ἐπὶ

2253 3224 2502 3297 καρδίαν,
2531 3222 2655 3278 οὐδὲ
2696 3219 3157 3291 ὀνομασθήσεται,
3189 3220 3310 3273 οὐδὲ
3353 3220 3839 3292 ἐπισκεφθήσεται,

2253 3317 2348 3372 καὶ
2378 3317 2438 3370 οὐ
2465 3315 2825 3386 ποιηθήσεται
2855 3311 2956 3366 ἔτι.
3003 3333 3022 3365 ι
3076 3312 3592 3386 Ἀνατετραμμένης
3617 3313 3738 3385 γὰρ
3762 3317 3838 3379 εις

2253 3411 2315 3463 τὸ
2343 3407 2604 3470 παντελὲς
2641 3406 2739 3477 τῆς
2774 3406 2833 3459 ὲν
2873 3404 3066 3468 τύποις
3099 3403 3180 3457 ἐτι
3219 3405 3313 3458 καὶ
3345 3404 3412 3457 δι’
3443 3404 3700 3476 αἱμάτων
3745 3405 3840 3458 θυ-

2256 3499 2398 3563 σίας,
2433 3496 2647 3568 ἀνάγκη
2679 3513 2796 3559 πως
2823 3491 2912 3566 ἦν,
2943 3495 3040 3548 καὶ
3067 3492 3240 3565 αὐτὴν
3273 3495 3337 3548 ὲκ
3370 3494 3538 3564 μέσου
3565 3496 3843 3550 ποιεῖσθαι

2255 3592 2355 3660 τὴν
2387 3587 2612 3659 σκηνὴν,
2646 3585 2743 3640 ἀτε
2779 3585 2845 3656 δὴ
2879 3586 2977 3656 τῆς
3026 3583 3394 3658 ἀληθεστέρας
3425 3586 3844 3659 ἀντεγηγερμέ-

2256 3700 2354 3753 νης
2373 3725 2388 3750 ,
2411 3681 2555 3735 τοῦτ’
2589 3679 2704 3732 ἔστι
2722 3719 2736 3744 ,
2765 3679 2865 3748 τῆς
2908 3677 3254 3758 Ἐκκλησίας,
3289 3678 3428 3749 ὑπὲρ
3456 3673 3525 3751 ἦς
3553 3679 3648 3732 καὶ
3687 3680 3846 3742 αὐτὸς

2257 3776 2363 3846 ἔφη
2387 3772 2641 3845 Χριστός·
2681 3788 2699 3822 ι
2733 3765 2859 3821 Ὧδε
2890 3770 3219 3838 κατοικήσω,
3254 3769 3336 3821 ὅτι
3371 3769 3726 3842 ᾑρετισάμην
3753 3772 3843 3825 αὐ-

2257 3864 2380 3934 τήν.
2419 3880 2438 3913 ι
2465 3860 2575 3914 Καὶ
2612 3859 2694 3911 ὅτι
2722 3857 3108 3928 μεταχωρήσει
3141 3857 3232 3910 καὶ
3273 3861 3686 3930 μεταστήσεται
3714 3863 3842 3934 πρὸς

2257 3954 2318 4006 τὸ
2349 3952 2568 4022 ἄμεινον
2598 3949 2697 4018 τῆς
2730 3946 2983 4018 λατρείας
3015 3948 3044 4000 ὁ
3079 3946 3276 4017 τρόπος
3315 3947 3454 4019 πρὸς
3477 3948 3580 4020 τὴν
3614 3954 3679 4007 ὲν
3712 3955 3840 4025 Χρι-

2261 4041 2370 4111 στῷ
2393 4041 2486 4094 καὶ
2513 4039 2660 4103 νέαν,
2688 4039 2856 4107 σαφὲς
2879 4038 2946 4092 ἂν
2973 4038 3203 4107 γένοιτο,
3224 4037 3527 4110 γράφοντος
3551 4043 3696 4114 ἡμῖν
3722 4045 3844 4118 περὶ

2258 4131 2396 4187 Θεοῦ
2420 4131 2514 4185 τοῦ
2535 4130 2842 4201 Μαλαχίου·
2873 4149 2893 4183 ι
2933 4130 3045 4184 Καὶ
3063 4129 3322 4202 καθαριεῖ
3349 4133 3476 4196 τοὺς
3511 4134 3664 4200 υίοὺς
3691 4136 3842 4204 Λευῖ,

2257 4227 2354 4281 καὶ
2382 4227 2498 4297 χεεῖ
2525 4225 2612 4276 ἐπ’
2643 4225 2840 4288 αὐτοὺς
2870 4223 3060 4294 ὥσπερ
3087 4223 3148 4277 τὸ
3171 4224 3414 4295 χρυσίον,
3444 4225 3539 4279 καὶ
3565 4225 3647 4290 ὡς
3675 4227 3844 4298 ἀργύ-

2261 4334 2394 4392 ριονο
2418 4319 2514 4373 καὶ
2549 4316 2764 4373 ἔσονται
2809 4316 2888 4387 τῷ
2926 4316 3115 4388 Κυρίῳ
3151 4317 3520 4388 προσάγοντες
3555 4316 3755 4376 θυσίαν
3787 4323 3844 4376 ὲν

574 4405 906 4461 sacriﬁcium
926 4406 1086 4472 Juda,
1117 4415 1174 4462 et
1200 4407 1526 4474 Jerusalem,
1553 4407 1698 4464 sicut
1723 4408 1841 4464 dies
1864 4407 2068 4472 saeculi,
2098 4416 2147 4462 el

2257 4409 2595 4481 δικαιοσύνῃ,
2627 4409 2723 4463 καὶ
2766 4409 2954 4481 ἀρέσει
2998 4407 3077 4480 τῷ
3105 4407 3222 4479 Θεῷ
3251 4410 3286 4480 ή
3322 4408 3481 4462 θυσία
3522 4409 3720 4478 Ἰούδα,
3752 4413 3844 4466 καὶ

573 4497 719 4551 sicut
743 4498 872 4552 anni
911 4497 1124 4567 priores
1147 4498 1214 4552 ⁸⁸.
1257 4519 1274 4550 ι
1307 4498 1572 4572 Intelligis
1607 4499 1778 4572 igitur
1800 4498 2156 4570 quemadmo-

573 4587 709 4641 dum
763 4588 934 4642 veluti
986 4605 1183 4644 novam
1233 4592 1631 4662 propemodum
1694 4591 2040 4648 recusionem
2091 4605 2156 4646 ac

579 4680 1023 4736 reformationem
1046 4683 1340 4739 sacerdotii
1368 4684 1530 4742 simul
1558 4692 1724 4756 atque
1757 4683 2154 4739 sacriﬁciorum

576 4771 817 4826 futuram
846 4771 1020 4827 dicit?

653 4863 853 4920 PALL.
891 4864 1168 4936 Intelligo.

646 4954 804 5010 ΟΥΕ.
839 4957 949 5027 60
970 4957 1084 5012 Hoc
1109 4959 1256 5013 enim
1281 4960 1532 5022 verbum,
1561 4958 1762 5029 fundet,
1793 4967 1867 5022 et,
1895 4958 2158 5028 purgabit,

2273 4501 2649 4574 Ἰερουσαλὴμ,
2675 4500 2860 4565 καθὼς
2883 4501 2917 4572 ἠ
2945 4500 3131 4574 ἡμέρα
3155 4498 3250 4554 τοῦ
3282 4500 3499 4567 αἰῶνος,
3532 4504 3629 4557 καὶ
3659 4504 3843 4568 καθὼς

2259 4595 2328 4649 τὰ
2356 4593 2452 4664 ἔτη
2481 4593 2550 4646 τά
2575 4591 2905 4664 ἔμπροσθεν.
2946 4612 2964 4645 ι
2999 4591 3195 4662 Συνίης
3219 4590 3284 4663 δὴ
3305 4587 3417 4659 οὖν,
3447 4593 3526 4646 ὃτι
3558 4595 3844 4664 μονονουχὶ

2264 4685 2693 4758 μεταχάλκευσίν
2723 4702 2847 4740 τινα
2887 4685 2983 4738 καὶ
3031 4683 3390 4756 ἀναπλασμὸν
3444 4686 3752 4758 ἱερωσύνης
3784 4704 3840 4739 τε

2262 4776 2380 4846 ἅμα
2407 4775 2499 4829 καὶ
2521 4773 2720 4827 θυσιῶν
2753 4773 2971 4827 ἔσεσθαί
3000 4790 3166 4844 φησι;

2331 4867 2541 4920 ΠΑΛΛ.
2567 4867 2822 4936 Συνίημι.
3629 4915 3638 4924 ,

2331 4960 2497 5013 ΚΥΡ.
2533 4959 2607 5011 Τὸ
2650 4959 2758 5030 γάρ
2795 4974 2898 5023 τοι,
2935 4959 3066 5029 χεεῐ
3103 4960 3196 5012 καὶ
3223 4961 3554 5029 καθαρίσει,
3589 4964 3839 5037 καθάπερ

580 5049 735 5117 quasi
769 5048 836 5103 de
859 5065 992 5106 auro
1017 5059 1181 5122 atque
1209 5052 1433 5106 auriﬁce
1465 5050 1695 5114 dictum,
1725 5064 1907 5102 nonne
1929 5050 1996 5103 ad
2022 5051 2147 5103 ham

2260 5051 2354 5102 ἐπὶ
2390 5049 2593 5121 χρυσοῦ
2622 5066 2683 5102 τε
2709 5049 2803 5100 καὶ
2834 5049 3176 5120 χρυσουργοῦ
3223 5050 3568 5121 λελεγμένον,
3594 5050 3688 5126 ἆρ’
3723 5057 3842 5127 οὐχὶ

581 5157 682 5196 nos
721 5142 1141 5216 intelligentiam
1187 5145 1386 5199 ducit?

650 5235 846 5290 PALL.
870 5237 1100 5294 Maxime
1127 5253 1276 5292 vero.

647 5329 804 5385 CYR.
845 5329 1010 5399 Atqui
1044 5330 1385 5383 incarnatum
1423 5325 1663 5380 Verbum
1697 5322 1966 5394 ejusmodi
1995 5323 2158 5393 quid-

581 5421 726 5490 piam
762 5419 1086 5475 eﬂ‘ecturum
1111 5432 1230 5472 esse
1246 5415 1598 5471 conﬁrmavit
1633 5417 1779 5471 Deus
1801 5415 1982 5480 Pater,
2031 5431 2158 5469 cum

582 5513 754 5566 dixit:
797 5531 813 5560 ι
854 5512 921 5564 Ει
944 5510 1126 5565 statim
1157 5509 1345 5565 veniet
1371 5509 1441 5564 ad
1471 5508 1734 5580 templum
1755 5523 1915 5563 suum
1967 5508 2156 5563 Domi-

647 5686 689 5716 ⁷⁵
717 5686 878 5755 Osee,
912 5688 1043 5754 "1,4
1073 5703 1190 5758 seq.
1255 5689 1302 5722 '”
1327 5689 1527 5759 Joel.t,
1555 5690 1640 5745 1⁸5.
1715 5690 1760 5722 ⁷⁷
1793 5687 1955 5752 lbid.,
1987 5687 2037 5740 9.

2263 5142 2400 5213 πρὸς
2429 5141 2587 5194 τοῦτο
2615 5141 2834 5195 ἐννοιῶν
2860 5143 3009 5212 ἡμᾶς
3040 5140 3178 5196 ἰέναι
3212 5142 3464 5213 βούλεται
3489 5161 3502 5210 ;

2339 5235 2548 5289 ΠΛΛΛ.
2589 5236 2736 5288 Πάνυ
2770 5233 2867 5304 μὲν
2891 5230 3004 5288 οὖν.

2339 5321 2505 5375 ΚΥΡ.
2531 5323 2654 5375 Ὅτι
2683 5323 2790 5394 γὰρ
2835 5323 3028 5395 ἔμελλε
3057 5325 3264 5396 νοητῶς
3295 5325 3535 5380 τοιοῦτόν
3559 5344 3611 5380 τι
3641 5345 3844 5399 κατορ-

2267 5412 2414 5478 θοῦν,
2439 5415 2863 5487 ὲνανθρωπήσας
2881 5420 2909 5471 ὁ
2936 5418 3128 5487 Λόγος,
3157 5419 3650 5490 πεπληροφόρηκεν
3675 5421 3846 5474 είπὼν

2265 5509 2294 5560 ὁ
2317 5508 2446 5572 Θεὸς
2473 5509 2565 5561 καὶ
2585 5509 2798 5580 Πατὴρ,
2824 5511 2905 5564 ὅτι
2939 5529 2956 5562 ι
3002 5512 3291 5583 Ἐξαίφνης
3317 5513 3438 5584 ἥξει
3471 5513 3549 5576 είς
3585 5512 3678 5566 τὸν
3719 5514 3844 5569 ναὸν

2120 5685 2301 5740 τηεν.
2339 5699 2416 5748 tu,
2449 5683 2532 5739 16.
2612 5685 2654 5716 τ’
2685 5686 2827 5741 Psal.
2859 5705 3036 5754 cxxxl,
3079 5692 3162 5746 Ui.
3209 5694 3256 5726 ⁸⁸
3295 5694 3501 5751 Malach
3563 5710 3644 5752 ιιι.
3678 5696 3733 5750 3.
