3968 6300
213 317 316 375 225

961 311 1048 366 DE
1081 306 1527 366 ADORATIONE—
1561 307 1629 362 ΙΝ
1672 305 1942 365 SFllilTU
1979 306 2068 362 ET
2101 307 2472 364 VERITATE.
2515 309 2642 364 LIB.
2690 311 2752 364 ll.

3154 260 3169 290 ’
3397 313 3498 370 23-0

219 436 381 492 αὑτοῦ
409 432 635 505 Κύριος,
670 431 728 485 ὃν
759 431 916 502 ὑμεῖς
952 431 1189 499 ζητεῖτε,
1225 430 1319 482 καὶ
1363 430 1392 482 ό
1429 429 1660 496 ἄγγελός
1703 428 1800 498 τῆς

1912 439 2084 494 nator,
2131 445 2296 498 quem
2326 444 2429 483 vos
2466 429 2732 498 quaeritis,
2779 437 2836 484 et
2871 432 3112 501 Angelus
3156 437 3496 499 testamenti,

214 528 504 598 διαθήκης,
534 524 595 578 ὃν
638 523 795 593 ὑμεῖς
826 521 1030 574 θέλετε.
1082 520 1213 573 Ἰδοὺ
1243 519 1486 591 ἔρχεται,
1512 517 1660 587 λέγει
1691 517 1804 569 Κύ-

225 637 333 690 ριος
364 615 782 687 παντοκράτωρο
812 614 907 666 καὶ
941 613 1023 676 τίς
1052 612 1316 682 ὑπομενεῖ
1346 611 1560 680 ἡμέραν
1594 610 1801 662 εἰσόδου

223 708 422 773 αὐτοῦς
470 707 503 778 ἢ
547 706 630 769 τίς
674 705 1036 774 ύποστήσεται
1090 704 1148 756 ἐν
1187 705 1254 774 τῇ
1308 701 1546 772 ὀπτασίᾳ
1596 700 1802 764 αὐτούς

221 800 353 854 διότι
388 799 549 862 αὐτὸς
592 795 974 867 εἰσπορεύεται
1002 794 1076 858 ὡς
1141 793 1252 866 πῦρ
1290 793 1680 864 χωνευτηρίου,
1712 792 1806 844 καὶ

219 892 293 955 ὡς
349 890 456 942 πόα
517 890 847 942 πλυνόντων.
902 888 1013 941 Καὶ
1076 886 1348 940 καθιεῖται
1399 885 1652 956 χωνεύων
1713 882 1806 937 καὶ

219 985 531 1056 καθαρίζων
569 976 658 1047 ὡς’
689 983 752 1036 τὸ
799 985 1063 1054 ἀργύριον
1096 1027 1110 1047 ,
1162 985 1256 1035 καὶ
1302 981 1378 1044 ὡς
1422 981 1484 1034 τὸ
1531 981 1808 1052 χρυσίον⁹ι

222 1077 590 1148 καινουργίαν
622 1071 715 1128 οὖν
748 1075 856 1146 ἄρα
877 1075 968 1126 καὶ
1003 1074 1362 1144 ἀναπλασμόν
1376 1075 1473 1143 τῆς
1503 1071 1803 1143 ἱερωσύνης

220 1171 441 1224 ἔσεσθαί
474 1184 636 1239 φησιν
657 1184 670 1197 ·
709 1171 802 1220 καὶ
831 1168 920 1220 τόν
961 1184 1024 1236 γε
1057 1168 1156 1236 τῆς
1190 1165 1532 1236 λειτουργίας
1579 1165 1801 1234 τρόπον,

219 1263 317 1332 οὐχ
349 1261 538 1332 ἕτερόν
564 1277 615 1312 τι
659 1259 1043 1330 παραδεικνὺς,
1088 1257 1226 1328 πλὴν
1253 1257 1356 1322 ὅτι,
1386 1259 1538 1309 τουτὶ
1568 1255 1802 1322 Χριστθὖ

222 1352 542 1422 μυστήριον.
584 1351 728 1419 Ἔφη
786 1349 950 1401 πάλιν
995 1348 1083 1400 διὰ
1121 1346 1306 1416 φωνῆς
1371 1345 1633 1415 Ίεζεκιὴλ
1677 1345 1804 1416 περὶ

215 1443 323 1494 τῶν
361 1442 618 1512 ἱερῶσθαι
667 1440 1124 1510 κεκληρωμένωψ
1182 1457 1201 1489 ‹
1254 1433 1412 1493 ὐῦτοι
1467 1436 1804 1509 προσάξουσι

217 1536 352 1604 πρὶς
377 1535 442 1604 μὲ
463 1534 555 1586 τοῦ
580 1533 909 1602 λειτουργεῖν
938 1549 1046 1602 μοι,
1079 1531 1172 1584 καὶ
1199 1533 1484 1602 στήσονται
1509 1530 1611 1602 πρὸ
1637 1545 1805 1600 προσ-

217 1626 366 1677 ώπου
419 1642 518 1693 μου
548 1623 642 1676 τοῦ
694 1623 1026 1694 προσφέρειν
1076 1638 1166 1691 μοι
1225 1620 1449 1684 θυσίαν,
1501 1621 1666 1691 στέαρ
1709 1621 1804 1674 καὶ

217 1711 378 1784 αἷμα,
425 1714 575 1782 λέγει
609 1714 812 1785 Κύριος
841 1716 869 1767 ό
901 1712 1052 1775 Θεός.
1105 1706 1265 1766 Οὗτοι
1306 1712 1701 1764 εἰσελεύσονται
1725 1714 1804 1774 είς

215 1809 285 1860 τὰ
314 1807 447 1874 ἅγιά
481 1824 601 1877 μου,
635 1808 728 1859 καὶ
753 1801 897 1859 οὗτοι
925 1803 1377 1876 προσελεύσονταί
1405 1821 1494 1874 μοι
1536 1805 1672 1875 πρὸς
1705 1803 1802 1874 τὴν
1837 1789 1876 1844 Β

215 1897 495 1966 τράπεζάν
527 1914 654 1967 μου,
675 1895 768 1949 τοῦ
793 1895 1124 1966 λειτουργεῖν
1158 1913 1268 1965 μοι.
1314 1915 1332 1947 ι
1369 1895 1479 1948 Καὶ
1511 1897 1674 1963 στέαρ
1708 1895 1804 1948 καὶ

213 1987 354 2055 αἷμα
384 1992 481 2043 καὶ
516 1989 613 2052 τὰς
649 1988 742 2040 ἐπὶ
768 1989 836 2058 τῇ
869 1985 1120 2058 τραπέζῃ
1151 1986 1496 2056 λειτουργίας
1518 2027 1531 2051 ,
1564 1983 1652 2058 ἆρ’
1681 1989 1805 2059 οὐχ).

218 2085 369 2151 φαῖεν
395 2082 466 2135 ἂν
498 2081 748 2145 εἰκότως,
771 2080 832 2132 τὸ
860 2077 1099 2150 Χριστοῦ
1147 2079 1447 2150 μυστήριον
1470 2095 1486 2144 ;

287 2175 498 2227 ΠᾹΛΛ.
539 2169 612 2226 Εὖ
643 2172 842 2238 λέγεις.

285 2265 452 2318 ΚΥΡ.
503 2262 917 2333 Ἀριδηλότατον
955 2261 1012 2313 δὲ
1049 2263 1140 2315 καὶ
1183 2261 1347 2316 αὑτὸν
1386 2263 1516 2333 ἡμῖν
1553 2262 1645 2315 τὸν
1677 2279 1804 2318 και-

213 2356 329 2426 ρξν,
349 2354 473 2408 καθ’
495 2353 556 2407 ὃν
583 2356 616 2416 ἡ
641 2355 859 2406 πάντων
877 2353 969 2405 ἐπὶ
988 2353 1048 2406 τὸ
1070 2353 1294 2424 ἄμεινον
1317 2354 1467 2407 ἔσται
1495 2356 1805 2427 μεταδρομὴ

217 2449 313 2518 τῆς
367 2445 728 2517 καινουργίας
768 2447 796 2498 ὁ
839 2443 1076 2515 τρόπος,
1120 2446 1293 2499 ἐποίει
1353 2445 1525 2514 λέγων
1577 2451 1605 2501 ὁ
1648 2449 1801 2512 Θεός·

217 2554 239 2586 ι
274 2534 384 2586 Καὶ
409 2533 562 2586 ἔσται
587 2532 694 2586 ἀπὸ
721 2534 820 2603 τῆς
842 2532 1052 2603 ἡμέρας
1081 2533 1179 2604 τῆς
1204 2535 1396 2605 ὀγδόης
1419 2537 1515 2588 καὶ
1543 2537 1806 2591 ἐπέκεινα

217 2629 538 2696 ποιήσουσιν
571 2626 619 2677 οί
661 2625 826 2697 ἱερεῖς
865 2625 956 2676 ἐπὶ
986 2623 1048 2676 τὸ
1075 2624 1460 2698 θυσιαστήριον
1486 2627 1554 2680 τὰ
1581 2627 1805 2682 ὁλοκαυ-

215 2712 447 2782 τώματα
500 2711 684 2780 ὑμῶν,
727 2712 930 2765 καὶτὰ
999 2713 1094 2765 τοῦ
1148 2714 1418 2785 σωτηρίου
1473 2717 1659 2786 ὑμῶν,
1710 2717 1804 2771 καὶ

217 2804 584 2876 προσδέξομαι
621 2806 796 2876 ὑμᾶς,
826 2805 974 2873 λέγει
1013 2805 1236 2877 Κύριος.
1277 2827 1296 2860 ι
1347 2809 1592 2882 Ἦμέραν
1626 2811 1683 2864 δὲ
1705 2811 1805 2882 τὴν

213 2897 406 2968 όγῶην
449 2897 541 2951 τὸν
570 2898 669 2968 τῆς
701 2897 796 2950 τού
829 2898 1081 2970 Σωτῆρος
1115 2900 1272 2971 ἡμῶν
1311 2901 1660 2965 ἀναστάσεως
1689 2904 1806 2956 ὀνο-

215 2989 380 3059 μάζει
413 2988 629 3060 καιρόν·
654 2989 776 3042 καθ’
807 2989 866 3043 ὃν
891 2991 957 3042 τὰ
989 2990 1446 3060 ὁλοκαυτώματα,
1466 2992 1610 3045 τοῦτ’
1636 2992 1802 3060 ἐστιν,

217 3083 247 3152 ή
293 3081 481 3134 τελεία
531 3081 628 3134 καὶ
677 3080 976 3152 ὁλοσχερὴς
1036 3083 1117 3144 είς
1162 3081 1294 3135 Θεὸν
1352 3083 1649 3156 ἀφιέρωσις
1696 3084 1804 3137 τῶν

217 3173 686 3236 πεπιστευκότων,
711 3173 879 3239 δεκτὴ
907 3172 985 3243 τῷ
1015 3172 1154 3244 Θεῷ,
1187 3174 1281 3226 καὶ
1309 3175 1616 3246 δωροφορία
1643 3192 1806 3230 πνευ-

221 3266 447 3335 ματική.
498 3264 610 3317 Καὶ
659 3263 818 3317 τοῦτο
867 3263 1108 3317 διδάσκει
1161 3267 1388 3335 γράφων
1437 3268 1466 3318 ὁ
1519 3266 1805 3332 θεσπέσιος

217 3357 453 3419 Παῦλος·
491 3375 508 3408 ι
542 3359 618 3409 Δι’
644 3355 808 3409 αὑτοῦ
833 3352 925 3410 οὖν
956 3358 1302 3430 ἀναφέρομεν
1325 3357 1514 3412 θυσίαν
1543 3361 1806 3426 αίνέσεως

219 3449 510 3513 διαπαντὸς
543 3449 621 3520 τῷ
654 3449 792 3520 Θεῷ’
825 3448 970 3502 τοῦτ’
1001 3448 1117 3504 ἔστι
1139 3493 1152 3517 ,
1183 3452 1398 3523 καρπὸν
1421 3452 1646 3523 χειλέων
1677 3455 1806 3524 ὁμο-

220 3540 522 3610 λογούντων
547 3543 626 3613 τῷ
649 3544 874 3614 ὀνόματι
904 3543 1092 3598 αὐτοῦ.
1135 3563 1154 3596 ι
1193 3546 1302 3598 Καὶ
1333 3545 1512 3600 πάλιν
1552 3565 1570 3597 ι
1611 3548 1720 3617 Τῆς
1749 3548 1806 3600 δὲ

221 3634 470 3696 εὐποιίας
500 3633 596 3687 καὶ
617 3633 902 3696 κοινωνίας
938 3633 1013 3704 μὴ
1034 3633 1487 3704 ἐπιλανθάνησθε.
1517 3635 1808 3699 Τοιαύταις

222 3728 326 3797 γὰρ
369 3725 584 3788 θυσίαις
628 3727 1002 3794 εὐαρεστεῖται
1042 3727 1070 3777 ὁ
1101 3724 1254 3787 Θεός.
1304 3743 1323 3776 ›
1362 3725 1580 3795 Καρποὶ
1617 3726 1725 3796 γὰρ
1757 3727 1806 3777 οἱ

223 3819 355 3889 πρὸς
394 3817 554 3888 ἡμῶν
584 3816 660 3887 τῷ
705 3817 826 3888 Θεῷ
875 3817 985 3869 τῶν
1025 3818 1082 3869 ἐν
1114 3816 1293 3870 πίστει
1343 3816 1803 3886 δεδικαιωμένων,

222 3911 362 3972 τίνες
397 3909 464 3963 ἂν
490 3904 600 3962 εἷεν
629 3909 843 3978 ἕτεροι,
878 3906 1017 3978 πλὴν
1051 3907 1132 3960 ὅτι
1163 3905 1440 3974 δοξολογία
1489 3905 1676 3978 μακρά
1715 3907 1806 3959 καὶ

221 4005 512 4075 διηνεκής;
545 4003 656 4055 Καὶ
683 4001 833 4072 θῦμα
858 4001 920 4054 τὸ
943 3999 1334 4072 καθαρώτατον
1371 4000 1471 4070 τῆς
1504 4000 1806 4072 ἀμωμήτου

223 4096 389 4167 ζωῆς,
422 4099 458 4167 ή
493 4094 884 4166 ἀπαράϐλητος
917 4093 1132 4147 εὐωδία.

291 4190 504 4244 ΠΔΛΛ.
548 4187 852 4256 Παγκάλως
880 4188 1012 4257 ἡμῖν
1041 4188 1069 4239 ὁ
1094 4185 1250 4255 λόγος
1283 4185 1414 4258 ἔχει,
1447 4187 1543 4241 καὶ
1576 4187 1804 4258 ἀληθὲς,

223 4284 303 4336 ὅτι
332 4282 642 4336 δικαιοῦταί
672 4299 756 4345 τις
798 4281 999 4352 ἥκιστα
1033 4281 1129 4350 μὲν
1162 4281 1219 4334 ἐν
1251 4280 1420 4351 νόμῳ,
1463 4280 1551 4334 διὰ
1578 4281 1810 4346 πίστεως

221 4373 279 4427 δὲ
311 4375 515 4444 μᾶλλον
557 4375 660 4450 τῆς
689 4377 746 4428 ἐν
773 4373 1014 4445 Χριστῷ,
1046 4373 1141 4426 καὶ
1172 4373 1556 4443 μυσταγωγίας
1581 4373 1808 4443 εὐαγγε-

1908 537 2073 591 quem
2103 537 2198 575 vos
2226 521 2414 576 vultis.
2444 521 2586 575 Ecce
2611 519 2784 584 venit,
2819 519 2957 574 dicit
2994 522 3262 578 Dominus
3313 524 3496 577 omni-

1906 624 2122 686 potens,
2155 623 2211 670 et
2237 615 2364 685 quis
2391 613 2696 670 sustinebit
2724 613 2872 668 diem
2917 613 3200 684 ingressus
3219 605 3378 685 ejus?
3399 629 3498 672 aut

1905 705 2033 775 quis
2065 705 2336 761 subsistet
2366 705 2425 760 in
2452 705 2668 761 visione
2684 705 2842 778 ejus?
2870 705 3001 774 quia
3046 708 3164 775 ipse
3191 706 3502 777 ingreditur

1907 797 2065 865 quasi
2090 797 2233 868 ignis
2262 797 2595 863 conﬂatorii,
2643 805 2700 852 et
2750 798 2907 868 quasi
2938 797 3112 852 herba
3168 798 3498 865 lavantium,

1901 897 1961 942 et
1999 888 2218 944 sedebit
2253 888 2502 945 conﬂans
2531 897 2590 945 et
2615 889 2924 945 emundans
2947 889 3094 945 sicut
3121 900 3411 960 argentum
3439 901 3494 948 et

1906 995 2101 1034 aurum
2145 982 2210 1035 ⁸⁸.
2251 1001 2268 1032 ι
2305 981 2719 1037 lnnovationem
2758 997 2890 1052 ergo
2939 982 3500 1054 reformationemque

1904 1072 2199 1128 sacerdotii
2233 1072 2474 1128 futuram
2507 1073 2664 1138 dicit,
2692 1084 2860 1143 atque
2896 1073 3071 1143 ipsam
3101 1084 3250 1130 certe
3277 1076 3497 1130 colendi

1904 1164 2156 1228 formam,
2207 1180 2318 1218 non
2361 1164 2511 1219 aliud
2574 1165 2862 1235 quidpiam
2914 1166 3032 1221 fore
3073 1165 3281 1222 indicat
3329 1183 3496 1237 quam

1904 1270 2145 1323 praesens
2172 1255 2376 1311 Christi
2407 1256 2750 1328 mysterium.
2786 1258 3000 1312 Rursus
3021 1273 3120 1329 per
3141 1258 3494 1314 Ezechielem

1905 1345 2134 1403 dixitde
2175 1348 2244 1403 iis
2302 1349 2397 1417 qui
2439 1348 2600 1404 electi
2635 1354 2910 1415 erant,‘ut
2951 1351 3263 1408 sacerdotio
3298 1352 3495 1424 funge-

1903 1447 2097 1493 rentur
2127 1457 2139 1492 :
2172 1459 2190 1490 ι
2212 1439 2308 1494 Isti
2331 1441 2596 1496 accedent
2625 1440 2693 1496 ad
2720 1457 2829 1508 me,
2864 1451 2925 1496 ut
2967 1443 3286 1500 ministrent
3318 1446 3493 1512 mihi;

1902 1536 1960 1583 et
1991 1530 2218 1585 stabunt
2248 1538 2375 1586 ante
2403 1531 2602 1588 faciem
2624 1549 2825 1599 meam,
2851 1543 2913 1588 ut
2942 1534 3177 1590 oﬂ‘erant
3217 1536 3352 1590 mihi
3393 1537 3494 1591 ho-

1902 1619 2084 1685 stiam,
2135 1619 2354 1690 adipem
2412 1629 2468 1676 et
2505 1623 2849 1692 sanguinem,
2882 1622 3018 1677 dicit
3045 1625 3310 1680 Dominus
3329 1626 3494 1682 Deus.

1904 1710 1998 1764 Isti
2031 1713 2412 1782 ingredientur
2446 1714 2501 1768 in
2530 1723 2716 1769 sancta
2751 1731 2894 1780 mea,
2923 1724 2980 1771 et
3013 1717 3102 1771 isti
3133 1718 3397 1773 accedent
3424 1719 3495 1773 ad

1906 1818 2152 1857 mensam
2174 1819 2372 1870 meam,
2408 1814 2469 1859 ut
2497 1807 2814 1861 ministrent
2838 1807 2904 1860 θ’.
2936 1827 2954 1860 ι
2992 1807 3224 1879 Adipem
3257 1825 3420 1880 porro
3440 1819 3497 1865 et

1905 1895 2249 1966 sanguinem,
2280 1905 2336 1951 et
2367 1897 2460 1952 illa
2499 1914 2704 1954 mensae
2731 1901 3038 1955 ministeria
3069 1916 3183 1955 non
3208 1903 3330 1973 jure
3352 1902 3498 1973 epti-

1904 2004 1997 2042 mo
2026 1989 2278 2044 dicemus
2303 2004 2425 2045 esse
2457 1989 2593 2046 illud
2616 1989 2820 2046 Christi
2847 1992 3207 2063 mysterium?

1978 2163 2176 2218 PALL.
2207 2164 2379 2219 Recte
2409 2164 2569 2219 dicis.

1977 2254 2136 2310 CYR.
2178 2255 2324 2322 Quin
2375 2257 2558 2327 ipsum
2623 2271 2846 2328 quoque
2898 2264 3117 2330 tempus
3161 2275 3273 2331 quo
3313 2277 3496 2317 rerum

1906 2347 2152 2402 omnium
2177 2347 2232 2401 in
2261 2348 2548 2402 meliorem
2570 2356 2774 2402 statum
2809 2365 3088 2415 recursus,
3115 2360 3171 2406 et
3207 2352 3299 2408 ille
3335 2353 3499 2408 inno-

1904 2440 2142 2493 vationis
2164 2439 2360 2494 modus
2380 2448 2527 2494 esset
2553 2439 2796 2504 futurus,
2832 2442 3184 2512 perspicuum
3215 2444 3376 2500 nobis
3397 2445 3496 2499 ad-

1906 2530 2132 2584 modum
2203 2531 2355 2595 fecit,
2403 2547 2530 2586 cum
2581 2532 2723 2587 dixit
2750 2533 2899 2587 Deus
2945 2552 2958 2587 :
3007 2554 3026 2586 ‹
3071 2535 3140 2588 Et
3192 2537 3298 2590 erit
3335 2553 3366 2590 a
3408 2537 3498 2591 die

1905 2631 2118 2688 octava,
2148 2631 2205 2678 et
2236 2624 2377 2678 ultra
2412 2623 2616 2679 facient
2646 2625 2969 2680 sacerdotes
3000 2640 3168 2696 super
3195 2627 3368 2682 altare
3389 2628 3496 2682 ho-

1904 2716 2148 2769 locausta
2187 2722 2392 2779 vestra,
2429 2723 2486 2769 et
2527 2729 2649 2785 qua:
2683 2716 2878 2770 salutis
2913 2724 3112 2772 vestrae
3149 2732 3315 2772 causa
3357 2718 3498 2775 offe-

1906 2814 2106 2859 runtur
2143 2823 2156 2857 :
2187 2813 2244 2859 et
2262 2805 2561 2875 suscipiam
2585 2821 2706 2871 vos,
2740 2805 2876 2861 dicit
2898 2807 3168 2863 Dominus
3195 2810 3258 2862 3'.
3297 2829 3316 2860 ι
3340 2810 3498 2865 Diem

1906 2905 2186 2963 octavum,
2225 2898 2528 2971 Salvatoris
2571 2899 2745 2954 nostri
2796 2903 3224 2957 resurrectionis
3279 2911 3499 2973 tempus

1899 2990 2164 3059 appellat,
2206 3006 2317 3060 quo
2337 2990 2679 3056 holocausta,
2719 2992 2773 3046 id
2795 3001 2881 3047 est
2910 2993 3154 3062 perfecta
3173 2994 3499 3066 integraque

1907 3081 2253 3138 credentium
2294 3084 2660 3149 consecratio,
2713 3085 2828 3140 Deo
2865 3086 3176 3155 gratissima
3211 3102 3275 3141 ac
3329 3087 3496 3156 spiri-

1909 3174 2079 3229 tualia
2107 3190 2337 3229 munera
2360 3174 2710 3241 offeruntur;
2745 3174 2911 3244 idque
2947 3175 3113 3230 docet
3143 3175 3340 3229 beatus
3356 3175 3498 3230 Pau-

1905 3265 2012 3330 lus,
2053 3281 2177 3320 cum
2231 3265 2427 3319 scribit
2474 3281 2486 3316 :
2544 3283 2562 3313 ι
2606 3264 2711 3318 Per
2759 3263 2938 3332 ipsum
2985 3265 3154 3334 igitur
3211 3264 3499 3321 oll‘erimus

1907 3358 2144 3413 hostiam
2175 3356 2354 3410 laudis
2379 3371 2597 3424 semper
2644 3356 2778 3419 Deo,
2811 3355 2866 3408 id
2895 3362 2981 3409 est
3004 3395 3018 3420 ,
3049 3355 3292 3408 fructum
3318 3355 3496 3410 labio-

1907 3465 2032 3504 rum
2062 3447 2444 3502 conﬁtentium
2462 3445 2673 3499 nomini
2691 3446 2813 3515 ejus
2858 3444 2936 3516 (1)
2969 3444 3036 3498 “.
3074 3463 3093 3496 ι
3147 3445 3439 3500 Etiterum
3479 3460 3494 3500 :

1917 3559 1935 3590 ‹
1972 3537 2355 3593 Beneﬁcentia:
2387 3544 2570 3590 autem
2599 3543 2654 3590 et
2686 3535 3097 3590 communionis
3143 3534 3318 3590 nolite
3351 3535 3498 3590 obli-

1906 3632 2077 3696 visci;
2114 3630 2318 3684 talibus
2356 3629 2505 3685 enim
2545 3629 2742 3683 hostiis
2789 3635 3140 3698 promeretur
3186 3629 3333 3684 Deus
3365 3628 3431 3683 ⁸⁵.
3470 3648 3490 3682 ι

1907 3724 2141 3778 Fructus
2167 3722 2312 3776 enim
2341 3737 2372 3776 a
2402 3722 2583 3787 nobis,
2619 3723 2714 3792 qui
2735 3723 2792 3776 in
2826 3721 2934 3776 ﬁde
2964 3720 3248 3792 justiﬁcati
3283 3736 3496 3788 sumus,

1909 3815 2128 3883 quinam
2147 3815 2259 3869 Deo
2275 3814 2461 3869 offerri
2495 3824 2727 3885 possunt
2756 3816 2850 3870 alii
2879 3831 3042 3886 quam
3060 3815 3164 3886 61
3187 3816 3307 3886 ejus
3329 3816 3499 3888 glori-

1909 3905 2090 3961 ﬁcatio
2117 3907 2264 3978 jugis
2289 3917 2454 3977 atque
2482 3909 3002 3979 perpetua?Hostia
3033 3909 3166 3966 item
3201 3911 3500 3981 purissima

1907 4003 2011 4060 est,
2054 3996 2347 4052 laudabilis
2376 3998 2503 4052 vitae
2525 3999 2663 4053 odor
2690 3999 2946 4055 eximius.

1978 4189 2175 4244 PALL.
2207 4190 2474 4245 Praeclare
2510 4206 2568 4244 se
2601 4190 2771 4245 habet
2798 4191 2996 4257 oratio,
3036 4191 3498 4262 verissimumque

1909 4289 1993 4336 est
2031 4281 2258 4336 minime
2305 4296 2406 4350 per
2457 4281 2632 4350 legem
2667 4280 2959 4350 justiﬁcari
3006 4280 3356 4349 quempiam,
3401 4281 3498 4335 sed

1912 4373 2096 4444 potius
2126 4388 2226 4443 per
2242 4372 2407 4427 ﬁdem
2439 4372 2509 4442 in:
2536 4371 2819 4427 Christum
2854 4381 2910 4426 et
2936 4371 3305 4441 evangelieam
3335 4371 3504 4426 disci-

224 4466 403 4536 λικῆς.
447 4464 724 4535 Ἑθέλοιμι
764 4464 807 4516 δ’
845 4462 913 4517 ἂν
965 4464 1058 4516 καὶ
1100 4463 1167 4516 δι’
1203 4463 1451 4534 ἐναργῶν
1501 4464 1630 4533 ἡμῖν
1679 4463 1806 4517 ίέναι

1916 4467 2143 4536 plinam.
2197 4463 2468 4520 Caeterum
2511 4464 2680 4519 velim
2720 4463 3126 4534 expositionem
3167 4463 3311 4518 hanc
3350 4471 3499 4518 tuam

222 4558 688 4630 παραδειγμάτων
717 4556 815 4627 τὴν
845 4556 1144 4626 ἀφήγησιν,
1173 4555 1268 4610 καὶ¹
1299 4553 1359 4620 ἐξ
1379 4554 1558 4609 αὐτῶν
1602 4555 1807 4610 τούτων

226 4649 424 4722 μαθεῖν
449 4649 561 4703 τῶν
589 4648 749 4720 ἱερῶν
780 4648 1157 4718 Γραμμάτων.

296 4743 462 4796 ΚΥΡ.
507 4741 736 4807 Οὐκοῦν,
783 4735 829 4794 ὢ
886 4739 1131 4810 φιλότης,
1192 4735 1309 4810 εἶμι
1363 4739 1461 4810 μὲν
1505 4739 1617 4808 ἐγὼ
1674 4739 1810 4811 πρὸς

216 4835 383 4890 τοῦτο
426 4835 681 4905 ἑτοίμως,
726 4833 847 4886 ἐπεί
886 4850 965 4886 σοι
1011 4833 1176 4885 δοκεῖ.
1213 4833 1286 4885 Σὺ
1318 4832 1374 4885 δὲ
1421 4831 1482 4903 δή
1524 4849 1612 4902 μοι
1649 4832 1812 4886 πάλιν

220 4927 318 4980 τὸν
363 4925 568 4996 ἀκριϐῆ
615 4942 677 4978 τε
727 4924 822 4979 καὶ
872 4923 1243 4993 ἀπεξεσμένον
1292 4925 1376 4992 ἐφ’
1433 4925 1648 4994 ἑκάστῳ
1703 4924 1812 4976 τῶν

220 5018 606 5089 θεωρημάτων
639 5015 860 5081 ἐξέταζε
889 5015 1036 5070 νοῦν.
1071 5015 1182 5068 Καὶ
1223 5017 1276 5068 εἴ
1302 5017 1384 5068 σοί
1410 5033 1462 5068 τι
1489 5015 1702 5086 δόξαιμι
1739 5014 1813 5086 μὴ

218 5109 346 5164 λίαν
371 5109 549 5180 ὀρθῶς
571 5111 732 5173 νοεῖν,
766 5108 800 5178 ἢ
839 5106 1047 5175 λέγειν,
1081 5107 1356 5176 νηφαλίως
1389 5106 1689 5178 ἐπανόρθου
1721 5106 1814 5159 καὶ

221 5198 531 5272 μεθόρμιζε
556 5197 768 5269 σαφῶς,
806 5199 933 5262 τοὺς
961 5197 1072 5250 τῶν
1092 5196 1361 5250 τεκτόνων
1393 5196 1648 5267 ἀρίστους
1678 5199 1814 5251 ἁποο

221 5292 588 5364 μιμούμενος,
615 5292 664 5344 οἳ
701 5289 920 5344 ἐπειδὰν
951 5288 1135 5359 ἐξήκοι
1169 5287 1262 5340 τοῦ
1296 5287 1627 5358 καθήκοντος
1652 5289 1810 5358 λόγου

1913 4557 2180 4627 exemplis
2195 4557 2328 4611 item
2355 4556 2663 4628 perspicuis
2683 4555 3022 4624 conﬁrmari,
3054 4564 3220 4626 atque
3235 4571 3304 4612 ex
3327 4554 3502 4612 sacris

1915 4650 2138 4706 Litteris
2165 4650 2299 4704 mihi
2329 4650 2472 4705 idem
2501 4650 2723 4720 planum
2755 4648 2893 4704 ﬁeri.

1986 4740 2143 4796 CYR.
2170 4741 2344 4796 Venio
2380 4741 2546 4812 igitur
2581 4740 2698 4810 ipse
2731 4741 2798 4796 ad
2831 4741 2972 4795 hanc
3000 4747 3232 4811 partem,
3268 4739 3498 4805 Palladi,

1918 4833 2175 4897 libenter,
2209 4833 2337 4902 quia
2354 4831 2435 4888 sic
2461 4832 2558 4887 tibi
2590 4833 2826 4888 videtur.
2849 4833 2929 4886 Tu
2945 4847 3076 4886 vero
3104 4830 3498 4884 mihivicissim

1920 4925 2178 4980 subtilem
2211 4934 2268 4980 et
2294 4925 2594 4996 expolitum
2624 4927 2678 4981 in
2698 4940 3023 4995 unaquaque
3040 4922 3500 4992 contemplatione

1919 5033 2141 5072 sensum
2173 5019 2432 5088 exquiras
2464 5019 2631 5074 velim
2668 5037 2680 5072 :
2708 5034 2790 5082 ac,
2811 5017 2857 5071 si
2894 5015 2992 5069 tibi
3022 5015 3206 5069 minus
3235 5022 3382 5069 recte
3403 5024 3500 5069 aut

1919 5110 2124 5166 sentire
2144 5111 2394 5176 videbor,
2439 5121 2532 5166 aut
2566 5112 2770 5182 eloqui,
2812 5109 3113 5180 prudenter
3148 5109 3389 5180 corrigas
3444 5118 3500 5166 et

1919 5203 2179 5259 emendes
2198 5214 2406 5276 aperte,
2426 5205 2703 5260 fabrorum
2722 5203 3300 5274 priestantissimorum
3317 5216 3500 5257 exem-

1919 5295 2046 5364 plo,
2084 5298 2218 5366 qui,
2254 5297 2429 5352 sicubi
2464 5311 2600 5366 opus
2637 5295 2786 5366 quod
2825 5295 2882 5350 in
2926 5295 3181 5351 manibus
3217 5293 3422 5348 habent
3465 5307 3498 5346 a

287 5491 339 5526 "
374 5494 604 5550 Halach.
646 5509 726 5559 ut,
766 5493 898 5560 2,5.
975 5493 1021 5524 θ’
1063 5493 1268 5548 Ezech.
1310 5507 1453 5557 XLIV,
1491 5490 1577 5557 15,
1615 5489 1700 5543 16.
1781 5489 1801 5520 ⁸

1912 5489 2047 5545 :ech.
2075 5508 2220 5557 mn,
2252 5492 2341 5545 27.
2421 5491 2466 5522 ⁸³
2493 5491 2660 5547 Hebr.
2703 5508 2793 5558 xv,
2817 5491 2904 5547 15.
2986 5491 3032 5524 ⁸⁵
3060 5488 3224 5545 Hebr.
3257 5502 3378 5546 xm.
3407 5487 3495 5541 16.

292 5638 372 5709 (1)
405 5637 695 5709 Fructum
716 5633 1264 5709 labiorumAperinde
1295 5632 1554 5709 intelligit
1586 5631 1812 5709 hi_c_Pa-

215 5701 315 5763 ter.
339 5701 405 5763 ac
450 5708 495 5761 si
529 5706 866 5760 oblationem
906 5701 1178 5760 labiorum
1213 5705 1445 5759 dixisset
1474 5701 1772 5772 Apostolus
1795 5742 1810 5764 ,

217 5795 332 5850 quo
360 5777 630 5848 loquendi
658 5793 808 5832 more
836 5793 977 5849 saepe
1018 5775 1162 5832 LXX
1190 5785 1318 5831 sunt
1348 5776 1432 5830 usi
1471 5789 1597 5829 cum
1621 5772 1811 5829 dicunt

1921 5629 2298 5772 ἒῖσρᾷτρὲρῑρίαν
2321 5637 2378 5687 et
2408 5631 2778 5702 καρποφορεῖν
2815 5645 2918 5702 pro
2939 5642 3005 5685 eo
3029 5624 3179 5699 quod
3202 5632 3287 5682 est
3307 5621 3498 5677 Θυσίαν
