3968 6300
498 289 600 346 2'51

1535 287 1590 343 S.
1631 285 1908 342 CYRILLI
1944 280 2413 340 ALEXANBRINI
2453 275 2769 333 ARCHIEP.

3664 278 3772 336 259.

501 400 731 460 rationis
762 400 1005 470 artisque
1034 399 1355 470 praescripto
1371 398 1679 463 deﬂexerit,
1712 399 1766 453 id
1788 396 2083 453 artiﬁciose

2194 394 2248 448 τὸ
2295 395 2572 466 ὲνχερσὶ,
2618 390 3115 465 μεταρυθμίξουσιν
3163 390 3430 462 εὐτέχνως
3473 391 3567 445 ἐπὶ
3607 391 3670 445 τὸ
3699 392 3771 458 ὡς
3834 445 3849 449 ,

501 493 918 557 reconcinnant,
958 500 1124 561 atque
1159 491 1226 545 ad
1255 492 1487 547 formam
1522 499 1785 546 revocant
1825 504 1950 560 qua:
1975 489 2085 544 illis

500 585 709 655 optima
734 584 1005 639 videatur.
1050 582 1273 638 lnitium
1294 599 1427 639 vero
1463 583 1520 637 in
1571 583 1676 637 hac
1710 582 2086 652 disputatione

501 691 783 732 sumemus
812 691 843 729 a
860 690 1145 729 sacrorum
1177 675 1479 746 interprete
1504 674 1708 746 Moyse,
1727 674 1886 744 cujus
1905 664 2099 728 histo-‘

499 769 637 823 riam
654 767 749 823 ubi
771 766 977 821 cursim
1009 766 1261 837 attigero,
1284 776 1407 822 tum
1424 782 1557 822 sane
1587 764 1919 821 conﬁrmare
1940 764 2087 819 nitar

501 867 665 927 atque
692 857 983 912 ostendere
1028 857 1338 928 perspicue,
1363 857 1503 912 nihil
1535 857 1604 913 ad
1638 855 1948 928 perfectum
1985 854 2086 911 ad-

500 949 724 1004 duxisse
767 958 983 1020 legem,
1005 965 1241 1020 eamque
1268 964 1378 1004 non
1409 965 1531 1005 esse
1566 948 1635 1003 ad
1665 949 1899 1003 salutem
1931 948 2084 1015 satis,

450 1098 454 1105 ,
500 1042 858 1112 omniumque
884 1042 1171 1097 hominum
1215 1051 1330 1097 tum
1360 1041 1787 1112 redemptorem,
1818 1048 1935 1095 tum
1977 1040 2087 1095 sal-

500 1144 745 1189 vatorem
771 1150 895 1191 esse
922 1133 1226 1190 Christum.

457 1274 461 1285 ι
568 1223 765 1283 PALL.
797 1229 963 1297 Atqui
1004 1228 1085 1283 sic
1113 1227 1336 1293 habeto,
1360 1243 1473 1282 non
1492 1227 1829 1282 mediocrem
1862 1234 1920 1281 te
1973 1224 2088 1280 uti-

446 1314 453 1323 ’
498 1318 709 1374 litatem
760 1320 1076 1384 allaturum,
1110 1318 1164 1373 si
1194 1319 1251 1373 in
1286 1318 1390 1374 hac
1428 1334 1650 1389 quoque
1682 1324 1836 1388 parte
1861 1324 2088 1371 cuncta-

501 1412 706 1466 tionem
777 1409 1013 1476 viceris;
1075 1410 1331 1481 quamvis
1393 1411 1544 1465 enim
1602 1407 1923 1464 dilﬁcillima
1980 1406 2090 1461 sint

500 1520 568 1559 ea
625 1519 749 1574 quae
786 1503 1105 1574 aggrederis
1128 1543 1143 1567 ,
1194 1502 1627 1572 diﬂicillimeque
1678 1498 1914 1571 spectari
1960 1512 2088 1568 pos-

499 1597 571 1649 sit
622 1611 812 1650 earum
875 1610 1058 1650 rerum
1104 1609 1242 1665 quas
1294 1594 1626 1665 inquirimus
1668 1591 1905 1656 veritas,
1936 1590 2091 1645 dives

500 1696 682 1743 tamen
705 1696 809 1752 est,
839 1686 934 1758 qui
957 1686 1160 1741 revelat
1195 1687 1359 1742 Deus.

2186 485 2386 557 ἄριστα
2408 486 2552 555 ἔχειν
2575 483 2785 539 δοκοῦν.
2804 484 3085 555 ’Δπαρχὴν
3104 482 3163 537 δὲ
3191 482 3343 536 ὥσπε
3352 500 3382 553 ρ
3409 482 3532 538 τινὰ
3552 483 3662 538 τῶν
3695 486 3772 549 είς

2186 593 2253 645 γε
2280 577 2439 629 ταυτὶ
2468 575 2811 647 ποιησόμεθα
2853 575 3031 645 λόγων
3060 575 3151 629 τὸν
3188 575 3516 647 ἱεροφάντην
3543 578 3768 644 Μωσέα,

2187 668 2283 721 καὶ
2313 668 2411 739 τῆς
2436 669 2561 722 κατ’
2588 667 2755 721 αὐτὸν
2786 667 3028 737 ἱστορίας
3060 667 3430 739 ὲπιδρομάδην
3468 667 3769 740 ἁψάμενος,

2187 759 2554 831 πληροφορεῖν
2605 755 2665 814 εὖ
2713 759 2859 831 μάλα
2912 760 3282 831 πειράσομαι,
3318 762 3414 814 καὶ
3458 764 3770 828 καταδεῖξαι

2190 853 2380 921 σαφῶς
2398 892 2415 918 ,
2455 853 2847 908 τετελειωκότα
2872 852 2970 925 μὲν
2993 854 3085 907 τὸν
3111 853 3276 925 νόμον
3305 854 3483 921 οὐδὲν,
3515 854 3641 910 οὔτε
3666 857 3770 928 μὴν

2187 944 2517 1015 ἀποχρῶντα
2551 944 2690 1017 πρὸς
2732 946 3005 1017 σωτηρίαν
3026 962 3040 977 ·
3091 944 3371 1019 λυτρωτὴν
3405 947 3468 1006 δὲ
3500 948 3609 1003 τῶν
3635 949 3770 1006 ὅλων

2188 1036 2286 1090 καὶ
2319 1037 2543 1107 σωτῆρα
2574 1038 2618 1091 Χ
2626 1039 2829 1108 ριστόν.

2261 1213 2473 1267 ΠΑΛΛ.
2516 1214 2592 1268 Οὐ
2631 1213 2871 1295 μετρίαν
2903 1213 3012 1267 ίσθι
3062 1231 3145 1267 τοι
3187 1213 3366 1278 διδοὺς
3412 1214 3513 1286 τὴν
3561 1212 3769 1289 ῦνησιν,

2180 1304 2348 1359 ίδκνου
2395 1305 2681 1377 κρείττονα
2730 1306 2927 1360 σαυτὸν
2978 1304 3079 1360 κᾶν
3124 1306 3299 1377 τούτῳ
3350 1306 3564 1371 δεικνύς
3586 1325 3600 1337 ⁸
3649 1309 3774 1363 δυσ-

2188 1394 2388 1463 έφικτα
2418 1395 2519 1465 μὲν
2564 1394 2676 1467 γὰρ
2719 1394 2790 1449 τὰ
2827 1396 2885 1448 ὲν
2924 1394 3083 1466 χερσὶ
3114 1395 3253 1463 λίαν,
3284 1398 3378 1451 καὶ
3402 1397 3770 1466 δυσκάτοπτος

2191 1484 2387 1556 κομιδῇ
2418 1484 2526 1538 τῶν
2565 1484 2913 1556 ζητουμένων
2960 1487 2993 1556 η
3023 1486 3244 1555 γνῶσις,
3282 1487 3541 1553 πλούσιός
3570 1506 3635 1560 γε
3664 1492 3771 1564 μὴν

2189 1577 2220 1629 ὁ
2253 1577 2609 1632 ὲκκαλύπτων
2629 1578 2783 1643 Θεός.

2262 1671 2428 1727 ΚΥΡ.
2471 1666 2547 1726 Εὖ
2574 1670 2774 1740 λέγεις,
2799 1672 2896 1727 καὶ
2915 1672 2977 1742 δή
3004 1689 3075 1742 με
3098 1674 3223 1727 κυσὶ
3245 1676 3365 1739 ταῖς
3386 1675 3771 1747 εὑρινωτάταις

488 1808 489 1811 η
569 1780 726 1835 CYB.
748 1744 917 1835 Recte
957 1779 1133 1846 dicis;
1152 1788 1209 1835 et
1230 1796 1317 1835 me
1332 1780 1444 1851 jam
1469 1793 1624 1847 aeque
1651 1792 1715 1833 ac
1748 1774 2083 1847 sagacissimi

2194 1764 2252 1817 ὲν
2290 1763 2411 1835 ῐσῳ,
2440 1764 2561 1818 κατ’
2605 1762 2749 1835 ίχνος
2782 1765 2922 1820 ἰέναι
2950 1766 3135 1822 λοιπὸν
3171 1767 3277 1821 τῶν
3305 1769 3363 1822 ὲν
3397 1744 3550 1839 βάθει
3586 1788 3647 1825 τε
3679 1772 3772 1826 καὶ

500 1889 667 1928 canes
709 1873 971 1935 assolent,
998 1872 1368 1943 pervestigare
1403 1870 1623 1925 abditos
1680 1868 1737 1923 in
1784 1866 2080 1939 profundo,

500 1964 958 2033 obscurioresque
986 1977 1201 2028 sensus,
1238 1970 1330 2016 tua
1359 1961 1554 2017 suadet
1585 1961 1783 2016 oratio.
1820 1959 1991 2031 Igitur
2027 1959 2083 2013 in

499 2055 720 2109 deserto
763 2054 1126 2110 Madianiticae
1175 2054 1474 2124 provinciae
1504 2053 1666 2108 beato
1682 2052 1849 2124 Moysi
1892 2067 2086 2124 greges

498 2146 682 2199 ovium
714 2145 984 2215 pascenti,
1004 2161 1127 2201 cum
1154 2146 1258 2201 sub
1289 2146 1419 2217 ipsis
1443 2145 1724 2201 radicibus
1755 2153 1902 2201 esset
1923 2162 2084 2202 mon-

497 2237 570 2293 tis
625 2237 829 2301 Iloreh,
882 2253 1022 2292 nova
1070 2237 1320 2309 quaedam
1358 2252 1467 2303 res,
1515 2244 1572 2292 et
1608 2236 1859 2292 miraculi
1892 2236 2082 2307 'plena,

496 2330 611 2385 Deo
634 2328 892 2394 faciente,
925 2336 1229 2384 monstrata
1262 2334 1347 2383 est
1371 2346 1385 2381 ε
1418 2347 1435 2379 ι
1459 2327 1727 2398 Apparuit
1753 2327 1902 2383 enim
1930 2327 2033 2392 illi,
2059 2347 2076 2378 ι

498 2422 697 2493 inquit,
742 2442 760 2473 ι
789 2422 1019 2493 angelus
1048 2421 1106 2475 in
1136 2420 1355 2475 ﬂamma
1380 2420 1523 2491 ignis
1560 2420 1631 2475 de
1659 2420 1821 2485 rubo,
1854 2428 1911 2476 et
1946 2420 2087 2475 vidit

497 2515 647 2584 quod
661 2514 833 2567 rubus
849 2514 1069 2567 arderet
1097 2512 1233 2584 igni,
1265 2519 1323 2567 et
1339 2527 1448 2566 non
1472 2512 1909 2567 combureretur.
1939 2512 2086 2567 Dixit

497 2614 683 2659 autem
728 2604 939 2673 Moyses
981 2620 994 2656 :
1029 2602 1235 2658 Vadam
1284 2617 1349 2656 ac
1381 2601 1584 2657 videbo
1630 2602 1901 2657 visionem
1942 2601 2086 2658 hanc

498 2713 774 2769 magnam,
793 2712 894 2751 cur
911 2711 1021 2750 non
1038 2695 1397 2750 comburatur
1426 2696 1603 2751 rubus
1630 2697 1697 2750 ⁸⁸.
1727 2717 1744 2748 ι
1771 2696 1868 2752 Est
1898 2704 2082 2752 autem

499 2789 674 2843 rubus
709 2802 823 2841 non
856 2786 1076 2843 exculta
1122 2786 1307 2851 arbor,
1360 2786 1457 2842 sed
1490 2787 1757 2843 silvestris
1808 2788 1979 2858 spinae
2021 2803 2085 2844 ac

498 2881 689 2953 stirpis
723 2889 997 2936 montanae
1013 2895 1208 2951 genus,
1234 2880 1290 2933 in
1312 2896 1420 2950 qua
1443 2880 1768 2935 miraculum
1793 2880 1929 2936 illud
1952 2881 2083 2936 hor-

498 2971 645 3025 roris
668 2970 892 3041 plenum
923 2969 1213 3033 edebatur,
1244 2969 1393 3039 quod
1423 2970 1668 3042 mysterii
1705 2970 1933 3042 ﬁguram
1984 2987 2083 3043 ap-

2187 1858 2572 1928 ἀφανεστέρων
2602 1858 2843 1921 ἐννοιῶν,
2891 1860 2919 1910 ὁ
2953 1858 3045 1921 σὸς
3074 1859 3383 1935 παραθήγει
3415 1861 3594 1932 λόγος.
3627 1864 3771 1918 Οὐκ-

2185 1950 2281 2004 οῦν
2323 1952 2381 2004 ὲν
2431 1951 2624 2022 ἐρήμῳ
2658 1950 2788 2006 ποτὲ
2840 1952 2906 2021 τῇ
2961 1951 3106 2006 κατά
3152 1950 3252 2023 τὴν
3284 1951 3626 2025 καλουμένην
3654 1956 3772 2010 M1-

2184 2044 2336 2115 διάμ,
2366 2044 2493 2098 όῖων
2522 2044 2724 2113 ἀγέλας
2750 2044 3188 2114 διαποιμαίνοντι
3214 2043 3292 2116 τῷ
3317 2047 3575 2118 μακαρίῳ
3598 2048 3769 2119 Μωσῇ

2186 2138 2324 2209 πρὸς
2346 2138 2537 2200 αὐταῖς
2555 2153 2614 2190 τε
2640 2139 2759 2201 ταῖς
2785 2137 3081 2208 ὑπωρείαις
3103 2135 3217 2191 ὄντι
3243 2136 3337 2189 τοῦ
3361 2137 3522 2210 ὅρους
3544 2138 3769 2210 Χωρὴό,

2186 2229 2376 2301 χρῆμά
2396 2248 2449 2283 τι
2473 2228 2621 2297 ξένον
2645 2229 2740 2282 καὶ
2767 2230 2869 2282 οὐκ
2899 2228 3246 2300 ἀθαύμαστον
3270 2228 3405 2283 Θεοῦ
3437 2230 3773 2302 πληροῦντος

2187 2324 2479 2376 ἐδείκνυτο.
2523 2341 2540 2374 ι
2580 2322 2757 2391 Ὤσξθη
2780 2321 2890 2392 γὰρ
2913 2321 3082 2392 αὐτῷ,
3125 2340 3143 2374 ι
3175 2321 3357 2392 φησὶν,
3386 2340 3406 2373 ι
3442 2322 3679 2392 ἄγγελος
3704 2326 3765 2378 ὲν

2187 2413 2359 2484 πυρὸς
2389 2412 2551 2483 φλογὶ
2573 2415 2637 2467 ὲκ
2674 2412 2839 2484 βάτου
2857 2430 2871 2444 ·
2908 2413 3004 2467 καὶ
3030 2412 3176 2484 ἑώρα
3205 2414 3286 2467 ὅτι
3309 2415 3339 2467 ὁ
3365 2412 3524 2483 βάτος
3557 2415 3776 2470 ὲκαίετυ·

2187 2507 2342 2579 πυρὶ,
2399 2508 2428 2559 ὁ
2480 2505 2537 2559 δὲ
2583 2504 2850 2575 βάτος,ού
2883 2504 3222 2560 κατεκαίετο.
3263 2500 3399 2561 Eius
3442 2506 3502 2560 δὲ
3544 2508 3770 2579 Μωσῆς·

2187 2595 2482 2669 Παρελθὼν
2516 2596 2733 2668 -δψομαι
2776 2596 2839 2650 τὸ
2883 2598 3067 2668 ὅραμα
3113 2598 3175 2651 τὸ
3205 2598 3348 2669 μέγα
3372 2598 3554 2665 τοῦτο,
3593 2602 3675 2656 ὅτι
3708 2604 3774 2657 σύ

2186 2689 2600 2744 κατακαίεταιὸ
2633 2689 2813 2760 βάτος.
2852 2707 2872 2740 ι
2910 2688 3076 2743 Ξύλον
3113 2689 3170 2743 δὲ
3203 2690 3327 2762 οὐχὶ
3349 2692 3459 2746 τῶν
3486 2693 3712 2766 ἡμέρων
3742 2696 3775 2748 ό

2186 2783 2369 2855 βάτος,
2408 2783 2609 2855 ἀγρίας
2644 2782 2701 2836 δὲ
2732 2782 2932 2855 μᾶλλον
2984 2782 3227 2854 ἀκάνθης
3256 2780 3417 2851 εἶδος,
3450 2786 3543 2840 καὶ
3586 2787 3778 2860 ὀρεσι-

2183 2882 2386 2951 τρόςρου
2438 2879 2616 2951 ῥίζης,
2667 2879 2752 2948 ἐφ’
2862 2877 2924 2931 τὸ
2962 2878 3190 2949 φρικτὸν
3223 2879 3528 2951 ἐπράττετο
3559 2879 3776 2954 θαῦμα,

2187 2971 2494 3044 μυστηρίου
2542 2969 2713 3024 τύπον
2745 2966 2805 3025 εὖ
2842 2969 2988 3041 μάλα
3038 2969 3300 3043 πληροῦν.
3341 2972 3611 3042 Ἀγγελος
3662 2976 3781 3046 γὰρ

502 3063 711 3118 tissime
742 3062 988 3134 gerebat.
1027 3061 1271 3133 Angelus
1308 3061 1511 3132 quippe
1548 3061 1597 3117 is
1634 3071 1757 3117 erat
1798 3063 1896 3134 qui
1941 3063 2083 3134 ignis

2194 3059 2255 3136 ῆν
2280 3064 2356 3125 ὡς
2398 3066 2455 3117 ὲν
2498 3062 2627 3116 εῖδει
2665 3061 2837 3133 πυρὸς
2885 3062 3007 3117 ὅλον
3046 3062 3221 3117 διόλου
3274 3048 3777 3134 καταὸοἷῖκόμενος,

500 3157 683 3227 specie
710 3160 886 3210 totum
921 3153 1164 3224 undique
1182 3153 1602 3224 depascebatur,
1631 3155 1740 3226 62
1758 3170 1937 3225 neque
1949 3155 2005 3210 in
2019 3171 2085 3211 ea

503 3253 686 3301 tamen
717 3245 889 3316 stirpe
912 3244 1202 3315 vestigium
1248 3243 1391 3315 ignis
1412 3245 1587 3300 ullum
1622 3245 2092 3317 imprimebatzac

485 3328 613 3388 'non
641 3350 802 3389 secus
825 3349 990 3404 quam
1020 3334 1067 3389 si
1091 3334 1319 3389 minime
1342 3334 1391 3389 is
1422 3334 1662 3401 adesset,
1702 3352 1772 3392 ne
1806 3337 2091 3392 minimam

500 3423 721 3495 quidem
739 3424 937 3479 caloris
952 3432 1162 3494 partem
1184 3424 1256 3478 ab
1277 3424 1401 3494 igne
1415 3424 1583 3480 arbor
1600 3424 1695 3480 illa
1735 3425 2087 3497 suscipiebat.

571 3514 773 3569 PALL.
804 3514 951 3582 Quid
982 3515 1151 3585 igitur
1171 3514 1309 3569 illud
1337 3516 1495 3569 erat?

573 3606 731 3662 CYR.
787 3607 977 3661 lsraeli
1028 3606 1294 3661 nimirum
1344 3615 1601 3675 tanquam
1630 3607 1870 3664 silvestri
1907 3608 2091 3663 arbori

501 3715 568 3755 ac
593 3699 772 3754 dulcis
815 3699 1040 3769 iustitiae
1080 3699 1292 3753 fructus
1331 3700 1514 3754 nullos
1556 3700 1804 3767 habenti,
1844 3701 1991 3770 quod
2029 3701 2087 3755 in

499 3792 879 3864 [Egyptiorum
929 3791 1144 3862 legibus
1186 3792 1451 3857 aleretur,
1491 3794 1810 3864 angelorum
1852 3795 2089 3849 admini-

504 3884 770 3941 stratione
800 3883 978 3939 danda
1005 3885 1093 3939 lex
1120 3892 1259 3949 erat,
1296 3899 1419 3954 qua:
1448 3885 1797 3940 illuminandi
1821 3886 1932 3941 vim
1963 3887 2088 3957 qui-

505 3978 631 4032 dem
655 3976 903 4041 haberet,
929 3976 975 4031 si
1009 3976 1373 4047 spiritualiter
1401 3976 1816 4047 intelligeretur,
1848 3985 1905 4032 et
1933 3993 2089 4032 men-

508 4070 579 4126 tis
632 4070 892 4125 tenebras
941 4069 1210 4140 repellere
1254 4076 1440 4139 posset
1492 4069 1681 4139 (habet
1742 4070 1890 4124 enim
1947 4069 2089 4140 ignis

503 4173 723 4228 natura,
763 4173 826 4219 ut
852 4162 1054 4219 eﬁiciat
1090 4162 1147 4217 id
1169 4161 1413 4234 quoque)
1436 4202 1451 4227 ,
1476 4162 1574 4217 sed
1605 4178 1671 4218 ea
1713 4170 1895 4218 tamen
1940 4163 2088 4218 acci-

507 4257 793 4328 pientibus
833 4254 1049 4310 inutilis
1074 4254 1200 4320 fuit,
1254 4254 1404 4309 nulla
1437 4253 1613 4324 ipsius
1643 4255 1837 4326 culpa;
1871 4270 2085 4319 verum,

506 4350 653 4421 quod
688 4349 748 4415 ii,
783 4348 1117 4419 quibuscum
1152 4345 1436 4417 agebatur,
1472 4346 1698 4402 minime
1728 4348 1914 4402 lumen
1950 4345 2087 4400 illud

2191 3156 2445 3227 αἴσθησιν
2494 3154 2553 3209 δὲ
2607 3154 2687 3225 τῷ
2736 3153 2879 3226 ξύλῳ
2898 3153 3197 3225 ⁸μηδεμίαν
3246 3154 3477 3219 ἐντιθεὶς
3524 3156 3625 3227 τῆς
3676 3158 3781 3211 τοῦ

2192 3247 2365 3320 πυρὸς
2392 3247 2692 3318 ἐνεργείας,
2726 3249 2785 3300 ὲν
2818 3247 2920 3318 [τῳ
2946 3246 3003 3299 δὲ
3037 3246 3227 3319 ῶσπερ
3257 3249 3305 3301 εί
3333 3245 3426 3301 καὶ
3462 3249 3537 3321 μὴ
3565 3250 3782 3322 παρῆν,

2193 3338 2318 3411 μηδ’
2365 3338 2490 3391 ὅσον
2533 3339 2709 3391 εἰπεῖν
2755 3337 3057 3409 θερμασίας
3093 3354 3197 3391 που
3242 3338 3384 3409 τάχα
3431 3338 3534 3410 τῆς
3584 3339 3663 3406 ὡς
3709 3341 3781 3394 ἑκ

2192 3430 2364 3502 πυρὸς
2392 3430 2484 3484 τοῦ
2516 3430 2674 3497 ξύλου
2700 3430 3120 3501 μετεσχηκότος.

2265 3525 2475 3581 ΠΑΔΛ.
2517 3524 2583 3578 Τί
2612 3521 2705 3579 οὖν
2733 3524 2891 3578 τοῦτό
2921 3541 3019 3595 γε;

2263 3614 2428 3668 ΚΥΡ.
2457 3613 2611 3687 Ξύλῳ
2633 3614 2741 3686 γὰρ
2762 3614 2949 3687 ῶσπερ
2970 3616 3148 3688 ἀγρίῳ
3168 3617 3412 3686 γεγονότι
3428 3616 3506 3690 τῷ
3536 3618 3788 3690 Ἰσραὴλ,

2193 3708 2287 3761 καὶ⁹
2316 3707 2564 3779 καρποὺς
2604 3706 2850 3778 ἡμέρους
2888 3707 3233 3778 δικαιοσύνης
3265 3709 3365 3762 οὐκ
3398 3708 3609 3780 ἔχοντι·
3668 3715 3794 3775 τοῖς

2192 3795 2302 3868 γὰρ
2350 3795 2663 3864 Αἰγυπτίων
2711 3795 3002 3866 ἐτρέφοντο
3065 3796 3281 3866 νόμοις·
3333 3799 3363 3850 ὁ
3406 3799 3474 3851 δι’
3526 3799 3794 3868 ἀγγέλων

2192 3887 2387 3959 ἔμελλε
2425 3884 2746 3955 δοθήσεσθαι
2793 3885 2978 3955 νόμος,
3032 3885 3286 3954 φωτίζειν
3328 3888 3426 3956 μὲν
3470 3890 3690 3955 ἱκανὸς,
3744 3893 3796 3946 εί

2192 3978 2325 4048 γοῦν
2345 3978 2518 4032 νοοῖτο
2540 3976 2945 4046 πνευματικῶς,
2967 3976 3062 4030 καὶ
3084 3976 3177 4030 τὸν
3201 3979 3282 4040 είς
3301 3977 3426 4030 νοῦν
3448 3978 3628 4034 ἀποπέ
3639 3983 3798 4054 μψαι

2194 4068 2403 4133 σκότον,
2433 4066 2682 4145 ἐνέργεια
2710 4066 2817 4139 γὰρ
2863 4068 2957 4121 καὶ
2983 4067 3079 4138 ἣδε
3129 4068 3319 4135 πυρὸς,
3352 4069 3492 4142 πλὴν
3518 4074 3632 4136 τοῖς
3690 4075 3795 4131 λα..

2191 4160 2376 4214 δοῦσιν
2420 4160 2698 4232 ἀνόνητος,
2744 4162 2836 4215 καί
2889 4160 3007 4215 οῦτι
3057 4178 3161 4216 που
3189 4163 3409 4228 πάντως
3438 4164 3505 4218 δι’
3556 4167 3795 4237 ἑαυτὸν,

2191 4252 2306 4307 ἀλλ’
2339 4252 2462 4306 ἐπεί
2492 4270 2577 4307 τοι
2625 4254 2687 4307 τὸ
2709 4254 2827 4324 φῶς
2863 4256 2937 4326 μὴ
2973 4258 3054 4321 είς
3085 4257 3210 4311 νοῦν
3242 4257 3487 4328 ἐδέχοντο
3514 4262 3608 4314 καὶ
3635 4279 3798 4335 καρ-

2188 4345 2329 4411 δίαν,
2354 4347 2403 4399 οί
2423 4346 2573 4416 ,πρὸς
2595 4345 2689 4412 οὓς
2711 4350 2738 4401 ὁ
2765 4348 3169 4418 λόγοςηεξωθεν
3189 4350 3248 4403 δὲ
3268 4349 3459 4422 ῶσπερ
3486 4356 3797 4425 φωτισμοῦ

508 4443 563 4496 in
594 4442 837 4496 animum
861 4448 1025 4509 atque
1060 4438 1118 4493 in
1167 4454 1264 4494 cor
1292 4438 1647 4495 admitterent
1678 4457 1691 4493 :
1721 4455 1850 4494 nam
1873 4437 2085 4493 extrin-

2194 4439 2413 4511 δόκησιν
2442 4439 2505 4492 τὸ
2539 4439 2772 4511 γράμμα
2800 4439 3226 4511 πλουτήσαντες,
3251 4442 3389 4514 ὅπερ
3419 4442 3561 4514 ἔχειν
3593 4446 3800 4518 ἐνόμι-

507 4550 670 4590 secus
708 4548 834 4587 cum
884 4531 1084 4586 litterae
1139 4530 1338 4601 opibus
1392 4531 1563 4586 veluti
1612 4530 1796 4601 specie
1848 4527 2085 4599 quadam

509 4625 736 4681 luminis
750 4622 1114 4688 abundarent,
1133 4622 1279 4693 quod
1302 4622 1503 4678 habere
1520 4639 1579 4678 se
1590 4623 1877 4694 putabant,
1896 4636 2087 4676 revera

510 4717 736 4773 minime
766 4715 1064 4770 habebant.
1098 4713 1252 4781 Quod
1298 4714 1465 4786 igitur
1495 4715 1640 4771 circa
1692 4714 1892 4769 rubum
1946 4711 2089 4782 ignis

508 4811 799 4866 videbatur
828 4808 1072 4878 quidem,
1102 4822 1285 4877 neque
1325 4816 1504 4863 tamen
1544 4806 1727 4861 arbori
1763 4805 1841 4860 illi
1864 4820 2089 4862 sensum

509 4903 707 4959 caloris
765 4901 1061 4966 inferebat,
1121 4901 1390 4971 ejusmodi
1440 4899 1727 4971 quidpiam
1776 4898 2087 4969 signiﬁcare

509 4994 747 5048 videtur.
774 4991 966 5047 Fuisse
1007 5000 1192 5047 autem
1224 4992 1420 5051 inutile
1448 4990 1655 5046 Iudaeis
1707 4989 1842 5045 illud
1869 5006 1939 5046 ex
1971 4991 2089 5060 lege

509 5084 720 5148 lumen,
750 5082 994 5137 declarat
1042 5082 1129 5138 his
1155 5083 1347 5139 verbis
1372 5083 1489 5151 ipse
1534 5080 1784 5135 Salvator
1817 5100 1830 5134 :
1866 5102 1886 5133 ‹
1920 5082 2091 5138 Scru—

509 5175 703 5230 tamini
735 5173 1062 5245 Scripturas,
1100 5175 1230 5246 quia
1264 5190 1362 5228 vos
1389 5170 1594 5242 putatis
1655 5171 1711 5225 in
1750 5171 1884 5240 ipsis
1921 5172 2090 5229 vitam

509 5278 774 5323 aatcrnam
832 5267 1075 5334 habere;
1107 5276 1163 5322 et
1219 5266 1327 5319 illae
1360 5271 1489 5318 sunt
1544 5278 1665 5332 qua:
1710 5263 2089 5320 testimonium

513 5360 807 5430 perhibent
844 5360 913 5415 de
960 5375 1049 5415 me
1084 5377 1095 5411 :
1129 5367 1317 5413 etnon
1340 5354 1505 5408 vultis
1551 5353 1738 5410 venire
1784 5355 1852 5410 ad
1887 5372 1995 5423 me,
2031 5368 2092 5415 ut

512 5453 679 5507 vitam
700 5462 962 5508 aaternam
997 5449 1246 5504 habeatis
1272 5448 1337 5499 ⁸⁷.
1363 5466 1381 5497 ι
1414 5446 1482 5502 Ει
1517 5455 1659 5518 post,
1683 5462 1876 5518 pauca,
1901 5465 2091 5506 rursus

511 5543 823 5601 Judmorum
874 5540 1165 5611 magistros
1227 5536 1623 5609 perstringens,
1703 5555 1768 5595 ac
1821 5542 2088 5613 populum

588 5721 637 5756 ⁸⁸
662 5720 836 5778 Exod.
878 5735 957 5784 ιιι,
996 5718 1052 5786 2,
1219 5721 1262 5752 ’³⁷
1299 5724 1455 5780 Joan.
1499 5745 1551 5793 τ,
1583 5728 1670 5782 59.

2195 4533 2433 4599 ζον,οὺκ
2490 4528 2635 4603 εἶχον
2681 4532 2917 4605 ἀληθῶς.
2955 4533 3243 4606 Τοιγάρτοι
3288 4535 3416 4605 περὶ
3469 4535 3560 4591 τὸν
3614 4536 3798 4607 βάτον

2203 4626 2302 4697 μὲν
2330 4624 2561 4696 ὁρᾶσθαι
2589 4625 2650 4678 τὸ
2677 4625 2808 4697 πῦρ,
2844 4625 2921 4698 μὴ
2953 4625 3058 4697 μὴν
3083 4627 3164 4680 ἔτι
3198 4628 3291 4681 καὶ
3338 4626 3645 4698 θερμασίας
3702 4631 3800 4684 αῖ.

2196 4718 2387 4787 σθησιν
2417 4715 2617 4769 ἐνιέναι
2651 4715 2729 4786 τῷ
2768 4715 2929 4788 ξύλῳ,
2962 4716 3265 4787 παραδηλοῖ
3310 4734 3363 4770 τι
3414 4718 3664 4774 τοιοῦτον
3712 4721 3800 4786 ῶς

2196 4809 2261 4878 γέ
2288 4825 2378 4878 μοι
2397 4808 2694 4861 δοκεῖ.”οτι
2719 4807 2775 4860 δὲ
2797 4808 3053 4879 ἀνόνητον
3104 4809 3374 4874 Ἰουδαίοις
3405 4809 3469 4864 τὸ
3495 4812 3557 4865 ὲκ
3577 4812 3678 4865 τοῦ
3702 4815 3803 4867 νό-

2200 4920 2301 4975 μου
2347 4902 2538 4971 γέγονε
2588 4898 2724 4969 φῶς,
2767 4903 3021 4972 σαφηνιεῖ
3063 4901 3235 4971 λέγων
3267 4902 3431 4968 αὐτὸς
3478 4905 3507 4957 δ
3549 4906 3798 4979 Σωτήρ.

2194 5012 2214 5044 ι
2263 4993 2547 5063 Ἐρευνᾶτε
2580 4991 2678 5053 τὰς
2703 4991 2924 5062 Γραφὰς
2948 4992 3031 5046 ὅτι
3070 4992 3228 5062 ὑμεῖς
3254 4993 3459 5047 δοκεῖτε
3499 4995 3557 5048 ὲν
3583 4996 3803 5063 αὐταῖς

2189 5084 2336 5156 ζωὴν
2378 5085 2594 5139 αἰώνιον
2630 5086 2802 5157 ἔχειν’
2832 5087 2926 5140 καὶ
2965 5087 3171 5141 ἐκεῖναί
3203 5089 3340 5142 εἰσιν
3373 5089 3431 5141 ui
3464 5092 3803 5163 μαρτυροῦο

2193 5192 2283 5228 σαι
2324 5177 2456 5247 περὶ
2504 5177 2661 5249 ἐμοῦ.
2704 5177 2813 5233 Καὶ
2842 5180 2907 5232 ού
2940 5178 3124 5234 θέλετε
3169 5180 3344 5235 ἐλθεῖν
3391 5182 3530 5254 πρὸς
3566 5182 3663 5255 μὲ.
3705 5186 3804 5241 ἵνα

2192 5265 2338 5339 ζωὴν
2386 5268 2602 5323 αίὼνιον
2630 5269 2811 5342 ἔχητε.
2862 5291 2880 5323 ι
2916 5272 3028 5326 Καὶ
3069 5273 3188 5344 μεθ’
3220 5273 3384 5346 ἕτερα
3422 5275 3605 5333 πάλιν.
3644 5279 3805 5350 πρὸς

2201 5359 2327 5422 τοὺς
2354 5358 2464 5412 τῶν
2502 5360 2770 5415 Ἰουδαίων
2815 5362 3153 5434 καθηγητὰς,
3197 5366 3290 5419 καὶ
3338 5366 3476 5437 πρὸς
3511 5367 3705 5424 πάντα
3739 5371 3806 5426 δὲ

2198 5449 2289 5503 τὸν
2337 5448 2494 5504 λαόν·
2544 5470 2563 5504 ι
2594 5453 2686 5523 Μὴ
2719 5454 2926 5509 δοκεῖτε
2953 5459 3035 5511 ὅτι
3080 5456 3192 5526 ἐγὼ
3232 5460 3596 5531 κατηγορήσω
3623 5460 3808 5531 ὑμῶν

2200 5542 2338 5616 πρὸς
2383 5542 2476 5598 τὸν
2521 5544 2771 5618 Πατέρα·
2805 5547 2952 5603 ἔστιν
2997 5552 3026 5604 ὁ
3078 5550 3401 5623 κατηγορῶν
3441 5552 3595 5624 ὑμῶν
3654 5555 3812 5613 Μω-
