3968 6300
259 278 363 333 235

995 295 1082 350 DE
1119 295 1560 352 ADORATIONE
1603 297 1667 351 IN
1707 297 1976 354 SPIRITU
2012 301 2101 355 ET
2141 302 2520 360 VERITATE.
2565 307 2695 362 LIB.
2740 310 2802 364 II.

3402 313 3522 371 ω

257 393 420 502 :75,-
447 399 532 502 tcp‘
587 399 646 452 ὃν
687 402 841 472 ὑμεῖς
894 407 1194 476 ἠλπίκατε·
1246 413 1294 464 εἰ
1349 413 1458 484 γὰρ
1501 414 1796 469 ἐπιστεύετε

1923 418 2248 474 universum
2283 440 2294 474 :
2331 441 2346 473 ε
2381 421 2564 479 Nolite
2585 433 2799 494 putare,
2831 428 3032 498 inquit,
3061 432 3190 501 quid
3209 446 3309 502 ego
3340 446 3505 488 accu-

253 485 446 558 Μωσῇ,
493 490 808 548 ἐπιστεύετε
853 497 919 551 ἂν
955 501 1096 570 ἐμοί·
1132 503 1395 576 περὶγὰρ
1441 506 1575 576 ἐμοῦ
1618 509 1820 569 ἐκεῖνος

250 577 510 647 ἔγραψεν.
543 583 604 634 Εἰ
633 584 691 636 δὲ
736 590 847 651 τοῖς
891 590 1097 645 ἐκείνου
1149 596 1386 666 ῥήμασιν
1417 597 1478 650 οὑ
1514 597 1818 660 πιστεύετε,

251 670 367 733 πῶς
409 675 522 736 τοῖς
552 673 703 756 ἐμοῖς
744 678 951 749 ῥήμασι
987 685 1342 753 πιστεύσετες
1395 707 1414 740 ι
1445 688 1509 743 Οἱ
1543 689 1652 761 γὰρ
1683 689 1819 755 ὅλως

247 765 350 833 τὴν
376 764 464 818 διὰ
498 766 663 836 νόμου
702 774 1036 843 στοιχείωσιν
1067 777 1418 848 ἀμαθέστατα
1445 780 1818 850 διωθούμενοι,

248 854 366 919 πῶς
387 857 456 910 ἂν
477 858 800 922 εἰσδέξαιντο
836 863 921 918 διὰ
949 867 1206 936 Χριστοῦ,
1235 869 1330 922 τοῦ
1372 871 1590 936 τελείως
1611 871 1819 940 ἀγαθοῦ

243 945 344 1016 τὴν
374 947 574 1016 γνῶσιν
604 953 957 1026 είσφὲροντα;
985 958 1289 1032 Καιόμενον
1321 962 1418 1032 μὲν
1447 962 1678 1032 βλέπων,
1719 982 1817 1018 κα-

237 1038 642 1112 ιταφλεγόμενον
663 1045 721 1097 δὲ
750 1046 868 1118 οὐχὶ
887 1049 977 1101 τὸν
998 1049 1178 1119 βάτον,
1209 1052 1324 1106 ἀλλ’
1351 1054 1472 1108 οὑδὲ
1497 1055 1713 1111 εἴκοντα
1737 1055 1816 1128 τῷ

243 1129 398 1198 πυρὶ,
428 1131 783 1205 κατετεθήπει
810 1135 993 1192 λοιπὸν
1017 1139 1046 1191 6
1106 1141 1373 1210 μακάριος
1399 1143 1624 1214 Μωσῆς,
1654 1144 1705 1198 τί
1737 1146 1819 1199 ὅτι

240 1217 301 1269 οὑ
328 1222 682 1276 κατακαίεται
707 1227 736 1278 6
763 1224 944 1296 βάτος.
961 1229 1356 1304 Καταπλαγείη
1385 1233 1492 1306 γὰρ
1526 1235 1592 1289 ἄν
1613 1253 1698 1300 τις
1715 1225 1814 1308 τῆς

239 1309 474 1366 εἰσάπαν
504 1314 860 1388 ἀναισθησίας
886 1318 977 1373 τὸν
1021 1321 1256 1394 Ἰσραὴλ,
1289 1327 1339 1379 oi
1377 1326 1719 1400 συλλήπτορα
1751 1346 1810 1383 τε

238 1400 332 1456 καὶ
356 1403 572 1476 ἀρωγὸν
606 1409 700 1463 τὸν
724 1410 876 1482 παρὰ
912 1412 1046 1468 Θεοῦ
1079 1415 1362 1488 δεξάμενοι
1392 1419 1576 1490 νόμον,
1608 1421 1812 1476 καὶτὸν

235 1495 300 1548 δι’
346 1498 513 1552 αὑτοῦ
549 1504 828 1574 φωτισμὸν
879 1506 1301 1580 πλουτήσαντες,
1354 1505 1473 1566 εἶτα
1513 1512 1671 1580 λόγου
1706 1531 1810 1584 μη-

234 1587 382 1654 δενὸς
422 1591 699 1659 ἀξιοῦντες
746 1596 807 1650 τὸ
849 1599 1064 1670 χρῆμα,
1113 1602 1249 1673 μήτε
1292 1604 1398 1676 μὴν
1442 1607 1522 1669 εἰς
1555 1605 1679 1660 νοῦν
1713 1608 1808 1662 καὶ

233 1679 462 1750 καρδίαν
502 1686 927 1760 εἰσοικισάμενοι
962 1692 1021 1745 τὸ
1057 1693 1230 1759 δοθὲν,
1267 1695 1596 1767 άνωφέλητοι
1634 1705 1808 1769 μεμε·

231 1774 461 1842 νήκασι·
513 1779 702 1851 νεκρὸς
759 1781 869 1854 γὰρ
919 1782 1105 1855 ὥσπερ
1164 1786 1346 1851 αὑτοῖς
1413 1788 1636 1853 εἰκότως
1696 1790 1790 1843 καὶ

1925 519 2140 564 saturus
2154 525 2272 564 sum
2285 526 2383 566 vos
2397 514 2540 582 apud
2553 515 2764 570 Patrem
2784 533 2795 568 :
2813 525 2897 572 est
2908 519 2998 588 qui
3022 529 3240 576 accumt
3253 529 3348 579 vos
3358 523 3503 595 Moyn

1922 615 2029 666 ses,
2050 602 2103 655 in
2116 617 2226 672 quo
2238 607 2499 674 sperastis
2517 623 2531 673 ;
2553 608 2598 662 si
2629 608 2776 663 enim
2795 610 3093 667 crederetis
3104 613 3292 686 Moysi,
3312 618 3502 673 crede-

1921 691 2053 746 retis
2068 693 2292 750 forsitan
2315 705 2370 751 et
2389 697 2522 751 mihi
2540 715 2553 764 ;
2572 698 2640 754 de
2662 714 2750 754 me
2773 700 2920 754 enim
2943 699 3034 755 ille
3057 703 3295 773 scripsit.
3321 706 3377 761 Si
3402 715 3500 761 au-

1919 793 2028 840 tem
2064 784 2430 843 illiuslitteris
2457 805 2567 844 non
2593 789 2839 856 creditis,
2861 791 3138 862 quomodo
3158 795 3342 850 verbis
3358 799 3496 854 meis

1918 877 2154 932 credetis
2180 877 2313 930 3°?»
2371 878 2478 946 Qui
2522 881 2671 935 enim
2723 881 2944 952 penitus
2999 883 3136 953 legis
3186 884 3495 943 rudimenta

1917 968 2240 1025 stultissime
2267 972 2589 1042 reiecerant,
2622 973 2660 1027 ii
2692 986 2928 1044 quanam
2991 975 3202 1030 ratione
3236 976 3496 1046 perfectae

1917 1058 2136 1114 virtutis
2191 1063 2583 1132 cognitionem,
2640 1065 2863 1121 Christo
2914 1066 3185 1132 tradente,
3242 1068 3492 1138 percipe-

1915 1149 2232 1205 rent?Cum
2271 1152 2436 1223 igitur
2487 1154 2678 1211 ardere
2725 1155 2948 1225 quidem
3007 1157 3204 1212 rubum
3255 1158 3489 1224 videret,

1914 1241 2140 1297 minime
2203 1252 2388 1299 tamen
2439 1245 2708 1308 comburi,
2765 1254 2930 1317 atque
2989 1247 3126 1302 adeo
3179 1263 3250 1303 ne
3294 1248 3491 1303 cedere

1913 1332 2136 1402 quidem
2175 1332 2429 1400 ﬂammis,
2494 1336 2778 1408 obstupuit
2829 1337 3024 1393 lutatus
3069 1338 3298 1410 Moyses,
3331 1339 3488 1410 quid‘

1911 1437 2037 1480 nam
2074 1435 2241 1492 esset,
2281 1427 2429 1497 quod
2477 1444 2587 1484 non
2648 1429 3067 1485 combureretur
3109 1430 3300 1485 rubus.
3347 1430 3486 1484 Nam

1910 1525 2185 1572 summum
2238 1519 2456 1576 lsraelis
2519 1529 2796 1591 stuporem
2853 1522 3112 1577 admirari
3168 1522 3317 1588 licet,
3363 1522 3482 1592 qui,

1909 1623 2032 1663 cum
2065 1609 2354 1664 fautricem
2407 1610 2838 1681 adjutricemque
2877 1626 2908 1665 a
2968 1611 3080 1666 Deo
3115 1611 3290 1682 legem
3319 1627 3482 1667 acce-

1909 1699 2133 1769 pissent,
2185 1701 2410 1772 ejusque
2455 1703 2591 1773 legis
2639 1702 3004 1759 illustratione
3051 1702 3212 1758 ditati
3267 1713 3479 1769 essent,

1898 1803 2014 1845 rem
2047 1798 2253 1846 tantam
2300 1793 2450 1849 nullo
2491 1794 2614 1849 loco
2653 1794 2988 1860 habuerunt,
3055 1809 3239 1866 neque
3273 1795 3480 1850 donum

228 1865 616 1969 dats-tiluyyézcc;
653 1876 682 1927 6
710 1876 833 1940 νοῦς
853 1893 866 1908 ·
909 1879 1052 1933 εἴποι
1091 1880 1135 1933 δ’
1172 1882 1237 1936 ἄν
1270 1899 1355 1947 τις
1381 1884 1476 1937 κοιλ⁵
1506 1885 1594 1938 ἐπ’
1616 1885 1796 1949 αὐτοῖς

1905 1881 2011 1937 hoc
2043 1881 2102 1936 in
2153 1884 2354 1940 mentis
2382 1885 2675 1955 cordisque
2724 1885 3002 1942 domicilio
3033 1865 3476 1950 collocaverunt;

229 1957 450 2053 εἰκότως
478 1977 492 1990 ·
526 1963 592 2053 Τί
611 2051 617 2053 Δ
638 1966 719 2018 ὅτι
757 1967 818 2020 οὑ
858 1971 1214 2025 κατακαίεται
1243 1973 1271 2025 6
1304 1973 1497 2042 βάτοςς
1526 1971 1562 2046 ἦ
1600 1975 1708 2046 γάρ
1733 1975 1796 2029 ἂν

1907 1975 2090 2045 itaque
2127 1975 2334 2030 nullam
2367 1976 2659 2033 utilitatem
2692 1993 2760 2033 ex
2791 1993 2855 2033 ea
2878 1986 3245 2048 perceperunt
3272 1995 3284 2030 :
3325 1992 3477 2053 mor-

229 2047 474 2113 ἐγένοντο
503 2051 623 2120 μεθ’
645 2054 802 2124 ἡμῶν
827 2055 906 2127 τῷ
935 2058 1204 2129 πνεύματι
1239 2058 1471 2125 ζέοντες.

1910 2074 2036 2122 tuus
2064 2067 2211 2122 enim
2241 2076 2324 2124 est
2351 2069 2495 2138 apud
2521 2069 2662 2134 illos,
2695 2069 2974 2135 nimirum,
3017 2078 3181 2140 atque
3209 2068 3480 2125 exanimis

228 2134 519 2206 Scriptum
575 2155 766 2197 sensus
804 2161 818 2196 :
880 2161 1059 2216 neque
1122 2147 1357 2205 absurde
1417 2149 1486 2206 de
1537 2151 1644 2206 illis
1687 2152 1798 2208 dici
1835 2159 2032 2223 potest,
2077 2157 2224 2226 quod
2242 2134 2470 2212 minime
2498 2158 2854 2213 comburatur
2905 2134 3110 2224 rubus;
3139 2156 3476 2230 “alioqui

226 2232 512 2288 nobiscum
544 2245 730 2291 essent
753 2239 950 2309 spiritu
975 2241 1268 2299 ferventes.

291 2327 502 2380 HAAA.
519 2313 611 2382 Ἐὖ
643 2329 798 2401 ἔφης.

286 2412 452 2471 ΚΥΡ.
508 2420 691 2474 Ἔοικε
737 2420 795 2474 δέ
846 2425 939 2478 καὶ
993 2427 1195 2499 ἐτέρων
1250 2431 1386 2500 ἡμῖν
1437 2432 1652 2487 ἐννοιῶν
1699 2435 1800 2489 οὑκ

222 2509 403 2597 ᾁμαθῆ
447 2508 680 2584 Θεωρίαν
711 2514 1030 2584 ὑποφαίνειν
1058 2519 1119 2572 τὸ
1150 2521 1359 2593 χρῆμα.
1390 2523 1657 2578 Μέλλουσι
1690 2525 1800 2597 γάρ

221 2595 314 2666 ήδη
361 2599 475 2661 τοῖς
505 2598 564 2661 ἐξ
623 2602 838 2675 Ἰσραὴλ
885 2608 988 2676 γῆς
1029 2607 1129 2678 τῆς
1172 2610 1485 2678 Αἰγυπτίων
1517 2595 1796 2684 ἀπαίρειν,

221 2686 310 2738 καὶ
341 2685 455 2742 οἷον
500 2689 710 2745 οὐδέπω
753 2693 844 2748 τὸν
881 2696 980 2766 τῆς
1026 2698 1347 2772 άνεθελήτου
1396 2702 1616 2774 θητείας
1656 2705 1792 2760 ἀπο·

222 2777 458 2831 σείεσθαι
485 2780 668 2849 ζυγὸν,
695 2783 866 2839 διάτοι
892 2787 1054 2843 τοῦτο
1084 2794 1202 2856 ταῖς
1229 2794 1321 2846 τοῦ
1349 2797 1790 2867 κρατοῦντοςετι

220 2870 581 2940 προσκρούειν
630 2873 820 2945 ὀργαῖς
874 2882 1096 2950 σημεῖον
1127 2882 1296 2938 ἐδίδου
1326 2887 1458 2952 Θεὸς
1485 2889 1546 2942 τὸ
1576 2892 1668 2946 ἐπὶ
1695 2890 1788 2946 τοῦ

221 2959 377 3029 βάτου
402 2961 679 3033 δρώμενον
700 2983 712 2996 ⁸
742 2967 821 3020 ὅτι
847 2971 940 3022 καὶ
968 2973 1134 3027 αὑτοῦ
1159 2977 1330 3047 πυρὸς
1358 2979 1612 3050 ἀμείνους
1641 2982 1788 3039 ἔσονοο

1968 2343 2162 2398 PALL.
2191 2343 2408 2414 Optime
2442 2345 2675 2400 dictum.

1965 2435 2121 2491 CYR.
2163 2436 2392 2491 Videtur
2449 2445 2632 2493 autem
2678 2434 2910 2492 aliorum
2933 2443 3152 2507 queque
3186 2453 3468 2504 sensuum,

1894 2536 2004 2584 non
2057 2528 2294 2598 ineptam
2352 2529 2769 2599 intelligentiam
2822 2529 2928 2584 hoc
2971 2529 3177 2584 factum
3237 2530 3470 2586 latenter

1895 2618 2183 2674 ostendere
2222 2636 2232 2672 :
2273 2618 2532 2673 Israelitis
2561 2618 2729 2683 enim,
2769 2633 2894 2673 cum
2935 2619 3046 2688 jam
3080 2632 3146 2672 ex
3181 2616 3467 2689 Egyptia-

1897 2722 2020 2764 rum
2043 2717 2185 2764 terra
2208 2707 2505 2779 profecturi
2534 2715 2739 2773 essent,
2777 2721 2842 2763 ac
2866 2708 3029 2778 paulo
3050 2715 3174 2778 post
3199 2709 3472 2780 abjectur'r

1891 2809 2100 2856 coacta:
2140 2799 2423 2855 servitutis
2463 2801 2677 2871 iugum,
2722 2809 2957 2870 cumque
2993 2799 3066 2854 ob
3089 2814 3212 2854 eam
3246 2814 3466 2855 causam

1894 2888 2140 2944 futurum
2173 2897 2319 2945 esset
2357 2896 2420 2944 ut
2463 2887 2573 2944 iras
2611 2888 2880 2959 principis
2915 2896 3359 2953 commoverent,
3408 2888 3466 2943 in

1893 2979 2050 3050 cujus
2083 2979 2264 3033 adhuc
2315 2978 2524 3034 ditione
2571 2987 2750 3043 erant,
2783 2977 3018 3048 prodigii
3046 2978 3168 3032 loco
3219 2976 3466 3033 ostendit

219 3066 300 3103 ται
330 3052 491 3116 πολὺ,
527 3055 622 3108 καὶ
656 3059 768 3120 τοῖς
796 3057 1000 3114 ἀδικεῖν
1055 3063 1326 3134 ἰσχύουσιν
1361 3069 1460 3141 οὑχ
1500 3071 1788 3144 ἁλώσιμοι,

1899 3070 2038 3126 Deus
2072 3061 2227 3135 illud,
2269 3070 2416 3140 quod
2442 3070 2706 3142 agebatur
2728 3070 2786 3125 in
2816 3069 2980 3135 rubo,
3026 3084 3136 3140 quo
3165 3068 3462 3138 portende-

219 3141 356 3233 κατά
372 3160 437 3211 γε
460 3143 541 3207 τὸ,
560 3141 730 3216 οἶμαι,
755 3146 1070 3220 θεοπρεπῶς
1089 3155 1374 3225 εἰρημένον
1393 3174 1408 3191 ο
1433 3177 1451 3210 ι
1479 3161 1571 3233 Μὴ
1598 3141 1786 3230 φοϐοῦ,

218 3232 294 3285 ὅτι
328 3234 469 3304 μετὰ
512 3235 605 3289 σοῦ
631 3238 764 3309 είμι.
792 3239 927 3308 Φλὸξ
964 3242 1026 3296 οὑ
1058 3245 1390 3303 κατακαύσει
1436 3267 1517 3316 σε,
1551 3255 1787 3323 ποταμοὶ

219 3325 274 3378 οὐ
309 3327 687 3383 συγκλείσουσί
718 3349 798 3386 σε.
842 3353 862 3386 ι

285 3600 490 3655 ΠΔΛΛ.
527 3603 744 3676 Εὑφυὴς
775 3607 802 3662 ὁ
831 3607 1006 3677 λόγος.
1416 3662 1419 3666 .

281 3691 442 3746 ΚΥΡ.
477 3694 684 3750 Οὐκοῦν
714 3698 971 3770 ἐτεθήπει
1004 3700 1103 3770 μὲν
1127 3695 1231 3755 ὦδε
1256 3702 1318 3756 τὸ
1345 3703 1525 3773 ὅραμα
1547 3704 1748 3774 Μωσῆς
1765 3721 1778 3735 ·

214 3781 300 3833 καὶ
332 3782 395 3852 δὴ
427 3785 523 3836 καὶ
549 3788 801 3857 προσέθει
833 3790 894 3843 τὸ
914 3789 1084 3861 ἀγχοῦ
1126 3791 1377 3860 γενέσθαι
1402 3791 1600 3849 ποθῶν.
1633 3815 1651 3845 ι
1696 3795 1780 3858 Ὡς

212 3870 265 3922 δὲ
306 3867 436 3938 εἶδε,
474 3877 626 3945 φησὶ,
664 3878 866 3950 Κύριος
895 3882 978 3936 ὅτι
1024 3883 1290 3954 προσάγει
1336 3884 1492 3949 ἰδεῖν,
1525 3884 1780 3938 ἐκάλεσεν

212 3963 366 4016 αὑτὸν
408 3967 474 4018 ἐκ
518 3967 613 4021 τοῦ
660 3968 842 4038 βάτου,
871 3972 1078 4042 λέγων’
1113 3974 1322 4045 Μωσῆ,
1370 3973 1564 4044 Μωσῆ.
1621 3976 1680 4027 ’0
1719 3975 1777 4028 δὲ

211 4047 323 4104 εἷπε
341 4067 354 4078 ⁸
389 4054 454 4107 Τί
483 4057 628 4123 tau;
654 4059 746 4130 Μὴ
775 4061 1001 4134 ἐγγίσῃς
1027 4057 1149 4129 ὧδε,
1171 4064 1330 4118 λύσαι
1351 4066 1412 4119 τὸ
1440 4066 1690 4137 ὑπόδημα
1713 4067 1778 4119 ἐκ

209 4141 309 4196 τῶν
351 4145 534 4198 ποδῶν
565 4164 680 4211 σου,
712 4152 741 4202 ὁ
773 4153 880 4222 γὰρ
906 4153 1087 4218 τόπος,
1123 4156 1180 4211 ἐν
1203 4149 1264 4224 -ᾧ
1288 4145 1368 4210 ’σὺ
1399 4157 1654 4228 ἕστηκας,
1707 4159 1774 4230 Υῆ

208 4232 333 4299 ἁγία
362 4237 500 4290 ἐστί.
543 4256 561 4289 ι
594 4239 776 4310 Νόμου
809 4243 865 4296 δὲ
901 4243 1068 4309 τύπος
1105 4249 1236 4318 ἡμῖν
1263 4249 1290 4300 6
1323 4250 1590 4320 μακάριος
1623 4250 1775 4303 ἔσται

207 4325 434 4397 Μωσῆςο
467 4347 485 4379 ι
514 4330 718 4386 Μωσὲα
739 4335 847 4406 γὰρ
871 4335 1051 4405 ἔχουσι
1077 4339 1317 4402 καὶτοὺς
1341 4342 1642 4412 προφήτας,
1672 4360 1691 4393 ι
1716 4342 1774 4396 ἐν

208 4417 577 4487 εὑαγγελικοῖς
606 4420 938 4495 θεσπίσμασί
963 4445 1126 4498 φησιν
1157 4431 1185 4482 ὁ
1206 4431 1473 4501 μακάριος
1501 4433 1768 4504 Ἀϐραάα.

207 4508 290 4579 Μή
318 4529 433 4574 πως
458 4512 720 4568 ἀπίθανόν
744 4531 824 4568 σοι
853 4517 914 4568 τὸ
941 4517 1091 4588 ῥῆμα
1113 4517 1294 4584 δοκεϊ;

275 4685 480 4740 ΠΑΛΛ.
520 4691 592 4743 Οὑ
628 4693 726 4762 μὲν
759 4691 883 4748 οὑν·
916 4697 1080 4766 νόμου
1115 4698 1220 4767 γὰρ
1259 4700 1546 4768 πρόσωπον
1579 4704 1606 4754 ὁ
1645 4703 1776 4756 Μω-

208 4791 323 4842 σης.

275 4868 440 4923 ΚΥΡ.
477 4872 753 4944 Κέκληται
780 4877 960 4932 τοίνυν
989 4881 1017 4932 6
1063 4880 1296 4952 Ἰσραὴλ,
1327 4881 1421 4936 καὶ
1457 4881 1656 4952 ήκατὰ
1686 4881 1775 4935 νόσ-

206 4976 302 5027 μον
340 4962 436 5014 καὶ
476 4964 578 5018 ὑπὸ
619 4969 780 5037 νόμον
822 4969 1010 5042 ἀγέλη.
1053 4989 1072 5023 ι
1109 4972 1314 5044 Κύριος
1347 4973 1479 5045 γὰρ,
1524 4991 1542 5024 ι
1591 4973 1775 5042 φησὶν.

207 5066 223 5095 ‹
271 5051 297 5100 6
335 5050 471 5116 Θεὸς
512 5053 619 5107 τῶν
661 5057 926 5130 Ἐϐραίων
970 5059 1336 5132 προκέκληται
1368 5063 1534 5133 ἡμᾶς.
1593 5079 1611 5113 ι
1661 5061 1771 5114 Καὶ

203 5135 476 5207 ὑπήκουσε
509 5145 607 5213 μὲν
639 5146 718 5217 τῷ
745 5149 997 5224 καλοῦντι
1023 5136 1160 5221 Θεῷ,
1200 5151 1341 5204 καθὰ
1367 5154 1461 5206 καὶ
1485 5152 1513 5204 6
1539 5146 1765 5221 Μωσῆς·

207 5246 223 5277 ι
258 5229 440 5285 Πάντα
465 5235 575 5304 γὰρ
599 5237 698 5290 ὅσα
727 5235 845 5293 εἷπε
875 5241 1077 5314 Κύριος
1099 5245 1128 5295 6
1156 5242 1308 5308 Θεὸς,
1331 5245 1647 5314 ποιήσομεν,
1676 5241 1770 5294 καὶ

202 5317 563 5392 ἀκουσόμεθα.
595 5345 615 5381 ι
654 5328 867 5400 Ἐπειδὴ
895 5332 953 5385 δὲ
978 5333 1071 5386 καὶ
1090 5334 1186 5401 τῆς
1219 5332 1358 5386 κατὰ
1378 5335 1537 5404 νόμον
1565 5334 1766 5386 ὑποτα-

201 5411 296 5481 τῆς
325 5415 608 5488 ήδύναμις
637 5421 734 5491 οὑχ
759 5423 914 5496 ίκανὴ
939 5425 1072 5497 πρὸς
1106 5425 1368 5496 κάθαρσιν
1387 5466 1401 5492 ,
1428 5445 1447 5478 ‹
1487 5424 1768 5478 Ἀδύνατον

200 5507 302 5580 γὰρ
329 5506 471 5580 αἷμα
510 5517 728 5588 ταύρων
758 5521 853 5574 καὶ
890 5522 1105 5592 τράγων
1134 5523 1380 5593 ὑφαιρεῖν
1410 5521 1696 5592 ἁμαρτίας·
1743 5536 1761 5567 ³

366 5627 411 5702 [⁸
437 5631 600 5690 Joan.
635 5651 687 5698 γ,
716 5637 801 5690 45.
875 5637 919 5668 ⁸⁹
943 5637 1048 5691 Isa.
1080 5654 1226 5702 sun,
1263 5639 1316 5692 5.
1393 5639 1437 5670 '°
1466 5635 1637 5691 Exod.
1673 5651 1728 5688 ιιι
1782 5633 1813 5688 4
1843 5647 1994 5701 seqq.

203 5709 307 5749 ιτιιν
362 5709 418 5750 ἴ).

519 5791 790 5850 Panum.
835 5790 948 5848 Gn.
995 5791 1249 5850 LXVIII.

1891 3172 2045 3218 retur
2077 3163 2201 3217 illos
2224 3162 2310 3217 vel
2340 3162 2464 3233 igne
2493 3162 2613 3233 ipso
2641 3163 2800 3232 longe
2860 3161 3171 3232 superiores
3218 3159 3458 3224 futuros,

1888 3267 2065 3321 neque
2088 3251 2157 3306 ab
2191 3251 2259 3306 iis
2300 3251 2708 3321 expugnandos,
2734 3250 2828 3320 qui
2869 3250 3071 3305 inferre
3105 3257 3330 3320 possent
3373 3249 3459 3303 in-

1881 3343 2105 3412 juriam,
2135 3344 2291 3413 juxta
2311 3341 2468 3405 illud,
2501 3341 2719 3411 opinor,
2754 3340 2902 3410 quod
2947 3340 3212 3394 divinitus
3250 3338 3459 3395 dictum

1885 3443 1971 3488 est
2007 3451 2018 3484 :
2051 3452 2068 3484 ‹
2123 3433 2200 3487 Ne
2230 3433 2444 3496 timeas,
2488 3433 2749 3502 quoniam
2807 3442 2990 3486 tecum
3029 3446 3151 3486 sum
3191 3448 3204 3484 :
3241 3429 3456 3486 ﬂamma

1887 3537 1997 3575 non
2016 3529 2210 3576 exuret
2235 3529 2308 3584 te,
2337 3519 2566 3574 ﬂumina
2588 3534 2698 3574 non
2730 3519 3054 3589 cooperient
3073 3527 3127 3574 te
3150 3518 3216 3573 ".
3254 3538 3271 3570 ι

1954 3607 2150 3662 PALL.
2188 3608 2472 3678 Ingeniosa
2499 3608 2792 3679 expositio.

1952 3693 2108 3752 CYR.
2132 3697 2318 3768 Itaque
2339 3697 2572 3769 Moyses,
2594 3699 2698 3754 hoc
2719 3695 3029 3769 spectaculo
3062 3698 3346 3763 attonitus,
3370 3699 3456 3754 vi-

1881 3788 2047 3843 dendi
2091 3789 2275 3845 studio
2310 3791 2536 3860 propius
2572 3789 2813 3845 accurrit
2851 3806 2864 3843 :
2910 3807 2928 3840 ι
2973 3787 3046 3846 Ut
3077 3797 3258 3845 autem
3316 3791 3457 3846 vidit

1880 3861 2161 3947 ﬁominus,
2199 3883 2394 3952 inquit,
2421 3881 2565 3954 quod
2603 3881 2998 3954 propinquaret
3041 3880 3109 3935 ad
3126 3881 3452 3949 videndum,

1878 3972 2092 4027 vocavit
2135 3989 2261 4028 eum
2309 3972 2377 4029 de
2404 3973 2544 4028 rubo
2579 3973 2769 4030 dicens
2803 3991 2817 4027 :
2847 3973 3076 4045 Moyses,
3103 3972 3330 4044 Moyses.
3358 3974 3454 4030 Ille

1878 4072 2061 4118 autem
2090 4062 2374 4134 respondit
2406 4080 2418 4116 :
2444 4063 2585 4129 Quid
2617 4063 2739 4118 est?
2756 4062 2824 4117 At
2843 4061 2935 4116 ille
2958 4060 3128 4115 dixit:
3154 4061 3231 4116 Ne
3253 4077 3453 4132 appro»

1877 4152 1996 4222 pies
2028 4153 2137 4208 huc
2173 4173 2185 4207 :
2216 4155 2364 4210 solve
2422 4155 2854 4210 calceamentum
2914 4142 2982 4208 (Ie
3020 4151 3256 4221 pedibus
3305 4153 3449 4219 tuis;

1876 4243 2030 4298 locus
2081 4245 2252 4308 enim,
2297 4245 2354 4298 in
2401 4260 2510 4313 quo
2542 4252 2602 4296 tu
2629 4253 2760 4307 stas,
2808 4254 2954 4300 terra
2981 4253 3166 4301 sancta
3189 4253 3274 4298 est
3303 4244 3371 4298 °°.
3423 4263 3442 4296 ι
3522 4231 3526 4234 ’

1876 4333 2036 4404 Legis
2089 4349 2252 4403 porro
2303 4332 2528 4403 figuram
2609 4333 2804 4388 beatus
2855 4335 3069 4405 Moyses
3131 4334 3353 4389 tenebat
3421 4347 3439 4390 :

1885 4443 1904 4475 ‹
1942 4423 2162 4494 Moysen
2209 4423 2410 4494 quippe
2445 4423 2650 4478 habent
2713 4439 2777 4478 ac
2804 4426 3096 4500 prephetas
3144 4427 3210 4491 ἰ,
3233 4445 3250 4475 ι
3290 4425 3367 4479 ait
3391 4426 3446 4480 in

1876 4514 2205 4584 evangelicis
2250 4513 2489 4570 oraculis
2537 4513 2628 4568 ille
2675 4514 2871 4570 beatus
2912 4516 3205 4571 Abraham.
3237 4515 3320 4571 An
3346 4516 3444 4571 tibi

1878 4605 1982 4660 hoc
2020 4605 2224 4660 dictum
2270 4603 2630 4674 improbabile
2669 4604 2924 4660 videtur?

1944 4695 2140 4749 PALL.
2161 4693 2383 4750 Minime
2409 4711 2540 4751 vero
2575 4715 2587 4750 :
2615 4697 2750 4768 legis
2777 4699 2923 4754 enim
2947 4714 3238 4771 personam
3270 4708 3440 4762 susti-

1874 4793 1974 4844 net
2000 4787 2230 4859 Moyses.

1944 4877 2100 4932 CYR.
2133 4879 2371 4938 Vocatus
2406 4887 2491 4935 est
2530 4879 2697 4952 igitur
2728 4881 2913 4945 Israel,
2948 4887 3004 4934 e‘t
3038 4881 3128 4937 ille
3179 4900 3310 4955 grex
3346 4892 3440 4958 qui

1875 4969 2176 5023 secundum
2211 4971 2384 5043 legem
2428 4973 2669 5037 vivebat,
2705 4981 2761 5028 et
2797 4964 2899 5048 sub
2937 4973 3056 5044 lege
3094 4986 3230 5033 erat.
3271 4996 3288 5028 ι
3330 4981 3438 5036 Do-

1873 5059 2055 5114 minus
2089 5060 2256 5125 enim,
2302 5081 2321 5112 ι
2355 5061 2551 5131 inquit,
2591 5081 2609 5113 ‹
2643 5063 2787 5117 Deus
2825 5055 3177 5120 Hebraeorum
3225 5071 3440 5125 vocavit

1872 5165 1972 5205 nos
1987 5151 2051 5204 θ’.
2076 5169 2094 5200 ›
2112 5149 2290 5221 Atque
2301 5151 2521 5206 vocanti
2539 5151 2651 5206 Deo
2669 5150 2899 5206 audiens
2914 5149 3020 5207 fuit
3037 5153 3278 5224 quidem,
3299 5159 3440 5215 sicut

1871 5249 1927 5294 et
1963 5235 2172 5311 Moyses
2212 5258 2224 5294 :
2268 5260 2287 5292 ‹
2338 5239 2529 5296 Omnia
2571 5242 2739 5306 enim,
2783 5240 3058 5311 inquiunt,
3098 5261 3436 5318 quascunque

1873 5330 2072 5386 dixerit
2088 5331 2250 5397 Deus,
2278 5331 2558 5397 faciemus,
2586 5339 2642 5386 et
2669 5333 2952 5391 audiemus
2980 5336 3045 5390 ⁸³.
3094 5356 3110 5389 ι
3158 5337 3284 5403 Sed,
3309 5339 3435 5407 quia

1872 5420 2060 5492 legalis
2074 5417 2399 5475 obedientize
2423 5435 2534 5476 non
2549 5437 2612 5476 ea
2637 5421 2720 5478 vis
2734 5432 2873 5490 erat,
2914 5434 2974 5482 ut
3001 5425 3069 5494 ad
3093 5425 3432 5496 purgandum

1874 5512 2009 5568 satis
2027 5512 2175 5575 esset
2210 5527 2222 5563 :
2266 5530 2284 5562 ‹
2325 5511 2668 5584 [inpossibile
2701 5524 2788 5571 est
2822 5517 2970 5572 enim
3002 5516 3264 5588 sanguine
3305 5526 3428 5572 tau—

2089 5624 2127 5656 ⁹¹
2151 5626 2280 5681 Luc.
2309 5644 2418 5690 xvi,
2473 5628 2562 5684 29.
2639 5632 2684 5663 ⁹²
2713 5630 2882 5686 Exod.
2914 5646 2992 5696 ιιι,
3023 5629 3108 5684 18.
3198 5631 3244 5662 ’³
3289 5628 3426 5686 Ibid.

3031 5793 3066 5849 8
