3968 6300
472 285 576 340 255

1489 278 1550 332 'S.
1593 277 1868 332 CYRILLI
1906 276 2378 332 ALEXANDRINI
2421 275 2740 330 ARCIIIEP.

3627 269 3732 326 256

475 413 662 455 rorum
690 407 746 453 et
785 396 1066 452 hircorum
1094 393 1299 448 auterri
1340 402 1563 463 peccata
1584 394 1662 446 ’δε
1692 415 1708 446 ›
1735 394 1858 450 ideo
1893 395 2048 450 cohi-

2155 395 2398 465 εῖργεται
2428 394 2633 462 Μωσῆς
2663 390 2982 462 πλησιάζειν
3016 389 3136 460 Θεῷ
3157 406 3170 420 ·
3204 407 3222 439 ι
3255 387 3346 458 Μὴ
3372 385 3600 455 ὲγγίσῃς
3624 383 3734 456 γὰρ

475 489 636 543 betur
670 487 878 558 Moyses
905 501 973 541 ne
1001 483 1225 539 accedat
1260 482 1328 536 ad
1354 483 1523 536 Deum
1547 500 1559 534 :
1585 502 1602 533 ι
1625 483 1703 538 Ne
1733 483 2044 553 appropies,

476 581 674 651 inquit,
709 580 816 634 huc
849 579 914 631 ’³.
949 597 964 628 ι
1011 576 1170 646 Legis
1198 575 1343 629 enim
1389 575 1601 628 viribus
1631 575 1846 645 egregia
1872 574 2048 629 virtus

475 671 614 728 adiri
638 686 748 725 non
773 675 956 739 potest
984 684 997 720 :
1023 681 1200 736 neque
1239 666 1328 719 illa
1351 681 1418 720 ex
1456 665 1624 737 Moysi
1664 665 1781 734 lege
1825 663 2047 718 vivendi

475 763 614 819 ratio
643 775 762 816 eam
807 759 1122 813 facultatem
1153 755 1390 810 habebat
1420 759 1551 825 Tqua:
1593 755 1725 810 satis
1754 755 2048 809 admodum

476 857 641 913 esset,
663 855 723 902 ut
752 835 1001 901 homines
1029 845 1096 900 ad
1119 847 1292 900 Deum
1317 845 1621 915 perducere
1647 852 1854 915 posset.
1890 845 2050 900 Chri—

477 948 597 995 stus
632 937 780 992 enim
827 951 928 991 nos
970 935 1046 989 illi
1081 935 1307 990 exhibet
1359 950 1457 1004 per
1499 934 1983 990 sanctiﬁcationem
2033 953 2046 988 :

477 1038 695 1087 sanctos
725 1028 929 1099 quippe
949 1042 1070 1082 esse
1118 1027 1278 1081 decet
1305 1042 1418 1089 eos,
1444 1027 1536 1096 qui
1564 1027 1676 1081 Deo
1707 1033 1896 1080 sancto
1919 1027 2050 1096 jun-

477 1121 640 1193 gendi
666 1128 828 1187 sunt;
863 1139 882 1172 ι
922 1119 1107 1173 Sancti
1147 1119 1293 1173 enim
1332 1119 1518 1183 eritis,
1559 1119 1756 1188 inquit,
1791 1118 2048 1188 quoniam

477 1231 579 1286 ego
613 1221 835 1269 sanctus
871 1229 992 1268 sum
1033 1214 1097 1266 ³⁸.
1138 1232 1156 1263 ι
1203 1212 1360 1279 Quod
1395 1221 1577 1266 autem
1623 1213 1714 1267 illa
1748 1211 2049 1267 secundum

479 1306 652 1377 legem
692 1305 908 1360 vivendi
940 1304 1134 1370 forma,
1191 1320 1300 1359 non
1345 1304 1571 1360 omnino
1616 1305 1792 1358 aliena
1831 1311 1976 1359 esset
2021 1320 2052 1358 a

480 1395 660 1467 culpa,
706 1405 832 1451 mox
867 1395 1107 1474 edocuit,
1149 1405 1274 1449 cum
1336 1393 1504 1449 dixit:
1565 1415 1582 1446 ι
1632 1395 1792 1450 Solve
1837 1394 2052 1448 calcea-

480 1496 724 1544 mentum
738 1487 806 1544 de
822 1487 1058 1558 pedibus
1076 1488 1186 1542 tuis
1214 1486 1357 1559 :65
1388 1488 1542 1541 locus
1579 1487 1750 1552 enim,
1770 1487 1826 1542 in
1851 1494 2052 1556 quo-tu

478 1586 609 1643 stas,
631 1587 791 1634 terra
809 1586 996 1634 sancta
1033 1580 1204 1634 est”.
1236 1598 1254 1630 ο
1300 1577 1524 1633 Solvere
1568 1594 1806 1648 namque
1839 1578 2053 1633 calcea-

479 1679 724 1727 mentum
749 1671 817 1726 de
839 1671 976 1742 pede
1011 1671 1172 1743 jussit
1208 1671 1429 1743 Moysen
1461 1673 1614 1726 illum
1649 1687 1935 1726 sacrorum
1965 1672 2053 1726 in-

2148 481 2272 552 ὦδε,
2317 507 2334 538 ι
2373 487 2554 559 φησίν.
2602 485 2918 556 ’Δπρόσιτον
2952 483 3060 552 γὰρ
3091 482 3179 534 διὰ
3204 480 3368 549 νόμου
3397 478 3456 532 τὸ
3487 475 3690 544 ἀγαθόν
3717 489 3733 508 ⁶

2153 581 2246 632 καὶ
2278 581 2374 648 τῆς
2400 579 2542 631 κατὰ
2577 576 2780 631 Μωσέα
2813 575 3088 637 πολιτείας
3121 576 3153 644 ἡ
3186 571 3412 639 δὺναμις
3441 570 3539 637 οὑχ
3575 566 3732 636 ἱκανὴ

2149 671 2270 725 λίαν
2303 671 2382 732 είς
2417 687 2480 738 γε
2512 669 2572 720 τὸ
2608 667 2962 738 ἀποκομίζειν
2991 665 3248 720 δύνασθαι
3289 662 3366 732 τῷ
3407 662 3545 731 Θεῷ.
3583 662 3732 731 Παρ-

2155 763 2334 833 ίστησι
2369 761 2426 814 δὲ
2465 758 2612 829 αὑτῷ
2651 758 2716 811 δι’
2756 756 3024 827 ἁγιασμοῦ
3060 754 3314 826 Χριστός.
3373 752 3588 820 ’Δγίους
3622 751 3731 822 γὰρ

2153 851 2291 908 εἶναι
2321 853 2523 925 πρέπει
2560 852 2687 913 τοὺς
2724 849 2802 920 τῷ
2839 849 2980 918 ἁγίῳ
3015 846 3134 917 Θεῷ
3163 845 3455 899 κολλᾶσθαι
3494 843 3731 896 σπουδά-

2153 945 2343 1010 ζοντας
2369 961 2381 974 ·
2423 963 2442 995 ι
2491 943 2675 1012 Ἀγιοι
2710 941 2819 1012 γὰρ
2850 938 3060 1002 ἔσεσθε,
3102 937 3287 1008 φησὶν,
3319 936 3400 989 ὅτι
3435 933 3545 1002 ἐγὼ
3578 932 3732 1001 ἆγιός

2154 1038 2289 1106 εἰμι.
2318 1053 2334 1085 ι
2363 1035 2482 1088 Ὀτι
2508 1033 2563 1086 δὲ
2595 1033 2693 1103 τῆς
2715 1029 2852 1085 κατὰ
2873 1029 3035 1098 νόμον
3063 1025 3335 1087 πολιτείας
3363 1024 3392 1076 ό
3417 1022 3614 1095 τρόπος
3633 1023 3736 1075 οὐκ

2154 1125 2452 1196 ἀμώμητος
2479 1122 2756 1185 παντελῶς
2777 1162 2792 1185 ,
2834 1119 2995 1182 εὑθὺς
3030 1116 3288 1182 ἐδίδαξεν,
3323 1113 3522 1168 εἰπών’
3564 1133 3583 1165 ι
3625 1111 3735 1166 Λύ-

2157 1235 2245 1270 σαι
2269 1217 2329 1270 τὸ
2357 1217 2610 1285 ὑπόδημα
2633 1216 2696 1267 ὲκ
2723 1212 2833 1265 τῶν
2859 1211 3034 1264 ποδῶν
3062 1227 3156 1262 σου
3181 1224 3192 1236 ·
3218 1210 3246 1262 ὁ
3272 1206 3381 1278 γὰρ
3400 1205 3583 1270 τόπος,
3606 1207 3663 1257 ὲν
3691 1197 3735 1272 ᾧ

2160 1311 2223 1363 σὺ
2252 1308 2510 1379 ἕστηκας,
2534 1307 2604 1376 γῆ
2644 1306 2776 1374 ἁγία
2811 1303 2977 1356 ἐστίν.
3013 1321 3032 1354 ι
3078 1299 3359 1354 Ἀπολύειν
3379 1298 3488 1368 γὰρ
3516 1297 3576 1350 τὸ
3603 1296 3736 1348 ὑπό-

2155 1401 2304 1472 δημα
2339 1399 2672 1470 προστέταχε
2712 1394 2808 1449 τοῦ
2838 1395 2994 1458 ποδὸς
3025 1394 3113 1449 τὸν
3149 1393 3470 1464 ἱεροφάντην
3507 1390 3727 1454 Μωσέα,

2157 1492 2308 1547 οὔπω
2345 1490 2610 1560 καθαρὰν,
2645 1489 2766 1544 οὑδὲ
2789 1489 2895 1542 τῶν
2919 1488 3028 1541 ἀπὸ
3060 1486 3265 1557 φθορᾶς
3296 1485 3388 1538 καὶ
3412 1483 3731 1555 νεκρότητος

2158 1584 2333 1655 ἔργων
2358 1583 2588 1637 είσὰπαν
2616 1579 3060 1651 ἀπηλλαγμένην,
3095 1581 3192 1648 τῆς
3223 1576 3362 1631 κατὰ
3391 1575 3553 1645 νόμον
3586 1571 3731 1642 ζωῆς

2157 1679 2258 1750 τὴν
2297 1677 2520 1750 πορείαν
2558 1675 2912 1738 ἁποδεικνδς,
2959 1672 3069 1726 ἀπὸ
3101 1671 3157 1725 δὲ
3199 1671 3299 1740 τῆς
3340 1667 3470 1739 παρ’
3505 1666 3729 1736 Ἕλλησι

478 1763 798 1820 stitutorum
815 1763 1191 1834 interpretem,
1231 1764 1526 1818 ostendens
1567 1764 1811 1818 nondum
1855 1779 2050 1833 purum

2161 1768 2446 1842 συνηθείας
2488 1771 2516 1822 ὁ
2555 1767 2697 1830 θεῖος
2737 1768 2870 1838 ἡμῖν
2911 1763 3226 1818 ἐπαιδεύετο
3267 1760 3504 1830 Μωσῆς,
3535 1760 3618 1812 ὃτι
3655 1758 3728 1827 μὴ

477 1870 618 1922 csse,
644 1870 823 1926 neque
857 1855 1082 1909 omnino
1109 1870 1144 1932 'a
1187 1854 1570 1923 corruptione,
1610 1869 1674 1908 ac
1704 1865 2052 1908 mortuorum

478 1965 706 2020 operum
733 1949 996 2019 qualitate
1018 1948 1274 2012 liberum,
1304 1948 1430 2002 vita:
1468 1947 1636 2012 illius,
1667 1963 1791 2018 quae
1834 1964 1902 2002 ex
1934 1949 2054 2019 lege

478 2040 800 2105 ducebatur,
840 2039 1111 2094 incessum
1146 2056 1159 2092 :
1202 2039 1258 2093 in
1298 2054 1408 2108 quo
1429 2046 1611 2094 autem
1647 2039 1896 2110 reliquias
1928 2057 2054 2095 cor-

480 2134 750 2204 ruptionis
771 2149 835 2188 ac
869 2131 1221 2187 mortalitatis
1254 2130 1445 2196 insint,
1489 2147 1616 2186 eum
1646 2132 1800 2188 nefas
1830 2148 1951 2188 esse
1984 2133 2054 2187 ad

477 2227 649 2283 Deum
677 2226 959 2291 accedere,
996 2226 1050 2281 id
1083 2242 1114 2280 a
1134 2228 1420 2298 gentilium
1480 2227 1881 2283 consuetudine
1912 2227 2054 2282 divi-

478 2335 582 2374 nus
631 2319 722 2374 ille
751 2319 962 2390 Moyses
997 2318 1285 2374 didicerat.
1331 2319 1519 2390 Neque
1565 2320 1714 2374 enim
1763 2320 1802 2374 ii
1847 2319 2054 2388 templa

477 2410 721 2476 adibant,
748 2409 916 2480 pedes
935 2409 1114 2464 induti
1137 2410 1338 2464 calceis
1351 2412 1786 2465 exanimatorum
1803 2411 2052 2466 animan-

481 2501 616 2554 tium
659 2500 803 2570 pelle
837 2497 1136 2564 conl'ectis;
1172 2497 1226 2551 id
1269 2497 1418 2552 enim
1456 2513 1649 2552 eorum
1681 2499 1892 2569 legibus
1912 2501 2056 2556 inter

479 2587 841 2643 immunditiaa
878 2602 1080 2658 genera
1108 2587 1514 2643 recensebatur.
1555 2589 1718 2659 Atqui
1743 2605 1844 2644 nos
1865 2606 1894 2644 a
1911 2607 2058 2646 mor-

479 2681 706 2745 talitate,
747 2687 910 2749 atque
946 2681 1321 2749 corruptione,
1356 2689 1412 2734 et
1435 2680 1648 2736 caeteris
1671 2697 1793 2751 quae
1822 2682 1888 2736 ad
1917 2683 2057 2738 hanc

2154 1861 2310 1931 θέμις
2345 1858 2582 1928 ἐγγίζειν
2606 1857 2744 1929 Θεῷ,
2765 1859 2858 1912 τὸν
2879 1858 2937 1911 ὲν
2959 1855 3228 1926 λειψάνοις
3256 1855 3384 1908 ὅντα
3411 1851 3733 1923 νεκρότητος

2153 1953 2247 2005 καὶ
2280 1951 2503 2022 φθορᾶς.
2545 1951 2619 2003 Οὑ
2649 1950 2758 2020 γὰρ
2788 1949 3014 2018 ἐφοίτων
3043 1949 3100 2001 ἐν
3131 1948 3293 2019 ίεροῖς
3320 1946 3389 1999 τὰ
3415 1946 3478 1996 ὲκ
3507 1939 3732 1996 τεθνεώ-

2152 2063 2260 2099 των
2297 2042 2453 2107 ζώων
2486 2043 2810 2113 ὑποδήματα
2843 2043 2957 2104 τοῖς
2999 2041 3154 2092 ποσὶν
3191 2037 3518 2107 ἐνδυόμενοι.
3555 2033 3732 2087 Molu-

2155 2135 2294 2206 σμοῦ
2329 2135 2386 2188 δὲ
2424 2134 2624 2206 τρόπος
2655 2136 2766 2197 τοῖς
2800 2133 3022 2186 ἐκείνων
3050 2131 3233 2201 νόμοις
3258 2131 3318 2183 τὸ
3343 2128 3532 2200 χρῆμα
3565 2127 3733 2196 ἐγρά-

2155 2243 2302 2294 φετο.
2343 2227 2686 2297 Νεκρότητος
2724 2225 2782 2278 δὲ
2815 2226 2908 2276 καὶ
2939 2223 3142 2296 φθορᾶς
3172 2223 3268 2276 καὶ.
3307 2221 3413 2274 τῶν
3453 2221 3534 2282 είς
3574 2217 3735 2272 τοῦτο

2159 2317 2400 2390 ἡκόντων
2429 2316 2766 2391 ἀκαθαρσίας
2799 2315 3066 2369 ἀπέλυσεν
3098 2315 3244 2385 ἡμᾶς
3271 2312 3368 2382 οὑχ
3403 2313 3431 2365 ό
3461 2310 3622 2378 νόμος
3643 2347 3659 2373 ,
3689 2303 3735 2360 ὦ

2157 2411 2290 2476 τᾶν,
2318 2410 2438 2463 οὑδὲ
2465 2409 2656 2480 πορεία
2689 2407 2834 2480 ζωῆς
2876 2407 2975 2478 τῆς
3004 2407 3145 2461 κατὰ
3170 2406 3231 2458 τὸ
3256 2403 3488 2476 γράμμα
3516 2401 3576 2454 τὸ
3601 2401 3736 2454 Μω-

2161 2503 2368 2567 σαῖκὸν,
2396 2503 2579 2565 πίστις
2599 2501 2656 2554 δὲ
2685 2501 2883 2572 μᾶλλον
2910 2503 2941 2570 ή
2970 2501 3028 2552 ὲν
3054 2497 3296 2570 Χριστῷ,
3325 2497 3421 2549 καὶ
3457 2495 3556 2564 τῆς
3579 2493 3738 2558 εὐαγ-

2160 2594 2382 2666 γελικῆς
2428 2593 2702 2656 πολιτείας
2749 2595 2782 2663 ἡ
2833 2591 3140 2661 τελειοτάτη
3185 2589 3476 2660 κάθαρσις.
3526 2586 3596 2638 ’Ἡ
3633 2581 3738 2635 οὐκ

2161 2685 2358 2760 ἀληθὲς
2392 2687 2420 2741 ὅ
2453 2705 2623 2759 φημι;

481 2775 856 2846 impuritatem
916 2774 1216 2844 pertinent,
1260 2789 1372 2829 non
1426 2777 1534 2840 lex,
1579 2777 1806 2842 Palladi,
1849 2794 1959 2832 non
1997 2780 2123 2835 vita:
2159 2799 2284 2836 cum
2341 2783 2476 2853 legis
2533 2781 2780 2836 Mosaicze
2842 2780 3024 2834 littera
3092 2773 3444 2846 congruentis
3505 2770 3738 2840 vestigia

480 2868 884 2934 liberaverunt;
923 2865 1020 2922 sed
1057 2865 1194 2922 ﬁdes
1245 2867 1301 2921 in
1339 2865 1580 2933 Christo,
1617 2878 1671 2922 et
1727 2871 2053 2941 evangelicae
2089 2874 2213 2928 vitae
2230 2875 2629 2945 perfectissima
2644 2872 2917 2944 purgatio.
2961 2871 3114 2925 Anne
3135 2881 3326 2923 censes
3370 2880 3561 2921 verum
3611 2877 3738 2919 esse

481 2961 628 3032 quod
657 2959 823 3017 dico?

554 3056 750 3112 PALL.
786 3053 1026 3122 Quidni?

548 3147 704 3204 CYR.
733 3147 904 3219 Igitur
937 3149 1136 3205 calceis
1169 3151 1381 3220 positis,
1428 3165 1806 3209 accurrentem
1831 3156 1966 3226 jam,
1993 3172 2058 3212 ac

481 3240 706 3312 propius
731 3239 1084 3296 accedentem
1112 3239 1384 3296 allocutus
1409 3251 1496 3297 est
1521 3242 1667 3298 Deus
1696 3261 1708 3296 :
1745 3263 1762 3294 ι
1802 3245 1914 3316 Ego
1934 3260 2055 3300 sum

481 3334 623 3388 Deus
653 3331 826 3403 patris
867 3331 970 3397 tui,
999 3331 1144 3386 Deus
1183 3331 1491 3398 Abraham,
1526 3344 1583 3390 et
1617 3335 1762 3391 Deus
1795 3337 1962 3403 Isaac,
2000 3349 2057 3394 et

479 3425 624 3480 Deus
644 3422 835 3480 Jacob.
871 3422 1086 3478 Avertit
1121 3431 1306 3478 autem
1330 3423 1541 3496 Moyses
1573 3426 1805 3491 vultum,
1842 3429 2053 3498 inquit;

478 3515 773 3570 verebatur
800 3511 951 3570 enim
975 3521 1169 3568 contra
1193 3515 1345 3569 illum
1377 3517 1621 3586 aspicere
1652 3518 1717 3571 ".
1749 3538 1766 3570 ι
1805 3519 2054 3575 Exanimi

478 3619 714 3676 namque
751 3619 915 3659 sensu
945 3602 1215 3673 deposito,
1250 3621 1310 3659 ac
1335 3605 1504 3658 veluti
1535 3607 1742 3661 mundo
1772 3609 2055 3679 liberoque

478 3697 615 3766 pede
633 3713 731 3766 per
756 3695 1083 3752 Christianae
1109 3695 1542 3751 conversationis
1583 3698 1725 3753 viam
1767 3699 2055 3756 ambulan-

479 3797 560 3840 tes
609 3785 1170 3856 ‘appropinquabimus
1204 3785 1348 3851 Deo,
1391 3802 1503 3841 non
1555 3789 1802 3844 locorum
1857 3793 2052 3860 spatio,

477 3879 572 3933 sed
605 3879 894 3933 affectione
942 3879 1246 3948 spirituali;
1303 3880 1510 3934 etenim
1563 3897 1653 3936 res
1686 3882 1852 3954 Moysi
1889 3894 2053 3954 gestae

478 3969 663 4040 tlgurte
699 3978 854 4024 erant
888 3977 945 4025 et
982 3969 1208 4026 umbrae.
1253 3971 1332 4026 Ita
1375 3971 1594 4027 demum
1640 3989 1865 4030 summae
1907 3976 2054 4033 illius

477 4063 740 4118 doctrina:
781 4063 947 4119 verba
987 4063 1345 4130 lucrabimur,
1394 4077 1450 4121 et
1502 4068 1597 4122 Dei
1654 4069 1936 4126 scientiam
1993 4072 2051 4126 in

478 4155 634 4210 nabis
666 4155 796 4226 ipsis
824 4155 1162 4227 colligemus,
1206 4157 1368 4212 Patre
1407 4157 1668 4213 nimirum
1726 4162 2051 4217 ostendente

473 4259 533 4299 se
580 4247 742 4303 nobis
783 4247 840 4302 in
878 4247 1016 4303 Filio
1070 4247 1435 4304 :videbimus
1479 4251 1626 4306 enim
1678 4252 1853 4318 illum,
1891 4255 2050 4325 longe

478 4337 826 4405 phestantius
851 4353 1014 4407 quam
1045 4338 1304 4409 antiquus
1329 4340 1418 4395 ille
1441 4343 1694 4411 populus,
1715 4351 1777 4397 ut
1806 4343 1862 4398 in
1879 4344 2047 4416 Moysi

2081 3073 2123 3131 C
2230 3067 2438 3119 HAAA.
2461 3063 2580 3126 Πῶς
2613 3063 2719 3134 γὰρ
2750 3060 2844 3128 οὑ;

2228 3157 2394 3212 ΚΥΡ.
2425 3155 2777 3210 Ἀπολύσαντι
2802 3153 2859 3206 δὲ
2882 3153 2942 3205 τὸ
2964 3152 3214 3223 ὑπόδημα
3232 3150 3326 3204 τοῦ
3352 3149 3531 3213 ποδὸς,
3555 3165 3740 3220 προσ-

2158 3249 2331 3305 θέοντι
2369 3249 2434 3318 γέ
2456 3265 2516 3301 τε
2537 3247 2744 3313 λοιπὸν,
2789 3246 2884 3299 καὶ
2913 3244 3082 3315 ἀγχοῦ
3111 3242 3375 3312 γεγονότι,
3395 3239 3741 3313 προσεφώνει

2157 3344 2320 3406 Θεόςο
2373 3361 2391 3392 ι
2435 3340 2575 3408 Ἐγώ
2637 3343 2751 3411 εἰμι
2797 3340 2824 3390 ὁ
2877 3339 3004 3394 Θεὸς
3054 3337 3148 3390 τοῦ
3197 3335 3400 3406 πατρός
3448 3350 3558 3397 σου,
3601 3332 3744 3394 Θεὸς

2169 3432 2455 3502 ’Δϐραὰμ,
2504 3433 2600 3484 καὶ
2629 3429 2760 3493 Θεὸς
2808 3429 3008 3490 Ἰσαὰκ,
3043 3428 3137 3481 καὶ
3172 3427 3301 3489 Θεὸς
3347 3424 3562 3478 Ἰακώϐ.
3614 3425 3745 3475 ’Λπ-

2160 3523 2388 3594 έστρεψε
2412 3523 2469 3576 δὲ
2493 3522 2695 3593 Μωσῆς
2719 3520 2778 3573 τὸ
2808 3521 3098 3591 πρόσωπον
3124 3517 3312 3582 αὑτοῦ,
3339 3517 3498 3589 φησίν
3519 3532 3531 3544 ·
3561 3516 3743 3586 ηὖλα-

2158 3617 2302 3670 δεῖτο
2339 3616 2446 3687 γὰρ
2474 3613 2845 3684 κατεμϐλέψαι
2875 3611 3101 3666 ἐνώπιον
3133 3610 3226 3663 τοῦ
3251 3610 3405 3664 Θεοῦ.
3445 3629 3462 3662 ι
3505 3607 3743 3661 Ἀποθέ-

2158 3726 2308 3780 μενοι
2334 3708 2444 3780 γὰρ
2477 3707 2726 3778 φρόνημα
2754 3703 2816 3756 τὸ
2853 3703 3063 3774 νεκρὸν,
3095 3702 3188 3756 καὶ
3224 3702 3385 3754 οἱονεὶ
3416 3699 3646 3769 καθαρῷ
3680 3716 3744 3753 τι

2155 3800 2248 3853 καὶ
2285 3799 2551 3868 ἐλευθέρῳ
2577 3797 2695 3850 ποδὶ
2720 3797 2817 3865 τῆς
2843 3799 2900 3847 ὲν
2929 3793 3150 3864 Χριστῷ
3189 3792 3464 3854 πολιτείας
3490 3792 3744 3844 διαστεί-

2153 3909 2338 3962 χοντες
2363 3891 2462 3960 τὴν
2491 3889 2608 3941 όδὸν
2633 3927 2646 3951 ,
2679 3885 2912 3954 ἐσόμεθα
2947 3884 3044 3953 μὲν
3083 3882 3252 3952 ἀγχοῦ
3287 3882 3365 3951 τῷ
3407 3882 3548 3951 Θεῷ,
3591 3884 3748 3936 κατὰ

2155 3984 2338 4054 σχέσιν
2378 3981 2434 4033 δὲ
2466 3977 2702 4050 δηλονότι
2729 3974 2827 4046 τὴν
2867 3973 3240 4043 πνευματικὴν
3263 4013 3274 4034 ,
3309 3973 3401 4024 καὶ
3431 3973 3551 4042 οὑχ).
3587 3977 3748 4028 κατά

2152 4093 2212 4145 γε
2244 4076 2342 4144 τὴν
2365 4074 2423 4124 ὲν
2448 4073 2596 4140 τόπῳ
2621 4069 2920 4134 διάστασιν.
2944 4066 3114 4120 Τὺποι
3139 4065 3248 4133 γὰρ
3271 4067 3453 4118 ἐκεῖνα
3475 4067 3570 4118 καὶ
3603 4069 3748 4121 σκιὰ

2151 4166 2218 4220 τὰ
2246 4163 2510 4225 Μωσέως,
2544 4159 2687 4215 οὓτω
2715 4177 2772 4212 τε
2807 4159 2992 4212 λοιπὸν
3027 4159 3153 4220 τοὺς
3184 4156 3312 4228 περὶ
3339 4157 3440 4226 τῆς
3470 4158 3582 4212 ἄνω
3630 4177 3746 4229 μυ-

2153 4256 2458 4327 σταγωγίας
2512 4253 3024 4322 καταπλουτήσομεν
3076 4251 3291 4319 λόγους,
3351 4251 3442 4302 καὶ
3489 4248 3585 4320 τὴν
3643 4251 3744 4305 τοῦ

2153 4349 2288 4403 Θεοῦ
2317 4347 2515 4417 γνῶσιν
2547 4349 2604 4399 ὲν
2631 4347 2839 4408 ἑαυτοῖς
2873 4343 3215 4414 συλλέξομεν,
3251 4342 3442 4395 ἑαυτὸν
3465 4343 3598 4412 ἡμῖν
3637 4343 3744 4413 Ep.-

474 4443 705 4498 persona
744 4429 882 4484 vidit
913 4447 927 4482 :
953 4429 1001 4484 is
1036 4429 1184 4485 enim
1201 4432 1412 4486 vultum
1439 4435 1636 4489 avertit
1661 4449 1856 4502 suum;
1892 4451 2049 4490 vere-

2155 4409 2469 4510 φανίζόντος
2488 4440 2543 4490 ἐν
2576 4435 2689 4506 Υίῷ
2717 4436 2811 4489 τοῦ
2845 4435 3078 4506 Πατρός.
3097 4409 3388 4505 ’Ὀψόμεθα
3410 4409 3515 4503 γὰρ
3542 4409 3740 4498 αὑτὸν,

476 4525 634 4577 batur
672 4523 817 4577 enim
853 4523 1096 4593 aspicere
1141 4531 1331 4580 contra
1376 4525 1687 4582 Dominum.
1735 4527 1854 4595 Quo
1906 4527 2051 4582 facto

474 4613 812 4683 signiﬁcatur
843 4615 1046 4670 mentis
1073 4631 1264 4670 eorum
1305 4615 1614 4684 inﬁrmitas,
1634 4620 1728 4690 qui
1758 4620 1860 4676 sub
1888 4619 2053 4674 disci-

474 4703 621 4773 plina
652 4705 787 4776 iegis
810 4705 1260 4771 instituebantur,
1283 4723 1404 4777 quae
1432 4710 1834 4779 quodammodo
1872 4711 2048 4781 respi-

474 4811 598 4850 cere
618 4797 788 4851 Demn
823 4813 931 4852 non
955 4807 1161 4868 posset,
1184 4816 1360 4870 neque
1392 4802 1540 4856 illius
1571 4803 1771 4857 intueri
1789 4804 2038 4873 gloriam,

471 4889 624 4956 juxta
648 4888 812 4952 illud,
840 4888 989 4958 quod
1013 4890 1070 4944 in
1087 4891 1316 4948 Psalmis
1331 4894 1550 4948 canitur
1571 4911 1582 4945 :
1620 4914 1636 4945 ι
1660 4893 2038 4950 Obscurentur

475 4979 620 5033 oculi
666 4995 880 5047 eorum,
925 4995 995 5037 ne
1037 4982 1261 5039 videant
1298 4987 1342 5017 θ’
1389 5004 1400 5038 :
1445 5006 1462 5037 ι
1502 4995 1557 5040 et
1585 4986 1739 5050 illud,
1783 4987 1931 5055 quod
1957 4998 2043 5042 est

475 5070 619 5140 apud
652 5073 980 5141 prophetam
1005 5090 1018 5127 :
1049 5093 1066 5125 ι
1090 5074 1229 5130 Ecce
1252 5077 1488 5146 p0pulus
1519 5075 1719 5130 stultus
1736 5080 1792 5130 et
1815 5092 2042 5130 excors:

475 5162 621 5217 oculi
650 5173 777 5218 sunt
814 5166 914 5229 eis,
953 5175 1009 5222 et
1033 5179 1146 5222 non
1178 5167 1430 5222 vident‘.
1467 5187 1486 5218 ›
1517 5167 1628 5221 Nos
1665 5182 1818 5226 vero,
1853 5167 1945 5234 qui
1977 5167 2045 5220 ad

476 5254 768 5311 ineﬂ'abilis
810 5256 956 5313 illius
1012 5269 1224 5314 naturae
1270 5259 1509 5311 rationes
1545 5271 1714 5325 puros
1767 5255 2045 5310 illumina-

475 5355 665 5415 tosque
698 5349 899 5403 mentis
932 5350 1121 5403 oculos
1152 5349 1437 5418 adjicimus
1457 5386 1471 5411 ,
1516 5348 1862 5416 conspicuam
1900 5347 2044 5402 illam

475 5435 530 5489 in
565 5437 719 5503 Filio,
759 5439 857 5494 Dei
893 5448 949 5493 et
975 5434 1162 5492 Patris
1203 5438 1430 5493 formam
1477 5439 1926 5510 contemplamur.
1967 5441 2045 5495 Ac

473 5527 677 5608 iud-nis
699 5529 920 5598 quidem
947 5527 1040 5596 qui
1070 5529 1284 5582 Patrem
1311 5545 1368 5584 se
1410 5529 1611 5586 vidisse
1643 5531 2040 5598 existimarent,

539 5637 589 5668 "
615 5635 782 5705 Ilebr.
818 5651 870 5699 χ,
903 5636 982 5705 4.,
1035 5639 1079 5668 ’⁸
1115 5637 1285 5694 Exod.
1322 5656 1397 5705 ill,
1434 5642 1484 5696 ὕ.

1563 5645 1608 5676 ⁸⁸
1639 5644 1811 5699 Levit.
1856 5661 1912 5709 ιι,
1951 5646 2005 5691 «1-

547 5706 564 5736 ¹
599 5704 800 5760 Jerem.
831 5720 883 5771 γ,
923 5704 1016 5758 2-1.

2101 5645 2142 5676 ’⁷
2181 5643 2349 5696 Exod.
2388 5641 2543 5702 "1,5.

2154 4534 2249 4587 καὶ
2273 4532 2615 4602 ἀσυγκρίτως
2636 4529 2877 4600 ἄμεινον,
2905 4529 2937 4599 ἥ
2966 4530 2994 4581 ό
3016 4527 3183 4581 πάλαι
3204 4527 3350 4592 λαὸς,
3368 4526 3439 4589 ὡς
3469 4527 3526 4579 ἐν
3555 4543 3741 4595 προσ-

2152 4622 2287 4693 ὡπῳ
2326 4621 2588 4682 Μωσέως.
2631 4620 2689 4672 '0
2723 4619 2820 4689 μὲν
2870 4619 2978 4688 γὰρ
3010 4618 3315 4688 ἀπέστρεψε
3349 4615 3408 4670 τὸ
3436 4616 3744 4686 πρόσωπον

2152 4713 2338 4769 αὑτοῦ·
2363 4712 2651 4783 ηὑλαϐεῖτο
2673 4711 2782 4782 γὰρ
2809 4709 3178 4780 κατεμόλέψαι
3195 4707 3420 4761 ἐνώπιον
3449 4707 3542 4760 τοῦ
3566 4707 3740 4762 Θεοῦ·

2151 4809 2227 4860 Δι’
2249 4801 2309 4860 οὗ
2341 4804 2661 4876 σημαίνεται
2691 4803 2799 4855 τῶν
2828 4805 2886 4855 ἐν
2912 4802 3059 4872 νόμῳ
3091 4799 3650 4870 παιδαγωγουμένων,
3677 4799 3744 4855 τὸ

2151 4901 2250 4970 τῆς
2287 4899 2525 4960 διανοίας
2556 4895 2798 4957 ἀσθενὲς,
2834 4895 2935 4947 οὐκ
2971 4893 3341 4982 ἀναμενούσης
3373 4893 3572 4964 τρόπον
3607 4893 3742 4947 τινὰ

2153 4990 2291 5058 πρὸς
2321 4987 2453 5038 Θεὸν
2474 5025 2487 5048 ,
2527 4983 2648 5036 οὔτε
2683 4983 2788 5054 μὴν
2827 4983 2943 5046 οἵας
2973 5000 3031 5035 τε
3063 4980 3188 5035 ἰδεῖν
3214 4982 3311 5052 τὴν
3352 4980 3508 5045 δόξαν
3535 4981 3740 5050 αὑτοῦ,

2156 5080 2297 5134 κατά
2328 5095 2390 5144 γε
2415 5077 2474 5129 τὸ
2499 5077 2556 5129 ὲν
2578 5075 2826 5145 Ψαλμοῖς
2853 5075 3209 5145 ὑμνούμενον·
3237 5090 3256 5123 ι
3275 5072 3744 5142 Σκοτισθήτωσαν

2153 5173 2200 5222 οἱ
2226 5169 2491 5236 όςςθαλμοὶ
2515 5167 2693 5221 αὑτῶν
2713 5165 2805 5218 τοῦ
2837 5165 2908 5235 μὴ
2933 5165 3168 5234 βλέπειν,
3204 5185 3222 5215 ι
3252 5166 3416 5236 ἤγουν
3443 5166 3645 5229 ἐκεῖνο,
3683 5168 3748 5220 τὸ

2161 5279 2179 5310 ι
2213 5257 2339 5310 Ἰδοὺ
2360 5257 2484 5319 λαὸς
2513 5257 2693 5327 μωρὸς
2712 5256 2805 5308 καὶ
2831 5253 3105 5324 ἀκάρδιοςο
3125 5255 3392 5325 ὀφθαλμοὶ
3411 5255 3616 5321 αὑτοῖς,
3646 5259 3746 5309 καὶ

2100 5380 2104 5386 -
2152 5351 2210 5402 οὑ
2238 5349 2539 5420 βλέπουσιν.
2579 5366 2596 5398 ι
2643 5348 2832 5416 Ἡμεῖς
2856 5346 2913 5399 δὲ
2945 5349 3054 5410 τοῖς
3086 5347 3212 5417 περὶ
3240 5348 3338 5416 τῆς
3362 5347 3603 5416 ἀρρήτου
3635 5348 3744 5416 φύ-

2153 5459 2289 5504 σεως
2315 5439 2628 5512 προσιέντες
2655 5437 2852 5506 λόγοις,
2880 5436 3138 5506 καθαροῖς
3171 5437 3266 5489 καὶ
3298 5437 3744 5507 πεφωτισμένοις

2151 5534 2304 5603 ὄμμα
2317 5549 2412 5596 τιν,
2449 5531 2506 5583 ἐν
2536 5529 2650 5599 Υίῷ
2678 5529 2975 5600 διαπρέπον
3005 5529 3065 5582 τὸ
3092 5528 3184 5582 τοῦ
3225 5527 3360 5580 Θεοῦ
3395 5529 3487 5581 καὶ
3514 5530 3744 5600 Πατρὸς

2626 5639 2672 5671 ’⁸
2722 5639 2834 5692 bid.
2897 5655 2974 5702 In,
3038 5640 3089 5693 6.
3168 5639 3564 5695 "Psal.1.xvm
3637 5641 3734 5698 24.
