3968 6300
399 345 524 401 9.39

1435 335 1490 390 ε
1533 333 1808 392 CYRILLI
1841 292 2310 390 ALsxtNomm
2346 326 2663 393 manus».

3564 333 3712 390 240,

420 461 502 514 lac
535 459 599 525 ¹⁰;
634 475 652 508 ι
676 467 911 525 cumque
932 452 999 507 iis
1022 449 1207 506 verbis
1229 446 1490 505 continuo
1508 448 1841 506 addidisset:
1889 465 1905 498 ι
1925 446 1993 502 Et

2118 446 2194 516 νῆν
2223 446 2451 518 ῥέουσαν
2489 443 2629 514 γάλα
2655 445 2750 500 καὶ
2779 446 2920 516 μέλι.
2963 463 2982 496 ι
3027 445 3136 498 Καὶ
3163 446 3548 516 προστιθέντος
3581 451 3671 503 εὐ-

421 569 569 609 nunc
602 566 731 608 ecce
765 550 971 606 clamor
1000 545 1234 600 filiorum
1276 543 1443 599 Israel
1486 542 1639 598 venit
1681 543 1750 597 ad
1779 556 1898 607 me;
1937 547 1994 596 et

420 645 532 718 ego'
553 643 668 699 vidi
708 639 1057 696 alllictionem
1097 651 1203 707 qua
1239 633 1478 706 Egyptii
1506 633 1822 703 opprimunt
1841 648 1938 687 eos
1975 648 1990 685 :

420 746 477 792 et
496 749 643 791 nunc
657 731 799 795 veni,
813 729 1025 784 mittam
1047 734 1101 781 te
1117 724 1186 781 ad
1205 724 1543 780 Pharaonem
1561 738 1740 793 regem
1757 721 1992 794 Egypti,

421 837 478 882 et
528 826 731 881 educes
781 819 1044 892 populum
1093 833 1298 882 meum,
1353 815 1493 871 ﬁlios
1534 815 1700 870 Israel
1741 829 1808 868 ex
1851 821 1995 868 terra

421 916 638 988 Egypti
672 915 750 966 ηε
785 933 804 965 ›
844 918 1032 983 aperte
1067 924 1132 964 ac
1167 908 1348 980 palam
1395 905 1715 961 reclamavit
1741 903 1950 976 Moyses
1979 920 1992 956 :

430 1027 447 1058 ι
491 1006 625 1073 Quis
667 1019 788 1059 sum
828 1017 949 1072 ego,
985 1007 1045 1054 ut
1079 998 1274 1054 vadam
1335 995 1403 1051 ad
1453 997 1792 1051 Pharaonem
1815 1009 1995 1065 regem

421 1098 659 1170 IEgypti,
690 1107 745 1152 et
785 1104 846 1151 ut
877 1094 1106 1150 educam
1149 1091 1296 1146 ﬁlios
1326 1089 1490 1145 Israel
1533 1104 1599 1144 ex
1637 1097 1784 1143 terra
1828 1086 1997 1158 [Egy-

422 1190 500 1261 pti
529 1188 622 1250 “,?
646 1208 664 1239 ι
691 1186 833 1241 Num
855 1185 1020 1256 igitur
1042 1196 1234 1254 parum
1265 1190 1350 1235 est
1385 1179 1612 1234 evidens
1641 1179 1758 1233 haec
1791 1176 2000 1249 ﬁgura?

423 1290 480 1337 et
523 1281 615 1336 hic
663 1275 952 1334 recusandi
1002 1273 1199 1330 modus
1243 1288 1428 1327 nonne
1468 1271 1537 1326 ad
1579 1286 1707 1326 eum
1737 1269 1996 1334 refertur,

413 1372 518 1442 ~qui
547 1369 773 1425 inﬁnitis
789 1367 1038 1438 partibus
1066 1363 1316 1435 superior
1336 1370 1423 1418 est
1447 1370 1610 1432 atque
1635 1359 1998 1434 prazstantior,

427 1464 483 1519 id
507 1471 611 1527 est,
652 1460 719 1516 ad
758 1457 1080 1516 Christum?
1113 1455 1333 1525 Alioqui
1383 1455 1489 1510 hoc
1538 1455 1716 1525 ipsum
1775 1451 1998 1509 dicere:

409 1557 560 1625 'Quis
579 1554 735 1610 sum?
752 1553 999 1622 ineptum
1019 1565 1150 1604 sane
1166 1556 1329 1603 esset.
1347 1546 1512 1618 Atqui
1532 1545 1690 1602 facile
1711 1543 2003 1599 admodum

427 1648 641 1712 fuisset,
683 1643 918 1716 pupulos
958 1642 1196 1712 eripere,
1234 1655 1298 1694 ac
1332 1639 1562 1694 salutem
1606 1637 1861 1709 gentibus
1905 1653 2004 1707 pa-

411 1752 572 1802 Tere,
597 1735 666 1791 ad
695 1735 1116 1802 libertatemque
1140 1745 1418 1796 revocare,
1461 1730 1506 1784 si
1541 1731 1663 1802 ejus
1706 1728 1871 1793 vires,
1907 1726 2002 1798 qui

433 1828 555 1884 illos
587 1827 644 1882 in
673 1825 939 1882 servitute
986 1822 1318 1879 constrictos
1351 1820 1594 1885 tenebat,
1637 1819 1868 1883 Satanas,
1911 1818 1993 1873 in-

431 1927 615 1989 quam,
646 1917 845 1972 attrita:
881 1925 1045 1984 atque
1071 1921 1344 1968 enervatae
1367 1910 1619 1966 fuissent.

499 2009 694 2065 PALL.
752 2007 1002 2062 Profecto
1057 2004 1381 2061 facillimum
1434 2021 1446 2056 :
1502 2010 1651 2058 recte
1707 1997 1868 2058 enim‘
1917 2000 2004 2056 di-

425 2104 527 2159 cis.

498 2191 655 2247 CYB.
700 2189 880 2258 Quid?
918 2203 1101 2246 nonne
1152 2188 1284 2243 hinc
1329 2201 1548 2258 quoque
1582 2200 1810 2258 prorsus
1849 2183 2006 2242 facile

431 2292 515 2338 est
568 2281 792 2346 videre,
849 2280 1096 2341 omnium
1147 2277 1436 2332 hominum
1489 2275 1683 2332 salutis
1728 2284 2007 2331 auctorem

432 2374 599 2429 fuiSse
625 2373 966 2446 unigenitum
986 2370 1083 2425 Dei
1111 2369 1348 2424 Filium?
1388 2369 1560 2438 ipsius
1593 2366 1741 2421 enim
1779 2382 1880 2436 ope
1919 2381 2009 2422 re-

433 2467 639 2538 dempti
669 2481 878 2528 sumus,
908 2471 1095 2533 atque,
1125 2471 1188 2517 ut
1216 2463 1295 2517 ait
1322 2460 1591 2532 prOpheta
1619 2476 1632 2514 :
1664 2479 1683 2510 ‹
1711 2459 1831 2514 Non
1865 2459 2011 2529 lega-

415 2565 541 2621 s-tus,
613 2572 726 2611 non
782 2553 1009 2626 angelus
1041 2594 1056 2619 ,
1114 2551 1210 2606 sed
1284 2551 1400 2622 ipse
1456 2550 1722 2605 Dominus
1783 2547 2012 2605 salvavit

431 2645 660 2699 -n08‘".')

505 2733 701 2792 PALL.
720 2731 1041 2790 Undenam?
1065 2745 1272 2800 quaeso.

503 2825 661 2882 CYR.
709 2824 856 2878 Deus
909 2823 1058 2877 enim
1108 2821 1488 2876 universorum
1529 2819 1790 2890 pracepit
1843 2817 2012 2890 Moysi

414 2916 656 2972 adisertis
673 2913 877 2978 verbis,
909 2919 970 2967 ut
995 2912 1114 2966 sine
1131 2909 1480 2966 cunctatione
1503 2917 1758 2981 pergeret
1786 2908 1855 2963 ad
1873 2907 2015 2964 ﬁlios

437 3006 625 3072 Israel,
656 3005 833 3074 iisque
848 3004 1028 3074 palam
1059 3002 1288 3067 diceret,
1326 3000 1474 3072 quod
1507 3001 1818 3072 'adjutorem
1849 3009 2014 3070 atque

2096 537 2219 602 θύςο
2264 557 2283 590 ι
2337 539 2447 591 Kal
2479 538 2574 593 νῦν
2607 537 2714 591 ἰδοὺ
2761 539 2795 608 ἡ
2832 537 3050 608 κραυγὴ
3083 537 3192 592 τῶν
3235 538 3378 610 ,υίῶν
3432 540 3670 614 Ἰσραὴλ,

2095 630 2219 701 ἥκει
2247 628 2381 700 πρός
2413 645 2512 699 με’
2556 627 2708 698 κάγὼ
2737 627 2959 700 ἑώρακα
2988 628 3079 682 τὸν
3109 627 3379 701 θλιμμὸν,
3409 631 3468 686 6v
3498 635 3549 686 οἰ
3577 636 3672 688 Δί-

2096 721 2312 792 γύπτιοι
2340 721 2609 775 θλίϐουσιν
2645 721 2870 786 αὐτούς’
2908 721 3001 775 καὶ
3041 721 3136 776 νῦν
3175 721 3356 795 δεῦρο,
3390 725 3672 781 ἀποστελῶ

2099 833 2159 886 σε
2203 815 2339 886 πρὸς
2371 812 2566 886 Φαραὼ
2604 813 2826 884 βασιλέα
2861 812 3140 882 Αἰγύπτου
3161 853 3179 881 ,
3218 815 3311 869 καὶ
3344 815 3550 882 ἐξάξεις
3581 819 3672 873 τὸν

2101 906 2230 960 λαόν
2261 923 2385 976 μου,
2409 906 2531 968 τοὺς
2547 905 2694 967 υίούς
2725 903 2961 975 Ἰσραὴλ,
2991 905 3056 958 ἐκ
3077 905 3182 974 γῆς
3207 906 3547 974 Αἰγύπτουο»
3578 926 3673 963 σα..

2099 996 2214 1065 φῶς
2264 996 2320 1056 δὲ
2361 996 2454 1052 καὶ
2501 993 2795 1065 διαρρήδην
2840 995 3200 1067 ἀνεκεκράγει
3229 996 3468 1068 Μωσῆς·
3509 1019 3528 1050 ι
3579 998 3675 1064 Τίς

2099 1091 2213 1159 εἰμι
2248 1087 2389 1158 ἐγὼ,
2423 1090 2504 1142 ὅτι
2537 1085 2874 1158 πορεύσομαι
2905 1089 3040 1159 πρὸς
3080 1089 3277 1161 Φαραὼ
3323 1090 3543 1160 βασιλέα
3574 1089 3678 1146 Ἀί-

2100 1181 2327 1250 γύπτου,
2373 1181 2468 1234 καὶ
2512 1179 2594 1233 ὅτι
2635 1175 2810 1244 ἐξάξω
2853 1180 2978 1243 τοὺς
3020 1178 3169 1243 υἰοὺς
3218 1180 3433 1253 Ἰσραὴλ
3473 1183 3538 1235 ἐκ
3573 1186 3676 1254 γῆς

2100 1271 2378 1340 Αἰγύπτου
2399 1290 2414 1339 ;
2452 1289 2475 1324 ›
2499 1267 2567 1323 ’Ἃ
2579 1272 2627 1342 ρ’
2653 1266 2744 1326 οὖν
2769 1271 2869 1324 οὐκ
2891 1271 3127 1340 ἐναργὴς
3151 1272 3180 1324 6
3203 1271 3392 1336 τύπος,
3418 1274 3509 1327 καὶ
3531 1277 3559 1327 6
3578 1277 3679 1346 τῆς

2103 1365 2483 1434 παραιτήσεως
2510 1362 2710 1434 τρόπος
2735 1362 2855 1433 οὐχὶ
2883 1362 2980 1434 τὴν
3007 1362 3283 1435 ἀναφορὰν
3313 1365 3406 1418 ἐπὶ
3425 1364 3490 1418 τὸ
3512 1366 3681 1436 ἀσυγ-

2103 1455 2304 1526 κρίτως
2329 1454 2661 1527 ὐπερτεροῦν
2687 1456 2780 1509 καὶ
2801 1441 3194 1526 ὑπερκείμενον
3219 1455 3352 1526 ἔχει,
3373 1456 3518 1510 τοῦτ’
3538 1457 3676 1524 εστι,

2105 1548 2370 1620 Χριστόν;
2404 1548 2490 1611 Ὠς
2510 1547 2589 1613 τὸ,
2611 1567 2629 1599 ι
2655 1547 2749 1612 Τίς
2767 1549 2880 1619 είμι
2895 1547 3035 1616 syth;
3059 1564 3078 1602 ι
3101 1547 3278 1616 λέγειν
3306 1548 3674 1620 ἀνάρμοστον·

2105 1639 2328 1703 εὐπετὲς
2350 1640 2406 1693 δέ
2429 1638 2545 1693 λίαν
2572 1639 2632 1691 τὸ
2668 1637 2942 1705 ἐξελέσθαι
2968 1639 3155 1703 λαοὺς,
3181 1638 3278 1692 καὶ
3301 1639 3498 1702 σώζειν
3524 1640 3676 1712 ἔθνη,

2109 1732 2201 1786 καὶ
2225 1730 2578 1802 ἀποκομίζειν
2613 1733 2692 1794 είς
2718 1729 3032 1799 ἐλευθερίαν
3052 1770 3068 1790 ,
3098 1731 3557 1805 συντετριμμένου
3587 1734 3696 1786 καὶ

2105 1823 2483 1893 ἀτονήσαντος,
2497 1819 2588 1874 τοῦ
2610 1820 2744 1894 πρὸς
2767 1820 3008 1874 δουλείαν
3029 1821 3342 1892 συνέχοντος
3379 1823 3520 1877 τοῦτ’
3543 1824 3678 1890 ἔστι,

2106 1911 2198 1966 τοῦ
2229 1913 2466 1967 Σατανᾶ.

2175 2006 2384 2060 ΠΑΛΛ.
2418 2005 2854 2064 Εὐπετέστατονο
2889 2005 3026 2080 ἔφης
3055 2007 3167 2079 γὰρ
3201 2006 3380 2078 ὀρθῶς

2177 2185 2343 2241 ΚΥΡ.
2389 2186 2454 2240 Τί
2500 2184 2590 2250 δέ;
2627 2184 2744 2255 οὐχὶ
2790 2182 3084 2239 κάντεῦθεν
3131 2184 3258 2239 ἰδεῖν
3304 2185 3684 2260 ἀταλαίπωρον

2108 2279 2416 2345 παντελῶς,
2445 2279 2526 2332 ὅτι
2554 2278 2651 2350 τῆς
2688 2276 2945 2332 ἁπάντων
2979 2277 3251 2348 σωτηρίας
3296 2261 3562 2348 πρύτανις
3595 2280 3687 2347 γέ-

2107 2389 2262 2440 γονεν
2295 2374 2323 2425 6
2366 2371 2712 2441 Μονογενήςὶ
2753 2369 2820 2424 δι’
2855 2369 3020 2424 αὐτοῦ
3061 2369 3170 2440 γὰρ
3213 2367 3685 2440 ἐκλελυτρὼμεθα,

2109 2459 2202 2513 καί
2231 2475 2395 2528 φησιν
2423 2460 2451 2512 6
2490 2458 2773 2529 προφήτης
2793 2473 2808 2488 ⁸
2849 2475 2867 2508 ‹
2906 2458 2979 2511 Οὐ
3009 2457 3271 2530 πρέσϐυς,
3305 2459 3406 2512 οὐκ
3435 2459 3686 2530 ἄγγελος,

2109 2549 2224 2604 ἀλλ’
2259 2549 2420 2614 αὐτὸς
2457 2551 2485 2602 6
2523 2549 2728 2620 Κύριος
2757 2548 2960 2604 ἔσωσεν
2991 2551 3156 2622 ἡμᾶς,
3204 2569 3224 2602 ι

2181 2727 2389 2782 ΠᾹΛΛ.
2425 2714 2592 2780 Πόθεν
2624 2726 2792 2798 ἔφης

2181 2821 2347 2875 ΚΥΡ.
2397 2820 2457 2873 '0
2491 2820 2589 2890 μὲν
2624 2820 2732 2890 γὰρ
2767 2819 2876 2873 τῶν
2901 2819 3038 2875 ὅλων
3063 2819 3194 2886 Θεὸς
3222 2823 3394 2895 Μωσῇ
3438 2825 3692 2880 κεκέλευ.

2117 2931 2208 2968 κεν
2249 2913 2493 2985 ἐναργῶς
2513 2951 2528 2976 ,
2559 2913 2862 2967 ἀοκνότατα
2899 2911 2999 2984 μὲν
3052 2913 3187 2967 ἰέναι
3225 2915 3362 2987 πρὸς
3385 2919 3511 2981 τοὺς
3544 2920 3695 2984 υἱοὺς

2128 3003 2362 3076 Ἰσραὴλ,
2397 3005 2569 3057 εἰπεῖν
2598 3004 2654 3057 δὲ
2683 3003 2984 3073 ἀναφανδὸν
3019 3005 3096 3068 ὼς
3128 3005 3346 3076 ἀρωγὸν
3374 3010 3468 3063 καὶ
3497 3009 3697 3082 συλλή-

425 3106 728 3169 patronum
760 3095 1031 3150 haberent
1065 3094 1262 3158 Deum,
1303 3093 1396 3163 qui
1426 3093 1612 3148 omnia
1651 3099 1852 3163 potest,
1885 3107 2008 3147 eum

2118 3115 2289 3169 πτορα
2315 3096 2406 3150 τὸν
2453 3097 2629 3154 πάντα
2675 3096 2928 3168 ἰσχύοντα
2964 3097 3218 3163 λαϐόντες
3252 3099 3406 3164 Θεὸν,
3441 3103 3694 3174 ἀποφορ-

438 3189 694 3245 facillime
723 3187 1006 3242 servitutis
1031 3185 1296 3258 {Egyptian
1330 3185 1639 3240 molestiam
1668 3184 2010 3250 levaturum;

421 3280 565 3335 "illos
602 3279 732 3334 item
766 3278 990 3333 domum
1025 3277 1207 3333 denuo
1239 3275 1547 3344 redituros;
1581 3285 1637 3332 et
1684 3276 1779 3331 ubi
1817 3277 1886 3330 ad
1914 3291 2014 3347 pa-

443 3380 588 3425 trum
611 3386 837 3427 suorum
875 3369 1186 3426 libertatem
1225 3368 1514 3434 redierint,
1553 3367 1672 3422 fore
1725 3374 1787 3422 ut
1811 3374 2014 3421 terram

442 3467 684 3516 sanctam
724 3459 1062 3524 incolerent;
1110 3457 1296 3526 ibique
1344 3456 1518 3527 copiis
1572 3445 1637 3511 ac
1674 3453 1854 3520 bonis,
1894 3467 2016 3523 quae

426 3557 560 3627 ipse
606 3555 1058 3626 suppeditaturus
1103 3560 1286 3618 esset,
1333 3551 1638 3624 largissime
1680 3549 2012 3606 fruerentur.

435 3648 741 3719 Respondit
761 3654 966 3712 autem,
985 3645 1184 3715 inquit,
1213 3643 1442 3714 Moyses,
1470 3657 1534 3696 ac
1561 3641 1699 3696 dixit
1724 3659 1738 3694 :
1769 3659 1788 3692 ‹
1827 3639 1883 3695 Si
1905 3655 2018 3694 non

440 3737 784 3795 crediderint
819 3736 952 3791 mihi
975 3775 989 3800 ,
1029 3749 1208 3804 neque
1250 3732 1530 3792 audierint
1567 3747 1760 3787 vocem
1801 3745 2012 3796 meam;

418 3829 628 3884 «licent
684 3828 853 3893 enim,
898 3825 1045 3896 quod
1070 3825 1192 3880 Non
1225 3825 1476 3896 apparuit
1530 3823 1629 3879 tibi
1674 3825 2016 3894 Deusgquid

417 3921 619 3982 'dicam
649 3919 718 3975 ad
743 3919 875 3974 eos?
898 3919 1044 3974 Dixit
1077 3928 1258 3975 autem
1286 3918 1337 3974 ei
1378 3917 1642 3973 Dominus
1667 3935 1680 3970 :
1712 3916 1854 3986 Quid
1875 3917 2015 3975 illud

418 4019 528 4066 -cst-
540 4008 686 4078 quod
702 4008 870 4063 habes
892 4009 946 4062 in
964 4023 1127 4066 manu
1142 4008 1165 4061 ?
1180 4007 1275 4063 Ille
1301 4013 1484 4062 autem
1502 4006 1656 4072 dixit,
1679 4006 1788 4078 67
1816 4005 1978 4078 Virga
1997 4024 2012 4062 :

442 4107 501 4154 et
532 4098 670 4154 dixit
705 4098 954 4169 :Projice
977 4114 1098 4153 eam
1121 4098 1177 4152 in
1239 4107 1460 4153 terram.
1518 4097 1586 4152 Et
1641 4099 1872 4170 projecit
1893 4115 2014 4155 eam

425 4224 427 4226 -
444 4193 500 4245 in
519 4200 737 4257 terram,
760 4200 815 4246 et
835 4191 976 4246 facta
993 4199 1078 4244 est
1099 4191 1355 4256 coluber;
1373 4197 1428 4246 et
1447 4191 1586 4261 fugit
1607 4191 1824 4264 Moyses
1841 4191 1911 4249 ab
1925 4207 2010 4252 eo.

424 4281 511 4336 ‘Et
537 4280 675 4336 dixit
690 4281 960 4335 Dominus
979 4279 1052 4334 ad
1075 4279 1292 4351 Moysen
1312 4270 1330 4332 :7
1341 4279 1583 4335 Extende
1601 4295 1824 4338 manum
1843 4289 2010 4346 tuam,

378 4423 381 4425 .
421 4381 499 4426 et
528 4371 880 4442 apprehende
924 4371 1172 4427 caudam.
1223 4370 1537 4426 Extendens
1576 4370 1744 4442 igitur
1789 4385 2015 4427 manum

2120 3189 2360 3243 τιοῦνται
2403 3188 2502 3258 μὲν
2549 3187 2784 3252 εὐκόλως
2823 3187 2922 3258 τῆς
2969 3189 3027 3243 ἐν
3059 3190 3320 3263 Αἰγύπτῳ
3356 3192 3602 3258 δουλείας
3634 3195 3698 3249 1:6

2121 3277 2412 3349 δυσαχθές,
2440 3277 2622 3334 οἴκαδέ
2667 3294 2729 3346 γε
2783 3277 2888 3349 μὴν
2921 3279 3216 3350 ἀπαίρουσι
3255 3283 3444 3349 πάλιν,
3478 3284 3574 3338 καὶ
3616 3286 3699 3350 εἰς

2120 3369 2217 3440 τὴν
2259 3369 2365 3423 τῶν
2403 3369 2654 3441 πατέρων
2694 3369 3006 3443 ἐλευθερίαν
3059 3372 3514 3445 ἀναφοιτήσαντες
3538 3413 3555 3439 ,
3595 3377 3698 3448 τὴν

2124 3463 2284 3532 ἁγίαν
2310 3463 2591 3532 οἰκήσουσι
2615 3462 2718 3534 γῆν
2739 3479 2752 3492 ·
2784 3463 2900 3516 ἐκεῖ
2922 3479 2980 3515 τε
3008 3463 3275 3530 πλουσίως
3303 3468 3414 3530 τοῖς
3439 3469 3572 3539 παρ’
3599 3469 3702 3522 αὐ-

2121 3552 2215 3606 τοῦ
2270 3553 2648 3625 δοθησομένοις
2707 3554 3194 3627 ἐνσπαταλήσωσιν
3253 3557 3493 3627 ἀγαθοῖς.
3567 3561 3702 3614 Ἀπ-

2123 3642 2336 3716 εκρίθη,
2367 3645 2552 3715 φησὶν,
2579 3645 2608 3698 6
2640 3644 2844 3717 Μωσῆς
2880 3646 2976 3699 καὶ
3015 3642 3166 3701 εἶπεν
3189 3665 3201 3680 ·
3249 3666 3267 3700 ι
3321 3649 3446 3704 Ἐὰν
3483 3649 3559 3720 μὴ
3607 3668 3704 3705 πι-

2124 3733 2389 3790 στεύσωσί
2419 3753 2532 3807 μοι,
2564 3735 2696 3806 μηδὲ
2725 3736 3000 3794 ἀκούσωσί
3030 3756 3132 3809 μου
3158 3742 3256 3810 τῆς
3277 3741 3461 3812 φωνῆς
3485 3743 3705 3812 (ἐροῦσι

2122 3829 2252 3900 γὰρ,
2283 3829 2366 3882 ὅτι
2389 3829 2502 3883 Οὐκ
2535 3821 2716 3884 ὦπταί
2739 3844 2820 3880 σοι
2840 3831 2867 3880 6
2891 3829 3065 3896 Θεὸς),
3088 3831 3142 3882 τί
3167 3830 3277 3900 ἐρῶ
3301 3833 3438 3901 πρὸς
3461 3834 3699 3902 αὐτούς;

2121 3917 2254 3974 Εἰπε
2276 3920 2330 3972 δὲ
2356 3919 2506 3991 αὐτῷ
2533 3921 2565 3972 6
2590 3918 2810 3987 Κύριος·
2853 3918 2918 3970 Τί
2943 3918 3102 3970 τοῦτό
3136 3920 3252 3972 ἐστι
3288 3920 3348 3973 τὸ
3372 3922 3430 3973 ἐν
3455 3925 3519 3992 τῇ
3548 3927 3705 3997 χειρί

2125 4029 2251 4080 σου;
2285 4011 2341 4063 Ὀ
2369 4009 2427 4063 δὲ
2455 4006 2594 4072 εἷπε,
2625 4007 2866 4069 Ῥάϐδοςο
2895 4009 2988 4062 καὶ
3016 4004 3159 4062 εἴπεο
3191 4010 3376 4080 Ῥίψον
3401 4013 3574 4084 αὐτὴν
3604 4019 3704 4071 ἐπὶ

2120 4102 2218 4172 τὴν
2238 4101 2358 4170 γῆν.
2384 4100 2492 4154 Καὶ
2522 4098 2744 4170 ἔρριψεν
2772 4098 2938 4171 αὐτὴν
2969 4101 3062 4154 ἐπὶ
3085 4100 3184 4172 τὴν
3208 4101 3331 4172 γῆν,
3360 4103 3456 4157 καὶ
3475 4105 3702 4174 ἐγένετο

2120 4192 2243 4260 ὄφις
2265 4207 2278 4220 ·
2300 4188 2395 4242 καὶ
2423 4189 2591 4258 ἔφυγε
2620 4190 2823 4259 Μωσῆς
2852 4190 2949 4275 ἀπῖ
2973 4191 3156 4246 αὐτοῦ.
3200 4194 3312 4248 Καὶ
3343 4190 3464 4250 εἷπε
3486 4196 3700 4270 Κύριος

2120 4281 2256 4352 πρὸς
2292 4280 2518 4350 Μωσῆν⁸
2550 4280 2800 4336 Ἔκτεινε
2843 4280 2937 4353 τὴν
2971 4283 3128 4354 χεῖρά
3173 4301 3288 4350 σου,
3315 4285 3408 4340 καὶ
3433 4287 3699 4343 ἐπιλαϐοῦ

2118 4371 2218 4440 τῆς
2249 4370 2468 4443 κέρκου.
2507 4371 2616 4427 Καὶ
2654 4372 2900 4436 ἐκτείνας
2933 4373 3030 4446 τὴν
3065 4378 3240 4447 χεῖρα,
3276 4378 3570 4432 ἐπελάϐετο
3596 4384 3701 4452 τῆς

423 4463 813 4533 apprehendit
849 4463 1099 4528 caudam,
1152 4469 1210 4517 et
1249 4461 1391 4517 facta
1429 4468 1514 4519 est
1548 4462 1702 4532 virga
1745 4461 1804 4515 in
1845 4475 2008 4515 manu

2118 4465 2339 4537 κέρκου,
2367 4465 2461 4520 καὶ
2485 4467 2699 4536 ἐγένετο
2722 4469 2914 4539 ῥάϐδος
2937 4471 2995 4524 ἐν
3030 4473 3097 4543 τῇ
3123 4473 3268 4544 χειρὶ
3297 4473 3479 4528 αὐτοῦ.
3525 4494 3543 4526 ι

441 4556 559 4625 ejus
604 4553 712 4607 “.9
757 4583 762 4592 -

511 4643 706 4698 PALL.
726 4642 1009 4700 Insuetum
1028 4661 1178 4712 sane,
1220 4659 1534 4715 novumque
1553 4639 1896 4705 miraculum,
1915 4638 2022 4712 Cy-

444 4735 566 4791 rille
600 4753 614 4789 :
649 4737 782 4808 quid
813 4747 994 4792 autem
1034 4738 1341 4810 signiﬁcare
1377 4737 1532 4800 velit,
1557 4735 1786 4797 dissere,
1820 4732 1868 4788 si
1897 4732 2017 4803 pla-

443 4834 549 4892 cet,
585 4841 615 4902 _a
636 4826 836 4897 capite.

508 4916 665 4971 CVR.
719 4917 990 4987 Equidem
1025 4919 1311 4975 disseram.
1357 4914 1495 4970 Cum
1525 4927 1624 4982 per
1657 4912 1827 4970 multa
1870 4921 2013 4969 tem-

441 5023 572 5078 pora
595 5006 741 5062 inter
788 5007 1073 5081 Egyptios
1127 5006 1327 5064 versati
1379 5011 1564 5065 essent
1611 5003 1906 5070 Israelita,
1957 5013 2014 5060 et

440 5099 652 5154 nullum
690 5109 836 5154 esset
869 5100 1079 5171 peccati
1126 5109 1298 5170 genus
1334 5094 1388 5148 in
1423 5093 1569 5163 quod
1604 5093 1742 5164 lapsi
1784 5109 1893 5150 non
1920 5109 2012 5150 es-

439 5198 831 5260 sent,curnque
853 5188 1225 5263 voluptatibus
1247 5185 1324 5239 illi
1353 5184 1561 5256 regioni
1587 5185 1825 5256 propriis
1857 5185 2012 5242 oble-

431 5290 740 5346 ctarentur,
778 5297 889 5337 non
915 5275 1198 5350 ignorabat
1245 5276 1476 5347 Moyses,
1530 5276 1810 5346 segniores
1842 5292 1909 5334 ea
1947 5277 2016 5332 de

431 5385 601 5426 causa
621 5370 795 5426 factos
822 5384 965 5432 esse,
991 5374 1156 5434 atque
1189 5363 1478 5434 ejusmodi,
1509 5371 1570 5416 ut
1587 5378 1737 5433 ,πει-ε
1768 5363 1836 5418 ad
1867 5379 2017 5418 com-

440 5462 722 5532 ponendos
759 5473 940 5516 mores
989 5455 1199 5518 traduci
1229 5463 1454 5526 possent
1486 5470 1500 5507 :
1528 5454 1643 5516 fore
1695 5462 1877 5509 autem
1929 5471 2016 5510 sa-

426 5553 654 5624 pienter
681 5552 930 5624 putabat,
975 5559 1032 5624 ut
1076 5542 1491 5624 Operumjabor
1548 5546 1899 5616 compelleret
1949 5546 2017 5600 ad

1219 5737 1257 5768 ¹¹
1289 5731 1450 5799 lbid.,
1496 5733 1547 5787 9.

514 5744 555 5773 ιο
595 5737 766 5793 Exod.
798 5727 1114 5806 111,73eqq.
1219 5737 1257 5768 ¹¹
1289 5731 1450 5799 Ibid.,
1496 5733 1547 5787 9.
1655 5735 1696 5767 ι’
1731 5733 1893 5794 Ibid...
1934 5730 2012 5784 ll.

2185 4640 2392 4694 ΠΛΛΛ.
2450 4641 2536 4705 Ὦς
2564 4639 2800 4706 ἐξαίσιον
2848 4644 2948 4714 μὲν
2971 4645 3032 4699 τὸ
3065 4645 3272 4718 θαῦμα,
3308 4641 3353 4701 ὧ
3380 4650 3498 4701 τᾶν.
3536 4649 3612 4703 T6
3638 4651 3696 4704 δέ

2114 4729 2166 4784 τί
2205 4729 2271 4790 ἂν
2305 4729 2546 4800 βούλοιτο
2576 4733 2930 4804 καταδηλοῦν,
2963 4738 3136 4809 φράζε
3165 4739 3232 4811 δὴ
3265 4739 3427 4794 πάλιν
3461 4741 3649 4805 αὐτός.

2174 4907 2338 4961 KI’P.
2387 4907 2529 4977 Ἐγὼ
2571 4911 2793 4983 φράσω·
2821 4915 3082 4988 Μακρούς
3113 4919 3426 4987 Αἰγυπτίοις
3457 4921 3699 4974 συνδιαι-

2117 4996 2349 5068 τώμενοι
2396 5000 2622 5071 χρόνους
2660 5002 2710 5054 οί
2757 5002 2816 5069 ἐξ
2870 5005 3120 5078 Ἰσραὴλ,
3151 5007 3246 5062 καὶ
3283 5011 3365 5072 εἰς
3407 5012 3515 5064 πᾶν
3554 5007 3696 5076 εἶδος

2118 5089 2393 5160 ἁμαρτίας
2439 5090 2841 5162 ὠλισθηκότες,
2893 5097 2988 5150 καὶ
3019 5102 3250 5168 τρυφαῖς
3283 5099 3533 5170 ἡδόμενοι
3571 5105 3696 5166 ταῖς

2115 5181 2444 5252 ἐπιχωρίοις,
2469 5180 2682 5252 βραδεῖς
2706 5185 2804 5254 μὲν
2823 5185 2904 5238 ὅτι
2931 5185 3024 5240 καὶ
3046 5187 3540 5260 δυσμετακόμιστοι
3567 5190 3694 5245 λίαν

2115 5272 2326 5326 ἔσονται
2367 5272 2502 5343 πρὸς
2547 5275 2880 5345 εὐκοσμίαν,
2920 5278 3024 5332 οὐκ
3068 5280 3335 5351 ἠγνόησεν
3361 5282 3390 5334 6
3439 5282 3649 5352 Μωσῆς
3674 5300 3688 5314 ·

2117 5365 2414 5435 συνωθήσει
2453 5365 2508 5420 δὲ
2545 5368 2627 5420 ὅτι
2656 5367 2792 5439 πρὸς
2825 5369 3140 5425 εὐπείθειαν
3164 5371 3274 5426 τῶν
3305 5372 3483 5444 ἔργων
3522 5373 3562 5425 ό·
3591 5371 3693 5426 πό-

2119 5474 2204 5520 νος
2258 5457 2356 5528 οὐχ
2389 5458 2610 5522 ἑκόντας
2643 5460 2861 5527 αὐτοὺς,
2913 5462 2963 5513 εἰ
3000 5461 3514 5534 θαυματουργοῦντα
3563 5463 3693 5518 θεά-

2122 5563 2337 5611 σαιντο,
2369 5547 2550 5616 σοφῶς
2597 5548 2965 5620 ὑπελάμϐανε.
3004 5553 3208 5625 Χρῆμα
3238 5554 3340 5625 μὲν
3389 5553 3500 5628 γὰρ
3555 5553 3694 5625 ἀλη-

2096 5731 2268 5786 ιε-ιμη,
2300 5749 2446 5802 ωιτη,
2484 5734 2537 5798 9,
2607 5735 2842 5790 “Exod.
2878 5754 2946 5791 ιν.
2980 5737 3012 5791 9
3042 5753 3192 5808 seqq.
