3968 6300
264 314 364 374 241

1013 323 1100 377 DE
1141 323 1584 381 ADORATIO‘NE
1622 329 1688 383 IN
1728 327 1846 383 SPll

1955 328 1993 384 U
2038 327 2125 382 ΕΤ
2168 324 2538 381 VEBITATE.
2581 324 2706 379 LIB.
2749 326 2812 380 Il.

3420 322 3527 378 242

271 431 378 497 θῶς
429 433 777 506 δυσεξίτητον
822 435 1021 508 ἡδονὴ,
1079 439 1172 492 καὶ
1224 438 1412 492 παθῶν
1445 441 1703 512 ἀγριότης
1737 441 1845 494 τῶν

1955 440 2366 512 obsequendum
2385 438 2469 494 vel
2497 438 2718 501 invitos,
2742 439 2784 490 si
2807 437 2983 506 ipsum
3010 436 3351 494 admirabilia
3375 451 3524 506 qum-

269 526 327 579 ὲν
376 526 508 595 ἡμῖν
566 525 667 580 οὐκ
741 527 981 600 εὐχερῶς
1031 528 1429 586 τιθασσεύεται.
1490 531 1735 604 Ἱδρῶτος
1789 532 1846 585 δὲ

271 617 693 683 καταθλίϐοντος
746 622 840 674 καὶ
905 620 1080 675 πόνων
1131 622 1564 695 ἐπηρτημένων,
1619 625 1847 678 ἀναπεί-

273 725 415 763 σειεν
476 709 544 764 ἂν
576 711 813 776 εὐκόλως
852 713 944 766 καὶ
986 713 1092 766 τῶν
1135 713 1364 784 ἡδίστων
1424 716 1783 788 ὑπερφρονεῖν
1819 718 1848 770 ό

270 799 632 854 ἀπαλλάττειν
659 801 1104 873 ὑπισχνούμενος·
1139 799 1294 874 οἶμαι
1327 803 1383 858 δὲ
1418 805 1500 858 ὅτι
1535 807 1629 858 καὶ
1656 807 1684 858 ό
1718 821 1848 860 παν-

269 891 361 954 τὸς
387 891 596 960 ἀγαθοῦ
634 893 732 964 τὴν
764 895 967 965 εἴδησιν
1002 893 1143 965 ἔχων
1181 894 1332 961 Θεὸς,
1359 895 1635 950 δύσοιστόν
1662 913 1722 950 τε
1754 897 1848 950 καὶ

269 981 510 1054 δυσαλγῆ
561 983 681 1036 τότε
727 982 792 1054 δὴ
867 983 1101 1055 μάλιστα
1169 987 1280 1048 τοῖς
1351 983 1416 1050 ἐξ
1486 984 1701 1058 Ἰσραὴλ
1748 986 1847 1056 τὴν

269 1072 379 1127 τῶν
423 1075 734 1145 Αἰγυπτίων
773 1076 996 1146 ὲπηφίει
1031 1075 1344 1143 πλεονεξίαν
1375 1077 1845 1148 οἰκονομικώτατά

269 1184 328 1220 τε
355 1166 496 1236 λίαν,
528 1168 604 1232 ὡς
632 1167 698 1222 ἂν
725 1165 834 1222 εἷεν
857 1168 1068 1223 εὗκολοι
1113 1171 1249 1241 πρὸς
1278 1169 1616 1241 ἀποδρομὴν,
1647 1170 1741 1222 καὶ
1772 1170 1846 1240 μὴ

269 1260 390 1321 ταῖς
427 1260 746 1330 συντρόφοις
775 1261 992 1331 ἡδοναῖς
1038 1260 1346 1332 ἐνδούμενοι
1367 1300 1381 1322 ,
1411 1260 1635 1331 σκληροί
1666 1277 1725 1312 τε
1757 1260 1850 1328 γέ-

270 1366 444 1402 νοιντο
476 1351 569 1402 καὶ
588 1349 890 1418 δυσάγωγοι
923 1351 1142 1422 κομιδῇ,
1184 1351 1280 1404 καὶ
1311 1352 1411 1421 τὴν
1437 1349 1528 1404 τοῦ
1559 1351 1849 1415 καλοῦντος

271 1440 352 1502 είς
373 1439 686 1512 ἐλευθερίαν
706 1439 1064 1510 ἀτιμάζοντες
1085 1441 1263 1511 χάριν,
1295 1440 1596 1495 ἐθελούσιον
1617 1445 1850 1495 ποιοῖντο

272 1531 371 1600 τὴν
403 1532 461 1582 ὲν
481 1530 739 1602 Αἰγύπτῳ
770 1531 1009 1602 θητείαν,
1039 1533 1100 1585 τὸ
1128 1533 1438 1603 παραυτίκα
1459 1532 1708 1605 τερπνὸν,
1741 1533 1848 1585 ὀλί-

271 1634 384 1688 γων
423 1617 536 1673 ἔσθ’
576 1621 664 1674 ὅτε
710 1623 1104 1694 προτάττοντες
1153 1624 1350 1680 πόνων.
1399 1625 1612 1679 Μᾶλλον
1650 1625 1706 1678 δὲ
1754 1626 1849 1678 καὶ

272 1708 452 1764 αὐτῶν
484 1711 540 1763 ἑν
573 1711 820 1782 ἀμείνοσι
854 1714 1333 1785 καταλογιζόμενοι
1361 1715 1469 1769 τῶν
1501 1714 1651 1787 παρὰ
1684 1714 1843 1777 Θεοῦ,

1949 537 2076 591 dam
2104 550 2271 605 opera
2299 533 2510 588 efiicere
2541 529 2824 594 viderent;
2851 537 2936 584 est
2963 529 3112 584 enim
3147 529 3398 602 voluptas
3434 528 3523 587 in-

1951 626 2118 682 fixum
2140 625 2361 696 penitus
2398 623 2625 688 malum,
2654 628 2709 676 et
2741 620 3002 675 vitiorum
3041 629 3353 675 nostrorum
3389 619 3525 674 feri-

1951 723 2035 771 tas
2057 715 2278 770 diflicile
2321 712 2695 769 mansuescit:
2727 719 2802 776 at,
2847 710 2892 765 si
2927 708 3097 764 sudor
3139 709 3431 779 deprimat,
3463 724 3528 763 ac

1948 807 2170 862 labores
2196 806 2436 877 impositi
2462 805 2591 868 sint,
2621 811 2734 858 tum
2759 818 2890 857 vero
2914 801 2980 867 is,
3023 801 3116 872 qui
3160 815 3218 854 se
3261 799 3524 855 liberatu-

1950 915 2072 954 rum
2108 899 2177 953 ab
2207 899 2274 953 iis
2305 897 2665 953 incommodis
2705 895 3014 965 pollicetur,
3062 891 3219 946 facile
3239 906 3529 960 persuase-

1951 991 2042 1056 rit,
2073 990 2219 1062 ipsas
2261 1005 2482 1060 quoque
2516 1003 2758 1043 summas
2801 987 3109 1057 voluptates
3151 993 3523 1038 contemnere.

1950 1081 2092 1149 Quin
2114 1081 2278 1136 etiam
2304 1089 2436 1152 puto
2459 1081 2654 1143 Deum,
2676 1079 2770 1148 qui
2793 1077 3060 1132 bonorum
3082 1075 3324 1129 omnium
3347 1073 3526 1128 scien—

1951 1174 2082 1228 tiam
2113 1180 2283 1238 tenet,
2315 1171 2720 1242 sapientissimo
2758 1168 2989 1224 consilio
3023 1165 3287 1221 lsraelitis
3329 1179 3396 1219 eo
3435 1179 3530 1232 po-

1953 1263 2224 1316 tissimum
2289 1271 2536 1331 tempore
2580 1260 2905 1321 molestam,
2961 1272 3024 1311 ac
3068 1270 3176 1310 non
3247 1253 3527 1311 ferendam

1950 1353 2329 1426 Egyptiorum
2366 1353 2650 1407 hominum
2677 1350 2941 1406 saevitiam
2978 1346 3270 1403 immisisse
3304 1355 3365 1400 ut
3394 1346 3529 1400 faci—

1950 1445 2031 1500 les
2059 1453 2243 1500 essent
2268 1443 2332 1499 ad
2370 1444 2588 1515 fugam;
2632 1457 2811 1511 neque
2843 1437 3244 1495 consuetudine
3273 1437 3527 1507 volupta-

1952 1545 2069 1592 tum
2109 1537 2299 1601 illecti,
2355 1537 2659 1606 pertinaces
2704 1548 2768 1588 ac
2804 1530 3053 1587 diﬂieiles
3096 1529 3391 1585 admodum
3429 1527 3527 1582 fie-

1952 1637 2094 1693 rent,
2147 1637 2310 1697 atque
2344 1628 2509 1691 illius,
2549 1626 2642 1696 qui
2676 1625 2745 1681 ad
2785 1624 3090 1679 libertatem
3129 1629 3371 1684 vocaret,
3403 1634 3530 1690 gra-

1954 1720 2086 1775 tiam
2119 1717 2600 1788 parvipendentes,
2653 1713 2867 1786 Egypti
2891 1711 3212 1766 servitutem
3251 1715 3446 1778 sponte
3466 1721 3531 1759 ac

271 1799 368 1853 καὶ
401 1800 532 1868 γοῦν
557 1801 930 1873 ἀσμενέστατα
971 1805 1071 1875 τῆς
1095 1806 1200 1859 τῶν
1228 1807 1394 1861 πάλαι
1432 1807 1846 1878 τετυραννευκό-

1956 1811 2193 1865 libenter
2232 1808 2690 1877 amplexarentur,
2736 1819 2859 1858 cum
2903 1802 3051 1856 illam
3077 1796 3364 1869 priesentis
3395 1802 3530 1848 tem-

271 1907 381 1943 των
411 1893 722 1959 πλεονεξίας
749 1897 1114 1961 ὲκδεδυκὸτες,
1137 1899 1484 1970 αὑλιζόμενοί
1508 1916 1566 1952 τε
1594 1900 1731 1954 κατὰ
1753 1899 1850 1970 τὴν

270 1979 500 2052 ἔρημον,
524 1984 707 2037 καὶτὰ
727 1985 934 2040 ἄνωθέν
957 2005 1015 2041 τε
1047 1989 1139 2041 καὶ
1169 1989 1228 2052 ἐξ
1256 1987 1486 2059 οὐρανοῦ
1520 1990 1848 2060 σιτούμενοι,

269 2072 366 2142 τὴν
390 2074 487 2127 τοῦ
516 2077 691 2145 μάννα
727 2077 989 2148 χορηγίαν
1021 2081 1184 2151 φημὶ,
1218 2079 1320 2150 τῆς
1348 2081 1404 2133 ὲν
1435 2081 1693 2152 Αἰγύπτῳ
1721 2099 1851 2151 τρυ-

269 2162 372 2232 φῆς
439 2163 540 2216 οὒκ
615 2165 878 2237 ἀδακρυτὶ
959 2170 1414 2241 μνημονεύουσιν.
1504 2171 1852 2227 Ἐκτεθνάναι

274 2253 495 2324 μᾶλλον,
536 2256 612 2320 ὡς
636 2251 705 2328 ἦν
749 2259 812 2328 δή
857 2275 960 2312 που
1002 2261 1152 2332 παρὰ
1191 2261 1327 2316 πολὺ
1371 2264 1617 2334 κρεῖττόν
1659 2281 1718 2318 τε
1751 2264 1846 2318 καὶ

270 2344 492 2415 ἄμεινον
515 2348 715 2413 αὐτοῖς,
741 2352 860 2414 ταῖς
882 2353 940 2403 ὲν
967 2352 1226 2424 Αἰγύπτῳ
1255 2355 1553 2424 τραπέζαις
1582 2356 1849 2409 ὲνσπατα-

271 2437 498 2502 λῶντας,
530 2439 612 2493 ἔτι
650 2442 1060 2512 διατεινάμενοι,
1112 2445 1204 2498 καὶ
1237 2445 1612 2516 μειρακιωδῶς
1657 2447 1851 2500 ἀνακε-

271 2527 536 2596 κραγότες
554 2546 568 2560 ο
606 2548 623 2581 ι
657 2530 886 2600 Ὄφελον
913 2532 1258 2604 ἀπεθάνομεν
1287 2536 1584 2607 πληγέντες
1609 2537 1714 2589 ὑπὸ
1737 2538 1849 2590 Κυ-

273 2617 390 2688 ρίου
423 2619 479 2671 ὲν
510 2621 790 2693 Αἰγύπτῳ,
823 2622 956 2677 ὅταν
989 2625 1322 2696 ὲκαθίσαμεν
1351 2626 1442 2680 ἐπὶ
1464 2626 1573 2680 τῶν
1599 2627 1844 2696 λεϐήτων

268 2709 379 2764 τῶν
410 2713 586 2782 κρεῶν
617 2717 712 2768 καὶ
742 2716 1000 2786 ἠσοίομεν
1025 2719 1222 2790 ἄρτους
1245 2719 1324 2783 εἰς
1345 2720 1688 2791 πλησμονὴνε
1717 2739 1733 2770 ι

1949 1901 2100 1972 poris
2133 1897 2558 1954 oblectationem
2588 1894 2801 1965 exiguis
2824 1904 3220 1960 nonnunquam
3245 1884 3530 1941 laboribus

1950 1991 2326 2053 anteferrent,
2375 1989 2484 2042 imo
2522 2001 2654 2041 vero
2693 1985 2856 2040 etiam
2899 1983 3034 2053 ipsis
3077 1980 3172 2035 Dei
3218 1975 3548 2039 beneficiis,

1951 2080 2352 2151 exoptatiorem
2395 2077 2791 2133 existimarent.
2822 2074 3008 2142 Itaque
3047 2071 3177 2125 licet
3205 2071 3316 2140 jam
3346 2067 3530 2122 liben-

1953 2173 2161 2228 tissime
2186 2187 2252 2226 ex
2271 2170 2363 2225 illa
2386 2168 2676 2238 iniquitate
2700 2174 2949 2221 veterum
2973 2162 3323 2218 dominorum
3344 2172 3528 2214 emer-

1955 2262 2178 2326 sissent,
2198 2269 2254 2315 et
2288 2260 2344 2315 in
2373 2273 2560 2314 eremo
2594 2257 2718 2312 fixis
2753 2254 3010 2311 tentoriis
3056 2257 3428 2312 morarentur,
3473 2254 3532 2302 et

1953 2367 2194 2424 superno
2217 2351 2544 2420 cmlitusque
2566 2349 2693 2403 dato
2721 2348 2847 2403 cibo
2883 2341 3261 2406 vescerentur,
3308 2354 3526 2402 manna,

1950 2443 2194 2511 inquam,
2243 2441 2358 2504 illo,
2395 2437 2793 2511 quod‘copiose
2829 2437 3218 2509 praebebatur,
3251 2434 3398 2488 illam
3444 2439 3530 2486 ta-

1949 2550 2076 2590 men
2100 2534 2155 2588 in
2177 2532 2410 2605 Egypto
2431 2531 2765 2600 voluptatem
2795 2545 2906 2584 non
2936 2528 3056 2583 sine
3091 2526 3344 2598 lacrymis
3375 2539 3531 2579 cont-

1950 2632 2278 2689 memorant,
2331 2622 2543 2679 scilicet
2592 2629 2890 2692 querentes
2945 2619 3124 2674 multo
3175 2616 3280 2672 sibi
3332 2613 3568 2670 melius...

1950 2719 2139 2784 fuisse,
2168 2717 2213 2772 si
2243 2725 2356 2772 tum
2379 2723 2563 2772 essent
2601 2713 2827 2777 mortui,
2863 2728 2989 2767 cum
3018 2711 3075 2766 in
3108 2709 3326 2782 Αἴθῃ)ιί
3369 2724 3527 2763 men-

271 2802 347 2858 sis
409 2805 835 2862 luxuriarentur.
880 2810 1067 2881 Itaque
1111 2826 1323 2866 summa
1383 2813 1732 2867 contentione
1769 2826 1924 2866 more
1959 2826 2258 2881 puerorum
2296 2808 2775 2864 vociferabantur:
2809 2827 2827 2858 ι
2867 2807 3084 2864 Utinam
3132 2805 3334 2860 mortui
3377 2820 3552 2861 esse-v

271 2909 396 2948 mus
426 2898 672 2964 percussi
722 2913 752 2954 a
793 2900 1026 2957 Domino
1076 2902 1133 2960 in
1170 2901 1423 2974 Egypto,
1454 2902 1674 2973 quando
1735 2902 2066 2958 sedebamus
2091 2917 2259 2972 super
2280 2901 2416 2956 ollas
2459 2899 2730 2963 carnium,
2767 2905 2824 2952 et
2886 2893 3312 2958 comedebamus
3331 2907 3548 2964 panem.

271 2989 328 3044 in
353 2991 642 3050 saturitate
666 2993 707 3026 ¹⁸
725 2995 737 3048 l
771 3012 790 3046 ι

249 3091 252 3094 ’
343 3107 554 3161 ΠΑΛΛ.
584 3103 656 3161 Εὖ
687 3108 884 3177 λέγεις.

341 3218 504 3270 ΚΥΡ.
543 3217 754 3271 Οὐκοῦν
778 3218 853 3283 ὡς
881 3221 1152 3289 ἀναγκαία
1175 3240 1259 3287 τις
1291 3221 1469 3274 ἔσοιτο
1495 3222 1631 3293 πρὸς
1661 3220 1845 3274 εὐπεί-

275 3304 423 3359 θειαν
477 3307 671 3371 αὐτοῖς
715 3310 748 3380 ἡ
805 3308 1250 3381 θαυματουργία,
1300 3311 1504 3380 Μωσῆς
1555 3311 1843 3380 ἠπίστατο.

274 3398 560 3468 Τοιγάρτοι
593 3401 784 3470 φησίν·
815 3421 832 3452 ι
870 3402 1002 3456 ,Ἐὰν
1031 3403 1104 3473 μὴ
1129 3403 1491 3456 είσακούσωσί
1521 3419 1619 3474 μου
1644 3401 1847 3473 (ὲροῦσι

273 3486 400 3555 γὰρ,
421 3489 502 3540 ὅτι
521 3489 633 3541 Οὐκ
665 3485 840 3542 ὦπταί
867 3507 950 3543 σοι
966 3494 992 3544 ό
1016 3491 1192 3559 Θεὸς),
1215 3492 1265 3544 τί
1283 3493 1394 3562 ὲρῶ
1410 3491 1542 3562 πρὸς
1565 3489 1795 3554 αὐτούς;
1821 3510 1840 3541 ι

283 3576 341 3631 Ὀ
364 3579 423 3632 δέ
451 3596 515 3647 γε
541 3581 647 3634 τῶν
673 3581 808 3635 ὅλων
837 3583 967 3644 Θεὸς
1003 3583 1292 3654 μελέτησιν
1318 3583 1506 3654 ὥσπερ
1525 3572 1845 3636 τινάποιεῖ-

273 3666 395 3720 σθαι
430 3669 492 3720 τὸ
527 3669 708 3740 θαῦμα
738 3673 1078 3742 παραχρῆμα
1125 3671 1488 3724 διεκελεύετο’
1521 3671 1849 3742 προαναπεί-

272 3756 398 3820 θων,
448 3755 623 3830 οἶμαι,
659 3765 724 3834 τῇ
761 3762 927 3834 πείρᾳ
965 3763 1056 3815 τὸν
1099 3763 1446 3834 λειτουργὸν,
1480 3763 1562 3816 ὃτι
1593 3763 1688 3816 καὶ
1736 3764 1846 3824 τοῖς

269 3847 448 3912 ἄλλοις
496 3851 669 3905 ἅπασι
714 3852 964 3925 καθάπερ
1008 3854 1156 3925 αὺτῷ
1207 3855 1344 3926 πρὸς
1378 3854 1602 3920 ἔνδειξιν
1645 3854 1844 3925 ἀκριϐῆ

268 3935 361 3988 τοῦ
397 3938 695 4008 κεκλῆσθαι
747 3941 899 4011 παρὰ
938 3943 1095 4006 Θεοῦ,
1124 3942 1344 4013 διαρκὲς
1370 3941 1523 3996 ἔσται
1548 3941 1609 3995 τὸ
1635 3940 1844 4014 δρώμε-

270 4044 393 4082 νον⁶
444 4031 542 4082 καὶ
588 4032 825 4101 ἁρμόσαι
858 4032 968 4104 γὰρ
1015 4034 1080 4086 ἂν
1127 4034 1225 4105 οὐχ
1269 4033 1439 4104 ἑτέρῳ
1468 4034 1526 4087 τὸ
1581 4033 1840 4105 μεθιστᾷν

269 4119 534 4174 δύνασθαι
567 4122 674 4175 τῶν
700 4124 868 4177 ὄντων
892 4126 990 4189 τὰς
1021 4125 1215 4194 φύσεις
1247 4125 1382 4196 πρὸς
1407 4127 1544 4197 ὅπερ
1569 4127 1635 4180 ἂν
1672 4125 1847 4180 ἕλοιτο

239 4213 451 4282 τυχὸν,
488 4215 628 4285 πλὴν
664 4217 746 4269 ὅτι
792 4219 886 4269 καὶ
929 4217 1072 4288 μόνῳ
1109 4215 1186 4289 τῷ
1235 4219 1450 4271 πάντων
1494 4215 1844 4289 Δημιουργῷ,

272 4305 505 4373 μήνυσιν
533 4307 588 4359 δὲ
627 4307 815 4380 ὥσπερ
844 4313 942 4380 τῆς
969 4310 1058 4363 διὰ
1096 4309 1334 4381 Χριστοῦ
1363 4311 1636 4382 σωτηρίας
1669 4312 1847 4378 αἰνιγ-

272 4397 534 4464 ματωδῶς
562 4400 620 4451 τὸ
644 4401 937 4471 παράδοξον
969 4397 1027 4455 εὖ
1059 4401 1202 4472 μάλα
1227 4401 1416 4464 τιθείς.
1437 4399 1708 4470 Ὀψόμεθα
1736 4402 1846 4472 γὰρ

267 4487 363 4555 τῆς
401 4488 460 4540 ἐν
494 4490 645 4560 αὐτῷ
679 4493 1023 4562 ἀνθρωπείας
1057 4493 1272 4560 φύσεως
1297 4494 1387 4547 τὸν
1414 4495 1495 4557 εἰς
1528 4494 1587 4545 τὸ
1619 4493 1846 4564 ἀρχαῖον

269 4579 645 4651 ἀναπλασμόν,
680 4586 772 4636 καὶ
815 4585 914 4656 τὴν
944 4586 1106 4638 οἱονεὶ
1151 4586 1596 4658 μεταμόρφωσιν,
1639 4586 1738 4655 τὴν
1765 4586 1853 4649 εἰς,

267 4670 402 4743 ὅπερ
433 4669 577 4743 ἦμεν
617 4677 674 4728 ὲν
715 4676 905 4749 Ἃδὰμ,
943 4677 1105 4742 εὐθὺς
1135 4681 1215 4742 είς
1244 4680 1306 4732 τὸ
1335 4674 1473 4731 εἶναι
1503 4694 1843 4748 παρενηνεγο

272 4760 443 4866 μενοι,
471 4761 632 4834 δόξης
656 4782 714 4818 τε
752 4766 904 4820 οὔπω
944 4768 1039 4842 τῆς
1085 4767 1289 4821 ἄνωθεν
1318 4769 1414 4822 καὶ
1448 4765 1722 4837 ἁγιασμοῦ
1755 4784 1845 4837 τη-

267 4867 343 4902 τω
350 4869 524 4921 μενοι.
1417 4873 1420 4876 ’

1867 3112 1912 3172 C
2013 3104 2208 3160 PALL.
2241 3102 2352 3172 68
2375 3101 2542 3154 Recte
2574 3097 2748 3156 dicis._

2016 3217 2173 3272 CYR.
2193 3215 2313 3270 Non
2341 3221 2461 3269 erat
2494 3213 2662 3283 igitur
2687 3209 2896 3280 Moyses
2913 3209 3160 3278 ignarus,
3195 3201 3341 3262 illam
3366 3200 3539 3256 miras

1948 3309 2196 3364 culorum
2220 3302 2684 3374 perpetrationem
2715 3295 3083 3353 necessariam
3133 3293 3270 3349 fore.
3312 3305 3416 3360 qua
3457 3289 3523 3343 il—

1947 3401 2128 3455 lorum
2159 3394 2331 3450 animi
2373 3393 2440 3447 ad
2474 3390 2692 3448 facilius
2736 3384 3229 3456 obtemperandum
3283 3381 3526 3442 adduce—

1948 3503 2136 3546 rentur
2176 3505 2188 3538 :
2229 3485 2413 3555 itaque
2445 3482 2564 3537 ait:
2606 3500 2624 3532 ι
2665 3479 2722 3535 Si
2749 3494 2862 3534 non
2887 3476 3172 3535 audierint
3193 3490 3314 3539 me;
3341 3473 3528 3527 dicent

1948 3579 2095 3635 enim
2134 3576 2294 3632 :Non
2351 3571 2604 3644 apparuit
2655 3569 2757 3624 tibi
2809 3569 2994 3633 Deus;
3036 3564 3170 3636 quid
3224 3564 3402 3623 dicam
3458 3563 3526 3618 ad

1949 3688 2047 3729 eos
2067 3671 2152 3724 “‘1'
2178 3689 2196 3721 ι
2227 3667 2334 3724 Sed
2358 3666 2742 3721 universorum
2769 3662 2914 3717 Deus
2926 3657 3250 3714 miraculum
3270 3654 3408 3711 illud
3435 3670 3541 3710 ven

1949 3765 2033 3821 lut
2089 3757 2499 3818 exercitationis
2548 3754 2831 3827 cujusdam
2872 3752 2994 3807 loco
3035 3749 3215 3805 facere
3268 3747 3529 3803 continuo

1941 3854 2126 3927 jussit,
2148 3869 2212 3910 ea
2243 3852 2312 3907 de
2347 3865 2530 3915 causa,
2551 3848 2660 3903 nisi
2679 3847 2856 3910 fallor,
2888 3851 2951 3900 ut
2979 3843 3132 3914 prius
3154 3841 3540 3912 experimento,

1947 3947 2068 4018 ipso
2101 3944 2362 4016 probaret
2385 3956 2486 3997 suo
2511 3937 2732 4004 cultori,
2758 3943 2820 3991 ut
2840 3933 2987 4007 apud
3012 3949 3091 3999 se,
3123 3932 3214 3988 sic
3231 3931 3375 4002 apud
3404 3945 3525 3985 om-

1948 4054 2048 4094 nes
2077 4037 2235 4101 alios,
2259 4049 2376 4090 rem
2399 4032 2550 4088 illam
2572 4038 2779 4102 gestam
2810 4029 2943 4083 satis
2968 4023 3276 4096 argumenti
3302 4021 3524 4077 habitu-

1949 4144 2087 4192 ram,
2105 4143 2215 4198 quo
2244 4141 2304 4181 se
2332 4139 2364 4182 a
2391 4124 2506 4178 Deo
2523 4128 2777 4176 vocatum
2799 4118 2968 4174 fuisse
2997 4114 3302 4171 certissime
3335 4120 3524 4166 osten-

1948 4221 2210 4284 deretur;
2247 4230 2427 4286 neque
2456 4213 2606 4270 enim
2641 4211 2710 4270 ad
2748 4211 2983 4266 alterum
3017 4205 3350 4276 quempiam,
3383 4219 3522 4272 prie-

1949 4319 2198 4381 terquam
2213 4307 2281 4363 ad
2309 4320 2481 4360 unum
2501 4309 2826 4359 cunctarum
2866 4312 3057 4354 rerum
3093 4295 3358 4366 Opificem
3398 4308 3524 4362 per-

1951 4401 2149 4466 tinere,
2184 4413 2343 4470 posse
2363 4410 2544 4452 rerum
2568 4400 2844 4456 naturam,
2887 4390 2944 4444 in
2971 4403 3137 4459 quam
3172 4385 3307 4442 velit
3334 4384 3518 4448 aliam,

1949 4494 2260 4549 immutare.
2290 4489 2464 4546 Simul
2489 4488 2653 4544 etiam
2684 4483 2916 4556 ﬁgurare
2952 4493 3072 4536 rem
3103 4479 3252 4535 illam
3289 4476 3524 4534 admira—

1951 4584 2117 4639 bilem
2146 4597 2245 4652 pro
2268 4577 2471 4635 indicio
2502 4590 2622 4633 esse
2652 4571 2826 4629 voluit
2864 4570 3056 4632 salutis
3083 4569 3253 4633 illius,
3285 4581 3406 4639 qua:
3427 4579 3524 4636 per

1949 4674 2228 4731 Christum
2258 4666 2736 4727 tribuenda-nobis
2769 4673 2888 4723 erat
2911 4682 2923 4718 :
2956 4665 3012 4718 in
3035 4677 3102 4718 eo
3126 4661 3275 4717 enim
3302 4656 3520 4730 perspi-

1949 4765 2159 4822 ciemus
2213 4757 2678 4832 quemadmodum
2717 4755 2972 4810 humanae
3020 4756 3232 4804 natura:
3273 4743 3520 4815 quzedam

1948 4857 2020 4910 sit
2044 4856 2097 4910 in
2123 4853 2411 4925 antiquum
2455 4859 2654 4908 statum
2691 4846 2834 4904 facta
2861 4839 3197 4904 reformatio,
3247 4852 3311 4892 ac
3351 4833 3520 4890 veluti

269 4945 675 5016 transfiguratio
722 4949 776 5003 in
801 4966 919 5005 eam
959 4951 1359 5016 conditionem,
1400 4967 1508 5023 qua
1553 4966 1772 5010 eramus
1805 4953 1860 5012 in
1900 4949 2095 5012 Adam,
2155 4963 2280 5004 cum
2327 4945 2565 5021 primum
2589 4959 2633 5000 at
2676 4943 2788 4998 Deo
2831 4935 3040 4994 conditi
3077 4932 3315 4996 fuimus,
3351 4929 3522 5001 gloria

270 5050 502 5108 superna
520 5048 576 5094 et
597 5042 884 5098 sanctitate
919 5045 1161 5098 nondum
1191 5044 1413 5099 amissa.

339 5149 546 5204 Ilii-\A.
582 5150 706 5214 Πῶς
731 5151 896 5222 ἔφηςς
928 5153 1254 5225 ἁσυμφανὴς
1287 5153 1394 5225 γὰρ
1423 5154 1453 5208 ό
1479 5153 1658 5222 λόγος.

337 5349 499 5404 ΚΥΡ.
551 5351 613 5404 Ἦ
666 5351 858 5421 ῥάϐδος
925 5352 1042 5422 ἦτοι
1082 5353 1144 5406 τὸ
1188 5352 1467 5423 σκῆπτρον
1520 5353 1674 5423 ἡμῖν,
1721 5352 1844 5424 οὐχὶ

273 5440 545 5509 βασιλείας
573 5444 636 5497 σύ
646 5445 840 5514 μῆολον
869 5446 952 5516 εἴη
980 5446 1067 5512 ἂν,
1103 5441 1147 5500 ὦ
1186 5446 1485 5513 Παλλάδιε;

343 5535 548 5590 ΠΛΛΛ.
589 5537 738 5590 Πάνυ
776 5537 873 5606 μὲν
920 5534 1030 5602 οὖν,
1092 5538 1299 5592 ὲπείτοι
1349 5541 1441 5592 καὶ
1476 5539 1658 5608 ὅρκιον
1714 5537 1846 5592 αὐτὸ

343 5719 384 5751 ’⁸
412 5719 564 5776 Exod
620 5737 726 5783 xw,
771 5720 822 5774 5.
927 5721 967 5752 ⁸⁸
999 5721 1180 5778 Exod.
1209 5739 1280 5781 ιγ.
1327 5723 1345 5777 1

2024 5149 2223 5206 PALL.
2254 5148 2502 5216 Quonam
2523 5143 2728 5200 modo?
2763 5135 3071 5196 obscuriori
3108 5135 3256 5192 enim
3294 5150 3355 5190 es
3396 5149 3520 5188 ora-

1955 5243 2100 5298 tione
2127 5256 2278 5295 usus.

2023 5355 2180 5411 CYR.
2225 5353 2385 5424 Virga
2449 5350 2576 5413 illa,
2611 5345 2839 5412 Palladi,
2873 5360 2974 5400 seu.
3001 5352 3300 5414 sceptrum,
3336 5352 3518 5391 nonne

1954 5445 2105 5517 regni
2134 5443 2342 5513 insigne
2373 5439 2534 5495 fuerit
2554 5435 2577 5490 ?

2022 5534 2222 5592 PALL.
2252 5532 2480 5588 Maxime
2499 5547 2513 5596 ;
2533 5539 2657 5588 nam
2677 5543 2776 5603 per
2800 5527 2936 5584 illud
2969 5526 3154 5598 iurare
3182 5520 3373 5579 solitos
3399 5533 3518 5576 esse
