3968 6300
422 292 532 351 245

1454 284 1507 340 S.
1551 282 1822 340 CYBlLLl
1863 279 2330 345 ALEXANDRINI
2369 277 2690 334 ARCHIEP.

3576 264 3684 325 ΞΗ

419 414 641 463 veteres
695 402 1011 468 nonnullos,
1063 401 1218 459 aiunt
1251 399 1286 464 ii
1321 399 1525 471 quibus
1557 398 1873 477 Grzeeorum
1920 413 2006 451 res

2117 394 2443 467 πεποιῆσθαι
2474 410 2604 463 φασι
2629 390 2737 449 τῶν
2762 386 3134 459 ἀρχαιοτέρων
3165 382 3336 449 τινὰς,
3373 382 3422 436 οί
3455 381 3526 437 τὰ
3564 382 3684 438 Ἐλ-

420 508 604 573 gestas
628 496 887 554 laudibus
919 495 1112 549 tollere
1137 492 1379 547 studium
1417 491 1522 546 fuit
1552 489 1650 563 (l).

494 590 653 651 ΟΥΕ.
681 588 825 655 Quid
863 584 1107 641 deinde?
1133 598 1318 637 nonne
1352 581 1590 652 paradisi
1632 580 1857 651 stirpem
1883 594 2004 635 esse

426 680 635 744 fateris,
667 688 810 749 quat,
844 684 1136 745 antequam
1176 672 1503 739 caederetur,
1546 673 1604 728 in
1625 672 1801 727 hortis
1820 671 2003 741 pullu-

423 768 625 825 laverit
643 768 667 821 ?

495 859 695 916 PALL.
728 859 946 915 Fateor.

408 956 415 967 ’
497 949 653 1006 CYR.
686 948 858 1018 Perge
882 961 1050 1010 nunc,
1100 952 1263 1015 atque
1291 942 1534 1001 animum
1572 943 1714 998 refer
1755 943 1824 998 ad
1856 952 2013 1003 vete-A

425 1058 540 1098 rem
565 1041 721 1095 illum
750 1039 944 1101 Adam,
968 1038 1024 1092 in
1054 1052 1230 1107 eoque
1257 1042 1513 1105 tanquam
1543 1035 1701 1091 initio
1729 1051 1794 1089 ac
1822 1035 2005 1091 radice

421 1134 641 1204 generis
668 1132 862 1196 nostri,
894 1131 1207 1185 universam
1249 1129 1536 1184 hominum
1572 1126 1863 1185 considera
1911 1142 2007 1182 na-

421 1239 605 1281 turam
642 1223 873 1281 :adhazc
910 1222 1047 1281 illud
1090 1237 1311 1292 quoque
1346 1222 1546 1292 cogita,
1594 1220 1749 1277 illum
1802 1218 2007 1274 factum

422 1319 591 1372 fuisse
630 1316 698 1370 ad
727 1315 1020 1385 imaginem
1045 1313 1363 1371 Conditoris
1391 1321 1555 1383 atque
1592 1311 1920 1382 perfectum,
1946 1319 2006 1373 ut

423 1408 657 1464 terrenis
694 1408 863 1463 rebus
891 1407 1210 1477 imperaret,
1245 1405 1521 1473 fuisseque
1544 1404 1599 1461 in
1625 1403 1722 1459 Dei
1754 1403 2009 1459 manibus

420 1517 490 1557 eo
518 1501 656 1571 ipso,
689 1499 914 1569 quodin
946 1498 1239 1555 sanctitate
1268 1497 1491 1552 vivebat
1521 1505 1579 1552 et
1605 1494 2007 1566 quodammodo

421 1593 660 1666 paradisi
690 1606 915 1663 germen
932 1589 1403 1653 florentissimum,
1430 1588 1593 1644 simul
1612 1596 1669 1643 et
1693 1588 2007 1660 generosis-

423 1689 646 1743 simum.
679 1685 786 1741 Ubi
818 1698 952 1739 vero
982 1681 1257 1752 serpentis
1292 1680 1418 1747 felle
1454 1681 1720 1750 deceptus
1761 1680 1832 1743 ab
1860 1680 2005 1735 anti-.

2104 487 2281 558 λήνων
2309 486 2495 557 ὑμνεῖν
2522 480 2795 544 εἰωθότες.

2172 579 2337 643 ΚΥΡ.
2375 578 2439 631 Τί
2474 577 2568 641 δέ;
2614 576 2735 647 οὐχὶ
2788 571 3113 645 παραδείσου
3163 570 3328 639 φυτὸν
3360 565 3501 624 εἶναι
3546 568 3681 638 φῂς,

2104 671 2199 724 καὶ
2232 669 2599 742 πρεσϐύτερον
2633 667 2733 737 τῆς
2775 664 2982 735 τομῆς,
3012 661 3073 715 τὸ
3106 662 3300 734 κήποις
3334 657 3683 729 ἐκτεθηλέναι

2104 761 2286 832 λαχεῖν
2307 779 2324 830 ;

2176 852 2385 907 IIAAA.
2417 850 2584 921 Φημί.

2177 943 2342 997 ΚΥΡ.
2380 942 2484 997 Ἴθι
2525 941 2589 1012 δὴ
2632 936 2724 996 οὖν
2760 944 2880 1005 ταῖς
2917 940 3144 1004 ἐννοίαις
3196 942 3289 996 ἐπὶ
3326 941 3419 995 τὸν
3454 941 3686 1012 ἀρχαῖον

2106 1038 2312 1091 ἐκεῖνον
2366 1035 2565 1106 Ἀδάμ·
2593 1035 2687 1088 καὶ
2716 1036 2772 1087 ἐν
2806 1034 3031 1105 ἀπαρχῇ
3063 1033 3156 1085 καὶ
3190 1030 3318 1103 ῥίζῃ
3348 1031 3442 1084 τοῦ
3494 1030 3687 1100 γένους

2106 1130 2234 1202 ὃλην
2251 1127 2439 1200 ὥσπερ
2472 1130 2529 1181 ἐν
2558 1126 2736 1198 ἐαυτῷ
2764 1124 3123 1195 καταλογίζου
3148 1123 3244 1196 τὴν
3266 1123 3684 1196 ἀνθρωπότητα.

2107 1221 2217 1275 Καὶ
2252 1220 2388 1293 πρός
2432 1236 2496 1289 γε
2532 1219 2691 1273 τοῦτο
2734 1217 2968 1282 διανοοῦ,
3001 1218 3084 1271 ὃτι
3113 1217 3376 1288 πεποίητο
3417 1216 3516 1287 μὲν
3563 1215 3685 1270 κατ’

2108 1310 2415 1368 είκόνατοῦ
2452 1312 2738 1377 κτίσαντος
2760 1351 2775 1376 ,
2806 1311 3063 1366 ἐτέτακτο
3107 1311 3163 1363 δὲ
3212 1309 3403 1380 ἄρχειν
3437 1308 3542 1362 τῶν
3590 1308 3685 1362 ἐπὶ

2107 1408 2235 1477 γῆς,
2262 1408 2355 1461 καὶ
2376 1402 2443 1479 ἦν
2460 1405 2649 1477 ὥσπερ
2678 1398 2736 1457 ἐν
2757 1406 2900 1476 χειρὶ
2924 1402 3082 1468 Θεοῦ,
3110 1402 3196 1456 διὰ
3219 1402 3315 1472 τῆς
3334 1404 3392 1455 ἐν
3425 1399 3686 1473 ἁγιασμῷ

2111 1497 2277 1568 ζωῆς,
2312 1498 2405 1552 καὶ
2457 1496 2737 1567 μονονουχὶ
2769 1495 3097 1567 παραδείσου
3149 1496 3313 1564 φυτὸν
3359 1493 3582 1556 εὐανθές
3624 1511 3685 1547 τε

2110 1592 2202 1644 καὶ
2219 1589 2627 1659 εὐγενέστατον.
2644 1586 2862 1658 Ἐπειδὴ
2888 1587 2945 1641 δὲ
2972 1589 3091 1651 ταῖς
3117 1587 3210 1641 τοῦ
3237 1587 3413 1656 δφεως
3440 1587 3687 1659 πικρίαις

2110 1681 2577 1753 πεφενακισμένος
2601 1721 2615 1746 ,
2650 1678 3033 1751 παρεκομίσθη
3078 1680 3186 1733 τῶν
3234 1680 3293 1732 ἐν
3332 1680 3562 1749 ἀρχαῖς,
3594 1678 3689 1734 καὶ

421 1795 535 1851 quo
572 1786 720 1834 statu
755 1776 1030 1831 abductus
1046 1750 1153 1841 est,
1187 1783 1245 1830 et
1267 1774 1438 1830 divini
1477 1773 1720 1827 mandati
1755 1780 2007 1827 contem-

2117 1750 2209 1847 τῆς
2236 1775 2384 1838 θείας
2405 1750 2572 1845 άλογή
2582 1791 2680 1839 σας
2708 1750 2928 1841 ἐντολῆς
2961 1772 3319 1842 κατεφωρᾶτο
3340 1770 3546 1833 λοιπὸν,
3568 1758 3688 1829 τότε

421 1879 550 1945 ptor
579 1868 980 1939 deprehensus,
1008 1874 1124 1920 tum
1155 1880 1285 1918 vero
1310 1879 1341 1917 a
1372 1864 1478 1935 situ
1512 1878 1577 1917 ac
1608 1862 1791 1917 radice
1821 1862 2004 1932 priore

417 1964 691 2029 divulsus,
725 1978 792 2018 ex
807 1962 927 2031 ejus
948 1975 1132 2023 manu,
1164 1973 1194 2012 a
1222 1972 1334 2027 quo
1362 1956 1416 2010 in
1450 1956 1735 2010 sanctitate
1763 1953 2009 2009 contine-

422 2055 604 2119 batur,
639 2054 825 2123 lapsus
841 2060 945 2114 est,
979 2059 1037 2105 et
1058 2050 1115 2103 in
1133 2056 1354 2113 terram,
1375 2048 1479 2103 hoc
1496 2058 1599 2111 est,
1629 2047 1698 2102 ab
1723 2047 1810 2101 illa
1826 2047 2006 2101 virtu-

423 2147 497 2202 tis
526 2145 867 2203 sublimitate
897 2142 1125 2207 deeidit,
1159 2150 1480 2211 eteousque
1500 2140 1736 2210 reptavit
1756 2140 2005 2194 imbecil-

420 2239 511 2294 lus
539 2243 598 2292 et
625 2236 913 2308 languens,
946 2244 1010 2290 ut
1055 2233 1299 2290 carnalia
1345 2246 1538 2302 sapere
1589 2231 1776 2295 vellet,
1806 2240 1863 2285 et
1897 2232 2007 2302 jam

422 2341 638 2381 summa
664 2325 914 2395 nequitia
946 2324 1245 2387 laboraret,
1281 2336 1385 2377 nec
1405 2320 1516 2392 69
1544 2319 1884 2390 meojudicio
1910 2318 2010 2372 ali—

421 2418 555 2489 quid
602 2434 633 2473 a
666 2427 923 2488 serpente
955 2416 1210 2471 distaret.
1264 2414 1340 2468 lta
1397 2427 1566 2483 regno
1609 2422 1665 2466 et
1707 2427 1772 2465 ea
1811 2411 2005 2482 gloria,

419 2526 589 2580 quam
630 2525 661 2563 a
690 2509 968 2579 principio
1008 2516 1281 2569 tenuerat,
1328 2504 1595 2574 spoliatus
1632 2511 1735 2567 est,
1777 2504 1942 2558 etiam
1976 2518 2007 2558 e

422 2602 681 2675 paradiso
711 2617 774 2655 ac
804 2599 1020 2655 deliciis
1056 2600 1287 2669 ejectus.
1316 2598 1399 2653 An
1431 2611 1562 2650 vero
1594 2612 1703 2650 non
1750 2596 1804 2650 id
1849 2597 2008 2652 nobis

424 2695 620 2749 beatus
654 2692 866 2763 Moyses
896 2690 1078 2745 dixit?

495 2783 693 2839 PALL.
716 2782 864 2837 Dixit
904 2782 995 2836 ille
1034 2781 1278 2851 quidem.

492 2874 654 2929 CYR.
674 2873 936 2929 Jamvero
961 2872 1264 2942 legislator,
1301 2886 1426 2925 cum
1454 2870 1521 2924 ad
1552 2885 1672 2924 eam
1704 2870 2004 2940 nequitiam

422 2982 553 3029 eum
584 2965 911 3036 perductum
958 2964 1197 3029 videret,
1234 2963 1436 3033 refugit
1475 2963 1903 3032 quodammodo,
1950 2972 2008 3017 et

422 3060 640 3123 vitium,
672 3057 817 3129 quod
852 3058 908 3111 in
931 3056 1210 3121 eoinerat,
1230 3055 1648 3122 detestabatur;
1687 3055 1824 3127 fugit
1849 3072 2006 3110 nam-

420 3168 531 3224 que
558 3159 815 3223 serpente
842 3150 1056 3221 Moyses
1083 3148 1297 3218 abjecto
1326 3166 1338 3200 :
1368 3148 1633 3217 scriptum
1663 3155 1846 3202 autem
1876 3147 2009 3218 legi-

424 3260 548 3307 mus
575 3262 586 3297 :
626 3262 643 3294 ι
672 3241 908 3297 Sanctus
935 3240 1175 3312 Spiritus
1206 3238 1488 3311 sapientia:
1520 3238 1691 3310 fugiet
1719 3239 1931 3305 dolum,
1956 3249 2011 3296 et

422 3331 639 3401 auferet
678 3348 736 3387 se
789 3347 823 3397 a
874 3330 1304 3406 cogitationibus
1347 3346 1470 3402 qua:
1517 3339 1645 3385 sunt
1690 3330 1809 3387 sine
1852 3330 2013 3387 intel-

424 3426 575 3483 lectu
595 3427 659 3480 ¹⁶⁷.
697 3446 713 3479 ι
748 3425 938 3495 Neque
967 3424 1115 3491 enim
1159 3423 1458 3478 convenire
1491 3439 1731 3494 unquam
1766 3423 1911 3477 inter
1953 3440 2012 3479 se

422 3528 653 3599 possunt
672 3519 1033 3581 sanctificatio
1064 3526 1120 3578 et
1141 3518 1513 3587 immunditia,
1549 3518 1643 3572 lux
1668 3525 1723 3572 et
1747 3519 2007 3585 tenebrae,

417 3614 636 3689 iustitia
659 3622 716 3667 et
749 3612 1043 3683 iniustitia,

495 3704 692 3769 PALL,
721 3704 801 3761 Ita
822 3710 925 3756 est.

493 3794 653 3855 CYR.
682 3792 839 3858 Quod
881 3792 1048 3863 igitur
1078 3793 1144 3856 de
1177 3808 1340 3846 manu
1384 3794 1549 3865 Moysi
1593 3796 1741 3865 virga
1788 3796 2007 3861 cecidit,

422 3885 658 3948 fortasse
699 3881 835 3941 illud
875 3880 1168 3952 significet,
1203 3874 1482 3937 hominem
1517 3884 1673 3939 illum
1712 3885 1915 3941 factum
1942 3888 2009 3943 ad

425 3974 719 4046 imaginem
759 3974 877 4040 Dei,
903 3975 1074 4029 fuisse
1114 3974 1182 4029 ab
1211 3974 1369 4028 initio
1396 3975 1635 4045 paradisi
1666 3978 1929 4049 plantam,
1955 3989 2011 4036 et

422 4069 481 4127 in
532 4067 623 4131 illa
658 4068 999 4140 regnigloria
1025 4084 1088 4123 ac
1105 4068 1201 4123 Dei
1232 4082 1394 4122 manu
1428 4070 2011 4139 positum;eumdem-

423 4174 532 4228 que
562 4156 777 4227 lapsum
806 4158 862 4213 in
907 4167 1127 4223 terram,
1168 4174 1298 4228 quia
1344 4159 1602 4216 maluerit
1632 4165 1873 4219 camalia
1921 4181 2010 4220 sa-

423 4264 574 4318 pere,
606 4258 663 4305 et
690 4259 914 4320 propter
946 4265 1216 4311 summam
1260 4250 1641 4320 acerbitatem,
1694 4256 2009 4312 Divinitatis

425 4344 599 4414 ipsius
622 4344 798 4400 oculis
823 4344 993 4403 instar
1016 4344 1291 4414 serpentis
1320 4343 1509 4413 fuisse,
1539 4345 1645 4401 Sed
1676 4357 2009 4419 prreceptum

2112 1868 2200 1939 δὴ,
2240 1868 2362 1922 τότε
2404 1866 2606 1931 θέσεώς
2635 1883 2696 1919 τε
2733 1866 2827 1919 καὶ
2867 1865 3023 1936 ῥίζης
3047 1864 3145 1935 τῆς
3171 1862 3398 1934 πρώτης
3430 1861 3690 1916 ἀποσπώ-

2116 1976 2303 2031 μενος,
2338 1959 2434 2029 τῆς
2482 1956 2577 2013 τοῦ
2619 1958 2935 2029 συνέχοντος
2979 1960 3058 2021 είς
3108 1956 3377 2027 ἀγιασμδν
3411 1957 3687 2012 ἀπώλισθε

2113 2051 2315 2123 χειρὸς,
2360 2051 2455 2105 καὶ
2497 2051 2931 2105 καταπέπτωκεν
2975 2051 3056 2113 είς
3089 2051 3212 2122 γῆν,
3249 2048 3391 2104 τοῦτ’
3423 2050 3592 2114 ἐστιν,
3624 2052 3690 2105 ἐκ

2112 2141 2220 2193 τῶν
2266 2142 2363 2212 τῆς
2416 2141 2619 2213 ἀρετῆς
2668 2140 3011 2211 ὕψωμάτων,
3064 2141 3159 2193 καὶ
3213 2141 3692 2212 καταπεφοίτηκεν

2113 2230 2358 2301 ἀδρανῶς
2388 2232 2467 2294 είς
2488 2229 2551 2284 τὸ
2579 2233 2794 2302 φρονεῖν
2823 2229 3039 2284 ἑλέσθαι
3062 2229 3131 2282 τά
3158 2232 3415 2302 σαρκικὰ,
3453 2232 3692 2301 ἄκρατον

2113 2322 2214 2394 ἤδη
2245 2338 2350 2375 που
2385 2323 2618 2393 νοσήσας
2648 2321 2747 2393 τὴν
2770 2321 3063 2394 πονηρίαν,
3094 2320 3189 2376 καὶ
3211 2318 3692 2391 ὅφεως,οῐμαι,διο

2114 2412 2351 2482 ενεγκὼν
2377 2413 2547 2467 οὐδέν.
2568 2413 2974 2484 Ἀπεγυμνοῦτο
3010 2414 3067 2469 δὲ
3101 2413 3242 2467 οὕτω
3278 2413 3556 2483 βασιλείας
3597 2415 3692 2467 καὶ

2113 2508 2271 2578 δόξης
2294 2507 2391 2578 τῆς
2419 2508 2476 2561 ἐν
2502 2507 2697 2577 ἀρχαῖς
2717 2547 2733 2570 ,
2770 2508 3110 2578 ἐξεπέμπετό
3133 2525 3193 2560 τε
3222 2508 3548 2577 παραδείσου
3595 2509 3693 2562 καὶ

2113 2600 2347 2671 τρυφῆς.
2392 2600 2462 2651 Ἥ
2503 2598 2612 2671 γάρ
2642 2599 2761 2669 οὐχὶ
2788 2602 2947 2653 ταυτὶ
2991 2599 3126 2671 πρὸς
3161 2600 3307 2670 ἡμᾶς
3351 2601 3379 2652 ὁ
3408 2599 3547 2663 θεῖος
3587 2600 3690 2672 ἔφη

2114 2692 2348 2761 Μωσῆς;

2186 2786 2393 2840 ΠΛΑΛ.
2441 2787 2583 2857 Ἔφη
2620 2786 2727 2859 γάρ
2752 2784 2865 2841 οὖν.

2184 2876 2347 2930 ΚΥΡ.
2384 2877 2746 2949 Κατηγμένον
2772 2878 2829 2930 δὲ
2861 2876 2960 2948 ἤδη
2997 2876 3133 2947 πρὸς
3166 2874 3324 2929 τοῦτο
3359 2875 3696 2946 φαυλότητος

2112 2968 2141 3020 ὀ
2184 2967 2482 3038 νομοθέτης
2536 2966 2697 3039 όρῶν,
2739 2967 2949 3039 ἀπέδρα
2984 2967 3185 3038 τρόπον
3240 2966 3394 3032 τινὰ,
3448 2967 3543 3021 καὶ
3591 2965 3693 3037 τὴν

2114 3059 2337 3113 ἐνοῦσαν
2356 3058 2504 3130 αὑτῷ
2530 3060 2792 3131 πονηρίαν
2823 3060 3279 3129 κατεμυσάττετο.
3315 3058 3561 3127 Πέφευγε
3582 3058 3695 3129 γὰρ

2113 3149 2141 3202 ό
2169 3151 2394 3221 Μωσῆς,
2419 3150 2509 3205 τὸν
2533 3151 2656 3221 ὄφιν
2679 3152 2857 3221 ἀφείς.
2893 3151 3202 3221 Γέγραπται
3230 3148 3307 3214 δὲ,
3340 3151 3422 3204 ὅτι
3450 3170 3467 3202 ι
3499 3151 3705 3217 ’Ἃγιονι

2112 3243 2337 3313 Πνεῦμα
2366 3243 2554 3313 σοφίας
2598 3243 2853 3312 φεύξεται
2883 3243 3055 3307 δόλον,
3081 3243 3175 3297 καὶ
3191 3244 3552 3313 ἀναστήσεται
3583 3243 3697 3303 ἀπὸ

2112 3334 2392 3407 λογισμῶν
2450 3335 2746 3390 ἀσυνέτων.
2812 3355 2830 3388 ι
2898 3334 3216 3406 Ἀσύμδατα
3272 3334 3381 3406 γάρ
3439 3333 3699 3404 ἀλλήλοις

2113 3428 2388 3500 ἁγιασμὸς
2417 3429 2512 3483 καὶ
2532 3427 2865 3500 ἀκαθαρσία,
2903 3426 3019 3503 φῶς
3050 3444 3108 3485 τε
3134 3426 3227 3479 καὶ
3251 3426 3460 3489 σκότος,
3489 3425 3702 3478 δικαιοι-

2114 3519 2246 3574 σύνη
2281 3518 2376 3573 καὶ
2406 3518 2613 3574 ἀδικία.

2185 3705 2393 3771 ΠΑΛΛ.
2433 3705 2675 3777 Ἀληθές.

2184 3798 2347 3851 ΚΥΡ.
2387 3798 2459 3850 Τὸ
2486 3799 2664 3851 τοίνυν
2698 3799 2970 3851 ἀποπὲσαι
3001 3797 3178 3866 χειρὸς
3206 3798 3303 3863 τῆς
3327 3795 3568 3857 Μωσέως
3595 3793 3706 3868 τὴν

2114 3889 2328 3961 ῥάϐδον,
2369 3889 2808 3963 κατασημήκιεέεν
2852 3888 2936 3953 ἂν,
2976 3888 3051 3950 ὡς
3095 3886 3162 3963 ἦν
3191 3889 3247 3939 ἐν
3281 3888 3474 3956 ἀρχαῖς
3509 3887 3536 3937 ό
3570 3887 3702 3939 κατ’

2112 3980 2297 4034 είκόνα
2326 3978 2425 4050 τὴν
2454 3979 2601 4035 θείαν
2626 3962 2990 4048 πεποιημένος
3013 3962 3339 4049 παραδείσου
3380 3976 3567 4043 φυτὸν,
3596 3978 3705 4031 καὶ

2112 4074 2171 4125 ἐν
2202 4071 2328 4144 δόξῃ
2384 4070 2694 4140 βασιλείας,
2736 4070 2827 4122 καὶ
2881 4070 2938 4122 ἐν
2976 4069 3118 4145 χειρὶ
3164 4068 3256 4127 τοῦ
3294 4070 3647 4141 Δημιουργοῦ
3683 4088 3701 4102 ο

2112 4160 2413 4216 κατώλισθε
2456 4159 2512 4212 δέ
2544 4162 2623 4223 εἰς
2661 4161 2785 4233 γῆν,
2819 4158 2908 4212 διὰ
2950 4160 3043 4214 τοῦ
3087 4163 3302 4239 φρονεῖν
3361 4158 3577 4213 ἑλέσθαι
3622 4161 3703 4215 τὰ

2114 4250 2369 4323 σαρκικὰ,
2422 4249 2515 4303 καὶ
2548 4249 2638 4305 διὰ
2674 4250 2774 4321 τῆς
2822 4252 2902 4315 είς
2936 4250 3103 4322 ἄκρον
3130 4249 3372 4322 ἡκούσης
3416 4250 3648 4323 πικρίας
3669 4293 3687 4317 ,

2110 4345 2231 4413 ὄφις
2268 4338 2335 4413 ἦν
2382 4340 2570 4413 ὥσπερ
2627 4360 2709 4405 τις
2756 4344 2870 4406 τοῖς
2910 4344 3009 4413 τῆς
3063 4342 3316 4413 θεότητος
3367 4342 3698 4413 ὀφθαλμοῖς.

424 4443 510 4491 est
537 4435 727 4508 Moysi,
756 4444 818 4489 ut
843 4451 1065 4499 manum
1097 4434 1437 4502 extenderet,
1476 4438 1817 4509 caudamque
1860 4439 2007 4493 illius

2123 4437 2259 4493 Ἀλλ’
2294 4434 2573 4488 ἐκελεύετο
2597 4434 2803 4506 Μωσῆς
2834 4437 3070 4489 ἐκτεῖναι
3108 4436 3208 4501 τὴν
3227 4437 3404 4506 χεῖρα.
3438 4436 3530 4487 καὶ
3571 4438 3701 4497 ἑπι-

424 4523 897 4594 apprehenderet;
923 4539 1033 4593 quo
1066 4523 1233 4591 facto,
1275 4524 1597 4582 immutatus
1631 4527 1895 4581 continuo
1924 4534 2009 4582 est

426 4615 484 4674 in
519 4615 807 4685 pristinam
847 4615 1101 4682 formam,
1142 4617 1216 4681 ita
1248 4626 1310 4673 ut
1341 4634 1450 4674 non
1483 4618 1719 4688 amplius
1758 4633 2003 4689 serpens,

423 4706 521 4763 sed
553 4707 708 4778 virga
727 4723 920 4763 rursus
948 4719 1114 4773 esset,
1146 4719 1202 4766 et
1239 4711 1475 4781 paradisi
1500 4692 1743 4783 germen.
1775 4712 1877 4768 Ubi
1908 4712 2009 4783 igi-

427 4809 517 4856 tur
545 4797 753 4865 placuit
786 4797 899 4852 Deo
925 4814 990 4853 ac
1018 4799 1165 4855 Patri
1194 4801 1380 4854 omnia
1417 4801 1720 4855 instaurare
1756 4801 1810 4854 in
1841 4800 2005 4855 Chri-

424 4896 529 4951 sto,
574 4898 738 4957 atque
762 4888 816 4949 id
838 4889 985 4958 quod
1018 4890 1221 4951 factum
1264 4899 1402 4955 erat,
1437 4892 1490 4945 in
1532 4892 1770 4961 priorem
1800 4901 2002 4947 statum

425 4978 745 5044 reformare,
775 4980 923 5035 misit
954 4997 984 5037 e
1014 4984 1154 5038 cmlo
1179 4982 1341 5035 nobis
1362 4981 1999 5053 Unigcnitum,manum,

427 5070 674 5140 inquam,
713 5070 859 5129 illam
899 5088 1055 5135 suam
1094 5072 1361 5134 dextram,
1410 5071 1560 5125 illam
1624 5074 2003 5130 universorum

422 5162 681 5232 opificem
718 5181 781 5221 ac
807 5181 936 5221 vere
959 5166 1252 5220 salutarem
1274 5204 1288 5228 ,
1317 5165 1471 5234 juxta
1498 5164 1634 5219 illud
1665 5184 1676 5217 :
1713 5185 1731 5217 ‹
1772 5168 2006 5223 Dextera

428 5255 643 5324 Domini
696 5257 825 5313 fecit
872 5258 1155 5329 virtutem,
1207 5255 1427 5312 dextera
1476 5258 1694 5312 Domini
1748 5260 2008 5317 exaltavit

427 5363 517 5414 me
541 5349 601 5403 "'.
631 5369 649 5401 ι
670 5348 828 5403 Tunc
854 5347 1060 5415 itaque,
1093 5354 1244 5413 tunc,
1276 5348 1519 5420 inquam,
1539 5352 1815 5420 iacentem
1850 5354 2005 5409 humi

522 5508 567 5549 ιτ
600 5507 728 5578 sap.
759 5522 798 5569 ι,
833 5506 885 5560 5.
963 5504 1007 5538 ¹⁸
1030 5505 1171 5560 Psal.
1201 5521 1364 5572 ωιτη,
1388 5476 1483 5562 lo.

429 5616 606 5742 409A
630 5614 870 5714 alludit,
928 5623 989 5669 ut
1039 5621 1207 5687 puto,
1258 5618 1324 5672 ad
1372 5618 1828 5674 locum°llomeri
1876 5618 2012 5674 Ilia-

442 5756 605 5820 ’ἀλλ’
638 5753 712 5817 ἐκ
741 5753 829 5807 τοὶ
858 5751 1019 5825 ἐρέω,
1049 5756 1145 5811 καὶ
1173 5757 1271 5812 ἐπὶ
1291 5757 1484 5831 μέγαν
1519 5760 1702 5830 ὅρκον
1732 5760 2007 5831 ὀμοῦμαι,

2110 4528 2370 4607 λαϐέσθαι
2418 4529 2517 4601 τῆς
2561 4528 2799 4600 κέρκου·
2847 4528 3210 4589 ἁνεπλάττετο
3256 4528 3312 4581 δὲ
3358 4527 3493 4599 πρὸς
3524 4527 3584 4578 τὺ
3631 4528 3699 4580 ἐν

2111 4622 2309 4693 ἀρχαῖς
2339 4619 2521 4683 εὐθύς.
2563 4619 2674 4674 Καὶ
2714 4620 2839 4690 ὄφις
2882 4620 2981 4691 μὲν
3014 4615 3082 4691 ἦν
3132 4618 3355 4684 οὐκέτι,
3407 4615 3599 4687 ῥάϐδος
3633 4616 3698 4671 δέ

2109 4713 2307 4778 πάλιν,
2336 4711 2430 4791 καὶ
2460 4709 2787 4791 παραδείσου
2841 4712 3029 4780 φυτόν.
3063 4711 3193 4767 Ὀτε
3237 4711 3294 4763 δὲ
3333 4709 3626 4779 εὐδόκησεν
3664 4711 3697 4762 ό

2110 4804 2242 4867 Θεὸς
2296 4788 2393 4857 καί
2432 4788 2621 4874 Πατὴρ
2664 4801 3245 4872 ἀνακεφαλαιώσασθαι
3296 4801 3362 4855 τά
3405 4800 3581 4854 πάντα
3633 4802 3696 4854 ἐν

2114 4895 2191 4963 τῷ
2219 4898 2260 4949 Χ
2273 4895 2438 4971 ριστῷ
2459 4936 2472 4959 ,
2498 4897 2592 4949 καὶ
2609 4896 2896 4949 ἀνακτίσαι
2916 4895 2977 4947 τὸ
3004 4893 3223 4962 ποιηθὲν
3244 4895 3323 4956 είς
3339 4892 3397 4946 τὸ
3413 4891 3692 4962 ἀπαρχῆς,

2113 4988 2430 5042 ἀπέστειλεν
2444 4990 2571 5059 ἡμῖν
2581 4987 2638 5054 ἐξ
2653 4987 2711 5040 οὐ
2721 4987 2879 5057 ρανοῢ
2895 4987 2984 5039 τὸν
3001 4986 3299 5056 Μονογενῆ,
3314 4984 3410 5055 τὴν
3426 4986 3581 5054 χεῖρα
3591 4983 3695 5054 τὴν

2113 5079 2314 5147 δεξιὰν,
2351 5080 2450 5150 τὴν
2478 5080 2584 5133 τῶν
2612 5064 2745 5132 ὅλων
2779 5081 3001 5151 ἐργάτιν
3033 5078 3129 5133 καὶ
3159 5077 3423 5159 σώτειραν
3449 5074 3690 5144 άληθῶς,

2113 5168 2258 5225 κατά
2288 5185 2351 5237 γε
2387 5170 2469 5235 τὸ,
2513 5187 2532 5220 ι
2565 5168 2724 5234 Δεξιὰ
2758 5169 2963 5240 Κυρίου
2996 5168 3217 5238 ἐποίησε
3258 5166 3507 5229 δύναμιν,
3540 5163 3693 5231 δεξιά

2114 5261 2320 5333 Κυρίου
2350 5260 2533 5331 eomas
2576 5278 2694 5332 με.»
2730 5260 2863 5313 Τότε
2891 5259 2976 5329 δὴ,
3003 5259 3124 5312 τότε
3148 5259 3251 5329 τῆς
3282 5261 3339 5312 ἐν
3381 5261 3452 5330 γῇ
3501 5255 3693 5327 κειμέ-

2119 5367 2217 5426 νης
2269 5352 2687 5425 άνθρωπότητος
2738 5351 3029 5406 ἐπελάϐετο
3121 5352 3216 5406 καὶ
3268 5350 3491 5423 πικρίας
3541 5345 3693 5417 ἡμᾶς

2110 5618 2249 5686 Ναὶ,
2271 5620 2352 5689 μὰ
2372 5622 2503 5675 τόδε
2534 5620 2871 5699 σκῆπτρον,
2891 5620 2956 5675 τὸ
2970 5621 3088 5699 μὲν
3105 5622 3324 5677 οὔποτε
3355 5622 3559 5699 sufﬂa
3582 5617 3687 5673 καὶ

3416 5685 3604 5763 [ὄξους

2110 5762 2315 5833 Φύσει,
2337 5770 2447 5821 etc.
