3968 6300
229 345 332 403 2όῦ

972 359 1058 412 DE
1098 361 1540 419 ADORATIONE
1580 364 1645 419 IN
1689 361 1959 418 SPlRlTU
2000 362 2089 417 ΕΤ
2130 361 2500 432 VERITATE.
2541 359 2671 417 LIB.
2714 362 2778 418 ιῐ.

3381 357 3486 413 236

227 467 540 535 ἀπαλλάξας
589 469 1023 543 θηριοπρεποῦς,
1060 480 1159 551 τῆς
1205 483 1264 534 ἐν
1290 482 1583 551 φαυλότητι
1612 500 1670 537 τε
1704 482 1788 535 καῖ

1904 489 2151 537 naturam
2201 482 2441 537 hominis
2489 476 2887 550 apprehendit;
2937 494 3173 549 cumque
3237 492 3339 533 nos
3398 474 3483 531 [e-

227 558 542 629 άμαρτίαις,
573 562 865 633 ἁνεκόμισέ
895 583 954 620 τε
983 568 1053 622 δι’
1078 570 1349 642 ἁγιασμοῦ
1381 572 1521 643 πρὸς
1553 571 1797 641 βασιλίδα

223 650 408 720 τιμὴν,
453 651 550 707 καὶ
585 646 901 725 ἡμερότητα
931 658 1028 728 τὴν
1057 661 1137 723 εἰς
1174 662 1398 734 ἀρετήν.
1448 663 1796 733 Ἐνδιαίτημα

222 742 276 796 δὲ
305 743 367 796 τὸ
404 745 627 816 ἀρχαῖον
655 751 766 813 τοῖς
799 752 1111 808 πιστεύουσι
1153 755 1326 819 διδοὺς
1360 758 1418 810 ἐν
1448 759 1670 827 ἁπαρχῇ
1704 757 1797 809 καὶ

222 831 425 905 πρώτῳ
453 834 530 904 τῷ
567 845 1071 913 συγκεκρεμαμένῳ
1103 844 1292 917 λῃστῇ·
1337 866 1354 898 ι
1421 847 1615 917 ’Λμὴν,
1650 844 1796 914 ἀμὴν

220 921 365 1067 ἒέγω
392 942 495 991 σοι,
532 927 686 999 φησὶ,
725 931 962 1003 σήμερον
994 938 1110 1005 μετ’
1142 937 1276 1004 ἐμοῦ
1302 936 1400 1010 ἔσῃ
1430 941 1486 992 ἐν
1516 939 1591 1009 τῷ
1616 953 1793 1008 παρα-

251 1031 406 1067 εισω.
453 1035 471 1067 ι

251 1031 406 1085 εισῳ.
453 1035 471 1068 ι

292 1307 500 1363 ΠᾹΛΛ.
539 1310 836 1383 Πεποίηται
868 1313 965 1383 μὲν
992 1314 1067 1378 ὡς
1097 1316 1298 1386 ἄριστά
1329 1335 1391 1386 γε
1424 1320 1556 1390 ἡμῖν
1583 1321 1680 1375 καὶ
1708 1324 1795 1394 όρ·

211 1396 321 1459 θῶς
348 1400 377 1451 ό
408 1400 581 1470 λόγος.
608 1404 755 1475 Πλὴν
789 1407 962 1462 ἐκεῖνο
984 1410 1210 1479 φράσον,
1245 1412 1360 1467 ἀνθ’
1390 1414 1512 1466 ὅτου
1548 1415 1648 1483 τῆς
1670 1416 1794 1486 κέρ-

209 1504 312 1542 κου
359 1490 620 1547 λαϐέσθαι
671 1496 919 1566 κελεύει,
971 1502 1064 1554 καὶ
1113 1503 1234 1572 οὐχὶ
1288 1505 1387 1573 τῆς
1450 1505 1789 1577 κεφαλῆς,ἢ

212 1579 416 1631 μέσων.

212 1596 416 1648 μεσων.

282 1748 448 1806 ΚΥΡ.
484 1744 620 1809 Ὧδε
669 1758 798 1831 γὰρ,
830 1756 876 1815 ὦ
905 1763 1147 1836 φιλότης,
1178 1767 1576 1839 ὲκπρὰττεσθαι
1597 1772 1788 1842 ἐχρῆν·

1901 575 2001 630 rali
2034 575 2278 645 nequitia
2299 616 2312 639 ,
2346 583 2811 645 peccatorumque
2847 586 3060 625 veneno
3097 571 3357 635 exuisset,
3388 585 3484 641 per

1901 668 2394 723 sanetiiicationem
2448 667 2515 720 ad
2557 666 2826 720 honorem
2878 662 3037 717 illum
3075 663 3307 732 regium,
3333 671 3389 717 et
3415 662 3479 715 ad

1898 758 2120 813 virtutis
2146 757 2627 812 mansuetudinem
2647 753 2898 820 reduxit;
2925 752 3172 822 illudque
3198 760 3359 807 vetus
3378 753 3480 807 do-

1898 852 2163 907 micilium
2214 850 2571 905 credentibus
2633 849 2686 902 in
2726 863 2794 903 eo
2836 847 3048 901 latrone
3077 885 3092 909 ,
3149 844 3244 914 qui
3290 860 3482 899 eorum

1896 947 2158 1010 tanquam
2190 938 2450 1009 primitiae
2468 936 2716 1007 quaedam
2751 951 2815 990 ac
2849 934 3104 1005 princeps
3147 932 3271 997 fuit,
3326 940 3383 986 et
3412 932 3486 986 si—

1899 1032 2011 1086 mul
2037 1046 2223 1087 secum
2259 1041 2345 1086 est
2379 1029 2694 1093 crucifixus,
2721 1025 2983 1083 restituit.
3021 1043 3039 1076 ι
3062 1024 3233 1080 Amen
3256 1064 3271 1088 ,
3299 1039 3481 1086 atnen,

1897 1124 2171 1193 inquiens,
2225 1122 2351 1177 dico
2399 1121 2520 1187 tibi,
2547 1120 2711 1176 hodie
2757 1134 2973 1174 meeum
3015 1116 3126 1171 eris
3170 1113 3481 1185 iu'paradi-
3563 1116 3568 1121 ’

1898 1230 1964 1269 so
1987 1216 2050 1268 ⁸³.
2084 1234 2103 1265 ι

1965 1306 2162 1362 PALL.
2191 1306 2409 1378 Optime
2447 1321 2578 1361 sane
2600 1304 2761 1359 nobis
2798 1318 2861 1358 ac
2885 1301 3191 1357 rectissime
3227 1302 3344 1355 haec
3369 1300 3483 1354 dis-

1893 1395 2104 1466 putatio
2139 1394 2387 1451 conl‘ecta
2411 1403 2514 1450 est.
2558 1394 2698 1449 Illud
2739 1391 2873 1446 mihi
2910 1401 3089 1445 tamen
3121 1390 3361 1461 explices
3381 1405 3478 1445 re-

1893 1484 1988 1539 lim
2013 1525 2028 1549 ,
2062 1501 2183 1556 quae
2225 1501 2389 1540 causa
2431 1484 2618 1548 fuerit,
2654 1499 2753 1539 cur
2806 1480 3036 1537 caudam
3075 1481 3261 1551 potius
3289 1497 3485 1552 apprc-

1895 1576 2061 1632 hendi
2097 1576 2345 1649 jusserit,
2372 1592 2537 1647 quam
2579 1582 2763 1645 caput,
2807 1581 2902 1628 aut
2944 1572 3180 1628 mediam
3228 1575 3479 1642 corporis

1893 1676 2124 1738 partem.
2650 1698 2662 1715 ι
2702 1688 2730 1723 .4

1966 1761 2123 1817 CYR.
2150 1762 2242 1817 Sic
2266 1763 2436 1827 enim,
2478 1761 2706 1827 Palladi,
2753 1759 2870 1818 ﬁeri
2917 1772 3136 1829 aequum
3172 1764 3328 1822 erat;
3355 1774 3476 1810 nam

204 1842 419 1935 ἐπεξτοι
464 1845 523 1899 τὸ
556 1850 754 1921 κέρκου
788 1853 1079 1922 λαϐέσθαι,
1115 1860 1210 1913 καὶ
1244 1838 1363 1931 οὔχ).
1415 1862 1596 1930 μέσων
1696 1838 1786 1918 κε-

1904 1857 1998 1922 hoc
2021 1854 2221 1923 ipsum,
2269 1853 2502 1909 caudam
2542 1851 2978 1923 apprehendere,
3021 1864 3132 1904 non
3161 1847 3341 1902 media
3386 1857 3481 1905 aut

204 1932 411 2004 φαλῆς,
441 1938 520 2009 τῷ
555 1944 835 2014 μυστηρίῳ
864 1948 1154 2019 χρήσιμον.

282 2022 494 2080 ΠΔΛΛ.
530 2028 662 2083 Τίνα
684 2031 882 2101 τρόπον
906 2050 921 2098 ;

276 2118 445 2173 ΚΥΡ.
468 2120 633 2194 Ἀρχὴ
658 2125 754 2195 μὲν
778 2118 886 2200 γὰρ
906 2128 1097 2203 ὥσπερ
1119 2135 1319 2198 παντὸς
1340 2136 1530 2210 ζώουή
1556 2140 1784 2211 κεφαλὴ.

203 2207 410 2277 κέρκος
442 2211 502 2265 δὲ
528 2215 719 2285 πέρας.
742 2218 879 2289 Φέρε
897 2220 960 2290 δὴ
989 2217 1083 2274 οὖν
1111 2223 1186 2288 ὠς
1207 2225 1289 2278 ἔτι
1307 2226 1465 2291 ζῶον,
1484 2207 1544 2282 τό
1565 2207 1787 2300 σύμπαν

203 2302 349 2393 ἡμῖν
384 2303 481 2356 τοῦ
524 2306 812 2376 ἀνθρώπου
861 2312 1016 2380 γένος
1063 2317 1507 2386 καταλογιζέσθω
1551 2323 1691 2393 πρὸς
1726 2323 1789 2377 τὸ

206 2392 403 2482 παρόν.
445 2393 773 2453 Ἐπελάϐετο
803 2403 981 2457 τοίνυν
1009 2405 1111 2475 τῆς
1138 2408 1338 2478 κέρκου
1365 2411 1616 2482 Χριστὸς.
1642 2414 1786 2467 τοῦτ’

207 2479 348 2574 ἔστι,
368 2483 478 2537 τῶν
496 2486 553 2539 ἐν
574 2489 821 2558 ἐσχάτοις
852 2495 945 2546 καὶ
962 2495 1286 2551 τελευταίων
1301 2515 1314 2527 ·
1339 2503 1783 2574 καταπεφοίτηκε

207 2572 325 2666 γάρ
369 2575 429 2666 ἐν
470 2577 718 2666 ἐσχάτοις
765 2582 857 2635 τοῦ
897 2574 1093 2649 αἰῶνος
1148 2590 1561 2659 καιροῖς.κἈ).λ’
1598 2572 1786 2666 ὥσπερ

208 2664 257 2753 et
305 2663 401 2715 xui.
432 2664 531 2735 τῆς
595 2668 793 2739 κέρκου
836 2673 1038 2745 Μωσῆς
1088 2676 1427 2743 ἐπελάϐετο,
1487 2682 1579 2735 καὶ
1623 2663 1784 2753 μέχρι

204 2752 379 2823 αὐτῆς
407 2755 585 2810 άνέθει
613 2759 710 2829 τῆς
736 2764 975 2834 κεφαλῆς
1005 2765 1033 2817 ό
1064 2768 1451 2839 μεταπλασμὸς
1481 2752 1782 2843 (μετεστοι-

204 2844 427 2912 χειοῦτο
454 2849 562 2919 γὰρ
587 2850 892 2923 ὁλοκλήρως
915 2857 994 2919 εἰς
1030 2857 1223 2927 ῥάϐδον
1249 2862 1277 2911 ό
1305 2861 1451 2932 ὄφις)
1480 2879 1492 2893 '
1523 2865 1666 2918 κατὰ
1695 2866 1785 2919 τὸν

207 2935 327 2987 ἴσον
366 2941 574 2992 τουτονὶ
602 2941 820 3013 τρόπον,
856 2946 961 3000 κᾶν
993 2950 1040 3000 εἰ
1058 2950 1164 3003 τῶν
1188 2953 1431 3023 ἐσχάτων
1455 2955 1780 3011 ἀντελάϐετο

206 3025 475 3120 Χριστὸς,
506 3031 621 3085 ἀλλ’
649 3035 729 3098 εἰς
772 3038 879 3089 πᾶν
914 3038 1089 3109 διήκει
1127 3042 1188 3094 τὸ
1218 3043 1395 3113 γένος,
1442 3047 1537 3099 καὶ
1588 3047 1785 3120 μέχρις

206 3119 381 3210 αὐτῆς
403 3122 709 3189 ἀφικνεῖται
728 3128 830 3199 τῆς
856 3131 1118 3204 κεφαλῆς,
1139 3134 1282 3188 τοῦτ’
1306 3135 1443 3199 ἐστι,
1464 3137 1557 3191 τοῦ
1587 3119 1780 3210 Ἀδάμ,

1887 1954 2070 2015 caput,
2104 1946 2365 2016 mysterio
2386 1953 2818 2001 consentaneum
2840 1948 2979 1998 erat.

1957 2036 2155 2092 PALL.
2185 2036 2473 2103 Quomodo
2515 2036 2777 2092 tandem?

1956 2127 2274 2195 CYR.Quia
2296 2136 2466 2198 caput
2489 2130 2641 2183 velut
2680 2129 2901 2184 initium
2926 2128 3035 2198 7o
3074 2128 3351 2198 quoddam
3396 2135 3481 2179 est

1888 2223 2058 2277 totius
2084 2221 2401 2286 animantis,
2427 2229 2485 2276 ut
2507 2221 2682 2277 cauda
2707 2221 2850 2275 linis.
2875 2220 2986 2291 Age
3030 2219 3218 2290 igitur,
3261 2219 3482 2273 univer-

1889 2327 2011 2367 sum
2053 2328 2226 2383 genus
2272 2311 2584 2377 hominum,
2632 2318 2694 2364 ut
2735 2324 2907 2364 unum
2957 2308 3156 2375 animal
3210 2308 3480 2362 hactenus

1887 2399 2194 2469 cogitemus
2241 2417 2252 2452 :
2299 2398 2666 2469 apprehendit
2696 2397 2879 2469 igitur
2921 2397 3152 2453 caudam
3191 2397 3477 2459 Christus,

1886 2490 1940 2545 id
1995 2499 2098 2554 est,
2150 2500 2426 2545 extremas
2475 2500 2660 2561 partes
2699 2499 2866 2561 atque
2912 2492 3173 2556 ultimas;
3213 2490 3483 2546 extremis

1885 2580 2086 2651 quippe
2109 2582 2436 2636 saeculorum
2467 2581 2806 2650 temporibus
2849 2581 3092 2636 advenit.
3115 2582 3371 2640 ~Verum,
3420 2588 3481 2632 ut

1886 2674 2097 2745 Moyses
2153 2674 2406 2743 quamvis
2461 2672 2690 2728 caudam
2752 2672 3244 2742 apprehendisset,
3296 2680 3478 2725 tamen

1886 2782 2060 2837 usque
2092 2766 2610 2836 ad-ipsumquoque
2635 2771 2799 2835 caput
2821 2765 2915 2819 illa
2941 2763 3265 2819 reformatio
3289 2780 3480 2820 recoe-

1888 2857 1960 2911 rit
1989 2857 2094 2930 (est
2114 2858 2261 2911 enim
2295 2864 2445 2911 totus
2471 2857 2561 2911 ille
2609 2872 2838 2927 serpens
2865 2857 2921 2911 in
2965 2856 3176 2927 virgam
3219 2855 3477 2909 immuta-

1887 2950 2020 3021 tus),
2048 2952 2114 3006 ad
2142 2951 2399 3006 eumdem
2433 2949 2678 3013 modum,
2706 2949 2896 3003 ultima
2922 2947 3051 3002 licet
3095 2947 3502 3017 apprchende--

1888 3042 1963 3096 rit
1989 3041 2261 3103 Christus,
2288 3049 2533 3097 attamen
2562 3038 2617 3093 in
2657 3039 2983 3093 universum
3016 3051 3190 3106 genus
3214 3037 3473 3105 pertinet,

1885 3138 1943 3185 et
1964 3130 2032 3185 ad
2056 3139 2222 3200 caput
2255 3130 2437 3199 ipsum
2492 3143 2691 3199 usque,
2735 3126 2792 3180 id
2834 3134 2940 3188 est,
2990 3124 3184 3189 Adam,
3232 3125 3322 3177 illa
3377 3141 3476 3193 per

206 3207 241 3276 ἡ
266 3207 359 3262 διὰ
388 3212 610 3282 χάριτος
643 3216 1048 3292 ἀναμόρφωσις.
1078 3223 1391 3296 Γέγραπται
1421 3227 1526 3299 γὰρ
1547 3270 1562 3294 ,
1591 3229 1674 3283 δτι
1702 3207 1784 3295 εἰς

1904 3224 2112 3293 gratiam
2158 3221 2477 3277 reformatio
2517 3220 2796 3291 pertingit.
2847 3217 3123 3287 Scriptum
3174 3224 3260 3271 est
3302 3217 3471 3275 enim.

205 3299 369 3353 τοῦτο
407 3303 639 3373 Χριστὸς
668 3308 905 3365 ἀπέθανε
935 3314 1028 3367 καὶ
1061 3315 1261 3388 ἀνέστη
1287 3356 1302 3382 ,
1335 3319 1423 3372 ἵνα
1452 3320 1544 3374 καὶ
1572 3321 1782 3392 νεκρῶν

1904 3316 2013 3370 ηόεο
2036 3315 2318 3369 Christum
2349 3328 2470 3368 esse
2495 3320 2771 3366 mortuum
2812 3318 2870 3364 et
2912 3309 3197 3371 revixisse,
3240 3315 3302 3361 ut
3335 3308 3476 3362 vivis

208 3392 311 3482 κτὶ
349 3392 566 3457 ζώντων
599 3400 877 3474 κυριεύσῃ.
927 3404 1135 3460 Οὐκοῦν
1175 3411 1289 3472 τοῖς
1322 3410 1569 3481 ἐσχάτοις
1608 3412 1702 3466 καὶ
1748 3414 1781 3482 ἡ

1904 3422 1953 3460 lc
1996 3404 2232 3459 mortuis
2279 3402 2597 3457 dominetur
2618 3401 2661 3431 ὀ
2689 3418 2702 3452 :
2731 3400 2897 3470 igitur
2947 3398 3003 3451 in
3049 3397 3310 3452 extremis
3356 3398 3473 3468 ipsa

210 3481 324 3532 τῶν
358 3484 419 3534 ἐν
449 3485 646 3556 ἀρχαῖς
674 3492 1135 3563 συγκατορθοῦται
1158 3494 1444 3568 λύτρωσις.

284 3572 494 3627 ΠΑΛΛ.
529 3576 755 3642 Πιθανὺς
786 3580 815 3632 ὁ
836 3580 990 3650 λόγος
1019 3583 1136 3636 ἐστί
1166 3601 1224 3637 τε
1248 3588 1405 3657 ἡμῖν,
1435 3587 1530 3641 καὶ
1554 3588 1651 3641 οὐκ
1676 3589 1784 3642 ἀπὸ

214 3661 420 3715 σκοποῦ
452 3664 513 3716 τὸ
536 3665 803 3740 διήγημα.
1120 3658 1135 3683 λ

286 3752 450 3807 ΚΥΡ.
485 3752 856 3828 Ἐδραιότατον
901 3758 996 3819 οὖν
1018 3766 1153 3837 πρὸς
1174 3768 1271 3836 τὴν
1301 3770 1393 3822 ἐπὶ
1412 3767 1547 3839 τῷδε
1583 3771 1782 3839 πίστιν,

215 3843 311 3896 καὶ
350 3844 472 3898 δυσὶ
505 3847 795 3919 δυνάμεσιν
839 3854 1001 3909 αὐτὸν
1046 3857 1263 3929 ἑτέραις
1308 3859 1547 3912 ἐποιεῖτο
1596 3860 1786 3929 θεοση-

214 3934 418 4005 μεὲαις.
452 3937 761 4010 Γέγραπται
784 3943 891 4017 γὰρ
919 3946 1101 4012 εὐθύς·
1145 3968 1163 4000 ‹
1204 3945 1334 4003 Εἷπε
1372 3950 1480 4022 γὰρ
1503 3951 1651 4021 αὑτῷ
1680 3952 1787 4004 Κύ-

214 4040 334 4094 ριος
354 4027 518 4082 πάλιν
545 4048 556 4060 ·
588 4032 877 4103 Εζσένεγκε
914 4037 1014 4110 τὴν
1053 4040 1211 4111 χεῖρά
1250 4059 1343 4094 σου
1365 4043 1445 4106 εἰς
1474 4043 1562 4096 τὸν
1591 4043 1788 4097 κόλπον

212 4131 329 4169 σου.
384 4121 496 4173 Καὶ
541 4125 825 4195 εἰσήνεγκε
855 4129 955 4200 τὴν
984 4133 1141 4202 χεῖρα
1177 4132 1365 4195 αὐτοῦ,
1417 4135 1510 4187 καί
1558 4134 1788 4206 ἐγενήθη

208 4209 241 4277 ἠ
282 4210 403 4281 χεὶρ
455 4214 620 4267 αὑτοῦ
665 4216 922 4288 λεπρῶσα
973 4221 1048 4285 ὡς
1086 4223 1238 4293 xui».
1277 4225 1403 4279 Καὶ
1425 4221 1546 4279 εἶπε
1598 4227 1788 4287 πάλινο

208 4301 510 4372 Εξσένεγκε
542 4305 640 4377 τὴν
679 4312 837 4381 χεῖρά
867 4329 961 4365 σου
1010 4315 1089 4377 εἱς
1139 4315 1230 4368 τὸν
1270 4316 1468 4371 κόλπον
1514 4334 1630 4372 σου.
1683 4319 1793 4371 Καὶ⁸

207 4390 497 4461 εἰσήνεγκε
530 4398 628 4467 τὴν
680 4400 847 4468 χεῖρα
895 4402 1059 4456 αὐτοῦ
1109 4406 1189 4468 εἰς
1234 4406 1325 4459 τὸν
1354 4408 1554 4461 κόλπον
1606 4409 1793 4476 αὐτοῦ,

1888 3514 2107 3569 quoque
2129 3495 2536 3567 principiorum.
2556 3493 2720 3549 simul
2750 3498 2836 3547 est
2866 3489 3472 3578 perfectarcdemptio.

1959 3588 2156 3645 PALL.
2181 3585 2494 3643 Probabilis
2539 3600 2670 3641 sane
2714 3583 2912 3649 oratio,
2950 3597 3054 3638 nee
3096 3584 3165 3638 ab
3205 3598 3293 3647 co,
3325 3584 3471 3654 quod

1888 3678 2301 3751 proposuimus,
2327 3678 2505 3733 aliena
2531 3677 2796 3732 narratio.
3103 3670 3111 3676 ’

1959 3791 2212 3847 CYR.Ad
2237 3791 2292 3846 id
2320 3805 2454 3846 vero
2476 3788 2810 3855 credendum
2832 3793 2994 3847 etiam
3019 3791 3234 3845 duobus
3250 3790 3377 3857 aliis
3390 3789 3474 3844 di-

1891 3882 2033 3937 vina:
2051 3882 2273 3935 virtutis
2304 3880 2473 3951 signis
2497 3879 2651 3934 iilum
2668 3882 2910 3937 maxime
2937 3881 3299 3937 conﬁrmavit.
3326 3880 3475 3935 Seri-

1893 3979 2047 4040 ptum
2073 3978 2158 4024 est
2179 3969 2327 4024 enim
2351 3969 2645 4040 deinceps:
2673 3989 2695 4021 ι
2713 3971 2783 4025 Et
2805 3971 2943 4025 dixit
2966 3971 3045 4025 illi
3065 3971 3329 4025 Dominus
3359 3957 3469 4024 rur-

1894 4075 2016 4114 sum
2047 4077 2059 4113 :
2086 4059 2239 4114 Mitte
2276 4074 2499 4112 manum
2537 4066 2682 4113 tuam
2721 4058 2777 4113 in
2810 4060 2991 4115 sinum
3024 4070 3199 4115 tuum.
3230 4062 3298 4117 Et
3327 4062 3478 4116 misit

1895 4166 2118 4206 manum
2137 4165 2291 4205 suam
2319 4150 2375 4204 in
2391 4150 2572 4204 sinum
2596 4166 2776 4205 suum.
2795 4151 2863 4204 Et
2884 4152 3019 4206 dixit
3046 4171 3058 4205 :
3085 4153 3238 4207 Educ
3252 4168 3472 4218 manum

1906 4251 2053 4296 tuam
2078 4256 2143 4295 ex
2173 4241 2296 4294 sinu
2328 4248 2441 4294 tuo.
2468 4240 2537 4294 Et
2558 4238 2750 4294 eduxit
2786 4239 2931 4293 illam
2968 4256 3037 4294 ex
3077 4242 3200 4297 sinu
3245 4257 3374 4305 suo,
3419 4252 3475 4296 et

1901 4332 2044 4387 facta
2056 4340 2141 4387 est
2154 4346 2349 4386 manus
2363 4332 2482 4401 ejus
2496 4331 2710 4400 leprosa
2728 4330 2867 4385 sicut
2882 4331 2994 4385 nix.
3012 4333 3078 4387 Et
3093 4333 3233 4387 dixit
3251 4348 3469 4388 rursus:

1902 4424 2053 4478 Mitte
2080 4436 2307 4476 manum
2329 4429 2476 4476 tuam
2505 4421 2558 4476 in
2584 4422 2766 4477 sinum
2790 4430 2966 4477 tuum.
2997 4423 3231 4480 Etmisit
3249 4440 3471 4479 manum

331 4483 592 4588 ἐξηνεγκε
624 4487 720 4559 τὴν
751 4492 908 4562 χεῖρα
935 4494 1101 4548 αὑτοῦ
1134 4498 1199 4549 ὲκ
1236 4497 1331 4551 τοῦ
1369 4498 1569 4552 κόλπου
1592 4500 1756 4554 αὐτοῦ
1775 4520 1787 4535 ·

1904 4530 2055 4571 suam
2079 4514 2134 4569 in
2150 4514 2330 4569 sinum
2346 4528 2503 4567 suum
2524 4556 2538 4581 ,
2564 4521 2620 4568 et
2637 4512 2825 4567 eduxit
2842 4529 3060 4569 manum
3082 4530 3233 4570 suam
3258 4515 3326 4569 de
3348 4515 3471 4570 sinu

213 4572 310 4625 καὶ
346 4574 509 4629 πάλιν
538 4578 952 4654 ἀποκατεστάθη
1005 4586 1085 4648 εἰς
1127 4586 1224 4656 τὴν
1254 4587 1420 4658 χρόαν
1448 4589 1547 4658 τῆς
1571 4589 1776 4658 σαρκὸς

210 4662 402 4716 αὐτοῦ.
442 4685 462 4717 ι
501 4666 693 4739 Ἀθρει
717 4670 779 4743 δὴ
800 4667 991 4737 οὗνὼς
1038 4674 1155 4728 ἔστι
1193 4676 1524 4748 θεοπρεπὲς,
1564 4680 1788 4734 καὶτῶν

207 4750 351 4818 ἄγαν
367 4754 613 4823 ἡκόντων
636 4760 717 4821 εἰς
756 4761 816 4813 τὸ
839 4761 1212 4833 θαυμάζεσθαι
1242 4767 1474 4838 πρέπειν
1501 4769 1564 4821 τὸ
1591 4786 1789 4841 κατορ-

207 4841 508 4913 θούμενον,
543 4850 823 4904 συνωδῖνον
856 4853 912 4907 δὲ
959 4853 1256 4926 ὥσπερ.τῷ
1284 4856 1605 4931 πρώτῳ.τοῦ
1648 4860 1789 4914 κατὰ

208 4934 449 5005 Χριστὸν
481 4942 782 5012 μυστηρίου
807 4945 907 5016 τὴν
932 4945 1182 5016 δήλωσιν.

284 5027 497 5083 ΠΔΛΛ.
531 5032 739 5087 Οὐκοῦν
765 5035 1015 5105 διασάιρει
1032 5054 1048 5069 ο
1074 5039 1301 5110 συνίημι
1326 5040 1435 5113 γὰρ
1463 5040 1580 5096 οὔτι
1609 5060 1715 5097 πω.

285 5215 454 5269 ΚΥΡ.
486 5218 700 5289 Σαρκος
749 5196 927 5295 μένὶὴ
959 5224 1138 5295 λέπρα
1186 5222 1353 5289 πάθος
1373 5267 1388 5293 ,
1417 5225 1638 5297 ἄμεινον
1670 5229 1727 5283 δὲ
1761 5228 1795 5299 ἢ

210 5305 357 5389 κατά
392 5308 642 5381 ἰατροὺς,
675 5312 768 5364 καὶ
806 5316 927 5376 ταῖς
955 5314 1084 5385 παρ’
1108 5315 1334 5371 ἐκείνων
1358 5316 1670 5387 ἐμπειρίαις
1691 5318 1790 5388 οὐχ

209 5395 510 5468 ἁλώσιμον.
555 5400 793 5474 Ἀνιερδς
815 5405 872 5458 δὲ
894 5406 985 5459 καὶ
1007 5406 1313 5478 ἀκάθαρτος
1347 5409 1375 5458 ὀ
1399 5408 1619 5478 λεπρὸς,
1644 5409 1790 5463 κατά

210 5504 280 5555 γε
308 5490 408 5561 τὴν
445 5491 617 5546 πάλαι
657 5493 745 5548 διὰ
778 5496 1022 5560 Μωσέως
1051 5497 1288 5568 ἐντολὴν,
1315 5498 1706 5569 ἀπηχθημένος
1733 5500 1791 5563 de

208 5577 336 5636 λίαν
364 5584 459 5648 καὶ
504 5584 660 5657 παρὰ
680 5587 794 5650 τοῖς
818 5586 888 5640 τὰ
926 5586 1191 5659 Ἑλλήνων
1213 5588 1589 5660 “acumen.
1636 5590 1791 5662 Ἡμι-

290 5765 331 5797 ¹³
361 5764 497 5821 Luc.
528 5782 682 5834 χχιιι,
714 5768 801 5823 45.
904 5771 948 5802 ⁸³
980 5771 1137 5835 Rom.
1173 5789 1276 5838 χιι,
1314 5774 1364 5830 9.

1895 4620 2015 4668 suo,
2033 4611 2089 4659 et
2113 4617 2304 4658 rursus
2316 4602 2572 4657 restituta
2593 4609 2678 4657 est
2699 4601 2756 4656 in
2775 4602 3015 4659 colorem
3030 4605 3212 4660 carnis
3224 4621 3335 4660 sua:
3353 4607 3397 4638 “
3420 4627 3464 4661 ,ι

1893 4695 2031 4750 Vide
2072 4694 2240 4766 igitur
2265 4709 2428 4763 quam
2455 4692 2510 4747 id
2558 4691 2759 4749 factum
2785 4693 2897 4749 Deo
2922 4695 3243 4759 conveniat,
3281 4710 3472 4766 quam-

1894 4803 2000 4857 que
2025 4786 2096 4841 sit
2121 4785 2485 4840 admiratione
2512 4784 2762 4856 diguum,
2793 4794 2956 4855 atque
2995 4802 3104 4840 una
3126 4801 3250 4841 cum
3271 4802 3338 4841 eo
3365 4790 3468 4843 mi-

1892 4879 2078 4934 raculo
2114 4878 2261 4948 quod
2305 4877 2555 4948 proxime
2588 4877 2949 4942 narravimus,
2980 4877 3185 4933 Christi
3224 4881 3469 4951 mysterii

1893 4963 2346 5036 signiﬁcationem
2371 4964 2776 5034 quodammodo
2798 4965 3096 5020 contineat;
3191 4975 3205 4987 '

1961 5048 2158 5105 PALL.
2180 5051 2323 5123 Ergo
2340 5051 2474 5108 illud
2493 5054 2738 5124 explica;
2782 5053 2943 5109 nihil-
2961 5053 3111 5109 enim
3138 5054 3271 5112 dum
3309 5057 3471 5115 intel-

1888 5138 2021 5212 ligo.

1962 5228 2119 5286 CYR.
2136 5229 2331 5287 Carnis
2348 5241 2433 5287 est
2452 5234 2677 5291 morbus
2695 5236 2868 5306 lepra,
2892 5236 3048 5308 isque
3067 5227 3285 5310 gravior
3300 5255 3465 5309 quam

1894 5321 2253 5378 utamedicis
2287 5324 2340 5377 ei
2377 5325 2624 5378 succurri
2663 5326 2856 5395 possit,
2897 5336 2993 5383 aut
3011 5328 3232 5385 illorum
3254 5344 3357 5384 usu
3377 5336 3463 5383 ιιι-ο

1892 5426 2000 5481 que
2036 5410 2232 5481 peritia
2251 5412 2553 5483 expugnari
2586 5430 2686 5469 :ac
2702 5415 2955 5486 leprosos
2991 5418 3109 5489 ipse
3128 5417 3390 5490 profanus
3408 5427 3467 5473 et

1892 5502 2140 5572 impurus
2175 5509 2278 5567 est,
2317 5518 2385 5557 ex
2412 5504 2634 5574 antiqua
2668 5507 2768 5563 illa
2785 5508 2952 5582 Moysi
2972 5512 3109 5583 lege,
3132 5524 3351 5566 necnon
3395 5510 3463 5565 iis

1893 5610 2112 5666 quoque
2145 5595 2545 5665 odiosissimus,
2583 5601 2676 5672 qui
2715 5604 2999 5674 gentilium
3036 5616 3219 5661 mores
3252 5603 3450 5674 magni-

1463 5777 1502 5806 “
1534 5775 1703 5830 Exod.
1749 5793 1822 5842 ιν,
1856 5777 1887 5832 6
1920 5773 2073 5846 seqq.
