3968 6300
248 323 353 378 249

993 318 1082 374 DE
1114 313 1556 372 ADORA'I‘IONE
1596 311 1664 368 IN
1711 309 1980 368 SPIRITU
2009 310 2098 366 ET
2138 307 2506 365 VERITATE.
2550 309 2677 363 LIB.
2709 307 2772 362 II.

3391 298 3496 355 350

250 442 395 514 λήψῃ
428 441 539 495 ἀπὸ
559 441 654 496 τοῦ
669 439 863 503 ὕδατος
886 438 980 493 τοῦ
1007 435 1274 507 ποταμοῦ,
1303 435 1398 487 καὶ
1413 434 1628 504 ὲκχεεΐς
1656 434 1749 487 ἐπὶ
1768 433 1828 486 τὸ

1938 430 2122 501 capies
2137 445 2334 500 aquam
2367 427 2628 493 ﬁuminis,
2656 428 2762 498 72
2789 441 3018 497 eamque
3051 424 3250 481 lundes
3283 421 3340 477 in
3384 421 3496 476 ari-

256 526 440 600 ξηρὸν,
473 528 568 580 καὶ
604 526 757 580 ἔσται
783 527 845 581 τὸ
878 524 1044 596 ὕδωρ,
1076 525 1104 578 0
1129 525 1221 580 ἐὰν
1259 524 1429 593 λάϐῃς
1471 525 1577 577 ἀπὸ
1607 522 1699 576 τοῦ
1729 539 1824 577 πο-

253 616 453 690 ταμοῦ,
503 613 642 689 αἷμα
693 618 784 672 ἐπὶ
827 618 920 672 τοῦ
965 616 1150 688 ξηροῦ.
1187 636 1206 667 ι
1243 617 1560 669 Τελευταῐον
1589 615 1698 684 γὰρ
1747 614 1824 683 τῷ

254 710 445 779 κόσμῳ
480 710 706 779 σημεῖον
735 711 764 762 0
789 707 1027 779 Χριστοῦ
1063 709 1252 776 γέγονε
1281 707 1528 769 θάνατος,
1557 706 1650 758 καὶ
1671 706 1704 774 ή
1737 705 1825 758 διὰ

255 797 348 852 τοῦ
383 798 576 874 ῦδατός
605 813 664 849 τε
707 797 800 851 καὶ
834 797 1063 866 αἵματος
1094 795 1380 864 κάθαρσις,
1427 794 1844 865 προσκειμένου,

257 891 502 961 δηλονότι
549 890 643 942 καὶ
666 889 760 942 τοῦ
814 889 968 957 ἁγίου
1007 886 1278 957 σώματος,
1315 885 1342 939 0
1383 885 1469 938 διὰ
1512 885 1612 954 τῆς
1654 884 1825 955 ξηρᾶς

257 981 616 1051 σημαίνεται·
653 981 733 1033 ὅτι
778 980 834 1033 δὲ
865 978 1008 1048 ὕδωρ
1054 979 1147 1030 καὶ
1177 973 1314 1046 αἷμα
1345 977 1440 1046 τῆς
1486 975 1646 1043 ἁγίας
1695 976 1826 1046 ήμῖν

256 1071 474 1142 ἐξεδόθη
528 1071 788 1142 πλευρᾶς,
830 1069 1171 1140 διανυγείσης
1232 1071 1298 1139 τῇ
1351 1067 1541 1138 λόγχῃ,
1596 1068 1827 1137 παρήσω

256 1165 460 1233 λέγειν,
503 1164 595 1216 διὰ
625 1165 687 1217 τὸ
725 1166 892 1217 πᾶσιν
919 1157 1059 1215 εἶναι
1091 1162 1538 1232 γνωριμώτατον.
1573 1160 1719 1229 Πλὴν
1747 1160 1828 1212 ὄτι

261 1259 489 1326 σημεῖον
525 1258 554 1310 0
579 1253 671 1308 τοῦ
705 1255 954 1325 Σωτῆρος
983 1253 1297 1325 ὠνόμασται
1333 1251 1579 1316 θάνατος,
1612 1250 1826 1320 ἀναμά-

261 1333 340 1398 θοι
361 1363 448 1408 τις
480 1345 546 1399 ἂν
574 1345 670 1398 καί⁸
711 1343 870 1398 τοῦτο
904 1343 1090 1413 σαφῶς
1143 1342 1202 1409 ὲξ
1247 1342 1404 1414 ἱερῶν
1437 1341 1784 1413 Γραμμάτων
1808 1356 1821 1370 ·

260 1438 540 1506 Φαρισαῖοι
574 1437 672 1506 μὲν
719 1434 828 1506 γὰρ
855 1435 907 1488 οἱ
934 1433 1250 1504 πάντολμοι,
1283 1432 1460 1486 καίτοι
1500 1430 1708 1484 πολλῶν
1729 1429 1828 1502 ήδη

261 1527 816 1604 προκατωρθωμένων
844 1527 1157 1596 θαυμάτων,
1176 1525 1251 1588 ὡς
1275 1523 1488 1587 οὐδενὸς
1519 1521 1827 1592 γεγονότος,

261 1617 559 1688 προσίεσαν
605 1617 855 1684 λέγοντες
883 1616 960 1686 τῷ
987 1616 1210 1687 Χριστῷ
1229 1629 1244 1643 °
1287 1631 1306 1666 ι
1331 1612 1648 1676 Διδάσκαλε,
1673 1630 1693 1664 ι
1729 1627 1832 1681 φα-

263 1711 367 1772 σὶν,
406 1731 425 1763 ι
452 1710 674 1780 θέλομεν
718 1709 826 1762 ἀπὸ
871 1707 964 1762 σοῦ
1010 1709 1236 1778 σημεῖον
1278 1705 1426 1760 ἰδεῖν.
1456 1725 1474 1759 ι
1527 1705 1583 1759 Ὁ
1610 1705 1668 1758 δὲ
1695 1703 1832 1774 πρὸς

260 1802 492 1865 αὐτούς’
551 1822 569 1854 ι
625 1802 792 1854 Γενεὰ
860 1799 1072 1871 πονηρὰ
1131 1799 1227 1852 καὶ
1292 1798 1540 1869 μοιχαλὶς
1607 1797 1832 1867 σημεῖον
1864 1781 1906 1836 Β

260 1893 528 1962 ἐπιζητεῖ,
573 1895 668 1947 καὶ
702 1895 927 1963 σημεῖον
965 1893 1024 1944 οὐ
1051 1891 1338 1960 δοθήσεται
1367 1891 1525 1961 αὐτῇ,
1586 1891 1634 1943 εί
1671 1887 1834 1960 μὴτὸ

260 1988 488 2057 σημεῖον
532 1984 686 2038 Ἰωνᾶ
710 1983 806 2036 τοῦ
836 1983 1136 2054 προφήτου.
1168 1982 1377 2051 Ὠσπερ
1403 1981 1509 2051 γὰρ
1542 1975 1613 2050 ἦν
1650 1980 1833 2043 Ἰωνᾶς

259 2081 314 2131 ἑν
344 2081 414 2149 τῇ
453 2075 632 2147 κοιλίᾳ
679 2075 772 2128 τοῦ
837 2076 1032 2146 κήτους
1082 2075 1228 2144 τρεῖς
1280 2071 1492 2143 ἡμέρας
1545 2071 1640 2126 καὶ
1685 2071 1833 2141 τρεῖς

258 2168 484 2231 νύκτας,
511 2165 681 2230 οὕτως
717 2165 871 2220 ἔσται
917 2164 1011 2218 καὶ
1037 2164 1066 2216 0
1099 2163 1225 2225 Υἱὸς
1251 2162 1342 2215 τοῦ
1371 2160 1658 2232 ἀνθρώπου
1683 2164 1740 2216 ὲν
1766 2162 1833 2232 τῇ

262 2259 460 2331 καρδίᾳ
498 2259 600 2328 τῆς
629 2258 735 2327 γῆς
767 2260 916 2328 τρεῖς
957 2255 1172 2327 ἡμέρας
1224 2254 1318 2308 καὶ
1363 2256 1510 2325 τρεῖς
1552 2253 1772 2316 νύκτας.
1809 2272 1829 2305 ι

264 2348 477 2405 Οὐκοῦν
515 2349 706 2420 πρώτη
743 2347 844 2417 μὲν
891 2345 1174 2416 ἀντίληψις
1213 2347 1347 2414 ἡμῖν
1378 2345 1438 2400 ὲν
1478 2343 1720 2414 Χριστῷ,
1749 2342 1838 2398 διὰ

263 2444 429 2514 νόμου
464 2441 558 2494 τοῦ
610 2440 750 2494 κατὰ
791 2437 1022 2492 Μωσέα·
1058 2455 1076 2488 ι
1110 2434 1294 2504 Νόμον
1336 2434 1446 2505 γὰρ
1475 2436 1555 2496 εἰς
1585 2432 1836 2503 βοήθειαν

263 2537 483 2595 δέδωκε,
547 2552 564 2585 ι
605 2532 742 2586 κατὰ
796 2529 893 2600 τήν
922 2527 1015 2582 τοῦ
1046 2527 1327 2598 προφήτου
1362 2525 1566 2594 φωνήν.
1611 2523 1838 2578 Ἐπελά-

265 2625 390 2680 6ετο
417 2625 474 2678 δὲ
511 2623 606 2694 τῆς
635 2621 834 2692 κέρκου
865 2618 1097 2688 Μωσῆς.
1129 2616 1370 2687 Δευτέρσ.
1399 2615 1454 2673 δὲ
1490 2613 1754 2684 κάθαρσις
1777 2615 1836 2666 ὲν

264 2715 484 2788 Χριστῷ
524 2715 589 2786 δὴ
621 2713 779 2767 πάλιν
808 2711 895 2765 διὰ
937 2708 1232 2781 προφητῶν
1263 2706 1455 2776 ἁγίων,
1488 2704 1582 2758 καὶ
1619 2703 1707 2766 διὰ
1738 2703 1836 2773 τῆς

277 2805 526 2860 Ἰωάννου
554 2802 737 2872 φωνῆς
763 2802 858 2856 καὶ
884 2799 1210 2870 ἀποστολῆς.
1238 2799 1302 2852 Ol.
1326 2797 1422 2868 μὲν
1442 2795 1552 2866 γὰρ
1575 2794 1832 2864 ἔφασκονο

271 2917 289 2950 ι
333 2896 636 2959 Λούσασθε,
675 2893 908 2964 καθαροὶ
935 2891 1160 2961 γένεσθε
1182 2907 1196 2920 ·
1237 2909 1256 2943 ι
1297 2893 1326 2944 0
1352 2890 1408 2944 δὲ
1441 2891 1519 2951 είς
1552 2888 1838 2959 βάπτισμα

271 2989 563 3061 μετανοίας
599 2987 804 3042 ἐκάλει.
841 2985 1033 3057 Τρίτον
1063 2985 1119 3038 δὲ
1153 2985 1400 3054 σημεῖον,
1430 2981 1459 3038 0
1485 2982 1578 3036 καὶ⁹
1608 2973 1836 3050 ἔσχατον

1929 523 2076 588 dam,
2108 531 2164 577 ct
2187 522 2295 576 erit
2332 537 2495 591 aqua,
2534 535 2699 590 quam
2725 518 3006 587 acceperis
3031 534 3060 572 a
3085 515 3330 581 ﬂumine,
3369 527 3498 569 san-

1925 617 2046 685 guis
2072 629 2241 684 super
2270 614 2480 668 aridam
2506 614 2578 665 ".
2612 611 2878 668 Ultimum
2908 625 3143 678 namque
3190 607 3397 662 mundo
3419 605 3497 660 si-

1927 723 2094 778 gnum
2117 706 2319 761 Christi
2351 721 2501 760 mors
2544 705 2673 768 fuit,
2704 712 2762 758 et
2791 703 2882 756 illa
2913 716 3010 770 per
3053 715 3251 768 aquam
3288 709 3344 754 et
3370 713 3497 752 san»

1929 800 2150 871 guinem
2174 798 2406 864 ablutio,
2449 798 2709 868 adjuncto
2765 794 3028 849 nimirum
3084 791 3254 844 etiam
3312 795 3501 844 sancto

1930 905 2179 959 corpore,
2204 889 2352 959 quod
2395 905 2494 959 per
2539 888 2746 944 aridam
2800 883 3179 955 signiﬁcatur:
3228 879 3502 936 eﬁluxisse

1931 989 2113 1036 autem
2137 982 2296 1036 nobis
2326 997 2522 1051 aquam
2546 987 2604 1035 et
2669 977 2988 1049 sanguinem
3014 991 3081 1030 ex
3130 974 3224 1029 illo
3267 969 3501 1026 sanctis-

1930 1073 2071 1129 simo
2100 1074 2267 1128 latere
2292 1073 2482 1128 lancea
2518 1071 2785 1142 perfosso,
2813 1070 2891 1124 nil
2915 1068 3113 1123 attinet
3139 1066 3348 1128 dicere,
3377 1076 3503 1116 cum

1929 1164 2188 1220 omnibus
2229 1164 2302 1218 sit
2353 1163 2722 1218 notissimum.
2774 1162 2926 1216 Illam
2985 1173 3148 1230 porro
3206 1151 3505 1211 Salvatoris

1929 1257 2104 1314 nostri
2134 1265 2366 1312 mortem
2403 1256 2620 1326 signum
2656 1254 2981 1324 appellatam
3031 1249 3220 1313 fuisse,
3265 1247 3320 1301 id
3363 1260 3505 1316 quo-

1930 1362 2037 1417 que
2063 1361 2131 1401 ex
2151 1347 2321 1402 sacris
2348 1345 2572 1400 Litteris
2608 1343 2789 1415 quivis
2826 1351 3014 1412 aperte
3063 1339 3366 1409 intelligere
3402 1351 3505 1406 po-

1932 1444 2076 1503 test;
2113 1436 2465 1492 audacissimi
2491 1435 2640 1490 enim
2663 1435 2744 1488 illi
2776 1431 3060 1495 Pharisaei,
3083 1429 3336 1500 quamvis
3365 1428 3506 1482 mul—

1932 1535 1986 1582 ta
2007 1526 2163 1598 prius
2187 1526 2335 1581 edita
2357 1535 2544 1582 essent
2573 1526 2860 1590 miracula,
2901 1533 3084 1578 tamen
3109 1521 3264 1591 quasi
3293 1520 3505 1575 nullum

1932 1618 2113 1673 adhuc
2161 1617 2415 1673 effectum
2466 1616 2680 1680 fuisset,
2716 1615 2804 1670 his
2851 1613 3038 1669 verbis
3079 1611 3362 1668 Christum
3408 1625 3504 1680 ag-

1933 1708 2106 1778 gressi
2134 1715 2300 1762 sunt:
2339 1707 2642 1777 «Magister,
2675 1705 2953 1775 inquiunt,
2991 1703 3246 1758 volumus
3273 1715 3304 1755 a
3335 1709 3388 1755 te
3427 1700 3504 1754 si-

1934 1812 2102 1867 gnum
2152 1797 2339 1852 videre
2373 1798 2438 1850 η.
2465 1815 2482 1848 ι
2533 1797 2629 1851 Ille
2691 1812 2822 1851 vero
2857 1803 3054 1851 contra
3093 1811 3105 1847 :
3158 1812 3175 1844 ι
3210 1791 3506 1848 Generatio

1934 1903 2102 1960 prava
2117 1896 2278 1957 atque
2307 1887 2555 1942 adultera
2584 1887 2800 1956 signum
2828 1887 3048 1956 quaerit,
3077 1895 3135 1940 ct
3163 1886 3380 1956 signum
3396 1897 3506 1936 non

1935 1979 2244 2045 dabiturei,
2274 1979 2382 2033 nisi
2404 1979 2618 2049 signum
2644 1978 2795 2033 Iona:
2827 1979 3127 2048 prephetzc.
3156 1977 3312 2032 Sicut
3359 1973 3506 2028 enim

1937 2071 2043 2128 fuit
2079 2071 2243 2129 Jonas
2274 2070 2331 2124 in
2366 2078 2558 2125 ventre
2605 2069 2709 2123 ceti
2770 2068 2950 2123 tribus
2986 2068 3182 2122 diebus
3227 2083 3291 2122 ac
3332 2066 3509 2120 tribus
3545 2073 3552 2080 ‘

1936 2161 2214 2226 noctibus,
2260 2160 2340 2215 sic
2395 2161 2504 2215 erit
2533 2159 2707 2214 Filius
2745 2159 2984 2214 hominis
3033 2159 3091 2212 in
3145 2157 3309 2212 corde
3353 2163 3512 2210 terra:

1936 2253 2116 2309 tribus
2163 2251 2361 2306 diebus
2415 2258 2473 2306 et
2505 2251 2682 2305 tribus
2730 2249 2988 2305 noctibus
3031 2250 3098 2302 ”.
3128 2248 3341 2319 :Igitur
3396 2246 3511 2316 pri-

1937 2361 2089 2405 mum
2118 2344 2387 2400 auxilium
2427 2343 2486 2396 in
2513 2341 2737 2397 Christo
2758 2340 2920 2396 nobis
2964 2339 3256 2411 praebitum
3303 2349 3390 2394 est
3416 2352 3513 2407 per

1937 2436 2115 2507 legem
2146 2433 2350 2504 Moysi:
2385 2431 2622 2501 «Legem
2669 2445 2906 2500 namque
2939 2430 2997 2484 in
3044 2429 3378 2500 adiutorium
3412 2427 3510 2481 de-

1935 2527 2019 2586 dit
2044 2527 2112 2592 ”,
2143 2545 2160 2580 ι
2187 2527 2342 2596 juxta
2394 2523 2678 2594 prophetae
2713 2537 2926 2577 vocem.
2979 2520 3086 2575 Sed
3123 2519 3354 2574 caudam
3412 2533 3511 2586 ap-

1934 2617 2233 2690 prehendit
2270 2617 2500 2687 Moyses.
2544 2612 2801 2669 Sccunda
2850 2626 3017 2682 porro
3070 2608 3284 2665 ablutio
3319 2622 3514 2661 rursus

1937 2710 1994 2766 in
2020 2709 2240 2768 Christo
2262 2724 2361 2779 per
2399 2707 2700 2778 prophetas
2745 2712 2985 2768 sanctos,
3034 2716 3098 2757 ac
3133 2716 3234 2771 per
3287 2699 3515 2756 Joannis

1935 2816 2126 2857 vocem
2156 2810 2322 2871 atque
2375 2791 2694 2853 missionem
2729 2795 2933 2851 tributa
2972 2801 3074 2848 est.
3115 2792 3201 2848 Illi
3248 2791 3397 2846 enim
3432 2789 3518 2844 di-

1936 2894 2172 2950 cebant:
2209 2911 2227 2945 ι
2266 2889 2572 2955 Lavamini,
2608 2886 2800 2954 mundi
2834 2892 3011 2942 estote
3038 2883 3122 2950 ";
3154 2903 3171 2935 ι
3211 2882 3302 2937 hic
3330 2890 3515 2936 autem

1939 2985 2366 3056 ad'baptismum
2403 2981 2749 3054 paenitentiae
2775 2979 3031 3045 vocabat.
3061 2975 3313 3031 Tertium
3353 2971 3514 3028 deni-

265 3079 402 3136 εἷναί
425 3098 607 3148 φασιν,
624 3082 652 3134 0
667 3077 903 3151 Χριστοῦ
923 3078 1172 3140 θάνατος,
1187 3077 1270 3144 ἐφ’
1345 3075 1438 3128 καὶ
1455 3073 1635 3136 πίστις
1655 3091 1667 3101 ·
1679 3071 1836 3125 «Ἐάν

1939 3095 2045 3150 que
2061 3079 2297 3150 signum,
2338 3076 2485 3147 quod
2512 3075 2658 3130 idem
2692 3072 3054 3128 novissimum
3083 3083 3204 3123 esse
3233 3067 3328 3130 ait,
3353 3063 3518 3120 Chri-

265 3175 374 3246 γὰρ
408 3173 485 3244 μὴ
523 3169 850 3226 πιστεύσωσί
887 3185 990 3236 σοι,
1017 3187 1035 3220 ι
1060 3167 1214 3238 φησι,
1253 3186 1272 3222 ι
1299 3164 1430 3236 μηδὲ
1475 3162 1834 3220 είσακούσωσι

266 3267 364 3336 τῆς
403 3264 586 3334 φωνῆς
607 3261 700 3315 τοῦ
727 3260 952 3331 σημείου
984 3258 1079 3312 τοῦ
1122 3255 1363 3328 πρώτου,
1393 3254 1743 3309 πιστεύσουσι
1769 3255 1836 3324 τῇ

269 3335 419 3429 φωνῇ
438 3356 532 3410 τοῦ
560 3354 783 3425 σημείου
799 3351 894 3406 τοῦ
914 3349 1220 3420 δευτέρου.»
1256 3348 1418 3419 Ὁρᾷς
1440 3335 1522 3400 ὅτι
1537 3344 1635 3416 τὴν
1658 3343 1838 3398 πίστιν

269 3449 652 3519 ἀκολουθήσειν
681 3440 739 3501 εὖ
761 3443 903 3514 μάλα
928 3443 1114 3513 φησὶν,
1138 3440 1258 3512 οὐχὶ
1283 3438 1360 3509 τῷ
1382 3439 1582 3510 πρώτῳ
1605 3435 1836 3506 σημείῳ,

268 3542 412 3596 τοῦτ’
444 3539 615 3604 ἐστιν,
641 3538 700 3592 οὑ
722 3539 788 3608 τῇ
807 3534 1090 3605 ἀντιλήψει
1116 3535 1180 3604 τῇ
1213 3531 1354 3586 κατὰ
1375 3530 1558 3597 νόμον,
1584 3526 1707 3581 οὗτε
1733 3525 1839 3596 μὴν

270 3638 336 3706 τῇ
366 3633 456 3687 διὰ
488 3636 655 3702 μέσου
691 3627 981 3700 καθάρσει,
1011 3623 1158 3679 τοῦτ’
1177 3623 1315 3690 ἐστι,
1347 3624 1411 3693 τῇ
1431 3620 1516 3678 διά
1547 3616 1839 3691 προφητῶν

268 3725 462 3794 ἁγίων,
491 3724 584 3777 καὶ
618 3722 864 3777 Ἰωάννου
890 3717 1074 3789 τυχὸν,
1106 3716 1242 3788 μόνῃ
1263 3715 1319 3771 δὲ
1348 3717 1412 3786 τῇ
1445 3715 1593 3783 φωνῇ
1623 3710 1714 3770 τοῦ
1741 3727 1838 3781 ση-

274 3818 426 3887 μείου
475 3815 568 3869 τοῦ
627 3814 876 3884 ἐσχάτου.
947 3809 1022 3864 Ού
1071 3808 1180 3880 γὰρ
1230 3807 1443 3876 ἄφωνον
1488 3804 1550 3861 τὸ
1603 3801 1839 3875 Χριστοῦ

275 3909 600 3980 μυστήριον,
629 3907 786 3961 καλεί
802 3905 858 3959 δὲ
890 3904 1216 3975 σύμπαντας
1245 3899 1370 3964 τοὺς
1399 3897 1502 3954 ἀνὰ
1534 3897 1716 3952 πᾶσαν
1745 3894 1842 3963 τὴν

270 4001 371 4070 γῆν
409 3996 601 4070 ὑψηλῷ
641 3999 737 4052 καὶ
763 3995 1070 4068 διαπρυσίῳ
1135 3992 1453 4065 κηρύγματι
1485 3989 1621 4060 πρὸς
1648 3988 1748 4059 τὴν
1775 3987 1840 4041 δι’

273 4090 465 4154 ὕδατός
509 4075 568 4142 τε
609 4089 704 4142 καὶ
746 4087 979 4157 αἵματος
1029 4084 1314 4152 κάθαρσιν,
1349 4082 1440 4136 καὶ
1489 4079 1594 4151 μὴν
1632 4079 1726 4136 καὶ
1763 4078 1843 4140 είς

273 4181 600 4251 ζωοποίησιν
625 4178 722 4249 τὴν
755 4177 897 4232 κατὰ
931 4174 1230 4246 μετάληψιν
1267 4173 1366 4242 τῆς
1407 4172 1568 4240 ἁγίας
1617 4169 1837 4242 σαρκός.

285 4269 576 4342 ’Υπηρέτει
631 4265 920 4339 τοιγαροῦν
967 4267 996 4320 0
1045 4265 1205 4334 νόμος
1266 4263 1377 4324 τοῖς
1427 4260 1556 4330 περὶ
1603 4257 1840 4330 Χριστοῦ
1881 4324 1884 4328 η

275 4359 750 4434 προαγγέλμασιν,
785 4353 947 4418 αὐτὸς
969 4354 1026 4408 δέ
1058 4355 1206 4406 ἐστιν
1231 4351 1290 4406 οὐ
1317 4349 1435 4406 λίαν
1465 4347 1644 4411 ίκανὸς
1673 4349 1752 4410 εἰς
1785 4345 1846 4399 τὸ

1937 3172 2006 3226 sti
2039 3186 2188 3226 mors
2208 3169 2350 3235 fuit;
2391 3183 2502 3237 quo
2529 3166 2678 3230 dato,
2728 3164 2866 3220 ﬁdes
2909 3171 2996 3218 est
3041 3161 3371 3216 subsecuta:
3415 3175 3434 3206 ι
3459 3154 3514 3210 Si

1936 3259 2084 3314 enim
2111 3273 2223 3314 non
2257 3254 2599 3312 crediderint
2640 3253 2765 3316 tibi,
2794 3251 2997 3322 inquit,
3035 3261 3213 3315 neque
3233 3243 3515 3300 audierint

1937 3363 2127 3404 vocem
2168 3346 2308 3415 signi
2369 3343 2594 3415 prioris,
2630 3342 2858 3398 credent
2908 3337 3032 3394 voci
3091 3335 3232 3406 signi
3279 3348 3516 3402 sequen-

1940 3437 2010 3492 tis
2037 3437 2103 3488 ⁸ο.
2129 3453 2146 3487 ι
2174 3434 2341 3490 Vides
2365 3441 2426 3486 ut
2449 3431 2613 3486 ﬁdem
2641 3436 2831 3500 aperte
2868 3428 2944 3482 ait
2961 3432 3386 3481 consecuturam‘
3407 3436 3517 3476 non

1938 3529 2123 3599 primo
2152 3525 2307 3596 signo
2344 3523 2514 3588 edito,
2543 3521 2601 3578 id
2633 3530 2737 3585 est,
2771 3537 2881 3576 non
2920 3516 3187 3574 continuo
3231 3524 3356 3585 post
3383 3513 3519 3584 legis

1941 3616 2432 3686 auxilium,.neque
2478 3620 2603 3683 post
2654 3611 2892 3666 mediam
2922 3607 3286 3671 ablutionem,
3325 3604 3380 3659 id
3435 3612 3520 3659 est

1940 3726 2061 3768 eam
2106 3725 2215 3779 qua
2264 3708 2546 3780 propheta:
2590 3702 2787 3768 sancti,
2817 3711 2873 3758 et
2897 3702 3140 3757 Joannes
3187 3698 3518 3760 ablucrunt;

1940 3802 2038 3860 sed
2069 3805 2247 3858 solum
2279 3809 2622 3871 postvocem
2652 3797 2790 3868 signi
2811 3793 3116 3870 postremi:
3149 3805 3330 3864 neque
3373 3788 3519 3843 enim

1940 3908 2074 3948 voce
2117 3900 2270 3950 caret
2305 3892 2488 3962 ipsum
2536 3888 2746 3944 Christi
2808 3879 3220 3944 sacramentum
3261 3885 3336 3948 “;
3411 3879 3522 3934 imo

1942 4001 2072 4042 vero
2120 3985 2413 4040 universos
2451 3989 2612 4036 vocat
2657 3996 2758 4051 per
2815 3986 2992 4034 totum
3038 3975 3252 4037 orbem,
3309 3971 3522 4028 excelsa

1941 4077 2179 4148 quadam
2200 4075 2626 4144 vehementique
2659 4070 3073 4142 praedicatione,
3109 4066 3177 4121 ad
3199 4080 3356 4134 aqua:
3390 4078 3519 4117 san-

1943 4170 2232 4241 guinisque
2258 4170 2642 4231 lavacrum,et
2672 4163 2899 4236 quidem
2941 4167 3111 4216 etiam
3154 4157 3225 4212 ad
3275 4153 3520 4210 viviﬁca-

1946 4260 2186 4322 tionem,
2260 4271 2424 4325 quam
2469 4262 2674 4310 sanctae
2726 4251 2912 4306 carnis
2956 4248 3107 4302 illius
3174 4241 3524 4314 participatio

1945 4355 2186 4421 prteStat.
2221 4346 2334 4402 Lex
2363 4359 2496 4416 ergo
2549 4341 2834 4397 Christum
2876 4333 3316 4409 praenuntiando,
3354 4331 3522 4385 mini-

275 4420 576 4515 άνασώέειν
608 4420 867 4506 δύνασθαί
899 4461 1065 4508 τινας.
1086 4441 1436 4516 Παραδείξειε
1466 4441 1523 4494 δ’
1552 4438 1641 4503 ἂν,
1665 4434 1839 4508 οἶμαι,

1947 4420 2178 4494 Sterium
2208 4435 2497 4491 exhibuit:
2525 4432 2582 4487 in
2618 4447 2685 4485 ea
2718 4439 2903 4484 tamen
2940 4441 3054 4483 non
3100 4422 3232 4479 satis
3268 4420 3523 4492 {praesidii

274 4547 354 4609 τὶς
384 4544 480 4597 καὶ
528 4540 691 4596 τοῦτο,
742 4538 927 4607 σαφῶς
972 4534 1335 4607 ὁμολογοῦντα
1385 4530 1586 4584 Μωσέα
1639 4531 1733 4590 καὶ
1759 4528 1846 4582 διὰ

275 4639 372 4708 τῆς
420 4633 793 4706 προκειμένης
829 4628 1170 4700 συγγραφῆς.
1209 4625 1404 4682 Καίτοι
1441 4623 1548 4692 γὰρ
1600 4621 1846 4690 λέγοντος

275 4739 368 4792 τοῦ
392 4736 548 4800 Θεοῦ,
578 4737 659 4789 ὅτι
688 4734 922 4802 Ἔσομαι
966 4729 1104 4801 μετὰ
1137 4727 1254 4791 σοῦ,
1275 4721 1766 4796 προαναπείθοντος
1790 4722 1844 4774 δὲ

277 4836 740 4910 θαυματουργίαις
766 4832 942 4891 αὐτὸν,
969 4829 1217 4898 ἐλιπάρει
1246 4827 1437 4895 λέγων·
1467 4844 1487 4877 ι
1521 4825 1714 4895 Κύριε,
1737 4824 1834 4893 οὐχ

279 4942 462 5004 ἱκανός
490 4942 606 5009 εἰμι
645 4936 751 5008 πρὸ
777 4938 876 5005 τῆς
901 4933 1046 5004 χθὲς.
1075 4930 1196 4983 οὐδὲ
1232 4931 1335 5001 προ
1363 4931 1462 4999 τῆς
1498 4927 1691 5000 τρίτης
1713 4927 1848 4997 ἡμέ-

278 5059 400 5114 ρας,
444 5037 566 5092 οὐδὲ
605 5037 696 5105 ἀφ’
730 5027 791 5087 06
848 5032 998 5104 ἤρξω
1045 5029 1225 5082 λαλεῖν
1268 5028 1344 5097 τῷ
1391 5025 1681 5101 θεράποντε
1731 5043 1848 5080 σου.

287 5118 654 5213 Ἰσχνόφωνοςί
682 5137 777 5192 καὶ
818 5132 1231 5206 βραδύγλωσσος
1281 5129 1392 5198 ἐγώ
1429 5130 1566 5198 εἰμι.
1619 5123 1753 5180 Εἴπε
1791 5126 1848 5178 δὲ

279 5242 484 5314 Κύριος
504 5240 640 5312 πρὸς
661 5235 866 5307 Μωσῆν
889 5251 902 5266 ⁸
924 5234 1020 5298 Τίς
1045 5233 1212 5286 ἔδωκε
1240 5230 1413 5302 στόμα
1443 5227 1734 5300 ἀνθρώπῳ,
1754 5227 1849 5282 καὶ
1881 5234 1887 5242 “

286 5341 360 5407 τίς
400 5340 626 5412 ἐποίησε
653 5338 936 5405 δύσκωφον
967 5334 1061 5388 καὶ
1086 5331 1299 5400 κωφὸν,
1334 5329 1598 5402 βλέποντα
1632 5330 1726 5383 καὶ
1758 5319 1886 5382 τυ-ἰ

283 5442 447 5513 φλόν;
473 5441 574 5495 οὐκ
597 5437 708 5509 ἐγὼ
737 5436 941 5509 Κύριος
960 5437 988 5489 0
1016 5433 1177 5498 620;;
1210 5431 1322 5486 Καὶ
1349 5429 1445 5484 νῦν
1472 5429 1730 5500 πορεύου,
1759 5430 1854 5485 καὶ

280 5541 393 5612 ἰτὼ
411 5540 610 5608 ἀνοίξω
643 5538 704 5594 τὸ
737 5537 911 5608 στόμα
947 5551 1062 5597 σου,
1095 5531 1189 5584 καὶ
1217 5528 1537 5601 συμϐιϐάσω
1571 5545 1632 5592 σε,
1652 5528 1688 5582 0.
1721 5528 1852 5599 μέλ-

281 5643 393 5707 λεις
427 5613 701 5710 λαλῆσαι.
763 5635 872 5690 Καὶ
938 5629 1060 5686 εἷπε
1105 5629 1336 5699 Μωσῆς·
1379 5628 1599 5697 Δέομαι,
1654 5626 1848 5697 Κύριε,

355 5740 399 5772 ’⁸
432 5736 599 5793 Exod.
622 5733 764 5800 tv,9.
833 5733 877 5764 ²⁶
912 5727 1076 5786 Matth
1133 5742 1224 5791 xu,
1262 5723 1348 5778 58.
1420 5725 1463 5760 ’⁷
1497 5723 1658 5790 Ibid.,
1681 5723 1768 5789 39,
1803 5723 1886 5778 40.

1945 4531 2050 4603 ’13
2075 4536 2160 4585 est
2203 4528 2270 4584 ad
2315 4527 2550 4581 salutem
2594 4522 2873 4592 aliquibus
2923 4517 3311 4584 tribuendam;
3353 4514 3527 4584 idque

1945 4629 2133 4693 aperte
2189 4619 2410 4690 Moysen
2469 4614 2741 4679 conﬁteri,
2807 4613 2969 4669 facile
3028 4609 3212 4683 quivis
3272 4605 3527 4664 ostendat

1946 4715 2113 4771 etiam
2148 4729 2217 4768 ex
2260 4709 2560 4782 propositae
2599 4707 2900 4778 Scriptura:
2919 4706 3073 4760 loco:
3103 4699 3356 4772 quamvis
3375 4697 3528 4753 enim

1948 4805 2181 4862 dixisset
2243 4805 2410 4866 Deus,
2477 4815 2536 4856 se
2594 4815 2722 4856 cum
2780 4813 2846 4853 eo
2875 4796 3144 4857 futurum,
3169 4791 3334 4860 idque
3371 4787 3532 4860 prius

1949 4893 2113 4950 editis
2160 4891 2441 4947 miraculis
2491 4891 2543 4945 ei
2596 4887 2874 4951 suaderet,
2932 4884 3030 4938 ille
3066 4889 3250 4936 tamen
3299 4876 3526 4950 rogabat

1947 5003 2078 5042 eum
2105 4985 2328 5040 dicens:
2372 5003 2390 5034 ‹
2415 4981 2664 5046 Domine,
2701 4996 2814 5036 non
2858 4993 2980 5033 sum
3003 4981 3164 5046 aptus
3195 4981 3322 5027 ante
3375 4967 3523 5034 heri,

1947 5094 2128 5150 neque
2173 5086 2301 5136 ante
2343 5076 2562 5132 tertiam
2603 5074 2774 5137 diem,
2818 5084 3000 5140 neque
3052 5082 3120 5123 ex
3151 5081 3262 5137 quo
3306 5059 3528 5132 cmpisti

1948 5171 2099 5241 loqui
2123 5185 2285 5225 servo
2313 5177 2446 5223 tuo:
2489 5164 2682 5237 gracili
2710 5155 2874 5226 voce,
2901 5169 2959 5216 ct
2995 5158 3152 5217 tarda
3194 5156 3382 5227 lingua
3425 5167 3534 5224 ego

1899 5298 1905 5300 η-
1950 5277 2091 5316 sum.
2121 5261 2268 5315 Dixit
2313 5269 2503 5314 autem
2549 5254 2836 5317 Dominus,
2866 5251 3069 5324 inquit,
3098 5249 3166 5305 ad
3192 5262 3355 5302 eum:
3392 5242 3537 5308 Quis

1950 5353 2103 5409 dedit
2127 5368 2190 5406 os
2214 5349 2447 5414 homini,
2494 5358 2551 5403 et
2596 5345 2721 5415 quis
2757 5333 2892 5400 fecit
2930 5351 3146 5398 mutum
3183 5345 3241 5394 et
3273 5333 3528 5398 surdum,

1951 5443 2231 5497 videntem
2297 5449 2354 5494 et
2413 5452 2656 5503 caecum;
2704 5451 2887 5490 nonne
2921 5448 3022 5504 ego
3055 5427 3319 5486 Dominus
3345 5421 3534 5477 Deus?

1957 5534 2024 5588 Et
2066 5547 2211 5586 nunc
2275 5531 2430 5596 vade,
2479 5540 2536 5586 ct
2609 5543 2710 5599 ego
2792 5525 3033 5596 aperiam
3090 5535 3152 5575 os
3231 5525 3422 5576 tuum,
3476 5520 3532 5567 et

1959 5629 2223 5683 instruam
2279 5639 2350 5693 te,
2412 5641 2534 5695 qua:
2589 5624 2758 5678 debes
2806 5619 2994 5689 loqui;
3046 5624 3104 5670 et
3157 5613 3236 5667 ait
3287 5610 3531 5678 Moyses:

1958 5724 2000 5755 ’³
2020 5724 2118 5781 Isa.
2148 5740 2215 5777 Ix.
2265 5727 2306 5758 ’9
2335 5722 2446 5778 bid.
2480 5738 2514 5786 ι,
2549 5720 2630 5774 l6.
2672 5719 2715 5750 ³ο
2739 5714 2914 5775 Exod,
2940 5728 3016 5780 ιγ,
3038 5709 3090 5764 8.
3167 5707 3205 5738 ³¹
3234 5696 3528 5761 Ριον.ιχ,5.
