3968 6300
454 290 559 348 251

1486 289 1544 345 S.
1584 286 1863 345 CYRILLI‘
1901 284 2369 342 ALEXANDRINI
2408 283 2751 340 ARCHIEP..

3607 271 3716 331 252

454 407 698 462 Obsecro
728 446 742 472 ,
799 406 1068 472 Domine,
1124 407 1267 477 elige
1312 403 1481 459 alium
1545 410 1825 473 potentem
1870 417 2023 472 quem

2141 401 2486 471 προχείρισαι
2535 399 2694 453 ἄλλον
2726 395 3043 466 δυνάμενον,
3085 392 3145 447 ὃν
3193 388 3532 452 ἀποστελεῖς.
3559 407 3578 442 ι
3633 387 3710 443 Οὐ

456 497 641 551 mittes
673 497 736 551 ".
763 516 782 547 ι
826 496 1016 567 Neque
1058 498 1335 553 enimlex
1375 494 1672 549 admodum
1700 501 1897 563 potens
1927 501 2031 557 est,

454 602 632 657 neque
675 588 809 643 satis
857 588 1007 643 valet
1068 588 1141 642 ad
1187 588 1508 641 universum
1561 584 1749 639 orbem
1811 599 2033 639 conser-

457 680 716 744 vandum,
740 687 902 749 atque
929 680 1207 734 hominem
1231 695 1299 733 ex
1333 678 1541 733 diaboli
1566 676 1857 731 dominatu
1892 675 2033 731 libe—

457 773 711 827 randum.
737 774 851 828 Nec
900 788 1033 827 vero
1073 773 1363 844 ignorabat
1400 771 1612 842 Moyses
1637 810 1651 833 ,
1689 784 1748 823 se
1807 767 2032 822 tardilo-

456 872 713 933 quentem
748 880 888 929 esse,
919 872 975 919 et
1003 864 1192 934 gracili
1239 877 1397 925 voce,
1425 878 1493 917 ex
1537 877 1606 916 eo
1624 861 1861 915 maxime
1894 866 2034 913 tem-

456 971 610 1023 pore,
644 971 752 1025 quo
774 971 900 1010 cum
928 971 996 1010 eo
1031 955 1184 1026 loqui
1220 953 1479 1024 cmpisset
1510 953 1676 1016 Deus,
1702 952 1867 1021 eique
1892 966 2033 1020 prae-

455 1049 660 1118 cipere,
697 1057 757 1103 ut
783 1049 850 1103 de
879 1065 937 1104 se
962 1063 1275 1103 sermonem
1336 1046 1599 1111 haberet;
1638 1046 1716 1100 ait
1758 1057 2029 1114 namque:

463 1158 481 1189 ε
512 1140 603 1195 Sic
657 1141 808 1196 dices
869 1141 998 1195 ﬁliis
1055 1141 1258 1195 Israel:
1298 1140 1411 1209 Ego
1464 1154 1587 1193 sum
1618 1138 1711 1207 qui
1740 1152 1901 1191 sum:
1931 1135 2035 1189 hoc

456 1231 591 1285 mihi
617 1246 815 1285 nomen
849 1231 913 1285 ³³.
936 1251 953 1282 ι
985 1230 1251 1285 Tardiore
1282 1229 1488 1284 etenim
1517 1228 1702 1299 lingua
1722 1228 1811 1282 lex
1852 1226 2033 1297 loqui-

457 1332 568 1387 tur,
624 1338 790 1392 quam
835 1333 896 1376 ut
928 1324 1062 1378 satis
1095 1338 1354 1392 expresse
1386 1322 1455 1377 de
1480 1336 1568 1383 eo,
1603 1322 1699 1390 qui
1727 1328 1832 1383 est,
1866 1320 2035 1374 verba

456 1416 655 1482 iaciat;
696 1431 876 1485 neque
937 1422 1026 1470 est
1081 1413 1375 1485 ejusmodi,
1422 1420 1483 1465 ut
1522 1410 1849 1466 venerandae
1886 1409 2035 1464 illius

458 1506 861 1575 ineﬁ‘abilisque
924 1515 1138 1560 natura}
1222 1505 1514 1577 mysteria,
1577 1518 1698 1572 qua:
1740 1503 1795 1556 in
1846 1509 2037 1556 sancta

456 1598 729 1652 Trinitate
775 1596 1039 1651 adoratur
1062 1605 1118 1651 et
1144 1596 1365 1659 colitur,
1409 1594 1686 1664 explicare
1717 1601 1774 1647 et
1816 1591 2033 1647 tradere

455 1698 645 1759 queat.
677 1689 759 1744 Ad
796 1689 913 1744 haec
942 1689 1133 1759 gracili
1155 1695 1240 1742 est
1288 1687 1615 1755 inﬁrmaque
1635 1701 1790 1747 voce,
1840 1684 1933 1739 vix
1975 1690 2037 1737 ut

455 1749 581 1835 eum
621 1781 753 1835 solis
774 1749 1036 1835 lsraelitis
1059 1779 1298 1848 colloqui
1319 1778 1515 1848 possit,
1538 1793 1601 1831 ac
1620 1791 1721 1846 per
1742 1776 1942 1831 Judm
1972 1775 2034 1830 ﬁ-
2071 1749 2108 1802 Β

457 1886 555 1924 nes
596 1877 805 1923 tantum
845 1869 1161 1933 exauditur,
1195 1883 1320 1921 cum
1361 1868 1482 1921 alia:
1516 1875 1709 1937 gentes
1741 1881 1935 1921 omnes
1961 1882 2030 1921 ne

456 1963 623 2018 fando
669 1963 893 2033 quidem
947 1977 1144 2017 sonum
1196 1963 1320 2033 ejus
1358 1959 1771 2031 prazdicationis
1802 1959 2034 2015 auribus

454 2057 787 2127 acceperint.
833 2055 972 2111 Cum
997 2056 1185 2125 itaque
1216 2044 1543 2125 praevideret
1580 2052 1778 2107 beatus
1821 2052 2032 2124 Moyses

453 2162 602 2211 eum,
652 2147 747 2216 qui
788 2147 994 2216 optime
1050 2153 1239 2216 posset
1291 2161 1614 2216 expressum
1662 2154 1828 2216 atque
1860 2161 2030 2216 expo—

452 2238 610 2293 litum
634 2239 701 2293 de
717 2240 830 2294 Deo
857 2254 1167 2294 sermonem
1196 2238 1512 2292 auditorum
1536 2238 1762 2293 auribus
1778 2237 2027 2304 fundere,

450 2337 508 2385 et
543 2331 803 2385 universo
835 2330 959 2384 orbi
994 2330 1154 2384 facile
1168 2329 1492 2399 praedicare,
1518 2328 1575 2383 id
1599 2337 1702 2395 est,
1721 2328 2026 2395 Christum,

456 2420 771 2487 «Obsecro,
838 2421 1091 2485 Domine,
1124 2440 1143 2471 ι
1202 2419 1404 2489 inquit,
1471 2439 1489 2470 ‹
1531 2420 1671 2492 elige
1723 2427 2026 2490 potentem,

449 2528 612 2582 quem
644 2513 829 2567 mittes
863 2512 929 2565 ³³⁸.
957 2531 975 2562 ι
1012 2511 1268 2567 Christus
1302 2511 1451 2565 enim
1493 2519 1578 2565 est
1619 2511 1713 2566 ille
1755 2527 1885 2566 vere
1926 2526 2027 2581 po-

451 2615 593 2670 tens,
630 2620 793 2675 quem
831 2605 948 2660 suis
994 2605 1338 2675 temporibus
1377 2620 1445 2660 ex
1472 2605 1820 2676 beneplacito
1846 2605 1944 2660 Dei
1964 2621 2029 2661 ac

402 2744 409 2759 ,
447 2696 629 2752 Patris
661 2696 717 2750 in
750 2711 871 2750 eam
897 2711 1015 2751 rem
1034 2695 1351 2767 eligendum
1379 2697 1519 2762 fore,
1548 2712 1649 2767 per
1684 2698 1861 2768 legem
1883 2712 2027 2767 quo-

448 2805 556 2858 que
588 2788 912 2859 praedictum
947 2789 1071 2845 fuit.
1103 2790 1200 2844 llla
1228 2796 1414 2845 autem
1451 2799 1577 2861 post
1613 2792 1711 2846 Dei
1747 2791 2026 2862 pollicita-

448 2879 678 2943 tionem,
706 2880 1118 2951 multorumque
1147 2881 1426 2953 signorum
1454 2884 1848 2949 ostensionem,
1872 2884 2024 2956 Moy-

447 2968 494 3023 si
524 2969 816 3036 recusatio,
840 2987 952 3026 non
975 2972 1212 3027 absurde
1237 2972 1407 3029 fuerit
1440 2974 1752 3029 cunctantis
1782 2974 2022 3041 lsraelis,

447 3060 721 3131 simulque
793 3062 897 3118 sub
948 3061 1154 3118 Christi
1204 3064 1437 3135 imperio
1488 3064 1694 3120 divinis
1742 3066 2024 3136 evangeli-

445 3152 635 3223 cisque
684 3153 1013 3209 ministeriis
1054 3154 1278 3226 defungi
1317 3163 1374 3209 et
1432 3155 1815 3226 obtemperare
1859 3170 2024 3209 recu-

444 3246 636 3311 santis,
655 3246 751 3316 qui
789 3253 915 3316 post
954 3247 1389 3303 innumerabiles
1421 3247 1643 3302 habitos
1680 3246 1749 3301 de
1771 3246 1878 3302 ﬁde
1909 3262 2030 3302 ser-

443 3345 654 3403 mones,
682 3338 1093 3409 multorumque
1126 3339 1408 3410 signorum
1432 3338 1828 3403 ostensionem,
1860 3338 2024 3393 audi—

444 3434 562 3483 tum
612 3438 794 3485 tamen
844 3430 1000 3486 illum
1034 3446 1256 3502 gravem
1294 3436 1461 3501 atque
1504 3428 1723 3483 tardum
1776 3428 2025 3499 pertina-

442 3517 583 3573 citer
632 3526 966 3587 tenuerunt,
1010 3530 1177 3592 atque
1239 3520 1515 3576 increduli
1570 3528 2021 3590 permanserunt.

441 3607 552 3679 74
586 3608 655 3662 Ει
683 3608 772 3664 bis
817 3609 1043 3679 quidem
1092 3609 1307 3680 Moyses
1351 3609 1666 3664 recusavit:
1706 3608 1818 3663 duo
1874 3609 2024 3663 enim

440 3706 688 3770 tempora
718 3700 1051 3765 inciderunt,
1083 3700 1141 3754 in
1170 3700 1374 3770 quibus
1406 3699 1707 3755 eﬂ‘renatus
1740 3706 1797 3754 et
1827 3708 2024 3755 contu-

440 3805 568 3845 max
590 3790 761 3845 fuerit
792 3791 981 3857 Israel,
1025 3792 1130 3846 sub
1168 3791 1351 3863 Moyse
1391 3800 1449 3845 et
1481 3791 1669 3857 Josue,
1709 3806 1777 3847 ac
1810 3791 2022 3847 Judici-

440 3881 567 3948 bus,
621 3890 678 3937 et
715 3892 1094 3953 consequente
1149 3883 1414 3954 deinceps
1450 3890 1717 3954 tempore,
1753 3899 1864 3955 quo
1892 3900 2022 3954 pro-

438 3974 622 4044 pheta:
653 3972 898 4040 fuerunt,
950 3990 1015 4029 ac
1045 3974 1306 4040 Joannes,
1359 3974 1454 4043 qui
1490 3974 1596 4029 fuit
1649 3976 1803 4030 velut
1840 3975 1897 4030 in
1933 3975 2021 4030 in-

439 4066 678 4121 terstitio
705 4065 920 4135 positus
938 4068 1309 4136 apostolorum
1333 4082 1399 4120 ac
1427 4065 1862 4136 prophetarum;
1896 4065 2022 4122 ﬁnis

436 4155 643 4227 quippe
668 4154 776 4210 fuit
807 4155 1117 4227 prophetici
1158 4155 1426 4221 muneris,
1481 4155 1737 4225 idemque
1791 4155 2017 4210 initium

434 4263 503 4303 ac
539 4247 710 4303 veluti
732 4245 993 4317 primitiae
1012 4246 1324 4318 splendoris
1344 4246 1654 4317 apostolici.
1700 4245 1808 4302 Sed
1849 4245 2018 4318 Moysi

434 4340 712 4396 recusatio
733 4340 804 4395 ad
850 4340 987 4395 iram
1032 4339 1353 4411 provocavit
1400 4341 1597 4405 Deum,
1650 4339 1892 4409 denique
1928 4353 2019 4393 res

2135 491 2242 562 γάρ
2268 491 2525 562 εὑσθενὴς
2549 492 2577 544 6
2609 491 2792 560 νόμος,
2823 487 2945 541 οὐδὲ
2971 482 3337 557 ἀποχρώντως
3367 482 3506 554 ἔχων
3529 482 3615 546 είς
3653 479 3713 534 τὸ

2136 586 2318 638 πᾶσαν
2355 583 2612 637 δύνασθαι
2647 581 2907 637 διασῶσαι
2947 579 3046 651 τὴν
3072 581 3197 648 γῆν,
3227 576 3324 630 καὶ
3351 575 3451 646 τῆς
3477 574 3571 628 τοῦ
3599 575 3716 628 δια-

2136 678 2292 731 ϐόλου
2304 694 2366 730 τυ
2375 675 2616 746 ραννίδος
2627 672 2905 737 ἐξελέσθαι
2916 671 3007 725 τὸν
3024 670 3120 726 ἀνθ
3131 685 3331 742 ρωπον.
3351 667 3713 738 Οὐκὴγνόηκε

2135 771 2190 823 δὲ
2227 772 2255 821 ὁ
2288 768 2518 838 Μωσῆς,
2558 766 2633 829 ὡς
2669 763 3086 836 βραδύγλωσσός
3127 778 3188 814 τε
3228 761 3320 815 καὶ
3358 760 3710 830 ἰσχνόφωνος,

2136 860 2443 931 ἀρξαμένου
2473 858 2707 930 μάλιστα
2721 855 3066 925 διαλέγεσθαι
3093 854 3229 926 πρὸς
3250 852 3413 908 αὐτὸν
3432 852 3525 907 τοῦ
3553 852 3713 918 Θεοῦ,

2135 956 2232 1007 καὶ
2278 952 2470 1020 λόγους
2513 949 2785 1004 ποιεῖσθαι
2844 948 2973 1020 περὶ
3033 945 3198 1003 αὑτοῦ
3252 945 3712 1016 προστάττοντος·

2142 1061 2161 1094 ι
2181 1040 2365 1103 Οὕτως
2389 1060 2407 1091 ι
2448 1039 2576 1110 γὰρ,
2597 1038 2781 1110 φησιν,
2820 1057 2839 1089 ι
2863 1038 3006 1109 ἐρεῖς
3024 1039 3137 1099 τοῖς
3159 1036 3294 1099 υίοῖς
3311 1035 3552 1107 Ἰσραήλ·
3571 1032 3716 1100 Ἐγώ

2135 1134 2248 1202 εἰμι
2274 1133 2302 1184 ὁ
2325 1129 2418 1184 ῶν.
2453 1129 2623 1183 Τοῦτό
2655 1147 2755 1199 μου
2783 1128 2900 1181 ἐστι
2923 1128 2983 1181 τὸ
3009 1127 3234 1197 ὄνομα.»
3288 1124 3716 1197 Βραδύγλωσσος

2135 1222 2242 1294 γάρ
2285 1225 2314 1277 6
2343 1222 2526 1293 νόμος,
2560 1220 2695 1293 πρὸς
2734 1220 2796 1274 τὸ
2849 1218 3140 1291 διαρθροῦν
3182 1213 3241 1273 εὖ
3279 1218 3424 1290 μάλα
3456 1218 3546 1272 τὸν
3586 1217 3717 1280 περὶ

2135 1316 2227 1371 τοῦ
2261 1316 2412 1380 ὄντος
2479 1316 2635 1385 λόγον
2656 1331 2671 1346 ·
2707 1312 2832 1367 οὔτε
2886 1313 2991 1384 μὴν
3039 1309 3150 1376 οἷός
3217 1329 3278 1365 τε
3335 1313 3717 1383 μυσταγωγεῖν

2138 1409 2274 1480 πρὸς
2301 1408 2401 1479 τὴν
2427 1409 2484 1461 ἐν
2512 1407 2646 1479 ἁγίᾳ
2667 1406 2858 1477 Τριάδι
2887 1404 3367 1476 προσκυνουμένην
3392 1404 3594 1475 σεπτὴν
3623 1404 3716 1458 καὶ

2134 1499 2374 1571 ἀρῤητον
2408 1498 2590 1568 φύσιν.
2646 1486 2994 1567 ’ἰσχνόφωνος
3034 1497 3092 1550 δὲ
3135 1498 3271 1569 πρὸς
3309 1495 3489 1558 τοῦτο,
3534 1496 3717 1567 μόνοις

2135 1608 2194 1645 τε
2230 1592 2324 1645 καὶ
2354 1592 2507 1662 μόλις
2544 1592 2659 1654 τοῖς
2692 1589 2752 1655 ἐξ
2789 1589 3010 1661 Ἰσραὴλ
3046 1590 3368 1661 προσλαλεῖν
3396 1572 3713 1660 δυνάμενος,

2136 1684 2469 1756 ἀκουόμενός
2497 1702 2555 1738 τε
2579 1682 2722 1737 κατά
2749 1681 2916 1754 μόνην
2946 1681 3045 1752 τὴν
3080 1680 3363 1744 Ἰουδαίαν,
3407 1681 3585 1734 καίτοι
3608 1680 3716 1735 τῶν

2137 1775 2312 1832 ἀλλων
2336 1775 2590 1829 ἁπάντων
2615 1773 2785 1827 ἐθνῶν
2811 1772 2954 1837 οὐδὲ,
2981 1772 3105 1825 ὅσον
3131 1774 3328 1837 εἰπεῖν,
3351 1773 3431 1836 είς
3455 1767 3551 1836 οῦς
3568 1771 3716 1824 ἑλόν-

2136 1885 2246 1921 των
2280 1867 2341 1921 τδ
2368 1869 2650 1939 κήρυγμα.
2698 1867 2990 1939 Τοιγάρτοι
3019 1866 3412 1938 προγινώσκων
3440 1868 3469 1919 6
3515 1866 3711 1920 θεσπέ-

2139 1975 2253 2022 σιος
2272 1959 2498 2030 Μωσῆς,
2534 1958 2626 2012 τὸν
2646 1957 2884 2030 διαρκῶς
2912 1957 3108 2030 ἔχοντα
3134 1958 3270 2030 πρὸς
3294 1959 3353 2012 τὸ
3379 1958 3607 2030 ἀκριόὲς
3623 1959 3717 2013 καὶ

2136 2050 2509 2122 ἀπεξεσμένον
2543 2054 2660 2116 τοῖς
2689 2051 3062 2123 ἀκροωμένοις
3089 2052 3389 2123 ἐμποιῆσαι
3418 2050 3576 2120 λόγον
3623 2051 3716 2107 τὸν

2138 2144 2267 2212 περὶ
2313 2141 2473 2206 Θεοῦ,
2518 2143 2614 2197 καὶ
2655 2145 2734 2208 εἰς
2764 2143 2825 2197 τὸ
2860 2142 3008 2214 πάσῃ
3040 2142 3239 2214 ῥᾳδίως
3285 2141 3615 2214 διακηρύξαι
3645 2146 3713 2216 τῇ

2134 2235 2228 2305 γῇ,
2273 2231 2415 2288 τοῦτ’
2445 2233 2560 2288 ἔστι
2615 2235 2888 2306 Χριστόνο
2936 2254 2956 2288 ι
3001 2236 3223 2307 Δέομαι,
3268 2235 3469 2308 Κύριε.
3495 2255 3515 2287 ⁸
3555 2239 3712 2308 φησιν

2142 2346 2161 2378 ι
2193 2327 2538 2399 προχείρισαι
2561 2327 2718 2381 ἀλλον
2745 2328 3063 2399 δυνάμενον,
3083 2327 3142 2382 δν
3159 2328 3493 2392 ἀποστελεῖς.
3525 2347 3543 2381 ι
3574 2329 3714 2399 Χρι-

2136 2418 2258 2481 στὸς
2284 2419 2393 2488 γάρ
2415 2420 2561 2472 ἐστιν
2578 2420 2607 2472 6
2635 2418 2932 2489 δυνάμενος
2960 2419 3195 2490 ἀληθῶς·
3225 2420 3320 2474 καὶ
3335 2420 3418 2473 ὅτι
3435 2419 3578 2474 κατὰ
3601 2438 3719 2475 και·

2137 2511 2264 2580 ροὺς
2290 2513 2409 2564 κατ’
2436 2511 2686 2566 εὐδοκίαν
2709 2510 2842 2564 Θεοῦ
2867 2511 2963 2564 καὶ
3000 2511 3235 2583 Πατρὸς,
3270 2513 3349 2576 είς
3385 2510 3544 2566 τοῦτο
3577 2529 3714 2585 προ-

2134 2600 2562 2672 χειρισθήσεται,
2595 2602 2692 2656 καὶ
2729 2600 2820 2661 διὰ
2851 2601 3015 2672 νόμου
3050 2601 3413 2673 προήγγελτο.
3450 2603 3518 2656 Ἡ
3551 2601 3607 2655 δέ
3648 2619 3716 2671 γε

2133 2693 2379 2756 Μωσέως
2401 2693 2757 2764 παραίτησις,
2795 2695 2890 2750 καὶ
2923 2692 3064 2765 μετὰ
3085 2693 3234 2748 Θείαν
3260 2693 3578 2764 ὑπόσχεσιν,
3619 2696 3717 2749 καὶ

2137 2784 2274 2855 μετὰ
2302 2784 2514 2838 πολλῶν
2548 2786 2793 2856 σημείων
2824 2785 3105 2850 ἐπίδειξιν,
3133 2785 3303 2850 τύπος
3336 2786 3403 2840 ἂν
3432 2784 3541 2856 εῖη,
3585 2803 3719 2840 κατ-

2129 2877 2417 2963 οκνοῦντός
2449 2895 2510 2930 τε
2550 2877 2667 2947 ἅμα
2704 2879 2801 2932 καὶ
2848 2874 3293 2949 παραιτουμένου
3327 2879 3423 2932 τοῦ
3470 2879 3714 2951 Ἰσραὴλ,

2129 2969 2228 3040 τὴν
2250 2968 2355 3022 ὑπὸ
2367 2966 2604 3041 Χριστοῦ
2618 2969 2770 3023 θείαν
2784 2987 2841 3023 τε
2858 2971 2951 3024 καὶ
2970 2969 3332 3042 εὐαγγελικὴν
3350 2970 3717 3042 λειτουργίαν,

2131 3061 2226 3114 καὶ
2256 3061 2521 3133 ὑπακοὴν,
2554 3060 2604 3113 οἳ
2635 3061 2772 3132 μετά
2809 3061 3034 3134 μυρίους
3076 3062 3235 3127 ὅσους
3271 3064 3398 3128 τοὺς
3434 3063 3565 3134 περὶ
3618 3064 3716 3116 πίο

2129 3168 2295 3215 στεως
2326 3152 2514 3220 λόγους
2540 3154 2643 3209 καὶ
2660 3154 3055 3225 τερατουργίας
3075 3154 3350 3221 ἐπίδειξιν,
3373 3156 3720 3228 τετηρήκασι

2127 3241 2188 3295 τὸ
2210 3241 2498 3313 δυσήκοον,
2526 3243 2621 3296 καὶ
2648 3245 3023 3314 μεμενήκασιν
3046 3247 3312 3311 ἀπειθεῖς.
3334 3247 3446 3301 Kal.
3466 3248 3622 3318 διττή
3647 3266 3717 3317 γε

2129 3336 2163 3406 ἡ
2196 3335 2446 3398 Μωσέως
2494 3336 2850 3407 παραίτησις.
2898 3337 3003 3391 Δύο
3051 3336 3159 3410 γάρ
3205 3340 3388 3410 χρόνοι
3442 3341 3564 3395 καθ’
3613 3341 3720 3406 οῦς

2129 3424 2340 3497 ὲξήνιος
2372 3429 2467 3482 καὶ
2494 3426 2813 3497 δυσάγωγος
2833 3424 2900 3500 ἦν
2922 3430 2954 3481 ὁ
2994 3430 3214 3503 Ἰσραήλ
3233 3447 3246 3459 ·
3271 3431 3361 3485 διά
3380 3432 3627 3497 Μωσέως
3649 3450 3718 3487 τε

2127 3518 2222 3572 καὶ
2282 3516 2477 3590 Ἰησοῦ,
2527 3519 2624 3573 καὶ
2671 3520 2931 3590 Κριτῶν,
2971 3520 3068 3574 καὶ
3121 3523 3238 3590 μετ’
3271 3523 3475 3576 ἐκεῖνον
3521 3523 3718 3588 εὐθὺς,

2126 3608 2249 3663 καθ’
2269 3609 2329 3664 ὃν
2351 3610 2611 3680 γεγόνασι
2640 3613 2937 3683 προφῆται,
2967 3612 3064 3666 καὶ
3092 3612 3370 3686 Ἰωάννης.
3393 3616 3422 3668 6
3453 3613 3721 3687 καθάπερ

2127 3699 2185 3753 ὲν
2213 3699 2519 3772 μεταιχμίῳ
2555 3700 2806 3771 κείμενος
2829 3701 3144 3757 ἀποστόλων
3165 3721 3228 3756 τε
3263 3704 3719 3776 καὶ-προφητῶν.

2126 3789 2310 3860 Πέρας
2348 3791 2449 3860 μὲν
2482 3790 2592 3862 γὰρ
2616 3787 2687 3862 ἦν
2713 3793 3058 3864 προφητικῆς
3085 3792 3450 3865 λειτουργίας,
3482 3796 3721 3868 ἀπαρχὴ

2124 3880 2180 3934 δὲ
2200 3880 2389 3953 ὥσπερ
2415 3882 2797 3953 λαμπρότητος
2810 3883 3193 3954 ἀποστολικῆς.
3235 3885 3375 3937 Ἀλλ’
3405 3887 3437 3956 ἡ
3464 3888 3726 3954 Μωσέως

2127 3971 2457 4043 παραίτησις
2481 3969 2618 4041 πρὸς
2644 3969 2816 4041 όργάς
2843 3970 3025 4025 ὲκάλει
3055 3970 3210 4025 Θεόν.
3246 3971 3357 4025 Kal
3392 3972 3625 4047 μεθίστη
3661 3978 3725 4032 τὸ

2126 4062 2315 4131 χρῆμα
2353 4058 2538 4111 λοιπδν
2584 4061 2668 4122 εἰς
2709 4060 2904 4131 ἑτέραν
2949 4060 3139 4135 ὥσπερ
3175 4063 3508 4135 οἰκονομίαν,
3540 4065 3609 4120 δι’
3649 4065 3725 4142 ἦς

2121 4148 2494 4214 ἀνασώζεσθαι
2519 4150 2657 4223 χρῆν
2684 4152 2810 4216 τοὺς
2842 4156 2963 4219 ταῖς
3003 4155 3112 4209 τῶν
3136 4154 3469 4225 Αἰγυπτίων..
3500 4158 3711 4216 πλεον-

2119 4240 2293 4305 εξίαις
2333 4241 2807 4315 κατηχθημένους.
2852 4264 2872 4298 ι
2916 4247 3031 4301 Kal.
3059 4247 3333 4320 θυμωθεὶς
3369 4248 3579 4321 Κύριος
3613 4254 3718 4307 ἐπὶ

2119 4331 2349 4404 Μωσῆν,
2402 4328 2586 4389 εἶπεν·
2626 4337 2743 4391 Οὐκ
2783 4338 2890 4392 ἰδοὺ
2935 4338 3145 4412 ’Δαρὼν
3195 4342 3224 4395 6
3268 4341 3495 4412 ἀδελφός
3545 4360 3650 4398 σου
3682 4346 3714 4399 6

434 4429 505 4485 ad
534 4431 696 4486 aliam
720 4431 1150 4502 dispensationis
1178 4430 1451 4486 rationem
1482 4431 1740 4486 translata
1773 4437 1877 4494 est,
1905 4444 2017 4499 qua

2128 4424 2384 4496 Λευῖτης;
2436 4426 2766 4499 Ἐπίσταμαι
2805 4430 2887 4485 ὅτι
2932 4430 3110 4487 λαλῶν
3148 4433 3370 4505 λαλήσει
3399 4433 3562 4499 αὑτός
3595 4454 3707 4502 σοι,

435 4523 690 4579 servandi
713 4531 890 4590 erant,
923 4523 1018 4593 qui
1039 4523 1422 4594 Egyptiorum
1472 4524 1767 4594 iniquitate
1787 4536 2013 4592 preme-

433 4615 658 4676 bantur.
710 4615 828 4669 cEt
884 4615 1061 4668 iratus
1095 4614 1361 4669 Dominus
1420 4614 1477 4669 in
1527 4615 1769 4685 Moysen,
1830 4610 2009 4666 dixit:

431 4709 626 4765 Nonne
650 4724 780 4765 ecce
818 4706 990 4763 frater
1017 4715 1146 4762 tuus
1194 4707 1378 4762 Aaron
1425 4706 1660 4762 Levita?
1700 4705 1817 4761 scio
1859 4702 2008 4774 quod

431 4801 663 4872 loquens
689 4801 951 4871 loquetur
980 4800 1097 4871 ipse
1132 4800 1261 4856 tibi:
1302 4808 1360 4855 et
1396 4816 1524 4855 ecce
1552 4799 1669 4869 ipse
1696 4797 2014 4869 egredietur

429 4891 489 4946 in
525 4906 818 4946 occursum
859 4891 980 4956 tibi,
1001 4899 1058 4946 et
1082 4890 1278 4946 videns
1314 4898 1387 4956 te,
1410 4889 1687 4945 ltetabitur
1711 4889 1765 4943 in
1789 4903 1846 4944 se
1868 4889 2007 4959 ipso:

428 4990 486 5039 et
510 4982 663 5037 dices
691 4982 760 5037 ad
789 4998 936 5049 eum,
955 4992 1013 5038 et
1040 4984 1200 5039 dabis
1224 4983 1394 5038 verba
1422 4997 1544 5035 mea
1581 4981 1639 5034 in
1673 4995 1737 5035 os
1762 4983 1916 5052 ejus;
1954 4988 2012 5037 et

428 5088 531 5143 ego
559 5072 799 5142 aperiam
821 5088 884 5128 os
911 5082 1090 5141 tuum,
1120 5082 1177 5130 et
1206 5090 1268 5127 os
1295 5074 1437 5142 ejus,
1478 5077 1535 5124 et
1584 5068 1855 5123 instruam
1883 5085 2004 5134 vos,

430 5179 553 5233 quae
584 5163 834 5232 facietis;
871 5174 928 5221 et
956 5166 1078 5236 ipse
1113 5167 1374 5233 loquetur
1402 5161 1469 5214 ad
1496 5160 1858 5231 populum,et
1889 5161 2007 5230 ipse

426 5254 536 5310 erit
554 5263 706 5311 tuum
727 5273 808 5323 os,
829 5264 886 5311 tu
911 5274 1041 5312 vero
1060 5254 1268 5310 illieris
1292 5253 1349 5307 in
1374 5252 1445 5307 iis
1472 5267 1593 5323 qua:
1607 5251 1676 5307 ad
1691 5252 1863 5307 Deum
1883 5252 1948 5305 ³⁸.
1975 5271 1995 5304 ι

425 5345 564 5401 Cum
624 5351 773 5405 enim
819 5351 906 5404 lex
954 5347 1296 5409 offendisset,
1338 5352 1399 5400 ut
1450 5344 1688 5408 inﬁrma,
1739 5352 1797 5398 et
1834 5344 2006 5400 lsrae-

426 5435 539 5499 lila:
567 5454 763 5510 parere
791 5439 1035 5502 nollent;
1065 5434 1315 5505 adjectus
1335 5445 1420 5491 est
1444 5435 1722 5502 Christus,
1758 5434 1852 5490 ille
1876 5449 2005 5489 vere

430 5527 642 5596 Levita,
672 5545 1015 5602 magnusque
1065 5528 1413 5584 sacerdotum
1469 5527 1747 5599 princeps,
1786 5528 1879 5584 ille
1910 5528 2004 5596 qui

2113 4516 2209 4570 καὶ
2241 4516 2348 4571 ίδοὺ
2381 4517 2539 4583 αὐτὸς
2573 4520 2915 4587 ἐξελεύσεται
2948 4525 3028 4587 είς
3062 4525 3387 4597 συνάντησιν
3437 4542 3552 4580 σοι·
3606 4529 3711 4582 καὶ

2117 4607 2240 4663 ῖὸών
2280 4625 2340 4663 σε
2371 4612 2670 4688 χαρήσεται
2707 4615 2764 4668 ὲν
2804 4614 3002 4687 ἐαυτῷ,
3027 4617 3124 4670 xal.
3151 4617 3297 4687 ἐρεῖς
3322 4617 3460 4688 πρὸς
3491 4618 3663 4672 αὐτόν
3689 4637 3706 4652 ·

2114 4700 2212 4755 καὶ
2233 4701 2427 4767 δώσεις
2447 4702 2515 4756 τά
2547 4704 2770 4775 ῥήματά
2803 4723 2903 4778 μου
2952 4708 3033 4771 είς
3059 4707 3122 4761 τὸ
3152 4709 3330 4779 στόμα
3360 4708 3527 4763 αὑτοῦ
3552 4727 3568 4741 σ
3602 4712 3709 4766 καὶ

2114 4794 2226 4863 ἐγὼ
2259 4795 2465 4861 ἀνοίξω
2488 4795 2551 4849 τὸ
2590 4798 2765 4869 στόμα
2790 4815 2907 4866 σου,
2953 4799 3050 4853 καὶ
3079 4799 3141 4853 τὺ
3169 4800 3345 4871 στόμα
3377 4800 3566 4865 αὑτοῦ,
3602 4803 3710 4857 καὶ

2119 4886 2443 4958 συμσιϐἀσω
2485 4887 2628 4957 ὑμᾶς
2666 4888 2704 4942 ἀ
2733 4893 3006 4961 ποιήσετε,
3032 4891 3127 4945 καὶ
3153 4891 3315 4956 αὐτός
3346 4908 3430 4945 σοι
3460 4892 3707 4962 προσλαο

2115 4980 2273 5052 λήσει
2313 4980 2451 5051 πρὸς
2488 4979 2580 5034 τὸν
2612 4981 2740 5039 λαόν
2762 4999 2777 5014 ο
2810 4983 2905 5036 καὶ
2936 4983 3099 5047 αὐτὸς
3140 4982 3295 5038 ἔσται
3335 5001 3429 5038 σου
3477 4985 3662 5056 στόμα
3688 5002 3703 5017 ο

2117 5071 2181 5125 σὺ
2206 5070 2264 5125 δὲ
2292 5069 2441 5139 αὐτῷ
2466 5069 2564 5144 ἔσῃ
2582 5072 2652 5126 τά
2679 5073 2815 5141 πρὸς
2838 5073 2931 5126 τὸν
2952 5073 3107 5127 Θεόν.
3134 5092 3153 5126 ι
3177 5074 3707 5146 Προσκεκρουκότος

2111 5162 2223 5234 γάρ
2248 5161 2437 5234 ὥσπερ
2486 5163 2750 5234 ἀδρανοῦς
2801 5164 2896 5217 τοῦ
2944 5164 3132 5236 νόμου,
3172 5164 3267 5219 καὶ
3312 5159 3704 5235 ὴπειθηκότων

2111 5255 2250 5323 ἄγαν
2299 5252 2407 5306 τῶν
2434 5253 2495 5319 ἐξ
2531 5255 2769 5328 Ἰσραὴλ,
2807 5258 3105 5329 προσετέθη
3139 5259 3392 5329 Χριστὸς,
3424 5258 3454 5311 ό
3483 5258 3703 5332 ἀληθὴς

2112 5344 2366 5416 Λευίτης,
2397 5344 2425 5396 6
2456 5345 2629 5415 μέγας
2656 5346 2966 5418 ἀρχιερεὺς,
2988 5351 3016 5402 6
3038 5351 3151 5410 τοῖς
3179 5349 3284 5403 ὑπὸ
3313 5349 3477 5421 νόμον
3502 5367 3704 5404 συντε-

2111 5435 2405 5508 ταγμένος,
2431 5437 2508 5499 ὡς
2536 5436 2765 5506 ἀδελφὸς
2818 5437 2908 5492 διά
2944 5438 3006 5493 τὸ
3049 5439 3409 5512 ἀνθρώπινον,
3440 5443 3468 5495 6
3512 5442 3702 5516 Μωσῇ

2118 5527 2216 5596 μὲν
2240 5526 2482 5596 λαλήσας
2522 5526 2598 5591 ὡς
2630 5527 2784 5597 Θεὸς,
2816 5530 3286 5604 συμϐιόαζόμενος
3312 5532 3373 5587 δὲ
3414 5533 3569 5615 παρά
3592 5534 3705 5592 τοῦ

502 5710 547 5747 ⁹²
574 5709 746 5776 Exod,
798 5724 869 5775 tv,
908 5706 1093 5765 10—15.
1168 5709 1212 5740 ³⁸
1262 5708 1444 5763 Exod.
1482 5708 1676 5774 111,14.
1756 5708 1800 5740 ³⁸
1858 5723 1930 5774 rv,
1986 5707 2023 5761 lt

2148 5704 2387 5779 πεδία,
2437 5706 2527 5765 ιι.
