3968 6300
202 230 372 335 I253

1011 292 1100 348 DE
1138 293 1579 354 ADORATIONE
1618 299 1686 356 IN
1725 299 1997 361 SPIRITU
2033 307 2122 362 ET
2162 310 2540 371 VERITATE.
2580 319 2708 375 LIB.
2744 322 2810 378 ll.

3416 330 3522 387 256

269 395 484 467 Harpe;
516 398 660 453 κατά
707 416 771 469 γε
798 401 866 457 τδ
893 403 1080 477 σχῆμα
1123 407 1183 460 τὸ
1228 411 1688 495 προφητικὸνηεί
1743 433 1800 470 κο

269 485 376 513 .__,
414 485 647 513 ιημμ,
691 507 707 513 _
745 492 963 513 "WA,
1117 496 1128 513 .
1226 498 1237 513 .
1397 500 1409 513 ρ
1594 502 1609 513 ι
1683 505 1703 513 -
1780 507 1793 513 -

1940 422 2028 488 iis,
2061 427 2157 496 qui
2185 428 2289 484 sub
2324 430 2443 502 lege
2487 442 2664 501 erant,
2712 439 3017 497 associatus
3068 451 3155 499 est
3206 452 3268 501 ut
3326 447 3515 513 frater,

267 485 379 539 ἔστι
414 485 647 558 Κύριος·
687 507 707 541 ι
743 492 1037 566 Προφήτην
1068 496 1177 567 γὰρ
1214 498 1502 570 ἀναστήσω
1548 488 1733 567 αύτοῖς
1776 507 1800 559 ὲ

267 576 373 608 οἱ...
406 578 653 608 AR-\.-.‘,‘...
684 583 891 608 ...Ρ.-;·⁸.-.-
919 587 1006 608 ---Α
1050 588 1106 608 nr
1133 606 1165 608 ,γ
1234 607 1246 608 γ
1293 591 1313 608 ι.
1390 591 1408 608 κ
1434 593 1446 608 ο
1793 597 1800 608 1

1945 485 2171 585 prop-ter
2199 485 2595 578 humanitatem
2617 543 2632 590 ;
2651 485 2759 581 ,illc
2783 530 2877 597 qui
2904 545 3030 586 cum
3065 533 3248 607 Moyse
3292 490 3515 608 quidem

265 576 373 631 τῶν
404 578 653 648 ἀδελφῶν
680 583 891 637 αὐτῶν
918 587 1013 640 καὶ
1050 588 1200 659 θήσω
1226 591 1353 654 τοὺς
1390 591 1580 661 λόγους
1619 611 1720 663 μου
1758 597 1800 648 sl

265 667 319 695 ,λ
352 669 525 695 ._..-....
559 671 719 695 -1“:
744 689 757 695 -
789 674 875 695 --Α
905 675 1029 695 με,
1058 693 1095 695 η
1199 679 1211 695 .
1288 683 1309 695 .
1478 681 1488 695 .
1593 682 1604 695 .
1742 685 1765 695 -

1942 605 2276 675 loquebatur
2298 620 2361 666 ut
2388 613 2554 679 Deus,
2591 631 2621 669 a
2646 576 2817 673 Patrel
2837 627 3020 675 autem
3060 576 3422 695 edoJcebatiur,
3446 646 3517 686 ex

262 667 321 721 τὸ
350 669 527 739 στόμα
554 671 720 726 αὐτοῦ
744 689 757 702 ·
787 674 882 727 καὶ
905 675 1126 746 λαλήσει
1154 679 1336 743 αὐτοῖς
1360 681 1502 733 κατὰ
1536 682 1712 736 πάντα
1739 685 1800 738 ὄσ

1943 667 2264 765 prophetica
2288 667 2554 770 persona;
2581 720 2745 776 quam
2779 709 3023 775 tenebat,
3050 711 3181 767 licet
3215 717 3362 773 idem
3405 671 3513 775 ilo-

262 759 328 813 ἂν
375 761 699 832 ὲντείλωμαι

258 852 522 922 Χριστός·
560 872 580 904 ι
628 855 747 908 Ἀπ’
794 855 1034 926 ἐμαυτοῦ
1081 858 1141 910 ού

259 957 324 1009 με
353 940 562 1012 Πατήρ,
590 943 754 1007 αὑτός
784 962 873 1015 μοι
902 946 1120 1017 ἐντολὴν
1143 947 1367 1013 δέδωκε,
1390 952 1442 1004 τί
1468 952 1627 1015 είπω.
1659 956 1754 1009 καὶ
1779 957 1833 1010 τί

256 1025 499 1097 λαλήσω.
545 1049 563 1081 ι
603 1031 837 1102 Χριστὸς
866 1034 974 1104 ἄρα
1019 1036 1409 1108 προσεφώνησε
1438 1040 1518 1110 τῷ
1561 1042 1710 1118 λαῷ,⁸
1737 1045 1831 1099 καὶ

252 1118 431 1190 Μωσῇ
473 1119 571 1189 μὲν
594 1121 801 1188 γίνεται
834 1124 1010 1194 στόμα
1034 1126 1405 1197 διερμηνεύων
1431 1131 1563 1200 ἡμῖν
1590 1150 1830 1203 πνευμα-

250 1210 422 1273 τικῶς
450 1211 542 1264 τὸν
568 1211 751 1283 νόμον.
776 1215 982 1283 Μωσῆς
999 1216 1055 1269 δὲ
1081 1218 1229 1289 αύτῷ
1251 1220 1411 1274 πάλιν
1426 1222 1494 1276 τά
1515 1223 1648 1294 πρὸς
1671 1225 1823 1280 Θεόν.

247 1302 408 1353 Δοκεῖ
455 1303 561 1374 γάρ
578 1321 679 1357 που
727 1300 865 1359 εἶναι
903 1307 1023 1378 Θεῷ
1067 1312 1493 1384 προσεχέστερος
1524 1316 1553 1367 6
1596 1315 1821 1386 Μωσῆς.

250 1392 458 1446 ἐπείτοι
488 1394 708 1462 γέγονεν
740 1398 843 1452 ὑπὸ
870 1400 1033 1471 νόμον
1065 1404 1092 1456 6
1130 1404 1495 1475 Ἐμμανουήλ,
1524 1407 1617 1460 καὶ
1644 1408 1713 1460 τὰ
1735 1410 1824 1464 διὰ

240 1480 341 1533 τοῦ
381 1484 657 1551 πανσόφου
690 1488 935 1553 Μωσέως
988 1495 1175 1563 τηρεῖν
1207 1495 1574 1563 ἐπηγγέλλετο
1605 1497 1778 1566 λέγων
1800 1513 1818 1530 ο

246 1590 271 1624 σ
297 1572 390 1645 Μὴ
415 1576 672 1648 νομίσητε
691 1580 774 1632 ὅτι
793 1575 956 1651 ἦλθον
992 1583 1293 1637 καταλῦσαι
1318 1584 1408 1638 τὸν
1429 1586 1609 1657 νόμον,
1635 1589 1667 1660 ἢ
1693 1591 1819 1653 τοὺς

238 1666 552 1735 προφήτας·
585 1669 685 1723 οὐκ
731 1666 894 1740 ἦλθον
920 1671 1250 1737 καταλῦσαι,
1276 1675 1413 1730 ἀλλὰ
1448 1678 1751 1750 πληρῶσαι.
1790 1700 1809 1733 ι

745 765 951 828 αὐτοῖς.
1007 785 1026 817 i
1091 767 1333 847 Ἔφασκε
1379 770 1436 822 δὲ
1482 773 1578 826 καὶ
1621 774 1784 839 αὐτὸς

1940 785 2123 843 minus
2149 799 2333 846 esset:
2377 795 2738 865 «Prophetam
2769 801 2953 870 :enim,
2998 803 3203 873 inquit,
3258 810 3513 866 excitabo

1178 858 1321 912 λαλῶ
1340 878 1355 891 ο
1400 860 1517 915 ἀλλ’
1559 865 1588 916 6
1611 864 1800 936 πέμψα

1940 875 2051 933 illis
2076 894 2144 934 ex
2174 880 2438 941 fratribus
2459 901 2674 955 eorum,
2708 897 2765 945 et
2797 907 2997 962 ponam
3025 895 3191 950 verba
3213 912 3333 952 mea
3362 900 3417 954 in
3450 917 3513 958 os

1937 967 2078 1037 ejus,
2133 977 2192 1024 et
2227 972 2484 1042 loquetur
2534 976 2604 1031 ad
2636 993 2733 1035 eos
2758 980 2911 1052 juxta
2961 984 3147 1038 omnia
3196 1001 3319 1056 quae
3351 1003 3510 1043 man-

1935 1058 2139 1115 davero
2168 1062 2248 1116 illi
2280 1065 2342 1118 ³⁶.
2367 1084 2385 1116 ι
2422 1067 2544 1138 Ipse
2568 1084 2788 1141 quoque
2821 1072 3076 1131 Christus
3106 1077 3365 1133 dicebat:
3400 1098 3418 1130 ‹
3464 1081 3509 1135 Α

1933 1165 2022 1205 me
2048 1150 2169 1220 ipso
2198 1170 2309 1209 non
2344 1156 2561 1227 loquor,
2592 1162 2687 1217 sed
2724 1164 2819 1232 qui
2857 1166 3010 1221 misit
3052 1183 3162 1233 me,
3195 1169 3379 1235 Pater,
3415 1171 3508 1227 ille

1932 1240 2067 1295 mihi
2081 1245 2394 1301 mandatum
2416 1249 2588 1316 dedit,
2605 1253 2739 1322 quid
2754 1254 2952 1320 dicam,
2970 1265 3028 1312 et
3042 1259 3174 1328 quid
3189 1260 3386 1330 loquar
3402 1262 3498 1319 ³⁷.»

1929 1330 2180 1425 Christus
2220 1353 2352 1407 ergo
2410 1344 2672 1411 populum
2713 1355 2799 1401 est
2846 1348 3159 1417 allocutus,
3222 1368 3289 1407 ac
3336 1354 3504 1425 Moysi

1927 1423 2150 1492 quidem
2175 1425 2235 1480 fit
2255 1442 2337 1492 os,
2368 1445 2493 1484 cum
2534 1433 2902 1502 spiritualiter
2921 1439 3085 1495 nobis
3114 1441 3290 1512 legem
3327 1423 3502 1498 intér-

1926 1521 2203 1582 pretatur:
2229 1518 2441 1590 Moyses
2488 1523 2568 1577 illi
2598 1540 2795 1582 rursus
2822 1527 2879 1581 in
2914 1528 3003 1595 iis,
3040 1546 3164 1600 quae
3190 1533 3261 1587 ad
3282 1534 3456 1589 Deum
3483 1552 3496 1588 :

1928 1603 2146 1660 videtur
2168 1608 2316 1662 enim
2346 1611 2751 1680 quodammodo
2785 1617 2898 1673 Deo
2927 1620 3163 1675 vicinior
3189 1638 3311 1678 esse
3348 1624 3499 1695 Moy-

1924 1709 2031 1760 ses,
2056 1700 2498 1770 quandoquidem
2529 1704 2675 1760 idem
2699 1708 3023 1765 Emmanuel
3052 1712 3156 1765 sub
3182 1713 3302 1783 lege
3321 1712 3499 1769 factus

233 1756 623 1828 Μυσταγωγὸς
655 1759 747 1815 οὖν
773 1763 881 1833 ἄρα
907 1765 1086 1847 σαφής
1109 1769 1137 1819 ὁ
1167 1768 1421 1838 Χριστὸς,
1452 1770 1521 1823 τὰ
1550 1771 1645 1824 τοῦ
1695 1773 1800 1843 βραη

2020 1756 2027 1760 .
2073 1756 2090 1767 ,
2294 1756 2309 1770 ,
2422 1756 2431 1757 κ
2466 1756 2495 1757 η
2530 1756 2675 1760 -.ηπ
2699 1756 3023 1765 ..πη----π
3052 1756 3154 1765 -..υ
3182 1756 3495 1783 manu"-..

1922 1792 2009 1838 est
2037 1786 2104 1851 ³⁸,
2143 1796 2200 1842 et
2240 1806 2361 1858 quae
2404 1808 2505 1862 per
2549 1794 2771 1867 Moysen
2834 1800 3237 1869 sapientissime
3290 1805 3495 1860 sancita

230 1847 557 1916 δυγλώσσου
602 1853 767 1924 νόμου
812 1855 951 1926 πρὸς
996 1859 1304 1930 τρανότητα
1346 1862 1673 1933 μετατιθεὶς,
1726 1866 1821 1919 καὶ

229 1938 335 2010 τὴν
385 1942 481 1996 τοῦ
530 1944 860 2016 γράμματος
920 1950 1275 2021 ίσχνοςρωνίαν
1320 1956 1401 2020 είς
1450 1957 1820 2031 εύηχεστάτην

228 2028 427 2104 ὥσπερ
481 2035 866 2104 μεταπλάττων
912 2040 1190 2113 ἐξήγησιν.
1232 2045 1605 2116 ΙΙνευματικὸς
1654 2028 1818 2121 γάρὸ

229 2121 402 2192 νόμος
425 2126 488 2177 ὲν
513 2127 755 2198 Χριστῷ,
784 2130 876 2183 καὶ
896 2131 1099 2201 ἀδελφὰ
1121 2135 1233 2198 τοῖς
1258 2136 1424 2191 πάλαι
1451 2138 1519 2191 τὰ
1550 2139 1615 2191 δι’
1649 2140 1814 2193 αὑτοῦ

226 2214 589 2283 κηρύγματα·
623 2220 865 2285 Μωσέως
893 2224 998 2293 γὰρ
1027 2220 1095 2296 ἦν
1124 2226 1351 2296 ἀδελφὸς
1373 2229 1402 2280 6
1441 2229 1670 2300 Ἀαρών.

1914 1883 2097 1942 erant,
2134 1893 2358 1936 servare
2392 1899 2451 1938 se
2488 1886 2872 1954 proﬁtebatur,
2907 1905 3032 1945 cum
3067 1892 3316 1948 diceret:
3361 1895 3495 1950 «Νο-

1913 1964 2012 2021 lite
2046 1976 2239 2037 putare
2273 1972 2421 2041 quod
2449 1977 2694 2031 venerim
2738 1981 2949 2035 solvere
2985 1982 3161 2052 legem
3213 1994 3311 2039 aut
3363 2002 3493 2055 pro-

1913 2056 2132 2125 phetas;
2170 2075 2279 2115 non
2313 2064 2439 2118 veni
2471 2066 2710 2132 solvere,
2753 2069 2850 2123 sed
2890 2070 3192 2141 adimplere
3228 2075 3293 2128 ³⁹.
3322 2094 3339 2125 ›
3396 2076 3494 2131 Est

1913 2143 2080 2215 igitur
2109 2146 2365 2205 Christus
2416 2153 2577 2222 plane
2613 2158 3004 2226 mysteriorum
3062 2160 3359 2233 interpres,
3394 2163 3492 2232 qui

1910 2234 2088 2306 legem
2130 2239 2356 2294 tardiori
2406 2241 2594 2314 lingua
2628 2246 2952 2315 loquentem
2973 2250 3041 2304 ad
3072 2251 3362 2308 clariorem
3404 2269 3493 2309 so-

222 2319 363 2358 num
417 2308 732 2374 transferat,
765 2314 1218 2385 gracilioremque
1259 2318 1465 2373 littera:
1515 2336 1706 2375 vocem
1773 2323 1841 2377 ad
1882 2324 2389 2397 interpretationem
2413 2308 2573 2406 longe
2600 2308 3037 2395 resonantiorem
3069 2344 3242 2399 veluti
3309 2345 3485 2401 refor-

222 2396 435 2452 mando
467 2410 786 2457 commutet.
820 2404 925 2474 75
959 2404 1272 2474 Spiritualis
1302 2418 1387 2463 est
1419 2411 1569 2466 enim
1616 2413 1705 2467 lex
1740 2413 1797 2469 in
1833 2396 2085 2484 Christo;
2154 2421 2274 2490 ejus
2310 2396 2539 2494 quoque
2564 2429 2884 2496 praedicatio
2908 2431 2988 2487 illi
3013 2422 3098 2489 est
3136 2436 3309 2490 veteri
3365 2452 3491 2506 per-

218 2492 431 2549 similis
460 2496 533 2562 ”;
568 2497 738 2570 Moysi
762 2516 1000 2571 namque
1016 2501 1191 2558 frater
1219 2513 1306 2559 est
1333 2506 1535 2562 Aaron.

301 2586 512 2639 IIAAA.
556 2589 814 2662 Ἀδρανὴς
843 2580 1026 2647 οὖν’τό
1057 2612 1119 2663 γε
1158 2598 1239 2661 εἰς
1276 2599 1467 2654 ἑαυτὸν
1498 2591 1629 2669 ἧκον
1657 2604 1685 2656 6
1719 2602 1804 2657 v6-

222 2691 348 2747 μος·
382 2679 697 2734 τετελείωκε
723 2685 830 2755 γὰρ
855 2685 1026 2741 οὐδέν.

293 2768 455 2822 ΚΥΡ.
475 2770 682 2837 Οὕτως,
711 2776 870 2845 φημὶ,
902 2778 995 2831 καὶ
1020 2779 1082 2832 τό
1109 2797 1172 2848 γε
1200 2782 1275 2844 ὡς
1305 2784 1677 2856 μικροπρεπὲς
1707 2785 1806 2854 τῆς

217 2861 348 2911 κατ’
378 2861 543 2927 αὑτὸν
568 2864 841 2930 πολιτείας
881 2870 1221 2942 καταθρήσαι
1250 2891 1332 2935 τις
1364 2874 1427 2929 ἂν
1456 2876 1549 2928 καὶ
1579 2876 1668 2930 διὰ
1694 2876 1803 2931 τῶν

216 2948 444 3021 ἐφεξῆς.
490 2953 802 3026 Γέγραπται
839 2960 967 3031 γὰρ,
1012 2962 1091 3014 ὅτι
1127 2980 1147 3013 ι
1197 2964 1496 3037 Ἐπορεύθη
1555 2965 1796 3037 Μωσῆς,

217 3040 316 3092 καὶ
346 3041 657 3116 ἀπέστρεψε
688 3047 824 3117 πρὸς
867 3050 1033 3120 Ἰοθὸρ
1072 3052 1164 3105 τὸν
1194 3054 1440 3127 γαμϐρὸν
1473 3055 1633 3109 αὑτοῦ
1654 3096 1670 3120 ,
1706 3057 1799 3110 καὶ

217 3127 376 3186 εἶπεν
404 3134 583 3206 αὐτῷ’
623 3138 979 3209 Πορεύσομαι·
1012 3143 1106 3194 καὶ
1136 3143 1466 3213 ἅποστρέψω
1503 3146 1647 3228 πρὸς
1669 3146 1796 3209 τοὺς

1980 2605 2178 2660 PALL.
2201 2608 2418 2664 lnﬁrma
2449 2610 2617 2681 igitur
2644 2620 2731 2667 est
2758 2613 2843 2668 lex
2880 2614 2997 2683 ipsa
3042 2629 3142 2683 per
3178 2628 3237 2669 se
3279 2632 3292 2669 :
3347 2615 3485 2672 nihil

1909 2696 2059 2750 enim
2099 2698 2168 2751 ad
2203 2700 2511 2767 perfectum
2547 2703 2796 2758 adduxit.

1976 2786 2134 2842 CYR.
2156 2789 2416 2855 Maxime,
2453 2792 2705 2862 inquam;
2738 2794 2886 2863 quod
2915 2802 3098 2850 autem
3138 2795 3372 2851 obscura
3398 2804 3484 2851 at-

1908 2891 2015 2946 que
2046 2878 2274 2937 humilis
2299 2880 2466 2937 fuerit
2502 2883 2594 2937 illa
2624 2899 2691 2937 ex
2729 2886 2850 2955 ejus
2887 2890 3207 2956 praescripto
3251 2903 3480 2942 conver-

1905 2971 2067 3036 satio,
2125 2989 2195 3027 ex
2252 2974 2345 3039 iis,
2392 2991 2515 3045 qua
2565 2986 2893 3045 sequuntur,
2949 2978 3251 3049 intelligere
3298 2978 3477 3049 quivis

1901 3063 2092 3130 possit.
2111 3062 2388 3134 Scriptum
2399 3073 2483 3120 est
2497 3068 2644 3121 enim
2665 3086 2678 3121 :
2700 3088 2719 3118 ι
2736 3069 2887 3123 Abiit
2909 3069 3138 3140 Moyses,
3157 3078 3212 3123 et
3228 3084 3477 3124 reversus

1899 3157 1986 3203 est
2004 3150 2072 3204 ad
2087 3151 2279 3207 Jethro
2304 3169 2555 3208 socerum
2582 3171 2764 3219 suum,
2794 3166 2849 3211 et
2877 3156 3015 3209 dixit
3038 3157 3149 3209 illi:
3175 3157 3270 3209 Ibo
3296 3164 3351 3209 et
3380 3172 3473 3210 re-

216 3225 486 3295 ἀδελφούς
529 3245 629 3297 μου
661 3229 787 3294 τοὺς
837 3233 895 3284 ἐν
942 3233 1232 3305 Αἰγύπτῳ⁹
1269 3235 1360 3288 καὶ
1393 3235 1594 3305 ὄψομαι
1623 3225 1672 3289 εί
1715 3236 1796 3290 ἔτι

1911 3246 2080 3294 rertar
2118 3241 2187 3295 ad
2225 3241 2422 3297 fratres
2480 3260 2652 3308 meos,
2712 3246 2807 3314 qui
2859 3255 2989 3301 sunt
3034 3247 3089 3299 in
3121 3245 3387 3315 ngypto;
3421 3254 3478 3300 et

226 3313 386 3378 ζῶσι,
420 3318 531 3370 Καὶ
564 3314 717 3373 εἶπεν
756 3322 786 3374 6
827 3321 995 3394 Ἰοθὸρ
1028 3323 1104 3394 τῷ
1152 3326 1355 3396 Μωσῇ·
1395 3326 1591 3391 Βάδιζε
1621 3327 1800 3396 ὑγιαί-

218 3425 349 3461 νων.
384 3409 541 3462 Μετὰ
580 3410 636 3464 δὲ
664 3411 764 3476 τὰς
798 3415 1008 3486 ἡμέρας
1044 3415 1143 3480 τὰς
1178 3417 1376 3479 πολλὰς
1406 3418 1649 3483 ὲκείνας,
1683 3422 1800 3472 ὲτε-

218 3499 485 3570 λεύτησεν
510 3503 538 3554 ὁ
561 3501 814 3572 βασιλεὺς
838 3506 1130 3576 Αἰγύπτου·
1159 3507 1278 3561 εἶπε
1299 3510 1356 3562 δὲ
1381 3509 1635 3581 ὁ·Κύριος
1662 3509 1798 3578 πρὸς

219 3593 397 3663 Μωσῆ
447 3594 506 3646 ὲν
554 3595 800 3667 Μαδιάμο
846 3598 1072 3664 Βάδιζε,
1124 3600 1323 3655 ἄπελθε
1372 3603 1453 3665 είς
1478 3602 1749 3670 Αἴγυπτον
1779 3620 1793 3634 ’

217 3680 518 3750 τεθνήκασι
533 3683 642 3755 γὰρ
659 3688 710 3739 οἱ
733 3688 931 3751 πάντες
945 3692 993 3742 οί
1013 3690 1299 3761 ζητοῦντες
1316 3691 1413 3763 τὴν
1436 3691 1615 3764 ψυχήν
1632 3712 1746 3748 σου.
1773 3715 1790 3747 ι

228 3771 544 3825 ’Δναλαόὼν
582 3775 640 3828 δὲ
687 3777 895 3848 Μωσῆς
923 3779 1021 3850 τὴν
1058 3784 1288 3850 γυναῖκα
1341 3784 1437 3838 καὶ
1471 3786 1541 3839 τὰ
1587 3786 1793 3854 παιδία,

215 3859 547 3915 ἀνεϐίϐασεν
578 3865 719 3920 αὐτὰ
758 3868 851 3920 ἐπὶ
899 3868 969 3923 τὰ
1003 3870 1290 3940 ὑποζύγια,
1325 3873 1420 3927 καὶ
1457 3874 1797 3948 ἀπέστρεψεν

213 3954 296 4015 είς
326 3953 621 4022 Αἴγυπτον.

286 4046 498 4100 ΠΑΛΛ.
543 4048 651 4101 Καὶ
681 4049 733 4103 τί
765 4052 823 4103 ὲν
848 4050 1087 4119 τούτοις;
1129 4055 1190 4109 ού
1227 4056 1335 4127 γὰρ
1364 4056 1472 4128 ἔχω
1508 4062 1666 4125 νοεῖν,
1700 4060 1793 4114 καὶ

211 4136 443 4204 φράσαι,
459 4134 636 4208 ἐφόἷς
660 4140 886 4206 εἰκότως
898 4144 997 4216 τὴν
1015 4144 1158 4199 κατὰ
1180 4146 1341 4217 νόμον
1362 4146 1504 4220 ζωὴν
1527 4150 1785 4221 ἐπαιτιῷ-

290 4318 460 4374 ΚΥΡ.
512 4323 703 4378 Καίτοι
765 4325 1027 4398 πλείστης
1079 4331 1211 4402 ὅσης
1254 4334 1315 4387 τὸ
1342 4335 1530 4406 χρῆμα
1574 4341 1793 4409 μομφῆς

209 4408 702 4483 ἑκμεμεστωμὲνον
747 4418 951 4474 κατίδοι
990 4437 1074 4484 τις
1120 4423 1209 4490 ἂν,
1255 4419 1301 4479 ὦ
1333 4427 1625 4493 Παλλάδιε,
1670 4408 1792 4493 ταῖς

206 4500 322 4554 τῶν
362 4507 743 4576 προκειμένων
775 4511 1006 4576 ἐννοίαις
1042 4514 1327 4584 προῦαλὼν
1357 4516 1782 4589 ὀξυωπέστερονο

1900 3330 2098 3384 videbo
2126 3330 2174 3385 si
2200 3332 2386 3387 adhuc
2416 3334 2622 3387 vivant.
2642 3335 2712 3389 Et
2743 3335 2882 3389 dixit
2909 3335 3104 3390 Jethro
3128 3336 3298 3406 Moysi
3324 3354 3336 3388 :
3371 3337 3477 3392 Va-

1899 3419 1966 3474 de
1994 3435 2205 3489 sospes.
2241 3422 2370 3476 Post
2423 3423 2543 3478 dies
2577 3434 2764 3479 autem
2797 3427 2999 3480 multos
3044 3425 3170 3480 illos
3225 3434 3478 3483 mortuus

1897 3518 1982 3568 est
2026 3526 2122 3565 rex
2163 3511 2380 3583 Egypti
2413 3532 2426 3567 :
2468 3514 2610 3572 dixit
2641 3523 2826 3570 autem
2859 3517 3127 3573 Dominus
3161 3518 3229 3572 ad
3258 3519 3474 3590 Moysen

1898 3600 1954 3654 in
1976 3600 2224 3656 Madian:
2254 3603 2422 3667 Vade,
2456 3604 2806 3674 proficiscere
2837 3606 2892 3661 in
2914 3606 3206 3678 ngyptum
3236 3626 3250 3675 ;
3276 3610 3473 3664 mortui

1895 3700 2025 3747 sunt
2048 3694 2195 3749 enim
2221 3710 2415 3751 omnes
2443 3698 2536 3767 qui
2555 3700 2891 3767 'qumrebant
2911 3701 3149 3756 animam
3187 3709 3333 3757 tuam
3360 3702 3423 3756 "'.
3450 3721 3468 3753 ι

1890 3782 2029 3838 Cum
2084 3776 2253 3856 igitur
2309 3789 2616 3857 accepisset
2686 3790 2897 3862 Moyses
2969 3809 3199 3848 uxorem
3276 3811 3341 3850 ac
3394 3795 3469 3850 li-

1896 3872 2085 3940 heros,
2118 3876 2382 3947 imposuit
2404 3895 2503 3935 eos
2545 3896 2712 3950 super
2763 3883 3092 3956 subjugalia,
3119 3892 3176 3940 et
3213 3901 3473 3944 reversus

1893 3972 1980 4019 est
1999 3965 2054 4018 in
2085 3965 2399 4036 ASgyptum.

1965 4055 2161 4111 PALL.
2184 4057 2458 4124 Quorsum
2475 4059 2591 4115 haec
2621 4061 2936 4130 pertinent?
2962 4079 3073 4118 non
3112 4065 3259 4119 enim
3303 4065 3471 4122 intel-

1891 4147 2039 4218 ligo;
2073 4156 2170 4203 aut
2233 4151 2449 4224 explica
2501 4167 2612 4221 quo
2643 4154 2866 4209 nomine
2884 4155 3011 4223 jure
3057 4154 3268 4224 culpari
3296 4154 3472 4223 possit

1893 4230 1985 4293 illa
2012 4239 2230 4295 vivendi
2264 4242 2426 4305 ratio,
2464 4257 2532 4296 ex
2563 4243 2684 4313 lege
2710 4244 2984 4298 instituta.

1962 4326 2123 4382 CYR.
2147 4328 2338 4398 Atqui,
2366 4329 2597 4394 Palladi,
2648 4330 2903 4400 plurimis
2945 4332 3240 4387 accusandi
3286 4332 3469 4389 causis

1891 4431 2011 4471 eam
2044 4433 2167 4473 esse
2196 4419 2474 4485 refertam,
2508 4420 2691 4491 quivis
2721 4422 2943 4487 viderit,
2974 4424 3019 4477 si
3055 4423 3467 4492 propositorum

1890 4509 2186 4563 verborum
2221 4510 2548 4565 sententiam
2576 4510 2793 4566 acutius
2816 4512 3116 4582 inspexerit
3144 4529 3156 4564 :
3194 4527 3319 4566 nam
3349 4513 3461 4567 ele-

204 4592 285 4656 ὼς
342 4600 859 4669 προκεχειρισμένος
916 4603 995 4666 είς
1061 4605 1364 4676 ἀποστολὴν
1416 4609 1446 4660 6
1504 4609 1789 4676 Θεσπέσιος

1911 4606 2013 4653 :tus
2049 4599 2117 4654 ad
2140 4601 2281 4658 hanc
2304 4601 2632 4672 legationem
2652 4601 2884 4674 Moyses,
2925 4619 3038 4658 non
3067 4602 3136 4657 ad
3163 4618 3284 4658 eam
3312 4611 3466 4658 recto

204 4686 440 4755 Μωσῆς,
472 4689 571 4742 οὐκ
600 4691 931 4764 εὐθυδρομεὶῑ
954 4694 1088 4765 πρὸς
1110 4697 1270 4750 τοῦτο
1291 4697 1358 4751 τὰ
1388 4699 1446 4751 ὲν
1471 4698 1660 4769 κόσμῳ
1693 4717 1787 4769 μευ

205 4778 342 4841 θεὶς,
379 4779 661 4850 μερίζεται
708 4784 764 4838 δὲ
803 4787 897 4839 καὶ
931 4789 1010 4851 εἰς
1058 4790 1312 4859 φροντίδα
1355 4792 1645 4863 σαρκικὴν,
1691 4791 1785 4845 καὶ

201 4871 317 4932 τοῖς
382 4873 524 4925 κατὰ
562 4874 720 4942 γένος
768 4879 1251 4946 προανακοινοὼαι
1296 4881 1394 4952 τὴν
1453 4883 1780 4953 ἀποδημίαν.

206 4961 313 5013 Καὶ
346 4962 410 5014 οὐ
439 4964 702 5036 πρότερον
732 4967 905 5033 ἐξέθει
952 4972 1052 5042 τῆς
1084 4973 1432 5042 Μαδιηναίων
1452 5011 1467 5036 ,
1507 4975 1556 5026 εί
1589 4975 1661 5045 μὴ
1699 4991 1786 5027 τε·

204 5050 412 5105 ονεῶτα
440 5055 624 5110 λοιπὸν
652 5059 743 5112 τὸν
781 5061 877 5129 τῆς
915 5064 1225 5131 Αἰγυπτίων
1279 5063 1546 5133 ἐμάνθανε
1578 5065 1784 5131 τύραν-

204 5157 294 5193 νον
318 5158 331 5171 °
378 5143 569 5199 ἐδεδίει
600 5149 709 5220 γὰρ
744 5151 994 5205 τεθνάναι
1024 5154 1163 5206 λίαν,
1211 5156 1427 5225 Ἐπειδὴ
1466 5156 1522 5209 δὲ
1551 5155 1657 5210 τῶν
1694 5158 1786 5210 ἐπὶ

202 5230 412 5297 τούτοις
431 5235 701 5307 δειμάτων
723 5241 1038 5313 ἀπήλλακτο
1059 5246 1490 5316 προηγγελκότος
1515 5245 1661 5318 αὐτῷ
1687 5248 1781 5301 τοῦ

202 5319 357 5386 Θεοῦ,
388 5325 507 5378 τότε
544 5327 610 5397 δὴ
646 5330 798 5399 μόλις
833 5334 1116 5388 ἀναλαϐὼν
1155 5336 1253 5407 τὴν
1303 5341 1537 5404 γυναῖκα
1582 5340 1674 5392 καὶ
1714 5339 1782 5393 τὰ

204 5414 408 5479 παιδία,
449 5421 699 5474 κάτεισιν
732 5426 812 5487 εἰς
835 5425 932 5496 τὴν
956 5428 1286 5496 Αἰγυπτίων,
1313 5431 1691 5500 ἀποπεραίνων
1716 5432 1782 5486 τὰ

205 5510 675 5578 προστεταγμένα.
702 5510 883 5576 Τύπος
903 5513 946 5565 δ’
970 5512 1036 5567 ἂν
1057 5515 1141 5586 εἴη
1163 5515 1318 5567 ταυτὶ
1338 5516 1438 5585 τῆς
1458 5515 1596 5568 κατὰ
1621 5516 1780 5587 νόμον

1891 4680 2058 4747 cursu
2090 4694 2285 4757 tendit,
2320 4695 2486 4749 rebus
2522 4695 2816 4751 mundanis
2857 4696 3115 4767 abjectis;
3141 4686 3466 4750 distrahitur

1892 4791 2077 4837 autem
2111 4784 2277 4840 etiam
2308 4785 2362 4839 in
2392 4801 2557 4840 curas
2607 4788 2876 4852 carnales,
2909 4801 2973 4841 ac
3001 4786 3158 4855 prius
3211 4801 3337 4839 cum
3372 4802 3466 4841 co-

1890 4875 2069 4945 gnatis
2099 4875 2167 4931 de
2199 4876 2537 4946 perfectione
2578 4894 2681 4958 sua
2712 4877 3082 4933 communicat
3105 4916 3119 4940 ,
3152 4890 3257 4930 nec
3306 4876 3463 4946 prius

1889 4966 2126 5021 excessit
2178 4984 2209 5023 e
2252 4967 2672 5024 Madianitarum
2719 4967 2958 5038 regione,
3006 4980 3170 5035 quam
3218 4967 3463 5023 audisset

1891 5065 2167 5112 mortuum
2198 5074 2318 5114 esse
2367 5058 2741 5131 Egyptiorum
2798 5066 3091 5128 tyrannum
3124 5075 3137 5110 :
3179 5058 3462 5113 metuebat
3494 5116 3497 5119 _

1890 5150 2039 5206 enim
2058 5151 2354 5205 admodum
2378 5167 2447 5205 ne
2471 5151 2720 5206 occidere
2732 5148 3037 5213 tur.At,ubi
3056 5149 3143 5204 his
3155 5150 3459 5205 terroribus

1889 5251 1995 5305 est,
2026 5243 2140 5297 Deo
2174 5244 2482 5306 nuntiante,
2509 5242 2795 5306 liberatus,
2822 5249 2935 5295 tum
2959 5256 3089 5295 vero
3112 5241 3201 5295 vix
3216 5241 3454 5304 tandem,

1888 5341 2113 5403 accepta
2147 5349 2316 5388 uxore
2345 5348 2409 5388 ac
2433 5331 2644 5395 liberis,
2678 5330 2962 5385 descendit
2990 5332 3047 5385 in
3073 5330 3453 5401 Egyptiorum

1887 5423 2045 5488 ﬁnes,
2073 5438 2136 5479 ac
2163 5424 2259 5478 Dei
2283 5425 2434 5493 jussa
2487 5421 2826 5491 exsequitur.
2860 5422 2985 5477 Haec
3006 5436 3135 5475 Vero
3177 5419 3359 5474 omnia
3386 5418 3488 5474 ﬂ-n

1887 5530 2034 5585 gurae
2066 5522 2195 5569 sunt
2225 5512 2371 5578 vitae,
2432 5512 2733 5568 secundum
2777 5513 2953 5583 legem
2999 5510 3282 5575 institutae,
3331 5525 3453 5579 qua

277 5616 503 5695 "Deut.
551 5641 705 5690 εγω,
740 5625 821 5681 13.
901 5629 943 5661 ³⁷
973 5628 1127 5685 Joan.
1163 5646 1256 5695 xu,
1288 5630 1369 5684 l9.
1449 5631 1494 5664 ⁸⁸
1518 5631 1678 5693 Rom.
1709 5646 1800 5684 vm

1980 5629 2023 5660 ³⁸
2052 5627 2218 5687 Matth
2272 5644 2324 5693 ν,
2358 5628 2444 5689 l7,
2516 5629 2560 5660 ⁵ο
2592 5627 2753 5684 llehr.
2799 5641 2891 5692 vn,
2937 5624 3021 5681 Η.
3099 5623 3139 5656 ⁸⁸
3170 5622 3343 5681 Exod.
3375 5639 3447 5693 tv,

211 5685 287 5752 t3,
330 5692 415 5759 is,
