3968 6300
503 262 600 318 ⁵255

1520 263 1576 320 S.
1616 264 1893 324 CYRILLI
1931 260 2405 319 ALEXANDRINI
2445 259 2762 316 ARCHIEP.

3657 258 3767 314 256

496 379 670 434 divisa
717 377 1124 447 quodammodo
1160 385 1265 442 est,
1319 379 1466 433 etin
1523 388 1816 450 utramque
1862 387 2070 449 partem

2178 376 2343 446 ζωῆς,
2379 374 2786 446 μεμερισμένης
2813 374 3010 445 τρόπον
3035 375 3178 442 τινά,
3207 376 3299 430 καὶ
3333 375 3418 430 ἐπ’
3445 375 3612 446 ἄμφω
3641 375 3767 446 βλε-

497 475 730 539 spectat,
765 469 834 523 ad
867 470 1102 536 divinas,
1141 471 1387 540 inquam,
1422 486 1512 525 res
1543 479 1601 524 et
1639 471 1939 536 humanas;
1970 487 2074 526 ne—

495 575 602 630 que
625 568 710 615 est
737 562 884 615 enim
915 578 946 615 a
981 562 1130 617 curis
1185 562 1420 617 terrenis
1443 576 1509 616 ac
1537 561 1835 616 mundanis
1879 561 2071 625 libera,

496 667 675 722 neque
695 653 846 707 omni
878 667 946 706 ex
975 660 1129 721 parte
1153 667 1325 707 sacra.
1368 652 1532 721 Atqui
1577 653 1892 723 evangelica
1941 668 2074 707 con-

496 745 739 799 versatio
769 745 920 799 nullo
957 744 1122 798 modo
1155 759 1381 813 prorsus
1409 744 1463 798 in
1485 759 1549 798 ea
1579 760 1700 814 quas
1729 745 1913 798 carnis
1949 752 2076 798 sunt

496 833 804 898 dividitur,
860 841 955 888 aut
1012 833 1416 887 mundanorum
1475 833 1819 903 negotiorum
1884 848 2074 898 curas;

494 926 632 996 quin
665 927 848 998 potius
872 940 985 989 eos,
1011 925 1106 994 qui
1132 925 1236 980 sub
1257 924 1467 980 Christi
1501 925 1714 980 ditione
1747 933 1899 989 sunt,
1933 931 2077 979 totos

495 1019 726 1074 omnino
759 1019 889 1081 Deo,
925 1017 1098 1071 veluti
1125 1027 1414 1072 consecrat
1451 1026 1615 1088 atque
1641 1018 1898 1072 dedicat:
1936 1035 1953 1067 ι
1974 1015 2078 1083 Qui

503 1110 647 1163 enim
681 1117 808 1163 sunt
841 1108 971 1163 Jesu
1003 1107 1231 1186 Christi,
1275 1109 1477 1178 inquit,
1507 1125 1730 1164 carnem
1762 1124 1916 1164 suam
1954 1124 2081 1164 cru-

499 1193 791 1254 ciﬁxerunt
829 1215 954 1254 cum
987 1200 1138 1255 vitiis
1162 1208 1220 1255 et
1253 1201 1720 1271 concupiscentiis
1759 1201 1824 1254 ".
1849 1220 1868 1252 ι
1891 1201 2079 1270 itaque

499 1291 608 1361 '76
638 1290 945 1359 discipulus
973 1293 1217 1362 quidam,
1249 1307 1375 1347 cum
1400 1293 1668 1348 accedens
1693 1292 2078 1348 dieeretChri-

499 1390 584 1437 sto
615 1401 626 1436 :
667 1403 684 1433 ε
712 1384 988 1454 Magister,
1013 1385 1274 1455 permitte
1319 1385 1458 1439 mihi
1491 1386 1646 1456 prius
1684 1385 1786 1449 ire,
1821 1393 1877 1440 et
1917 1399 2080 1455 sepe-

498 1473 604 1528 lire
632 1481 841 1544 patrem
895 1491 1079 1531 meum
1112 1477 1178 1542 ⁶³,
1207 1495 1225 1528 ι
1273 1492 1444 1533 sacra:
1470 1479 1620 1532 omni
1667 1493 1735 1533 ex
1771 1485 1925 1548 parte
1956 1478 2082 1534 vitae

500 1562 768 1617 rationem
796 1563 1011 1628 didicit,
1042 1580 1168 1618 cum
1197 1565 1346 1620 illico
1376 1567 1622 1622 audivit:
1654 1586 1672 1618 ι
1701 1564 1943 1636 Sequere
1969 1583 2077 1634 me;

499 1658 557 1704 et
605 1651 825 1706 dimitte
871 1662 1124 1708 mortuos
1179 1655 1416 1724 sepelire
1475 1665 1724 1711 mortuos
1783 1671 1914 1711 suos
1963 1657 2027 1711 “.
2055 1676 2072 1709 ι

2177 465 2408 532 πούσης,
2439 465 2574 534 πρός
2606 481 2663 517 τε
2689 464 2759 518 τά
2787 463 2906 517 θεῖά
2934 481 3075 535 φημι
3102 465 3197 519 καὶ
3227 464 3562 536 ἀνθρώπινα.
3604 467 3764 520 Ἔστι

2175 560 2284 628 γὰρ
2328 557 2392 627 δὴ
2439 555 2717 628 φροντίδος
2757 556 2855 609 ούκ
2903 557 3159 628 ἐλευθέρα
3191 557 3424 626 γεώδους
3455 575 3512 610 τε
3552 558 3645 612 καὶ
3675 575 3770 612 ιω-

2178 649 2401 719 σμικῆς,
2431 647 2555 700 οὔτε
2617 649 2722 718 μὴν
2751 648 2983 701 εἰσάπαν
3026 649 3164 716 ἱερὰ,
3201 648 3375 702 καίτοι
3413 649 3510 719 τῆς
3539 650 3770 718 εὐαγγε-

2173 741 2332 810 λικῆς
2358 740 2631 802 πολιτείας
2667 741 2767 812 οὐκ
2794 739 3022 810 ἐχούσης
3043 739 3178 804 ὅλως
3207 741 3266 794 τὸ
3290 741 3606 813 μερίζεσθαι
3628 742 3768 812 πρὸς

2179 831 2247 885 τὰ
2276 832 2499 902 σαρκὸς,
2532 831 2699 901 ἧγουν
2727 830 2862 902 πρὸς
2894 831 2962 884 τὰ
2989 833 3047 884 ὲν
3077 832 3266 902 κόσμῳ
3301 834 3624 903 πράγματα.
3649 833 3770 886 ὁλο-

2176 920 2393 991 τρόπως
2433 919 2518 982 δὲ,
2577 917 2765 989 ὥσπερ
2819 917 3152 990 ἀφιερούσης
3209 919 3285 990 τῷ
3332 920 3450 991 Θεῷ
3485 925 3609 986 τοὺς
3662 921 3768 975 ύπδ

2177 1010 2397 1082 Χριστῷ
2447 1011 2758 1080 γεγονότας.
2790 1029 2808 1062 ι
2847 1012 2910 1064 Οί
2952 1012 3059 1083 γὰρ
3087 1009 3179 1064 τοῦ
3223 1011 3398 1081 Ἰησοῦ
3443 1012 3716 1086 Χριστοῦ,
3742 1031 3760 1063 ι

2179 1103 2332 1173 φησὶ,
2358 1119 2377 1154 ι
2407 1100 2504 1173 τὴν
2532 1102 2707 1171 σάρκα
2728 1101 3076 1173 ἐσταύρωσαν
3102 1103 3198 1158 σὺν
3222 1107 3332 1167 τοῖς
3365 1101 3649 1175 παθήμασι
3672 1106 3767 1158 καλ⁸

2177 1196 2298 1256 ταῖς
2333 1193 2667 1263 ἐπιθυμίαις.
2695 1212 2714 1244 ι
2741 1193 2848 1248 Καὶ
2869 1192 2999 1263 γοῦν
3039 1195 3224 1267 ἐπειδή
3255 1213 3338 1259 τις
3371 1194 3476 1248 τῶν
3507 1195 3766 1266 μαθητῶν

2179 1280 2493 1354 προσελθὼν
2520 1281 2726 1352 ἔφασκε
2763 1282 2842 1354 τῷ
2869 1284 3111 1356 Χριστῷ·
3152 1302 3170 1336 ι
3198 1285 3515 1347 Διδάσκαλε,
3547 1287 3768 1357 ἐπίτρε-

2177 1373 2278 1443 ψόν
2305 1389 2396 1442 μοι
2416 1372 2630 1444 πρῶτον
2655 1372 2907 1428 ἀπελθεῖν
2929 1375 3022 1428 καὶ
3047 1374 3213 1446 θάψαι
3241 1375 3334 1430 τὸν
3361 1377 3571 1448 πατέρα
3599 1394 3725 1447 μου·
3741 1398 3757 1429 ι

2179 1464 2276 1534 τὴν
2310 1463 2460 1534 ίεράν
2509 1463 2816 1536 όλοτρόπως
2867 1465 3175 1519 ὲδιδάσκετο
3209 1466 3503 1528 πολιτείαν,
3538 1466 3755 1521 ἀκούων

2180 1554 2364 1618 εὐθύς·
2395 1571 2414 1606 ι
2448 1553 2756 1607 Ἀκολούθει
2787 1572 2898 1626 μοι,
2920 1555 3015 1608 καὶ
3039 1555 3176 1624 ἄφες
3196 1556 3323 1616 τοὺς
3344 1559 3570 1628 νεκροὺς
3591 1555 3758 1627 θάψαι

2179 1645 2305 1709 τοὺς
2331 1644 2538 1700 ἑαυτῶν
2563 1645 2808 1717 νεκρούς.
2855 1665 2874 1697 ι
2919 1646 3125 1716 Γράφει
3158 1646 3215 1699 δέ
3248 1663 3360 1700 τισι
3385 1648 3477 1700 καὶ
3508 1648 3536 1700 6
3562 1647 3758 1700 θεσπέ-

499 1741 645 1808 Quin
691 1743 857 1797 etiam
916 1745 1110 1799 scribit
1149 1745 1217 1799 ad
1283 1745 1550 1815 quosdam
1601 1746 1943 1800 admirabilis
1990 1747 2070 1802 vir

2178 1751 2289 1798 σιος
2319 1734 2556 1797 Παῦλος·
2593 1753 2611 1786 ι
2638 1735 2768 1788 Ὅτε
2803 1735 3103 1806 ηὐδόκησεν
3144 1737 3173 1788 6
3215 1735 3345 1800 Θεὸς
3405 1737 3761 1806 ἀποκαλύψαι

500 1831 741 1885 Paulus:
783 1851 801 1883 ‹
833 1832 970 1888 Cum
999 1835 1206 1904 placuit
1232 1836 1343 1890 Deo
1382 1837 1623 1891 revelare
1675 1837 1874 1892 Filium
1917 1853 2078 1893 suum

502 1922 561 1977 in
593 1939 702 1988 me,
731 1931 793 1978 ut
827 1927 1257 1998 evangelizarem
1299 1928 1454 1982 illum
1499 1929 1556 1982 in
1585 1929 1863 1998 gentibus,
1898 1931 2078 1985 conti-

501 2009 614 2068 nuo
646 2029 758 2069 non
787 2018 1094 2072 consultavi
1130 2034 1258 2074 cum
1296 2035 1459 2074 carne
1480 2022 1824 2092 etsanguine
1858 2021 1924 2076 “.
1948 2041 1966 2071 ι
2009 2022 2080 2078 At

499 2119 567 2160 ea
598 2105 809 2177 Moyses
842 2108 1070 2164 adhibet
1093 2109 1151 2163 in
1178 2111 1512 2178 consilium;
1554 2111 1731 2166 divisa
1769 2113 1918 2167 enim
1968 2121 2074 2180 est,

500 2207 564 2254 ut
601 2198 734 2264 dixi,
764 2199 858 2254 illa
909 2215 974 2254 ex
1004 2201 1122 2271 lege
1177 2201 1397 2257 vivendi
1439 2201 1598 2265 ratio,
1639 2204 1812 2257 metui
1861 2219 2079 2274 quoque

499 2292 693 2346 mortis
719 2291 972 2370 obnoxia.
1031 2293 1283 2347 Timebat
1327 2309 1563 2363 namque
1589 2294 1798 2366 Moyses
1846 2296 2077 2350 descen-

498 2380 631 2437 dere
665 2382 721 2436 in
757 2381 1074 2454 Egyptum,
1125 2383 1321 2438 mortis
1351 2384 1659 2453 periculum
1707 2385 2000 2456 refugiens.
2029 2387 2078 2441 Is

498 2483 684 2528 autem
713 2482 895 2528 metus
929 2475 984 2527 in
1013 2473 1236 2529 Christo
1269 2482 1568 2530 evacuatus
1611 2483 1714 2530 est.
1743 2476 1912 2545 quue
1940 2476 2080 2530 Pau-

499 2565 588 2619 lus
632 2565 778 2619 idem
816 2565 1107 2621 conﬁrmat
1137 2575 1252 2620 tum
1284 2566 1353 2622 de
1391 2565 1632 2632 Christo,
1663 2574 1778 2621 tum
1817 2569 1983 2623 etiam
2007 2569 2076 2624 de

499 2652 663 2708 nobis
691 2653 940 2722 loquens,
983 2674 1000 2704 ‹
1031 2654 1169 2720 Quia
1214 2656 1362 2710 enim
1418 2657 1576 2727 pueri
1628 2661 2074 2715 communicave-

499 2753 632 2798 runt
685 2745 852 2798 carni-
883 2752 940 2800 et
968 2747 1242 2817 sanguini,
1286 2754 1343 2802 et
1391 2747 1506 2818 ipse
1552 2749 1809 2804 similiter
1847 2752 2074 2820 partici-

498 2835 649 2905 pavit
677 2835 906 2900 eisdem,
942 2848 1004 2890 ut
1039 2852 1138 2907 per
1171 2847 1404 2893 mortem
1434 2839 1747 2894 destrueret
1779 2857 1927 2906 eum,
1978 2843 2073 2912 qui

499 2924 737 2981 habebat
764 2927 957 2983 mortis
992 2927 1306 2998 imperium,
1341 2929 1395 2983 id
1425 2937 1530 2994 est,
1581 2931 1882 2996 diabolum,
1918 2941 1974 2988 et
2004 2934 2072 2987 li-

499 3016 849 3084 berareteos,
869 3019 964 3089 qui
995 3020 1189 3075 timore
1221 3021 1416 3077 mortis
1447 3037 1545 3092 per
1575 3030 1743 3078 totam
1763 3021 1931 3078 vitam
1970 3027 2072 3080 ob-

2185 1826 2276 1878 τὸν
2298 1825 2423 1879 Υἱδν
2461 1825 2623 1880 αὑτοῦ
2657 1827 2714 1878 ὲν
2753 1826 2896 1897 ἐμοὶ,
2933 1827 3022 1880 ἵνα
3051 1827 3488 1896 εὐαγγελίζωμαι
3517 1829 3678 1882 αὐτὸν
3706 1831 3764 1884 ιν

2181 1917 2295 1978 τοῖς
2320 1914 2549 1978 ἔθνεσιν,
2585 1914 2785 1978 εὐθέως
2817 1915 2878 1967 ού
2921 1915 3334 1985 προσανεθέμην
3361 1917 3523 1986 σαρκὶ
3553 1917 3646 1970 καὶ
3676 1917 3763 1970 αῖ-

2186 2022 2336 2074 ματι.
2372 2024 2391 2058 ι
2423 2005 2883 2076 Προσανατίθεται
2911 2006 2969 2058 δὲ
2999 2006 3221 2075 Μωσῆς.
3259 2006 3598 2077 Μεμέρισται
3627 2008 3757 2079 γὰρ,

2179 2095 2254 2160 ὡς
2282 2096 2438 2166 ἔφην,
2475 2099 2507 2166 ή
2554 2097 2696 2150 κατά
2729 2097 2892 2167 νόμον
2926 2098 3036 2167 ζωὴ
3057 2137 3072 2163 ,
3108 2100 3280 2151 κεῖται
3315 2098 3371 2151 δὲ
3425 2098 3503 2152 ἔτι
3533 2100 3628 2153 καὶ
3659 2100 3763 2153 ὑπὸ

2177 2187 2389 2241 τὸντοῦ
2421 2187 2648 2240 θανάτου
2679 2187 2863 2256 φόϐον.
2916 2189 3134 2241 Ἐδεδίει
3167 2189 3280 2260 γάρ
3303 2191 3332 2243 ό
3356 2190 3558 2259 Μωσῆς
3593 2206 3756 2244 κατα-

2179 2278 2384 2332 ϐαίνειν
2428 2279 2508 2342 είς
2547 2279 2844 2346 Αἴγυπτον,
2895 2279 2956 2332 τὸ
3003 2279 3254 2334 τεθνάναι
3309 2281 3760 2350 παραιτούμενος.

2179 2369 2535 2440 Κατήργηται
2568 2369 2624 2422 δὲ
2656 2370 2751 2423 καὶ
2783 2368 2940 2422 τοῦτο
2975 2371 3033 2422 ὲν
3080 2369 3322 2440 Χριστῷ.
3352 2370 3459 2424 Καὶ
3493 2371 3767 2426 πιστώσε-

2177 2477 2268 2512 ται
2294 2460 2468 2528 λέγων
2488 2461 2515 2513 6
2537 2460 2681 2530 ίερὸς
2709 2460 2920 2523 Παῦλος
2953 2461 3079 2531 περί
3105 2477 3163 2514 τε
3189 2461 3427 2532 Χριστοῦ
3460 2463 3552 2516 καὶ
3578 2462 3759 2532 ήμῶν·

2182 2567 2203 2602 ι
2244 2550 2464 2622 Ἐπειδὴ
2505 2551 2614 2622 γὰρ
2659 2551 2728 2604 τὰ
2762 2550 2949 2604 παιδία
2996 2551 3360 2622 κεκοινώνηκε
3408 2553 3610 2624 σαρκὸς
3659 2555 3764 2609 καὶ

2175 2640 2426 2710 αἵματος,
2453 2642 2546 2694 καὶ
2570 2641 2731 2706 αὐτὸς
2751 2641 3144 2714 παραπλησίως
3169 2643 3397 2714 μετέσχε
3422 2645 3530 2697 τῶν
3551 2646 3760 2701 αὐτῶν·

2177 2738 2265 2792 ίνα
2291 2737 2380 2792 διά
2403 2738 2498 2792 τοῦ
2525 2738 2755 2792 θανάτου
2783 2744 3112 2812 καταργήσῃ
3134 2739 3224 2792 τὸν
3255 2739 3316 2792 τὸ
3345 2739 3542 2811 κράτος
3571 2740 3768 2810 ἔχοντα

2174 2830 2268 2883 τοῦ
2305 2831 2556 2894 θανάτου,
2583 2831 2727 2884 τοῦτ’
2754 2831 2891 2894 ἔστι,
2923 2831 3012 2884 τὸν
3053 2831 3318 2896 διάϐολον,
3356 2832 3449 2886 καὶ
3477 2834 3769 2906 ἀπαλλάξῃ

2173 2920 2416 2984 τούτους,
2447 2923 2560 2975 ὅσοι
2584 2921 2731 2992 φόϐῳ
2749 2921 2975 2976 θανάτου
2997 2922 3084 2976 διὰ
3115 2923 3313 2987 παντὸς
3334 2923 3426 2977 τοῦ
3447 2924 3546 2996 ζῇν
3579 2924 3765 2997 ἔνοχοι

2173 3007 2314 3084 ἦσαν
2347 3013 2605 3076 δουλείας.
2639 3033 2658 3066 ι
2702 3015 2992 3084 Τοιγάρτοι
3053 3017 3147 3070 καὶ
3185 3017 3349 3071 αὑτοῦ
3382 3017 3471 3071 τοῦ
3507 3019 3771 3074 τεθνάναι

496 3109 648 3163 noxii
693 3117 851 3163 erant
889 3111 1142 3166 servituti
1195 3111 1261 3166 ⁸⁸.
1288 3131 1305 3163 ι
1348 3113 1536 3183 Itaque
1594 3113 1858 3170 adversus
1899 3116 2070 3186 ipsam

2181 3104 2383 3173 λοιπὸν,
2416 3107 2444 3159 6
2469 3105 2577 3158 τῶν
2603 3107 2772 3174 ἁγίων
2796 3108 3260 3180 καταθρασύνεται
3288 3110 3430 3175 νοῦς.
3471 3113 3612 3184 Ἔφη
3648 3113 3770 3183 γὰρ

496 3215 714 3269 quoque
752 3212 984 3256 mortem
1021 3210 1336 3258 sanctorum
1373 3204 1619 3260 virorum
1649 3205 1866 3261 animus
1900 3207 2073 3261 auda-

496 3300 614 3348 cter
651 3293 906 3365 insurgit.
936 3293 1028 3348 Ait
1047 3295 1192 3350 enim
1221 3297 1424 3352 Paulus
1447 3313 1693 3352 rursum:
1723 3298 1882 3353 «Mihi
1914 3315 2072 3355 nam-

495 3398 601 3452 que
649 3386 835 3440 vivere
882 3385 1135 3441 Christus
1167 3394 1272 3452 est,
1329 3397 1386 3442 et
1433 3389 1570 3443 mori
1607 3389 1824 3444 lucrum
1849 3390 1916 3445 ‘7.
1947 3409 1964 3442 ι
2005 3391 2074 3445 Ει

496 3475 724 3530 iterum:
759 3495 778 3527 ι
801 3475 935 3542 Quis
961 3493 1064 3532 nos
1101 3480 1381 3548 separabit
1438 3495 1468 3534 a
1510 3481 1777 3535 charitate
1826 3480 2072 3536 Christi?

497 3563 827 3630 Tribulatio,
848 3581 916 3618 an
937 3566 1209 3635 angustia,
1237 3581 1304 3618 an
1326 3567 1656 3634 persecutio,
1688 3582 1757 3619 an
1784 3565 1972 3631 fames,
2001 3583 2069 3622 an

494 3659 735 3721 nuditas,
765 3674 834 3712 an
855 3659 1186 3727 periculum,
1219 3675 1287 3713 an
1330 3659 1544 3728 gladius
1577 3660 1658 3712 ‘°?
1683 3681 1701 3711 ι
1743 3660 1943 3718 Teneri
1970 3675 2070 3714 au-

495 3757 605 3801 tem
659 3755 809 3802 metu
837 3749 1034 3804 mortis
1066 3751 1258 3815 vitam,
1293 3767 1415 3821 qua:
1447 3767 1514 3805 ex
1555 3751 1698 3822 legis
1731 3751 1920 3821 regula
1963 3751 2069 3804 du-

495 3847 671 3902 catur;
724 3847 1026 3909 contraque
1075 3842 1270 3896 mortis
1313 3840 1586 3899 devitasse
1651 3841 1898 3911 laqueosf
1927 3841 2068 3896 hanc

495 3927 681 3997 gloria:
714 3929 931 3997 plenam
962 3929 1019 3984 in
1061 3928 1284 3986 Christo
1333 3930 1828 3992 conversationem,
1859 3929 1913 3984 id
1932 3945 2070 3999 quo-

495 4032 601 4086 que
625 4016 848 4087 planum
881 4016 941 4072 ﬁt
987 4033 1056 4073 ex
1101 4033 1187 4082 eo,
1221 4017 1370 4089 quod
1409 4033 1564 4073 sacra
1611 4017 1900 4088 Scriptura
1947 4019 2064 4073 cla-

493 4117 626 4173 mat,
669 4125 923 4180 regnasse
951 4118 1190 4165 mortem
1214 4111 1284 4166 ab
1321 4109 1497 4166 Adam
1521 4124 1698 4180 usque
1721 4109 1789 4165 ad
1819 4110 2061 4182 Moysen.

492 4198 628 4267 Quis
670 4215 804 4255 vero
838 4202 981 4255 alius
998 4201 1272 4256 destruxit
1303 4208 1556 4267 mortem,
1577 4207 1672 4256 aut
1693 4200 2063 4271 corruptionis

492 4290 783 4359 imperium
816 4290 1036 4362 dejeeit,
1067 4292 1415 4361 servavitque
1442 4305 1552 4345 non
1574 4290 1862 4346 credentes
1877 4291 2058 4354 modo,

2182 3195 2342 3250 πάλιν
2366 3196 2394 3248 6
2434 3194 2662 3258 Παῦλος·
2698 3214 2716 3247 ‹
2764 3197 2918 3268 Ἐμοὶ
2949 3200 3056 3271 γὰρ
3081 3200 3141 3253 τὸ
3167 3200 3265 3268 ζῇν
3291 3202 3543 3273 Χριστὸς,
3581 3205 3676 3256 καὶ
3707 3205 3771 3258 τὸ

2179 3285 2469 3340 ἀποθανεῖν
2501 3286 2707 3357 κέρδος.
2747 3307 2765 3340 ι
2811 3290 2920 3341 Καὶ
2947 3290 3128 3343 πάλιν·
3179 3310 3198 3342 ι
3231 3292 3325 3356 Τίς
3353 3295 3498 3363 ἡμᾶς
3532 3295 3770 3366 χωρίσει

2177 3378 2284 3431 ἀπὺ
2322 3378 2422 3448 τῆς
2454 3379 2673 3449 ἀγάπης
2697 3379 2789 3434 τοῦ
2823 3381 3096 3451 Χριστοῦί
3130 3381 3310 3452 θλίψις
3339 3386 3373 3456 ἢ
3403 3390 3767 3456 στενοχωρία,

2177 3468 2210 3539 ἦ
2251 3469 2520 3540 διωγμὸς,
2553 3471 2585 3541 ἢ
2619 3470 2803 3542 λιμὸς,
2835 3471 2867 3542 ἢ
2898 3474 3192 3544 γυμνότης,
3229 3476 3260 3546 ῆ
3291 3476 3551 3540 κίνδυνος,
3583 3478 3614 3547 ἦ
3649 3481 3771 3547 μά-

2177 3578 2374 3633 χαιρα;
2409 3582 2426 3614 ι
2457 3563 2579 3617 ’Ὁτι
2611 3562 2666 3616 δὲ
2705 3567 2817 3628 τοῖς
2839 3565 2934 3619 τοῦ
2975 3567 3205 3621 θανάτου
3232 3567 3478 3639 δείμασιν
3509 3571 3773 3640 ἐνέχεται

2181 3653 2278 3722 μὲν
2303 3655 2336 3724 ἡ
2363 3653 2504 3708 κατά
2527 3654 2688 3726 νόμον
2715 3654 2846 3726 ζωὴ,
2878 3656 3062 3728 διέδρα
3083 3657 3138 3711 δὲ
3158 3657 3314 3711 τοῦτο
3337 3659 3435 3730 τῆς
3457 3662 3515 3714 ἐν
3535 3661 3776 3733 Χριστῷ

2180 3743 2453 3808 πολιτείας
2484 3745 2543 3798 τὸ
2572 3746 2832 3818 καύχημα
2849 3788 2865 3812 ,
2892 3749 3061 3815 σαφὲς
3086 3748 3152 3802 ἂν
3178 3750 3408 3817 γένοιτο,
3439 3751 3774 3822 βεϐασιλευ-

2179 3834 2332 3888 κέναι
2379 3835 2471 3888 τὸν
2502 3834 2730 3888 θάνατον
2768 3836 2876 3889 ἀπὸ
2919 3835 3088 3901 Ἀδάμ
3133 3838 3228 3891 καὶ
3272 3840 3433 3909 μέχρι
3475 3842 3769 3909 Μωσέως,

2177 3927 2319 3998 ἱεροῦ
2353 3927 2579 3996 βοῶντος
2613 3927 2961 3997 Γράμματος.
3011 3927 3147 3980 Ἀλλ’
3194 3931 3222 3982 ό
3261 3934 3621 4002 καταργήσας
3671 3938 3771 3990 τὸν

2172 4017 2416 4080 θάνατον,
2471 4017 2565 4069 καὶ
2617 4019 2716 4088 τῆς
2764 4018 2969 4089 φθορᾶς
3019 4023 3348 4086 κατασείσας
3393 4025 3454 4076 τὸ
3509 4029 3770 4098 κράτος,

2168 4105 2455 4171 ἀνασώσας
2473 4124 2533 4160 τε
2561 4109 2694 4180 ὁμοῦ
2724 4112 2835 4174 τοῖς
2860 4111 3176 4166 πιστεύουσι
3203 4115 3294 4167 καὶ
3325 4115 3451 4179 τοὺς
3475 4117 3580 4171 ὑπὸ
3603 4123 3771 4192 νόμῳ

2167 4196 2685 4269 παιδαγωγηθέντας
2718 4201 2884 4269 ποτὲ,
2919 4203 3003 4267 τίς
3042 4203 3106 4257 ἂν
3139 4205 3224 4275 εἴη
3257 4205 3464 4277 ἔτερος,
3501 4208 3645 4280 πλὴν
3679 4213 3771 4266 ὅτι

2167 4285 2262 4340 καὶ
2304 4286 2463 4357 μόνος
2501 4289 2528 4340 ό
2567 4287 2772 4360 Κύριος
2815 4292 2975 4362 ήμῶν
3019 4293 3224 4364 Ἰησοῦς
3256 4295 3285 4347 6
3313 4296 3575 4366 Χριστός;
3623 4318 3642 4351 ι
3682 4303 3766 4354 Οὐ

490 4380 586 4435 sed
613 4397 710 4436 eos
751 4397 991 4452 quoque,
1040 4384 1134 4452 qui
1169 4383 1272 4438 sub
1315 4383 1452 4453 legis
1496 4381 1790 4452 disciplina
1822 4382 2059 4437 instituti

2174 4376 2274 4446 γὰρ
2298 4377 2554 4447 πρέσϐυς,
2582 4379 2680 4434 οὐκ
2709 4380 2958 4450 ἅγγελος,
2986 4381 3098 4435 ἀλλ’
3133 4384 3296 4448 αὐτὸς
3323 4387 3351 4438 ό
3381 4385 3582 4456 Κύριος
3615 4389 3767 4443 ἐσωο

488 4472 733 4536 fuerant,
796 4475 906 4528 nisi
957 4476 1110 4530 solus
1162 4475 1428 4530 Dominus
1460 4485 1650 4530 noster
1685 4475 1848 4531 Jesus
1899 4474 2058 4529 Chri-

488 4569 608 4616 stus
629 4562 720 4614 ⁸θῖ
757 4581 775 4613 ι
798 4563 917 4618 Non
941 4565 1090 4619 enim
1127 4564 1358 4634 legatus,
1395 4581 1505 4620 non
1534 4567 1778 4636 angelus,
1811 4564 1906 4619 sed
1942 4565 2058 4634 ipse

488 4653 754 4712 Dominus
775 4655 1008 4710 salvavit
1029 4671 1123 4710 eos
1139 4657 1207 4722 '°,
1231 4675 1248 4707 ι
1281 4659 1601 4729 prophetico
1625 4673 1887 4728 responso
1918 4672 2059 4727 prae-

489 4746 696 4802 dictum
727 4755 830 4803 est.
857 4749 1010 4803 Licet
1039 4756 1223 4804 autem
1277 4749 1377 4805 tibi
1402 4751 1736 4822 perspicere,
1785 4765 1964 4820 neque
2003 4749 2058 4804 id

2166 4487 2256 4524 σεν
2285 4470 2512 4535 αὐτοὺς,
2556 4489 2577 4522 ι
2611 4473 2946 4543 προφητικὸν
2994 4473 3098 4545 ἔφη
3139 4475 3537 4548 χρησμῴδημα.
3586 4479 3766 4546 Ἰδοις

2162 4561 2208 4615 δ’
2239 4562 2304 4615 ἂν
2338 4563 2432 4616 καὶ
2467 4561 2612 4632 μάλα
2641 4563 2824 4633 σαφῶς
2852 4565 2912 4618 τὸ
2941 4567 3033 4619 ἐπὶ
3086 4566 3222 4636 τῷδε
3260 4570 3554 4638 μυστήριον
3584 4567 3666 4632 ὡς
3700 4573 3766 4624 ἐν

2164 4653 2318 4723 τύπῳ
2361 4653 2522 4707 πάλιν
2563 4656 2675 4718 τοῖς
2726 4656 3096 4726 συμϐεϐηκόσι
3140 4655 3218 4728 τῷ
3259 4659 3515 4729 μακαρίῳ
3545 4660 3763 4732 Μωσῇ.

2177 4744 2532 4816 Ἐξοιχομένῳ
2557 4744 2668 4817 γὰρ
2702 4747 2801 4817 ’ήδη
2830 4747 2930 4823 τῆς
2959 4749 3327 4820 Μαδιηναίων,
3367 4749 3764 4806 διασπεύδοντί

489 4836 748 4904 obscure,
789 4840 953 4910 hujus
978 4840 1060 4895 rei
1087 4843 1408 4914 mysterium
1435 4843 1588 4897 velut
1621 4843 1678 4898 in
1723 4841 1892 4914 ﬁgura
1923 4858 2061 4913 qua-

2174 4850 2216 4888 re
2249 4832 2434 4887 λοιπὸν
2461 4837 2539 4897 εἰς
2567 4834 2872 4904 Αἴγυπτον,
2895 4836 2998 4909 ἔφη
3024 4838 3174 4902 Θεός·
3214 4858 3234 4891 ι
3270 4839 3761 4911 Εἰσπορευομένου

489 4929 616 4983 dam
652 4929 709 4983 in
767 4930 833 4984 iis
862 4930 1046 4996 rebus,
1098 4949 1219 5003 qua:
1247 4935 1411 4989 beato
1442 4934 1610 5004 Moysi
1669 4934 2059 5004 contigerunt:

485 5020 597 5088 jam
625 5020 771 5074 enim
802 5021 1166 5091 proﬁciscenti
1197 5041 1263 5080 ex
1293 5025 1712 5079 Madianitarum
1751 5024 1976 5088 ﬁnibus,
2001 5040 2064 5080 ac

490 5114 807 5183 properanti
849 5113 903 5168 in
942 5114 1256 5187 Egyptum,
1319 5115 1459 5169 dixit
1514 5114 1701 5167 Deus:
1753 5132 1771 5163 c
1805 5115 1945 5168 Dum
1973 5114 2062 5169 in-

490 5203 737 5273 grederis
782 5221 846 5261 ac
882 5209 1176 5263 reverteris
1213 5207 1268 5259 in
1299 5205 1611 5275 Egyptum,
1650 5203 1776 5266 vide
1807 5205 2054 5276 prodigia

489 5292 691 5350 omnia.
723 5310 844 5365 quae
872 5296 997 5351 dedi
1028 5298 1081 5351 in
1121 5295 1376 5349 manibus
1405 5293 1538 5358 tuis,
1567 5292 1740 5348 facies
1777 5309 1842 5348 ea
1868 5309 2053 5350 coram

486 5381 767 5440 Pharaone
788 5386 852 5438 ἰ.
879 5405 896 5436 ι
944 5386 1049 5456 77
1077 5387 1146 5441 Ει
1167 5381 1494 5452 quibusdam
1529 5381 1905 5452 interpositis:
1939 5401 1956 5433 ι
1986 5383 2057 5438 Ει

456 5475 707 5541 ‘accidit,
756 5477 959 5547 inquit,
991 5476 1048 5530 in
1083 5475 1302 5539 itinere,
1357 5473 1412 5528 in
1455 5473 1764 5530 diversorio
1809 5475 2057 5530 occurrit

559 5590 602 5620 δ’
632 5589 806 5645 Galat.
846 5606 899 5653 v,
929 5590 1018 5642 24.
1094 5589 1140 5620 ⁸³
1175 5589 1362 5646 Matth.
1406 5609 1519 5656 vm,
1549 5592 1638 5647 21.
1721 5593 1766 5625 ⁸⁵
1809 5594 2054 5649 lbid.22.

2174 5598 2177 5623 ί
2206 5595 2381 5651 Galat.
2416 5611 2456 5655 ι,
2497 5595 2581 5648 16.

2161 4943 2253 4980 σου
2281 4928 2376 4980 καὶ
2405 4927 2837 4998 άποστρὲφοντος
2861 4931 2942 4994 είς
2973 4930 3268 4999 Αἴγυπτον,
3304 4933 3405 5003 ὅρα
3437 4931 3507 4985 τὰ
3536 4933 3761 5002 τέρατα

2160 5019 2360 5084 πάντα,
2405 5018 2442 5073 ἃ
2474 5019 2681 5074 δέδωκα
2716 5022 2773 5074 ὲν
2815 5024 2935 5087 ταῖς
2979 5023 3135 5094 χερσί
3169 5039 3285 5089 σου,
3320 5024 3567 5092 ποιήσεις
3602 5024 3762 5078 αὐτὰ

2161 5111 2400 5165 ἐναντίον
2428 5110 2646 5184 Φαραὼ.
2685 5132 2704 5165 ι
2751 5115 2860 5168 Καὶ
2904 5115 3022 5184 μεθ’
3059 5116 3239 5186 ἔτερα·
3298 5133 3317 5167 ι
3351 5116 3458 5169 Καὶ
3483 5115 3716 5184 ἐγένετο
3740 5160 3756 5182 ,

2163 5201 2347 5271 φησὶν,
2400 5203 2458 5256 ἐν
2496 5205 2562 5274 τῇ
2597 5203 2734 5274 ὁδῷ,
2783 5205 2842 5258 ὲν
2885 5205 2963 5276 τῷ
3006 5205 3349 5276 καταλύματι
3411 5208 3758 5278 συνήντησεν

2161 5292 2312 5364 αύτῷ
2336 5293 2562 5362 ἄγγελος
2592 5296 2796 5368 Κυρίου
2816 5335 2830 5358 ,
2867 5297 2961 5350 καὶ¹
2993 5298 3173 5369 ἐζήτει
3203 5298 3364 5352 αὐτὸν
3393 5299 3754 5353 ἀποκτεῖναι·

2162 5386 2257 5439 καὶ
2282 5385 2520 5440 λαϐοῦσα
2550 5387 2821 5458 Σεπφὼρα
2851 5388 3051 5458 ψῆφον,
3103 5390 3397 5461 περιέτεμε
3436 5389 3533 5461 τὴν
3565 5391 3757 5462 ἀκρο-

2161 5475 2387 5531 ϐυστίαν
2419 5476 2511 5530 τοῦ
2556 5477 2672 5530 υἱοῦ
2697 5478 2916 5548 ,αὑτῆς,
2949 5479 3043 5532 καὶ
3088 5480 3394 5551 προσέπεσε
3431 5481 3568 5550 πρδις
3608 5483 3758 5546 τοὺς

2659 5595 2887 5669 “ﬂebr.
2925 5598 3141 5663 vm,”,
3186 5598 3270 5653 15.
3350 5600 3396 5632 ⁸⁷
3429 5597 3674 5669 Philipp.
3707 5615 3757 5668 l,

489 5659 580 5714 21.
658 5659 703 5690 ⁸⁸
732 5659 890 5713 Rom.
925 5674 1036 5726 vnt,
1079 5658 1166 5714 35.
1245 5661 1287 5694 ⁸⁹
1333 5661 1445 5716 bid.
1506 5680 1558 5730 ν,
1593 5663 1675 5721 12.
1753 5665 1798 5697 ⁵ο
1839 5665 1939 5721 isa.
1983 5674 2064 5721 LXI

2174 5666 2213 5721 ).
2292 5667 2334 5697 ⁸¹
2382 5664 2550 5719 Ewd.
2591 5680 2660 5722 ιγ,
2691 5665 2778 5717 21.
