3968 6300
209 283 308 342 257
943 280 1039 343 DE
1075 281 1521 344 ADORATIONE
1558 287 1625 343 IN
1667 278 1932 344 SPlRl'lli
1971 289 2061 344 ET
2095 283 2464 344 VER'ITATE.
2506 289 2633 346 LIB.
2672 285 2739 346 ll.
3349 292 3454 350 258

211 399 370 461 πόδας
407 396 572 452 αὑτοῦ
594 439 612 466 ,
667 399 759 452 καὶ
799 393 976 456 εἶπεν·
1032 404 1201 476 Ἐστη
1243 405 1305 458 τὸ
1351 398 1490 476 αἷμα
1539 405 1643 472 τῆς
1686 421 1821 468 ars-4

1908 406 1966 460 Ili
1995 406 2222 477 angelus
2275 407 2515 471 Domini,
2553 416 2610 462 et
2659 406 2939 477 quaerebat
2994 407 3248 464 occidere
3276 424 3451 475 eum;

213 488 435 561 ριτομῆς
483 488 578 543 τοῦ
623 489 834 545 παιδίου
879 505 1006 562 μου.
1047 511 1066 546 ι
1099 489 1247 566 Ἀρά
1277 513 1360 549 σοι
1394 497 1606 568 μακροῦ
1647 495 1783 566 πρὸς

1905 513 2013 554 :um
2047 509 2230 554 autem
2268 499 2570 569 accepisset
2586 498 2870 570 Sepphora
2901 499 3193 565 calculum,
3217 502 3454 557 circum-

213 586 502 654 σαφήνειαν
529 582 711 654 δεήσει
732 584 891 652 λόγου
909 601 926 652 ις
950 585 1116 655 ἧγουν
1146 589 1373 660 ἐναργὲς
1403 589 1462 642 τὸ
1487 587 1780 660 θεώρημα;

1905 589 2024 644 :idit
2056 590 2382 659 praeputium
2409 589 2510 644 ﬁlii
2542 590 2649 654 sui,
2681 597 2739 644 et
2759 588 3000 661 procidit
3027 590 3096 645 ad
3124 591 3292 659 pedes
3310 594 3454 664 ejus,

213 685 266 730 et
294 676 470 730 dixit:
501 673 667 730 Stetit
698 677 920 746 sanguis
941 678 1386 735 circumcisionis
1402 680 1626 736 ﬁliimei
1662 699 1674 733 :
1705 689 1762 735 et
1797 679 2136 736 discessitab
2173 697 2262 746 eo,
2292 683 2420 751 quia
2445 683 2581 736 dixit
2606 701 2618 736 :
2652 681 2813 738 Stetit
2832 683 3053 752 sanguis
3074 683 3453 740 circumcisio-

210 768 290 821 nis
333 755 438 820 ﬁlii.
456 767 564 822 mei
601 767 667 819 ".
697 785 716 818 ι
749 768 944 824 Utrum
988 769 1157 840 igitur
1208 771 1307 826 tibi
1345 771 1579 844 longiori
1633 785 1773 842 opus
1837 779 1926 825 est
1989 771 2236 828 oratione
2291 774 2360 828 ad
2398 773 2826 843 explicandum?
2869 787 2938 826 an
2993 772 3316 842 perspicuus
3370 783 3455 828 est

209 866 360 918 locus
395 861 463 915 ad
497 861 976 932 contemplandum
1007 865 1369 934 propositus?

280 950 485 1002 HAAA.
509 948 584 1002 Οὺ
608 949 706 1020 μὲν
727 944 821 1004 οὖν
838 967 852 981 ν
881 951 1103 1022 συνίημι
1127 953 1236 1022 γὰρ
1261 952 1508 1025 οὐδαμῶς
1524 954 1554 1006 ὅ
1573 954 1626 1006 τί
1654 952 1784 1006 ποτέ

1959 949 2158 1005 PALL.
2193 949 2410 1004 Binime
2469 949 2726 1020 quidem:
2770 963 2951 1021 neque
3005 950 3155 1004 enim
3188 949 3453 1021 intelligo,

212 1042 326 1091 ἐστι
359 1039 420 1092 τὸ
465 1038 539 1103 ὡς
589 1039 648 1093 ὲν
687 1041 814 1110 σκιᾷ
857 1040 935 1112 τῷ
989 1041 1356 1114 συμϐεϐηκότι
1429 1042 1783 1098 καταδεικνύ-

1905 1040 2154 1110 quidnam
2204 1042 2344 1096 illud
2400 1040 2492 1107 sit,
2526 1042 2672 1111 quod
2728 1043 2883 1098 velut
2929 1057 3030 1112 per
3059 1039 3311 1096 umbram
3348 1042 3462 1098 hoc

211 1147 390 1202 μενον.

1905 1130 2038 1185 'acto
2063 1131 2428 1200 signiﬁcetur.
3391 1143 3396 1150 '

277 1224 442 1278 ΚΥΡ,
472 1223 546 1277 Οὐ
575 1221 680 1294 γὰρ
701 1265 716 1290 ,
750 1215 796 1277 ὦ
841 1222 1092 1296 φιλότης,
1131 1224 1330 1297 ἀληθὲς
1357 1217 1497 1279 εἶναι
1530 1225 1636 1297 φὴς
1655 1265 1670 1291 ι
1701 1226 1782 1280 ὅτι

1959 1220 2116 1274 CYR.
2151 1221 2365 1285 Nonne,
2398 1222 2627 1287 Palladi,
2651 1237 2843 1277 verum
2871 1237 2993 1278 esse
3030 1224 3130 1290 ais,
3163 1225 3328 1280 morti
3357 1225 3458 1280 ob-

207 1314 439 1369 θανάτου
478 1313 706 1386 κάτοχος
739 1315 773 1386 ἡ
803 1314 1090 1386 ἀνθρώπου
1122 1315 1284 1386 φύσις
1316 1318 1382 1370 ὲκ
1420 1320 1519 1390 τῆς
1551 1317 1783 1389 ἀρχαίας

1905 1311 2108 1366 ioxiam
2131 1311 2330 1366 factam
2382 1327 2504 1366 esse
2537 1313 2822 1367 hominum
2874 1323 3126 1374 naturam
3185 1331 3252 1371 ex
3288 1317 3459 1372 male—

209 1405 420 1475 ὲκείνης
448 1405 668 1474 γέγονεν
700 1403 876 1476 apag;
927 1404 1141 1477 εἴρηται
1170 1407 1278 1480 γὰρ
1311 1408 1448 1480 πρὸς
1492 1409 1675 1478 ἡμᾶς,
1709 1408 1808 1472 ὡς’

1905 1401 2037 1456 iicto
2069 1403 2390 1457 illo.veteri?
2421 1403 2631 1458 dictum
2663 1418 2899 1474 namque
2932 1405 3200 1460 adversus
3228 1422 3328 1462 nos
3347 1416 3457 1473 est,

209 1498 264 1548 ὲν
303 1497 526 1569 ἀπαρχῇ
581 1495 674 1549 τοῦ
721 1495 912 1565 γένους
970 1499 1066 1551 καὶ
1116 1497 1249 1570 ῥίζῃ
1287 1502 1354 1572 τῇ
1404 1501 1668 1555 ἀνωτάτω
1707 1498 1786 1574 τῷ

1905 1494 2037 1564 ιιιοά
2064 1503 2149 1550 est
2178 1495 2280 1564 ipsi
2313 1495 2512 1560 Adam,
2543 1495 2714 1549 veluti
2742 1496 3007 1566 primitiis
3026 1497 3200 1552 nostri
3223 1499 3459 1568 generis,

222 1586 410 1658 Ἀδάμ·
449 1605 467 1639 ι
503 1586 578 1658 Γῆ
605 1580 676 1653 εἴ,
707 1586 801 1640 καὶ
820 1589 901 1651 είς
927 1587 1029 1660 γῆν
1062 1589 1356 1662 ἀπελεύσῃ.
1401 1610 1421 1644 ι

282 1765 489 1820 ΠΑΛΛ.
522 1764 669 1820 Πάνυ
703 1765 800 1836 μὲν
831 1759 944 1821 οὖν.

287 1855 454 1911 ΚΥΡ.
499 1854 708 1909 Οὐκοῦν
756 1857 1054 1928 ἐπειδήπερ
1084 1857 1182 1929 τὴν
1222 1858 1315 1912 τοῦ
1359 1859 1549 1930 γένους
1593 1861 1786 1933 ἀρχὴν,

209 1947 298 2000 τὸν
333 1949 398 2000 ὲκ
428 1947 528 2016 τῆς
554 1947 830 2019 ἁμαρτίας
859 1947 1208 2018 συμϐέϐηκεν
1231 1951 1584 2022 ἁρῤωστῆσαι
1625 1952 1790 2006 θάνα-

209 2053 318 2101 τον,
352 2037 670 2106 ἀναγκαίως
703 2037 799 2091 καὶ
819 2039 897 2102 εἰς
924 2039 1069 2108 ἡμᾶς
1106 2039 1301 2104 αὐτοὺς
1320 2041 1382 2094 τὸ
1406 2042 1592 2114 χρῆμα
1615 2042 1788 2113 διέϐη,

214 2129 304 2182 καὶ
332 2125 477 2197 ὁμοῦ
511 2129 576 2198 τῇ
601 2125 728 2200 ῥίζῃ
761 2128 852 2182 καὶ
871 2128 938 2190 τᾲ
973 2129 1030 2196 ἐξ
1051 2129 1220 2202 αὐτῆς
1241 2131 1536 2186 ἀναθέοντα
1566 2151 1790 2189 κατενεο

213 2218 360 2290 μήθη
379 2217 544 2288 φυτά.
575 2218 819 2290 Φθαρτοῦ
837 2218 946 2292 γὰρ
971 2219 1221 2292 σώματος
1245 2223 1478 2293 φθαρτὸς
1500 2225 1528 2278 ό
1555 2224 1790 2294 καρπός.

211 2307 369 2360 υῦτω
405 2306 755 2377 βεϐασίλευκε
789 2307 930 2362 κατὰ
965 2309 1180 2363 πάντων
1208 2313 1236 2363 ό
1275 2310 1502 2376 θάνατος
1523 2354 1538 2379 ,
1569 2315 1664 2368 καὶ
1693 2314 1792 2384 μέ-

213 2417 334 2471 χρις
359 2396 528 2452 αὑτοῦ
559 2397 824 2465 Μωσέως,
845 2399 989 2453 τοῦτ’
1018 2399 1154 2469 ἐστι,
1181 2400 1289 2455 τῶν
1321 2403 1463 2457 κατά
1487 2405 1649 2476 νόμον
1675 2423 1796 2460 και-

213 2489 342 2560 ρῶν.
373 2487 553 2552 Τύπος
575 2483 670 2542 οὖν
697 2489 804 2561 ἄρα
841 2491 1020 2561 σαφής
1048 2508 1109 2544 τε
1137 2493 1229 2546 καί
1253 2494 1489 2564 ἐναργὴς
1512 2495 1605 2549 τοῦ
1632 2497 1794 2568 μέχρι

211 2579 459 2644 Μωσέως
487 2580 699 2651 ἰσχύσαι
730 2580 822 2635 τὸν
860 2579 1110 2650 θάνατον,
1145 2583 1238 2637 καὶ
1274 2584 1594 2640 ὑποκεῖσθαι
1621 2588 1796 2660 φθορᾷ

210 2673 279 2726 τὰ
305 2671 622 2744 ἀνθρώπινα
647 2711 661 2736 ,
702 2668 763 2726 τὺ
803 2672 1090 2742 ἀγγελικὸν
1132 2676 1436 2749 ἐγχείρημα
1480 2678 1622 2733 κατὰ
1667 2682 1798 2735 Μω-

215 2766 354 2830 σέως
375 2765 516 2818 τότε.
545 2764 689 2837 Πλὴν
705 2764 972 2819 ἐδυσώπει
982 2766 1072 2820 τὸν
1089 2767 1458 2840 όλοθρεύοντα,
1481 2772 1577 2827 καὶ
1595 2773 1799 2842 ἁφίστα

213 2856 482 2920 Μωσέως,
513 2857 547 2926 ἡ
576 2855 820 2921 σύνοικός
846 2874 906 2910 τε
928 2858 1022 2912 καὶ
1055 2861 1469 2933 συνηρμοσμένη
1503 2864 1796 2936 Σεπφὼρα,

1821 1583 1863 1638 Β
1893 1592 1950 1638 et
1980 1599 2248 1654 supremae
2283 1583 2459 1638 radici
2494 1583 2735 1651 dictum;
2776 1604 2793 1636 ι
2824 1585 2992 1639 Terra
3020 1600 3103 1651 es,
3138 1597 3195 1641 et
3254 1587 3312 1640 in
3342 1596 3459 1642 ter-

1890 1689 2006 1729 ram
2033 1674 2142 1728 ibis
2168 1674 2234 1726 ⁸³.
2260 1693 2279 1725 ›

1959 1761 2164 1820 ΡΑιιιζ
2190 1764 2418 1821 Maxime
2440 1781 2593 1821 vero.

1959 1857 2118 1914 (ΝΒ.
2165 1857 2301 1912 Cum
2360 1858 2526 1928 igitur
2576 1858 2870 1924 evenisset,
2911 1869 2973 1913 ut
3021 1861 3199 1931 ipsum
3248 1876 3464 1932 genens

1891 1948 2065 2004 nostri
2109 1949 2325 2004 initium
2357 1949 2543 2013 morti,
2591 1962 2812 2017 quaa'ex
2864 1959 3089 2019 peccato
3139 1952 3461 2016 exstiterat,

1892 2039 2200 2109 subjectum
2240 2048 2412 2103 esset,
2458 2036 2774 2093 necessario
2829 2039 2884 2092 in
2917 2055 3020 2094 nos
3063 2041 3210 2110 ipsos
3245 2057 3465 2110 quoque

1894 2131 1998 2185 hoc
2048 2131 2251 2185 malum
2287 2131 2663 2201 pertransivit,
2708 2137 2765 2186 et
2795 2146 2906 2185 una
2959 2145 3083 2184 cum
3123 2130 3306 2185 radice
3341 2148 3465 2201 ger.

1894 2227 2043 2280 mina
2079 2240 2300 2296 quoque
2349 2240 2417 2279 ex
2463 2225 2556 2280 illa
2614 2225 2944 2295 prodeuntia
2995 2226 3284 2295 depastum
3341 2237 3462 2294 est;

1893 2331 2020 2370 nam
2051 2314 2429 2384 corruptibilis
2457 2316 2709 2385 corporis
2764 2315 2978 2370 fructus
3006 2317 3172 2370 etiam
3193 2319 3467 2387 corrupti-

1895 2406 2151 2468 biljssit,
2187 2421 2415 2462 necesse
2473 2415 2592 2472 est;
2640 2406 2715 2460 ita
2779 2407 3076 2477 «regnavit
3108 2424 3256 2463 mors
3304 2424 3470 2479 super

1896 2512 2106 2563 omnes,
2152 2497 2219 2552 ad
2263 2499 2442 2569 ipsum
2489 2513 2667 2568 usque
2721 2499 2965 2568 Moysen,
2992 2519 3010 2550 ι
3056 2499 3112 2553 id
3156 2509 3262 2564 est,
3296 2516 3469 2569 usque

1895 2589 1964 2644 ad
1991 2590 2108 2659 ipsa
2138 2589 2276 2660 legis
2312 2597 2557 2659 tempora
2583 2590 2651 2642 “.
2702 2588 2930 2644 Mortem
2959 2589 3125 2660 igitur
3181 2604 3356 2659 usque
3400 2591 3468 2645 ad

1896 2682 2119 2753 Moysen
2146 2682 2298 2737 vires
2323 2681 2608 2745 habuisse,
2649 2695 2716 2736 ac
2766 2695 2855 2735 res
2886 2681 3158 2735 humanas
3185 2679 3353 2734 fuisse
3379 2679 3466 2735 in-

1899 2772 2088 2828 teritui
2118 2772 2413 2843 subjectas,
2445 2773 2537 2827 ille
2586 2772 2766 2844 angeli
2795 2779 2928 2826 tunc
2953 2771 3218 2827 adversus
3249 2772 3469 2843 Moysen

1899 2872 2132 2920 conatus
2170 2863 2342 2935 ﬁgura
2388 2865 2616 2919 evidens
2673 2879 2738 2918 ac
2786 2864 3077 2935 perspicua
3117 2864 3243 2918 fuit.
3295 2864 3468 2920 Caete-

214 2953 380 3024 ψήφῳ
413 2952 476 3005 τὸ
506 2953 703 3006 οίκείον
741 2949 1107 3024 πριτεμοῦσα
1145 2929 1385 3019 παιδίον,
1427 2929 1798 3026 ἐκλιπαρούσά

1905 2969 2021 3008 rum
2046 2953 2382 3024 compescuit
2433 2954 2915 3009 exterminatorem
2941 2994 2955 3018 ,
2991 2963 3048 3008 et
3094 2969 3124 3008 a
3154 2955 3336 3019 Moyse
3370 2954 3469 3008 de-

215 3060 277 3096 τε
317 3043 415 3096 καὶ
447 3043 702 3112 λέγουσα·
739 3061 760 3095 ι
799 3043 968 3114 Ἔστη
997 3043 1057 3096 τὸ
1094 3040 1232 3114 αἷμα
1251 3043 1352 3115 τῆς
1378 3047 1678 3117 περιτομῆς
1705 3045 1796 3100 τοῦ

218 3133 428 3186 παιδίου
473 3149 592 3203 μου.
632 3151 652 3184 ι
688 3133 858 3203 Ἔστη
890 3132 947 3184 δὲ
976 3133 1038 3186 τὸ
1067 3128 1225 3204 αἷμα,
1258 3132 1442 3206 φησὶν,
1477 3134 1574 3205 ούχ
1595 3136 1669 3200 ὼς
1699 3139 1799 3208 τῆς

216 3223 308 3279 τοῦ
330 3225 561 3294 αἵματος
585 3222 789 3295 ῥύσεως
813 3224 1272 3297 ὰποπαυσαμένης
1291 3242 1304 3255 ·
1329 3226 1448 3279 οὐδὲ
1470 3229 1599 3300 γὰρ,
1621 3226 1796 3300 οἶμαι,

217 3313 375 3367 τοῦτο
408 3312 631 3383 μεθίστη
661 3311 791 3366 ποτὲ
846 3311 939 3366 τοῦ
980 3315 1144 3385 φονᾷν
1175 3314 1378 3370 ἐθέλειν
1415 3317 1505 3371 τὸν
1551 3319 1800 3390 ὀλοθρευ-

218 3408 335 3479 τὴν,
367 3409 484 3462 ἀλλ’
512 3408 776 3461 οἱονείπου
812 3407 998 3479 ἔλεγε¹
1034 3409 1352 3481 Πέπρακται
1383 3410 1476 3464 καὶ
1510 3410 1802 3481 πεπλήρω-

218 3516 309 3553 ται
340 3499 404 3552 τὸ
433 3499 622 3553 δοκοῦν
647 3499 724 3571 τῷ
753 3499 892 3571 Θεῷ,
941 3500 1085 3554 τοῦτ’
1120 3501 1288 3570 ἔστιν,
1333 3503 1366 3573 ἡ
1402 3503 1668 3573 περιτομὴ
1706 3501 1799 3555 τοῦ

223 3591 455 3643 παιδίου*
496 3591 684 3659 ὥσπερ
725 3591 791 3644 ἂν
828 3593 990 3655 εἴτις
1037 3593 1184 3662 λέγοι
1238 3593 1496 3666 τυχόν-Ὀ
1525 3595 1674 3648 τοῦδε
1706 3593 1799 3647 τοῦ

223 3681 546 3752 πράγματος
602 3679 730 3750 ἔστη
764 3679 949 3747 τύπος,
983 3681 1171 3752 ἤγουν,
1203 3683 1370 3754 Ἔπη
1405 3682 1565 3754 τυχὸν
1596 3684 1624 3736 ὀ
1667 3683 1802 3753 πρὸς

221 3769 334 3822 τόδε
366 3770 544 3838 λόγος.
581 3770 727 3822 Ἀντὶ
775 3771 904 3838 τοῦ,
946 3771 1088 3843 Πρὸς
1127 3771 1297 3842 πέρας
1325 3773 1449 3844 ἥκει
1493 3772 1587 3827 καὶ
1639 3772 1802 3827 δέδει-

223 3876 367 3916 κται.

296 4137 506 4190 ΠΑΛΛ.
537 4136 672 4189 Εἶτα
703 4134 787 4199 τίς
821 4135 956 4206 πρὸς
994 4136 1151 4206 ἡμῶν
1197 4133 1230 4206 ἡ
1275 4133 1547 4208 Σεπφώρα
1597 4141 1802 4210 νοοῖτο;

1897 3047 2039 3117 pulit
2085 3063 2225 3101 uxor
2251 3046 2561 3116 Sepphora,
2615 3061 2741 3100 cum
2773 3061 2932 3100 suum
2974 3047 3089 3116 ipsa
3139 3047 3310 3100 tilium
3356 3047 3469 3099 cal-

1898 3138 2023 3193 culo
2098 3136 2555 3200 circumcidisset,
2629 3145 2790 3204 atque
2843 3135 3160 3205 supplicans
3224 3135 3466 3205 diceret:

1907 3246 1925 3278 ‹
1959 3227 2124 3283 Stetit
2159 3226 2384 3296 sanguis
2440 3225 2880 3280 circumcisionis
2922 3224 3017 3277 ﬁlii
3055 3225 3163 3280 mei
3200 3224 3267 3277 ⁵⁸.
3294 3243 3310 3275 ι
3347 3225 3470 3278 Ste-

1900 3319 1968 3372 tit
1994 3327 2179 3372 autem
2200 3317 2444 3386 sanguis,
2470 3331 2579 3370 non
2612 3331 2679 3370 eo
2718 3331 2883 3370 sensu
2909 3314 3066 3379 dixit,
3101 3316 3255 3384 quasi
3302 3315 3472 3370 ﬂuere

1901 3408 2122 3480 sanguis
2163 3407 2447 3471 desiisset;
2487 3420 2666 3476 neque
2698 3406 2848 3461 enim
2901 3387 3236 3475 id,.opinor,
3289 3415 3493 3476 exter--

1901 3500 2227 3553 minatorem
2258 3513 2288 3551 a
2324 3496 2607 3551 voluntate
2638 3495 2804 3551 caedis
2832 3495 3098 3552 faciendae
3121 3498 3469 3551 retraxisset:

1902 3585 1999 3642 sed
2029 3601 2169 3656 pene
2197 3587 2303 3641 hoc
2328 3585 2506 3640 dixit:
2539 3584 2852 3640 Perfectum
2893 3593 2978 3640 est
3016 3593 3180 3655 atque
3231 3587 3474 3657 comple-

1905 3685 2040 3742 tum,
2067 3677 2214 3748 quod
2245 3679 2357 3733 Deo
2389 3677 2570 3732 visum
2599 3686 2716 3744 est;
2751 3676 2806 3731 id
2855 3685 3038 3732 autem
3079 3686 3197 3733 erat
3235 3677 3332 3732 ﬁlii
3365 3679 3476 3733 mei

1900 3769 2285 3836 circumcisio;
2315 3779 2376 3824 ut
2401 3770 2446 3824 si
2473 3769 2616 3839 quis,
2637 3769 2794 3824 verbi
2818 3771 3009 3840 gratia,
3037 3769 3244 3824 diceret
3271 3770 3477 3840 :llujus

1901 3861 1983 3916 rei
2013 3860 2187 3932 ﬁgura
2212 3862 2400 3927 stetit;
2452 3869 2550 3915 aut
2576 3868 2729 3915 certe
2756 3876 2769 3913 :
2797 3859 2970 3931 Hujus
3005 3859 3119 3924 rei,
3165 3860 3319 3915 verbi
3350 3876 3478 3930 gra-

1905 3953 2001 4018 tia,
2031 3953 2172 4007 ratio
2197 3954 2387 4018 stetit;
2415 3952 2561 4022 quod
2589 3952 2734 4008 idem
2758 3954 2922 4017 valet,
2948 3967 3011 4009 ac
3056 3953 3102 4006 si
3138 3951 3416 4008 diceretur
3443 3971 3455 4005 :

1905 4044 1988 4098 Ad
2019 4045 2182 4099 ﬁnem
2207 4045 2480 4114 pervenit,
2514 4058 2578 4097 ac
2607 4044 2988 4098 demonstrata
3017 4057 3106 4096 res
3137 4051 3242 4097 est.

1973 4135 2170 4190 PALL.
2209 4135 2482 4190 Caeterum
2539 4133 2669 4204 quid
2723 4134 3028 4203 intelligere
3066 4148 3362 4202 possumus
3399 4133 3476 4186 si-

233 4225 284 4278 τί
311 4227 369 4279 δὲ
393 4228 427 4296 ὴ
458 4225 659 4295 ψῆφος,
691 4225 784 4277 καὶ
820 4226 852 4294 ἠ
894 4224 960 4276 δι’
991 4225 1158 4295 αὐτῆς
1201 4227 1466 4299 γενομένη
1494 4235 1799 4303 περιτομή;

1907 4224 2168 4296 gniﬁcare
2196 4225 2537 4294 Sepphoram
2559 4224 2584 4276 ἳ
2604 4224 2738 4293 quid
2788 4225 2919 4277 item
2947 4215 3242 4286 calculum,
3262 4238 3326 4276 ac
3365 4223 3478 4276 cir-

222 4317 597 4389 δεδυσὼπηται
638 4317 695 4371 δὲ
732 4317 879 4380 ὅπως
924 4317 952 4369 ὁ
990 4315 1132 4380 θεῖος
1181 4317 1445 4386 ἄγγελος,
1491 4321 1584 4374 καὶ
1628 4323 1818 4396 διέδρα.

1905 4317 2298 4371 cumcisionem
2349 4316 2561 4370 calculo
2589 4315 2784 4369 factam
2802 4314 2827 4366 ?
2853 4313 3312 4382 quemadmodum
3352 4329 3481 4383 por-

222 4409 430 4481 Μωσῆς
458 4409 548 4462 τὸν
585 4408 963 4482 ἐπηρτημένον
995 4407 1141 4478 αὐτῷ
1184 4409 1278 4461 καὶ
1324 4409 1670 4483 ὀφειλόμενον
1713 4417 1809 4470 θά-

224 4517 404 4568 νατον,
438 4501 652 4555 παιδίου
683 4499 1156 4573 περιτετμημένου
1194 4517 1210 4566 ;

293 4699 462 4752 ΚΥΡ.
511 4699 750 4768 ’Δσαφὴς
803 4699 834 4750 ό
883 4697 1042 4766 λόγος
1067 4737 1081 4763 ,
1116 4697 1208 4751 καὶ
1238 4698 1558 4768 δυσέφικτος
1589 4701 1804 4771 ἀληθῶς

215 4791 331 4845 τῶν
363 4789 708 4860 ζητουμένων
737 4789 765 4842 ό
797 4787 940 4852 νοῦς⁸
973 4787 1093 4860 Θεῷ
1121 4789 1178 4842 δὲ
1212 4789 1434 4853 πίσυνος
1453 4831 1467 4853 ,
1494 4791 1569 4854 ὼς
1606 4791 1671 4844 ἂν
1695 4786 1806 4856 οἷός

216 4899 280 4934 τε
337 4874 407 4944 ὧ,
439 4880 601 4934 πάλιν
639 4877 766 4949 ἐρῶ.
808 4879 872 4932 Ἢ
921 4878 1214 4949 Σεπφώρα,
1251 4879 1494 4951 θυγάτηρ
1535 4876 1670 4934 οὖσα
1711 4879 1804 4934 τοῦ

217 4972 418 5043 ἱερέως
457 4970 553 5023 τοῦ
606 4969 836 5040 Μαδιὰμ
869 4969 1030 5040 (ἀνὴρ
1071 4969 1127 5022 δὲ
1166 4964 1317 5032 οὗτος
1350 4969 1640 5041 ἀλλογενὴς
1661 5009 1676 5035 ,
1711 4971 1808 5025 καὶ

212 5066 323 5120 οὐκ
364 5064 422 5130 ὲξ
456 5064 685 5134 αἵματος
729 5061 986 5134 Ἰσραὴλ),
1020 5063 1189 5115 τύπον
1220 5065 1353 5132 ἡμῖν
1398 5064 1492 5117 καὶ
1519 5064 1807 5134 πρόσωπον

211 5158 320 5227 τῆς
378 5155 436 5222 ἐξ
481 5155 651 5209 ἐθνῶν
713 5154 1039 5224 Ἐκκλησίας
1083 5155 1412 5226 ἀποπληροῖ,
1466 5156 1806 5228 κεκλῃμένης

1905 4424 1967 4462 ro
1993 4408 2270 4463 cohibitus
2313 4416 2400 4462 est
2457 4406 2679 4461 divinus
2733 4405 2978 4476 angelus,
3013 4413 3075 4459 ut
3101 4405 3332 4475 Moyses,
3367 4404 3478 4459 ﬁlio

1901 4497 2250 4559 circumciso,
2307 4497 2688 4550 imminentem
2735 4494 2840 4549 sibi
2876 4501 3109 4549 mortem
3140 4509 3204 4549 ac
3237 4494 3478 4550 debitam

1904 4589 2164 4645 evaderet
2183 4589 2208 4642 ?

1979 4702 2089 4773 78
2115 4700 2272 4757 CYR.
2306 4699 2587 4755 Obscurus
2618 4707 2703 4753 est
2730 4715 2860 4754 sane
2887 4699 3064 4763 locus,
3090 4713 3192 4752 nec
3217 4697 3373 4754 facile
3411 4698 3480 4754 ad

1907 4793 2312 4861 pr0positarum
2341 4789 2708 4860 qumstionum
2756 4789 3170 4859 intelligentiam
3204 4789 3481 4858 perveniri

1909 4889 2121 4951 potest:
2153 4890 2355 4947 tamen,
2387 4881 2499 4936 Deo
2522 4881 2714 4947 fretus,
2750 4881 2926 4935 dicam
2960 4893 3153 4933 rursus
3173 4886 3233 4932 ut
3265 4887 3476 4948 potero.

1910 4973 2211 5043 Sepphora,
2238 4972 2348 5028 ﬁlia
2370 4973 2670 5028 sacerdotis
2712 4971 2923 5027 Madian
2949 4968 3018 5042 (is
3058 4979 3240 5024 autem
3283 4971 3482 5026 alieni-

1908 5081 2046 5135 gena
2093 5074 2233 5129 erat,
2264 5081 2443 5135 neque
2473 5066 2566 5118 ad
2624 5063 2840 5119 lsraelis
2873 5059 3193 5131 sanguinem
3232 5062 3481 5130 pertine-

1909 5152 2049 5225 bat),
2076 5152 2306 5224 ﬁguram
2337 5168 2401 5208 ac
2424 5167 2713 5223 personam
2743 5149 3001 5205 Ecclesia:
3021 5165 3084 5204 ex
3114 5151 3370 5220 gentibus
3397 5158 3480 5206 te-

210 5249 359 5321 πρὸς
404 5246 536 5300 Θεὸν
566 5246 642 5309 ὡς
686 5246 754 5298 ὲκ
787 5244 1040 5316 λατρείας
1077 5248 1369 5316 κοσμικῆς.
1420 5246 1649 5316 Ετρηται
1695 5247 1804 5317 γάρ

211 5359 324 5394 που
355 5340 494 5412 πρὸς
545 5339 718 5410 αὐτὴν
746 5338 836 5391 διὰ
866 5339 1048 5409 φωνῆς
1075 5338 1168 5393 τοῦ
1219 5339 1408 5393 Δαϐίδ·
1447 5357 1468 5391 ι
1518 5341 1803 5404 ιἌκουσον,

210 5431 481 5502 θύγατερ,
509 5431 610 5484 καὶ⁵
636 5429 713 5483 [δε
739 5470 754 5495 ,
791 5429 886 5482 καὶ
918 5429 1094 5484 κλῖνον
1123 5430 1184 5483 τὸ
1211 5425 1304 5494 οὖς
1339 5448 1456 5494 σου,
1492 5431 1584 5484 καὶ
1614 5431 1806 5485 ἐπιλά-

210 5524 312 5580 ϐου
340 5523 438 5577 τοῦ
487 5519 622 5576 λαοῦ
655 5536 778 5585 σου,
825 5519 916 5598 καὶ
952 5520 1047 5574 τοῦ
1095 5522 1246 5575 οτκου
1281 5521 1377 5576 τοῦ
1429 5522 1634 5593 πατρός
1678 5539 1802 5587 σου,

1909 5253 2022 5309 net,
2047 5260 2170 5314 quae
2194 5244 2274 5299 ad'
2308 5245 2479 5298 Deum
2506 5258 2574 5297 ex
2619 5241 2810 5295 mundi
2868 5240 3032 5311 hujits
3088 5240 3242 5295 cultu
3290 5248 3480 5293 vocata

1909 5345 2030 5403 est;
2058 5337 2265 5391 dictum
2285 5335 2486 5406 quippe
2525 5340 2613 5388 est
2630 5332 2696 5387 ad
2731 5332 2876 5386 illam
2906 5348 3004 5402 per
3032 5348 3222 5386 vocem
3269 5328 3437 5384 David
3463 5347 3477 5385 :

1919 5449 1935 5480 ι
1965 5429 2123 5494 Audi,
2143 5428 2273 5493 ﬁlia,
2301 5436 2356 5482 et
2374 5427 2522 5492 vide,
2553 5434 2609 5480 et
2635 5425 2834 5480 inclina
2859 5439 3046 5480 aurem
3074 5431 3244 5487 tuam,
3263 5429 3318 5475 et
3340 5420 3482 5474 obii-
3517 5463 3521 5468 .

1909 5521 2121 5575 viscere
2167 5521 2427 5590 populum
2475 5526 2632 5572 tuum
2654 5527 2710 5572 et
2754 5517 2975 5572 domum
3004 5513 3176 5586 patris
3205 5513 3282 5567 tui
3311 5530 3324 5567 :
3356 5512 3480 5582 quia

996 5706 1040 5739 ⁸³
1064 5706 1198 5761 Gen.
1234 5705 1424 5770 "1,19.
1541 5702 1584 5738 ⁸⁵
1615 5703 1772 5758 Rom.
1820 5717 1872 5767 v,
1919 5702 2001 5755 Μ.
2082 5700 2124 5730 ³³
2157 5697 2325 5752 Exod.
2360 5713 2410 5751 Iv
2480 5695 2549 5750 26

294 5712 342 5744 "
371 5709 546 5765 Exod.
572 5723 647 5773 tv,
668 5707 738 5762 24
764 5721 915 5776 seqq.
