  <div class='ocr_page' id='page_1' title='image "/cluster/home/n/w/nwhite01/storage/ocr_20150623/68/pst.000005712694/142.png"; bbox 0 0 3968 6300; ppageno 0'>
   <div class='ocr_carea' id='block_1_1' title="bbox 246 298 343 357">
    <p class='ocr_par' dir='ltr' id='par_1_1' title="bbox 246 298 343 357">
     <span class='ocr_line' id='line_1_1' title="bbox 246 298 343 357; baseline -0.021 0"><span class='ocrx_word' id='word_1_1' title='bbox 246 298 343 357; x_wconf 66' lang='grc'><strong>261</strong></span> 
     </span>
    </p>
   </div>
   <div class='ocr_carea' id='block_1_2' title="bbox 994 302 1817 371">
    <p class='ocr_par' dir='ltr' id='par_1_2' title="bbox 994 302 1807 365">
     <span class='ocr_line' id='line_1_2' title="bbox 994 302 1807 365; baseline 0.007 -6"><span class='ocrx_word' id='word_1_2' title='bbox 994 304 1081 360; x_wconf 86' lang='lat' dir='ltr'><strong>DE</strong></span> <span class='ocrx_word' id='word_1_3' title='bbox 1119 302 1559 365; x_wconf 76' lang='lat' dir='ltr'><strong>ADORATIONE</strong></span> <span class='ocrx_word' id='word_1_4' title='bbox 1595 308 1664 365; x_wconf 81' lang='lat' dir='ltr'><strong>IN</strong></span> <span class='ocrx_word' id='word_1_5' title='bbox 1706 309 1807 365; x_wconf 80' lang='lat' dir='ltr'><strong>SP1</strong></span> 
     </span>
    </p>
   </div>
   <div class='ocr_carea' id='block_1_3' title="bbox 1917 302 2795 371">
    <p class='ocr_par' dir='ltr' id='par_1_3' title="bbox 1917 306 2795 371">
     <span class='ocr_line' id='line_1_3' title="bbox 1917 306 2795 371; baseline 0.003 -4"><span class='ocrx_word' id='word_1_6' title='bbox 1917 310 1975 368; x_wconf 64' lang='grc' dir='ltr'><strong>ΓΙ]</strong></span> <span class='ocrx_word' id='word_1_7' title='bbox 2018 314 2104 368; x_wconf 83' lang='grc' dir='ltr'><strong>ΕΤ</strong></span> <span class='ocrx_word' id='word_1_8' title='bbox 2146 306 2516 371; x_wconf 64' lang='lat' dir='ltr'><strong>VERITATE.</strong></span> <span class='ocrx_word' id='word_1_9' title='bbox 2560 316 2686 370; x_wconf 87' lang='lat' dir='ltr'><strong>LIB.</strong></span> <span class='ocrx_word' id='word_1_10' title='bbox 2730 317 2795 371; x_wconf 86' lang='lat' dir='ltr'><strong>ll.</strong></span> 
     </span>
    </p>
   </div>
   <div class='ocr_carea' id='block_1_4' title="bbox 3408 319 3514 381">
    <p class='ocr_par' dir='ltr' id='par_1_4' title="bbox 3408 319 3514 381">
     <span class='ocr_line' id='line_1_4' title="bbox 3408 319 3514 381; baseline -0.019 0"><span class='ocrx_word' id='word_1_11' title='bbox 3408 319 3514 381; x_wconf 70' lang='grc'><strong>262</strong></span> 
     </span>
    </p>
   </div>
   <div class='ocr_carea' id='block_1_5' title="bbox 250 412 1817 504">
    <p class='ocr_par' dir='ltr' id='par_1_5' title="bbox 250 412 1817 494">
     <span class='ocr_line' id='line_1_5' title="bbox 250 412 1817 494; baseline 0.006 -27"><span class='ocrx_word' id='word_1_12' title='bbox 250 412 348 484; x_wconf 76' lang='grc' dir='ltr'>μὲν</span> <span class='ocrx_word' id='word_1_13' title='bbox 389 414 565 485; x_wconf 73' lang='grc' dir='ltr'>ἤστην</span> <span class='ocrx_word' id='word_1_14' title='bbox 608 415 665 470; x_wconf 76' lang='grc' dir='ltr'>ὲν</span> <span class='ocrx_word' id='word_1_15' title='bbox 693 413 789 487; x_wconf 73' lang='grc' dir='ltr'>ἴσῳ</span> <span class='ocrx_word' id='word_1_16' title='bbox 822 416 964 471; x_wconf 85' lang='grc' dir='ltr'>κατά</span> <span class='ocrx_word' id='word_1_17' title='bbox 1000 435 1063 487; x_wconf 86' lang='grc' dir='ltr'><strong>γε</strong></span> <span class='ocrx_word' id='word_1_18' title='bbox 1098 420 1157 473; x_wconf 82' lang='grc' dir='ltr'><strong>τὸ</strong></span> <span class='ocrx_word' id='word_1_19' title='bbox 1187 420 1342 490; x_wconf 71' lang='grc' dir='ltr'>ἥκειν</span> <span class='ocrx_word' id='word_1_20' title='bbox 1368 423 1446 486; x_wconf 73' lang='grc' dir='ltr'><strong>εἰς</strong></span> <span class='ocrx_word' id='word_1_21' title='bbox 1477 422 1817 494; x_wconf 60' lang='grc' dir='ltr'>ὀγδοηκοστδι</span> 
     </span>
    </p>
   </div>
   <div class='ocr_carea' id='block_1_6' title="bbox 1917 412 3506 504">
    <p class='ocr_par' dir='ltr' id='par_1_6' title="bbox 1934 425 3506 504">
     <span class='ocr_line' id='line_1_6' title="bbox 1934 425 3506 504; baseline 0.007 -24"><span class='ocrx_word' id='word_1_22' title='bbox 1934 425 2087 482; x_wconf 89' lang='lat' dir='ltr'><strong>Licet</strong></span> <span class='ocrx_word' id='word_1_23' title='bbox 2108 435 2292 481; x_wconf 87' lang='lat' dir='ltr'><strong>autem</strong></span> <span class='ocrx_word' id='word_1_24' title='bbox 2311 444 2378 482; x_wconf 74' lang='lat' dir='ltr'><strong>ex</strong></span> <span class='ocrx_word' id='word_1_25' title='bbox 2399 428 2532 498; x_wconf 86' lang='lat' dir='ltr'><strong>ipsis</strong></span> <span class='ocrx_word' id='word_1_26' title='bbox 2557 444 2777 499; x_wconf 88' lang='lat' dir='ltr'><strong>quoque</strong></span> <span class='ocrx_word' id='word_1_27' title='bbox 2803 430 2975 486; x_wconf 87' lang='lat' dir='ltr'><strong>sacris</strong></span> <span class='ocrx_word' id='word_1_28' title='bbox 2998 430 3221 488; x_wconf 88' lang='lat' dir='ltr'><strong>Litteris</strong></span> <span class='ocrx_word' id='word_1_29' title='bbox 3244 432 3361 489; x_wconf 58' lang='lat' dir='ltr'><strong>hac</strong></span> <span class='ocrx_word' id='word_1_30' title='bbox 3383 450 3506 504; x_wconf 86' lang='lat' dir='ltr'><strong>per-</strong></span> 
     </span>
    </p>
   </div>
   <div class='ocr_carea' id='block_1_7' title="bbox 246 508 1829 581">
    <p class='ocr_par' dir='ltr' id='par_1_7' title="bbox 246 508 1829 581">
     <span class='ocr_line' id='line_1_7' title="bbox 246 508 1829 581; baseline 0.006 -21"><span class='ocrx_word' id='word_1_31' title='bbox 246 508 397 571; x_wconf 77' lang='grc' dir='ltr'>Ετος,</span> <span class='ocrx_word' id='word_1_32' title='bbox 430 509 480 561; x_wconf 77' lang='grc' dir='ltr'>εὶ</span> <span class='ocrx_word' id='word_1_33' title='bbox 524 510 620 564; x_wconf 78' lang='grc' dir='ltr'>καὶ</span> <span class='ocrx_word' id='word_1_34' title='bbox 662 509 778 580; x_wconf 75' lang='grc' dir='ltr'>μετ’</span> <span class='ocrx_word' id='word_1_35' title='bbox 809 511 973 563; x_wconf 77' lang='grc' dir='ltr'>αὑτὸν</span> <span class='ocrx_word' id='word_1_36' title='bbox 1012 513 1091 576; x_wconf 81' lang='grc' dir='ltr'><strong>εἰς</strong></span> <span class='ocrx_word' id='word_1_37' title='bbox 1128 513 1402 568; x_wconf 75' lang='grc' dir='ltr'>διακονίαν</span> <span class='ocrx_word' id='word_1_38' title='bbox 1423 530 1437 581; x_wconf 89' lang='grc'>;</span> <span class='ocrx_word' id='word_1_39' title='bbox 1468 514 1760 569; x_wconf 57' lang='grc' dir='ltr'>Οὖτωκκαὶ</span> <span class='ocrx_word' id='word_1_40' title='bbox 1801 518 1829 569; x_wconf 96' lang='lat'><strong>6</strong></span> 
     </span>
    </p>
   </div>
   <div class='ocr_carea' id='block_1_8' title="bbox 246 600 1826 679">
    <p class='ocr_par' dir='ltr' id='par_1_8' title="bbox 246 600 1826 679">
     <span class='ocr_line' id='line_1_8' title="bbox 246 600 1826 679; baseline 0.006 -26"><span class='ocrx_word' id='word_1_41' title='bbox 246 600 499 671; x_wconf 82' lang='grc' dir='ltr'>Χριστός.</span> <span class='ocrx_word' id='word_1_42' title='bbox 537 603 678 666; x_wconf 86' lang='grc' dir='ltr'>Ἴσος</span> <span class='ocrx_word' id='word_1_43' title='bbox 712 602 809 672; x_wconf 80' lang='grc' dir='ltr'>μὲν</span> <span class='ocrx_word' id='word_1_44' title='bbox 838 604 981 657; x_wconf 87' lang='grc' dir='ltr'>κατά</span> <span class='ocrx_word' id='word_1_45' title='bbox 1016 622 1069 658; x_wconf 89' lang='grc' dir='ltr'><strong>τι</strong></span> <span class='ocrx_word' id='word_1_46' title='bbox 1101 604 1180 675; x_wconf 82' lang='grc' dir='ltr'><strong>τῷ</strong></span> <span class='ocrx_word' id='word_1_47' title='bbox 1199 607 1395 678; x_wconf 78' lang='grc' dir='ltr'>Μωσῇ,</span> <span class='ocrx_word' id='word_1_48' title='bbox 1417 605 1504 660; x_wconf 82' lang='grc' dir='ltr'>διὰ</span> <span class='ocrx_word' id='word_1_49' title='bbox 1527 607 1589 661; x_wconf 84' lang='grc' dir='ltr'><strong>τὸ</strong></span> <span class='ocrx_word' id='word_1_50' title='bbox 1612 607 1826 679; x_wconf 84' lang='grc' dir='ltr'>ἀνθρώ-</span> 
     </span>
    </p>
   </div>
   <div class='ocr_carea' id='block_1_9' title="bbox 248 692 1828 769">
    <p class='ocr_par' dir='ltr' id='par_1_9' title="bbox 248 692 1828 769">
     <span class='ocr_line' id='line_1_9' title="bbox 248 692 1828 769; baseline 0.004 -24"><span class='ocrx_word' id='word_1_51' title='bbox 248 708 423 758; x_wconf 85' lang='grc' dir='ltr'>πινον,</span> <span class='ocrx_word' id='word_1_52' title='bbox 457 692 554 746; x_wconf 78' lang='grc' dir='ltr'>καὶ</span> <span class='ocrx_word' id='word_1_53' title='bbox 589 693 843 765; x_wconf 81' lang='grc' dir='ltr'>δεύτερος</span> <span class='ocrx_word' id='word_1_54' title='bbox 873 697 950 758; x_wconf 72' lang='grc' dir='ltr'>εἰς</span> <span class='ocrx_word' id='word_1_55' title='bbox 987 696 1320 766; x_wconf 72' lang='grc' dir='ltr'>οἰκονομίαν,</span> <span class='ocrx_word' id='word_1_56' title='bbox 1356 697 1748 769; x_wconf 84' lang='grc' dir='ltr'>ὑπερκείμενος</span> <span class='ocrx_word' id='word_1_57' title='bbox 1773 697 1828 752; x_wconf 77' lang='grc' dir='ltr'>δὲ</span> 
     </span>
    </p>
   </div>
   <div class='ocr_carea' id='block_1_10' title="bbox 246 783 1828 864">
    <p class='ocr_par' dir='ltr' id='par_1_10' title="bbox 246 783 1828 864">
     <span class='ocr_line' id='line_1_10' title="bbox 246 783 1828 864; baseline 0.005 -28"><span class='ocrx_word' id='word_1_58' title='bbox 246 783 336 837; x_wconf 77' lang='grc' dir='ltr'><strong>καὶ</strong></span> <span class='ocrx_word' id='word_1_59' title='bbox 369 784 861 856; x_wconf 79' lang='grc' dir='ltr'>ὑπερανεστηκὼς,</span> <span class='ocrx_word' id='word_1_60' title='bbox 912 787 988 851; x_wconf 88' lang='grc' dir='ltr'>ὼς</span> <span class='ocrx_word' id='word_1_61' title='bbox 1033 788 1091 841; x_wconf 80' lang='grc' dir='ltr'>ὲν</span> <span class='ocrx_word' id='word_1_62' title='bbox 1115 788 1339 860; x_wconf 83' lang='grc' dir='ltr'>Θεότητί</span> <span class='ocrx_word' id='word_1_63' title='bbox 1378 807 1437 843; x_wconf 89' lang='grc' dir='ltr'><strong>τε</strong></span> <span class='ocrx_word' id='word_1_64' title='bbox 1466 790 1558 843; x_wconf 78' lang='grc' dir='ltr'>καὶ</span> <span class='ocrx_word' id='word_1_65' title='bbox 1599 790 1728 863; x_wconf 81' lang='grc' dir='ltr'><strong>δόξῃ</strong></span> <span class='ocrx_word' id='word_1_66' title='bbox 1761 793 1828 864; x_wconf 74' lang='grc' dir='ltr'>τῇ</span> 
     </span>
    </p>
   </div>
   <div class='ocr_carea' id='block_1_11' title="bbox 1932 519 3515 599">
    <p class='ocr_par' dir='ltr' id='par_1_11' title="bbox 1932 519 3515 599">
     <span class='ocr_line' id='line_1_11' title="bbox 1932 519 3515 599; baseline 0.008 -27"><span class='ocrx_word' id='word_1_67' title='bbox 1932 519 2168 589; x_wconf 84' lang='lat' dir='ltr'><strong>spicere,</strong></span> <span class='ocrx_word' id='word_1_68' title='bbox 2197 519 2242 575; x_wconf 91' lang='lat' dir='ltr'><strong>si</strong></span> <span class='ocrx_word' id='word_1_69' title='bbox 2300 520 2458 576; x_wconf 84' lang='lat' dir='ltr'><strong>velis.</strong></span> <span class='ocrx_word' id='word_1_70' title='bbox 2497 539 2513 571; x_wconf 79' lang='grc' dir='ltr'><strong>ι</strong></span> <span class='ocrx_word' id='word_1_71' title='bbox 2547 521 2823 576; x_wconf 84' lang='lat' dir='ltr'><strong>Fecerunt</strong></span> <span class='ocrx_word' id='word_1_72' title='bbox 2848 523 3018 587; x_wconf 90' lang='lat' dir='ltr'><strong>enim,</strong></span> <span class='ocrx_word' id='word_1_73' title='bbox 3072 525 3273 595; x_wconf 88' lang='lat' dir='ltr'><strong>inquit,</strong></span> <span class='ocrx_word' id='word_1_74' title='bbox 3300 526 3515 599; x_wconf 79' lang='lat' dir='ltr'><strong>Moyses</strong></span> 
     </span>
    </p>
   </div>
   <div class='ocr_carea' id='block_1_12' title="bbox 1930 610 3511 680">
    <p class='ocr_par' dir='ltr' id='par_1_12' title="bbox 1930 610 3511 680">
     <span class='ocr_line' id='line_1_12' title="bbox 1930 610 3511 680; baseline 0.007 -17"><span class='ocrx_word' id='word_1_75' title='bbox 1930 616 1987 663; x_wconf 88' lang='lat' dir='ltr'><strong>et</strong></span> <span class='ocrx_word' id='word_1_76' title='bbox 2012 610 2214 674; x_wconf 85' lang='lat' dir='ltr'><strong>Aaron,</strong></span> <span class='ocrx_word' id='word_1_77' title='bbox 2250 610 2393 665; x_wconf 87' lang='lat' dir='ltr'><strong>sicut</strong></span> <span class='ocrx_word' id='word_1_78' title='bbox 2418 620 2756 680; x_wconf 63' lang='lat' dir='ltr'><strong>praeceperat</strong></span> <span class='ocrx_word' id='word_1_79' title='bbox 2803 611 2886 666; x_wconf 88' lang='lat' dir='ltr'><strong>eis</strong></span> <span class='ocrx_word' id='word_1_80' title='bbox 2920 613 3204 678; x_wconf 89' lang='lat' dir='ltr'><strong>Dominus,</strong></span> <span class='ocrx_word' id='word_1_81' title='bbox 3255 618 3333 672; x_wconf 88' lang='lat' dir='ltr'><strong>sic</strong></span> <span class='ocrx_word' id='word_1_82' title='bbox 3360 618 3511 674; x_wconf 86' lang='lat' dir='ltr'><strong>fece-</strong></span> 
     </span>
    </p>
   </div>
   <div class='ocr_carea' id='block_1_13' title="bbox 1932 698 3511 776">
    <p class='ocr_par' dir='ltr' id='par_1_13' title="bbox 1932 698 3511 776">
     <span class='ocr_line' id='line_1_13' title="bbox 1932 698 3511 776; baseline 0.007 -23"><span class='ocrx_word' id='word_1_83' title='bbox 1932 709 2080 754; x_wconf 90' lang='lat' dir='ltr'><strong>runt.</strong></span> <span class='ocrx_word' id='word_1_84' title='bbox 2104 698 2315 772; x_wconf 72' lang='lat' dir='ltr'><strong>Moyses</strong></span> <span class='ocrx_word' id='word_1_85' title='bbox 2352 711 2536 756; x_wconf 88' lang='lat' dir='ltr'><strong>autem</strong></span> <span class='ocrx_word' id='word_1_86' title='bbox 2560 711 2679 756; x_wconf 90' lang='lat' dir='ltr'><strong>erat</strong></span> <span class='ocrx_word' id='word_1_87' title='bbox 2709 717 2977 757; x_wconf 89' lang='lat' dir='ltr'><strong>annorum</strong></span> <span class='ocrx_word' id='word_1_88' title='bbox 3006 707 3302 776; x_wconf 82' lang='lat' dir='ltr'><strong>octoginta,</strong></span> <span class='ocrx_word' id='word_1_89' title='bbox 3328 709 3511 763; x_wconf 81' lang='lat' dir='ltr'><strong>Aaron</strong></span> 
     </span>
    </p>
   </div>
   <div class='ocr_carea' id='block_1_14' title="bbox 1932 792 3508 865">
    <p class='ocr_par' dir='ltr' id='par_1_14' title="bbox 1932 792 3508 865">
     <span class='ocr_line' id='line_1_14' title="bbox 1932 792 3508 865; baseline 0.005 -18"><span class='ocrx_word' id='word_1_90' title='bbox 1932 808 2066 847; x_wconf 89' lang='lat' dir='ltr'><strong>vero</strong></span> <span class='ocrx_word' id='word_1_91' title='bbox 2112 792 2283 847; x_wconf 82' lang='lat' dir='ltr'><strong>frater</strong></span> <span class='ocrx_word' id='word_1_92' title='bbox 2331 794 2454 864; x_wconf 88' lang='lat' dir='ltr'><strong>ejus</strong></span> <span class='ocrx_word' id='word_1_93' title='bbox 2511 796 2790 865; x_wconf 79' lang='lat' dir='ltr'><strong>octoginta</strong></span> <span class='ocrx_word' id='word_1_94' title='bbox 2836 796 3002 849; x_wconf 90' lang='lat' dir='ltr'><strong>trium</strong></span> <span class='ocrx_word' id='word_1_95' title='bbox 3052 812 3323 853; x_wconf 91' lang='lat' dir='ltr'><strong>annorum</strong></span> <span class='ocrx_word' id='word_1_96' title='bbox 3364 810 3508 865; x_wconf 88' lang='lat' dir='ltr'><strong>erat,</strong></span> 
     </span>
    </p>
   </div>
   <div class='ocr_carea' id='block_1_15' title="bbox 246 875 1817 955">
    <p class='ocr_par' dir='ltr' id='par_1_15' title="bbox 246 875 943 950">
     <span class='ocr_line' id='line_1_15' title="bbox 246 875 943 950; baseline 0.01 -21"><span class='ocrx_word' id='word_1_97' title='bbox 246 875 387 930; x_wconf 86' lang='grc' dir='ltr'>κατᾶ.</span> <span class='ocrx_word' id='word_1_98' title='bbox 408 876 507 949; x_wconf 84' lang='grc' dir='ltr'><strong>τὴν</strong></span> <span class='ocrx_word' id='word_1_99' title='bbox 530 877 693 948; x_wconf 77' lang='grc' dir='ltr'>ἁγίαν</span> <span class='ocrx_word' id='word_1_100' title='bbox 720 880 943 950; x_wconf 87' lang='grc' dir='ltr'>Τριάδα.</span> 
     </span>
    </p>
   </div>
   <div class='ocr_carea' id='block_1_16' title="bbox 1917 875 3510 955">
    <p class='ocr_par' dir='ltr' id='par_1_16' title="bbox 1933 884 3510 955">
     <span class='ocr_line' id='line_1_16' title="bbox 1933 884 3510 955; baseline 0.006 -17"><span class='ocrx_word' id='word_1_101' title='bbox 1933 884 2155 955; x_wconf 84' lang='lat' dir='ltr'><strong>quando</strong></span> <span class='ocrx_word' id='word_1_102' title='bbox 2205 884 2376 939; x_wconf 90' lang='lat' dir='ltr'><strong>locuti</strong></span> <span class='ocrx_word' id='word_1_103' title='bbox 2430 894 2558 939; x_wconf 90' lang='lat' dir='ltr'><strong>sunt</strong></span> <span class='ocrx_word' id='word_1_104' title='bbox 2602 885 2671 940; x_wconf 90' lang='lat' dir='ltr'><strong>ad</strong></span> <span class='ocrx_word' id='word_1_105' title='bbox 2715 886 3054 942; x_wconf 84' lang='lat' dir='ltr'><strong>Pharaonem</strong></span> <span class='ocrx_word' id='word_1_106' title='bbox 3099 888 3163 941; x_wconf 72' lang='grc' dir='ltr'>θ’.</span> <span class='ocrx_word' id='word_1_107' title='bbox 3195 908 3213 940; x_wconf 74' lang='grc' dir='ltr'><strong>ι</strong></span> <span class='ocrx_word' id='word_1_108' title='bbox 3267 890 3510 947; x_wconf 84' lang='lat' dir='ltr'><strong>Audisne</strong></span> 
     </span>
    </p>
   </div>
   <div class='ocr_carea' id='block_1_17' title="bbox 244 971 3507 1067">
    <p class='ocr_par' dir='ltr' id='par_1_17' title="bbox 244 971 3507 1067">
     <span class='ocr_line' id='line_1_17' title="bbox 244 971 3507 1067; baseline 0.003 -43"><span class='ocrx_word' id='word_1_109' title='bbox 244 971 731 1040; x_wconf 85' lang='lat' dir='ltr'><strong>quemadmodum,</strong></span> <span class='ocrx_word' id='word_1_110' title='bbox 777 988 844 1028; x_wconf 79' lang='lat' dir='ltr'><strong>ex</strong></span> <span class='ocrx_word' id='word_1_111' title='bbox 894 989 962 1028; x_wconf 89' lang='lat' dir='ltr'><strong>eo</strong></span> <span class='ocrx_word' id='word_1_112' title='bbox 1007 974 1233 1045; x_wconf 80' lang='lat' dir='ltr'><strong>quidem</strong></span> <span class='ocrx_word' id='word_1_113' title='bbox 1296 976 1444 1047; x_wconf 84' lang='lat' dir='ltr'><strong>quod</strong></span> <span class='ocrx_word' id='word_1_114' title='bbox 1487 978 1554 1032; x_wconf 90' lang='lat' dir='ltr'><strong>ad</strong></span> <span class='ocrx_word' id='word_1_115' title='bbox 1620 976 2012 1048; x_wconf 82' lang='lat' dir='ltr'><strong>octogesimum</strong></span> <span class='ocrx_word' id='word_1_116' title='bbox 2063 992 2266 1030; x_wconf 91' lang='lat' dir='ltr'><strong>annum</strong></span> <span class='ocrx_word' id='word_1_117' title='bbox 2317 986 2710 1046; x_wconf 82' lang='lat' dir='ltr'><strong>pervenerunt,</strong></span> <span class='ocrx_word' id='word_1_118' title='bbox 2780 978 2941 1033; x_wconf 88' lang='lat' dir='ltr'><strong>ambo</strong></span> <span class='ocrx_word' id='word_1_119' title='bbox 2980 981 3218 1067; x_wconf 54' lang='lat' dir='ltr'><strong>murales</strong></span> <span class='ocrx_word' id='word_1_120' title='bbox 3282 980 3507 1050; x_wconf 84' lang='lat' dir='ltr'><strong>fuerint,</strong></span> 
     </span>
    </p>
   </div>
   <div class='ocr_carea' id='block_1_18' title="bbox 243 1062 3510 1140">
    <p class='ocr_par' dir='ltr' id='par_1_18' title="bbox 243 1062 3510 1140">
     <span class='ocr_line' id='line_1_18' title="bbox 243 1062 3510 1140; baseline 0.004 -23"><span class='ocrx_word' id='word_1_121' title='bbox 243 1063 340 1118; x_wconf 81' lang='lat' dir='ltr'><strong>sed</strong></span> <span class='ocrx_word' id='word_1_122' title='bbox 364 1062 551 1119; x_wconf 83' lang='lat' dir='ltr'><strong>Aaron</strong></span> <span class='ocrx_word' id='word_1_123' title='bbox 576 1080 810 1120; x_wconf 89' lang='lat' dir='ltr'><strong>numero</strong></span> <span class='ocrx_word' id='word_1_124' title='bbox 853 1067 1117 1123; x_wconf 88' lang='lat' dir='ltr'><strong>trinitatis</strong></span> <span class='ocrx_word' id='word_1_125' title='bbox 1162 1069 1424 1124; x_wconf 64' lang='lat' dir='ltr'><strong>excellat?</strong></span> <span class='ocrx_word' id='word_1_126' title='bbox 1476 1086 1608 1140; x_wconf 81' lang='lat' dir='ltr'><strong>ergo</strong></span> <span class='ocrx_word' id='word_1_127' title='bbox 1649 1069 1831 1140; x_wconf 77' lang='lat' dir='ltr'><strong>Moyse</strong></span> <span class='ocrx_word' id='word_1_128' title='bbox 1874 1068 2173 1137; x_wconf 88' lang='lat' dir='ltr'><strong>antiquior,</strong></span> <span class='ocrx_word' id='word_1_129' title='bbox 2243 1068 2348 1123; x_wconf 87' lang='lat' dir='ltr'><strong>etsi</strong></span> <span class='ocrx_word' id='word_1_130' title='bbox 2399 1069 2457 1124; x_wconf 93' lang='lat' dir='ltr'><strong>in</strong></span> <span class='ocrx_word' id='word_1_131' title='bbox 2488 1070 2802 1126; x_wconf 77' lang='lat' dir='ltr'><strong>ministerio</strong></span> <span class='ocrx_word' id='word_1_132' title='bbox 2853 1062 3127 1140; x_wconf 80' lang='lat' dir='ltr'><strong>posterior</strong></span> <span class='ocrx_word' id='word_1_133' title='bbox 3180 1072 3366 1128; x_wconf 88' lang='lat' dir='ltr'><strong>fuerit.</strong></span> <span class='ocrx_word' id='word_1_134' title='bbox 3419 1073 3510 1130; x_wconf 92' lang='lat' dir='ltr'><strong>Sic</strong></span> 
     </span>
    </p>
   </div>
   <div class='ocr_carea' id='block_1_19' title="bbox 243 1155 3511 1235">
    <p class='ocr_par' dir='ltr' id='par_1_19' title="bbox 243 1155 3511 1235">
     <span class='ocr_line' id='line_1_19' title="bbox 243 1155 3511 1235; baseline 0.003 -24"><span class='ocrx_word' id='word_1_135' title='bbox 243 1163 300 1211; x_wconf 88' lang='lat' dir='ltr'><strong>et</strong></span> <span class='ocrx_word' id='word_1_136' title='bbox 322 1155 580 1214; x_wconf 89' lang='lat' dir='ltr'><strong>Christus</strong></span> <span class='ocrx_word' id='word_1_137' title='bbox 600 1158 827 1229; x_wconf 70' lang='lat' dir='ltr'><strong>aequalis</strong></span> <span class='ocrx_word' id='word_1_138' title='bbox 846 1167 934 1215; x_wconf 87' lang='lat' dir='ltr'><strong>est</strong></span> <span class='ocrx_word' id='word_1_139' title='bbox 954 1159 1189 1230; x_wconf 88' lang='lat' dir='ltr'><strong>quadam</strong></span> <span class='ocrx_word' id='word_1_140' title='bbox 1221 1177 1289 1217; x_wconf 82' lang='lat' dir='ltr'><strong>ex</strong></span> <span class='ocrx_word' id='word_1_141' title='bbox 1333 1170 1490 1233; x_wconf 85' lang='lat' dir='ltr'><strong>parte</strong></span> <span class='ocrx_word' id='word_1_142' title='bbox 1518 1162 1684 1235; x_wconf 76' lang='lat' dir='ltr'><strong>Moysi</strong></span> <span class='ocrx_word' id='word_1_143' title='bbox 1731 1177 1830 1233; x_wconf 88' lang='lat' dir='ltr'><strong>per</strong></span> <span class='ocrx_word' id='word_1_144' title='bbox 1890 1159 2315 1225; x_wconf 83' lang='lat' dir='ltr'><strong>humanitatem,</strong></span> <span class='ocrx_word' id='word_1_145' title='bbox 2377 1177 2441 1217; x_wconf 92' lang='lat' dir='ltr'><strong>ac</strong></span> <span class='ocrx_word' id='word_1_146' title='bbox 2493 1161 2903 1232; x_wconf 86' lang='lat' dir='ltr'><strong>dispensatione</strong></span> <span class='ocrx_word' id='word_1_147' title='bbox 2946 1165 3256 1232; x_wconf 83' lang='lat' dir='ltr'><strong>posterior;</strong></span> <span class='ocrx_word' id='word_1_148' title='bbox 3293 1164 3388 1220; x_wconf 88' lang='lat' dir='ltr'><strong>sed</strong></span> <span class='ocrx_word' id='word_1_149' title='bbox 3430 1165 3511 1220; x_wconf 90' lang='lat' dir='ltr'><strong>ei-</strong></span> 
     </span>
    </p>
   </div>
   <div class='ocr_carea' id='block_1_20' title="bbox 245 1249 3504 1329">
    <p class='ocr_par' dir='ltr' id='par_1_20' title="bbox 245 1249 3504 1329">
     <span class='ocr_line' id='line_1_20' title="bbox 245 1249 3504 1329; baseline 0.003 -22"><span class='ocrx_word' id='word_1_150' title='bbox 245 1249 367 1307; x_wconf 86' lang='lat' dir='ltr'><strong>dem</strong></span> <span class='ocrx_word' id='word_1_151' title='bbox 397 1261 603 1318; x_wconf 88' lang='lat' dir='ltr'><strong>tamen,</strong></span> <span class='ocrx_word' id='word_1_152' title='bbox 637 1253 784 1323; x_wconf 88' lang='lat' dir='ltr'><strong>quod</strong></span> <span class='ocrx_word' id='word_1_153' title='bbox 812 1254 882 1308; x_wconf 91' lang='lat' dir='ltr'><strong>ad</strong></span> <span class='ocrx_word' id='word_1_154' title='bbox 939 1255 1210 1311; x_wconf 88' lang='lat' dir='ltr'><strong>Deitatem</strong></span> <span class='ocrx_word' id='word_1_155' title='bbox 1249 1272 1314 1312; x_wconf 89' lang='lat' dir='ltr'><strong>ac</strong></span> <span class='ocrx_word' id='word_1_156' title='bbox 1340 1267 1543 1314; x_wconf 70' lang='lat' dir='ltr'><strong>saneta:</strong></span> <span class='ocrx_word' id='word_1_157' title='bbox 1585 1257 1869 1313; x_wconf 77' lang='lat' dir='ltr'><strong>Trinitatis</strong></span> <span class='ocrx_word' id='word_1_158' title='bbox 1905 1256 2133 1325; x_wconf 81' lang='lat' dir='ltr'><strong>gloriam</strong></span> <span class='ocrx_word' id='word_1_159' title='bbox 2186 1257 2448 1326; x_wconf 89' lang='lat' dir='ltr'><strong>pertinet,</strong></span> <span class='ocrx_word' id='word_1_160' title='bbox 2485 1257 2645 1328; x_wconf 79' lang='lat' dir='ltr'><strong>longe</strong></span> <span class='ocrx_word' id='word_1_161' title='bbox 2700 1258 3041 1329; x_wconf 67' lang='lat' dir='ltr'><strong>praeponitur</strong></span> <span class='ocrx_word' id='word_1_162' title='bbox 3081 1269 3137 1314; x_wconf 90' lang='lat' dir='ltr'><strong>et</strong></span> <span class='ocrx_word' id='word_1_163' title='bbox 3178 1262 3504 1317; x_wconf 81' lang='lat' dir='ltr'><strong>antefertur.</strong></span> 
     </span>
    </p>
   </div>
   <div class='ocr_carea' id='block_1_21' title="bbox 312 1346 1628 1424">
    <p class='ocr_par' dir='ltr' id='par_1_21' title="bbox 312 1346 1628 1424">
     <span class='ocr_line' id='line_1_21' title="bbox 312 1346 1628 1424; baseline 0.005 -23"><span class='ocrx_word' id='word_1_164' title='bbox 312 1346 522 1409; x_wconf 76' lang='grc' dir='ltr'><strong>ΠΑΛΛ.</strong></span> <span class='ocrx_word' id='word_1_165' title='bbox 577 1348 664 1414; x_wconf 79' lang='grc' dir='ltr'>Ὠς</span> <span class='ocrx_word' id='word_1_166' title='bbox 701 1350 878 1421; x_wconf 80' lang='grc' dir='ltr'>σαφής</span> <span class='ocrx_word' id='word_1_167' title='bbox 907 1366 968 1404; x_wconf 90' lang='grc' dir='ltr'><strong>τε</strong></span> <span class='ocrx_word' id='word_1_168' title='bbox 997 1351 1090 1404; x_wconf 71' lang='grc' dir='ltr'>καὶ</span> <span class='ocrx_word' id='word_1_169' title='bbox 1131 1352 1368 1424; x_wconf 75' lang='grc' dir='ltr'>ἐναργὴς</span> <span class='ocrx_word' id='word_1_170' title='bbox 1395 1356 1423 1407; x_wconf 98' lang='lat'><strong>6</strong></span> <span class='ocrx_word' id='word_1_171' title='bbox 1452 1354 1628 1423; x_wconf 78' lang='grc' dir='ltr'>λόγος.</span> 
     </span>
    </p>
   </div>
   <div class='ocr_carea' id='block_1_22' title="bbox 310 1442 1822 1517">
    <p class='ocr_par' dir='ltr' id='par_1_22' title="bbox 310 1442 1822 1517">
     <span class='ocr_line' id='line_1_22' title="bbox 310 1442 1822 1517; baseline 0.004 -22"><span class='ocrx_word' id='word_1_172' title='bbox 310 1442 474 1497; x_wconf 74' lang='grc' dir='ltr'><strong>ΚΥΡ.</strong></span> <span class='ocrx_word' id='word_1_173' title='bbox 533 1443 599 1495; x_wconf 82' lang='grc' dir='ltr'><strong>Τί</strong></span> <span class='ocrx_word' id='word_1_174' title='bbox 641 1442 732 1511; x_wconf 84' lang='grc' dir='ltr'><strong>δέ;</strong></span> <span class='ocrx_word' id='word_1_175' title='bbox 784 1442 905 1514; x_wconf 76' lang='grc' dir='ltr'>οὐχὶ</span> <span class='ocrx_word' id='word_1_176' title='bbox 975 1444 1197 1499; x_wconf 75' lang='grc' dir='ltr'>κάκεῖνο</span> <span class='ocrx_word' id='word_1_177' title='bbox 1240 1446 1377 1517; x_wconf 85' lang='grc' dir='ltr'>πρὸς</span> <span class='ocrx_word' id='word_1_178' title='bbox 1416 1446 1623 1512; x_wconf 81' lang='grc' dir='ltr'><strong>τούτοις</strong></span> <span class='ocrx_word' id='word_1_179' title='bbox 1673 1446 1822 1515; x_wconf 78' lang='grc' dir='ltr'>ἄξιον</span> 
     </span>
    </p>
   </div>
   <div class='ocr_carea' id='block_1_23' title="bbox 253 1533 413 1597">
    <p class='ocr_par' dir='ltr' id='par_1_23' title="bbox 253 1533 413 1597">
     <span class='ocr_line' id='line_1_23' title="bbox 253 1533 413 1597; baseline 0 -12"><span class='ocrx_word' id='word_1_180' title='bbox 253 1533 382 1587; x_wconf 78' lang='grc' dir='ltr'><strong>Ιδεῖν</strong></span> <span class='ocrx_word' id='word_1_181' title='bbox 398 1548 413 1597; x_wconf 90' lang='grc'><strong>;</strong></span> 
     </span>
    </p>
   </div>
   <div class='ocr_carea' id='block_1_24' title="bbox 311 1625 851 1693">
    <p class='ocr_par' dir='ltr' id='par_1_24' title="bbox 311 1625 851 1693">
     <span class='ocr_line' id='line_1_24' title="bbox 311 1625 851 1693; baseline 0.006 -16"><span class='ocrx_word' id='word_1_182' title='bbox 311 1625 519 1678; x_wconf 73' lang='grc' dir='ltr'><strong>ΠΔΛΛ.</strong></span> <span class='ocrx_word' id='word_1_183' title='bbox 563 1625 636 1678; x_wconf 83' lang='grc' dir='ltr'>Τδ</span> <span class='ocrx_word' id='word_1_184' title='bbox 665 1627 818 1680; x_wconf 84' lang='grc' dir='ltr'>ποῖον</span> <span class='ocrx_word' id='word_1_185' title='bbox 837 1643 851 1693; x_wconf 90' lang='lat'>;</span> 
     </span>
    </p>
   </div>
   <div class='ocr_carea' id='block_1_25' title="bbox 308 1716 1892 1814">
    <p class='ocr_par' dir='ltr' id='par_1_25' title="bbox 308 1716 1892 1814">
     <span class='ocr_line' id='line_1_25' title="bbox 308 1716 1892 1814; baseline 0.008 -46"><span class='ocrx_word' id='word_1_186' title='bbox 308 1716 475 1814; x_wconf 49' lang='lat' dir='ltr'><strong>K11}</strong></span> <span class='ocrx_word' id='word_1_187' title='bbox 517 1717 819 1814; x_wconf 29' lang='lat' dir='ltr'><strong>OO‘detot</strong></span> <span class='ocrx_word' id='word_1_188' title='bbox 853 1718 956 1814; x_wconf 67' lang='grc' dir='ltr'>τῇς</span> <span class='ocrx_word' id='word_1_189' title='bbox 1486 1721 1823 1814; x_wconf 79' lang='grc' dir='ltr'>ἐκδεδραμή-</span> <span class='ocrx_word' id='word_1_190' title='bbox 1848 1760 1892 1814; x_wconf 76' lang='grc' dir='ltr'><strong>Β</strong></span> 
     </span>
    </p>
   </div>
   <div class='ocr_carea' id='block_1_26' title="bbox 240 1807 1817 1884">
    <p class='ocr_par' dir='ltr' id='par_1_26' title="bbox 240 1807 1817 1884">
     <span class='ocr_line' id='line_1_26' title="bbox 240 1807 1817 1884; baseline 0.005 -26"><span class='ocrx_word' id='word_1_191' title='bbox 240 1823 367 1860; x_wconf 85' lang='grc' dir='ltr'>κασι</span> <span class='ocrx_word' id='word_1_192' title='bbox 394 1808 498 1878; x_wconf 82' lang='grc' dir='ltr'>γῆς</span> <span class='ocrx_word' id='word_1_193' title='bbox 529 1810 577 1861; x_wconf 90' lang='grc' dir='ltr'>οἱ</span> <span class='ocrx_word' id='word_1_194' title='bbox 603 1807 661 1873; x_wconf 77' lang='grc' dir='ltr'>ὲξ</span> <span class='ocrx_word' id='word_1_195' title='bbox 695 1809 936 1881; x_wconf 72' lang='grc' dir='ltr'>Ἰσραήλ.</span> <span class='ocrx_word' id='word_1_196' title='bbox 980 1810 1120 1864; x_wconf 82' lang='grc' dir='ltr'>Ἀλλ’</span> <span class='ocrx_word' id='word_1_197' title='bbox 1159 1811 1267 1865; x_wconf 79' lang='grc' dir='ltr'>οὐδ’</span> <span class='ocrx_word' id='word_1_198' title='bbox 1298 1811 1364 1866; x_wconf 82' lang='grc' dir='ltr'><strong>ἂν</strong></span> <span class='ocrx_word' id='word_1_199' title='bbox 1391 1811 1533 1865; x_wconf 72' lang='grc' dir='ltr'>οὕτω</span> <span class='ocrx_word' id='word_1_200' title='bbox 1560 1816 1659 1884; x_wconf 84' lang='grc' dir='ltr'>τὴν</span> <span class='ocrx_word' id='word_1_201' title='bbox 1690 1812 1817 1866; x_wconf 89' lang='grc' dir='ltr'>δυσ-</span> 
     </span>
    </p>
   </div>
   <div class='ocr_carea' id='block_1_27' title="bbox 239 1898 1871 1973">
    <p class='ocr_par' dir='ltr' id='par_1_27' title="bbox 239 1898 1871 1973">
     <span class='ocr_line' id='line_1_27' title="bbox 239 1898 1871 1973; baseline 0.004 -22"><span class='ocrx_word' id='word_1_202' title='bbox 239 1898 377 1968; x_wconf 83' lang='grc' dir='ltr'><strong>αχθῆ</strong></span> <span class='ocrx_word' id='word_1_203' title='bbox 428 1916 488 1951; x_wconf 83' lang='grc' dir='ltr'><strong>τε</strong></span> <span class='ocrx_word' id='word_1_204' title='bbox 556 1900 650 1953; x_wconf 74' lang='grc' dir='ltr'>καὶ</span> <span class='ocrx_word' id='word_1_205' title='bbox 696 1902 1179 1973; x_wconf 82' lang='grc' dir='ltr'>κατεστυγημένην</span> <span class='ocrx_word' id='word_1_206' title='bbox 1237 1903 1423 1966; x_wconf 80' lang='grc' dir='ltr'>αὐτοῖς</span> <span class='ocrx_word' id='word_1_207' title='bbox 1479 1904 1818 1958; x_wconf 79' lang='grc' dir='ltr'>ἀπελύσαντο</span> <span class='ocrx_word' id='word_1_208' title='bbox 1862 1930 1871 1948; x_wconf 75' lang='grc' dir='ltr'><strong>ι</strong></span> 
     </span>
    </p>
   </div>
   <div class='ocr_carea' id='block_1_28' title="bbox 235 1988 1817 2064">
    <p class='ocr_par' dir='ltr' id='par_1_28' title="bbox 235 1988 1817 2064">
     <span class='ocr_line' id='line_1_28' title="bbox 235 1988 1817 2064; baseline 0.003 -23"><span class='ocrx_word' id='word_1_209' title='bbox 235 1988 503 2053; x_wconf 78' lang='grc' dir='ltr'>δουλείαν,</span> <span class='ocrx_word' id='word_1_210' title='bbox 530 1990 730 2060; x_wconf 79' lang='grc' dir='ltr'>μᾶλλον</span> <span class='ocrx_word' id='word_1_211' title='bbox 758 1991 837 2055; x_wconf 79' lang='grc' dir='ltr'><strong>δὲ,</strong></span> <span class='ocrx_word' id='word_1_212' title='bbox 873 1991 980 2044; x_wconf 79' lang='grc' dir='ltr'>οὐδ’</span> <span class='ocrx_word' id='word_1_213' title='bbox 1013 1991 1242 2055; x_wconf 68' lang='grc' dir='ltr'>ἂνόλως</span> <span class='ocrx_word' id='word_1_214' title='bbox 1274 1991 1564 2064; x_wconf 82' lang='grc' dir='ltr'>διέδρασαν.</span> <span class='ocrx_word' id='word_1_215' title='bbox 1587 1993 1678 2047; x_wconf 85' lang='grc' dir='ltr'><strong>τὸν</strong></span> <span class='ocrx_word' id='word_1_216' title='bbox 1705 1996 1817 2058; x_wconf 90' lang='grc' dir='ltr'>τοῖς</span> 
     </span>
    </p>
   </div>
   <div class='ocr_carea' id='block_1_29' title="bbox 234 2081 1816 2155">
    <p class='ocr_par' dir='ltr' id='par_1_29' title="bbox 234 2081 1816 2155">
     <span class='ocr_line' id='line_1_29' title="bbox 234 2081 1816 2155; baseline 0.003 -23"><span class='ocrx_word' id='word_1_217' title='bbox 234 2083 289 2132; x_wconf 80' lang='grc' dir='ltr'>ὲν</span> <span class='ocrx_word' id='word_1_218' title='bbox 321 2081 588 2151; x_wconf 78' lang='grc' dir='ltr'>Αἰγύπτῳ</span> <span class='ocrx_word' id='word_1_219' title='bbox 626 2082 989 2153; x_wconf 85' lang='grc' dir='ltr'>πρωτοτόκοις</span> <span class='ocrx_word' id='word_1_220' title='bbox 1029 2083 1384 2155; x_wconf 75' lang='grc' dir='ltr'>ὲπιρῤιφέντα</span> <span class='ocrx_word' id='word_1_221' title='bbox 1434 2082 1684 2148; x_wconf 85' lang='grc' dir='ltr'>θάνατον,</span> <span class='ocrx_word' id='word_1_222' title='bbox 1727 2083 1816 2136; x_wconf 80' lang='grc' dir='ltr'><strong>καὶ</strong></span> 
     </span>
    </p>
   </div>
   <div class='ocr_carea' id='block_1_30' title="bbox 192 2168 1818 2247">
    <p class='ocr_par' dir='ltr' id='par_1_30' title="bbox 192 2168 1818 2247">
     <span class='ocr_line' id='line_1_30' title="bbox 192 2168 1818 2247; baseline 0.001 -20"><span class='ocrx_word' id='word_1_223' title='bbox 192 2168 193 2175; x_wconf 48' lang='grc'><em>“</em></span> <span class='ocrx_word' id='word_1_224' title='bbox 232 2174 327 2243; x_wconf 76' lang='grc' dir='ltr'><strong>τὴν</strong></span> <span class='ocrx_word' id='word_1_225' title='bbox 356 2173 755 2242; x_wconf 72' lang='grc' dir='ltr'>δυσδιάςρυκτον</span> <span class='ocrx_word' id='word_1_226' title='bbox 797 2178 953 2246; x_wconf 84' lang='grc' dir='ltr'>χεῖρα</span> <span class='ocrx_word' id='word_1_227' title='bbox 975 2175 1067 2228; x_wconf 87' lang='grc' dir='ltr'><strong>τοῦ</strong></span> <span class='ocrx_word' id='word_1_228' title='bbox 1097 2173 1436 2247; x_wconf 79' lang='grc' dir='ltr'>ὀλοθρευτοῦ,</span> <span class='ocrx_word' id='word_1_229' title='bbox 1469 2176 1517 2227; x_wconf 80' lang='grc' dir='ltr'>εἰ</span> <span class='ocrx_word' id='word_1_230' title='bbox 1546 2176 1622 2246; x_wconf 82' lang='grc' dir='ltr'>μὴ</span> <span class='ocrx_word' id='word_1_231' title='bbox 1651 2192 1818 2229; x_wconf 85' lang='grc' dir='ltr'>κατα-</span> 
     </span>
    </p>
   </div>
   <div class='ocr_carea' id='block_1_31' title="bbox 235 2264 1814 2337">
    <p class='ocr_par' dir='ltr' id='par_1_31' title="bbox 235 2264 1814 2337">
     <span class='ocr_line' id='line_1_31' title="bbox 235 2264 1814 2337; baseline 0.001 -20"><span class='ocrx_word' id='word_1_232' title='bbox 235 2264 501 2327; x_wconf 87' lang='grc' dir='ltr'>θύσαντες</span> <span class='ocrx_word' id='word_1_233' title='bbox 533 2264 627 2318; x_wconf 75' lang='grc' dir='ltr'><strong>τὸν</strong></span> <span class='ocrx_word' id='word_1_234' title='bbox 656 2265 825 2335; x_wconf 82' lang='grc' dir='ltr'>ἀμνὸν</span> <span class='ocrx_word' id='word_1_235' title='bbox 856 2268 937 2329; x_wconf 76' lang='grc' dir='ltr'><strong>εἰς</strong></span> <span class='ocrx_word' id='word_1_236' title='bbox 971 2265 1141 2320; x_wconf 86' lang='grc' dir='ltr'>τύπον</span> <span class='ocrx_word' id='word_1_237' title='bbox 1166 2265 1403 2337; x_wconf 78' lang='grc' dir='ltr'>Χριστοῦ</span> <span class='ocrx_word' id='word_1_238' title='bbox 1443 2266 1538 2319; x_wconf 86' lang='grc' dir='ltr'><strong>τοῦ</strong></span> <span class='ocrx_word' id='word_1_239' title='bbox 1573 2267 1814 2335; x_wconf 78' lang='grc' dir='ltr'>αἴροντος</span> 
     </span>
    </p>
   </div>
   <div class='ocr_carea' id='block_1_32' title="bbox 232 2356 1813 2430">
    <p class='ocr_par' dir='ltr' id='par_1_32' title="bbox 232 2356 1813 2430">
     <span class='ocr_line' id='line_1_32' title="bbox 232 2356 1813 2430; baseline 0.001 -20"><span class='ocrx_word' id='word_1_240' title='bbox 232 2357 328 2421; x_wconf 75' lang='grc' dir='ltr'><strong>τὰς</strong></span> <span class='ocrx_word' id='word_1_241' title='bbox 373 2357 652 2427; x_wconf 80' lang='grc' dir='ltr'>ἁμαρτίας</span> <span class='ocrx_word' id='word_1_242' title='bbox 695 2356 790 2409; x_wconf 87' lang='grc' dir='ltr'><strong>τοῦ</strong></span> <span class='ocrx_word' id='word_1_243' title='bbox 827 2357 1051 2427; x_wconf 83' lang='grc' dir='ltr'><strong>κόσμου.</strong></span> <span class='ocrx_word' id='word_1_244' title='bbox 1086 2359 1344 2430; x_wconf 84' lang='grc' dir='ltr'>Ἐχρισαν</span> <span class='ocrx_word' id='word_1_245' title='bbox 1379 2357 1477 2427; x_wconf 85' lang='grc' dir='ltr'><strong>μὲν</strong></span> <span class='ocrx_word' id='word_1_246' title='bbox 1512 2357 1591 2427; x_wconf 85' lang='grc' dir='ltr'>τῷ</span> <span class='ocrx_word' id='word_1_247' title='bbox 1623 2359 1813 2427; x_wconf 75' lang='grc' dir='ltr'>αἵματι</span> 
     </span>
    </p>
   </div>
   <div class='ocr_carea' id='block_1_33' title="bbox 231 2446 1814 2518">
    <p class='ocr_par' dir='ltr' id='par_1_33' title="bbox 231 2446 1814 2518">
     <span class='ocr_line' id='line_1_33' title="bbox 231 2446 1814 2518; baseline -0.002 -16"><span class='ocrx_word' id='word_1_248' title='bbox 231 2448 329 2510; x_wconf 80' lang='grc' dir='ltr'>τὰς</span> <span class='ocrx_word' id='word_1_249' title='bbox 366 2447 548 2518; x_wconf 79' lang='grc' dir='ltr'>φλιὰς,</span> <span class='ocrx_word' id='word_1_250' title='bbox 595 2446 736 2501; x_wconf 79' lang='grc' dir='ltr'>κατὰ</span> <span class='ocrx_word' id='word_1_251' title='bbox 777 2447 868 2499; x_wconf 85' lang='grc' dir='ltr'><strong>τὸν</strong></span> <span class='ocrx_word' id='word_1_252' title='bbox 902 2447 1052 2516; x_wconf 83' lang='grc' dir='ltr'>σφίσι</span> <span class='ocrx_word' id='word_1_253' title='bbox 1099 2446 1187 2501; x_wconf 73' lang='grc' dir='ltr'><strong>διὰ</strong></span> <span class='ocrx_word' id='word_1_254' title='bbox 1236 2449 1478 2512; x_wconf 79' lang='grc' dir='ltr'><strong>Μωσέως</strong></span> <span class='ocrx_word' id='word_1_255' title='bbox 1527 2447 1814 2518; x_wconf 83' lang='grc' dir='ltr'>ὁρισθέντα</span> 
     </span>
    </p>
   </div>
   <div class='ocr_carea' id='block_1_34' title="bbox 234 2534 1813 2611">
    <p class='ocr_par' dir='ltr' id='par_1_34' title="bbox 234 2534 1813 2611">
     <span class='ocr_line' id='line_1_34' title="bbox 234 2534 1813 2611; baseline -0.003 -19"><span class='ocrx_word' id='word_1_256' title='bbox 234 2538 401 2609; x_wconf 77' lang='grc' dir='ltr'>νόμον</span> <span class='ocrx_word' id='word_1_257' title='bbox 422 2550 440 2567; x_wconf 76' lang='grc'><strong>⁸</strong></span> <span class='ocrx_word' id='word_1_258' title='bbox 466 2536 528 2591; x_wconf 79' lang='grc' dir='ltr'>τὸ</span> <span class='ocrx_word' id='word_1_259' title='bbox 557 2536 614 2590; x_wconf 86' lang='grc' dir='ltr'>δὲ</span> <span class='ocrx_word' id='word_1_260' title='bbox 636 2534 875 2608; x_wconf 78' lang='grc' dir='ltr'>Χριστοῦ</span> <span class='ocrx_word' id='word_1_261' title='bbox 913 2537 1209 2607; x_wconf 82' lang='grc' dir='ltr'>μυστήριον</span> <span class='ocrx_word' id='word_1_262' title='bbox 1236 2537 1395 2591; x_wconf 82' lang='grc' dir='ltr'>ὅπλον</span> <span class='ocrx_word' id='word_1_263' title='bbox 1420 2536 1607 2611; x_wconf 79' lang='grc' dir='ltr'>ὥσπερ</span> <span class='ocrx_word' id='word_1_264' title='bbox 1637 2554 1688 2589; x_wconf 92' lang='grc' dir='ltr'><strong>τι</strong></span> <span class='ocrx_word' id='word_1_265' title='bbox 1718 2535 1813 2591; x_wconf 67' lang='grc' dir='ltr'><strong>καὶ⁵</strong></span> 
     </span>
    </p>
   </div>
   <div class='ocr_carea' id='block_1_35' title="bbox 230 2627 1813 2700">
    <p class='ocr_par' dir='ltr' id='par_1_35' title="bbox 230 2627 1813 2700">
     <span class='ocr_line' id='line_1_35' title="bbox 230 2627 1813 2700; baseline -0.001 -18"><span class='ocrx_word' id='word_1_266' title='bbox 230 2627 599 2697; x_wconf 81' lang='grc' dir='ltr'>ἀνατείχισμα</span> <span class='ocrx_word' id='word_1_267' title='bbox 623 2627 725 2697; x_wconf 84' lang='grc' dir='ltr'><strong>τῆς</strong></span> <span class='ocrx_word' id='word_1_268' title='bbox 775 2627 984 2682; x_wconf 76' lang='grc' dir='ltr'>ἑαυτῶν</span> <span class='ocrx_word' id='word_1_269' title='bbox 1031 2628 1309 2682; x_wconf 70' lang='grc' dir='ltr'>ἐποιοῦντο</span> <span class='ocrx_word' id='word_1_270' title='bbox 1331 2628 1528 2699; x_wconf 66' lang='grc' dir='ltr'>ψυχῆς.</span> <span class='ocrx_word' id='word_1_271' title='bbox 1575 2627 1813 2700; x_wconf 58' lang='lat' dir='ltr'><strong>Auliqu-</strong></span> 
     </span>
    </p>
   </div>
   <div class='ocr_carea' id='block_1_36' title="bbox 229 2719 1812 2792">
    <p class='ocr_par' dir='ltr' id='par_1_36' title="bbox 229 2719 1812 2792">
     <span class='ocr_line' id='line_1_36' title="bbox 229 2719 1812 2792; baseline 0.001 -18"><span class='ocrx_word' id='word_1_272' title='bbox 229 2720 323 2775; x_wconf 76' lang='grc' dir='ltr'><strong>κὺν</strong></span> <span class='ocrx_word' id='word_1_273' title='bbox 352 2719 464 2791; x_wconf 85' lang='grc' dir='ltr'>γὰρ</span> <span class='ocrx_word' id='word_1_274' title='bbox 497 2720 729 2775; x_wconf 87' lang='grc' dir='ltr'>θανάτου</span> <span class='ocrx_word' id='word_1_275' title='bbox 789 2721 1075 2791; x_wconf 85' lang='grc' dir='ltr'>φάρμακον</span> <span class='ocrx_word' id='word_1_276' title='bbox 1101 2722 1129 2773; x_wconf 90' lang='lat'><strong>6</strong></span> <span class='ocrx_word' id='word_1_277' title='bbox 1155 2720 1393 2792; x_wconf 88' lang='grc' dir='ltr'>Χριστοῦ</span> <span class='ocrx_word' id='word_1_278' title='bbox 1436 2720 1682 2786; x_wconf 80' lang='grc' dir='ltr'>θάνατος,</span> <span class='ocrx_word' id='word_1_279' title='bbox 1717 2723 1812 2775; x_wconf 81' lang='grc' dir='ltr'>καὶ</span> 
     </span>
    </p>
   </div>
   <div class='ocr_carea' id='block_1_37' title="bbox 227 2813 1808 2887">
    <p class='ocr_par' dir='ltr' id='par_1_37' title="bbox 227 2813 1808 2887">
     <span class='ocr_line' id='line_1_37' title="bbox 227 2813 1808 2887; baseline 0.001 -20"><span class='ocrx_word' id='word_1_280' title='bbox 227 2814 439 2887; x_wconf 82' lang='grc' dir='ltr'>φθορᾶς</span> <span class='ocrx_word' id='word_1_281' title='bbox 472 2814 728 2885; x_wconf 73' lang='grc' dir='ltr'>ἀμείνους</span> <span class='ocrx_word' id='word_1_282' title='bbox 760 2816 807 2867; x_wconf 82' lang='grc' dir='ltr'><strong>οἱ</strong></span> <span class='ocrx_word' id='word_1_283' title='bbox 837 2814 934 2884; x_wconf 79' lang='grc' dir='ltr'>τῆς</span> <span class='ocrx_word' id='word_1_284' title='bbox 967 2815 1233 2884; x_wconf 81' lang='grc' dir='ltr'>μυστικῆς</span> <span class='ocrx_word' id='word_1_285' title='bbox 1265 2813 1511 2882; x_wconf 82' lang='grc' dir='ltr'>εὐλογίας</span> <span class='ocrx_word' id='word_1_286' title='bbox 1570 2814 1808 2886; x_wconf 82' lang='grc' dir='ltr'>μέτοχοι,</span> 
     </span>
    </p>
   </div>
   <div class='ocr_carea' id='block_1_38' title="bbox 224 2905 1809 2981">
    <p class='ocr_par' dir='ltr' id='par_1_38' title="bbox 224 2905 1809 2981">
     <span class='ocr_line' id='line_1_38' title="bbox 224 2905 1809 2981; baseline 0.001 -21"><span class='ocrx_word' id='word_1_287' title='bbox 224 2905 371 2960; x_wconf 85' lang='grc' dir='ltr'><strong>κατά</strong></span> <span class='ocrx_word' id='word_1_288' title='bbox 413 2923 478 2975; x_wconf 83' lang='grc' dir='ltr'><strong>γε</strong></span> <span class='ocrx_word' id='word_1_289' title='bbox 505 2905 586 2972; x_wconf 83' lang='grc' dir='ltr'><strong>τὸ,</strong></span> <span class='ocrx_word' id='word_1_290' title='bbox 626 2923 645 2957; x_wconf 81' lang='grc' dir='ltr'><strong>ι</strong></span> <span class='ocrx_word' id='word_1_291' title='bbox 698 2905 890 2979; x_wconf 78' lang='grc' dir='ltr'>Ἀμὴν,</span> <span class='ocrx_word' id='word_1_292' title='bbox 930 2907 1078 2978; x_wconf 85' lang='grc' dir='ltr'>ἀμὴν</span> <span class='ocrx_word' id='word_1_293' title='bbox 1124 2907 1267 2975; x_wconf 86' lang='grc' dir='ltr'>λέγω</span> <span class='ocrx_word' id='word_1_294' title='bbox 1318 2908 1476 2977; x_wconf 83' lang='grc' dir='ltr'>ὑμῖν·</span> <span class='ocrx_word' id='word_1_295' title='bbox 1509 2908 1537 2960; x_wconf 88' lang='lat'><strong>6</strong></span> <span class='ocrx_word' id='word_1_296' title='bbox 1581 2908 1809 2981; x_wconf 80' lang='grc' dir='ltr'>τρώγων</span> 
     </span>
    </p>
   </div>
   <div class='ocr_carea' id='block_1_39' title="bbox 228 2994 1808 3072">
    <p class='ocr_par' dir='ltr' id='par_1_39' title="bbox 228 2994 1808 3072">
     <span class='ocr_line' id='line_1_39' title="bbox 228 2994 1808 3072; baseline 0.002 -21"><span class='ocrx_word' id='word_1_297' title='bbox 228 3016 330 3070; x_wconf 87' lang='grc' dir='ltr'><strong>μου</strong></span> <span class='ocrx_word' id='word_1_298' title='bbox 366 2999 465 3071; x_wconf 78' lang='grc' dir='ltr'><strong>τὴν</strong></span> <span class='ocrx_word' id='word_1_299' title='bbox 515 3000 713 3070; x_wconf 81' lang='grc' dir='ltr'>σάρκα,</span> <span class='ocrx_word' id='word_1_300' title='bbox 755 3000 848 3055; x_wconf 71' lang='grc' dir='ltr'><strong>καὶ</strong></span> <span class='ocrx_word' id='word_1_301' title='bbox 882 3001 1051 3054; x_wconf 82' lang='grc' dir='ltr'>πίνων</span> <span class='ocrx_word' id='word_1_302' title='bbox 1083 3018 1183 3072; x_wconf 91' lang='grc' dir='ltr'><strong>μου</strong></span> <span class='ocrx_word' id='word_1_303' title='bbox 1224 2999 1286 3054; x_wconf 83' lang='grc' dir='ltr'><strong>τὸ</strong></span> <span class='ocrx_word' id='word_1_304' title='bbox 1313 2994 1474 3070; x_wconf 78' lang='grc' dir='ltr'>αἷμα,</span> <span class='ocrx_word' id='word_1_305' title='bbox 1518 2999 1631 3070; x_wconf 73' lang='grc' dir='ltr'>ἔχει</span> <span class='ocrx_word' id='word_1_306' title='bbox 1664 2999 1808 3072; x_wconf 81' lang='grc' dir='ltr'>ζωὴν</span> 
     </span>
    </p>
   </div>
   <div class='ocr_carea' id='block_1_40' title="bbox 1997 1350 3338 1426">
    <p class='ocr_par' dir='ltr' id='par_1_40' title="bbox 1997 1350 3338 1426">
     <span class='ocr_line' id='line_1_40' title="bbox 1997 1350 3338 1426; baseline 0.003 -20"><span class='ocrx_word' id='word_1_307' title='bbox 1997 1350 2201 1406; x_wconf 83' lang='lat' dir='ltr'><strong>PALL.</strong></span> <span class='ocrx_word' id='word_1_308' title='bbox 2230 1351 2432 1422; x_wconf 85' lang='lat' dir='ltr'><strong>Aperta</strong></span> <span class='ocrx_word' id='word_1_309' title='bbox 2460 1366 2591 1407; x_wconf 87' lang='lat' dir='ltr'><strong>sane</strong></span> <span class='ocrx_word' id='word_1_310' title='bbox 2622 1368 2687 1407; x_wconf 92' lang='lat' dir='ltr'><strong>ac</strong></span> <span class='ocrx_word' id='word_1_311' title='bbox 2721 1354 3013 1423; x_wconf 80' lang='lat' dir='ltr'><strong>perspicua</strong></span> <span class='ocrx_word' id='word_1_312' title='bbox 3048 1357 3338 1426; x_wconf 82' lang='lat' dir='ltr'><strong>expositio.</strong></span> 
     </span>
    </p>
   </div>
   <div class='ocr_carea' id='block_1_41' title="bbox 1993 1442 3507 1518">
    <p class='ocr_par' dir='ltr' id='par_1_41' title="bbox 1993 1442 3507 1518">
     <span class='ocr_line' id='line_1_41' title="bbox 1993 1442 3507 1518; baseline 0.003 -19"><span class='ocrx_word' id='word_1_313' title='bbox 1993 1442 2151 1499; x_wconf 81' lang='lat' dir='ltr'><strong>CYR.</strong></span> <span class='ocrx_word' id='word_1_314' title='bbox 2182 1442 2367 1509; x_wconf 85' lang='lat' dir='ltr'><strong>Quid?</strong></span> <span class='ocrx_word' id='word_1_315' title='bbox 2424 1459 2608 1499; x_wconf 87' lang='lat' dir='ltr'><strong>nonne</strong></span> <span class='ocrx_word' id='word_1_316' title='bbox 2654 1445 2789 1499; x_wconf 89' lang='lat' dir='ltr'><strong>illud</strong></span> <span class='ocrx_word' id='word_1_317' title='bbox 2839 1455 3104 1515; x_wconf 70' lang='lat' dir='ltr'><strong>praeterea</strong></span> <span class='ocrx_word' id='word_1_318' title='bbox 3149 1447 3375 1518; x_wconf 79' lang='lat' dir='ltr'><strong>dignum</strong></span> <span class='ocrx_word' id='word_1_319' title='bbox 3420 1456 3507 1504; x_wconf 81' lang='lat' dir='ltr'><strong>est</strong></span> 
     </span>
    </p>
   </div>
   <div class='ocr_carea' id='block_1_42' title="bbox 1921 1534 2608 1605">
    <p class='ocr_par' dir='ltr' id='par_1_42' title="bbox 1921 1534 2608 1605">
     <span class='ocr_line' id='line_1_42' title="bbox 1921 1534 2608 1605; baseline 0 -16"><span class='ocrx_word' id='word_1_320' title='bbox 1921 1534 2068 1605; x_wconf 91' lang='lat' dir='ltr'><strong>quod</strong></span> <span class='ocrx_word' id='word_1_321' title='bbox 2093 1535 2562 1590; x_wconf 86' lang='lat' dir='ltr'><strong>animadvertatur</strong></span> <span class='ocrx_word' id='word_1_322' title='bbox 2585 1537 2608 1589; x_wconf 85' lang='lat'><strong>?</strong></span> 
     </span>
    </p>
   </div>
   <div class='ocr_carea' id='block_1_43' title="bbox 1991 1621 3379 1711">
    <p class='ocr_par' dir='ltr' id='par_1_43' title="bbox 1991 1621 3379 1711">
     <span class='ocr_line' id='line_1_43' title="bbox 1991 1621 3379 1711; baseline 0.001 -34"><span class='ocrx_word' id='word_1_323' title='bbox 1991 1621 2189 1678; x_wconf 84' lang='lat' dir='ltr'><strong>PALL.</strong></span> <span class='ocrx_word' id='word_1_324' title='bbox 2225 1623 2497 1690; x_wconf 86' lang='lat' dir='ltr'><strong>Quidnam</strong></span> <span class='ocrx_word' id='word_1_325' title='bbox 2525 1624 2670 1679; x_wconf 88' lang='lat' dir='ltr'><strong>istud</strong></span> <span class='ocrx_word' id='word_1_326' title='bbox 2706 1625 2833 1679; x_wconf 89' lang='lat' dir='ltr'><strong>est?</strong></span> <span class='ocrx_word' id='word_1_327' title='bbox 3370 1694 3379 1711; x_wconf 38' lang='grc' dir='ltr'><em>Ι</em></span> 
     </span>
    </p>
   </div>
   <div class='ocr_carea' id='block_1_44' title="bbox 1990 1715 3504 1789">
    <p class='ocr_par' dir='ltr' id='par_1_44' title="bbox 1990 1715 3504 1789">
     <span class='ocr_line' id='line_1_44' title="bbox 1990 1715 3504 1789; baseline 0.003 -19"><span class='ocrx_word' id='word_1_328' title='bbox 1990 1715 2149 1770; x_wconf 81' lang='lat' dir='ltr'><strong>CYR.</strong></span> <span class='ocrx_word' id='word_1_329' title='bbox 2180 1716 2301 1770; x_wconf 89' lang='lat' dir='ltr'><strong>Non</strong></span> <span class='ocrx_word' id='word_1_330' title='bbox 2325 1717 2472 1772; x_wconf 90' lang='lat' dir='ltr'><strong>enim</strong></span> <span class='ocrx_word' id='word_1_331' title='bbox 2498 1724 2626 1772; x_wconf 89' lang='lat' dir='ltr'><strong>ante</strong></span> <span class='ocrx_word' id='word_1_332' title='bbox 2652 1733 2719 1771; x_wconf 71' lang='lat' dir='ltr'><strong>ex</strong></span> <span class='ocrx_word' id='word_1_333' title='bbox 2770 1716 3148 1789; x_wconf 61' lang='lat' dir='ltr'><strong>{Egyptiorum</strong></span> <span class='ocrx_word' id='word_1_334' title='bbox 3200 1719 3365 1774; x_wconf 84' lang='lat' dir='ltr'><strong>terris</strong></span> <span class='ocrx_word' id='word_1_335' title='bbox 3404 1735 3504 1773; x_wconf 86' lang='lat' dir='ltr'><strong>cx-</strong></span> 
     </span>
    </p>
   </div>
   <div class='ocr_carea' id='block_1_45' title="bbox 1920 1806 3505 1879">
    <p class='ocr_par' dir='ltr' id='par_1_45' title="bbox 1920 1806 3505 1879">
     <span class='ocr_line' id='line_1_45' title="bbox 1920 1806 3505 1879; baseline 0.005 -20"><span class='ocrx_word' id='word_1_336' title='bbox 1920 1806 2214 1861; x_wconf 88' lang='lat' dir='ltr'><strong>cessissent</strong></span> <span class='ocrx_word' id='word_1_337' title='bbox 2266 1808 2546 1871; x_wconf 83' lang='lat' dir='ltr'><strong>Israelitae,</strong></span> <span class='ocrx_word' id='word_1_338' title='bbox 2596 1824 2776 1879; x_wconf 92' lang='lat' dir='ltr'><strong>neque</strong></span> <span class='ocrx_word' id='word_1_339' title='bbox 2824 1810 3149 1865; x_wconf 82' lang='lat' dir='ltr'><strong>servitutem</strong></span> <span class='ocrx_word' id='word_1_340' title='bbox 3196 1826 3228 1864; x_wconf 90' lang='lat' dir='ltr'><strong>a</strong></span> <span class='ocrx_word' id='word_1_341' title='bbox 3278 1825 3337 1865; x_wconf 89' lang='lat' dir='ltr'><strong>se</strong></span> <span class='ocrx_word' id='word_1_342' title='bbox 3364 1811 3505 1867; x_wconf 89' lang='lat' dir='ltr'><strong>adeo</strong></span> 
     </span>
    </p>
   </div>
   <div class='ocr_carea' id='block_1_46' title="bbox 1918 1899 3504 1973">
    <p class='ocr_par' dir='ltr' id='par_1_46' title="bbox 1918 1899 3504 1973">
     <span class='ocr_line' id='line_1_46' title="bbox 1918 1899 3504 1973; baseline 0.004 -21"><span class='ocrx_word' id='word_1_343' title='bbox 1918 1899 2207 1953; x_wconf 86' lang='lat' dir='ltr'><strong>molestam</strong></span> <span class='ocrx_word' id='word_1_344' title='bbox 2237 1909 2402 1968; x_wconf 89' lang='lat' dir='ltr'><strong>atque</strong></span> <span class='ocrx_word' id='word_1_345' title='bbox 2451 1900 2699 1955; x_wconf 88' lang='lat' dir='ltr'><strong>odiosam</strong></span> <span class='ocrx_word' id='word_1_346' title='bbox 2751 1904 3144 1969; x_wconf 79' lang='lat' dir='ltr'><strong>excussissem,</strong></span> <span class='ocrx_word' id='word_1_347' title='bbox 3197 1903 3504 1973; x_wconf 88' lang='lat' dir='ltr'><strong>quinetiam</strong></span> 
     </span>
    </p>
   </div>
   <div class='ocr_carea' id='block_1_47' title="bbox 1919 1989 3502 2067">
    <p class='ocr_par' dir='ltr' id='par_1_47' title="bbox 1919 1989 3502 2067">
     <span class='ocr_line' id='line_1_47' title="bbox 1919 1989 3502 2067; baseline 0.004 -22"><span class='ocrx_word' id='word_1_348' title='bbox 1919 1991 2124 2045; x_wconf 88' lang='lat' dir='ltr'><strong>illatam</strong></span> <span class='ocrx_word' id='word_1_349' title='bbox 2174 1989 2556 2061; x_wconf 62' lang='lat' dir='ltr'><strong>Egyptiorum</strong></span> <span class='ocrx_word' id='word_1_350' title='bbox 2603 1993 2982 2063; x_wconf 80' lang='lat' dir='ltr'><strong>primogenitis</strong></span> <span class='ocrx_word' id='word_1_351' title='bbox 3034 2005 3288 2061; x_wconf 88' lang='lat' dir='ltr'><strong>mortem,</strong></span> <span class='ocrx_word' id='word_1_352' title='bbox 3334 2006 3502 2067; x_wconf 84' lang='lat' dir='ltr'><strong>atque</strong></span> 
     </span>
    </p>
   </div>
   <div class='ocr_carea' id='block_1_48' title="bbox 1918 2079 3502 2142">
    <p class='ocr_par' dir='ltr' id='par_1_48' title="bbox 1918 2079 3502 2142">
     <span class='ocr_line' id='line_1_48' title="bbox 1918 2079 3502 2142; baseline 0.005 -8"><span class='ocrx_word' id='word_1_353' title='bbox 1918 2079 2294 2136; x_wconf 75' lang='lat' dir='ltr'><strong>inevitabilem</strong></span> <span class='ocrx_word' id='word_1_354' title='bbox 2358 2082 2506 2137; x_wconf 89' lang='lat' dir='ltr'><strong>illam</strong></span> <span class='ocrx_word' id='word_1_355' title='bbox 2556 2084 3006 2140; x_wconf 83' lang='lat' dir='ltr'><strong>exterminatoris</strong></span> <span class='ocrx_word' id='word_1_356' title='bbox 3078 2101 3302 2140; x_wconf 89' lang='lat' dir='ltr'><strong>manum</strong></span> <span class='ocrx_word' id='word_1_357' title='bbox 3349 2086 3502 2142; x_wconf 82' lang='lat' dir='ltr'><strong>haud</strong></span> 
     </span>
    </p>
   </div>
   <div class='ocr_carea' id='block_1_49' title="bbox 1919 2171 3501 2245">
    <p class='ocr_par' dir='ltr' id='par_1_49' title="bbox 1919 2171 3501 2245">
     <span class='ocr_line' id='line_1_49' title="bbox 1919 2171 3501 2245; baseline 0.004 -20"><span class='ocrx_word' id='word_1_358' title='bbox 1919 2171 2258 2243; x_wconf 72' lang='lat' dir='ltr'><strong>etiugissent,</strong></span> <span class='ocrx_word' id='word_1_359' title='bbox 2287 2173 2392 2227; x_wconf 90' lang='lat' dir='ltr'><strong>nisi</strong></span> <span class='ocrx_word' id='word_1_360' title='bbox 2420 2175 2575 2244; x_wconf 92' lang='lat' dir='ltr'><strong>prius</strong></span> <span class='ocrx_word' id='word_1_361' title='bbox 2610 2190 2810 2245; x_wconf 81' lang='lat' dir='ltr'><strong>agnum</strong></span> <span class='ocrx_word' id='word_1_362' title='bbox 2858 2173 3235 2230; x_wconf 86' lang='lat' dir='ltr'><strong>immolassent</strong></span> <span class='ocrx_word' id='word_1_363' title='bbox 3260 2176 3315 2231; x_wconf 92' lang='lat' dir='ltr'><strong>in</strong></span> <span class='ocrx_word' id='word_1_364' title='bbox 3337 2175 3501 2232; x_wconf 78' lang='lat' dir='ltr'><strong>Chri-</strong></span> 
     </span>
    </p>
   </div>
   <div class='ocr_carea' id='block_1_50' title="bbox 1920 2262 3591 2339">
    <p class='ocr_par' dir='ltr' id='par_1_50' title="bbox 1920 2262 3591 2339">
     <span class='ocr_line' id='line_1_50' title="bbox 1920 2262 3591 2339; baseline 0.004 -22"><span class='ocrx_word' id='word_1_365' title='bbox 1920 2264 1987 2317; x_wconf 91' lang='lat' dir='ltr'><strong>sti</strong></span> <span class='ocrx_word' id='word_1_366' title='bbox 2012 2262 2262 2333; x_wconf 82' lang='lat' dir='ltr'><strong>ﬁguram,</strong></span> <span class='ocrx_word' id='word_1_367' title='bbox 2282 2264 2376 2334; x_wconf 92' lang='lat' dir='ltr'><strong>qui</strong></span> <span class='ocrx_word' id='word_1_368' title='bbox 2405 2265 2544 2320; x_wconf 89' lang='lat' dir='ltr'><strong>tollit</strong></span> <span class='ocrx_word' id='word_1_369' title='bbox 2569 2274 2793 2336; x_wconf 85' lang='lat' dir='ltr'><strong>peccata</strong></span> <span class='ocrx_word' id='word_1_370' title='bbox 2824 2266 3038 2321; x_wconf 92' lang='lat' dir='ltr'><strong>mundi.</strong></span> <span class='ocrx_word' id='word_1_371' title='bbox 3063 2267 3348 2323; x_wconf 79' lang='lat' dir='ltr'><strong>Unxerant</strong></span> <span class='ocrx_word' id='word_1_372' title='bbox 3369 2284 3502 2339; x_wconf 81' lang='lat' dir='ltr'><strong>ergo</strong></span> <span class='ocrx_word' id='word_1_373' title='bbox 3584 2326 3591 2331; x_wconf 63' lang='grc'><strong>,</strong></span> 
     </span>
    </p>
   </div>
   <div class='ocr_carea' id='block_1_51' title="bbox 1919 2352 3501 2428">
    <p class='ocr_par' dir='ltr' id='par_1_51' title="bbox 1919 2352 3501 2428">
     <span class='ocr_line' id='line_1_51' title="bbox 1919 2352 3501 2428; baseline 0.004 -23"><span class='ocrx_word' id='word_1_374' title='bbox 1919 2352 1994 2406; x_wconf 90' lang='lat' dir='ltr'><strong>illi</strong></span> <span class='ocrx_word' id='word_1_375' title='bbox 2020 2353 2242 2422; x_wconf 91' lang='lat' dir='ltr'><strong>quidem</strong></span> <span class='ocrx_word' id='word_1_376' title='bbox 2267 2364 2455 2423; x_wconf 90' lang='lat' dir='ltr'><strong>postes</strong></span> <span class='ocrx_word' id='word_1_377' title='bbox 2482 2355 2767 2425; x_wconf 79' lang='lat' dir='ltr'><strong>sanguine,</strong></span> <span class='ocrx_word' id='word_1_378' title='bbox 2798 2364 2856 2410; x_wconf 89' lang='lat' dir='ltr'><strong>ut</strong></span> <span class='ocrx_word' id='word_1_379' title='bbox 2877 2357 2965 2411; x_wconf 81' lang='lat' dir='ltr'><strong>lex</strong></span> <span class='ocrx_word' id='word_1_380' title='bbox 3011 2372 3041 2411; x_wconf 89' lang='lat' dir='ltr'><strong>a</strong></span> <span class='ocrx_word' id='word_1_381' title='bbox 3088 2356 3269 2428; x_wconf 78' lang='lat' dir='ltr'><strong>Moyse</strong></span> <span class='ocrx_word' id='word_1_382' title='bbox 3292 2359 3501 2413; x_wconf 87' lang='lat' dir='ltr'><strong>sancita</strong></span> 
     </span>
    </p>
   </div>
   <div class='ocr_carea' id='block_1_52' title="bbox 1913 2441 3499 2518">
    <p class='ocr_par' dir='ltr' id='par_1_52' title="bbox 1913 2441 3499 2518">
     <span class='ocr_line' id='line_1_52' title="bbox 1913 2441 3499 2518; baseline 0.004 -23"><span class='ocrx_word' id='word_1_383' title='bbox 1913 2441 2170 2513; x_wconf 87' lang='lat' dir='ltr'><strong>jubebat,</strong></span> <span class='ocrx_word' id='word_1_384' title='bbox 2204 2443 2299 2497; x_wconf 90' lang='lat' dir='ltr'><strong>sed</strong></span> <span class='ocrx_word' id='word_1_385' title='bbox 2323 2442 2529 2498; x_wconf 87' lang='lat' dir='ltr'><strong>Christi</strong></span> <span class='ocrx_word' id='word_1_386' title='bbox 2557 2446 2822 2515; x_wconf 78' lang='lat' dir='ltr'><strong>mysterio</strong></span> <span class='ocrx_word' id='word_1_387' title='bbox 2848 2461 2979 2501; x_wconf 89' lang='lat' dir='ltr'><strong>suos</strong></span> <span class='ocrx_word' id='word_1_388' title='bbox 3002 2447 3214 2501; x_wconf 90' lang='lat' dir='ltr'><strong>animos</strong></span> <span class='ocrx_word' id='word_1_389' title='bbox 3241 2457 3499 2518; x_wconf 87' lang='lat' dir='ltr'><strong>tanquam</strong></span> 
     </span>
    </p>
   </div>
   <div class='ocr_carea' id='block_1_53' title="bbox 1915 2533 3497 2607">
    <p class='ocr_par' dir='ltr' id='par_1_53' title="bbox 1915 2533 3497 2607">
     <span class='ocr_line' id='line_1_53' title="bbox 1915 2533 3497 2607; baseline 0.006 -22"><span class='ocrx_word' id='word_1_390' title='bbox 1915 2541 2072 2586; x_wconf 90' lang='lat' dir='ltr'><strong>scuto</strong></span> <span class='ocrx_word' id='word_1_391' title='bbox 2090 2533 2327 2602; x_wconf 89' lang='lat' dir='ltr'><strong>quodam</strong></span> <span class='ocrx_word' id='word_1_392' title='bbox 2361 2543 2526 2604; x_wconf 89' lang='lat' dir='ltr'><strong>atque</strong></span> <span class='ocrx_word' id='word_1_393' title='bbox 2560 2535 2702 2590; x_wconf 85' lang='lat' dir='ltr'><strong>vallo</strong></span> <span class='ocrx_word' id='word_1_394' title='bbox 2746 2538 3081 2592; x_wconf 88' lang='lat' dir='ltr'><strong>munierant.</strong></span> <span class='ocrx_word' id='word_1_395' title='bbox 3131 2540 3244 2607; x_wconf 83' lang='lat'><strong>80</strong></span> <span class='ocrx_word' id='word_1_396' title='bbox 3288 2538 3497 2594; x_wconf 85' lang='lat' dir='ltr'><strong>Christi</strong></span> 
     </span>
    </p>
   </div>
   <div class='ocr_carea' id='block_1_54' title="bbox 1912 2626 3497 2693">
    <p class='ocr_par' dir='ltr' id='par_1_54' title="bbox 1912 2626 3497 2693">
     <span class='ocr_line' id='line_1_54' title="bbox 1912 2626 3497 2693; baseline 0.004 -16"><span class='ocrx_word' id='word_1_397' title='bbox 1912 2640 2312 2693; x_wconf 85' lang='lat' dir='ltr'><strong>namquemors</strong></span> <span class='ocrx_word' id='word_1_398' title='bbox 2336 2626 2609 2681; x_wconf 84' lang='lat' dir='ltr'><strong>medicina</strong></span> <span class='ocrx_word' id='word_1_399' title='bbox 2652 2636 2736 2681; x_wconf 89' lang='lat' dir='ltr'><strong>est</strong></span> <span class='ocrx_word' id='word_1_400' title='bbox 2782 2627 2848 2681; x_wconf 89' lang='lat' dir='ltr'><strong>ad</strong></span> <span class='ocrx_word' id='word_1_401' title='bbox 2894 2636 3128 2683; x_wconf 79' lang='lat' dir='ltr'><strong>mortem</strong></span> <span class='ocrx_word' id='word_1_402' title='bbox 3175 2629 3497 2685; x_wconf 86' lang='lat' dir='ltr'><strong>solvendam</strong></span> 
     </span>
    </p>
   </div>
   <div class='ocr_carea' id='block_1_55' title="bbox 1912 2719 3497 2792">
    <p class='ocr_par' dir='ltr' id='par_1_55' title="bbox 1912 2719 3497 2792">
     <span class='ocr_line' id='line_1_55' title="bbox 1912 2719 3497 2792; baseline 0.003 -20"><span class='ocrx_word' id='word_1_403' title='bbox 1912 2719 2121 2783; x_wconf 79' lang='lat' dir='ltr'><strong>valens,</strong></span> <span class='ocrx_word' id='word_1_404' title='bbox 2164 2728 2220 2773; x_wconf 90' lang='lat' dir='ltr'><strong>et</strong></span> <span class='ocrx_word' id='word_1_405' title='bbox 2268 2720 2362 2789; x_wconf 86' lang='lat' dir='ltr'><strong>qui</strong></span> <span class='ocrx_word' id='word_1_406' title='bbox 2413 2720 2659 2790; x_wconf 63' lang='lat' dir='ltr'><strong>mysticae</strong></span> <span class='ocrx_word' id='word_1_407' title='bbox 2725 2720 3134 2777; x_wconf 84' lang='lat' dir='ltr'><strong>benedictionis</strong></span> <span class='ocrx_word' id='word_1_408' title='bbox 3193 2724 3497 2792; x_wconf 85' lang='lat' dir='ltr'><strong>participes</strong></span> 
     </span>
    </p>
   </div>
   <div class='ocr_carea' id='block_1_56' title="bbox 1908 2807 3491 2880">
    <p class='ocr_par' dir='ltr' id='par_1_56' title="bbox 1908 2807 3491 2880">
     <span class='ocr_line' id='line_1_56' title="bbox 1908 2807 3491 2880; baseline 0.003 -19"><span class='ocrx_word' id='word_1_409' title='bbox 1908 2807 2071 2874; x_wconf 77' lang='lat' dir='ltr'><strong>fiunt,</strong></span> <span class='ocrx_word' id='word_1_410' title='bbox 2100 2808 2137 2862; x_wconf 90' lang='lat' dir='ltr'><strong>ii</strong></span> <span class='ocrx_word' id='word_1_411' title='bbox 2162 2818 2289 2863; x_wconf 90' lang='lat' dir='ltr'><strong>sunt</strong></span> <span class='ocrx_word' id='word_1_412' title='bbox 2315 2810 2510 2864; x_wconf 89' lang='lat' dir='ltr'><strong>mortis</strong></span> <span class='ocrx_word' id='word_1_413' title='bbox 2532 2817 2698 2880; x_wconf 90' lang='lat' dir='ltr'><strong>atque</strong></span> <span class='ocrx_word' id='word_1_414' title='bbox 2729 2810 2988 2866; x_wconf 87' lang='lat' dir='ltr'><strong>interitus</strong></span> <span class='ocrx_word' id='word_1_415' title='bbox 3010 2811 3274 2876; x_wconf 77' lang='lat' dir='ltr'><strong>victores,</strong></span> <span class='ocrx_word' id='word_1_416' title='bbox 3315 2821 3375 2867; x_wconf 92' lang='lat' dir='ltr'><strong>ut</strong></span> <span class='ocrx_word' id='word_1_417' title='bbox 3399 2812 3491 2866; x_wconf 89' lang='lat' dir='ltr'><strong>illa</strong></span> 
     </span>
    </p>
   </div>
   <div class='ocr_carea' id='block_1_57' title="bbox 1909 2900 3495 2974">
    <p class='ocr_par' dir='ltr' id='par_1_57' title="bbox 1909 2900 3495 2974">
     <span class='ocr_line' id='line_1_57' title="bbox 1909 2900 3495 2974; baseline 0.004 -21"><span class='ocrx_word' id='word_1_418' title='bbox 1909 2900 2077 2954; x_wconf 84' lang='lat' dir='ltr'><strong>verba</strong></span> <span class='ocrx_word' id='word_1_419' title='bbox 2117 2908 2391 2955; x_wconf 88' lang='lat' dir='ltr'><strong>testantur</strong></span> <span class='ocrx_word' id='word_1_420' title='bbox 2434 2919 2446 2954; x_wconf 91' lang='lat'><strong>:</strong></span> <span class='ocrx_word' id='word_1_421' title='bbox 2501 2921 2519 2951; x_wconf 75' lang='grc' dir='ltr'><strong>ι</strong></span> <span class='ocrx_word' id='word_1_422' title='bbox 2551 2900 2747 2967; x_wconf 84' lang='lat' dir='ltr'><strong>Amen,</strong></span> <span class='ocrx_word' id='word_1_423' title='bbox 2802 2918 2963 2959; x_wconf 87' lang='lat' dir='ltr'><strong>amen</strong></span> <span class='ocrx_word' id='word_1_424' title='bbox 3003 2903 3128 2957; x_wconf 87' lang='lat' dir='ltr'><strong>dico</strong></span> <span class='ocrx_word' id='word_1_425' title='bbox 3179 2903 3360 2969; x_wconf 81' lang='lat' dir='ltr'><strong>vobis,</strong></span> <span class='ocrx_word' id='word_1_426' title='bbox 3400 2905 3495 2974; x_wconf 92' lang='lat' dir='ltr'><strong>qui</strong></span> 
     </span>
    </p>
   </div>
   <div class='ocr_carea' id='block_1_58' title="bbox 1910 2991 3491 3065">
    <p class='ocr_par' dir='ltr' id='par_1_58' title="bbox 1910 2991 3491 3065">
     <span class='ocr_line' id='line_1_58' title="bbox 1910 2991 3491 3065; baseline 0.003 -21"><span class='ocrx_word' id='word_1_427' title='bbox 1910 2991 2206 3046; x_wconf 85' lang='lat' dir='ltr'><strong>mandueat</strong></span> <span class='ocrx_word' id='word_1_428' title='bbox 2232 3008 2411 3047; x_wconf 87' lang='lat' dir='ltr'><strong>meam</strong></span> <span class='ocrx_word' id='word_1_429' title='bbox 2437 3008 2657 3046; x_wconf 89' lang='lat' dir='ltr'><strong>carnem</strong></span> <span class='ocrx_word' id='word_1_430' title='bbox 2682 3002 2740 3047; x_wconf 89' lang='lat' dir='ltr'><strong>et</strong></span> <span class='ocrx_word' id='word_1_431' title='bbox 2764 2992 2908 3047; x_wconf 90' lang='lat' dir='ltr'><strong>bibit</strong></span> <span class='ocrx_word' id='word_1_432' title='bbox 2932 3009 3116 3047; x_wconf 90' lang='lat' dir='ltr'><strong>meum</strong></span> <span class='ocrx_word' id='word_1_433' title='bbox 3143 2996 3491 3065; x_wconf 78' lang='lat' dir='ltr'><strong>sanguinem,</strong></span> 
     </span>
    </p>
   </div>
   <div class='ocr_carea' id='block_1_59' title="bbox 226 3081 1817 3167">
    <p class='ocr_par' dir='ltr' id='par_1_59' title="bbox 226 3089 1805 3163">
     <span class='ocr_line' id='line_1_59' title="bbox 226 3089 1805 3163; baseline 0.001 -19"><span class='ocrx_word' id='word_1_434' title='bbox 226 3089 466 3145; x_wconf 81' lang='grc' dir='ltr'>αἰώνιον.</span> <span class='ocrx_word' id='word_1_435' title='bbox 507 3111 525 3143; x_wconf 76' lang='grc' dir='ltr'><strong>ι</strong></span> <span class='ocrx_word' id='word_1_436' title='bbox 558 3092 994 3163; x_wconf 83' lang='grc' dir='ltr'>Κατεδηδοκὸτες</span> <span class='ocrx_word' id='word_1_437' title='bbox 1020 3091 1079 3145; x_wconf 83' lang='grc' dir='ltr'>δὲ</span> <span class='ocrx_word' id='word_1_438' title='bbox 1104 3092 1196 3146; x_wconf 85' lang='grc' dir='ltr'><strong>τὸν</strong></span> <span class='ocrx_word' id='word_1_439' title='bbox 1224 3092 1415 3162; x_wconf 82' lang='grc' dir='ltr'>ἀμνὸν,</span> <span class='ocrx_word' id='word_1_440' title='bbox 1451 3092 1648 3162; x_wconf 79' lang='grc' dir='ltr'>ἄρτους</span> <span class='ocrx_word' id='word_1_441' title='bbox 1672 3091 1805 3154; x_wconf 83' lang='grc' dir='ltr'><strong>ἀζύ-</strong></span> 
     </span>
    </p>
   </div>
   <div class='ocr_carea' id='block_1_60' title="bbox 1917 3081 3492 3167">
    <p class='ocr_par' dir='ltr' id='par_1_60' title="bbox 1917 3081 3492 3151">
     <span class='ocr_line' id='line_1_60' title="bbox 1917 3081 3492 3151; baseline 0.001 -17"><span class='ocrx_word' id='word_1_442' title='bbox 1917 3081 2077 3137; x_wconf 89' lang='lat' dir='ltr'><strong>habet</strong></span> <span class='ocrx_word' id='word_1_443' title='bbox 2124 3081 2294 3137; x_wconf 85' lang='lat' dir='ltr'><strong>vitam</strong></span> <span class='ocrx_word' id='word_1_444' title='bbox 2329 3091 2591 3138; x_wconf 80' lang='lat' dir='ltr'><strong>aeternam</strong></span> <span class='ocrx_word' id='word_1_445' title='bbox 2635 3082 2701 3136; x_wconf 80' lang='lat'><strong>“.</strong></span> <span class='ocrx_word' id='word_1_446' title='bbox 2743 3101 2761 3132; x_wconf 71' lang='grc' dir='ltr'><strong>ι</strong></span> <span class='ocrx_word' id='word_1_447' title='bbox 2799 3082 3043 3139; x_wconf 85' lang='lat' dir='ltr'><strong>Edentes</strong></span> <span class='ocrx_word' id='word_1_448' title='bbox 3083 3098 3218 3137; x_wconf 87' lang='lat' dir='ltr'><strong>vero</strong></span> <span class='ocrx_word' id='word_1_449' title='bbox 3269 3098 3492 3151; x_wconf 84' lang='lat' dir='ltr'><strong>agnum,</strong></span> 
     </span>
    </p>
   </div>
   <div class='ocr_carea' id='block_1_61' title="bbox 225 3184 1803 3257">
    <p class='ocr_par' dir='ltr' id='par_1_61' title="bbox 225 3184 1803 3257">
     <span class='ocr_line' id='line_1_61' title="bbox 225 3184 1803 3257; baseline 0.001 -18"><span class='ocrx_word' id='word_1_450' title='bbox 225 3203 361 3255; x_wconf 85' lang='grc' dir='ltr'>μους</span> <span class='ocrx_word' id='word_1_451' title='bbox 390 3184 580 3256; x_wconf 70' lang='grc' dir='ltr'>ἤσθιον</span> <span class='ocrx_word' id='word_1_452' title='bbox 609 3186 693 3239; x_wconf 77' lang='grc' dir='ltr'><strong>ἐπ’</strong></span> <span class='ocrx_word' id='word_1_453' title='bbox 710 3185 876 3257; x_wconf 79' lang='grc' dir='ltr'>αὐτῷ,</span> <span class='ocrx_word' id='word_1_454' title='bbox 909 3186 1015 3238; x_wconf 84' lang='grc' dir='ltr'><strong>τῶν</strong></span> <span class='ocrx_word' id='word_1_455' title='bbox 1036 3185 1402 3254; x_wconf 82' lang='grc' dir='ltr'>εὐαγγελικῶν</span> <span class='ocrx_word' id='word_1_456' title='bbox 1418 3184 1803 3255; x_wconf 78' lang='grc' dir='ltr'>παιδευμάτων</span> 
     </span>
    </p>
   </div>
   <div class='ocr_carea' id='block_1_62' title="bbox 221 3276 1810 3349">
    <p class='ocr_par' dir='ltr' id='par_1_62' title="bbox 221 3276 1810 3349">
     <span class='ocr_line' id='line_1_62' title="bbox 221 3276 1810 3349; baseline -0.001 -19"><span class='ocrx_word' id='word_1_457' title='bbox 221 3279 297 3342; x_wconf 83' lang='grc' dir='ltr'>ὡς</span> <span class='ocrx_word' id='word_1_458' title='bbox 314 3280 373 3331; x_wconf 82' lang='grc' dir='ltr'>ὲν</span> <span class='ocrx_word' id='word_1_459' title='bbox 398 3277 501 3341; x_wconf 73' lang='grc' dir='ltr'><strong>ὰζύ</strong></span> <span class='ocrx_word' id='word_1_460' title='bbox 510 3295 594 3349; x_wconf 85' lang='grc' dir='ltr'>μῳ</span> <span class='ocrx_word' id='word_1_461' title='bbox 607 3294 669 3330; x_wconf 87' lang='grc' dir='ltr'><strong>τε</strong></span> <span class='ocrx_word' id='word_1_462' title='bbox 689 3278 782 3330; x_wconf 70' lang='grc' dir='ltr'><strong>καὶ</strong></span> <span class='ocrx_word' id='word_1_463' title='bbox 803 3277 1164 3348; x_wconf 74' lang='grc' dir='ltr'>καθαρωτάτη</span> <span class='ocrx_word' id='word_1_464' title='bbox 1186 3280 1357 3349; x_wconf 81' lang='grc' dir='ltr'>τροφῇ</span> <span class='ocrx_word' id='word_1_465' title='bbox 1378 3276 1810 3349; x_wconf 76' lang='grc' dir='ltr'>παραδηλοῦντος</span> 
     </span>
    </p>
   </div>
   <div class='ocr_carea' id='block_1_63' title="bbox 220 3369 1811 3441">
    <p class='ocr_par' dir='ltr' id='par_1_63' title="bbox 220 3369 1811 3441">
     <span class='ocr_line' id='line_1_63' title="bbox 220 3369 1811 3441; baseline -0.001 -17"><span class='ocrx_word' id='word_1_466' title='bbox 220 3370 315 3424; x_wconf 89' lang='grc' dir='ltr'><strong>τοῦ</strong></span> <span class='ocrx_word' id='word_1_467' title='bbox 348 3371 525 3424; x_wconf 84' lang='grc' dir='ltr'>τύπου</span> <span class='ocrx_word' id='word_1_468' title='bbox 581 3369 678 3441; x_wconf 84' lang='grc' dir='ltr'><strong>τὴν</strong></span> <span class='ocrx_word' id='word_1_469' title='bbox 716 3370 1058 3440; x_wconf 81' lang='grc' dir='ltr'>ἀστειότητα,</span> <span class='ocrx_word' id='word_1_470' title='bbox 1096 3369 1235 3440; x_wconf 82' lang='grc' dir='ltr'>πλὴν</span> <span class='ocrx_word' id='word_1_471' title='bbox 1290 3370 1554 3441; x_wconf 74' lang='grc' dir='ltr'>ἐσομένην</span> <span class='ocrx_word' id='word_1_472' title='bbox 1590 3369 1690 3423; x_wconf 85' lang='grc' dir='ltr'><strong>οὐκ</strong></span> <span class='ocrx_word' id='word_1_473' title='bbox 1717 3370 1811 3423; x_wconf 84' lang='grc' dir='ltr'><strong>ἁν-</strong></span> 
     </span>
    </p>
   </div>
   <div class='ocr_carea' id='block_1_64' title="bbox 227 3461 1811 3535">
    <p class='ocr_par' dir='ltr' id='par_1_64' title="bbox 227 3461 1811 3535">
     <span class='ocr_line' id='line_1_64' title="bbox 227 3461 1811 3535; baseline -0.001 -19"><span class='ocrx_word' id='word_1_474' title='bbox 227 3463 437 3535; x_wconf 70' lang='grc' dir='ltr'>ιδρωτὶ,</span> <span class='ocrx_word' id='word_1_475' title='bbox 470 3463 565 3516; x_wconf 77' lang='grc' dir='ltr'><strong>καὶ</strong></span> <span class='ocrx_word' id='word_1_476' title='bbox 591 3462 814 3533; x_wconf 73' lang='grc' dir='ltr'>πικρίας</span> <span class='ocrx_word' id='word_1_477' title='bbox 843 3461 967 3533; x_wconf 82' lang='grc' dir='ltr'>δίχα.</span> <span class='ocrx_word' id='word_1_478' title='bbox 1002 3463 1101 3531; x_wconf 85' lang='grc' dir='ltr'><strong>τῆς</strong></span> <span class='ocrx_word' id='word_1_479' title='bbox 1128 3463 1269 3517; x_wconf 86' lang='grc' dir='ltr'>κατὰ</span> <span class='ocrx_word' id='word_1_480' title='bbox 1301 3462 1399 3524; x_wconf 77' lang='grc' dir='ltr'>τὰς</span> <span class='ocrx_word' id='word_1_481' title='bbox 1430 3462 1653 3532; x_wconf 77' lang='grc' dir='ltr'>θλίψεις.</span> <span class='ocrx_word' id='word_1_482' title='bbox 1689 3462 1811 3515; x_wconf 90' lang='grc' dir='ltr'>Τοι-</span> 
     </span>
    </p>
   </div>
   <div class='ocr_carea' id='block_1_65' title="bbox 223 3540 1810 3631">
    <p class='ocr_par' dir='ltr' id='par_1_65' title="bbox 223 3540 1810 3631">
     <span class='ocr_line' id='line_1_65' title="bbox 223 3540 1810 3631; baseline -0.003 -18"><span class='ocrx_word' id='word_1_483' title='bbox 223 3560 421 3631; x_wconf 73' lang='grc' dir='ltr'>γάρτοι</span> <span class='ocrx_word' id='word_1_484' title='bbox 460 3558 715 3630; x_wconf 80' lang='grc' dir='ltr'>πικρίδας</span> <span class='ocrx_word' id='word_1_485' title='bbox 764 3540 1141 3611; x_wconf 77' lang='grc' dir='ltr'>συνεσθίεσθαι</span> <span class='ocrx_word' id='word_1_486' title='bbox 1183 3560 1294 3619; x_wconf 85' lang='grc' dir='ltr'>τοῖς</span> <span class='ocrx_word' id='word_1_487' title='bbox 1333 3558 1517 3626; x_wconf 82' lang='grc' dir='ltr'>ἄρτοις</span> <span class='ocrx_word' id='word_1_488' title='bbox 1558 3558 1670 3618; x_wconf 83' lang='grc' dir='ltr'>τοῖς</span> <span class='ocrx_word' id='word_1_489' title='bbox 1709 3556 1810 3609; x_wconf 76' lang='grc' dir='ltr'><strong>οὐκ</strong></span> 
     </span>
    </p>
   </div>
   <div class='ocr_carea' id='block_1_66' title="bbox 224 3647 1808 3722">
    <p class='ocr_par' dir='ltr' id='par_1_66' title="bbox 224 3647 1808 3722">
     <span class='ocr_line' id='line_1_66' title="bbox 224 3647 1808 3722; baseline -0.003 -18"><span class='ocrx_word' id='word_1_490' title='bbox 224 3650 625 3722; x_wconf 82' lang='grc' dir='ltr'>ἑζυμωμένοις,</span> <span class='ocrx_word' id='word_1_491' title='bbox 649 3649 746 3720; x_wconf 87' lang='grc' dir='ltr'><strong>τὴν</strong></span> <span class='ocrx_word' id='word_1_492' title='bbox 763 3649 949 3703; x_wconf 78' lang='grc' dir='ltr'>ἄδολον</span> <span class='ocrx_word' id='word_1_493' title='bbox 972 3650 1067 3703; x_wconf 77' lang='grc' dir='ltr'><strong>καὶ</strong></span> <span class='ocrx_word' id='word_1_494' title='bbox 1088 3648 1482 3719; x_wconf 82' lang='grc' dir='ltr'>καθαρωτάτην</span> <span class='ocrx_word' id='word_1_495' title='bbox 1517 3650 1573 3701; x_wconf 81' lang='grc' dir='ltr'>ὲν</span> <span class='ocrx_word' id='word_1_496' title='bbox 1590 3647 1808 3718; x_wconf 85' lang='grc' dir='ltr'>Χριστῷ</span> 
     </span>
    </p>
   </div>
   <div class='ocr_carea' id='block_1_67' title="bbox 224 3737 1809 3813">
    <p class='ocr_par' dir='ltr' id='par_1_67' title="bbox 224 3737 1809 3813">
     <span class='ocr_line' id='line_1_67' title="bbox 224 3737 1809 3813; baseline -0.003 -16"><span class='ocrx_word' id='word_1_497' title='bbox 224 3744 367 3812; x_wconf 79' lang='grc' dir='ltr'>ζωὴν</span> <span class='ocrx_word' id='word_1_498' title='bbox 399 3742 459 3796; x_wconf 73' lang='grc' dir='ltr'><strong>οὐ</strong></span> <span class='ocrx_word' id='word_1_499' title='bbox 491 3741 614 3813; x_wconf 85' lang='grc' dir='ltr'>δίχα</span> <span class='ocrx_word' id='word_1_500' title='bbox 662 3740 887 3812; x_wconf 79' lang='grc' dir='ltr'>πικρίας</span> <span class='ocrx_word' id='word_1_501' title='bbox 928 3739 1191 3810; x_wconf 76' lang='grc' dir='ltr'>ἐσομένην</span> <span class='ocrx_word' id='word_1_502' title='bbox 1218 3737 1488 3806; x_wconf 60' lang='grc' dir='ltr'>ὑποδηλοί</span> <span class='ocrx_word' id='word_1_503' title='bbox 1525 3739 1809 3792; x_wconf 83' lang='grc' dir='ltr'>Συνεισκο-</span> 
     </span>
    </p>
   </div>
   <div class='ocr_carea' id='block_1_68' title="bbox 225 3814 1807 3906">
    <p class='ocr_par' dir='ltr' id='par_1_68' title="bbox 225 3814 1807 3906">
     <span class='ocr_line' id='line_1_68' title="bbox 225 3814 1807 3906; baseline -0.004 -17"><span class='ocrx_word' id='word_1_504' title='bbox 225 3836 445 3906; x_wconf 82' lang='grc' dir='ltr'>μιστέον</span> <span class='ocrx_word' id='word_1_505' title='bbox 490 3833 778 3903; x_wconf 88' lang='grc' dir='ltr'>τοιγαροῦν</span> <span class='ocrx_word' id='word_1_506' title='bbox 815 3814 1127 3902; x_wconf 61' lang='grc' dir='ltr'>ἀναγκαίως</span> <span class='ocrx_word' id='word_1_507' title='bbox 1157 3835 1278 3895; x_wconf 84' lang='grc' dir='ltr'>ταῖς</span> <span class='ocrx_word' id='word_1_508' title='bbox 1319 3830 1546 3901; x_wconf 74' lang='grc' dir='ltr'>ἀζύμοις</span> <span class='ocrx_word' id='word_1_509' title='bbox 1579 3832 1807 3900; x_wconf 78' lang='grc' dir='ltr'>τροφαῖς</span> 
     </span>
    </p>
   </div>
   <div class='ocr_carea' id='block_1_69' title="bbox 221 3920 1805 4000">
    <p class='ocr_par' dir='ltr' id='par_1_69' title="bbox 221 3920 1805 4000">
     <span class='ocr_line' id='line_1_69' title="bbox 221 3920 1805 4000; baseline -0.004 -20"><span class='ocrx_word' id='word_1_510' title='bbox 221 3929 318 4000; x_wconf 79' lang='grc' dir='ltr'>τὴν</span> <span class='ocrx_word' id='word_1_511' title='bbox 345 3926 595 3998; x_wconf 76' lang='grc' dir='ltr'>πικρίδα.</span> <span class='ocrx_word' id='word_1_512' title='bbox 627 3945 646 3977; x_wconf 82' lang='grc' dir='ltr'><strong>ι</strong></span> <span class='ocrx_word' id='word_1_513' title='bbox 669 3926 877 3985; x_wconf 85' lang='grc' dir='ltr'>Πάντες</span> <span class='ocrx_word' id='word_1_514' title='bbox 899 3924 1008 3995; x_wconf 78' lang='grc' dir='ltr'>γὰρ</span> <span class='ocrx_word' id='word_1_515' title='bbox 1030 3924 1079 3977; x_wconf 78' lang='grc' dir='ltr'>οἱ</span> <span class='ocrx_word' id='word_1_516' title='bbox 1110 3923 1356 3985; x_wconf 82' lang='grc' dir='ltr'>θέλοντες</span> <span class='ocrx_word' id='word_1_517' title='bbox 1383 3922 1481 3992; x_wconf 81' lang='grc' dir='ltr'><strong>ζῇν</strong></span> <span class='ocrx_word' id='word_1_518' title='bbox 1510 3926 1567 3975; x_wconf 83' lang='grc' dir='ltr'>ὲν</span> <span class='ocrx_word' id='word_1_519' title='bbox 1585 3920 1805 3993; x_wconf 71' lang='grc' dir='ltr'>Χριστῷ</span> 
     </span>
    </p>
   </div>
   <div class='ocr_carea' id='block_1_70' title="bbox 221 4012 1801 4090">
    <p class='ocr_par' dir='ltr' id='par_1_70' title="bbox 221 4012 1801 4090">
     <span class='ocr_line' id='line_1_70' title="bbox 221 4012 1801 4090; baseline -0.006 -17"><span class='ocrx_word' id='word_1_520' title='bbox 221 4019 634 4090; x_wconf 78' lang='grc' dir='ltr'>διωχθήσονται,</span> <span class='ocrx_word' id='word_1_521' title='bbox 692 4037 709 4069; x_wconf 74' lang='grc' dir='ltr'><strong>ι</strong></span> <span class='ocrx_word' id='word_1_522' title='bbox 759 4012 944 4086; x_wconf 76' lang='grc' dir='ltr'>φησίν.</span> <span class='ocrx_word' id='word_1_523' title='bbox 981 4015 1127 4086; x_wconf 77' lang='grc' dir='ltr'>Πλὴν</span> <span class='ocrx_word' id='word_1_524' title='bbox 1177 4015 1291 4082; x_wconf 77' lang='grc' dir='ltr'>οἶγε</span> <span class='ocrx_word' id='word_1_525' title='bbox 1319 4013 1477 4067; x_wconf 86' lang='grc' dir='ltr'>τοῦτο</span> <span class='ocrx_word' id='word_1_526' title='bbox 1511 4012 1801 4076; x_wconf 86' lang='grc' dir='ltr'>παθόντες,</span> 
     </span>
    </p>
   </div>
   <div class='ocr_carea' id='block_1_71' title="bbox 225 4104 1799 4182">
    <p class='ocr_par' dir='ltr' id='par_1_71' title="bbox 225 4104 1799 4182">
     <span class='ocr_line' id='line_1_71' title="bbox 225 4104 1799 4182; baseline -0.005 -16"><span class='ocrx_word' id='word_1_527' title='bbox 225 4112 509 4182; x_wconf 81' lang='grc' dir='ltr'>μακάριοι.</span> <span class='ocrx_word' id='word_1_528' title='bbox 551 4110 971 4180; x_wconf 81' lang='grc' dir='ltr'>Συμπάσχοντες</span> <span class='ocrx_word' id='word_1_529' title='bbox 1017 4107 1126 4179; x_wconf 81' lang='grc' dir='ltr'>γὰρ</span> <span class='ocrx_word' id='word_1_530' title='bbox 1170 4106 1263 4161; x_wconf 79' lang='grc' dir='ltr'><strong>καὶ</strong></span> <span class='ocrx_word' id='word_1_531' title='bbox 1293 4104 1799 4175; x_wconf 73' lang='grc' dir='ltr'>συμϐασιλεύσουσι,</span> 
     </span>
    </p>
   </div>
   <div class='ocr_carea' id='block_1_72' title="bbox 223 4196 1805 4272">
    <p class='ocr_par' dir='ltr' id='par_1_72' title="bbox 223 4196 1805 4272">
     <span class='ocr_line' id='line_1_72' title="bbox 223 4196 1805 4272; baseline -0.003 -17"><span class='ocrx_word' id='word_1_532' title='bbox 223 4202 360 4257; x_wconf 79' lang='grc' dir='ltr'>κατὰ</span> <span class='ocrx_word' id='word_1_533' title='bbox 403 4202 468 4256; x_wconf 75' lang='grc' dir='ltr'>τὸ</span> <span class='ocrx_word' id='word_1_534' title='bbox 520 4201 930 4272; x_wconf 80' lang='grc' dir='ltr'>γεγραμμένον.</span> <span class='ocrx_word' id='word_1_535' title='bbox 980 4200 1073 4270; x_wconf 80' lang='grc' dir='ltr'><strong>Μὴ</strong></span> <span class='ocrx_word' id='word_1_536' title='bbox 1109 4197 1370 4268; x_wconf 72' lang='grc' dir='ltr'>ἐξοίχεται</span> <span class='ocrx_word' id='word_1_537' title='bbox 1417 4216 1507 4252; x_wconf 77' lang='grc' dir='ltr'><strong>ποι</strong></span> <span class='ocrx_word' id='word_1_538' title='bbox 1554 4198 1689 4269; x_wconf 82' lang='grc' dir='ltr'>πρὸς</span> <span class='ocrx_word' id='word_1_539' title='bbox 1742 4196 1805 4250; x_wconf 83' lang='grc' dir='ltr'>τὸ</span> 
     </span>
    </p>
   </div>
   <div class='ocr_carea' id='block_1_73' title="bbox 224 4293 1041 4362">
    <p class='ocr_par' dir='ltr' id='par_1_73' title="bbox 224 4293 1041 4362">
     <span class='ocr_line' id='line_1_73' title="bbox 224 4293 1041 4362; baseline 0 -15"><span class='ocrx_word' id='word_1_540' title='bbox 224 4295 453 4358; x_wconf 79' lang='grc' dir='ltr'>ἀκαλλὲς</span> <span class='ocrx_word' id='word_1_541' title='bbox 475 4297 505 4348; x_wconf 91' lang='lat'><strong>6</strong></span> <span class='ocrx_word' id='word_1_542' title='bbox 531 4293 690 4362; x_wconf 82' lang='grc' dir='ltr'>λόγος</span> <span class='ocrx_word' id='word_1_543' title='bbox 715 4312 729 4361; x_wconf 87' lang='grc'>;</span> <span class='ocrx_word' id='word_1_544' title='bbox 1036 4312 1041 4317; x_wconf 91' lang='grc'>·</span> 
     </span>
    </p>
   </div>
   <div class='ocr_carea' id='block_1_74' title="bbox 290 4536 830 4607">
    <p class='ocr_par' dir='ltr' id='par_1_74' title="bbox 290 4536 830 4607">
     <span class='ocr_line' id='line_1_74' title="bbox 290 4536 830 4607; baseline 0 -17"><span class='ocrx_word' id='word_1_545' title='bbox 290 4539 495 4591; x_wconf 74' lang='grc' dir='ltr'><strong>ΠΑΛΛ.</strong></span> <span class='ocrx_word' id='word_1_546' title='bbox 541 4536 830 4607; x_wconf 79' lang='grc' dir='ltr'>Οὐδαμῶς.</span> 
     </span>
    </p>
   </div>
   <div class='ocr_carea' id='block_1_75' title="bbox 1907 3172 3493 3243">
    <p class='ocr_par' dir='ltr' id='par_1_75' title="bbox 1907 3172 3493 3243">
     <span class='ocr_line' id='line_1_75' title="bbox 1907 3172 3493 3243; baseline 0.001 -18"><span class='ocrx_word' id='word_1_547' title='bbox 1907 3186 2080 3241; x_wconf 81' lang='lat' dir='ltr'><strong>panes</strong></span> <span class='ocrx_word' id='word_1_548' title='bbox 2104 3187 2342 3243; x_wconf 85' lang='lat' dir='ltr'><strong>azymos,</strong></span> <span class='ocrx_word' id='word_1_549' title='bbox 2367 3172 2437 3227; x_wconf 88' lang='lat' dir='ltr'><strong>ad</strong></span> <span class='ocrx_word' id='word_1_550' title='bbox 2455 3188 2581 3226; x_wconf 90' lang='lat' dir='ltr'><strong>eum</strong></span> <span class='ocrx_word' id='word_1_551' title='bbox 2605 3172 2791 3226; x_wconf 89' lang='lat' dir='ltr'><strong>cibum</strong></span> <span class='ocrx_word' id='word_1_552' title='bbox 2815 3172 3111 3227; x_wconf 87' lang='lat' dir='ltr'><strong>adhibebat</strong></span> <span class='ocrx_word' id='word_1_553' title='bbox 3138 3190 3149 3224; x_wconf 92' lang='lat'>:</span> <span class='ocrx_word' id='word_1_554' title='bbox 3178 3188 3299 3240; x_wconf 69' lang='lat' dir='ltr'><strong>quae</strong></span> <span class='ocrx_word' id='word_1_555' title='bbox 3322 3173 3493 3241; x_wconf 78' lang='lat' dir='ltr'><strong>figura</strong></span> 
     </span>
    </p>
   </div>
   <div class='ocr_carea' id='block_1_76' title="bbox 1912 3261 3495 3332">
    <p class='ocr_par' dir='ltr' id='par_1_76' title="bbox 1912 3261 3495 3332">
     <span class='ocr_line' id='line_1_76' title="bbox 1912 3261 3495 3332; baseline 0.001 -18"><span class='ocrx_word' id='word_1_556' title='bbox 1912 3275 2013 3329; x_wconf 90' lang='lat' dir='ltr'><strong>per</strong></span> <span class='ocrx_word' id='word_1_557' title='bbox 2047 3277 2295 3332; x_wconf 76' lang='lat' dir='ltr'><strong>azymum</strong></span> <span class='ocrx_word' id='word_1_558' title='bbox 2322 3278 2630 3331; x_wconf 89' lang='lat' dir='ltr'><strong>purumque</strong></span> <span class='ocrx_word' id='word_1_559' title='bbox 2654 3263 2837 3316; x_wconf 91' lang='lat' dir='ltr'><strong>cibum</strong></span> <span class='ocrx_word' id='word_1_560' title='bbox 2865 3261 3302 3331; x_wconf 80' lang='lat' dir='ltr'><strong>evangeliearum</strong></span> <span class='ocrx_word' id='word_1_561' title='bbox 3326 3261 3495 3316; x_wconf 86' lang='lat' dir='ltr'><strong>disci-</strong></span> 
     </span>
    </p>
   </div>
   <div class='ocr_carea' id='block_1_77' title="bbox 1909 3352 3489 3423">
    <p class='ocr_par' dir='ltr' id='par_1_77' title="bbox 1909 3352 3489 3423">
     <span class='ocr_line' id='line_1_77' title="bbox 1909 3352 3489 3423; baseline 0.002 -18"><span class='ocrx_word' id='word_1_562' title='bbox 1909 3352 2184 3421; x_wconf 88' lang='lat' dir='ltr'><strong>plinarum</strong></span> <span class='ocrx_word' id='word_1_563' title='bbox 2208 3353 2538 3422; x_wconf 81' lang='lat' dir='ltr'><strong>elegantiam</strong></span> <span class='ocrx_word' id='word_1_564' title='bbox 2587 3352 2974 3423; x_wconf 79' lang='lat' dir='ltr'><strong>significabat;</strong></span> <span class='ocrx_word' id='word_1_565' title='bbox 3026 3353 3123 3407; x_wconf 89' lang='lat' dir='ltr'><strong>sed</strong></span> <span class='ocrx_word' id='word_1_566' title='bbox 3174 3355 3248 3407; x_wconf 91' lang='lat' dir='ltr'><strong>ita</strong></span> <span class='ocrx_word' id='word_1_567' title='bbox 3281 3362 3489 3420; x_wconf 90' lang='lat' dir='ltr'><strong>tamen,</strong></span> 
     </span>
    </p>
   </div>
   <div class='ocr_carea' id='block_1_78' title="bbox 1909 3441 3497 3525">
    <p class='ocr_par' dir='ltr' id='par_1_78' title="bbox 1909 3441 3497 3525">
     <span class='ocr_line' id='line_1_78' title="bbox 1909 3441 3497 3525; baseline 0.003 -30"><span class='ocrx_word' id='word_1_568' title='bbox 1909 3448 1972 3495; x_wconf 89' lang='lat' dir='ltr'><strong>ut</strong></span> <span class='ocrx_word' id='word_1_569' title='bbox 1989 3456 2110 3495; x_wconf 89' lang='lat' dir='ltr'><strong>eam</strong></span> <span class='ocrx_word' id='word_1_570' title='bbox 2135 3457 2245 3495; x_wconf 90' lang='lat' dir='ltr'><strong>non</strong></span> <span class='ocrx_word' id='word_1_571' title='bbox 2269 3441 2475 3510; x_wconf 89' lang='lat' dir='ltr'><strong>absque</strong></span> <span class='ocrx_word' id='word_1_572' title='bbox 2493 3441 2692 3496; x_wconf 90' lang='lat' dir='ltr'><strong>sudore</strong></span> <span class='ocrx_word' id='word_1_573' title='bbox 2718 3449 2881 3525; x_wconf 72' lang='lat' dir='ltr'><strong>atque</strong></span> <span class='ocrx_word' id='word_1_574' title='bbox 2898 3457 3279 3519; x_wconf 77' lang='lat' dir='ltr'><strong>pressurarum</strong></span> <span class='ocrx_word' id='word_1_575' title='bbox 3293 3445 3497 3499; x_wconf 88' lang='lat' dir='ltr'><strong>amari-</strong></span> 
     </span>
    </p>
   </div>
   <div class='ocr_carea' id='block_1_79' title="bbox 1910 3533 3493 3603">
    <p class='ocr_par' dir='ltr' id='par_1_79' title="bbox 1910 3533 3493 3603">
     <span class='ocr_line' id='line_1_79' title="bbox 1910 3533 3493 3603; baseline 0.003 -18"><span class='ocrx_word' id='word_1_576' title='bbox 1910 3533 2102 3591; x_wconf 80' lang='lat' dir='ltr'><strong>tudine</strong></span> <span class='ocrx_word' id='word_1_577' title='bbox 2123 3533 2362 3587; x_wconf 87' lang='lat' dir='ltr'><strong>futuram</strong></span> <span class='ocrx_word' id='word_1_578' title='bbox 2382 3548 2501 3588; x_wconf 88' lang='lat' dir='ltr'><strong>esse</strong></span> <span class='ocrx_word' id='word_1_579' title='bbox 2519 3533 2891 3603; x_wconf 63' lang='lat' dir='ltr'><strong>praefiguraret</strong></span> <span class='ocrx_word' id='word_1_580' title='bbox 2908 3551 2920 3586; x_wconf 91' lang='lat'><strong>:</strong></span> <span class='ocrx_word' id='word_1_581' title='bbox 2938 3549 3061 3588; x_wconf 90' lang='lat' dir='ltr'><strong>nam</strong></span> <span class='ocrx_word' id='word_1_582' title='bbox 3085 3535 3288 3590; x_wconf 89' lang='lat' dir='ltr'><strong>amaris</strong></span> <span class='ocrx_word' id='word_1_583' title='bbox 3302 3536 3493 3591; x_wconf 91' lang='lat' dir='ltr'><strong>herbis</strong></span> 
     </span>
    </p>
   </div>
   <div class='ocr_carea' id='block_1_80' title="bbox 1908 3624 3491 3696">
    <p class='ocr_par' dir='ltr' id='par_1_80' title="bbox 1908 3624 3491 3696">
     <span class='ocr_line' id='line_1_80' title="bbox 1908 3624 3491 3696; baseline 0.003 -19"><span class='ocrx_word' id='word_1_584' title='bbox 1908 3624 2072 3678; x_wconf 87' lang='lat' dir='ltr'><strong>simul</strong></span> <span class='ocrx_word' id='word_1_585' title='bbox 2098 3640 2227 3679; x_wconf 89' lang='lat' dir='ltr'><strong>eum</strong></span> <span class='ocrx_word' id='word_1_586' title='bbox 2279 3624 2686 3679; x_wconf 83' lang='lat' dir='ltr'><strong>infermentatis</strong></span> <span class='ocrx_word' id='word_1_587' title='bbox 2716 3626 2953 3696; x_wconf 89' lang='lat' dir='ltr'><strong>panibus</strong></span> <span class='ocrx_word' id='word_1_588' title='bbox 2983 3626 3133 3681; x_wconf 88' lang='lat' dir='ltr'><strong>vesci</strong></span> <span class='ocrx_word' id='word_1_589' title='bbox 3181 3628 3286 3681; x_wconf 91' lang='lat' dir='ltr'><strong>hoc</strong></span> <span class='ocrx_word' id='word_1_590' title='bbox 3316 3628 3491 3682; x_wconf 77' lang='lat' dir='ltr'><strong>laten-</strong></span> 
     </span>
    </p>
   </div>
   <div class='ocr_carea' id='block_1_81' title="bbox 1910 3715 3492 3791">
    <p class='ocr_par' dir='ltr' id='par_1_81' title="bbox 1910 3715 3492 3791">
     <span class='ocr_line' id='line_1_81' title="bbox 1910 3715 3492 3791; baseline 0.005 -23"><span class='ocrx_word' id='word_1_591' title='bbox 1910 3723 1998 3769; x_wconf 92' lang='lat' dir='ltr'><strong>ter</strong></span> <span class='ocrx_word' id='word_1_592' title='bbox 2022 3715 2314 3785; x_wconf 83' lang='lat' dir='ltr'><strong>signiﬁeat,</strong></span> <span class='ocrx_word' id='word_1_593' title='bbox 2368 3716 2518 3771; x_wconf 91' lang='lat' dir='ltr'><strong>illam</strong></span> <span class='ocrx_word' id='word_1_594' title='bbox 2570 3718 3002 3773; x_wconf 85' lang='lat' dir='ltr'><strong>sincerissimam</strong></span> <span class='ocrx_word' id='word_1_595' title='bbox 3031 3730 3194 3791; x_wconf 85' lang='lat' dir='ltr'><strong>atque</strong></span> <span class='ocrx_word' id='word_1_596' title='bbox 3218 3723 3492 3791; x_wconf 79' lang='lat' dir='ltr'><strong>purgatis-</strong></span> 
     </span>
    </p>
   </div>
   <div class='ocr_carea' id='block_1_82' title="bbox 1906 3806 3489 3881">
    <p class='ocr_par' dir='ltr' id='par_1_82' title="bbox 1906 3806 3489 3881">
     <span class='ocr_line' id='line_1_82' title="bbox 1906 3806 3489 3881; baseline 0.005 -21"><span class='ocrx_word' id='word_1_597' title='bbox 1906 3806 2102 3860; x_wconf 90' lang='lat' dir='ltr'><strong>simam</strong></span> <span class='ocrx_word' id='word_1_598' title='bbox 2154 3807 2211 3859; x_wconf 91' lang='lat' dir='ltr'><strong>in</strong></span> <span class='ocrx_word' id='word_1_599' title='bbox 2270 3807 2493 3862; x_wconf 88' lang='lat' dir='ltr'><strong>Christo</strong></span> <span class='ocrx_word' id='word_1_600' title='bbox 2531 3810 2700 3863; x_wconf 88' lang='lat' dir='ltr'><strong>vitam</strong></span> <span class='ocrx_word' id='word_1_601' title='bbox 2728 3826 2838 3864; x_wconf 93' lang='lat' dir='ltr'><strong>non</strong></span> <span class='ocrx_word' id='word_1_602' title='bbox 2865 3826 3026 3881; x_wconf 88' lang='lat' dir='ltr'><strong>posse</strong></span> <span class='ocrx_word' id='word_1_603' title='bbox 3074 3813 3193 3867; x_wconf 87' lang='lat' dir='ltr'><strong>sine</strong></span> <span class='ocrx_word' id='word_1_604' title='bbox 3225 3814 3489 3867; x_wconf 87' lang='lat' dir='ltr'><strong>amaritu-</strong></span> 
     </span>
    </p>
   </div>
   <div class='ocr_carea' id='block_1_83' title="bbox 1905 3896 3488 3976">
    <p class='ocr_par' dir='ltr' id='par_1_83' title="bbox 1905 3896 3488 3976">
     <span class='ocr_line' id='line_1_83' title="bbox 1905 3896 3488 3976; baseline 0.006 -26"><span class='ocrx_word' id='word_1_605' title='bbox 1905 3896 2034 3951; x_wconf 89' lang='lat' dir='ltr'><strong>dine</strong></span> <span class='ocrx_word' id='word_1_606' title='bbox 2067 3896 2216 3952; x_wconf 88' lang='lat' dir='ltr'><strong>duci.</strong></span> <span class='ocrx_word' id='word_1_607' title='bbox 2243 3898 2387 3968; x_wconf 80' lang='lat' dir='ltr'><strong>Ergo</strong></span> <span class='ocrx_word' id='word_1_608' title='bbox 2409 3900 2477 3953; x_wconf 88' lang='lat' dir='ltr'><strong>ad</strong></span> <span class='ocrx_word' id='word_1_609' title='bbox 2502 3914 2722 3973; x_wconf 85' lang='lat' dir='ltr'><strong>azymos</strong></span> <span class='ocrx_word' id='word_1_610' title='bbox 2742 3902 2895 3957; x_wconf 90' lang='lat' dir='ltr'><strong>cibos</strong></span> <span class='ocrx_word' id='word_1_611' title='bbox 2937 3904 3248 3959; x_wconf 89' lang='lat' dir='ltr'><strong>amaritudo</strong></span> <span class='ocrx_word' id='word_1_612' title='bbox 3271 3921 3488 3976; x_wconf 78' lang='lat' dir='ltr'><strong>quoque.</strong></span> 
     </span>
    </p>
   </div>
   <div class='ocr_carea' id='block_1_84' title="bbox 1903 3991 3486 4066">
    <p class='ocr_par' dir='ltr' id='par_1_84' title="bbox 1903 3991 3486 4066">
     <span class='ocr_line' id='line_1_84' title="bbox 1903 3991 3486 4066; baseline 0.004 -22"><span class='ocrx_word' id='word_1_613' title='bbox 1903 3996 1989 4044; x_wconf 89' lang='lat' dir='ltr'><strong>est</strong></span> <span class='ocrx_word' id='word_1_614' title='bbox 2010 3991 2326 4046; x_wconf 87' lang='lat' dir='ltr'><strong>necessario</strong></span> <span class='ocrx_word' id='word_1_615' title='bbox 2349 3992 2697 4063; x_wconf 84' lang='lat' dir='ltr'><strong>adjungenda</strong></span> <span class='ocrx_word' id='word_1_616' title='bbox 2726 4011 2739 4047; x_wconf 92' lang='lat'><strong>:</strong></span> <span class='ocrx_word' id='word_1_617' title='bbox 2791 4014 2808 4045; x_wconf 81' lang='grc' dir='ltr'><strong>ι</strong></span> <span class='ocrx_word' id='word_1_618' title='bbox 2834 3993 3039 4050; x_wconf 87' lang='lat' dir='ltr'><strong>Omnes</strong></span> <span class='ocrx_word' id='word_1_619' title='bbox 3074 3996 3222 4050; x_wconf 90' lang='lat' dir='ltr'><strong>enim</strong></span> <span class='ocrx_word' id='word_1_620' title='bbox 3261 3998 3355 4066; x_wconf 90' lang='lat' dir='ltr'><strong>qui</strong></span> <span class='ocrx_word' id='word_1_621' title='bbox 3390 4013 3486 4051; x_wconf 90' lang='lat' dir='ltr'><strong>vo-</strong></span> 
     </span>
    </p>
   </div>
   <div class='ocr_carea' id='block_1_85' title="bbox 1904 4080 3484 4154">
    <p class='ocr_par' dir='ltr' id='par_1_85' title="bbox 1904 4080 3484 4154">
     <span class='ocr_line' id='line_1_85' title="bbox 1904 4080 3484 4154; baseline 0.003 -20"><span class='ocrx_word' id='word_1_622' title='bbox 1904 4080 2027 4134; x_wconf 88' lang='lat' dir='ltr'><strong>lunt</strong></span> <span class='ocrx_word' id='word_1_623' title='bbox 2052 4080 2141 4150; x_wconf 87' lang='lat' dir='ltr'><strong>pie</strong></span> <span class='ocrx_word' id='word_1_624' title='bbox 2174 4081 2362 4135; x_wconf 86' lang='lat' dir='ltr'><strong>vivere</strong></span> <span class='ocrx_word' id='word_1_625' title='bbox 2408 4082 2464 4135; x_wconf 92' lang='lat' dir='ltr'><strong>in</strong></span> <span class='ocrx_word' id='word_1_626' title='bbox 2498 4082 2742 4150; x_wconf 87' lang='lat' dir='ltr'><strong>Christo,</strong></span> <span class='ocrx_word' id='word_1_627' title='bbox 2783 4086 3222 4153; x_wconf 88' lang='lat' dir='ltr'><strong>persecutionem</strong></span> <span class='ocrx_word' id='word_1_628' title='bbox 3272 4086 3484 4154; x_wconf 90' lang='lat' dir='ltr'><strong>patien-</strong></span> 
     </span>
    </p>
   </div>
   <div class='ocr_carea' id='block_1_86' title="bbox 1903 4172 3482 4244">
    <p class='ocr_par' dir='ltr' id='par_1_86' title="bbox 1903 4172 3482 4244">
     <span class='ocr_line' id='line_1_86' title="bbox 1903 4172 3482 4244; baseline 0.002 -19"><span class='ocrx_word' id='word_1_629' title='bbox 1903 4179 1996 4225; x_wconf 90' lang='lat' dir='ltr'><strong>tur</strong></span> <span class='ocrx_word' id='word_1_630' title='bbox 2016 4172 2081 4237; x_wconf 75' lang='lat'><strong>“,</strong></span> <span class='ocrx_word' id='word_1_631' title='bbox 2117 4190 2136 4222; x_wconf 85' lang='grc'><strong>›</strong></span> <span class='ocrx_word' id='word_1_632' title='bbox 2172 4172 2370 4241; x_wconf 89' lang='lat' dir='ltr'><strong>inquit.</strong></span> <span class='ocrx_word' id='word_1_633' title='bbox 2399 4173 2505 4227; x_wconf 90' lang='lat' dir='ltr'><strong>Sed</strong></span> <span class='ocrx_word' id='word_1_634' title='bbox 2534 4182 2737 4237; x_wconf 86' lang='lat' dir='ltr'><strong>tamen,</strong></span> <span class='ocrx_word' id='word_1_635' title='bbox 2788 4176 3108 4244; x_wconf 86' lang='lat' dir='ltr'><strong>quicunque</strong></span> <span class='ocrx_word' id='word_1_636' title='bbox 3157 4174 3212 4227; x_wconf 93' lang='lat' dir='ltr'><strong>id</strong></span> <span class='ocrx_word' id='word_1_637' title='bbox 3241 4174 3482 4243; x_wconf 89' lang='lat' dir='ltr'><strong>perpessi</strong></span> 
     </span>
    </p>
   </div>
   <div class='ocr_carea' id='block_1_87' title="bbox 1906 4261 3479 4332">
    <p class='ocr_par' dir='ltr' id='par_1_87' title="bbox 1906 4261 3479 4332">
     <span class='ocr_line' id='line_1_87' title="bbox 1906 4261 3479 4332; baseline 0.002 -17"><span class='ocrx_word' id='word_1_638' title='bbox 1906 4261 2130 4323; x_wconf 81' lang='lat' dir='ltr'><strong>fuerint,</strong></span> <span class='ocrx_word' id='word_1_639' title='bbox 2168 4261 2315 4315; x_wconf 86' lang='lat' dir='ltr'><strong>beati</strong></span> <span class='ocrx_word' id='word_1_640' title='bbox 2356 4270 2526 4316; x_wconf 90' lang='lat' dir='ltr'><strong>sunt:</strong></span> <span class='ocrx_word' id='word_1_641' title='bbox 2573 4279 2700 4317; x_wconf 88' lang='lat' dir='ltr'><strong>nam</strong></span> <span class='ocrx_word' id='word_1_642' title='bbox 2747 4263 2910 4317; x_wconf 90' lang='lat' dir='ltr'><strong>simul</strong></span> <span class='ocrx_word' id='word_1_643' title='bbox 2964 4264 3241 4332; x_wconf 87' lang='lat' dir='ltr'><strong>patiendo,</strong></span> <span class='ocrx_word' id='word_1_644' title='bbox 3286 4279 3479 4319; x_wconf 85' lang='lat' dir='ltr'><strong>conse-</strong></span> 
     </span>
    </p>
   </div>
   <div class='ocr_carea' id='block_1_88' title="bbox 1904 4353 3476 4424">
    <p class='ocr_par' dir='ltr' id='par_1_88' title="bbox 1904 4353 3476 4424">
     <span class='ocr_line' id='line_1_88' title="bbox 1904 4353 3476 4424; baseline 0.002 -16"><span class='ocrx_word' id='word_1_645' title='bbox 1904 4362 2145 4424; x_wconf 86' lang='lat' dir='ltr'><strong>quentur</strong></span> <span class='ocrx_word' id='word_1_646' title='bbox 2162 4353 2329 4407; x_wconf 89' lang='lat' dir='ltr'><strong>etiam</strong></span> <span class='ocrx_word' id='word_1_647' title='bbox 2358 4362 2417 4407; x_wconf 89' lang='lat' dir='ltr'><strong>ut</strong></span> <span class='ocrx_word' id='word_1_648' title='bbox 2445 4354 2609 4408; x_wconf 91' lang='lat' dir='ltr'><strong>simul</strong></span> <span class='ocrx_word' id='word_1_649' title='bbox 2636 4362 2890 4424; x_wconf 76' lang='lat' dir='ltr'><strong>regnent,</strong></span> <span class='ocrx_word' id='word_1_650' title='bbox 2922 4367 2983 4407; x_wconf 87' lang='lat' dir='ltr'><strong>ut</strong></span> <span class='ocrx_word' id='word_1_651' title='bbox 3004 4354 3272 4423; x_wconf 89' lang='lat' dir='ltr'><strong>scriptum</strong></span> <span class='ocrx_word' id='word_1_652' title='bbox 3302 4362 3388 4409; x_wconf 89' lang='lat' dir='ltr'><strong>est</strong></span> <span class='ocrx_word' id='word_1_653' title='bbox 3411 4354 3476 4412; x_wconf 85' lang='grc'><strong>⁸⁸.</strong></span> 
     </span>
    </p>
   </div>
   <div class='ocr_carea' id='block_1_89' title="bbox 1905 4444 3415 4513">
    <p class='ocr_par' dir='ltr' id='par_1_89' title="bbox 1905 4444 3415 4513">
     <span class='ocr_line' id='line_1_89' title="bbox 1905 4444 3415 4513; baseline 0.003 -13"><span class='ocrx_word' id='word_1_654' title='bbox 1905 4446 2043 4500; x_wconf 77' lang='lat' dir='ltr'><strong>Num</strong></span> <span class='ocrx_word' id='word_1_655' title='bbox 2070 4446 2237 4513; x_wconf 83' lang='lat' dir='ltr'><strong>igitur</strong></span> <span class='ocrx_word' id='word_1_656' title='bbox 2259 4446 2436 4501; x_wconf 84' lang='lat' dir='ltr'><strong>oratio</strong></span> <span class='ocrx_word' id='word_1_657' title='bbox 2460 4460 2490 4499; x_wconf 90' lang='lat' dir='ltr'><strong>a</strong></span> <span class='ocrx_word' id='word_1_658' title='bbox 2517 4445 2720 4501; x_wconf 89' lang='lat' dir='ltr'><strong>decoro</strong></span> <span class='ocrx_word' id='word_1_659' title='bbox 2742 4444 2994 4501; x_wconf 80' lang='lat' dir='ltr'><strong>deviasse</strong></span> <span class='ocrx_word' id='word_1_660' title='bbox 3021 4445 3123 4501; x_wconf 87' lang='lat' dir='ltr'><strong>tibi</strong></span> <span class='ocrx_word' id='word_1_661' title='bbox 3147 4446 3415 4505; x_wconf 63' lang='lat' dir='ltr'><strong>videtur?</strong></span> 
     </span>
    </p>
   </div>
   <div class='ocr_carea' id='block_1_90' title="bbox 1980 4537 2612 4594">
    <p class='ocr_par' dir='ltr' id='par_1_90' title="bbox 1980 4537 2612 4594">
     <span class='ocr_line' id='line_1_90' title="bbox 1980 4537 2612 4594; baseline 0.002 -3"><span class='ocrx_word' id='word_1_662' title='bbox 1980 4537 2176 4592; x_wconf 81' lang='lat' dir='ltr'><strong>PALL.</strong></span> <span class='ocrx_word' id='word_1_663' title='bbox 2214 4538 2436 4594; x_wconf 80' lang='lat' dir='ltr'><strong>Minime</strong></span> <span class='ocrx_word' id='word_1_664' title='bbox 2458 4554 2612 4594; x_wconf 89' lang='lat' dir='ltr'><strong>vero.</strong></span> 
     </span>
    </p>
   </div>
   <div class='ocr_carea' id='block_1_91' title="bbox 283 4689 1817 4761">
    <p class='ocr_par' dir='ltr' id='par_1_91' title="bbox 283 4689 1794 4759">
     <span class='ocr_line' id='line_1_91' title="bbox 283 4689 1794 4759; baseline -0.005 -6"><span class='ocrx_word' id='word_1_665' title='bbox 283 4696 327 4726; x_wconf 80' lang='lat'><strong>&quot;</strong></span> <span class='ocrx_word' id='word_1_666' title='bbox 358 4693 540 4753; x_wconf 77' lang='lat' dir='ltr'><strong>Exod.</strong></span> <span class='ocrx_word' id='word_1_667' title='bbox 587 4709 682 4759; x_wconf 87' lang='lat' dir='ltr'><strong>vn,</strong></span> <span class='ocrx_word' id='word_1_668' title='bbox 721 4692 773 4759; x_wconf 86' lang='lat'><em>6,</em></span> <span class='ocrx_word' id='word_1_669' title='bbox 801 4692 852 4745; x_wconf 88' lang='lat'><strong>7.</strong></span> <span class='ocrx_word' id='word_1_670' title='bbox 932 4690 977 4723; x_wconf 80' lang='grc'><strong>⁸³</strong></span> <span class='ocrx_word' id='word_1_671' title='bbox 1003 4689 1160 4747; x_wconf 85' lang='lat' dir='ltr'><strong>Joan.</strong></span> <span class='ocrx_word' id='word_1_672' title='bbox 1192 4705 1266 4758; x_wconf 78' lang='lat' dir='ltr'><strong>vr,</strong></span> <span class='ocrx_word' id='word_1_673' title='bbox 1300 4689 1387 4745; x_wconf 76' lang='lat'><strong>55.</strong></span> <span class='ocrx_word' id='word_1_674' title='bbox 1469 4689 1514 4721; x_wconf 79' lang='lat'><strong>“</strong></span> <span class='ocrx_word' id='word_1_675' title='bbox 1540 4689 1605 4745; x_wconf 88' lang='lat' dir='ltr'><strong>Il.</strong></span> <span class='ocrx_word' id='word_1_676' title='bbox 1652 4689 1794 4745; x_wconf 86' lang='lat' dir='ltr'><strong>Tim.</strong></span> 
     </span>
    </p>
   </div>
   <div class='ocr_carea' id='block_1_92' title="bbox 1917 4689 2609 4761">
    <p class='ocr_par' dir='ltr' id='par_1_92' title="bbox 1937 4692 2609 4761">
     <span class='ocr_line' id='line_1_92' title="bbox 1937 4692 2609 4761; baseline 0.012 -17"><span class='ocrx_word' id='word_1_677' title='bbox 1937 4692 2024 4749; x_wconf 75' lang='grc'><strong>12,</strong></span> <span class='ocrx_word' id='word_1_678' title='bbox 2101 4693 2145 4727; x_wconf 79' lang='grc'><strong>⁸⁵</strong></span> <span class='ocrx_word' id='word_1_679' title='bbox 2182 4692 2340 4749; x_wconf 78' lang='lat' dir='ltr'><strong>Rom.</strong></span> <span class='ocrx_word' id='word_1_680' title='bbox 2377 4709 2490 4761; x_wconf 76' lang='lat' dir='ltr'><strong>vin,</strong></span> <span class='ocrx_word' id='word_1_681' title='bbox 2524 4694 2609 4753; x_wconf 80' lang='lat' dir='ltr'><strong>l8.</strong></span> 
     </span>
    </p>
   </div>
   <div class='ocr_carea' id='block_1_93' title="bbox 1802 4985 1871 4999">
    <p class='ocr_par' dir='ltr' id='par_1_93' title="bbox 1802 4985 1871 4999">
     <span class='ocr_line' id='line_1_93' title="bbox 1802 4985 1871 4999; baseline 0 0"><span class='ocrx_word' id='word_1_682' title='bbox 1802 4985 1871 4999; x_wconf 58' lang='grc' dir='ltr'><strong>θυι-η</strong></span> 
     </span>
    </p>
   </div>
  </div>
