3968 6300
494 284 606 343 265

1491 273 1546 327 S.
1590 272 1865 327 GYRILLI
1908 267 2379 324 ALEXANDRINI
2419 264 2733 321 ARCHIEI’.

2645 425 2775 432 ...ν-.-
2790 425 2804 429 ..
2823 424 2844 429 λ-
2861 424 2904 428 --
2937 423 3074 430 ...υ--.-
3088 423 3160 429 -μ-ογκ
3181 424 3295 432 νὴ-
3331 424 3358 428 -ι
3385 424 3456 432 π-.

1079 644 1472 771 ΠΕΡΙ
1571 637 1910 765 ΤΗΣ
1994 634 2201 760 ΕΝ
2295 620 3170 758 ΠΝΕΥΜΑἹἾ

1747 877 1941 960 ΚΑΙ
2012 829 2502 983 ΑΛΗΘΕΙᾼ

906 1093 2124 1218 ΠΡΟΣΚΥΝΗΣΕΩΣ
2235 1091 2513 1204 ΚΑΙ
2623 1084 3355 1204 ΛΑΤΡΕΙΑΣ

1624 1335 2062 1424 ΛΟΓΟΣ
2143 1328 2654 1419 ΤΡΙΤΟΣ.

663 1711 842 1826 DE
928 1707 1848 1828 ADORATIONE
1936 1700 2115 1815 ΕΤ
2207 1693 2686 1816 CULTU
2785 1696 2924 1809 IN
3017 1695 3585 1809 SPlRlTU

1673 1965 1835 2072 ET
1927 1963 2581 2073 VEBITATE

1620 2215 1984 2294 LIBER
2075 2211 2653 2290 TERTIUS.

494 2546 619 2632 δι’
653 2546 897 2632 limitem,
942 2565 1060 2632 qua?
1102 2562 1166 2604 ea:
1208 2558 1418 2632 peccato
1467 2559 1740 2632 consecuta
1765 2559 1862 2616 est,
1913 2557 2069 2621 atque

2184 2547 2297 2632 ὀτι
2320 2547 2635 2632 deﬁxere"
2673 2539 3118 2632 adsuerit?
3141 2539 3211 2632 έέ
3222 2538 3539 2632 ,είέξτῖεῖίίζς
3571 2536 3748 2632 ﬁt:

566 2619 762 2676 diaboli
789 2619 1144 2692 tyrannidem,
1179 2619 1367 2674 ebitari
1396 2619 1544 2692 nullo
1585 2631 1738 2674 modo
1783 2636 1930 2692 posse
1967 2619 2069 2692 ms:

565 2709 661 2762 per
684 2689 1158 2762 sanciiﬁcationerm
1182 2705 1309 2762 qua:
1346 2705 1426 2762 ea:_
1449 2690 1655 2762 Christo
1698 2689 1814 2756 est;
1870 2689 2069 2760 iustiﬁ-

563 2758 926 2832 cationemq’ue
959 2776 1065 2814 non
1094 2761 1149 2813 in
1174 2758 1307 2830 tege,
1337 2759 1426 2813 sed
1455 2761 1511 2813 in
1537 2759 1744 2814 Christo
1766 2758 1897 2814 esse.

567 2873 685 2928 J'am
707 2885 838 2925 vero
859 2876 984 2924 cum
1007 2868 1274 2939 ejusmodi
1303 2859 1634 2923 sacriﬁcium
1656 2868 1914 2923 Israelita:
1942 2883 2070 2938 per-

493 2963 1014 3030 fecissent,cumque
1029 2966 1293 3030 praeterea
1311 2960 1671 3030 primogenita
1693 2959 2070 3030 Egyptiorum

493 3055 809 3125 periissem,
845 3052 1257 3122 depulissetque
1303 3060 1565 3121 tanquam
1614 3051 1671 3105 in
1717 3051 1888 3122 ﬁgura
1913 3050 2073 3106 Chri-

493 3155 661 3200 stusa
698 3142 1056 3198 sanctiﬁcatis
1099 3142 1612 3209 exterminatorem,
1663 3149 1778 3197 tum
1828 3145 2070 3213 denique

491 3240 584 3294 vix
632 3239 981 3294 dominorum
1043 3238 1207 3293 terris
1251 3245 1646 3304 excesserunt;
1699 3252 1934 3307 cumque
1997 3237 2071 3291 ad

490 3331 813 3402 promissam
843 3330 949 3386 sibi
975 3329 1253 3400 regionem
1288 3337 1668 3400 properarent,
1696 3330 1763 3384 ad
1809 3345 1928 3384 eam
1960 3344 2071 3384 non

491 3430 642 3475 recto
665 3434 856 3490 cursu,
891 3419 988 3474 sed
1011 3417 1250 3475 ﬂexibus
1268 3419 1326 3473 in
1357 3428 1650 3490 utramque
1672 3421 1782 3490 82
1805 3427 2014 3489 partem
2040 3433 2072 3472 a

490 3521 642 3568 recto
675 3487 873 3569 itin‘ere
899 3513 1134 3568 diversis
1155 3494 1411 3583 p'erducti
1439 3523 1587 3568 sunt.
1636 3512 1727 3567 Sic
1751 3512 1896 3567 enim
1930 3512 2071 3567 seri-

489 3613 648 3675 ptum
671 3613 756 3661 est
777 3619 1032 3658 rursum:
1067 3623 1085 3653 ι
1107 3600 1179 3659 Ut
1193 3618 1324 3657 vero
1349 3603 1534 3658 emisit
1555 3604 1766 3658 Pharao
1789 3603 2070 3673 populum,

490 3709 601 3748 non
626 3693 856 3748 deduxit
885 3707 983 3746 eos
1007 3691 1150 3746 Deus
1171 3705 1272 3760 per
1293 3690 1438 3744 viam
1467 3691 1897 3755 Philistazorum,
1943 3691 2074 3760 quia

478 3800 665 3854 prope
690 3791 828 3838 erat.
843 3783 992 3837 Dixit
1009 3781 1156 3835 enim
1181 3783 1328 3838 Deus
1367 3797 1381 3835 :
1410 3781 1489 3836 Ne
1514 3781 1658 3836 forte
1683 3782 1948 3850 paeniteat
1969 3776 2071 3852 po-

2244 2604 2373 2681 tor:
2404 2604 2501 2670 κᾶι
2534 2617 2648 2685 τὴν
2693 2604 2798 2668 τοῦ
2837 2604 3120 2669 διαϐόλου
3159 2604 3538 2685 ἁλεὸτᾷξᾲιν,
3573 2611 3626 2685 εὶ
3661 2606 3748 2685 διιή

2239 2689 2314 2742 δι’
2337 2678 2631 2758 ἀγιασμοῦ
2651 2685 2758 2740 τοῦ
2786 2687 2934 2758 κατὰ
2965 2684 3222 2758 Χριστρν
3241 2699 3253 2710 ’
3283 2681 3379 2758 καὶ
3421 2679 3507 2732 ὅτι
3541 2681 3655 2733 οὐκ
3681 2678 3751 2731 ἐν

2240 2751 2401 2828 ’νόμῴ
2439 2761 2475 2827 ἡ
2509 2751 2834 2821 δικαίωσις,
2863 2751 3103 2810 ἀλλ’ἐψ
3129 2751 3376 2820 Χριστῷ.

2241 2869 2448 2922 Οὐκοῦν
2494 2867 2789 2938 ἐπειδήπερ
2834 2869 2930 2937 τῆς
2981 2864 3169 2928 θυσίας
3199 2865 3228 2917 6
3283 2861 3479 2935 τρόπος
3540 2863 3656 2926 τοῖς
3694 2860 3754 2926 ἐξ

2190 2961 2404 3034 Ἰσραὴλ
2431 2956 2488 3014 εὖ
2523 2961 2666 3032 μάλα
2693 2961 3081 3031 διεπεραίνετο,
3115 2959 3208 3012 καὶ
3230 2955 3299 3009 τὰ
3327 2956 3426 3025 μὲν
3451 2955 3560 3008 τῶν
3583 2957 3755 3025 Αἰγυ-

2173 3055 2341 3108 πτίων
2373 3054 2690 3123 πρωτότοκα
2736 3051 2974 3105 διολώλει
3026 3051 3230 3116 λοιπὸν,
3265 3051 3522 3106 ἀπεσόϐει
3559 3050 3619 3104 δὲ
3648 3048 3757 3101 τῶν

2172 3147 2516 3218 ήγιασμένων
2559 3147 2633 3209 ὡς
2670 3147 2732 3198 ἐν
2779 3146 2935 3217 τύπῳ
2991 3138 3225 3216 Χριστὸς
3267 3145 3358 3199 τὸν
3403 3141 3758 3214 ὀλοθρευτὴν,

2171 3239 2291 3292 τότε
2325 3238 2389 3304 δὴ
2441 3237 2592 3308 μόλις
2625 3236 2725 3306 τῆς
2773 3236 2879 3289 τῶν
2923 3234 3269 3307 κρατούντων
3311 3235 3592 3311 ἐκθέοντες
3628 3232 3758 3300 γῆς,

2174 3332 2268 3386 καὶ
2298 3330 2435 3402 πρὸς
2479 3329 2576 3400 τὴν
2621 3328 3038 3400 ἐπηγγελμένην
3083 3328 3263 3392 αὐτοῖς
3310 3326 3606 3396 ἀφικέσθαι
3647 3326 3766 3378 δια-

2178 3423 2514 3487 σπεύδοντες,
2546 3423 2646 3475 οὐκ
2673 3421 3090 3492 εὐθυδρομοῦσιν
3125 3423 3204 3484 εἰς
3250 3420 3441 3491 αὐτὴν,
3470 3435 3538 3470 πε
3546 3434 3765 3488 ριαγω-

2179 3519 2304 3586 γαῖς
2329 3517 2385 3570 δὲ
2411 3515 2606 3585 ὥσπερ
2631 3517 2750 3577 ταῖς
2779 3515 2870 3566 ἐπὶ
2921 3512 3122 3585 θάτερα
3151 3513 3246 3584 τῆς
3299 3511 3509 3573 εὐθείας
3551 3514 3767 3563 ἀπεκο-

2173 3610 2410 3680 μίζοντο.
2444 3608 2650 3679 Γράφει
2689 3606 2784 3676 μὲν
2809 3605 2917 3677 γὰρ
2947 3598 3048 3658 ὧδε
3083 3603 3278 3657 πάλιν·
3319 3621 3336 3653 ι
3380 3602 3466 3665 Ὡς
3493 3602 3558 3654 δὲ
3593 3601 3772 3667 ἐξα-πον

2171 3701 2378 3755 έστειλε
2405 3696 2605 3771 Φαραὼ
2625 3699 2714 3751 τὸν
2729 3697 2879 3764 λαὸν,
2907 3697 3006 3766 οὐχ
3031 3695 3312 3766 ὡδήγησεν
3337 3693 3539 3756 αὐτοὺς
3569 3695 3600 3746 ὁ
3631 3692 3770 3756 Θεὸς

2173 3793 2290 3847 ὁδὸν
2321 3795 2424 3863 γῆς
2445 3791 2769 3860 Φιλιστιεὶμ,
2799 3791 2880 3843 ὅτι
2912 3789 3078 3856 ἐγγὺς
3101 3785 3187 3857 ἦν.
3213 3783 3346 3840 Eine
3376 3787 3484 3855 γὰρ
3523 3788 3554 3838 6
3585 3785 3728 3848 Θεός
3753 3800 3766 3813 ³

493 3877 706 3946 pulum,
761 3875 808 3930 si
859 3873 1060 3929 viderit
1086 3873 1316 3938 bellum,
1371 3880 1427 3927 et
1452 3879 1764 3928 revertatur
1807 3873 1864 3928 in
1905 3872 2069 3946 Egy-

2184 3887 2399 3956 Μήποτε
2457 3882 2808 3954 μεταμελήσῃ
2855 3880 2933 3950 τῷ
2971 3879 3084 3948 λαῷ
3131 3878 3288 3930 ἰδόντι
3340 3877 3610 3947 πόλεμον,
3674 3877 3771 3931 καὶ

493 3977 668 4037 ptum.
695 3967 764 4022 Et
791 3965 1161 4022 circumduxit
1182 3966 1327 4022 Deus
1342 3967 1606 4038 populum
1631 3981 1789 4020 suum
1810 3982 1908 4037 per
1926 3967 2070 4022 viam

493 4072 616 4126 qum
648 4057 801 4111 ducit
831 4057 889 4110 in
915 4056 1198 4111 desertum
1219 4055 1288 4110 ad
1313 4071 1463 4112 mare
1499 4057 1750 4110 Rubrum
1774 4056 1836 4110 “.
1871 4075 1888 4108 ι

564 4150 764 4206 PALL.
795 4150 938 4221 Quid
962 4149 1208 4220 ,tandem
1265 4150 1324 4204 in
1363 4165 1429 4205 ea
1459 4165 1678 4220 quoque
1725 4167 1782 4206 re
1825 4151 2070 4222 mysterii

493 4241 666 4301 latet?

566 4332 722 4388 ΟΥΕ.
749 4331 1160 4401 Exquirendum
1209 4331 1266 4386 id
1296 4339 1402 4397 est,
1459 4333 1506 4386 si
1540 4333 1614 4388 ita
1659 4333 1899 4388 videtur.
1949 4333 2072 4389 Scis

494 4422 665 4488 enim,
702 4437 827 4476 cum
855 4422 964 4477 illis
987 4422 1044 4477 in
1079 4434 1338 4492 promptu
1364 4433 1511 4479 esset
1535 4424 1621 4480 via
1651 4441 1749 4494 per
1793 4442 1957 4495 quam
1985 4441 2072 4479 re-

499 4521 587 4568 cta
613 4514 672 4566 in
721 4514 903 4566 locum
948 4514 1288 4579 tenderetur,
1352 4531 1415 4570 ac
1461 4517 1654 4572 liceret
1679 4518 1833 4572 brevi
1873 4517 2070 4572 itinere

499 4604 612 4658 cito
641 4602 934 4672 pervenire
972 4601 1164 4674 (prope
1190 4605 1338 4659 enim
1360 4616 1477 4662 erat
1507 4615 1655 4662 terra
1680 4607 1870 4677 procul
1901 4606 2070 4661 dubio

500 4691 933 4765 promissionis),
959 4708 1059 4762 per
1097 4694 1324 4748 alteram
1373 4711 1470 4751 eos
1515 4697 1737 4752 duxisse
1759 4698 1923 4761 viam,
1949 4712 2072 4766 quae

499 4782 662 4852 longo
695 4782 934 4836 circuitu
982 4781 1379 4854 conﬁceretur;
1431 4787 1579 4856 quod
1623 4787 1715 4841 ille
1746 4796 2072 4842 cunctorum

499 4870 698 4941 Opifex
731 4872 951 4926 illorum
980 4873 1224 4928 animum
1248 4875 1317 4930 ad
1362 4877 1781 4932 desciscendum
1832 4878 2068 4946 facilem,

500 4970 557 5016 et
579 4963 646 5017 ad
674 4973 881 5018 metum
907 4965 1140 5020 nimium
1171 4966 1472 5038 proclivem
1498 4969 1660 5039 longe
1705 4977 1830 5025 ante
1879 4971 2070 5041 provi-

501 5053 694 5109 disset.

569 5142 765 5198 PALL.
795 5144 954 5198 Nulla
976 5147 1147 5217 magis
1167 5149 1458 5218 perSpicua
1488 5156 1571 5202 est
1603 5149 1801 5202 oratio.

2174 3977 2493 4048 ἀποστρέψῃ
2517 3977 2595 4037 είς
2620 3974 2912 4041 Αἴγυπτον.
2939 3970 3049 4023 Καὶ
3070 3967 3379 4022 ὲκύκλωσεν
3399 3970 3428 4020 6
3457 3969 3602 4034 Θεὸς
3639 3971 3769 4023 λαὸν

2171 4065 2334 4119 αὐτοῦ
2360 4065 2474 4118 ὁδὸν
2489 4065 2586 4134 τὴν
2605 4066 2684 4126 εἰς
2699 4062 2900 4133 ἔρημον
2913 4062 2990 4124 εἰς
3007 4060 3105 4131 τὴν
3129 4058 3392 4130 Ἐρυθρὰν
3415 4058 3732 4117 θάλασσαν.
3746 4081 3765 4112 ι

2241 4156 2447 4208 ΠΑΛΛ.
2482 4153 2547 4208 Τί
2574 4154 2636 4226 δὴ
2671 4155 2775 4226 ἄρα
2799 4155 2901 4208 κὰν
2931 4151 3104 4223 τούτῳ
3134 4153 3194 4205 τὸ
3223 4151 3620 4223 κεκρυμμένον
3644 4170 3658 4182 °

2240 4337 2402 4392 ΚΥΡ.
2456 4338 2926 4402 Ἐκϐασανιστέον,
2980 4338 3025 4391 ei
3065 4336 3228 4391 δοκεῖ.
3284 4335 3448 4399 Σύνες
3501 4337 3622 4410 γὰρ
3681 4339 3768 4391 ὅτι

2171 4429 2580 4500 παρακειμένης
2607 4429 2725 4482 ὁδοῦ
2757 4429 2857 4499 τῆς
2892 4429 2976 4481 ἐπ’
2999 4429 3212 4492 εὐθείας
3247 4429 3448 4491 αὐτοῖς,
3487 4431 3592 4482 καὶ
3624 4429 3768 4501 βρα-

2170 4521 2541 4592 χυποροῦντας
2572 4521 2690 4586 ἐξὸν
2741 4521 3031 4590 ἀφικέσθαι
3072 4520 3349 4592 συντόμως
3380 4521 3624 4591 (Ἐγγὺς
3655 4523 3768 4593 γὰρ

2169 4609 2258 4685 ἦν,
2291 4615 2445 4684 φησὶ,
2479 4615 2577 4685 τῆς
2603 4616 2927 4684 ἐπαγγελίας
2951 4617 2984 4685 ὴ
3015 4616 3132 4685 γῆ),
3161 4616 3318 4686 δῆλον
3354 4615 3434 4668 ὅτι
3461 4615 3531 4668 δι’
3567 4617 3770 4688 ἐτέρας

2171 4706 2365 4768 αὐτοὺς
2399 4691 2720 4776 ἀπεκόμιζε,
2754 4707 2850 4777 τῆς
2891 4708 2946 4759 ἐν
2973 4705 3155 4777 κύκλῳ
3197 4706 3411 4777 μακρῷ,
3441 4706 3502 4760 τὸ
3531 4709 3769 4780 ἕτοιμον

2171 4796 2251 4859 είς
2279 4794 2594 4861 ἀπόστασιν,
2627 4797 2722 4849 καὶ
2752 4797 2812 4848 τὸ
2845 4796 3084 4867 ἀσχέτως
3125 4796 3204 4850 ἐτι
3242 4799 3651 4862 κατανενευκὸς
3689 4802 3770 4864 εἰς

2170 4885 2370 4940 δειλίαν
2393 4886 2505 4941 τῶν·
2523 4887 2688 4942 πάλαι
2708 4886 3068 4959 προεγνωκὼς
3089 4889 3117 4941 ὁ
3140 4889 3354 4941 πάντων
3379 4891 3767 4962 Δημιουργός.

2242 5151 2449 5205 ΠΑΛΛ.
2493 5153 2656 5208 Οὐδέν
2683 5171 2733 5208 τι
2763 5154 2958 5225 μᾶλλόν
2990 5156 3105 5208 ἐστι
3139 5155 3312 5228 σαφὴς
3335 5158 3362 5209 6
3389 5155 3576 5225 λόγος.

567 5229 724 5285 CYR.
777 5231 859 5286 Ad
917 5233 1260 5304 spiritualem
1310 5235 1480 5304 igitur
1546 5234 2068 5304 contemplationem

2240 5244 2406 5299 ΚΥΡ.
2457 5243 2619 5299 Ἰτέον
2642 5245 2705 5316 δὴ
2731 5243 2822 5300 οὖν
2847 5248 2937 5300 ἐπὶ
2966 5247 3194 5319 θεωρίαν
3219 5247 3317 5319 τὴν
3346 5253 3768 5324 πνευματικὴν,

499 5324 890 5378 transeundum
913 5333 1015 5380 est.
1043 5325 1146 5391 Qui
1193 5340 1225 5378 a
1262 5325 1539 5380 mundana
1566 5328 1677 5382 vita
1702 5327 2066 5385 daemoniaco-

494 5427 600 5480 que
626 5411 935 5478 dominatu,
969 5421 1229 5482 tanquam
1259 5429 1326 5469 ex
1347 5414 1597 5488 Egyptia
1639 5419 1862 5490 regione
1909 5436 2064 5476 rece-

493 5501 650 5568 dunt,
674 5518 770 5558 eos
795 5511 950 5558 recta
1002 5503 1298 5574 brevisque
1337 5509 1563 5564 omnino
1595 5511 1681 5565 via
1712 5511 1967 5582 perducit
1992 5515 2061 5569 ad

562 5680 606 5710 ⁸⁸
633 5679 782 5733 Exod
835 5694 944 5743 xxi,
979 5681 1034 5732 4.

2173 5336 2298 5400 τοὺς
2316 5335 2423 5391 ἀπὸ
2441 5336 2586 5408 ζωῆς
2607 5339 2872 5410 κοσμικῆς
2895 5340 2987 5393 κα)⁸
3003 5340 3385 5410 δαιμονιώδους
3406 5340 3769 5411 πλεονεξίας,

2172 5426 2361 5500 ὥσπερ
2385 5428 2528 5492 τινὸς
2547 5430 2649 5500 γῆς
2675 5429 2986 5498 Αἰγυπτίων
3023 5431 3375 5504 ἀπαίροντας,
3403 5433 3524 5496 όδδς
3570 5437 3770 5491 εὐθεῖα

2171 5517 2262 5570 καὶ
2292 5518 2444 5589 ὀλίγη
2475 5519 2751 5584 παντελῶς
2777 5521 3041 5592 ἀποφέρει
3063 5522 3197 5594 πρὸς
3218 5524 3511 5594 ἀγιασμδν,
3545 5528 3650 5581 καὶ
3683 5530 3772 5595 εἰς
