3968 6300
246 343 345 398 265

972 341 1060 396 DE
1098 340 1540 400 ADORATIONE
1578 341 1642 398 IN
1680 340 1950 398 SPIRITU
1991 340 2077 396 ET
2117 338 2489 397 VERITATE.
2529 337 2656 391 LIB.
2699 337 2787 392 III.

3330 395 3333 398 ,
3387 324 3495 389 966

246 455 430 510 ἐλπίδα
473 455 572 526 τὴν
617 455 767 527 παρά
798 455 939 528 Θεῷ,
986 460 1168 524 πίστις
1209 461 1244 532 ἡ
1291 462 1348 514 ὲν
1381 460 1621 532 Χριστῷ,
1656 460 1748 514 καὶ
1789 461 1823 530 ἡ

1935 457 2438 521 sanctiﬁcationem,
2495 468 2762 524 spemque
2794 467 2915 508 eam
2949 468 3112 523 quam
3145 453 3200 506 in
3244 451 3356 505 Deo
3407 466 3497 505 re-

245 550 360 601 κατ’
392 546 556 600 αὑτὸν
593 547 899 614 δικαίωσις,
941 552 1082 606 κατά
1111 570 1176 621 γε
1211 553 1275 606 τὸ
1319 553 1424 607 ὑπὸ
1470 552 1562 605 τοῦ
1610 552 1821 606 Παύλου

255 639 429 708 σοφῶς
473 641 794 713 εἰρημένον·
848 660 867 694 ι
915 642 1110 713 Ἐγγύς
1155 661 1249 698 σου
1279 644 1340 698 τὸ
1375 635 1528 716 ῥῆμά
1569 645 1716 699 ἐστιν
1764 645 1822 698 ὲν

253 729 327 800 τῷ
353 729 584 802 στόματί
617 749 732 797 σου,
762 732 855 786 καὶ
883 733 941 786 ὲν
964 737 1029 805 τῇ
1060 735 1257 807 καρδίᾳ
1295 753 1410 800 σου,
1435 734 1579 789 τοῦτ’
1617 735 1736 788 ἔστι
1761 735 1823 789 τὸ

245 821 396 894 ῥῆμα
420 822 517 893 τῆς
544 823 778 887 πίστεως
796 823 824 876 ὃ
857 824 1204 898 κηρύσσομεν
1224 869 1239 893 ,
1260 829 1341 881 ὅτι
1362 827 1455 882 ἐὰν
1479 826 1822 898 ὁμολογήσῃς

243 914 298 966 ὲν
331 911 410 983 τῷ
441 914 670 984 στόματί
701 932 793 969 σου
832 917 914 970 ὅτι
942 917 1143 989 Κύριος
1190 919 1421 991 Ἰησοῦς,
1456 921 1551 976 καὶ
1600 919 1824 975 πιστεύ-

249 1019 342 1076 σῃς
377 1005 435 1056 ὲν
468 1007 532 1076 τῇ
564 1005 760 1077 καρδίᾳ
804 1025 897 1061 σου
934 1009 1015 1062 ὅτι
1046 1011 1074 1063 ὁ
1117 1010 1250 1075 Θεὸς
1294 1012 1454 1064 αὐτὸν
1496 1012 1714 1083 ἤγειρεν
1757 1012 1821 1064 ὲκ

243 1097 472 1167 νεκρῶν,
501 1097 724 1170 σωθήσῃ
747 1113 760 1128 ³
789 1099 987 1171 καρδίᾳ
1025 1099 1134 1174 γὰρ
1161 1101 1473 1155 πιστεύεται
1513 1103 1594 1165 είς
1619 1103 1824 1156 δικαιο-

245 1189 445 1259 σύνην⁸
508 1190 735 1261 στόματι
798 1191 856 1245 δὲ
911 1192 1251 1263 ὁμολογεῖται
1319 1195 1400 1259 είς
1455 1193 1752 1266 σωτηρίαν.
1797 1214 1818 1248 ι

244 1281 460 1353 Ταύτην
487 1277 577 1335 οὖν
601 1283 708 1352 ἀρα
735 1283 834 1354 τὴν
863 1283 1035 1348 οὕτως
1059 1285 1229 1356 ἀγχοῦ
1261 1287 1354 1339 καὶ
1385 1286 1822 1357 συνεσταλμένην

245 1372 363 1425 ὁδὸν
410 1373 736 1444 διαστείχειν
751 1375 850 1428 οὐκ
881 1375 1031 1445 ἠφίει
1062 1377 1187 1440 τοὺς
1214 1377 1382 1430 πάλαι
1419 1377 1580 1441 Θεός·
1613 1379 1822 1433 ἐπενόει

245 1463 297 1517 δὲ
321 1462 512 1534 ῶσπερ
549 1465 670 1525 τινά
712 1464 909 1518 κύκλον
941 1466 1040 1537 τὴν
1073 1469 1158 1520 ἐπ’
1192 1468 1408 1533 εὐθείας
1453 1471 1553 1524 οὐκ
1599 1471 1820 1542 ἔχοντα,

249 1554 332 1607 τὸν
361 1557 420 1608 ὲν
453 1556 843 1628 περιστροφαῖς
892 1557 1066 1626 λόγων
1107 1558 1202 1613 καὶ⁹
1240 1561 1298 1612 ὲν
1346 1560 1632 1632 αἰνίγμασι
1661 1562 1822 1633 νόμον

253 1647 598 1718 μακροτέραν
629 1647 820 1718 ἔχοντα
849 1647 942 1702 καὶ
973 1649 1072 1702 οὐκ
1106 1650 1485 1723 ἀταλαίπωρον
1519 1652 1621 1724 τὴν
1659 1654 1823 1706 παιδ-

250 1738 510 1806 αγωγίαν,
543 1738 608 1793 ἵν’
654 1740 843 1811 ὥσπερ
871 1739 993 1795 τινὰ
1025 1740 1311 1813 μελέτησιν
1336 1743 1444 1797 τῶν
1477 1744 1826 1816 τελειοτέρων

1922 551 2160 622 positam
2182 550 2473 614 habemus,
2504 545 2664 610 ﬁdes,
2691 545 2939 616 inquam,
2975 544 3029 598 in
3049 544 3293 610 Christo,
3319 551 3375 598 et
3406 542 3500 597 illa

1920 641 1978 696 in
2002 641 2197 698 eodem
2216 638 2558 712 justiﬁeatio,
2577 644 2640 690 ut
2669 633 2944 705 sapienter
2976 641 3060 688 est
3089 648 3122 687 a
3149 633 3308 688 beato
3330 632 3500 688 Paulo
3613 683 3624 694 ,

1920 734 2129 790 dictum
2157 751 2170 788 :
2208 753 2226 785 ι
2261 734 2436 803 Prope
2458 738 2512 786 te
2543 737 2630 785 est
2677 727 2912 782 verbum
2937 725 3043 780 hoc
3077 725 3135 778 in
3181 741 3276 780 ore
3321 736 3414 780 tuo
3444 734 3502 778 et

1919 825 1977 880 in
1997 826 2164 882 corde
2188 833 2304 890 tuo,
2338 824 2446 879 hoc
2465 829 2570 888 est,
2595 820 2826 875 verbum
2859 810 3010 882 ﬁdei,
3056 816 3203 886 quod
3234 816 3500 886 praedica-

1921 933 2044 974 mus
2087 934 2100 971 :
2134 917 2416 988 quoniam.
2444 915 2490 970 si
2523 911 2840 968 conﬁtearis
2880 911 2936 964 in
2961 924 3056 964 ore
3080 916 3175 962 tuo
3211 906 3360 976 quod
3399 907 3504 962 Do-

1920 1009 2107 1063 minus
2144 1007 2327 1070 Jcsus,
2367 1012 2425 1060 et
2450 1002 2754 1058 credideris
2784 1001 2840 1055 in
2879 999 3045 1055 corde
3073 1006 3168 1054 tuo
3192 997 3339 1068 quod
3359 997 3506 1052 Deus

1919 1101 2100 1171 ipsum
2136 1096 2424 1153 suscitavit
2446 1111 2478 1149 a
2507 1093 2762 1158 mortuis,
2791 1092 2974 1147 salvus
2995 1091 3143 1146 eris:
3169 1090 3336 1144 corde
3355 1089 3503 1142 enim

1923 1191 2170 1247 creditur
2208 1189 2275 1244 ad
2312 1187 2606 1260 justitiam,
2651 1201 2748 1240 ore
2793 1192 2980 1240 autem
3019 1181 3294 1238 confessio
3339 1181 3401 1236 ﬁt
3436 1181 3504 1235 ad

1921 1285 2155 1339 salutem
2191 1283 2276 1336 ⁸⁸⁸.
2307 1301 2326 1334 ι
2374 1282 2480 1336 Ρει·
2524 1281 2666 1334 hanc
2710 1278 2881 1349 igitur
2901 1275 3336 1370 .adeogvicinam
3372 1275 3505 1328 bre-

1922 1391 2158 1447 vemque
2190 1376 2336 1429 viam
2360 1373 2645 1429 ambulare
2677 1368 2939 1442 antiquos
2967 1369 3091 1424 illos
3113 1368 3370 1450 homines
3391 1382 3506 1422 non

1923 1469 2175 1542 permisit
2208 1469 2374 1532 Deus,
2409 1469 2505 1522 sed
2552 1468 2708 1522 velut
2749 1464 3044 1520 circuitum
3088 1462 3380 1532 quemdam
3413 1477 3508 1515 ex-

1923 1563 2204 1634 cogitavit,
2233 1561 2569 1617 rectumiter
2593 1559 2818 1614 minime
2851 1557 3165 1619 habentem,
3203 1555 3397 1625 legem,
3418 1554 3506 1608 in-

1924 1669 2110 1724 quam,
2166 1667 2288 1722 quae
2333 1667 2432 1723 per
2477 1650 2746 1706 orationis
2791 1647 3072 1702 anfractus
3117 1654 3174 1701 et
3217 1645 3507 1716 arnigmata

1925 1748 2231 1820 longiorem
2278 1749 2511 1802 haberet
2555 1745 3085 1813 laboriosiorcmque
3130 1739 3504 1811 disciplinam,

249 1828 314 1882 τὰ
347 1831 407 1882 ὲν
459 1834 638 1896 σκιαῖς
673 1831 922 1904 ἔχοντες,
964 1835 1058 1888 καὶ
1094 1834 1602 1907 προκατηχούμενοι
1632 1837 1693 1890 τὸ
1723 1855 1824 1908 μυ-

1935 1851 1985 1896 ut
2012 1841 2101 1907 iis,
2134 1856 2257 1911 qua}
2302 1840 2664 1895 tradebantur
2705 1838 2760 1892 in
2802 1836 3036 1900 umbris,
3083 1833 3238 1889 velut
3278 1831 3509 1887 medita-

252 1920 493 1993 στήριον,
533 1922 610 1994 μὴ
645 1927 760 1988 τοῖς
790 1923 1043 1995 τυχοῦσιν
1074 1925 1258 1989 ἁπλῶς
1290 1930 1680 1981 καταπτοοῖντο
1713 1928 1824 1982 δεί-

253 2031 440 2084 μασιν,
487 2017 569 2079 είς
605 2017 924 2090 ἀποδρομὴν
961 2019 1056 2072 καὶ
1100 2019 1400 2074 ἀπόστασιν
1426 2011 1526 2091 τήν
1561 2021 1667 2074 ἀπὸ
1693 2022 1826 2092 Χρι-

251 2107 399 2174 στοῦ,
441 2109 992 2180 προγεγυμνασμένοι
1041 2109 1096 2164 δὲ
1134 2109 1324 2182 ῶσπερ
1365 2111 1462 2166 καὶ
1513 2113 1826 2184 ἀναμανθά-

249 2217 427 2264 νοντες
465 2201 528 2253 τὸ
559 2193 774 2272 ἀληθῶς
802 2201 1063 2270 ὠφελοῦν,
1091 2203 1426 2276 ὲτοιμὸτεροι
1469 2205 1568 2276 μὲν
1598 2205 1664 2261 ἂν
1716 2204 1827 2260 εῐεν

252 2291 383 2363 πρὸς
427 2290 528 2362 τὴν
573 2292 674 2364 τῆς
721 2292 976 2364 ἀληθείας
1016 2294 1202 2364 Εφεσίν
1239 2313 1301 2350 τε
1353 2298 1446 2351 καὶ
1497 2299 1824 2370 προθυμίαν,
1892 2301 1902 2310 ⁸

254 2382 653 2456 ἄρηρεισμένην
675 2383 733 2437 δὲ
754 2385 848 2438 καὶ
890 2385 1399 2458 ἀ[να“1κατάσειστον
1420 2389 1593 2460 ἔχοιεν
1615 2391 1715 2461 τὴν
1747 2393 1828 2455 είς

252 2471 379 2527 Θεὸν
400 2473 702 2544 ἀγάπησιν.
741 2474 838 2529 Διά
873 2477 1088 2548 μακρᾶς
1124 2475 1218 2532 οὖν
1242 2477 1430 2549 ὥσπερ
1481 2480 1577 2535 καὶ
1607 2481 1706 2534 οὐκ
1737 2482 1830 2535 εύ-

252 2562 401 2628 θείας
419 2563 562 2628 ὁδοῦ,
578 2565 676 2636 τῆς
693 2566 834 2620 κατὰ
854 2567 912 2621 τὸ
933 2568 1167 2640 γράμμα
1186 2569 1458 2642 λατρείας,
1483 2570 1828 2640 παιδαγωγὸς

251 2652 315 2724 ἦν
361 2658 391 2709 ὁ
447 2655 628 2727 νόμος.
669 2658 904 2731 Χριστὸς
947 2660 1004 2713 δὲ
1040 2661 1137 2731 οὐχ
1182 2661 1341 2716 οὕτω,
1390 2662 1680 2734 Παρέδειξε
1719 2663 1828 2735 γὰρ

253 2747 384 2817 ἡμῖν
444 2745 542 2818 τὴν
591 2748 671 2812 είς
706 2749 834 2804 εὐθὺ
866 2751 959 2804 καὶ
1004 2752 1196 2823 ἀγχοῦ,
1242 2753 1388 2807 τοῦτ’
1428 2754 1565 2821 ἐστι,
1601 2757 1699 2828 τὴν
1739 2757 1830 2812 διά

231 2837 508 2903 .πίστεως,
552 2842 970 2912 μεταχαλκεύων
1022 2847 1101 2908 είς
1144 2845 1455 2917 εὐτολμίαν,
1505 2849 1598 2903 καὶ
1644 2850 1726 2913 είς
1768 2851 1830 2904 τὸ

252 2931 450 3003 χρῆναι
503 2931 688 2986 λοιπὸν
735 2935 1182 3008 κατανδρίζεσθαι
1233 2937 1342 2991 τῶν
1381 2938 1825 3011 ἀνθεστηκότων·

252 3022 552 3092 τληπαθεῖν
572 3024 628 3078 δὲ
656 3025 736 3078 ὅτι
762 3024 994 3095 μάλιστα
1023 3025 1196 3096 φιλεῖν
1219 3027 1361 3100 ὑπέρ
1387 3046 1448 3082 τε
1476 3029 1570 3083 τοῦ
1596 3030 1826 3100 ἀγαθοῦ,

255 3115 349 3170 καὶ
363 3117 487 3180 ταῖς
498 3115 590 3170 τοῦ
613 3116 858 3170 διαὸόλου
883 3116 1234 3191 μεθοδ[ε]ίαις
1252 3121 1635 3192 ἀντιφέρεσθαι
1656 3140 1829 3192 γεννι-

253 3205 386 3270 κῶς,
447 3206 625 3260 ἐκεῖνό
677 3224 779 3261 που
828 3208 968 3279 τάχα
1017 3209 1078 3263 τὸ
1125 3211 1182 3263 ὲν
1232 3213 1488 3286 προφήτῃ
1541 3213 1822 3284 λέγοντας·

1927 1936 2074 1990 tione
2109 1933 2346 2003 quadam
2379 1947 2568 1987 rerum
2590 1928 2982 2001 perfectiorum
3004 1934 3246 1991 utentes,
3272 1939 3336 1979 ac
3353 1922 3509 1994 prius

1924 2023 2177 2096 mysterii
2211 2020 2542 2076 rudimentis
2574 2018 2796 2082 imbuti,
2833 2032 2944 2070 non
2976 2023 3181 2070 temere
3220 2013 3511 2083 quibusvis

1927 2115 2235 2172 terroribus
2257 2113 2643 2176 turbarentur,
2667 2119 2724 2165 et
2747 2125 2777 2164 a
2798 2109 3022 2165 Christo
3045 2107 3323 2162 resilircnt
3344 2114 3512 2176 atque

1925 2212 2315 2274 desciscerent,
2339 2207 2432 2263 sed
2452 2208 2601 2262 velut
2622 2205 3016 2261 exercitatione
3043 2201 3278 2274 quadam
3303 2201 3511 2256 instru-

1926 2305 2022 2369 cti,
2061 2319 2187 2358 cum
2221 2301 2549 2358 didicissent
2572 2314 2736 2369 quam
2775 2297 2930 2352 utilis
2974 2303 3121 2351 esset
3149 2295 3375 2360 veritas,
3409 2309 3512 2364 pa-

1928 2389 2161 2446 ratiores
2193 2389 2263 2444 ad
2301 2387 2686 2459 ex’p’etendam,
2716 2386 3079 2456 alacriterque
3122 2383 3510 2454 capessendam

1926 2483 2216 2536 veritatem
2264 2481 2632 2535 redderentur
2657 2519 2671 2544 ,
2713 2478 3116 2546 dilectioneque
3171 2489 3299 2546 erga
3337 2474 3510 2530 Deum

1926 2581 2111 2629 essent
2133 2572 2289 2627 ﬁrma
2320 2580 2376 2626 et
2398 2571 2645 2626 immota.
2683 2569 2796 2624 Lex
2821 2568 2989 2639 igitur
3013 2567 3344 2638 paedagogus
3369 2574 3508 2627 erat,

1926 2668 2034 2739 83
2069 2667 2164 2737 qui
2214 2665 2387 2721 veluti
2425 2680 2526 2736 per
2570 2662 2880 2734 longiorem
2919 2675 2984 2715 ac
3031 2658 3336 2715 ﬂexuosam
3362 2657 3512 2711 viam

1929 2762 2175 2822 duceret.
2204 2777 2303 2831 per
2343 2760 2519 2824 illum,
2555 2759 2806 2828 inquam,
2829 2756 3059 2819 cultum,
3086 2753 3180 2823 qui
3207 2751 3512 2808 secundum

1928 2853 2166 2909 litteram
2191 2851 2577 2907 exhibebatur.
2603 2849 2674 2905 At
2721 2864 2832 2904 non
2881 2848 3012 2902 item
3061 2844 3338 2901 Christus.
3376 2843 3514 2898 Nam

1930 2951 2047 2998 tum
2074 2944 2294 2999 brevem
2325 2937 3160 3003 nobis'commonstravitviam,
3203 2936 3374 3000 illam,
3425 2935 3514 2989 in-

1931 3051 2117 3105 quam,
2145 3051 2246 3106 per
2276 3035 2437 3090 ﬁdem
2465 3052 2480 3102 ;
2521 3033 2770 3102 adeoque
2803 3030 3070 3085 audentes
3095 3043 3197 3083 nos
3253 3027 3512 3090 reddidit,

1931 3135 1994 3180 ut
2046 3143 2157 3182 non
2216 3127 2534 3181 dubitemus
2583 3127 2696 3195 jam
2751 3122 3016 3178 adversus
3069 3135 3134 3175 ea
3185 3135 3307 3189 qua:
3355 3119 3518 3173 nobis

1933 3218 2310 3282 obluctantur,
2379 3217 2606 3273 fortiter
2653 3215 2951 3278 dimicare,
3001 3213 3411 3283 optandumque
3461 3213 3518 3267 in

258 3314 280 3349 ι
324 3298 456 3352 Ἰδοὺ
491 3298 695 3370 Κύριος
722 3299 903 3370 βοηθεῖ
943 3318 1052 3372 μοι,
1083 3302 1165 3365 τίς
1189 3302 1426 3357 κακώσει
1463 3322 1565 3376 με;
1609 3324 1628 3357 ι
1667 3307 1740 3361 Τὸ
1772 3308 1829 3361 δὲ

1935 3309 2135 3378 primis
2185 3309 2564 3365 existimemus
2622 3323 2726 3376 pro
2771 3307 2889 3375 ipso
2918 3305 3065 3359 bono
3108 3304 3390 3375 quidpiam
3429 3313 3518 3359 to-

253 3386 318 3459 δὴ
347 3388 448 3460 τὴν
498 3389 669 3454 οὓτως
711 3393 842 3462 ἡμῖν
891 3392 1219 3461 ἀξιάγαστον
1248 3393 1537 3466 εὐτολμίαν
1571 3397 1830 3468 ἐμποιοῦν

1935 3399 2133 3465 lerare,
2161 3413 2224 3453 ac
2255 3398 2462 3454 diaboli
2490 3398 2774 3452 insidiosis
2797 3397 3120 3452 occursibus
3159 3396 3378 3452 fortiter
3422 3397 3522 3451 ob-

255 3482 340 3553 εῖη
373 3481 438 3553 δή
481 3499 583 3536 που
624 3483 840 3537 πάντων
892 3483 956 3538 ἂν
1002 3485 1188 3556 ἕτερον
1233 3485 1406 3552 οὐδὲν,
1441 3487 1592 3558 παρά
1639 3489 1736 3560 τὴν
1774 3489 1830 3555 ἐξ

1935 3491 2151 3555 sistere,
2179 3489 2316 3544 illud
2342 3506 2375 3544 e
2418 3489 2688 3560 propheta
2735 3489 2790 3542 in
2815 3503 2910 3544 ore
2960 3489 3228 3544 habentes
3277 3507 3289 3542 :
3332 3509 3348 3540 ‹
3379 3488 3519 3544 Ecce

257 3570 426 3642 ὕψους
454 3572 704 3645 δύναμιν,
733 3574 875 3629 τοῦτ’
905 3575 1049 3642 ἐστι,
1085 3576 1184 3648 τὴν
1203 3578 1298 3630 τοῦ
1332 3577 1488 3646 ἁγίου
1518 3579 1830 3650 Πνεύματος

1935 3582 2082 3637 Deus
2105 3583 2328 3653 adjuvat
2360 3597 2486 3649 me;
2535 3581 2660 3652 quis
2692 3580 2894 3651 aﬁliget
2933 3596 3022 3635 me
3054 3580 3097 3610 "
3119 3581 3142 3633 ’ἰ
3167 3600 3185 3633 ›
3225 3579 3383 3647 Quod
3419 3596 3518 3634 au-

261 3663 480 3734 μέθεξιν
504 3682 565 3718 τε
597 3665 693 3719 καὶ
723 3667 1028 3721 κοινωνίαν.

1939 3682 2048 3729 tem
2074 3676 2129 3730 in
2152 3675 2314 3732 nobis
2343 3675 2483 3731 adeo
2506 3674 2680 3729 miros
2701 3673 2871 3728 animi
2894 3689 3062 3729 ausus
3080 3672 3266 3740 efficit,
3289 3673 3343 3728 id
3372 3681 3520 3728 certe

257 3774 370 3812 non
429 3758 580 3814 aliud
642 3759 872 3816 omnino
923 3767 1028 3826 est,
1081 3775 1246 3831 quam
1307 3761 1400 3817 illa
1446 3777 1512 3819 ex
1562 3764 1674 3820 alto
1712 3763 1908 3831 virtus,
1950 3767 2006 3822 id
2047 3776 2152 3829 est.
2202 3769 2376 3824 sancti
2425 3767 2666 3839 Spiritus
2731 3767 3084 3838 participatio
3136 3776 3300 3838 atque
3367 3782 3520 3822 com-

259 3856 468 3910 munio.

331 3947 542 4001 ΠΑΛΛ.
609 3947 897 4020 Συνίημιὸ
951 3950 1090 4021 φῂς,
1141 3950 1233 4004 καί
1293 3967 1352 4004 σε
1398 3951 1500 4023 τῆς
1557 3953 1840 4024 ἀγχινοίας

261 4038 366 4105 ἄγα
374 4057 493 4108 ttat.

328 4129 495 4184 ΚΥΡ.
538 4131 648 4184 Καὶ
671 4131 762 4184 τόν
791 4147 854 4201 γε
885 4131 983 4202 τῆς
1017 4132 1118 4204 διὰ.
1143 4133 1380 4206 Χριστοῦ
1413 4137 1686 4208 σωτηρίας
1717 4155 1837 4192 και-

263 4214 356 4290 ρὸν
435 4223 876 4294 κατασημήνειεν
933 4225 1000 4279 ἂν
1046 4225 1206 4290 εὐθὺς
1253 4228 1314 4280 τὸ
1371 4229 1833 4299 παρεζευγμένον.

1945 3954 1973 3987 τ’
2016 3951 2212 4007 PALL.
2244 3950 2495 4024 Intelligo
2524 3949 2672 4022 quod
2707 3950 2866 4015 dicis,
2894 3966 2957 4006 ac
2983 3959 3130 4007 tuam
3158 3949 3318 4007 istam
3347 3951 3522 4006 soler—

1943 4045 2072 4099 tiam
2100 4045 2366 4101 admiror.

2009 4138 2168 4195 CYII.
2215 4139 2395 4210 Atque
2440 4139 2620 4209 ipsum
2643 4151 2862 4209 quoque
2895 4139 3086 4193 salutis
3122 4153 3220 4207 per
3241 4137 3520 4192 Christum

1943 4229 2252 4284 tribuenda:
2273 4239 2510 4300 tempus,
2543 4239 2606 4284 ut
2664 4238 2820 4298 puto,
2868 4229 3233 4298 signiﬁcatur,
3283 4242 3350 4282 eo
3404 4228 3523 4297 ipso

265 4331 286 4365 ι
318 4313 553 4384 Πέμπτῃ
579 4315 707 4386 γὰρ,
743 4316 896 4386 φησὶ,
925 4318 1089 4388 γενεᾷ
1106 4317 1376 4389 ἀνέδησαν
1403 4320 1452 4372 οί
1483 4321 1588 4375 υίοὶ
1622 4320 1830 4392 Ἰσραὴλ

1945 4323 2096 4393 quod
2132 4322 2395 4391 deinceps
2439 4321 2758 4391 adjunctum
2791 4327 2875 4373 est
2913 4335 2923 4370 :
2967 4337 2984 4369 ‹
3015 4317 3218 4384 Quinta
3263 4333 3520 4388 namque,

261 4403 327 4457 ὲκ
352 4405 455 4473 γῆς
479 4405 781 4473 Αἰγύπτου.
811 4425 832 4458 ι
869 4408 1350 4481 Ἐκλελυτρώμεθα
1369 4411 1475 4483 γάρ
1498 4414 1562 4466 ὲκ
1575 4412 1837 4480 δουλείας,

263 4497 358 4549 καὶ
395 4497 502 4568 μὴν
545 4497 638 4550 καὶ
700 4497 878 4553 πόνων
917 4499 1024 4553 τῶν
1051 4502 1109 4554 ὲν
1141 4503 1370 4566 είκαίοις
1413 4507 1836 4575 περισπασμοῖς,

262 4589 356 4641 καὶ
381 4588 760 4660 ταλαιπωρίας
793 4590 896 4660 τῆς
938 4591 1066 4662 περὶ
1094 4593 1199 4664 γῆν
1239 4610 1300 4646 τε
1339 4595 1432 4648 καὶ
1457 4595 1586 4665 χοῦν
1630 4595 1842 4668 (συνίης

262 4679 321 4733 δὶ
349 4681 379 4734 ὅ
405 4681 603 4752 φημι),
636 4681 778 4735 κατά
801 4681 900 4754 τὴν
932 4683 1292 4757 εύαγγελικὴν
1320 4687 1654 4758 παραϐολὴν,
1674 4689 1749 4752 ὡς
1785 4691 1842 4743 ἐν

265 4771 490 4843 πέμπτῃ
547 4774 728 4843 γενεᾷ,
781 4773 859 4844 τῷ
907 4774 1143 4846 πέμπτῳ
1190 4777 1388 4848 καιρῷ.
1431 4795 1449 4828 ι
1501 4778 1692 4848 Ὁμοία
1734 4780 1842 4850 γάρ

267 4865 412 4918 ἐστιν
437 4866 472 4935 ἠ
501 4863 747 4934 βασιλεία
769 4866 877 4919 τῶν
898 4867 1141 4939 οὐρανῶν
1169 4868 1439 4941 ἀνθρώπῳ
1471 4871 1841 4944 οἰκοδεσπότῃ,

265 4957 410 5020 ὅστις
457 4956 682 5025 ἐξῆλθεν
734 4958 852 5029 ἅμα
897 4959 1042 5030 πρωῒ
1078 4961 1451 5028 μισθώσασθαι
1488 4963 1724 5034 ἐργάτας
1765 4967 1842 5030 εἰς

265 5048 354 5099 τὸν
386 5045 686 5116 ἀμπελῶνα
729 5049 916 5103 αὐτοῦ.
954 5067 974 5101 ι
1007 5050 1169 5104 Τουτὶ
1193 5051 1250 5104 δὲ
1280 5051 1374 5104 καὶ
1403 5052 1531 5122 περὶ
1551 5051 1649 5124 τὴν
1679 5052 1844 5124 ἕκτην

265 5156 322 5191 τε
355 5142 450 5192 καὶ
481 5140 582 5209 τὴν
621 5141 818 5212 ἐνάτην
861 5141 965 5213 ἔφη
999 5142 1164 5214 δρᾷνο
1224 5161 1244 5194 ι
1282 5144 1418 5214 Περὶ
1456 5144 1512 5197 δὲ
1557 5147 1657 5215 τὴν
1703 5146 1845 5200 ἑνδε-

266 5230 459 5304 κάτην,
493 5227 652 5304 εὗρεν
682 5233 876 5298 ἄλλους
903 5236 1128 5306 ἀργοὺς,
1163 5233 1266 5306 ἔφη
1308 5250 1369 5288 τε
1399 5234 1534 5304 πρὸς
1566 5236 1806 5302 ἐκείνους
1827 5254 1840 5268 ⁸

264 5323 330 5375 Τί
375 5325 644 5394 ἑστήκατε
674 5318 776 5380 ὦδε
818 5326 946 5397 ὅλην
982 5326 1079 5397 τὴν
1112 5327 1322 5398 ἡμέραν
1351 5327 1538 5399 ἀργοί;
1582 5328 1841 5398 ὑπάγετε,

264 5413 362 5468 καὶ
388 5415 545 5484 ὑμεῖς
569 5416 868 5487 ἐργάζεσθε
894 5418 974 5482 είς
1003 5418 1093 5471 τὸν
1120 5417 1420 5488 ἀμπελῶνα
1439 5429 1572 5490 μου.
1610 5437 1640 5488 ιγ
1657 5421 1844 5492 Ἀθρει

260 5508 326 5578 δὴ
359 5502 476 5574 οὖν,
522 5507 600 5572 ὡς
645 5511 702 5562 ὲν
741 5509 969 5582 πέμπτῃ
1019 5511 1183 5581 γενεᾷ
1222 5511 1606 5583 πεμπομένους
1647 5515 1724 5576 είς
1754 5513 1845 5566 τὸν

267 5599 575 5671 ἀμπελῶνα
619 5601 745 5665 τοὺς
791 5602 1151 5667 τελευταίους,
1202 5604 1298 5657 καὶ
1355 5605 1413 5658 ὲν
1477 5608 1688 5677 καιροῖς
1731 5609 1846 5668 τοῖς

341 5779 411 5814 ⁵⁸⁸
445 5782 606 5839 Rom.
641 5799 697 5849 x,
744 5784 896 5839 8-10.
973 5784 1017 5816 "’
1058 5785 1162 5841 Isa.
1205 5799 1254 5848 L,
1290 5787 1341 5840 7.
1421 5787 1483 5820 ⁸⁷·
1520 5787 1691 5844 Exod.
1725 5801 1840 5856 xm,
1875 5786 1927 5842 '5.
2007 5788 2051 5822 ⁸⁸
2083 5788 2271 5849 Matth.
2304 5809 2392 5863 xx,
2427 5793 2447 5847 l
2491 5809 2643 5866 seqq.

589 5876 862 5937 Parnon.
910 5878 1025 5940 Gn.
1070 5878 1310 5938 LXVIII

1948 4403 2043 4479 ait,
2085 4412 2440 4484 generatione
2503 4409 2873 4464 ascenderunt
2919 4408 3014 4462 ﬁlii
3047 4408 3211 4462 Israel
3259 4409 3326 4463 de
3377 4419 3524 4464 terra

1945 4503 2164 4575 Egypti
2189 4505 2272 4556 ‘7'.
2308 4522 2326 4554 ι
2367 4503 2612 4572 Namque
2640 4517 2670 4556 a
2711 4500 2976 4556 servitute
3024 4509 3186 4571 atque
3219 4500 3522 4566 laboribus,

1950 4594 2154 4664 quibus
2176 4593 2380 4648 frustra
2422 4592 2579 4647 vanis
2597 4592 2654 4645 in
2687 4591 2857 4646 rebus
2881 4590 3304 4656 distinebamur,
3327 4606 3527 4646 aerum-

1948 4687 2036 4742 nis
2059 4685 2224 4741 etiam
2259 4701 2398 4755 quas
2434 4685 2490 4739 in
2530 4694 2690 4740 terra:
2716 4700 2779 4740 ac
2810 4684 3058 4756 pulveris
3091 4683 3351 4752 operibus
3386 4683 3526 4738 tole-

1950 4778 2207 4832 rabamus
2230 4776 2396 4848 (nosti
2422 4776 2568 4831 enim
2599 4777 2745 4847 quod
2767 4775 2936 4847 dico),
2966 4774 3156 4846 quinta
3179 4773 3527 4828 successione

1952 4879 2284 4940 temporum,
2314 4879 2377 4924 nt
2409 4878 2495 4924 est
2524 4870 2578 4924 in
2607 4869 2920 4940 evangelica
2949 4867 3039 4921 illa
3067 4865 3346 4936 parabola,
3369 4865 3527 4934 quasi

1950 4966 2143 5036 quinta
2166 4965 2402 5035 quadam
2434 4963 2790 5035 generatione
2816 4949 3084 5028 redempti
3137 4973 3347 5013 sumus.
3392 4977 3408 5008 ‹
3439 4956 3528 5012 Si-

1951 5059 2079 5113 mi‘le
2105 5067 2189 5112 est
2212 5058 2358 5112 enim
2381 5069 2610 5126 regnum
2659 5055 2925 5110 caelorum
2969 5049 3179 5105 homini
3224 5049 3529 5121 patrifami-

1952 5149 2074 5216 lias,
2110 5149 2206 5220 qui
2234 5149 2370 5204 exiit
2397 5147 2578 5218 primo
2600 5160 2759 5200 mane
2814 5143 3129 5198 conducere
3158 5144 3439 5213 operarios
3471 5142 3526 5196 in

1950 5243 2168 5298 vineam
2188 5255 2343 5297 suam
2371 5240 2436 5294 “.
2466 5259 2484 5291 ι
2512 5238 2668 5304 Quod
2703 5236 2847 5291 idem
2875 5237 3019 5291 circa
3044 5236 3261 5290 tertiam
3286 5249 3524 5305 quoque,

1952 5339 2161 5387 sextam
2189 5346 2253 5386 ac
2278 5345 2478 5385 nonam
2524 5330 2717 5383 horam
2750 5327 2946 5383 fecisse
2971 5330 3068 5384 ait.
3119 5349 3135 5381 ‹
3158 5328 3316 5384 Circa
3352 5326 3527 5381 unde-

1953 5423 2150 5478 cimam
2183 5435 2312 5476 vero
2347 5420 2559 5476 invenit
2582 5419 2719 5475 alios
2740 5419 2967 5486 otiosos,
3021 5421 3204 5490 aitque
3237 5418 3303 5473 ad
3356 5417 3480 5472 illos
3509 5433 3523 5470 :

1952 5513 2092 5580 Quid
2132 5513 2288 5567 statis
2322 5519 2434 5566 tota
2482 5512 2571 5567 die
2604 5511 2685 5567 sic
2715 5511 2927 5568 otiosi?
2955 5512 3030 5567 ite
3069 5519 3124 5566 et
3152 5525 3250 5564 vos
3301 5509 3368 5565 ad
3393 5525 3526 5581 ope-

1954 5606 2185 5661 randum
2220 5605 2277 5659 in
2314 5605 2531 5661 vineam
2579 5620 2759 5660 meam
2777 5605 2844 5659 θ’.
2875 5623 2892 5655 ι
2928 5591 3378 5675 Ιιιῑεὶιὶεελίεὶιιιι·
3427 5601 3527 5654 hos

2743 5796 2784 5828 “9
2817 5793 2984 5860 Ibid,
3017 5795 3078 5936 6(ὁ
