3968 6300
423 321 526 376 τοι

1452 313 1510 368 S.
1551 305 1824 368 CYRILLI
1863 310 2332 367 ALEXANDRINI
2370 309 2682 365 ARCHIEP.

3569 312 3673 368 268

417 447 695 492 extremos
727 432 780 486 in
815 431 1032 486 vineam
1073 429 1217 484 mitti
1247 428 1438 498 quinta
1466 427 1872 499 quodammodo
1899 444 1994 499 ge-

2105 429 2380 500 ἐσχάτοις,
2425 429 2512 482 ὅτε
2551 427 2770 496 γέγονεν
2802 424 3085 496 ἄνθρωπος
3132 425 3160 478 6
3214 427 3543 501 Μονογενὴς.
3580 432 3675 485 καὶ

423 526 728 589 neratione,
763 521 817 577 id
839 530 945 586 est,
994 519 1308 574 novissimis
1349 520 1710 589 temporibus,
1753 535 1878 574 cum
1911 519 2000 576 ille

289 671 311 691 ,
419 616 751 689 Unigenitus
789 615 968 669 factus
993 612 1162 666 homo
1188 620 1293 677 est,
1330 627 1394 666 ac
1448 627 1640 667 necem
1688 627 1790 683 pro
1829 612 2004 667 salute

421 709 668 764 omnium
695 705 942 777 pertulit.
993 703 1186 772 Itaque
1225 701 1392 773 Moysi
1442 717 1662 772 quoque
1703 702 1822 773 lege
1859 718 2002 772 pm-

421 802 689 870 scriptum
735 807 857 853 erat
888 805 948 851 ut
993 810 1168 865 agnus
1207 794 1552 864 acciperetur
1579 794 1801 864 quidem
1850 793 2000 848 deei-

410 909 512 949 .mo
544 891 704 962 primi
725 888 930 943 mensis
945 885 1052 950 die,
1069 885 1412 940 occideretur
1430 892 1612 940 autem
1630 884 1698 938 ad
1715 899 2000 954 vesperam

421 985 669 1056 ejusdem
725 978 931 1034 mensis
961 974 1397 1046 quartodecimo,
1433 983 1495 1029 ut
1529 975 1694 1030 simul
1739 986 1797 1031 et
1842 978 2004 1046 quin-

424 1087 538 1133 tum
562 1073 722 1129 nobis
749 1079 964 1139 tempus
992 1066 1083 1122 die
1107 1067 1322 1136 quinto,
1361 1074 1419 1120 et
1445 1067 1503 1121 in
1535 1065 1644 1121 ﬁne
1668 1067 1854 1122 saeculi
1886 1066 2004 1122 Sal-

422 1168 634 1225 vatoris
679 1162 853 1219 nostri
901 1161 1079 1216 caedes
1126 1159 1314 1214 futura
1343 1172 1442 1228 per
1461 1173 1744 1230 vesperam
1789 1159 2003 1230 signiﬁ-

421 1269 663 1315 caretur.

493 1349 691 1405 PALL.
722 1346 896 1402 Omne
918 1327 1106 1415 igitur,
1133 1349 1194 1396 ut
1249 1349 1680 1396 consentaneum
1705 1348 1810 1405 est,
1854 1339 1998 1395 divi-

420 1445 570 1498 nitus
593 1441 872 1511 inspiratae
925 1436 1226 1507 Scriptura:
1281 1435 1625 1504 propositum
1671 1433 1740 1488 ad
1790 1431 1999 1489 Christi

422 1529 746 1600 mysterium
784 1532 994 1595 spectat
1027 1524 1126 1577 6"?

485 1619 642 1674 ΟΥΕ.
677 1616 754 1669 Ita
780 1629 1044 1686 prorsus:
1075 1613 1200 1669 ﬁnis
1220 1629 1456 1685 namque
1490 1614 1627 1685 legis
1664 1629 1727 1668 ac
1754 1613 1999 1684 prephe-

418 1720 602 1764 tarum
633 1707 888 1763 Christus
912 1725 925 1759 :
957 1727 975 1758 ‹
1002 1706 1190 1777 Neque
1221 1707 1370 1761 enim
1393 1714 1477 1762 est
1500 1722 1699 1762 nomen
1725 1707 1828 1763 sub
1856 1705 1998 1762 ccelo

2097 523 2197 594 τὴν
2230 523 2370 594 ὑπὲρ
2405 521 2505 592 τῆς
2536 521 2790 576 ἁπάντων
2835 517 2977 590 ζωῆς
3006 520 3391 593 ὑπομεμένηκε
3435 524 3669 594 σφαγήν.

2098 613 2391 683 Τοιγάρτοι
2432 613 2528 667 καὶ
2565 614 2594 664 6
2631 611 2873 676 Μωσέως
2901 610 3156 665 διετύπου
3183 612 3367 684 νόμος,
3397 612 3670 686 λαμϐάνε-

2101 705 2225 759 σθαι
2257 707 2356 776 μὲν
2389 707 2479 760 τὸν
2503 705 2675 776 ἀμνὸν
2704 705 2814 759 ἀπὸ
2843 705 3077 775 δεκάτης
3104 704 3200 758 τοῦ
3227 705 3446 778 πρώτου
3481 708 3668 780 μηνὸς,

2101 797 2402 868 σφάζεσθαι
2433 799 2490 852 δέ
2519 799 2651 872 πρὸς
2679 799 2915 870 ἑσπέραν
2946 799 3046 870 τῆς
3073 802 3673 874 τεσσαρεσκαιδεκάτης

2097 890 2192 945 τοῦ
2235 889 2398 944 αὐτοῦ
2441 891 2629 961 μηνὸς,
2667 890 2734 943 ἵν’
2775 892 2833 946 ἐν
2865 891 3048 962 ταύτῷ
3073 892 3168 945 καὶ
3193 893 3222 945 6
3253 893 3502 964 πέμπτος
3542 895 3672 966 ἡμῖν

2099 985 2309 1056 καιρὸς,
2337 986 2414 1049 ὡς
2458 987 2515 1039 ἐν
2554 984 2736 1057 ἡμέρᾳ
2765 987 2831 1055 τῇ
2861 985 3108 1059 πέμπτῃ,
3139 986 3233 1039 καὶ
3271 989 3382 1052 τοῖς
3407 989 3500 1040 ἐπὶ
3529 987 3671 1042 τέλει

2097 1075 2192 1129 τοῦ
2226 1077 2438 1143 αἰῶνος,
2474 1077 2572 1148 τὴν
2615 1076 2709 1130 τοῦ
2755 1077 3005 1148 Σωτῆρος
3051 1075 3302 1146 γενέσθαι
3343 1078 3558 1151 σφαγὴν
3585 1079 3671 1133 διὰ

2098 1169 2213 1236 τοῦ,
2233 1170 2368 1241 πρὸς
2396 1171 2653 1243 ἑσπέραν,
2682 1170 3035 1241 σημαίνηται.
3629 1180 3638 1187 '

2171 1352 2380 1405 IIAAA.
2408 1351 2586 1413 Ἅπας
2610 1344 2722 1414 οὖν,
2749 1348 2822 1411 ὡς
2839 1346 3005 1412 ἔοικε,
3026 1349 3126 1419 τῆς
3147 1347 3504 1402 θεοπνεύστου
3531 1349 3670 1421 Γρα-

2099 1443 2205 1514 φῆς
2225 1444 2255 1495 6
2277 1441 2476 1506 σκοπὸς
2508 1443 2587 1503 είς
2611 1441 2670 1494 τὸ
2705 1439 2942 1512 Χριστοῦ
2971 1439 3158 1510 βλέπει
3185 1442 3482 1512 μυστήριον
3513 1460 3526 1508 ;

2169 1622 2331 1676 ΚΥΡ.
2372 1618 2692 1675 Παντάπασι
2744 1619 2843 1690 μέν
2886 1617 3008 1674 οὖν’
3042 1618 3194 1683 τέλος
3229 1620 3336 1692 γὰρ
3364 1621 3528 1692 νόμου
3575 1623 3670 1676 καὶ

2099 1713 2395 1788 προφητῶν
2425 1716 2453 1767 6
2483 1714 2746 1785 Χριστόςξο
2787 1731 2805 1765 ι
2849 1711 3003 1765 Ἐπεὶ
3034 1711 3167 1781 μηδέ
3196 1713 3342 1766 ἐστιν
3375 1713 3544 1784 ὄνομα
3567 1715 3670 1768 ὑπὸ

421 1804 611 1860 datum
668 1800 1010 1864 hominibus,
1045 1797 1156 1870 84
1185 1798 1240 1852 in
1265 1813 1376 1868 quo
1407 1806 1659 1868 oporteat
1690 1813 1790 1853 nos
1818 1798 1997 1852 salvos

2105 1785 2187 1860 τδν
2229 1804 2456 1877 οὐρανὸν
2498 1803 2560 1857 τὸ
2604 1804 2884 1875 δεδομένον
2932 1807 2989 1857 ἐν
3037 1803 3375 1874 ἀνθρώποις,
3412 1806 3470 1858 ἐν
3590 1807 3672 1860 δεῖ

424 1893 542 1958 ﬁeri
577 1893 660 1945 τοι
692 1910 709 1942 ι
749 1889 830 1944 sic
872 1888 1020 1943 enim
1054 1887 1192 1942 dixit
1215 1887 1309 1942 ille
1337 1887 1645 1943 Salvatoris
1685 1888 1859 1943 nostri
1906 1887 1994 1942 di-

422 1984 702 2055 scipulus;
735 1982 894 2053 cujus
925 1981 1002 2035 rei
1024 1979 1280 2050 probatio
1318 1979 1372 2033 in
1410 1989 1666 2050 promptu
1711 1989 1816 2047 est,
1853 1981 1897 2035 si
1925 1980 1994 2036 ad

419 2095 485 2132 ea
506 2093 629 2148 qua:
651 2083 958 2145 sequuntur
991 2072 1406 2144 aspexerimus:
1439 2092 1457 2123 ι
1483 2073 1755 2139 Profecti,
1793 2073 1991 2144 inquit,

423 2170 518 2224 ﬁlii
547 2168 713 2223 Israel
747 2182 815 2221 ex
845 2165 1071 2230 Socoth,
1104 2166 1471 2221 castrametati
1509 2174 1638 2220 sunt
1673 2165 1730 2220 in
1771 2164 1993 2234 Othom,

423 2277 593 2332 prope
632 2261 954 2326 desertum;
985 2259 1132 2316 Deus
1157 2266 1342 2313 autem
1387 2257 1618 2328 przeibat
1661 2257 1788 2323 illis,
1821 2257 1996 2311 inter-

421 2354 518 2410 diu
554 2355 780 2424 quidem
835 2353 891 2408 in
933 2352 1191 2408 columna
1231 2350 1416 2416 nubis,
1459 2357 1522 2404 ut
1560 2351 1876 2406 ostenderet
1915 2350 1997 2406 eis

424 2447 565 2501 viam
589 2464 604 2515 ;
630 2446 697 2502 de
720 2453 881 2501 nocte
901 2453 1084 2498 autem
1106 2443 1163 2498 in
1187 2443 1442 2498 columna
1467 2442 1606 2512 ignis
1629 2460 1642 2494 :
1664 2459 1776 2497 non
1797 2442 1998 2498 defecit

421 2541 677 2594 columna
705 2537 872 2594 nubis
899 2551 1000 2606 per
1035 2534 1206 2600 diem,
1234 2549 1414 2605 neque
1452 2536 1709 2590 columna
1737 2536 1878 2607 ignis
1898 2550 1998 2605 per

424 2639 641 2685 noctem
670 2642 855 2683 coram
882 2626 1030 2680 omni
1059 2625 1262 2696 populo
1303 2626 1419 2678 “.1
1452 2625 1618 2681 Vides
1643 2633 1704 2680 ut
1732 2625 2000 2680 lsraelitis

423 2725 533 2794 jam
586 2736 654 2775 ex
706 2717 1086 2788 Egyptiorum
1132 2717 1354 2788 regione
1403 2715 1663 2786 profectis
1694 2717 1890 2772 ducem
1939 2733 1998 2772 se

424 2810 738 2885 praestiterit
763 2810 908 2864 Deus
939 2807 996 2861 in
1019 2807 1274 2862 columna
1319 2807 1488 2862 nubis
1521 2817 1578 2862 et
1613 2807 1793 2879 ignis;
1816 2809 1997 2863 utrin-

424 2920 532 2976 que
576 2910 760 2959 autem
779 2900 1032 2957 Christus
1070 2898 1586 2971 repra'sentabatur.

395 3069 399 3075 Α
495 2995 692 3053 PALL.
720 2994 840 3062 Quo
881 2993 1102 3049 tandem
1133 2992 1332 3048 modo?

2102 1900 2337 1970 σωθῆναι
2365 1899 2532 1970 ἡμᾶς.
2559 1917 2580 1950 ο
2617 1898 2762 1966 Ἔφη
2789 1896 2896 1968 γὰρ
2923 1894 3024 1951 ὧδε
3049 1895 3142 1950 τοῦ
3171 1897 3419 1968 Σωτῆρος
3445 1901 3472 1952 6
3495 1899 3667 1972 μαθη-

2097 1992 2215 2064 τὴς,
2245 1993 2340 2046 καὶ
2364 1990 2560 2058 γείτων
2589 1991 2622 2060 ἡ
2655 1988 2836 2056 δεῖξις,
2871 1990 2919 2042 εί
2940 1991 3053 2053 τοῖς
3080 1989 3277 2059 ἐφεξῆς
3320 1991 3672 2061 προσϐάλλοι-

2100 2102 2222 2156 μεν.
2254 2103 2273 2137 ι
2315 2083 2660 2154 Ἐξάραντες,
2680 2081 2868 2153 φησὶν,
2889 2083 2938 2136 οἱ
2963 2081 3068 2135 υἱοὶ
3101 2081 3314 2153 Ἰσραὴλ
3333 2083 3397 2136 ἐκ
3425 2082 3666 2153 Σοκχὼθ,

2097 2176 2592 2248 ἐστρατοπέδευσαν
2631 2175 2690 2228 ἐν
2739 2173 2922 2246 Ὀθὼμ
2957 2173 3109 2246 παρὰ
3139 2175 3239 2246 τὴν
3286 2173 3519 2246 ἐρημονο
3559 2177 3587 2228 6
3613 2174 3670 2228 δέ

2096 2271 2226 2333 Θεὸς
2264 2271 2449 2340 ⁴ἡγεῖτο
2482 2265 2680 2330 αὐτῶν,
2709 2265 2920 2336 ἡμέρας
2952 2266 3062 2336 μέν
3094 2268 3151 2319 ἐν
3202 2265 3379 2336 στύλῳ
3418 2266 3667 2337 νεφέλης,

2096 2361 2268 2426 δεῖξαι
2297 2359 2480 2422 αὐτοῖς
2517 2357 2613 2428 τὴν
2634 2357 2771 2422 ὁδὸν,
2805 2356 2902 2427 τὴν
2924 2356 2981 2409 δέ
3000 2356 3168 2410 νύκτα
3199 2359 3255 2411 ἐν
3277 2356 3450 2429 στύλῳ
3478 2359 3668 2429 πυρός·

2096 2455 2196 2508 οὐκ
2246 2451 2490 2516 ἐξέλιπεν
2532 2452 2562 2503 6
2602 2447 2792 2512 στύλος
2840 2447 2932 2500 τοῦ
2977 2447 3149 2518 πυρὸς
3203 2447 3397 2511 νυκτὸς
3430 2449 3672 2502 ἐναντίον

2097 2545 2300 2608 παντὸς
2330 2543 2425 2596 τοῦ
2467 2540 2617 2596 λαοῦ.
2657 2559 2678 2594 ι
2718 2541 2882 2612 Ὁρᾷς
2911 2541 3060 2604 ὅπως
3096 2540 3198 2611 τῆς
3225 2540 3332 2594 τῶν
3358 2541 3672 2610 Αἰγυπτίων

2097 2639 2202 2707 γῆς
2228 2633 2702 2705 ἐκπεφοιτηκότων
2726 2633 2832 2686 τῶν
2855 2631 2914 2697 ἐξ
2948 2631 3163 2704 Ἰσραὴλ
3189 2633 3482 2705 καθηγεῖτο
3539 2633 3672 2699 Θεὸς

2099 2730 2156 2784 ἐν
2187 2727 2364 2799 στόλῳ
2402 2725 2633 2798 νεφέλης
2655 2725 2747 2779 καὶ
2776 2723 2940 2796 πυρός
2964 2741 2979 2791 ;
3010 2725 3280 2795 ἐγράφετο
3300 2725 3356 2780 δὲ
3377 2727 3444 2781 δι’
3469 2726 3675 2800 ἀμφοῖν

2099 2823 2128 2876 6
2155 2819 2412 2893 Χριστός.
3703 2822 3726 2842 ⁸

2175 3000 2384 3056 ΠΑΛΛ.
2425 2996 2558 3051 Τίνα
2578 2993 2777 3067 τρόπον
2792 3011 2806 3061 ;

493 3086 652 3142 CYIt.
677 3085 920 3139 Primum
964 3081 1208 3152 quidem,
1258 3082 1386 3153 quia
1416 3083 1671 3139 columna
1715 3093 1774 3139 et
1809 3083 1997 3139 ﬁrma-

2167 3077 2338 3149 ‘KYP.
2380 3089 2602 3162 Πρῶτον
2637 3087 2757 3159 μὲν,
2791 3087 2872 3141 ὅτι
2913 3085 3104 3151 στύλος
3137 3086 3232 3141 καὶ
3270 3087 3548 3161 ἑδραίωμα
3575 3087 3678 3161 τῆς

424 3184 672 3232 mentum
695 3175 946 3229 veritatis
977 3181 1080 3239 est,
1105 3172 1303 3228 deinde
1327 3174 1473 3243 quod
1496 3175 1649 3229 nullo
1673 3175 1835 3230 modo
1864 3190 1999 3230 con-

415 3269 539 3326 cuti
571 3282 635 3322 ac
662 3265 960 3321 disturbari
995 3272 1198 3335 potest,
1233 3281 1264 3320 a
1287 3271 1436 3320 terra
1468 3281 1690 3321 sursum
1721 3267 1997 3335 attollens;

426 3377 554 3418 nam
586 3360 642 3415 in
664 3357 885 3414 Christo
928 3357 1196 3413 desiimus
1239 3372 1362 3429 quae
1403 3359 1586 3417 carnis
1631 3366 1760 3413 sunt
1786 3374 2000 3429 sapere,

426 3469 491 3508 ac
534 3467 633 3523 per
679 3459 899 3506 terrena
948 3451 1188 3506 volutari
1227 3451 1368 3505 mala
1411 3467 1424 3503 :
1461 3465 1526 3505 ac
1564 3450 1736 3504 veluti
1781 3465 2002 3506 sursum

426 3548 546 3618 ejus
577 3559 680 3616 ope
721 3543 987 3609 tollimur,
1034 3558 1161 3597 cum
1200 3556 1266 3597 ea
1290 3558 1415 3612 quae
1455 3557 1674 3598 sursum
1701 3551 1830 3597 sunt
1855 3545 2002 3614 sapi-

427 3640 628 3710 pimus,
654 3646 710 3691 et
735 3637 789 3690 in
817 3636 957 3691 coelo
998 3650 1285 3690 versamur
1321 3653 1336 3688 :
1371 3637 1638 3706 scriptum
1681 3646 1766 3691 est
1814 3639 1999 3692 enim:

436 3751 452 3781 ι
476 3731 574 3785 Dei
617 3730 787 3782 fortes
821 3743 851 3781 a
879 3736 1028 3780 terra
1067 3727 1427 3782 vehementer
1481 3728 1682 3783 elevati
1710 3737 1840 3784 sunt
1869 3732 1935 3783 ⁷⁵.
1975 3749 1994 3782 ι

429 3821 576 3876 Dixit
598 3820 763 3874 etiam
789 3827 939 3871 certe
978 3816 1233 3871 Christus
1265 3818 1512 3890 ejusdem
1564 3820 1738 3874 David
1775 3836 1910 3876 voce
1934 3821 2003 3878 de

433 3923 581 3966 terra
607 3917 664 3964 et
691 3908 757 3962 de
789 3908 995 3963 sanctis
1019 3908 1324 3979 apostolis_:
1359 3929 1376 3959 (
1395 3909 1510 3980 Ego
1536 3909 1749 3965 ﬁrmavi
1791 3913 2002 3968 colum-

429 4018 530 4057 nas
553 4002 672 4072 ejus
703 3999 769 4054 ”.
801 4019 817 4049 ι
851 3997 1080 4052 Firmati
1128 3999 1332 4070 quippe
1363 4010 1492 4055 sunt
1536 4003 1771 4072 apostoli
1803 4005 2026 4073 sancti,

425 4092 524 4163 qui
559 4107 725 4161 supra
769 4098 972 4143 terram
1025 4089 1291 4156 eminent,
1332 4106 1457 4145 cum
1504 4094 1710 4149 virtute
1757 4111 1825 4150 ex
1869 4097 2000 4164 alto,

419 4185 607 4256 gratia
650 4198 847 4253 nempe
896 4188 1024 4235 sunt
1085 4183 1258 4238 sancti
1292 4183 1532 4255 Spiritus
1574 4185 1775 4242 induti.
1833 4189 2004 4246 Iidem

430 4273 774 4329 erantetiam
825 4275 1111 4340 columnae,
1158 4289 1224 4328 eo
1255 4273 1375 4344 ipso
1421 4275 1567 4344 quod
1615 4275 1836 4332 Christo
1869 4294 2004 4336 con-

421 4366 637 4422 l'ormes
668 4375 848 4432 erant,
877 4366 1040 4437 eique
1068 4365 1276 4421 similes
1298 4381 1398 4436 per
1423 4367 1654 4437 gratiam
1677 4370 1850 4425 sancti
1884 4370 2006 4442 Spi-

2102 3186 2358 3258 ἀληθειας
2385 3185 2531 3236 ἐστὶν
2568 3180 2964 3234 ἀκατάσειστὸν
2988 3196 3049 3233 τε
3077 3179 3169 3233 καὶ
3199 3179 3504 3251 ἄθραυστον
3539 3199 3680 3236 παν-

2100 3279 2291 3343 τελῶς,
2345 3276 2441 3330 καὶ
2492 3274 2698 3344 ἀνέχων
2743 3273 2844 3344 τῆς
2890 3273 2992 3342 γῆς
3036 3272 3193 3342 ὑψοῦ.
3252 3273 3681 3345 Ἀπηλλάγμεθα

2100 3374 2210 3444 γὰρ
2253 3373 2311 3424 ἐν
2354 3366 2579 3440 Χριστῷ
2637 3363 2732 3418 τοῦ
2787 3367 3004 3435 φρονεῖν
3055 3364 3123 3418 τὰ
3165 3365 3385 3436 σαρκὸς,
3421 3365 3516 3418 καὶ
3560 3369 3683 3430 τοῖς

2101 3461 2360 3532 ἐπιγείοις
2403 3456 2832 3530 ἐγκαλινδεῖσθαι
2858 3457 3069 3519 κακοῖς·
3102 3455 3367 3527 αίρόμεθα
3390 3455 3447 3510 δέ
3486 3455 3685 3530 ὥσπερ

2104 3553 2238 3625 ὑψοῦ
2265 3553 2331 3607 δι’
2361 3549 2548 3614 αὐτοῦ,
2595 3548 2708 3602 ἀνω
2735 3545 3075 3617 φρονοῦντες,
3111 3547 3204 3599 καὶ
3234 3547 3292 3598 ἐν
3335 3544 3550 3617 οὐρανῷ
3586 3561 3686 3599 πο-

2102 3644 2452 3715 λιτευόμενοι.
2481 3641 2796 3711 Γέγραπται
2822 3637 2931 3707 γὰρ
2949 3677 2963 3701 ,
3000 3637 3081 3690 ὅτι
3121 3655 3139 3688 ι
3177 3637 3283 3690 Τοῦ
3313 3636 3446 3690 Θεοῦ
3472 3637 3523 3689 οἱ
3552 3654 3685 3709 κρα-

2105 3734 2294 3808 τα[ι]οὶ
2314 3735 2412 3804 τῆς
2438 3732 2541 3802 γῆς
2564 3727 2767 3799 σφόδρα
2789 3727 3124 3799 ἐπήρθησαν.
3140 3728 3311 3798 »Ἔφη
3337 3728 3394 3781 δέ
3416 3746 3519 3781 που
3547 3730 3686 3800 Χρι-

2107 3827 2231 3890 στὸς
2263 3826 2354 3879 καὶ¹
2387 3823 2474 3877 διὰ
2512 3821 2696 3890 φωνῆς
2722 3818 2816 3871 τοῦ
2858 3819 3022 3870 Δαϐὶδ
3060 3818 3186 3888 περί
3209 3836 3267 3870 τε
3305 3820 3404 3888 τῆς
3429 3821 3538 3890 γῆς
3589 3821 3687 3875 καὶ

2103 3919 2211 3973 τῶν
2260 3917 2428 3986 ἁγίων
2466 3911 2778 3967 ἀποστόλων
2799 3924 2818 3940 ο
2851 3928 2869 3960 ι
2916 3907 3054 3976 Ἐγὼ
3074 3906 3382 3979 ἐστερέωσα
3406 3912 3533 3975 τοὺς
3565 3915 3689 3967 στύ.

2103 4011 2226 4072 λους
2246 4007 2435 4074 αὐτῆς.
2464 4023 2482 4054 ι
2520 3999 2960 4070 Ἐστερεὼθησαν
2988 4002 3096 4070 γάρ
3132 4001 3181 4052 oi
3210 3999 3308 4070 τὴν
3331 4000 3432 4070 γῆν
3457 4001 3688 4075 ἀνέχον-

2102 4116 2192 4162 τες
2219 4097 2361 4164 ἅγιοι
2391 4092 2630 4165 μαθηταὶ
2667 4089 2764 4162 τὴν
2813 4089 2872 4155 ἐξ
2899 4090 3064 4160 ὕψους
3087 4090 3335 4161 δύναμιν,
3364 4091 3507 4148 τοῦτ’
3541 4095 3683 4165 ἐστι,

2102 4190 2198 4261 τὴν
2241 4189 2327 4241 διὰ
2355 4184 2445 4240 τοῦ
2484 4183 2640 4252 ἁγίου
2695 4183 3012 4254 Πνεύματος
3053 4184 3213 4254 χάριν
3243 4185 3684 4258 ἀμφιασάμενοι.

2103 4280 2289 4336 Στύλοι
2312 4277 2367 4331 δέ
2388 4273 2528 4348 ἦσαν
2551 4276 2726 4341 αὐτοὶ,
2755 4276 2896 4329 κατὰ
2916 4277 3268 4346 συμμορφίαν
3301 4279 3400 4348 τὴν
3425 4278 3501 4343 ὡς
3542 4283 3687 4353 πρὸς

2103 4369 2355 4443 Χριστὸν,
2391 4367 2484 4422 καὶ
2511 4365 2630 4421 καθ’
2673 4366 2929 4436 ὁμοίωσιν
2960 4365 3057 4437 τὴν
3099 4369 3156 4419 ἐν
3183 4367 3367 4437 χάριτι
3391 4367 3477 4421 διὰ
3505 4369 3685 4425 Πνεύ-

434 4460 592 4514 ritus.
627 4457 718 4513 Sic
741 4458 910 4528 igitur
934 4458 1143 4528 accipe,
1179 4472 1291 4511 non
1335 4457 1442 4511 alia
1486 4459 1553 4514 de
1584 4475 1769 4528 causa,
1804 4470 2002 4532 preter

2114 4477 2300 4534 ματος.
2343 4457 2657 4529 Ἐκδέξῃεδὴ
2692 4452 2784 4510 οὖν
2813 4457 2910 4526 οὐχ
2951 4457 3136 4528 ἐτέρου
3163 4474 3256 4510 του
3295 4458 3482 4529 χάριν,
3527 4459 3563 4530 ἢ
3609 4454 3686 4516 ὧν

433 4564 528 4603 eas
560 4562 695 4616 quas
753 4547 919 4601 modo
968 4547 1242 4612 diximus,
1305 4549 1615 4603 columnam
1676 4552 2002 4621 appellatum

2111 4556 2317 4626 ἔφαμεν
2352 4553 2574 4623 ἀρτίως,
2620 4549 2810 4603 στύλον
2861 4550 2990 4619 ἡμῖν
3047 4548 3361 4619 ὠνομάσθαι
3409 4551 3684 4622 Χριστόν·

448 4655 572 4694 esse
604 4638 922 4704 Christum;
949 4638 1257 4693 deducebat
1282 4648 1464 4694 autem
1510 4642 1754 4697 interdiu
1783 4643 2002 4713 quidem

2112 4646 2402 4718 καθηγεῖτὸ
2427 4659 2491 4711 γε
2520 4641 2628 4712 μὴν
2659 4641 2871 4711 ἡμέρας
2901 4639 2999 4709 μὲν
3024 4637 3210 4710 οὔσης,
3238 4640 3296 4693 ἐν
3322 4641 3498 4713 στύλῳ
3525 4645 3689 4712 νεφέ-

427 4732 495 4785 .in
534 4731 787 4786 columna
809 4729 992 4795 nubis,
1025 4729 1093 4784 de
1117 4738 1277 4785 nocte
1308 4747 1457 4798 vero,
1484 4733 1681 4804 inquit,
1717 4735 1774 4790 in
1796 4735 2002 4790 colum-

2113 4741 2245 4811 λης,
2274 4737 2371 4808 τὴν
2420 4735 2477 4789 δὲ
2506 4733 2701 4799 νύκτα,
2737 4732 2923 4802 φησὶν,
2957 4733 3016 4784 ἐν
3051 4731 3226 4802 στύλῳ
3260 4733 3451 4804 πυρὸς,
3506 4734 3684 4800 δεῖξαι

437 4841 508 4880 na
556 4825 731 4896 ignis,
777 4830 841 4877 ut
871 4830 1206 4878 monstraret
1247 4823 1356 4880 illis
1403 4826 1548 4880 viam
1571 4826 1653 4880 τις
1691 4842 1756 4882 ac
1793 4837 2002 4894 noctem

2113 4831 2293 4893 αὐτοῖς
2323 4828 2421 4898 τὴν
2453 4824 2594 4880 ὁδόν.
2627 4822 2815 4877 Νύκτα
2848 4823 2945 4892 μέν
2988 4822 3274 4893 ὀνομάζειν
3314 4823 3434 4887 ἔθος
3462 4826 3528 4895 τῇ
3561 4825 3688 4896 θεία

440 4918 664 4988 quidem
688 4914 963 4986 appellare
994 4913 1278 4986 Scriptura
1301 4917 1589 4972 consuevit
1620 4925 1836 4990 tempus
1876 4920 2002 4976 illud

2109 4923 2323 4993 Γραφῇ,
2357 4919 2446 4971 τὸν
2491 4916 2596 4988 πρὸ
2641 4915 2740 4986 τῆς
2770 4915 3066 4986 ἐπιδημίας
3093 4915 3303 4988 καιρὸν,
3341 4915 3462 4970 καθ’
3505 4916 3570 4971 ὃν
3605 4917 3685 4972 ἐτι

442 5015 568 5062 ante
595 5005 897 5061 Salvatoris
922 5003 1238 5074 adventum,
1264 5023 1396 5078 quo,
1425 5009 1612 5062 adhuc
1656 5008 1856 5064 Satana
1911 5011 2014 5067 do—

446 5099 711 5163 minante,
757 5097 795 5152 ii
827 5098 916 5168 qui
941 5107 1065 5153 tum
1096 5099 1154 5154 in
1199 5101 1362 5155 terris
1403 5109 1583 5166 erant,
1632 5099 1929 5168 impietatis
1961 5113 2018 5158 et

443 5189 763 5261 ignorantiae
795 5190 1041 5246 tenebris
1065 5190 1412 5246 tenebantur.
1437 5188 1508 5242 At
1549 5196 1741 5243 contra
1769 5189 1880 5244 diei
1911 5207 2014 5246 no-

444 5282 592 5338 mine
621 5289 832 5354 tempus
878 5283 1014 5338 illud
1064 5281 1323 5352 appellat,
1380 5295 1489 5350 quo
1546 5280 1793 5335 Salvator
1823 5292 2012 5338 noster

444 5372 698 5427 advenit:
725 5385 834 5442 quo
859 5380 1104 5441 tempore
1132 5384 1322 5424 sumus
1344 5368 1659 5436 illuminati,
1684 5385 1808 5426 cum
1830 5373 2012 5441 splen-

445 5464 632 5519 dorem
657 5465 812 5519 illum
840 5479 985 5517 verm
1030 5461 1128 5514 Dei
1164 5461 1495 5532 cognitionis
1552 5471 1736 5519 mente
1766 5466 2017 5536 suscepi-

444 5571 605 5614 mus:
636 5556 902 5624 illumque
921 5551 1148 5624 justitiae
1174 5546 1557 5612 solem'cordis
1599 5557 1774 5612 oculis
1829 5558 2013 5614 intue-

528 5675 593 5706 ’θ’
643 5673 688 5726 ll
727 5671 868 5724 Tim.
907 5684 986 5732 ιιι,
1014 5669 1100 5724 16.

447 5741 682 5798 “Exod.
711 5754 827 5804 xm,
849 5738 938 5807 Ἃ,
967 5738 1061 5794 22.

1212 5674 1256 5706 "°
1285 5674 1406 5729 Act.
1440 5691 1513 5742 tv,
1549 5675 1633 5728 12.
1711 5676 1752 5709 ⁷⁸
1789 5675 1961 5731 Exod.

2115 5718 2128 5743 ,
2172 5676 2260 5743 20,
2305 5676 2394 5729 2L
2489 5675 2535 5708 ⁷³
2597 5671 2739 5756 Psal.
2793 5688 2932 5740 χιιι,
2974 5672 3057 5728 10.

2111 5012 2493 5084 τυραννοῦντος
2542 5008 2635 5062 τοῦ
2678 5009 2908 5074 Σατανᾶ,
2965 5009 3292 5081 κατεκράτει
3323 5009 3432 5063 τῶν
3458 5011 3554 5063 ἐπὶ
3585 5013 3688 5082 τῆς

2111 5105 2214 5176 γῆς
2237 5104 2333 5173 τῆς
2366 5100 2637 5170 ἀγνωσίας
2669 5101 2696 5153 6
2736 5099 2924 5163 σκότος
2947 5117 2963 5133 ο
2993 5100 3202 5172 ἡμέραν
3234 5101 3291 5154 δέ
3338 5097 3428 5162 αὖ,
3455 5102 3557 5172 τῆς
3587 5103 3683 5156 τοῦ

2116 5192 2367 5263 Σωτῆρος
2392 5189 2546 5261 ἡμῶν
2573 5189 2866 5261 ἐπιδημίας
2891 5189 2982 5242 τὸν
3013 5190 3223 5260 χρόνον,
3251 5191 3375 5244 καθ’
3408 5191 3468 5245 δν
3498 5208 3688 5262 πεφω-

2117 5283 2381 5355 τίσμεθα,
2423 5281 2520 5344 τὰς
2556 5283 2655 5352 τῆς
2691 5279 2921 5351 ἀληθοῦς
2970 5281 3297 5349 θεογνωσίας
3346 5282 3521 5350 αὐγὰς
3570 5285 3687 5337 εισ-

2116 5373 2396 5445 δεξάμενοι
2421 5373 2561 5427 κατά
2599 5371 2744 5437 νοῦν,
2775 5373 2869 5427 καὶ
2899 5371 2990 5425 τὸν
3020 5373 3118 5443 τῆς
3143 5374 3488 5447 δικαιοσύνης
3532 5377 3686 5447 ἥλιον

2118 5469 2230 5528 τοῖς
2256 5465 2357 5534 τῆς
2385 5464 2608 5536 καρδίας
2634 5463 2840 5534 ὄμμασι
2872 5463 3188 5532 βλέποντες·
3217 5466 3308 5519 καὶ
3343 5468 3686 5538 μαρτυρήσει

2121 5559 2292 5628 λέγων
2320 5558 2348 5609 6
2374 5557 2583 5619 Παῦλος
2616 5557 2742 5626 περὶ
2769 5555 2860 5609 τοῦ
2885 5557 3076 5626 χρόνου
3102 5558 3195 5611 τοῦ
3231 5558 3336 5628 πρὸ
3365 5559 3464 5630 τῆς
3496 5560 3689 5631 ἐπιδη-

3173 5675 3219 5707 ⁷⁸
3249 5673 3390 5731 Psal.
3418 5689 3596 5742 tniv,
3630 5675 3686 5734 ι.
