3968 6300
274 348 377 415 sos
1016 356 1104 412 ne
1144 354 1583 412 ADORATIONE
1624 354 1690 410 IN
1731 350 1999 409 smmru
2043 338 2130 409 ar
2167 350 2693 411 vestramne.
2735 357 2824 412 ιιι.
3427 361 3531 418 ετξ)

279 479 404 549 μίας
458 474 555 528 καὶ
582 470 677 527 τοῦ
717 471 835 527 κατ’
865 471 1033 543 αὐτήν
1053 488 1065 502 ’
1099 490 1117 523 ι
1158 470 1226 524 'II
1249 468 1345 534 νὺξ
1377 468 1700 541 προέκοψεν,
1734 467 1766 538 ή
1796 460 1854 519 δὲ

1967 479 2116 531 mur;
2147 462 2294 535 quod
2347 464 2551 520 Paulus
2607 473 2860 533 testatur,
2903 467 2995 525 ubi
3048 470 3115 525 de
3141 478 3382 544 tempore
3417 482 3531 528 tum

277 569 379 640 ὴμέ
388 584 456 639 ρα
485 566 710 635 ἤγγικεν
733 579 747 594 ’
779 560 1110 633 ἀποθώμεθα
1129 556 1221 615 οὖν
1239 561 1307 615 τά
1326 556 1467 633 ἔργα
1482 558 1579 613 τοῦ
1604 558 1848 622 σκότους,

1967 556 2107 629 quod
2154 562 2281 611 ante
2322 556 2652 621 adventum,
2691 564 2808 611 tum
2852 561 2998 629 quod
3039 560 3093 616 in
3132 562 3253 633 ipso
3295 566 3532 623 adventu

277 659 370 714 καὶ
421 654 769 725 ἐνδυσώμεθα
808 652 878 707 τὰ
920 653 1061 707 ὅπλα
1090 652 1184 706 τοῦ
1229 650 1429 721 φωτὸς,
1477 650 1553 716 ὡς
1581 652 1640 703 ἐν
1668 649 1853 722 ἡμέρᾳ

1967 647 2087 714 l‘uit,
2113 648 2397 718 loquitur:
2431 667 2450 699 ι
2476 646 2592 704 Nox
2620 653 2923 720 praecessit,
2948 651 3065 707 dies
3119 664 3303 710 autem
3334 672 3535 730 appro-

276 746 627 821 εὐσχημόνως
659 744 1142 816 περιπατήσωμεν.
1179 759 1198 793 ι
1234 741 1545 813 Νοουμένου
1566 739 1854 811 τοιγαροῦν

1967 740 2279 811 pinquavit:
2307 740 2629 812 abjiciamus
2677 750 2812 813 ergo
2839 737 3036 814 ‘opera
3080 744 3453 814 tenebrarum,
3479 758 3536 805 et

277 842 356 906 είς
404 839 576 894 νύκτα
613 837 706 891 τοῦ
748 835 914 890 πάλαι
953 831 1171 908 καιροῦ,
1204 833 1284 896 είς
1329 831 1543 903 ἡμέραν
1575 830 1631 883 δὲ
1667 825 1733 884 αὖ
1760 827 1855 882 τοῦ

1967 833 2259 889 induamur
2282 846 2434 889 arma
2457 834 2599 889 lucis
2621 875 2635 899 ,
2678 834 2758 890 sic
2781 842 2844 890 ut
2870 835 2927 889 in
2954 834 3044 891 die
3085 832 3316 892 honeste
3344 841 3538 896 ambu-

277 933 398 988 καθ’
438 931 498 986 ὃν
540 930 765 999 γέγονεν
799 926 1083 999 ἅνθρωπος
1136 921 1515 994 ὀΜονογενὴς.
1545 918 1726 992 φαμὲν
1773 916 1856 973 ὅτι

1967 924 2223 979 Iemus".
2261 941 2281 976 ›
2313 923 2522 994 Itaque,
2552 940 2677 979 cum
2701 933 2917 997 tempus
2942 925 3075 981 illud
3100 933 3263 984 vetus
3294 928 3349 983 in
3376 941 3535 988 nocte

276 1022 569 1096 προηγεῖτο
600 1021 697 1093 μὲν
740 1020 849 1074 τῶν
877 1019 937 1085 ἐξ
973 1012 1191 1091 Ἰσραὴλ
1220 1019 1276 1070 ὲν
1311 1012 1440 1068 εἴδει
1467 1014 1658 1085 πυρὸς,
1686 1011 1760 1075 ὡς
1785 1012 1843 1064 ὲν

1967 1011 2315 1085 »ουσιαι-,85
2333 1028 2630 1086 rursusque
2655 1015 2789 1070 illud
2805 1016 3062 1084 alterum,
3082 1034 3191 1089 quo
3215 1019 3309 1075 Dei
3332 1018 3537 1094 Unige-

274 1116 352 1187 τῷ
401 1110 780 1186 κατακρίνοντί
816 1128 877 1166 τε
917 1110 1010 1165 καὶ
1040 1106 1319 1172 κολάζοντι
1355 1105 1503 1177 νόμῳ
1552 1104 1845 1176 (κολάσεως

1967 1105 2096 1161 litus
2117 1115 2203 1161 est
2233 1106 2399 1162 homo
2427 1106 2623 1172 factus,
2644 1107 2701 1161 in
2726 1107 2813 1163 die
2856 1119 3200 1179 numeretur,
3243 1102 3540 1170 asscrimus

276 1207 381 1279 γάρ
409 1206 631 1276 σημεῖον
661 1201 721 1255 τὸ
745 1199 877 1273 πῦρ)
897 1216 912 1231 ο
936 1203 969 1269 ἡ
979 1198 1092 1271 μῶν
1116 1198 1172 1252 δὲ
1194 1199 1250 1251 ὲν
1272 1194 1402 1250 είδει
1427 1193 1674 1265 νεφέλης,
1692 1192 1766 1256 ὡς
1789 1195 1846 1247 έν

1967 1196 2097 1251 llum
2112 1197 2371 1253 Israelitis
2396 1199 2617 1269 quidem
2635 1199 2775 1271 ignis
2792 1199 2973 1271 specie
2995 1210 3251 1274 tanquam
3276 1205 3538 1260 condem-

275 1295 430 1365 τύπῳ
470 1291 563 1346 τοῦ
611 1291 765 1360 ἀγίου
815 1289 1187 1360 βαπτίσματος
1240 1286 1332 1340 καὶ
1379 1286 1481 1355 τῆς
1523 1283 1591 1337 δι’
1654 1282 1845 1347 ὓδατος

1967 1293 2111 1342 tante
2133 1303 2198 1344 ac
2217 1290 2480 1360 puniente
2501 1291 2617 1364 lege
2637 1290 2741 1362 (est
2756 1292 2899 1347 enim
2912 1292 3063 1371 ignis
3084 1310 3259 1365 poena!
3277 1297 3536 1371 signum);

264 1360 570 1458 ξσωτηρίας.
607 1383 677 1436 Ἦ
695 1383 793 1452 ούχ
813 1380 956 1453 ὕδωρ
977 1376 1011 1451 ἡ
1040 1378 1237 1449 νεφέλη
1261 1395 1275 1445 ;

1967 1376 2109 1432 nobis
2131 1393 2262 1433 vero
2289 1379 2452 1434 nubis
2479 1360 2660 1451 specie
2681 1360 3021 1451 tanquam—in
3041 1360 3214 1454 ﬁgura
3234 1360 3409 1441 sancti
3438 1360 3538 1443 ba;

261 1463 576 1550 iptiSmatis,
605 1463 907 1545 salutisque
947 1473 1096 1530 illius
1133 1487 1296 1544 quam
1319 1486 1418 1543 per
1455 1483 1651 1541 aquam
1695 1470 2107 1540 consequimur,
2142 1487 2200 1528 se
2226 1474 2421 1530 ducem
2443 1474 2761 1546 praebuisse.
2785 1476 2868 1532 An
2909 1476 3086 1535 nubes
3115 1494 3227 1536 non
3257 1495 3399 1552 aqua
3422 1484 3542 1539 est?

348 1572 559 1626 HAAA.
590 1570 716 1632 Πῶς
737 1568 845 1640 γάρ
877 1565 970 1634 οΰ;

348 1664 512 1719 ΚΥΡ.
557 1660 1061 1732 Ἐκπεφοιτηκότων
1093 1659 1151 1713 δὲ
1175 1659 1275 1731 τῆς
1300 1656 1614 1727 Αἰγυπτίων
1649 1652 1757 1709 τῶν
1790 1653 1851 1720 ἓξ

2024 1567 2203 1623 PALL
2216 1609 2229 1623 .
2271 1569 2475 1637 Quidni
2499 1571 2524 1625 ?
3506 1634 3509 1639 ,

2024 1656 2182 1714 CYR.
2235 1659 2501 1716 Israelitis
2539 1661 2710 1734 igitur
2753 1679 2821 1721 ex
2875 1663 3254 1738 Egyptiorum
3318 1668 3540 1740 regione

290 1755 523 1827 Ἰσραὴλ,
558 1752 844 1809 ἀνεκαίετο
873 1750 1010 1823 πρὸς
1040 1749 1208 1823 ὀργὰς
1240 1750 1268 1801 ὁ
1296 1749 1467 1804 πάλαι
1493 1745 1856 1814 πλεονεκτῶν,

1967 1747 2240 1817 profectis,
2274 1767 2538 1810 accensus
2566 1764 2651 1811 cst
2685 1756 2767 1812 ira
2809 1765 2970 1813 vetus
3009 1758 3101 1814 ille
3147 1757 3540 1816 dominationis

279 1847 419 1900 τοῦτ’
445 1845 589 1900 ἔστιν
614 1849 643 1899 ὀ
661 1842 882 1917 Φαραὼ,
903 1841 997 1897 καί⁵
1018 1840 1233 1897 διώκειν
1258 1840 1551 1913 ἐπεχείρει.
1577 1852 1595 1891 ι
1634 1837 1861 1904 Ἔζευξε

277 1936 385 2009 γὰρ
413 1956 460 2003 ι,
489 1936 657 2007 φησὶ,
691 1955 710 1987 ι
735 1935 805 1988 τὰ
832 1935 1053 2005 ἅρματα
1084 1931 1251 1987 αὐτοῦ
1277 1933 1371 1986 καὶ
1402 1932 1579 1986 πάντα
1607 1930 1698 1985 τὸν
1732 1930 1863 1984 λαὸν

281 2027 680 2095 συναπενέγκαι
694 2025 811 2097 μεθ’
825 2022 1041 2088 ἑαυτοῦ,
1061 2023 1157 2078 καὶ
1173 2021 1352 2079 λαϐὼν
1366 2020 1625 2088 ἑξακόσια
1640 2020 1708 2094 ἀρ
1717 2038 1863 2092 ματα

268 2099 517 2170 ’ἐκλεκτὰ
537 2155 552 2179 ,
583 2115 678 2168 καὶ
710 2115 890 2168 πᾶσαν
916 2113 1016 2185 τὴν
1045 2112 1211 2168 ἵππον
1245 2112 1357 2166 τῶν
1383 2112 1727 2181 Αἰγυπτίων,
1760 2109 1861 2166 καὶ

274 2206 573 2279 τριστάτας
624 2207 717 2260 ἐπὶ
761 2206 999 2261 πάντων.
1065 2224 1084 2257 ι
1128 2205 1237 2259 Καὶ
1289 2203 1410 2275 μεθ’
1461 2204 1624 2275 ἕτερα
1676 2203 1857 2258 πάλιν·

285 2318 305 2352 ι
349 2297 780 2367 Ἀναϐλέψαντες
817 2297 875 2350 δὲ
916 2298 965 2350 oi
1007 2296 1113 2350 υἱοὶ
1156 2296 1374 2368 Ἰσραὴλ
1413 2298 1526 2361 τοῖς
1562 2293 1860 2366 ὀφθαλμοῖς

278 2392 500 2464 ὁρῶσιν,
522 2391 615 2444 καὶ
644 2389 755 2444 ἰδοὺ
775 2390 821 2443 oi
846 2388 1131 2458 Αἰγύπτιοι
1160 2387 1659 2458 ἐστρατοπέδευσαν
1685 2386 1859 2441 ὀπίσω

1964 1847 2283 1910 usurpator,
2316 1842 2549 1909 Pharao,
2593 1844 2834 1916 inquam,
2861 1862 3068 1919 eosque
3097 1848 3314 1920 insequi
3344 1849 3539 1906 molie-

1967 1929 2150 1985 batur.
2179 1950 2197 1982 ι
2220 1931 2410 1987 Junxit
2432 1933 2601 2001 enim,
2633 1955 2651 1987 ι
2670 1937 2869 2008 inquit,
2896 1958 2914 1991 ›
2937 1940 3149 1996 Pb’arao
3169 1951 3365 1997 currus
3386 1956 3538 2009 suos,

1961 2032 2019 2079 et
2042 2039 2260 2080 omnem
2294 2027 2559 2097 populum
2598 2044 2758 2086 suum
2795 2033 3091 2103 assumpsit
3136 2049 3344 2101 secum,
3368 2045 3425 2091 et
3443 2050 3542 2091 ac-

1962 2114 2109 2185 cepit
2169 2125 2457 2173 sexcentos
2507 2126 2706 2176 currus
2761 2121 2985 2187 electos,
3014 2127 3072 2177 et
3112 2136 3331 2179 omnem
3381 2124 3541 2194 equi-

1963 2209 2134 2260 tatum
2172 2203 2570 2280 EgyptiOrum,
2605 2219 2661 2266 et
2693 2211 2861 2268 duces
2900 2227 3067 2284 super
3097 2215 3390 2281 omnes";
3422 2234 3441 2267 ι
3484 2222 3545 2271 et

1959 2302 2085 2363 post
2123 2295 2227 2351 alia
2264 2311 2493 2354 rursus:
2535 2319 2552 2351 ι
2595 2299 2973 2371 Respicientes
3017 2310 3201 2358 autem
3237 2302 3336 2358 ﬁlii
3374 2304 3540 2360 Israel

1958 2386 2133 2441 oculis
2154 2386 2365 2455 vident,
2386 2399 2442 2445 et
2456 2406 2584 2446 ecce
2600 2389 2841 2464 Egyptii
2859 2396 3233 2451 castrametati
3251 2404 3409 2452 erant
3420 2406 3546 2467 post

281 2482 479 2546 αὐτῶν,
527 2482 621 2534 καὶ
662 2478 1009 2551 εφοϐήθησαν
1049 2478 1274 2549 σφόδρα.
1339 2476 1664 2548 Ἀνεϐὀησαν
1699 2476 1756 2530 δὲ
1805 2476 1857 2530 oi

280 2575 385 2628 υίοὶ
424 2572 640 2644 Ἰσραὴλ
670 2571 805 2643 πρὸς
832 2571 1056 2641 Κύριον,
1092 2570 1186 2624 καὶ
1213 2569 1578 2640 κατεφέροντο
1606 2567 1702 2623 τοῦ
1733 2569 1858 2623 Μω-

1958 2477 2145 2547 ipsos,
2195 2486 2253 2535 et
2308 2482 2615 2538 timuerunt
2670 2485 2851 2541 valde.
2896 2485 2967 2542 Et
3015 2488 3394 2545 clamaverunt
3443 2490 3542 2545 lilii

1955 2560 2119 2620 Israel
2145 2566 2214 2620 ad
2242 2566 2558 2636 Dominum,
2579 2578 2635 2626 et
2661 2570 3017 2643 insurgebant
3039 2574 3095 2628 in
3117 2574 3336 2646 Moysen
3364 2576 3544 2646 palam

293 2668 432 2731 σέως
481 2664 781 2736 ἀναφανδὸν
824 2663 1094 2733 λέγοντες·
1151 2660 1310 2732 Παρά
1359 2660 1420 2717 τὸ
1468 2660 1543 2733 μὴ
1590 2659 1855 2732 ὑπάρχειν

1967 2652 2199 2710 licentes
2220 2656 2348 2726 quia
2373 2671 2487 2712 non
2504 2667 2660 2714 erant
2687 2659 2940 2730 sepulcra
2973 2660 3031 2716 in
3057 2660 3317 2734 Egypto,
3346 2664 3547 2720 eduxi-

288 2760 547 2831 μνήματα
573 2760 632 2813 ὲν
664 2760 736 2830 γῇ
768 2756 1045 2828 Αἰγύπτῳ,
1080 2756 1347 2827 ἐξήγαγες
1375 2755 1523 2825 ἡμᾶς
1548 2750 1853 2808 θανατῶσαι

1967 2743 2024 2798 sti
2060 2760 2180 2812 nos,
2227 2754 2291 2804 ut
2333 2746 2679 2819 interﬁceres
2704 2749 2760 2806 in
2789 2751 3041 2808 deserto?
3072 2752 3185 2809 Cur
3219 2754 3326 2810 hoc
3364 2754 3544 2812 fecisti

282 2853 341 2906 ἐν
376 2836 452 2924 ¹τῇ
484 2852 715 2923 ὲρήμῳ;
752 2851 807 2905 τί
855 2849 1012 2905 τοῦτο
1081 2848 1344 2918 ἐποίησας
1385 2848 1517 2919 ἡμῖν
1569 2842 1851 2915 ἐξαγαγὼν

1967 2837 2112 2894 nobis
2129 2879 2143 2905 ,
2168 2838 2408 2897 educens
2431 2856 2534 2897 nos
2557 2856 2623 2898 ex
2646 2840 2920 2916 Egypto?
2951 2838 3147 2902 Nonne
3185 2846 3290 2903 iste
3320 2855 3405 2904 est
3430 2863 3546 2905 ser-

283 2944 432 3015 ήμᾶς
480 2944 541 3009 ἐξ
582 2942 897 3013 Αίγύπτους
964 2942 1037 2996 Οὐ
1064 2940 1219 2995 τοῦτο
1249 2937 1317 3012 ἦν
1338 2940 1399 2993 τὸ
1426 2936 1575 3010 ῥῆμα
1600 2937 1628 2990 δ
1657 2935 1851 3008 ἐλαλή-

1967 2943 2042 2983 no
2079 2945 2242 3000 quem
2292 2930 2654 3004 loquebamur
2689 2934 2760 2990 ad
2786 2941 2840 2990 te
2878 2935 2935 2991 in
2969 2934 3223 3009 Egypto,
3256 2937 3543 2995 dicentes:

283 3052 457 3105 σαμεν
489 3033 624 3106 πρὸς
669 3032 728 3087 σὲ
761 3036 817 3087 ὲν
850 3033 1139 3103 Αἰγύπτῳ,
1171 3030 1444 3099 λέγοντεςο
1492 3028 1672 3099 Πάρες
1703 3027 1851 3099 ἡμᾶς

1967 3020 2167 3078 Recede
2216 3038 2248 3078 a
2298 3023 2479 3093 nobis,
2526 3033 2589 3079 ut
2637 3025 2944 3082 serviamus
3003 3026 3313 3100 Egyptiis?
3376 3029 3547 3086 Multo

281 3127 433 3191 ὅπως
455 3126 829 3198 ϐουλεύσωμεν
878 3124 1229 3194 Αίγυπτίοις;
1268 3112 1531 3192 Κρεῖσσον
1565 3119 1672 3190 γὰρ
1703 3118 1857 3190 ἡμᾶς

1967 3111 2101 3166 anim
2130 3113 2328 3170 melius
2377 3125 2500 3171 erat
2523 3116 2736 3172 servire
2773 3116 2876 3183 eis,
2938 3133 3107 3188 quam
3153 3118 3296 3174 mori
3356 3117 3414 3174 in
3443 3119 3548 3175 hac

283 3217 555 3272 δουλεύειν
610 3214 949 3284 Αἰγυπτίοις,
1004 3210 1038 3286 ἢ
1097 3214 1389 3268 ἀποθανεῖν
1426 3212 1484 3264 ὲν
1531 3212 1600 3282 τῇ
1662 3209 1854 3281 ἐρήμῳ

1967 3201 2250 3259 solitudine
2273 3205 2339 3258 ⁷⁷.
2366 3225 2385 3257 ι
2410 3205 2494 3260 Ad
2538 3205 2656 3263 haec
2677 3222 2812 3262 vero
2840 3207 3052 3279 Moyses
3079 3224 3093 3262 :
3129 3225 3148 3260 ι
3176 3208 3329 3265 Bono
3362 3209 3547 3267 animo

282 3309 479 3381 ταύτῃ.
519 3327 538 3361 ι
567 3307 712 3381 Πρὸς
740 3306 808 3361 τὰ
834 3305 1014 3359 τοιάδε
1060 3304 1288 3374 Μωσῆς·
1326 3320 1345 3354 ι
1382 3300 1664 3374 Θαρσεῖτε,
1697 3301 1850 3371 φησὶ,

1967 3302 2158 3360 θείοιο,
2193 3294 2404 3362 inquit;
2432 3302 2594 3361 state,
2640 3305 2696 3352 et
2724 3296 2909 3354 videte
2939 3299 3172 3354 salutem
3206 3315 3329 3372 quae
3368 3316 3401 3355 a
3433 3300 3543 3356 Do-

288 3400 448 3471 στῆτε
481 3400 576 3455 καὶ
602 3400 763 3471 ὁρᾶτε
783 3397 881 3468 τὴν
913 3393 1183 3466 σωτηρίαν
1210 3393 1310 3464 τὴν
1339 3392 1491 3471 παρὰ
1520 3391 1614 3445 τοῦ
1647 3386 1853 3462 Κυρίου

1967 3385 2103 3439 mino
2122 3384 2251 3450 erit,
2301 3400 2466 3455 quam
2501 3386 2666 3442 faciet
2701 3388 2860 3444 vobis
2886 3388 3081 3457 hodie,
3122 3405 3235 3445 non
3272 3389 3544 3463 adjicietis

284 3492 349 3562 ἢν
376 3470 601 3561 ποιήσει
631 3488 765 3558 ἡμῖν
786 3487 1050 3557 σήμερον.
1091 3484 1186 3538 Ὃν
1218 3470 1548 3555 τρόπον’γὰρ
1575 3480 1856 3552 ἑωράκατε

1967 3476 2101 3531 ultra
2133 3475 2327 3533 videre
2358 3474 2509 3547 ipsos
2548 3477 2604 3532 in
2651 3474 2934 3535 saeculum.
2978 3479 3244 3537 Dominus
3282 3481 3549 3553 pugnabit

285 3580 613 3653 Αἰγυπτίους
638 3579 897 3650 σήμερον,
933 3575 992 3629 οὐ
1016 3572 1389 3645 προσθήσεσθε
1414 3572 1495 3624 ἔτι
1518 3571 1645 3624 ἰδεῖν
1663 3570 1858 3645 αὐτοὺς

1967 3572 2059 3637 pro
2104 3566 2289 3633 nobis,
2333 3575 2391 3623 et
2437 3583 2536 3624 vos
2577 3568 2853 3626 tacebitis.
2895 3571 3045 3626 Dixit
3067 3579 3251 3627 autem
3282 3572 3550 3628 Dominus

286 3676 365 3738 είς
392 3672 487 3729 τὸν
518 3670 689 3727 αἰῶνα
711 3669 920 3742 χρόνον.
946 3668 1151 3739 Κύριος
1179 3664 1474 3736 πολεμήσει
1506 3663 1647 3734 ὑπὲρ
1680 3662 1857 3735 ἡμῶν,

1967 3657 2029 3715 ad
2067 3658 2289 3731 Moysen
2325 3677 2338 3713 :
2372 3654 2487 3717 Cur
2508 3660 2711 3717 clamas
2746 3660 2815 3718 ad
2847 3662 2975 3719 me?
3006 3662 3258 3733 Loquere
3292 3664 3419 3720 ﬁliis
3460 3665 3543 3722 ls-

285 3770 380 3825 xal.
407 3768 569 3838 ὑμεῖς
592 3765 863 3834 σιγήσετε.
888 3754 1024 3814 Εἷπε
1053 3758 1111 3812 δὲ
1142 3757 1344 3830 Κύριος
1376 3755 1512 3827 πρὸς
1534 3754 1762 3826 Μωσῆνο
1793 3750 1859 3807 Τί

1967 3751 2095 3817 rael,
2133 3748 2190 3806 et
2232 3750 2692 3822 proﬁciscantur;
2731 3762 2789 3810 et
2815 3763 2877 3810 tu
2908 3756 3065 3813 eleva
3107 3756 3321 3829 virgam
3368 3765 3548 3824 tuam,

289 3860 415 3931 βοᾷς
441 3857 585 3930 πρός
614 3871 719 3923 με;
759 3852 993 3923 λάλησον
1024 3852 1135 3913 τοῖς
1160 3850 1296 3913 υίοῐς
1338 3845 1577 3919 Ἰσραὴλ,
1602 3845 1695 3899 καὶ
1728 3847 1858 3900 ἀνα-

1967 3846 2016 3899 et
2057 3842 2293 3900 extende
2322 3859 2546 3900 manum
2575 3854 2724 3901 tuam
2771 3847 2840 3903 ad
2870 3862 3043 3915 mare,
3084 3857 3141 3905 et
3183 3849 3331 3906 sicca
3372 3849 3547 3919 illud,

286 3948 662 4015 ζευξάτωσαν*
701 3943 798 3997 καὶ
826 3943 890 3996 σὺ
920 3941 1123 4012 ἔπαρον
1153 3938 1251 4010 τὴν
1278 3937 1472 4010 ῥάϐδον
1503 3952 1622 4000 σου,
1649 3935 1745 3990 καὶ
1777 3936 1859 3990 ἐκ·

1967 3943 2021 3990 et
2064 3935 2449 4008 ingrediantur
2500 3936 2598 3993 ﬁlii
2644 3938 2813 3994 Israel
2850 3938 2908 3994 in
2952 3939 3196 3996 medium
3249 3942 3419 3997 maris
3449 3956 3551 4012 per

284 4057 456 4094 τεινον
480 4038 579 4109 τὴν
599 4036 759 4111 χεῖρά
786 4052 879 4090 σου
921 4032 1016 4087 ἐπὶ
1041 4031 1139 4103 τὴν
1172 4030 1473 4092 θάλασσαν,
1508 4030 1602 4083 καί⁸
1630 4026 1859 4099 ξήρανον

1967 4026 2171 4083 siccum
2189 4028 2261 4086 ".
2293 4045 2312 4079 ι
2347 4029 2528 4100 Atque
2577 4029 2770 4085 auxilii
2820 4030 3046 4086 modum
3073 4032 3433 4103 perspicuum
3468 4032 3551 4088 fe-

285 4133 476 4204 αὐτήν.
513 4130 624 4184 Καὶ
666 4125 1054 4182 είσελθέτωσαν
1078 4122 1261 4177 οίύίοὶ
1298 4119 1513 4192 Ἰσραὴλ
1563 4120 1644 4183 είς
1700 4116 1859 4190 μέσον

1967 4117 2042 4172 cit
2070 4118 2262 4173 Deus:
2302 4137 2321 4170 ι
2368 4118 2604 4175 Sustulit
2646 4135 2727 4185 se,
2775 4139 2794 4172 ι
2828 4118 3041 4191 inquit,
3088 4141 3106 4174 ι
3157 4124 3384 4195 angelus
3437 4124 3550 4179 Do-

283 4224 380 4295 τῆς
410 4221 685 4292 θαλάσσης
718 4221 861 4273 κατὰ
883 4216 946 4270 τὸ
986 4214 1170 4286 ξηρόν.
1206 4228 1225 4265 ι
1253 4212 1367 4265 Καὶ
1398 4210 1490 4265 τόν
1518 4226 1583 4279 γε
1622 4212 1721 4280 τῆς
1741 4209 1859 4261 ἐπι-

1969 4209 2145 4275 mini,
2210 4210 2307 4279 qui
2366 4209 2715 4280 praecedebat
2787 4220 2967 4267 castra
3033 4211 3275 4268 ﬁliorum
3338 4213 3550 4281 Israel,

284 4312 512 4384 κουρίας
532 4309 731 4381 τρόπον
761 4305 992 4377 φανερὸν
1016 4302 1209 4373 ἐποίει,
1233 4300 1392 4369 Θεός·
1423 4317 1442 4369 ς
1481 4297 1674 4368 Ἐξῆρε
1705 4295 1812 4369 γὰρ
1837 4296 1859 4347 ὀ

1970 4306 2026 4353 et
2045 4298 2323 4369 profectus
2353 4307 2440 4354 est
2479 4307 2781 4354 retrorsum
2816 4316 2830 4352 :
2868 4299 3092 4354 sustulit
3134 4297 3299 4355 etiam
3346 4316 3407 4357 se
3456 4317 3552 4358 co-

284 4394 516 4472 ἀγγελὸς
542 4399 637 4454 τοῦ
658 4398 794 4453 Θεοῦ
825 4400 853 4452 ὀ
882 4395 1351 4469 προπορευόμενος
1376 4392 1477 4459 τῆς
1510 4388 1859 4462 παρεμϐολῆς

1967 4390 2155 4445 lumna
2186 4389 2353 4444 nubis
2390 4394 2423 4444 a
2462 4389 2599 4445 facie
2646 4404 2863 4456 eorum,
2901 4396 2958 4445 et
3003 4389 3158 4447 stetit
3191 4401 3317 4462 post
3350 4407 3466 4459 eos,
3496 4402 3554 4450 et

285 4497 392 4551 τῶν
433 4494 571 4549 υἱῶν
619 4490 856 4563 Ἰσραὴλ,
895 4489 991 4544 καὶ
1041 4485 1308 4559 ἐπορεύθη
1356 4487 1419 4538 ὲκ
1465 4485 1574 4537 τῶν
1622 4480 1859 4535 δπισθεν⁴

1977 4478 2222 4551 ingressa
2249 4488 2335 4535 est
2384 4478 2530 4535 inter
2563 4487 2744 4536 castra
2779 4479 3160 4554 (Egyptiorum
3198 4492 3256 4538 et
3295 4482 3439 4540 inter
3465 4499 3556 4540 οσ-

285 4584 447 4659 ὲξῆρε
483 4585 544 4640 δὲ
598 4585 694 4638 καὶ
736 4586 764 4638 ὀ
793 4581 983 4646 στύλος
1046 4580 1145 4650 τῆς
1180 4576 1410 4648 νεφέλης
1436 4574 1545 4629 ἀπὸ
1581 4571 1859 4646 προσώπω

1978 4578 2092 4627 stra
2117 4570 2308 4637 Israel,
2339 4579 2398 4628 et
2425 4571 2597 4640 stetit,
2626 4581 2683 4628 et
2701 4572 2844 4629 facta
2867 4580 2953 4630 est
2989 4574 3165 4647 caligo
3191 4582 3248 4632 et
3291 4575 3552 4642 tenebra,

283 4676 488 4740 αὐτῶν,
526 4677 621 4730 καὶ
655 4672 786 4747 ἔστη
820 4674 885 4729 ὲκ
912 4669 1021 4726 τῶν
1045 4669 1222 4724 ὀπίσω
1247 4666 1427 4723 αὐτῶν
1447 4683 1463 4699 ·
1498 4666 1594 4719 καὶ
1629 4662 1859 4736 είσῆλθει

1979 4669 2037 4717 et
2058 4661 2325 4733 praeteriit
2353 4678 2483 4727 nox,
2511 4668 2570 4718 et
2595 4677 2708 4718 non
2729 4663 3003 4722 commisti
3025 4672 3153 4719 sunt
3182 4664 3415 4721 invicem
3441 4673 3555 4722 tota

284 4770 389 4826 ἀνά
445 4766 610 4841 μέσον
670 4768 771 4840 τῆς
832 4761 1182 4837 παρεμϐολῆς
1236 4760 1344 4815 τῶν
1390 4756 1725 4827 Αἰγυπτίων,
1779 4753 1859 4808 κα¹

1979 4759 2143 4808 nocte
2159 4751 2223 4807 ⁷⁸.
2262 4771 2283 4805 ι
2317 4750 2495 4824 Atque
2537 4752 2655 4810 haec
2694 4753 2921 4826 quidem
2971 4763 3137 4826 gestas
3183 4753 3265 4810 rei
3312 4757 3557 4810 narratio

284 4861 384 4917 ἀνὰ
447 4840 614 4931 μέσον
675 4856 1028 4933 παρεμϐολῆς
1096 4852 1337 4931 Ἰσραὴλ,
1404 4852 1497 4904 καὶ
1563 4840 1692 4919 ἔστη
1713 4888 1729 4911 ,
1781 4844 1859 4900 κα¹

1980 4845 2241 4900 contexit.
2293 4844 2485 4917 Operae
2529 4846 2768 4920 pretium
2820 4855 3007 4904 autem
3055 4846 3311 4904 existimo
3364 4864 3557 4907 rursus

285 4954 506 5022 ἐγένετο
536 4952 727 5011 σκότος
750 4950 846 5004 καὶ
868 4946 1087 5017 γνόφος.
1117 4945 1227 4998 Καὶ
1253 4942 1468 5014 διῆλθεν
1488 4943 1522 5010 ἡ
1553 4938 1671 5004 νὺξ,
1694 4938 1790 4992 καὶ
1814 4939 1859 4991 oi

1982 4936 2328 4993 Subtiliorem
2372 4938 2572 4995 borum
2618 4939 2917 4997 verborum
2969 4956 3191 4998 sensum
3242 4940 3516 5016 inspicere
3537 4980 3555 5010 ,

287 5042 580 5115 συνέμιξαν
600 5042 848 5111 ἀλλήλοις
876 5039 1004 5116 ὃλην
1029 5036 1127 5109 τὴν
1155 5034 1344 5089 νύκτα.
1379 5051 1399 5085 ι
1458 5031 1567 5086 Καὶ
1602 5030 1758 5084 ταυτὶ
1779 5030 1859 5101 μὲι

1983 5029 2364 5102 acrioremque
2392 5031 2597 5088 mentis
2624 5034 2801 5089 aciem
2839 5032 3161 5111 his‘litteris
3188 5033 3449 5108 adjicere.

284 5139 419 5209 ἡμῖν
443 5136 484 5188 ’ὀ
523 5135 623 5205 τῆς
679 5114 933 5203 ἱστορίας
968 5125 1271 5203 ἐξυφαίνει⁵
1298 5122 1475 5191 λόγος’
1517 5120 1715 5192 χρῆναι
1765 5119 1823 5174 δὲ
1869 5114 2022 5193 οἶμαι
2058 5118 2223 5193 πάλιν
2252 5121 2403 5194 ἡμᾶς
2432 5122 2531 5196 τὴν
2553 5122 2663 5177 τῶν
2687 5123 2973 5195 νοημάτων
2994 5123 3280 5196 ἀκρίϐειαν
3304 5125 3382 5200 (1)
3406 5126 3535 5181 ἰδεῖν

283 5226 483 5280 λεπτὸν
513 5223 746 5285 ἐνιέντες
774 5220 885 5282 τοῖς
913 5214 1320 5288 γεγραμμένοις
1344 5212 1436 5266 τὸν
1465 5211 1609 5266 νοῦν.

352 5315 567 5371 ΠΑΔΛ.
592 5307 747 5366 Πάνυ
777 5312 875 5382 μὲν
896 5305 1010 5363 οὖν.

1998 5300 2001 5301 ⁷
2042 5304 2242 5360 PALL.
2272 5305 2354 5361 Ita
2376 5321 2605 5378 prorsus
2635 5322 2855 5363 censeo.

352 5407 520 5461 ΚΥΡ.
567 5392 873 5475 Ἐξαίρουσι
899 5396 1188 5470 τοιγαροῦν
1216 5398 1265 5450 οἱ
1309 5394 1368 5461 ἐξ
1402 5394 1618 5468 Ἰσραὴλ
1657 5396 1739 5460 είς
1766 5394 1859 5467 τὴν

2042 5393 2202 5450 CYR.
2234 5395 2669 5453 Proﬁciscuntur
2699 5398 2870 5470 igitur
2898 5398 2996 5457 lilii
3029 5401 3193 5459 Israel
3215 5401 3285 5458 ad
3346 5409 3553 5461 terram

282 5486 445 5568 ἁγίαν
477 5495 801 5557 σπεύδοντες
828 5493 955 5563 γῆν,
983 5492 1059 5554 ὼς
1088 5490 1146 5542 ἐν
1177 5487 1351 5558 στύλῳ
1389 5486 1560 5557 πυρὸς
1590 5486 1686 5540 καὶ
1709 5486 1859 5555 νεφέ-

1971 5494 2215 5541 sanctam
2270 5497 2654 5567 prOperantes,
2708 5490 2823 5564 86
2866 5499 3129 5564 tanquam
3181 5494 3238 5549 in
3296 5495 3553 5561 columna

284 5564 383 5659 λης
438 5580 863 5655 προϐιϐάζοντός
890 5578 950 5634 τε
991 5580 1085 5632 καὶ
1113 5577 1422 5649 ἡγουμένου
1453 5575 1612 5629 Θεοῦ.
1645 5575 1720 5629 Οὐ
1753 5576 1859 5647 γὰρ

1969 5579 2110 5649 ignis
2141 5594 2205 5633 ac
2226 5564 2403 5635 nubis
2422 5580 2534 5659 Deo
2558 5590 2836 5653 praeeunte
2864 5591 3027 5655 atque
3053 5583 3330 5653 ducente;
3374 5602 3553 5657 neque

284 5677 572 5745 ἑστιν,ούκ
596 5674 742 5727 ἐστιν
771 5675 850 5737 ei,
869 5664 967 5744 τὴν
995 5671 1108 5725 ἄνω
1125 5686 1183 5722 τε
1208 5669 1301 5721 καὶ
1329 5666 1489 5735 ἁγίαν
1516 5667 1859 5747 ἀφικνεῖσθαι

1967 5670 2117 5725 enim
2143 5671 2257 5727 ullo
2290 5658 2458 5728 modo
2492 5672 2625 5730 licet
2655 5675 2723 5731 ad
2750 5690 3044 5748 supernan‘
3105 5676 3256 5732 illam
3308 5687 3550 5735 sanctam

352 5796 399 5829 ”
420 5796 582 5851 Rom.
615 5803 729 5858 xm,
771 5791 856 5857 12,
909 5790 996 5844 15.
1070 5788 1118 5821 ⁷⁸
1143 5785 1315 5841 Exod.
1354 5782 1529 5848 x‘tv,‘6
1558 5799 1709 5856 seqq.
1784 5782 1830 5818 "
1867 5782 2030 5854 Ibid,.
2067 5789 2251 5845 10-12.
2331 5792 2377 5826 ⁷⁸
2408 5791 2570 5860 lbid.,
2624 5792 2804 5850 13-16.
2882 5792 2927 5826 "'
2968 5791 3130 5860 Ibid.,
3165 5791 3251 5857 l9,
3285 5790 3377 5846 20..

356 5889 432 5955 (1)
466 5889 559 5945 Sic
592 5887 714 5942 cod.
743 5886 923 5942 Vatic.
959 5880 1093 5940 Cod.
1126 5878 1338 5945 Sirleti,
1374 5876 1623 5948 καρδίαν.
2130 5910 2133 5913 -
