  <div class='ocr_page' id='page_1' title='image "/cluster/home/n/w/nwhite01/storage/ocr_20150623/68/pst.000005712694/147.png"; bbox 0 0 3968 6300; ppageno 0'>
   <div class='ocr_carea' id='block_1_1' title="bbox 411 289 514 343">
    <p class='ocr_par' dir='ltr' id='par_1_1' title="bbox 411 289 514 343">
     <span class='ocr_line' id='line_1_1' title="bbox 411 289 514 343; baseline 0.01 -1"><span class='ocrx_word' id='word_1_1' title='bbox 411 289 514 343; x_wconf 66' lang='grc'><strong>271</strong></span> 
     </span>
    </p>
   </div>
   <div class='ocr_carea' id='block_1_2' title="bbox 1439 286 2675 352">
    <p class='ocr_par' dir='ltr' id='par_1_2' title="bbox 1439 286 2675 352">
     <span class='ocr_line' id='line_1_2' title="bbox 1439 286 2675 352; baseline -0.008 0"><span class='ocrx_word' id='word_1_2' title='bbox 1439 295 1497 352; x_wconf 89' lang='lat' dir='ltr'><strong>S.</strong></span> <span class='ocrx_word' id='word_1_3' title='bbox 1537 293 1813 352; x_wconf 73' lang='lat' dir='ltr'><strong>CYBILLI</strong></span> <span class='ocrx_word' id='word_1_4' title='bbox 1850 289 2322 349; x_wconf 78' lang='lat' dir='ltr'><strong>ALEXANDRINI</strong></span> <span class='ocrx_word' id='word_1_5' title='bbox 2358 286 2675 351; x_wconf 78' lang='lat' dir='ltr'><strong>ARCHIEP.</strong></span> 
     </span>
    </p>
   </div>
   <div class='ocr_carea' id='block_1_3' title="bbox 3601 290 3668 347">
    <p class='ocr_par' dir='ltr' id='par_1_3' title="bbox 3601 290 3668 347">
     <span class='ocr_line' id='line_1_3' title="bbox 3601 290 3668 347; baseline 0.015 -1"><span class='ocrx_word' id='word_1_6' title='bbox 3601 290 3668 347; x_wconf 65' lang='grc' dir='ltr'><strong>τὶ</strong></span> 
     </span>
    </p>
   </div>
   <div class='ocr_carea' id='block_1_4' title="bbox 412 401 1989 483">
    <p class='ocr_par' dir='ltr' id='par_1_4' title="bbox 412 405 1989 483">
     <span class='ocr_line' id='line_1_4' title="bbox 412 405 1989 483; baseline 0.003 -22"><span class='ocrx_word' id='word_1_7' title='bbox 412 423 518 476; x_wconf 81' lang='lat' dir='ltr'><strong>que</strong></span> <span class='ocrx_word' id='word_1_8' title='bbox 549 405 826 462; x_wconf 84' lang='lat' dir='ltr'><strong>civitatem</strong></span> <span class='ocrx_word' id='word_1_9' title='bbox 845 409 1165 478; x_wconf 79' lang='lat' dir='ltr'><strong>pervenire,</strong></span> <span class='ocrx_word' id='word_1_10' title='bbox 1193 412 1297 467; x_wconf 90' lang='lat' dir='ltr'><strong>nisi</strong></span> <span class='ocrx_word' id='word_1_11' title='bbox 1322 413 1542 468; x_wconf 99' lang='lat' dir='ltr'><strong>Christo</strong></span> <span class='ocrx_word' id='word_1_12' title='bbox 1578 413 1741 480; x_wconf 88' lang='lat' dir='ltr'><strong>duce,</strong></span> <span class='ocrx_word' id='word_1_13' title='bbox 1771 412 1866 483; x_wconf 87' lang='lat' dir='ltr'><strong>qui</strong></span> <span class='ocrx_word' id='word_1_14' title='bbox 1905 427 1989 466; x_wconf 90' lang='lat' dir='ltr'><strong>sa-</strong></span> 
     </span>
    </p>
   </div>
   <div class='ocr_carea' id='block_1_5' title="bbox 2096 401 3664 483">
    <p class='ocr_par' dir='ltr' id='par_1_5' title="bbox 2103 401 3664 480">
     <span class='ocr_line' id='line_1_5' title="bbox 2103 401 3664 480; baseline 0.001 -19"><span class='ocrx_word' id='word_1_15' title='bbox 2103 407 2284 470; x_wconf 84' lang='grc' dir='ltr'>πόλιν,</span> <span class='ocrx_word' id='word_1_16' title='bbox 2324 406 2400 478; x_wconf 81' lang='grc' dir='ltr'>μὴ</span> <span class='ocrx_word' id='word_1_17' title='bbox 2429 406 2547 478; x_wconf 76' lang='grc' dir='ltr'>οὐχὶ</span> <span class='ocrx_word' id='word_1_18' title='bbox 2579 402 2993 475; x_wconf 81' lang='grc' dir='ltr'><strong>καθηγουμένου</strong></span> <span class='ocrx_word' id='word_1_19' title='bbox 3026 401 3260 473; x_wconf 79' lang='grc' dir='ltr'><strong>Χριστοῦ</strong></span> <span class='ocrx_word' id='word_1_20' title='bbox 3281 443 3297 468; x_wconf 93' lang='grc'><strong>,</strong></span> <span class='ocrx_word' id='word_1_21' title='bbox 3335 403 3430 458; x_wconf 72' lang='grc' dir='ltr'><strong>καὶ</strong></span> <span class='ocrx_word' id='word_1_22' title='bbox 3463 404 3664 480; x_wconf 81' lang='grc' dir='ltr'>ἐναργῆ</span> 
     </span>
    </p>
   </div>
   <div class='ocr_carea' id='block_1_6' title="bbox 407 493 1989 574">
    <p class='ocr_par' dir='ltr' id='par_1_6' title="bbox 407 497 1984 574">
     <span class='ocr_line' id='line_1_6' title="bbox 407 497 1984 574; baseline 0.004 -24"><span class='ocrx_word' id='word_1_23' title='bbox 407 497 549 550; x_wconf 85' lang='lat' dir='ltr'><strong>lutis</strong></span> <span class='ocrx_word' id='word_1_24' title='bbox 584 497 690 550; x_wconf 91' lang='lat' dir='ltr'><strong>iter</strong></span> <span class='ocrx_word' id='word_1_25' title='bbox 719 497 1072 568; x_wconf 87' lang='lat' dir='ltr'><strong>perspicuum</strong></span> <span class='ocrx_word' id='word_1_26' title='bbox 1103 502 1328 570; x_wconf 88' lang='lat' dir='ltr'><strong>reddat;</strong></span> <span class='ocrx_word' id='word_1_27' title='bbox 1361 505 1417 558; x_wconf 93' lang='lat' dir='ltr'><strong>in</strong></span> <span class='ocrx_word' id='word_1_28' title='bbox 1453 519 1550 559; x_wconf 90' lang='lat' dir='ltr'><strong>eos</strong></span> <span class='ocrx_word' id='word_1_29' title='bbox 1582 512 1764 558; x_wconf 88' lang='lat' dir='ltr'><strong>tamen</strong></span> <span class='ocrx_word' id='word_1_30' title='bbox 1794 503 1890 574; x_wconf 90' lang='lat' dir='ltr'><strong>qui</strong></span> <span class='ocrx_word' id='word_1_31' title='bbox 1929 503 1984 558; x_wconf 93' lang='lat' dir='ltr'><strong>id</strong></span> 
     </span>
    </p>
   </div>
   <div class='ocr_carea' id='block_1_7' title="bbox 2096 493 3668 574">
    <p class='ocr_par' dir='ltr' id='par_1_7' title="bbox 2096 493 3668 569">
     <span class='ocr_line' id='line_1_7' title="bbox 2096 493 3668 569; baseline 0 -17"><span class='ocrx_word' id='word_1_32' title='bbox 2096 499 2451 562; x_wconf 80' lang='grc' dir='ltr'><strong>καθιστάντος</strong></span> <span class='ocrx_word' id='word_1_33' title='bbox 2497 498 2597 569; x_wconf 82' lang='grc' dir='ltr'>τὴν</span> <span class='ocrx_word' id='word_1_34' title='bbox 2642 496 2740 568; x_wconf 88' lang='grc' dir='ltr'><strong>τῆς</strong></span> <span class='ocrx_word' id='word_1_35' title='bbox 2791 494 3065 565; x_wconf 78' lang='grc' dir='ltr'><strong>σωτηρίας</strong></span> <span class='ocrx_word' id='word_1_36' title='bbox 3103 493 3239 548; x_wconf 74' lang='grc' dir='ltr'>ὁδόν.</span> <span class='ocrx_word' id='word_1_37' title='bbox 3285 495 3410 560; x_wconf 86' lang='grc' dir='ltr'>Τοῖς</span> <span class='ocrx_word' id='word_1_38' title='bbox 3447 512 3511 565; x_wconf 89' lang='grc' dir='ltr'><strong>γε</strong></span> <span class='ocrx_word' id='word_1_39' title='bbox 3561 497 3668 569; x_wconf 83' lang='grc' dir='ltr'>μὴν</span> 
     </span>
    </p>
   </div>
   <div class='ocr_carea' id='block_1_8' title="bbox 411 586 1985 664">
    <p class='ocr_par' dir='ltr' id='par_1_8' title="bbox 411 586 1985 664">
     <span class='ocr_line' id='line_1_8' title="bbox 411 586 1985 664; baseline 0.004 -24"><span class='ocrx_word' id='word_1_40' title='bbox 411 586 590 641; x_wconf 87' lang='lat' dir='ltr'><strong>facere</strong></span> <span class='ocrx_word' id='word_1_41' title='bbox 627 593 962 656; x_wconf 88' lang='lat' dir='ltr'><strong>statuerunt,</strong></span> <span class='ocrx_word' id='word_1_42' title='bbox 993 591 1234 647; x_wconf 88' lang='lat' dir='ltr'><strong>fremunt</strong></span> <span class='ocrx_word' id='word_1_43' title='bbox 1254 593 1512 649; x_wconf 89' lang='lat' dir='ltr'><strong>dentibus</strong></span> <span class='ocrx_word' id='word_1_44' title='bbox 1539 595 1745 660; x_wconf 77' lang='lat' dir='ltr'><strong>hostes,</strong></span> <span class='ocrx_word' id='word_1_45' title='bbox 1789 594 1883 664; x_wconf 92' lang='lat' dir='ltr'><strong>qui</strong></span> <span class='ocrx_word' id='word_1_46' title='bbox 1930 594 1985 648; x_wconf 85' lang='lat' dir='ltr'><strong>in</strong></span> 
     </span>
    </p>
   </div>
   <div class='ocr_carea' id='block_1_9' title="bbox 412 679 1989 748">
    <p class='ocr_par' dir='ltr' id='par_1_9' title="bbox 412 679 1989 748">
     <span class='ocr_line' id='line_1_9' title="bbox 412 679 1989 748; baseline 0.004 -16"><span class='ocrx_word' id='word_1_47' title='bbox 412 679 516 733; x_wconf 85' lang='lat' dir='ltr'><strong>hoc</strong></span> <span class='ocrx_word' id='word_1_48' title='bbox 540 679 745 734; x_wconf 88' lang='lat' dir='ltr'><strong>mundo</strong></span> <span class='ocrx_word' id='word_1_49' title='bbox 771 692 1096 748; x_wconf 70' lang='lat' dir='ltr'><strong>versantur;</strong></span> <span class='ocrx_word' id='word_1_50' title='bbox 1127 683 1216 738; x_wconf 82' lang='lat' dir='ltr'><strong>lex</strong></span> <span class='ocrx_word' id='word_1_51' title='bbox 1239 692 1429 738; x_wconf 87' lang='lat' dir='ltr'><strong>contra</strong></span> <span class='ocrx_word' id='word_1_52' title='bbox 1448 684 1516 738; x_wconf 91' lang='lat' dir='ltr'><strong>ad</strong></span> <span class='ocrx_word' id='word_1_53' title='bbox 1541 684 1756 739; x_wconf 76' lang='lat' dir='ltr'><strong>fortiter</strong></span> <span class='ocrx_word' id='word_1_54' title='bbox 1784 683 1989 738; x_wconf 89' lang='lat' dir='ltr'><strong>auden-</strong></span> 
     </span>
    </p>
   </div>
   <div class='ocr_carea' id='block_1_10' title="bbox 411 768 1990 844">
    <p class='ocr_par' dir='ltr' id='par_1_10' title="bbox 411 768 1990 844">
     <span class='ocr_line' id='line_1_10' title="bbox 411 768 1990 844; baseline 0.004 -21"><span class='ocrx_word' id='word_1_55' title='bbox 411 768 542 823; x_wconf 90' lang='lat' dir='ltr'><strong>dum</strong></span> <span class='ocrx_word' id='word_1_56' title='bbox 569 769 843 837; x_wconf 73' lang='lat' dir='ltr'><strong>hortatur,</strong></span> <span class='ocrx_word' id='word_1_57' title='bbox 867 779 1030 842; x_wconf 91' lang='lat' dir='ltr'><strong>atque</strong></span> <span class='ocrx_word' id='word_1_58' title='bbox 1063 774 1352 829; x_wconf 89' lang='lat' dir='ltr'><strong>conﬁrmat</strong></span> <span class='ocrx_word' id='word_1_59' title='bbox 1392 782 1544 829; x_wconf 91' lang='lat' dir='ltr'><strong>metu</strong></span> <span class='ocrx_word' id='word_1_60' title='bbox 1582 775 1884 844; x_wconf 90' lang='lat' dir='ltr'><strong>perculsos,</strong></span> <span class='ocrx_word' id='word_1_61' title='bbox 1926 790 1990 830; x_wconf 88' lang='lat' dir='ltr'><strong>ac</strong></span> 
     </span>
    </p>
   </div>
   <div class='ocr_carea' id='block_1_11' title="bbox 405 858 1988 931">
    <p class='ocr_par' dir='ltr' id='par_1_11' title="bbox 405 858 1988 931">
     <span class='ocr_line' id='line_1_11' title="bbox 405 858 1988 931; baseline 0.006 -18"><span class='ocrx_word' id='word_1_62' title='bbox 405 858 529 914; x_wconf 79' lang='lat' dir='ltr'><strong>fore</strong></span> <span class='ocrx_word' id='word_1_63' title='bbox 555 861 1082 918; x_wconf 77' lang='lat' dir='ltr'><strong>ut‘adverSariorum</strong></span> <span class='ocrx_word' id='word_1_64' title='bbox 1111 862 1312 920; x_wconf 82' lang='lat' dir='ltr'><strong>cohors</strong></span> <span class='ocrx_word' id='word_1_65' title='bbox 1341 866 1519 931; x_wconf 83' lang='lat' dir='ltr'><strong>cadat,</strong></span> <span class='ocrx_word' id='word_1_66' title='bbox 1561 865 1848 922; x_wconf 79' lang='lat' dir='ltr'><strong>manifeste</strong></span> <span class='ocrx_word' id='word_1_67' title='bbox 1890 867 1988 922; x_wconf 89' lang='lat' dir='ltr'><strong>ad-</strong></span> 
     </span>
    </p>
   </div>
   <div class='ocr_carea' id='block_1_12' title="bbox 407 950 1990 1028">
    <p class='ocr_par' dir='ltr' id='par_1_12' title="bbox 407 950 1990 1028">
     <span class='ocr_line' id='line_1_12' title="bbox 407 950 1990 1028; baseline 0.003 -22"><span class='ocrx_word' id='word_1_68' title='bbox 407 952 638 1008; x_wconf 87' lang='lat' dir='ltr'><strong>modum</strong></span> <span class='ocrx_word' id='word_1_69' title='bbox 661 950 933 1009; x_wconf 85' lang='lat' dir='ltr'><strong>declarat:</strong></span> <span class='ocrx_word' id='word_1_70' title='bbox 967 971 1094 1011; x_wconf 90' lang='lat' dir='ltr'><strong>nam</strong></span> <span class='ocrx_word' id='word_1_71' title='bbox 1125 971 1192 1011; x_wconf 78' lang='lat' dir='ltr'><strong>ex</strong></span> <span class='ocrx_word' id='word_1_72' title='bbox 1216 972 1325 1027; x_wconf 92' lang='lat' dir='ltr'><strong>quo</strong></span> <span class='ocrx_word' id='word_1_73' title='bbox 1346 954 1583 1028; x_wconf 65' lang='lat' dir='ltr'><strong>Egyptii</strong></span> <span class='ocrx_word' id='word_1_74' title='bbox 1601 972 1632 1012; x_wconf 91' lang='lat' dir='ltr'><strong>e</strong></span> <span class='ocrx_word' id='word_1_75' title='bbox 1651 957 1831 1012; x_wconf 88' lang='lat' dir='ltr'><strong>medio</strong></span> <span class='ocrx_word' id='word_1_76' title='bbox 1857 956 1990 1011; x_wconf 90' lang='lat' dir='ltr'><strong>sub-</strong></span> 
     </span>
    </p>
   </div>
   <div class='ocr_carea' id='block_1_13' title="bbox 414 1043 1990 1118">
    <p class='ocr_par' dir='ltr' id='par_1_13' title="bbox 414 1043 1990 1118">
     <span class='ocr_line' id='line_1_13' title="bbox 414 1043 1990 1118; baseline 0.004 -21"><span class='ocrx_word' id='word_1_77' title='bbox 414 1043 510 1098; x_wconf 90' lang='lat' dir='ltr'><strong>lati</strong></span> <span class='ocrx_word' id='word_1_78' title='bbox 547 1054 694 1110; x_wconf 85' lang='lat' dir='ltr'><strong>sunt,</strong></span> <span class='ocrx_word' id='word_1_79' title='bbox 749 1045 853 1100; x_wconf 90' lang='lat' dir='ltr'><strong>hoc</strong></span> <span class='ocrx_word' id='word_1_80' title='bbox 885 1047 1076 1116; x_wconf 90' lang='lat' dir='ltr'><strong>procul</strong></span> <span class='ocrx_word' id='word_1_81' title='bbox 1104 1046 1274 1102; x_wconf 89' lang='lat' dir='ltr'><strong>dubio</strong></span> <span class='ocrx_word' id='word_1_82' title='bbox 1329 1047 1697 1118; x_wconf 90' lang='lat' dir='ltr'><strong>signiﬁcatur;</strong></span> <span class='ocrx_word' id='word_1_83' title='bbox 1744 1063 1839 1103; x_wconf 91' lang='lat' dir='ltr'><strong>eos</strong></span> <span class='ocrx_word' id='word_1_84' title='bbox 1889 1064 1990 1103; x_wconf 89' lang='lat' dir='ltr'><strong>au-</strong></span> 
     </span>
    </p>
   </div>
   <div class='ocr_carea' id='block_1_14' title="bbox 415 1134 1991 1208">
    <p class='ocr_par' dir='ltr' id='par_1_14' title="bbox 415 1134 1991 1208">
     <span class='ocr_line' id='line_1_14' title="bbox 415 1134 1991 1208; baseline 0.004 -21"><span class='ocrx_word' id='word_1_85' title='bbox 415 1143 527 1188; x_wconf 87' lang='lat' dir='ltr'><strong>tem</strong></span> <span class='ocrx_word' id='word_1_86' title='bbox 557 1134 651 1205; x_wconf 92' lang='lat' dir='ltr'><strong>qui</strong></span> <span class='ocrx_word' id='word_1_87' title='bbox 693 1134 1014 1191; x_wconf 91' lang='lat' dir='ltr'><strong>imminente</strong></span> <span class='ocrx_word' id='word_1_88' title='bbox 1045 1137 1190 1192; x_wconf 87' lang='lat' dir='ltr'><strong>malo</strong></span> <span class='ocrx_word' id='word_1_89' title='bbox 1234 1137 1599 1202; x_wconf 89' lang='lat' dir='ltr'><strong>terrebantur,</strong></span> <span class='ocrx_word' id='word_1_90' title='bbox 1636 1145 1894 1208; x_wconf 90' lang='lat' dir='ltr'><strong>tanquam</strong></span> <span class='ocrx_word' id='word_1_91' title='bbox 1935 1139 1991 1194; x_wconf 90' lang='lat' dir='ltr'><strong>in</strong></span> 
     </span>
    </p>
   </div>
   <div class='ocr_carea' id='block_1_15' title="bbox 416 1222 1990 1299">
    <p class='ocr_par' dir='ltr' id='par_1_15' title="bbox 416 1222 1990 1299">
     <span class='ocr_line' id='line_1_15' title="bbox 416 1222 1990 1299; baseline 0.004 -22"><span class='ocrx_word' id='word_1_92' title='bbox 416 1222 586 1295; x_wconf 87' lang='lat' dir='ltr'><strong>ﬁgura</strong></span> <span class='ocrx_word' id='word_1_93' title='bbox 620 1241 813 1281; x_wconf 89' lang='lat' dir='ltr'><strong>rursus</strong></span> <span class='ocrx_word' id='word_1_94' title='bbox 839 1227 1014 1282; x_wconf 89' lang='lat' dir='ltr'><strong>sancti</strong></span> <span class='ocrx_word' id='word_1_95' title='bbox 1053 1228 1397 1299; x_wconf 86' lang='lat' dir='ltr'><strong>baptismatis</strong></span> <span class='ocrx_word' id='word_1_96' title='bbox 1443 1228 1622 1283; x_wconf 86' lang='lat' dir='ltr'><strong>salvos</strong></span> <span class='ocrx_word' id='word_1_97' title='bbox 1661 1227 1794 1284; x_wconf 85' lang='lat' dir='ltr'><strong>fecit</strong></span> <span class='ocrx_word' id='word_1_98' title='bbox 1826 1230 1990 1286; x_wconf 88' lang='lat' dir='ltr'><strong>Deus.</strong></span> 
     </span>
    </p>
   </div>
   <div class='ocr_carea' id='block_1_16' title="bbox 423 1314 1988 1388">
    <p class='ocr_par' dir='ltr' id='par_1_16' title="bbox 423 1314 1988 1388">
     <span class='ocr_line' id='line_1_16' title="bbox 423 1314 1988 1388; baseline 0.007 -24"><span class='ocrx_word' id='word_1_99' title='bbox 423 1332 441 1364; x_wconf 77' lang='grc' dir='ltr'><strong>ι</strong></span> <span class='ocrx_word' id='word_1_100' title='bbox 468 1314 715 1385; x_wconf 90' lang='lat' dir='ltr'><strong>Loquere</strong></span> <span class='ocrx_word' id='word_1_101' title='bbox 731 1316 934 1383; x_wconf 70' lang='lat' dir='ltr'><strong>enim,»</strong></span> <span class='ocrx_word' id='word_1_102' title='bbox 962 1318 1059 1382; x_wconf 88' lang='lat' dir='ltr'><strong>ait,</strong></span> <span class='ocrx_word' id='word_1_103' title='bbox 1094 1336 1110 1368; x_wconf 79' lang='grc' dir='ltr'><strong>ι</strong></span> <span class='ocrx_word' id='word_1_104' title='bbox 1137 1317 1264 1372; x_wconf 89' lang='lat' dir='ltr'><strong>ﬁliis</strong></span> <span class='ocrx_word' id='word_1_105' title='bbox 1277 1315 1988 1388; x_wconf 87' lang='lat' dir='ltr'><strong>lsrael,etproﬁciscantur:</strong></span> 
     </span>
    </p>
   </div>
   <div class='ocr_carea' id='block_1_17' title="bbox 415 1407 1993 1480">
    <p class='ocr_par' dir='ltr' id='par_1_17' title="bbox 415 1407 1993 1480">
     <span class='ocr_line' id='line_1_17' title="bbox 415 1407 1993 1480; baseline 0.005 -20"><span class='ocrx_word' id='word_1_106' title='bbox 415 1414 470 1460; x_wconf 88' lang='lat' dir='ltr'><strong>et</strong></span> <span class='ocrx_word' id='word_1_107' title='bbox 501 1415 560 1461; x_wconf 90' lang='lat' dir='ltr'><strong>tu</strong></span> <span class='ocrx_word' id='word_1_108' title='bbox 594 1407 726 1463; x_wconf 90' lang='lat' dir='ltr'><strong>tolle</strong></span> <span class='ocrx_word' id='word_1_109' title='bbox 763 1408 973 1480; x_wconf 82' lang='lat' dir='ltr'><strong>virgam</strong></span> <span class='ocrx_word' id='word_1_110' title='bbox 1001 1417 1148 1464; x_wconf 90' lang='lat' dir='ltr'><strong>tuam</strong></span> <span class='ocrx_word' id='word_1_111' title='bbox 1171 1450 1184 1474; x_wconf 91' lang='lat'><strong>,</strong></span> <span class='ocrx_word' id='word_1_112' title='bbox 1217 1418 1273 1464; x_wconf 91' lang='lat' dir='ltr'><strong>et</strong></span> <span class='ocrx_word' id='word_1_113' title='bbox 1311 1410 1544 1465; x_wconf 81' lang='lat' dir='ltr'><strong>extende</strong></span> <span class='ocrx_word' id='word_1_114' title='bbox 1593 1426 1814 1465; x_wconf 87' lang='lat' dir='ltr'><strong>manum</strong></span> <span class='ocrx_word' id='word_1_115' title='bbox 1845 1418 1993 1467; x_wconf 87' lang='lat' dir='ltr'><strong>tuam</strong></span> 
     </span>
    </p>
   </div>
   <div class='ocr_carea' id='block_1_18' title="bbox 415 1495 1992 1568">
    <p class='ocr_par' dir='ltr' id='par_1_18' title="bbox 415 1495 1992 1568">
     <span class='ocr_line' id='line_1_18' title="bbox 415 1495 1992 1568; baseline 0.001 -18"><span class='ocrx_word' id='word_1_116' title='bbox 415 1509 581 1564; x_wconf 88' lang='lat' dir='ltr'><strong>super</strong></span> <span class='ocrx_word' id='word_1_117' title='bbox 619 1510 768 1550; x_wconf 89' lang='lat' dir='ltr'><strong>mare</strong></span> <span class='ocrx_word' id='word_1_118' title='bbox 792 1536 806 1560; x_wconf 92' lang='lat'><strong>,</strong></span> <span class='ocrx_word' id='word_1_119' title='bbox 837 1504 895 1550; x_wconf 91' lang='lat' dir='ltr'><strong>et</strong></span> <span class='ocrx_word' id='word_1_120' title='bbox 921 1495 1066 1551; x_wconf 85' lang='lat' dir='ltr'><strong>sicca</strong></span> <span class='ocrx_word' id='word_1_121' title='bbox 1096 1497 1231 1551; x_wconf 91' lang='lat' dir='ltr'><strong>illud</strong></span> <span class='ocrx_word' id='word_1_122' title='bbox 1256 1514 1271 1564; x_wconf 93' lang='lat'><strong>;</strong></span> <span class='ocrx_word' id='word_1_123' title='bbox 1301 1507 1358 1553; x_wconf 89' lang='lat' dir='ltr'><strong>et</strong></span> <span class='ocrx_word' id='word_1_124' title='bbox 1389 1498 1769 1568; x_wconf 82' lang='lat' dir='ltr'><strong>ingrediantur</strong></span> <span class='ocrx_word' id='word_1_125' title='bbox 1794 1497 1891 1552; x_wconf 85' lang='lat' dir='ltr'><strong>ﬁlii</strong></span> <span class='ocrx_word' id='word_1_126' title='bbox 1914 1499 1992 1552; x_wconf 92' lang='lat' dir='ltr'><strong>ls-</strong></span> 
     </span>
    </p>
   </div>
   <div class='ocr_carea' id='block_1_19' title="bbox 417 1584 1996 1663">
    <p class='ocr_par' dir='ltr' id='par_1_19' title="bbox 417 1584 1996 1663">
     <span class='ocr_line' id='line_1_19' title="bbox 417 1584 1996 1663; baseline 0.004 -26"><span class='ocrx_word' id='word_1_127' title='bbox 417 1584 528 1638; x_wconf 88' lang='lat' dir='ltr'><strong>rael</strong></span> <span class='ocrx_word' id='word_1_128' title='bbox 568 1584 623 1639; x_wconf 91' lang='lat' dir='ltr'><strong>in</strong></span> <span class='ocrx_word' id='word_1_129' title='bbox 676 1585 919 1640; x_wconf 90' lang='lat' dir='ltr'><strong>medium</strong></span> <span class='ocrx_word' id='word_1_130' title='bbox 968 1585 1214 1641; x_wconf 73' lang='lat' dir='ltr'><strong>maris&quot;.</strong></span> <span class='ocrx_word' id='word_1_131' title='bbox 1261 1607 1279 1638; x_wconf 78' lang='grc' dir='ltr'><strong>ι</strong></span> <span class='ocrx_word' id='word_1_132' title='bbox 1343 1588 1523 1663; x_wconf 67' lang='lat' dir='ltr'><strong>Quid?</strong></span> <span class='ocrx_word' id='word_1_133' title='bbox 1564 1604 1744 1643; x_wconf 91' lang='lat' dir='ltr'><strong>nonne</strong></span> <span class='ocrx_word' id='word_1_134' title='bbox 1776 1587 1996 1643; x_wconf 83' lang='lat' dir='ltr'><strong>divinus</strong></span> 
     </span>
    </p>
   </div>
   <div class='ocr_carea' id='block_1_20' title="bbox 2087 587 3667 664">
    <p class='ocr_par' dir='ltr' id='par_1_20' title="bbox 2087 587 3667 664">
     <span class='ocr_line' id='line_1_20' title="bbox 2087 587 3667 664; baseline -0.001 -18"><span class='ocrx_word' id='word_1_135' title='bbox 2087 591 2246 646; x_wconf 89' lang='grc' dir='ltr'>τοῦτο</span> <span class='ocrx_word' id='word_1_136' title='bbox 2273 592 2406 664; x_wconf 82' lang='grc' dir='ltr'>δρᾷν</span> <span class='ocrx_word' id='word_1_137' title='bbox 2431 590 2733 663; x_wconf 81' lang='grc' dir='ltr'><strong>ᾑρημένοις</strong></span> <span class='ocrx_word' id='word_1_138' title='bbox 2751 629 2766 656; x_wconf 94' lang='grc'><strong>,</strong></span> <span class='ocrx_word' id='word_1_139' title='bbox 2797 587 3137 660; x_wconf 80' lang='grc' dir='ltr'>ἐπιτρίζουσι</span> <span class='ocrx_word' id='word_1_140' title='bbox 3166 587 3264 660; x_wconf 84' lang='grc' dir='ltr'><strong>μέν</strong></span> <span class='ocrx_word' id='word_1_141' title='bbox 3290 590 3417 654; x_wconf 81' lang='grc' dir='ltr'>τοὺς</span> <span class='ocrx_word' id='word_1_142' title='bbox 3448 589 3667 655; x_wconf 82' lang='grc' dir='ltr'>ὀδόντας</span> 
     </span>
    </p>
   </div>
   <div class='ocr_carea' id='block_1_21' title="bbox 2087 679 3670 752">
    <p class='ocr_par' dir='ltr' id='par_1_21' title="bbox 2087 679 3670 752">
     <span class='ocr_line' id='line_1_21' title="bbox 2087 679 3670 752; baseline 0.001 -18"><span class='ocrx_word' id='word_1_143' title='bbox 2087 682 2296 736; x_wconf 84' lang='grc' dir='ltr'>οἱκατὰ</span> <span class='ocrx_word' id='word_1_144' title='bbox 2327 681 2474 735; x_wconf 85' lang='grc' dir='ltr'>τόνδε</span> <span class='ocrx_word' id='word_1_145' title='bbox 2511 681 2601 734; x_wconf 84' lang='grc' dir='ltr'><strong>τὸν</strong></span> <span class='ocrx_word' id='word_1_146' title='bbox 2633 679 2834 751; x_wconf 82' lang='grc' dir='ltr'>κόσμον</span> <span class='ocrx_word' id='word_1_147' title='bbox 2863 679 3086 752; x_wconf 75' lang='grc' dir='ltr'>ἐχθροὶ,</span> <span class='ocrx_word' id='word_1_148' title='bbox 3117 679 3426 752; x_wconf 84' lang='grc' dir='ltr'>παραθήγει</span> <span class='ocrx_word' id='word_1_149' title='bbox 3462 699 3527 749; x_wconf 89' lang='grc' dir='ltr'><strong>γε</strong></span> <span class='ocrx_word' id='word_1_150' title='bbox 3562 682 3670 752; x_wconf 78' lang='grc' dir='ltr'><strong>μὴν</strong></span> 
     </span>
    </p>
   </div>
   <div class='ocr_carea' id='block_1_22' title="bbox 2089 769 3673 842">
    <p class='ocr_par' dir='ltr' id='par_1_22' title="bbox 2089 769 3673 842">
     <span class='ocr_line' id='line_1_22' title="bbox 2089 769 3673 842; baseline 0.001 -18"><span class='ocrx_word' id='word_1_151' title='bbox 2089 773 2170 836; x_wconf 88' lang='grc' dir='ltr'><strong>εἰς</strong></span> <span class='ocrx_word' id='word_1_152' title='bbox 2195 771 2481 842; x_wconf 78' lang='grc' dir='ltr'>εὐτολμίαν</span> <span class='ocrx_word' id='word_1_153' title='bbox 2511 771 2539 823; x_wconf 92' lang='lat'><strong>6</strong></span> <span class='ocrx_word' id='word_1_154' title='bbox 2559 770 2724 842; x_wconf 88' lang='grc' dir='ltr'>νόμος</span> <span class='ocrx_word' id='word_1_155' title='bbox 2784 770 2879 823; x_wconf 76' lang='grc' dir='ltr'>καὶ</span> <span class='ocrx_word' id='word_1_156' title='bbox 2911 769 3320 840; x_wconf 85' lang='grc' dir='ltr'>παραθαρσύνει</span> <span class='ocrx_word' id='word_1_157' title='bbox 3361 771 3673 842; x_wconf 78' lang='grc' dir='ltr'>πεφοϐημέ-</span> 
     </span>
    </p>
   </div>
   <div class='ocr_carea' id='block_1_23' title="bbox 2091 860 3670 933">
    <p class='ocr_par' dir='ltr' id='par_1_23' title="bbox 2091 860 3670 933">
     <span class='ocr_line' id='line_1_23' title="bbox 2091 860 3670 933; baseline 0.001 -16"><span class='ocrx_word' id='word_1_158' title='bbox 2091 881 2220 928; x_wconf 84' lang='grc' dir='ltr'>νους</span> <span class='ocrx_word' id='word_1_159' title='bbox 2243 879 2258 894; x_wconf 85' lang='grc'><strong>·</strong></span> <span class='ocrx_word' id='word_1_160' title='bbox 2297 865 2392 918; x_wconf 74' lang='grc' dir='ltr'><strong>καὶ</strong></span> <span class='ocrx_word' id='word_1_161' title='bbox 2434 864 2517 918; x_wconf 84' lang='grc' dir='ltr'>ὃτι</span> <span class='ocrx_word' id='word_1_162' title='bbox 2546 866 2795 917; x_wconf 81' lang='grc' dir='ltr'>πεσεῖται</span> <span class='ocrx_word' id='word_1_163' title='bbox 2826 863 2936 917; x_wconf 90' lang='grc' dir='ltr'><strong>τῶν</strong></span> <span class='ocrx_word' id='word_1_164' title='bbox 2971 863 3228 916; x_wconf 76' lang='grc' dir='ltr'>ἐναντίων</span> <span class='ocrx_word' id='word_1_165' title='bbox 3263 861 3327 916; x_wconf 83' lang='grc' dir='ltr'><strong>τὸ</strong></span> <span class='ocrx_word' id='word_1_166' title='bbox 3368 867 3576 933; x_wconf 86' lang='grc' dir='ltr'>στῖφος,</span> <span class='ocrx_word' id='word_1_167' title='bbox 3609 860 3670 919; x_wconf 81' lang='grc' dir='ltr'>εὖ</span> 
     </span>
    </p>
   </div>
   <div class='ocr_carea' id='block_1_24' title="bbox 2094 951 3675 1028">
    <p class='ocr_par' dir='ltr' id='par_1_24' title="bbox 2094 951 3675 1028">
     <span class='ocr_line' id='line_1_24' title="bbox 2094 951 3675 1028; baseline -0.001 -19"><span class='ocrx_word' id='word_1_168' title='bbox 2094 955 2239 1028; x_wconf 87' lang='grc' dir='ltr'>μάλα</span> <span class='ocrx_word' id='word_1_169' title='bbox 2265 954 2562 1026; x_wconf 87' lang='grc' dir='ltr'>καταδηλοῖ</span> <span class='ocrx_word' id='word_1_170' title='bbox 2581 971 2596 986; x_wconf 77' lang='grc' dir='ltr'><strong>ο</strong></span> <span class='ocrx_word' id='word_1_171' title='bbox 2619 953 2682 1006; x_wconf 79' lang='grc' dir='ltr'>τὸ</span> <span class='ocrx_word' id='word_1_172' title='bbox 2713 953 2822 1025; x_wconf 84' lang='grc' dir='ltr'><strong>γὰρ</strong></span> <span class='ocrx_word' id='word_1_173' title='bbox 2846 954 2911 1005; x_wconf 86' lang='grc' dir='ltr'><strong>ἐκ</strong></span> <span class='ocrx_word' id='word_1_174' title='bbox 2942 951 3118 1005; x_wconf 82' lang='grc' dir='ltr'>ποδῶν</span> <span class='ocrx_word' id='word_1_175' title='bbox 3154 951 3405 1020; x_wconf 88' lang='grc' dir='ltr'>γενέσθαι</span> <span class='ocrx_word' id='word_1_176' title='bbox 3429 953 3556 1018; x_wconf 81' lang='grc' dir='ltr'>τοὺς</span> <span class='ocrx_word' id='word_1_177' title='bbox 3585 954 3675 1008; x_wconf 82' lang='grc' dir='ltr'><strong>Αἰ-</strong></span> 
     </span>
    </p>
   </div>
   <div class='ocr_carea' id='block_1_25' title="bbox 2091 1043 3674 1117">
    <p class='ocr_par' dir='ltr' id='par_1_25' title="bbox 2091 1043 3674 1117">
     <span class='ocr_line' id='line_1_25' title="bbox 2091 1043 3674 1117; baseline 0 -17"><span class='ocrx_word' id='word_1_178' title='bbox 2091 1047 2349 1117; x_wconf 85' lang='grc' dir='ltr'>γυπτίους</span> <span class='ocrx_word' id='word_1_179' title='bbox 2379 1045 2528 1100; x_wconf 79' lang='grc' dir='ltr'>τουτί</span> <span class='ocrx_word' id='word_1_180' title='bbox 2554 1062 2655 1099; x_wconf 89' lang='grc' dir='ltr'><strong>που</strong></span> <span class='ocrx_word' id='word_1_181' title='bbox 2689 1046 2906 1107; x_wconf 89' lang='grc' dir='ltr'>πάντως</span> <span class='ocrx_word' id='word_1_182' title='bbox 2929 1045 3064 1116; x_wconf 76' lang='grc' dir='ltr'>ἡμῖν</span> <span class='ocrx_word' id='word_1_183' title='bbox 3090 1043 3464 1099; x_wconf 86' lang='grc' dir='ltr'>ὑπαινίττεται</span> <span class='ocrx_word' id='word_1_184' title='bbox 3495 1060 3510 1076; x_wconf 79' lang='grc' dir='ltr'><strong><em>ο</em></strong></span> <span class='ocrx_word' id='word_1_185' title='bbox 3544 1046 3674 1110; x_wconf 80' lang='grc' dir='ltr'>τοὺς</span> 
     </span>
    </p>
   </div>
   <div class='ocr_carea' id='block_1_26' title="bbox 2091 1133 3672 1205">
    <p class='ocr_par' dir='ltr' id='par_1_26' title="bbox 2091 1133 3672 1205">
     <span class='ocr_line' id='line_1_26' title="bbox 2091 1133 3672 1205; baseline -0.001 -15"><span class='ocrx_word' id='word_1_186' title='bbox 2091 1137 2225 1190; x_wconf 84' lang='grc' dir='ltr'><strong>δὲέν</strong></span> <span class='ocrx_word' id='word_1_187' title='bbox 2252 1136 2433 1205; x_wconf 78' lang='grc' dir='ltr'>φόϐοις</span> <span class='ocrx_word' id='word_1_188' title='bbox 2453 1136 2612 1198; x_wconf 78' lang='grc' dir='ltr'>ὖντας</span> <span class='ocrx_word' id='word_1_189' title='bbox 2639 1133 2735 1188; x_wconf 91' lang='grc' dir='ltr'><strong>τοῦ</strong></span> <span class='ocrx_word' id='word_1_190' title='bbox 2759 1133 2975 1198; x_wconf 85' lang='grc' dir='ltr'>παθεῖν,</span> <span class='ocrx_word' id='word_1_191' title='bbox 2999 1135 3076 1197; x_wconf 87' lang='grc' dir='ltr'>ὼς</span> <span class='ocrx_word' id='word_1_192' title='bbox 3105 1135 3163 1186; x_wconf 92' lang='grc' dir='ltr'><strong>ἐν</strong></span> <span class='ocrx_word' id='word_1_193' title='bbox 3193 1134 3348 1205; x_wconf 87' lang='grc' dir='ltr'><strong>τύπῳ</strong></span> <span class='ocrx_word' id='word_1_194' title='bbox 3387 1134 3550 1188; x_wconf 88' lang='grc' dir='ltr'>πάλιν</span> <span class='ocrx_word' id='word_1_195' title='bbox 3575 1135 3672 1189; x_wconf 90' lang='grc' dir='ltr'><strong>τοῦ</strong></span> 
     </span>
    </p>
   </div>
   <div class='ocr_carea' id='block_1_27' title="bbox 2094 1223 3666 1298">
    <p class='ocr_par' dir='ltr' id='par_1_27' title="bbox 2094 1223 3666 1298">
     <span class='ocr_line' id='line_1_27' title="bbox 2094 1223 3666 1298; baseline -0.004 -15"><span class='ocrx_word' id='word_1_196' title='bbox 2094 1230 2250 1298; x_wconf 87' lang='grc' dir='ltr'>ἁγίου</span> <span class='ocrx_word' id='word_1_197' title='bbox 2282 1227 2652 1298; x_wconf 85' lang='grc' dir='ltr'>βαπτίσματος</span> <span class='ocrx_word' id='word_1_198' title='bbox 2687 1223 2910 1290; x_wconf 80' lang='grc' dir='ltr'>διέσωζε</span> <span class='ocrx_word' id='word_1_199' title='bbox 2963 1224 3118 1289; x_wconf 88' lang='grc' dir='ltr'>Θεός.</span> <span class='ocrx_word' id='word_1_200' title='bbox 3147 1243 3166 1278; x_wconf 82' lang='grc' dir='ltr'><strong>ι</strong></span> <span class='ocrx_word' id='word_1_201' title='bbox 3202 1225 3448 1296; x_wconf 87' lang='grc' dir='ltr'>Λάλησον</span> <span class='ocrx_word' id='word_1_202' title='bbox 3478 1226 3609 1298; x_wconf 87' lang='grc' dir='ltr'>γὰρ,</span> <span class='ocrx_word' id='word_1_203' title='bbox 3646 1245 3666 1277; x_wconf 75' lang='grc' dir='ltr'><strong>ι</strong></span> 
     </span>
    </p>
   </div>
   <div class='ocr_carea' id='block_1_28' title="bbox 2093 1316 3671 1390">
    <p class='ocr_par' dir='ltr' id='par_1_28' title="bbox 2093 1316 3671 1390">
     <span class='ocr_line' id='line_1_28' title="bbox 2093 1316 3671 1390; baseline -0.001 -19"><span class='ocrx_word' id='word_1_204' title='bbox 2093 1321 2247 1390; x_wconf 79' lang='grc' dir='ltr'>φησὶ,</span> <span class='ocrx_word' id='word_1_205' title='bbox 2287 1337 2305 1369; x_wconf 81' lang='grc' dir='ltr'><strong>ι</strong></span> <span class='ocrx_word' id='word_1_206' title='bbox 2346 1321 2459 1382; x_wconf 88' lang='grc' dir='ltr'>τοῖς</span> <span class='ocrx_word' id='word_1_207' title='bbox 2489 1320 2621 1381; x_wconf 82' lang='grc' dir='ltr'>υἱοῖς</span> <span class='ocrx_word' id='word_1_208' title='bbox 2667 1317 2900 1388; x_wconf 81' lang='grc' dir='ltr'>Ἰσραὴλ,</span> <span class='ocrx_word' id='word_1_209' title='bbox 2931 1317 3028 1370; x_wconf 84' lang='grc' dir='ltr'>καὶ</span> <span class='ocrx_word' id='word_1_210' title='bbox 3064 1316 3538 1382; x_wconf 82' lang='grc' dir='ltr'>ἁναζευξάτωσαν·</span> <span class='ocrx_word' id='word_1_211' title='bbox 3576 1320 3671 1372; x_wconf 73' lang='grc' dir='ltr'>καὶ</span> 
     </span>
    </p>
   </div>
   <div class='ocr_carea' id='block_1_29' title="bbox 2095 1407 3670 1482">
    <p class='ocr_par' dir='ltr' id='par_1_29' title="bbox 2095 1407 3670 1482">
     <span class='ocr_line' id='line_1_29' title="bbox 2095 1407 3670 1482; baseline 0.001 -20"><span class='ocrx_word' id='word_1_212' title='bbox 2095 1412 2159 1464; x_wconf 80' lang='grc' dir='ltr'><strong>σὺ</strong></span> <span class='ocrx_word' id='word_1_213' title='bbox 2192 1410 2391 1481; x_wconf 81' lang='grc' dir='ltr'>ἐπαρον</span> <span class='ocrx_word' id='word_1_214' title='bbox 2421 1411 2521 1481; x_wconf 86' lang='grc' dir='ltr'><strong>τὴν</strong></span> <span class='ocrx_word' id='word_1_215' title='bbox 2557 1408 2748 1480; x_wconf 75' lang='grc' dir='ltr'>ῥάϐδον</span> <span class='ocrx_word' id='word_1_216' title='bbox 2779 1425 2896 1470; x_wconf 86' lang='grc' dir='ltr'>σου.</span> <span class='ocrx_word' id='word_1_217' title='bbox 2944 1409 3040 1462; x_wconf 75' lang='grc' dir='ltr'>καὶ</span> <span class='ocrx_word' id='word_1_218' title='bbox 3074 1407 3324 1462; x_wconf 77' lang='grc' dir='ltr'>ἔκτεινον</span> <span class='ocrx_word' id='word_1_219' title='bbox 3365 1410 3466 1480; x_wconf 81' lang='grc' dir='ltr'>τὴν</span> <span class='ocrx_word' id='word_1_220' title='bbox 3511 1412 3670 1482; x_wconf 85' lang='grc' dir='ltr'>χεῖρά</span> 
     </span>
    </p>
   </div>
   <div class='ocr_carea' id='block_1_30' title="bbox 2095 1501 3671 1573">
    <p class='ocr_par' dir='ltr' id='par_1_30' title="bbox 2095 1501 3671 1573">
     <span class='ocr_line' id='line_1_30' title="bbox 2095 1501 3671 1573; baseline 0.001 -19"><span class='ocrx_word' id='word_1_221' title='bbox 2095 1519 2188 1554; x_wconf 89' lang='grc' dir='ltr'><strong>σου</strong></span> <span class='ocrx_word' id='word_1_222' title='bbox 2217 1502 2309 1555; x_wconf 79' lang='grc' dir='ltr'>ἐπὶ</span> <span class='ocrx_word' id='word_1_223' title='bbox 2343 1502 2440 1573; x_wconf 81' lang='grc' dir='ltr'>τὴν</span> <span class='ocrx_word' id='word_1_224' title='bbox 2477 1501 2769 1567; x_wconf 85' lang='grc' dir='ltr'>θάλασσαν,</span> <span class='ocrx_word' id='word_1_225' title='bbox 2802 1503 2896 1555; x_wconf 74' lang='grc' dir='ltr'>καὶ</span> <span class='ocrx_word' id='word_1_226' title='bbox 2923 1501 3152 1573; x_wconf 81' lang='grc' dir='ltr'>ξήρανον</span> <span class='ocrx_word' id='word_1_227' title='bbox 3189 1501 3360 1573; x_wconf 80' lang='grc' dir='ltr'>αὐτήν</span> <span class='ocrx_word' id='word_1_228' title='bbox 3387 1520 3400 1533; x_wconf 90' lang='grc'>·</span> <span class='ocrx_word' id='word_1_229' title='bbox 3435 1503 3532 1556; x_wconf 66' lang='grc' dir='ltr'><strong>καὶ</strong></span> <span class='ocrx_word' id='word_1_230' title='bbox 3559 1505 3671 1556; x_wconf 87' lang='grc' dir='ltr'>εἰσ-</span> 
     </span>
    </p>
   </div>
   <div class='ocr_carea' id='block_1_31' title="bbox 2093 1594 3668 1666">
    <p class='ocr_par' dir='ltr' id='par_1_31' title="bbox 2093 1594 3668 1666">
     <span class='ocr_line' id='line_1_31' title="bbox 2093 1594 3668 1666; baseline 0.001 -19"><span class='ocrx_word' id='word_1_231' title='bbox 2093 1594 2394 1649; x_wconf 83' lang='grc' dir='ltr'>ελθέτωσαν</span> <span class='ocrx_word' id='word_1_232' title='bbox 2453 1597 2502 1648; x_wconf 81' lang='grc' dir='ltr'><strong>οἱ</strong></span> <span class='ocrx_word' id='word_1_233' title='bbox 2555 1594 2662 1647; x_wconf 80' lang='grc' dir='ltr'>υἱοὶ</span> <span class='ocrx_word' id='word_1_234' title='bbox 2719 1594 2936 1666; x_wconf 80' lang='grc' dir='ltr'>Ἰσραὴλ</span> <span class='ocrx_word' id='word_1_235' title='bbox 3001 1595 3082 1658; x_wconf 80' lang='grc' dir='ltr'><strong>εἰς</strong></span> <span class='ocrx_word' id='word_1_236' title='bbox 3129 1594 3291 1665; x_wconf 83' lang='grc' dir='ltr'>μέσον</span> <span class='ocrx_word' id='word_1_237' title='bbox 3323 1595 3421 1663; x_wconf 87' lang='grc' dir='ltr'><strong>τῆς</strong></span> <span class='ocrx_word' id='word_1_238' title='bbox 3464 1594 3668 1650; x_wconf 83' lang='grc' dir='ltr'>θαλάσ-</span> 
     </span>
    </p>
   </div>
   <div class='ocr_carea' id='block_1_32' title="bbox 418 1675 1989 1761">
    <p class='ocr_par' dir='ltr' id='par_1_32' title="bbox 418 1675 1989 1752">
     <span class='ocr_line' id='line_1_32' title="bbox 418 1675 1989 1752; baseline 0.003 -23"><span class='ocrx_word' id='word_1_239' title='bbox 418 1675 509 1731; x_wconf 92' lang='lat' dir='ltr'><strong>ille</strong></span> <span class='ocrx_word' id='word_1_240' title='bbox 534 1677 735 1732; x_wconf 87' lang='lat' dir='ltr'><strong>Paulus</strong></span> <span class='ocrx_word' id='word_1_241' title='bbox 760 1677 827 1732; x_wconf 90' lang='lat' dir='ltr'><strong>de</strong></span> <span class='ocrx_word' id='word_1_242' title='bbox 862 1677 990 1734; x_wconf 88' lang='lat' dir='ltr'><strong>ﬁliis</strong></span> <span class='ocrx_word' id='word_1_243' title='bbox 1018 1677 1188 1733; x_wconf 91' lang='lat' dir='ltr'><strong>lsrael</strong></span> <span class='ocrx_word' id='word_1_244' title='bbox 1217 1679 1431 1744; x_wconf 89' lang='lat' dir='ltr'><strong>scribit,</strong></span> <span class='ocrx_word' id='word_1_245' title='bbox 1471 1695 1658 1736; x_wconf 90' lang='lat' dir='ltr'><strong>omnes</strong></span> <span class='ocrx_word' id='word_1_246' title='bbox 1686 1681 1740 1734; x_wconf 92' lang='lat' dir='ltr'><strong>in</strong></span> <span class='ocrx_word' id='word_1_247' title='bbox 1773 1680 1989 1752; x_wconf 82' lang='lat' dir='ltr'><strong>Moysen</strong></span> 
     </span>
    </p>
   </div>
   <div class='ocr_carea' id='block_1_33' title="bbox 2096 1675 3672 1761">
    <p class='ocr_par' dir='ltr' id='par_1_33' title="bbox 2097 1686 3672 1761">
     <span class='ocr_line' id='line_1_33' title="bbox 2097 1686 3672 1761; baseline 0 -21"><span class='ocrx_word' id='word_1_248' title='bbox 2097 1704 2216 1759; x_wconf 87' lang='grc' dir='ltr'>σης.</span> <span class='ocrx_word' id='word_1_249' title='bbox 2278 1705 2296 1738; x_wconf 80' lang='grc' dir='ltr'><strong>ι</strong></span> <span class='ocrx_word' id='word_1_250' title='bbox 2339 1687 2410 1740; x_wconf 86' lang='grc' dir='ltr'>Ἢ</span> <span class='ocrx_word' id='word_1_251' title='bbox 2458 1687 2556 1758; x_wconf 84' lang='grc' dir='ltr'>οὐχ</span> <span class='ocrx_word' id='word_1_252' title='bbox 2609 1687 2638 1739; x_wconf 97' lang='lat'><strong>6</strong></span> <span class='ocrx_word' id='word_1_253' title='bbox 2695 1686 2984 1750; x_wconf 82' lang='grc' dir='ltr'>θεσπέσιος</span> <span class='ocrx_word' id='word_1_254' title='bbox 3034 1687 3235 1757; x_wconf 86' lang='grc' dir='ltr'>γράφει</span> <span class='ocrx_word' id='word_1_255' title='bbox 3275 1687 3484 1752; x_wconf 83' lang='grc' dir='ltr'>Παῦλος</span> <span class='ocrx_word' id='word_1_256' title='bbox 3542 1690 3672 1761; x_wconf 80' lang='grc' dir='ltr'>περὶ</span> 
     </span>
    </p>
   </div>
   <div class='ocr_carea' id='block_1_34' title="bbox 418 1766 1640 1836">
    <p class='ocr_par' dir='ltr' id='par_1_34' title="bbox 418 1766 1640 1836">
     <span class='ocr_line' id='line_1_34' title="bbox 418 1766 1640 1836; baseline 0.003 -18"><span class='ocrx_word' id='word_1_257' title='bbox 418 1766 724 1836; x_wconf 87' lang='lat' dir='ltr'><strong>baptizatos</strong></span> <span class='ocrx_word' id='word_1_258' title='bbox 761 1766 930 1821; x_wconf 86' lang='lat' dir='ltr'><strong>fuisse</strong></span> <span class='ocrx_word' id='word_1_259' title='bbox 959 1767 1014 1821; x_wconf 91' lang='lat' dir='ltr'><strong>in</strong></span> <span class='ocrx_word' id='word_1_260' title='bbox 1045 1767 1192 1823; x_wconf 92' lang='lat' dir='ltr'><strong>nube</strong></span> <span class='ocrx_word' id='word_1_261' title='bbox 1224 1776 1280 1823; x_wconf 89' lang='lat' dir='ltr'><strong>et</strong></span> <span class='ocrx_word' id='word_1_262' title='bbox 1309 1769 1363 1824; x_wconf 90' lang='lat' dir='ltr'><strong>in</strong></span> <span class='ocrx_word' id='word_1_263' title='bbox 1397 1770 1534 1824; x_wconf 88' lang='lat' dir='ltr'><strong>mari</strong></span> <span class='ocrx_word' id='word_1_264' title='bbox 1555 1769 1640 1822; x_wconf 72' lang='lat'><strong>8‘?</strong></span> 
     </span>
    </p>
   </div>
   <div class='ocr_carea' id='block_1_35' title="bbox 489 1948 940 2004">
    <p class='ocr_par' dir='ltr' id='par_1_35' title="bbox 489 1948 940 2004">
     <span class='ocr_line' id='line_1_35' title="bbox 489 1948 940 2004; baseline 0.002 -1"><span class='ocrx_word' id='word_1_265' title='bbox 489 1948 687 2003; x_wconf 78' lang='lat' dir='ltr'><strong>PALL.</strong></span> <span class='ocrx_word' id='word_1_266' title='bbox 723 1949 940 2004; x_wconf 89' lang='lat' dir='ltr'><strong>Fateor.</strong></span> 
     </span>
    </p>
   </div>
   <div class='ocr_carea' id='block_1_36' title="bbox 472 2039 1993 2112">
    <p class='ocr_par' dir='ltr' id='par_1_36' title="bbox 472 2039 1993 2112">
     <span class='ocr_line' id='line_1_36' title="bbox 472 2039 1993 2112; baseline -0.001 -17"><span class='ocrx_word' id='word_1_267' title='bbox 472 2040 642 2095; x_wconf 64' lang='grc' dir='ltr'><strong>(ΝΒ.</strong></span> <span class='ocrx_word' id='word_1_268' title='bbox 664 2039 814 2110; x_wconf 90' lang='lat' dir='ltr'><strong>Opus</strong></span> <span class='ocrx_word' id='word_1_269' title='bbox 842 2041 1009 2112; x_wconf 82' lang='lat' dir='ltr'><strong>igitur</strong></span> <span class='ocrx_word' id='word_1_270' title='bbox 1025 2049 1128 2107; x_wconf 86' lang='lat' dir='ltr'><strong>est,</strong></span> <span class='ocrx_word' id='word_1_271' title='bbox 1147 2041 1240 2112; x_wconf 89' lang='lat' dir='ltr'><strong>qui</strong></span> <span class='ocrx_word' id='word_1_272' title='bbox 1266 2041 1421 2112; x_wconf 90' lang='lat' dir='ltr'><strong>sequi</strong></span> <span class='ocrx_word' id='word_1_273' title='bbox 1442 2039 1722 2096; x_wconf 88' lang='lat' dir='ltr'><strong>Christum</strong></span> <span class='ocrx_word' id='word_1_274' title='bbox 1743 2040 1993 2111; x_wconf 89' lang='lat' dir='ltr'><strong>cupiunt,</strong></span> 
     </span>
    </p>
   </div>
   <div class='ocr_carea' id='block_1_37' title="bbox 415 2131 1996 2204">
    <p class='ocr_par' dir='ltr' id='par_1_37' title="bbox 415 2131 1996 2204">
     <span class='ocr_line' id='line_1_37' title="bbox 415 2131 1996 2204; baseline 0.001 -19"><span class='ocrx_word' id='word_1_275' title='bbox 415 2139 471 2186; x_wconf 92' lang='lat' dir='ltr'><strong>e&#39;t</strong></span> <span class='ocrx_word' id='word_1_276' title='bbox 495 2131 571 2185; x_wconf 78' lang='lat' dir='ltr'><strong>ad</strong></span> <span class='ocrx_word' id='word_1_277' title='bbox 608 2147 904 2202; x_wconf 85' lang='lat' dir='ltr'><strong>supernam</strong></span> <span class='ocrx_word' id='word_1_278' title='bbox 932 2134 1079 2188; x_wconf 88' lang='lat' dir='ltr'><strong>illam</strong></span> <span class='ocrx_word' id='word_1_279' title='bbox 1111 2133 1387 2188; x_wconf 85' lang='lat' dir='ltr'><strong>civitatem</strong></span> <span class='ocrx_word' id='word_1_280' title='bbox 1413 2140 1726 2204; x_wconf 89' lang='lat' dir='ltr'><strong>properant,</strong></span> <span class='ocrx_word' id='word_1_281' title='bbox 1757 2148 1854 2189; x_wconf 92' lang='lat' dir='ltr'><strong>eos</strong></span> <span class='ocrx_word' id='word_1_282' title='bbox 1886 2149 1996 2188; x_wconf 92' lang='lat' dir='ltr'><strong>non</strong></span> 
     </span>
    </p>
   </div>
   <div class='ocr_carea' id='block_1_38' title="bbox 404 2224 1998 2297">
    <p class='ocr_par' dir='ltr' id='par_1_38' title="bbox 404 2224 1998 2297">
     <span class='ocr_line' id='line_1_38' title="bbox 404 2224 1998 2297; baseline 0.001 -20"><span class='ocrx_word' id='word_1_283' title='bbox 404 2225 474 2277; x_wconf 89' lang='lat' dir='ltr'><strong>-in</strong></span> <span class='ocrx_word' id='word_1_284' title='bbox 508 2224 625 2294; x_wconf 86' lang='lat' dir='ltr'><strong>lege</strong></span> <span class='ocrx_word' id='word_1_285' title='bbox 654 2225 954 2281; x_wconf 85' lang='lat' dir='ltr'><strong>consistere</strong></span> <span class='ocrx_word' id='word_1_286' title='bbox 985 2241 1165 2296; x_wconf 90' lang='lat' dir='ltr'><strong>neque</strong></span> <span class='ocrx_word' id='word_1_287' title='bbox 1199 2224 1476 2279; x_wconf 89' lang='lat' dir='ltr'><strong>mandatis</strong></span> <span class='ocrx_word' id='word_1_288' title='bbox 1504 2239 1625 2294; x_wconf 63' lang='lat' dir='ltr'><strong>quae</strong></span> <span class='ocrx_word' id='word_1_289' title='bbox 1652 2239 1751 2294; x_wconf 90' lang='lat' dir='ltr'><strong>per</strong></span> <span class='ocrx_word' id='word_1_290' title='bbox 1776 2224 1998 2297; x_wconf 84' lang='lat' dir='ltr'><strong>Moysen</strong></span> 
     </span>
    </p>
   </div>
   <div class='ocr_carea' id='block_1_39' title="bbox 419 2314 1996 2388">
    <p class='ocr_par' dir='ltr' id='par_1_39' title="bbox 419 2314 1996 2388">
     <span class='ocr_line' id='line_1_39' title="bbox 419 2314 1996 2388; baseline 0.002 -19"><span class='ocrx_word' id='word_1_291' title='bbox 419 2317 545 2370; x_wconf 88' lang='lat' dir='ltr'><strong>data</strong></span> <span class='ocrx_word' id='word_1_292' title='bbox 571 2323 701 2370; x_wconf 85' lang='lat' dir='ltr'><strong>sunt</strong></span> <span class='ocrx_word' id='word_1_293' title='bbox 727 2314 959 2372; x_wconf 87' lang='lat' dir='ltr'><strong>ﬁrmiter</strong></span> <span class='ocrx_word' id='word_1_294' title='bbox 998 2318 1288 2384; x_wconf 72' lang='lat' dir='ltr'><strong>inhaerere,</strong></span> <span class='ocrx_word' id='word_1_295' title='bbox 1314 2329 1370 2374; x_wconf 91' lang='lat' dir='ltr'><strong>et</strong></span> <span class='ocrx_word' id='word_1_296' title='bbox 1394 2319 1452 2373; x_wconf 89' lang='lat' dir='ltr'><strong>in</strong></span> <span class='ocrx_word' id='word_1_297' title='bbox 1492 2317 1728 2383; x_wconf 89' lang='lat' dir='ltr'><strong>umbris,</strong></span> <span class='ocrx_word' id='word_1_298' title='bbox 1777 2315 1996 2388; x_wconf 89' lang='lat' dir='ltr'><strong>ﬁguris-</strong></span> 
     </span>
    </p>
   </div>
   <div class='ocr_carea' id='block_1_40' title="bbox 415 2407 1997 2480">
    <p class='ocr_par' dir='ltr' id='par_1_40' title="bbox 415 2407 1997 2480">
     <span class='ocr_line' id='line_1_40' title="bbox 415 2407 1997 2480; baseline -0.001 -18"><span class='ocrx_word' id='word_1_299' title='bbox 415 2423 523 2478; x_wconf 90' lang='lat' dir='ltr'><strong>quc</strong></span> <span class='ocrx_word' id='word_1_300' title='bbox 579 2407 824 2474; x_wconf 86' lang='lat' dir='ltr'><strong>versari;</strong></span> <span class='ocrx_word' id='word_1_301' title='bbox 885 2409 978 2464; x_wconf 92' lang='lat' dir='ltr'><strong>sed</strong></span> <span class='ocrx_word' id='word_1_302' title='bbox 1033 2410 1330 2480; x_wconf 86' lang='lat' dir='ltr'><strong>proﬁcisci,</strong></span> <span class='ocrx_word' id='word_1_303' title='bbox 1379 2418 1435 2463; x_wconf 89' lang='lat' dir='ltr'><strong>et</strong></span> <span class='ocrx_word' id='word_1_304' title='bbox 1479 2409 1586 2463; x_wconf 90' lang='lat' dir='ltr'><strong>alio</strong></span> <span class='ocrx_word' id='word_1_305' title='bbox 1640 2409 1897 2474; x_wconf 89' lang='lat' dir='ltr'><strong>transire,</strong></span> <span class='ocrx_word' id='word_1_306' title='bbox 1928 2407 1997 2462; x_wconf 91' lang='lat' dir='ltr'><strong>ad</strong></span> 
     </span>
    </p>
   </div>
   <div class='ocr_carea' id='block_1_41' title="bbox 407 2499 1998 2572">
    <p class='ocr_par' dir='ltr' id='par_1_41' title="bbox 407 2499 1998 2572">
     <span class='ocr_line' id='line_1_41' title="bbox 407 2499 1998 2572; baseline -0.001 -17"><span class='ocrx_word' id='word_1_307' title='bbox 407 2511 666 2557; x_wconf 81' lang='lat' dir='ltr'><strong>sanctum</strong></span> <span class='ocrx_word' id='word_1_308' title='bbox 704 2516 901 2571; x_wconf 90' lang='lat' dir='ltr'><strong>nempe</strong></span> <span class='ocrx_word' id='word_1_309' title='bbox 932 2501 1201 2572; x_wconf 90' lang='lat' dir='ltr'><strong>baptisma</strong></span> <span class='ocrx_word' id='word_1_310' title='bbox 1237 2520 1250 2554; x_wconf 74' lang='grc' dir='ltr'>ε</span> <span class='ocrx_word' id='word_1_311' title='bbox 1281 2501 1333 2555; x_wconf 93' lang='lat' dir='ltr'><strong>id</strong></span> <span class='ocrx_word' id='word_1_312' title='bbox 1357 2501 1504 2556; x_wconf 91' lang='lat' dir='ltr'><strong>enim</strong></span> <span class='ocrx_word' id='word_1_313' title='bbox 1537 2500 1715 2555; x_wconf 84' lang='lat' dir='ltr'><strong>fecere</strong></span> <span class='ocrx_word' id='word_1_314' title='bbox 1762 2499 1843 2554; x_wconf 89' lang='lat' dir='ltr'><strong>illi</strong></span> <span class='ocrx_word' id='word_1_315' title='bbox 1894 2499 1998 2553; x_wconf 90' lang='lat' dir='ltr'><strong>ho-</strong></span> 
     </span>
    </p>
   </div>
   <div class='ocr_carea' id='block_1_42' title="bbox 408 2588 1998 2664">
    <p class='ocr_par' dir='ltr' id='par_1_42' title="bbox 408 2588 1998 2664">
     <span class='ocr_line' id='line_1_42' title="bbox 408 2588 1998 2664; baseline -0.003 -17"><span class='ocrx_word' id='word_1_316' title='bbox 408 2593 595 2649; x_wconf 87' lang='lat' dir='ltr'><strong>mines</strong></span> <span class='ocrx_word' id='word_1_317' title='bbox 623 2595 718 2664; x_wconf 92' lang='lat' dir='ltr'><strong>qui</strong></span> <span class='ocrx_word' id='word_1_318' title='bbox 748 2593 878 2648; x_wconf 88' lang='lat' dir='ltr'><strong>olim</strong></span> <span class='ocrx_word' id='word_1_319' title='bbox 911 2607 979 2646; x_wconf 80' lang='lat' dir='ltr'><strong>ex</strong></span> <span class='ocrx_word' id='word_1_320' title='bbox 1021 2590 1116 2645; x_wconf 90' lang='lat' dir='ltr'><strong>Dei</strong></span> <span class='ocrx_word' id='word_1_321' title='bbox 1152 2597 1428 2660; x_wconf 61' lang='lat' dir='ltr'><strong>praecepto</strong></span> <span class='ocrx_word' id='word_1_322' title='bbox 1461 2603 1560 2660; x_wconf 89' lang='lat' dir='ltr'><strong>per</strong></span> <span class='ocrx_word' id='word_1_323' title='bbox 1588 2588 1764 2644; x_wconf 87' lang='lat' dir='ltr'><strong>undas</strong></span> <span class='ocrx_word' id='word_1_324' title='bbox 1791 2588 1998 2643; x_wconf 90' lang='lat' dir='ltr'><strong>medias</strong></span> 
     </span>
    </p>
   </div>
   <div class='ocr_carea' id='block_1_43' title="bbox 409 2680 1995 2755">
    <p class='ocr_par' dir='ltr' id='par_1_43' title="bbox 409 2680 1995 2755">
     <span class='ocr_line' id='line_1_43' title="bbox 409 2680 1995 2755; baseline -0.003 -17"><span class='ocrx_word' id='word_1_325' title='bbox 409 2684 649 2755; x_wconf 59' lang='lat' dir='ltr'><strong>&quot;ingressi</strong></span> <span class='ocrx_word' id='word_1_326' title='bbox 693 2691 842 2750; x_wconf 91' lang='lat' dir='ltr'><strong>sunt,</strong></span> <span class='ocrx_word' id='word_1_327' title='bbox 883 2690 958 2748; x_wconf 92' lang='lat' dir='ltr'><strong>et,</strong></span> <span class='ocrx_word' id='word_1_328' title='bbox 1001 2690 1062 2737; x_wconf 91' lang='lat' dir='ltr'><strong>ut</strong></span> <span class='ocrx_word' id='word_1_329' title='bbox 1082 2683 1288 2737; x_wconf 88' lang='lat' dir='ltr'><strong>Paulus</strong></span> <span class='ocrx_word' id='word_1_330' title='bbox 1321 2681 1416 2747; x_wconf 88' lang='lat' dir='ltr'><strong>ait,</strong></span> <span class='ocrx_word' id='word_1_331' title='bbox 1464 2682 1521 2735; x_wconf 92' lang='lat' dir='ltr'><strong>in</strong></span> <span class='ocrx_word' id='word_1_332' title='bbox 1557 2681 1696 2735; x_wconf 90' lang='lat' dir='ltr'><strong>mari</strong></span> <span class='ocrx_word' id='word_1_333' title='bbox 1751 2680 1995 2751; x_wconf 86' lang='lat' dir='ltr'><strong>baptiza-</strong></span> 
     </span>
    </p>
   </div>
   <div class='ocr_carea' id='block_1_44' title="bbox 416 2769 1996 2842">
    <p class='ocr_par' dir='ltr' id='par_1_44' title="bbox 416 2769 1996 2842">
     <span class='ocr_line' id='line_1_44' title="bbox 416 2769 1996 2842; baseline -0.003 -15"><span class='ocrx_word' id='word_1_334' title='bbox 416 2774 657 2840; x_wconf 87' lang='lat' dir='ltr'><strong>bantur;</strong></span> <span class='ocrx_word' id='word_1_335' title='bbox 690 2782 806 2828; x_wconf 87' lang='lat' dir='ltr'><strong>tum</strong></span> <span class='ocrx_word' id='word_1_336' title='bbox 836 2772 984 2828; x_wconf 90' lang='lat' dir='ltr'><strong>enim</strong></span> <span class='ocrx_word' id='word_1_337' title='bbox 1022 2772 1258 2841; x_wconf 91' lang='lat' dir='ltr'><strong>denique</strong></span> <span class='ocrx_word' id='word_1_338' title='bbox 1298 2771 1476 2842; x_wconf 88' lang='lat' dir='ltr'><strong>ipsum</strong></span> <span class='ocrx_word' id='word_1_339' title='bbox 1500 2770 1598 2826; x_wconf 89' lang='lat' dir='ltr'><strong>Dei</strong></span> <span class='ocrx_word' id='word_1_340' title='bbox 1624 2778 1679 2825; x_wconf 90' lang='lat' dir='ltr'><strong>et</strong></span> <span class='ocrx_word' id='word_1_341' title='bbox 1711 2769 1996 2824; x_wconf 89' lang='lat' dir='ltr'><strong>hominum</strong></span> 
     </span>
    </p>
   </div>
   <div class='ocr_carea' id='block_1_45' title="bbox 415 2857 1994 2932">
    <p class='ocr_par' dir='ltr' id='par_1_45' title="bbox 415 2857 1994 2932">
     <span class='ocr_line' id='line_1_45' title="bbox 415 2857 1994 2932; baseline -0.003 -15"><span class='ocrx_word' id='word_1_342' title='bbox 415 2863 778 2917; x_wconf 83' lang='lat' dir='ltr'><strong>mediatorem</strong></span> <span class='ocrx_word' id='word_1_343' title='bbox 810 2861 1089 2917; x_wconf 88' lang='lat' dir='ltr'><strong>Christum</strong></span> <span class='ocrx_word' id='word_1_344' title='bbox 1123 2861 1310 2917; x_wconf 70' lang='lat' dir='ltr'><strong>Iesum</strong></span> <span class='ocrx_word' id='word_1_345' title='bbox 1343 2861 1648 2932; x_wconf 84' lang='lat' dir='ltr'><strong>adjutorem</strong></span> <span class='ocrx_word' id='word_1_346' title='bbox 1692 2857 1994 2913; x_wconf 87' lang='lat' dir='ltr'><strong>habebunt.</strong></span> 
     </span>
    </p>
   </div>
   <div class='ocr_carea' id='block_1_46' title="bbox 414 2951 1996 3022">
    <p class='ocr_par' dir='ltr' id='par_1_46' title="bbox 414 2951 1996 3022">
     <span class='ocr_line' id='line_1_46' title="bbox 414 2951 1996 3022; baseline -0.003 -12"><span class='ocrx_word' id='word_1_347' title='bbox 414 2954 658 3010; x_wconf 77' lang='lat' dir='ltr'><strong>Verbum</strong></span> <span class='ocrx_word' id='word_1_348' title='bbox 686 2955 832 3009; x_wconf 90' lang='lat' dir='ltr'><strong>enim</strong></span> <span class='ocrx_word' id='word_1_349' title='bbox 857 2969 981 3008; x_wconf 90' lang='lat' dir='ltr'><strong>cum</strong></span> <span class='ocrx_word' id='word_1_350' title='bbox 1005 2961 1149 3008; x_wconf 90' lang='lat' dir='ltr'><strong>esset</strong></span> <span class='ocrx_word' id='word_1_351' title='bbox 1178 2954 1341 3019; x_wconf 90' lang='lat' dir='ltr'><strong>Deus,</strong></span> <span class='ocrx_word' id='word_1_352' title='bbox 1363 2968 1490 3007; x_wconf 88' lang='lat' dir='ltr'><strong>caro</strong></span> <span class='ocrx_word' id='word_1_353' title='bbox 1519 2953 1721 3007; x_wconf 87' lang='lat' dir='ltr'><strong>factum</strong></span> <span class='ocrx_word' id='word_1_354' title='bbox 1750 2961 1870 3016; x_wconf 88' lang='lat' dir='ltr'><strong>est;</strong></span> <span class='ocrx_word' id='word_1_355' title='bbox 1900 2951 1996 3022; x_wconf 92' lang='lat' dir='ltr'><strong>qui</strong></span> 
     </span>
    </p>
   </div>
   <div class='ocr_carea' id='block_1_47' title="bbox 415 3041 1995 3116">
    <p class='ocr_par' dir='ltr' id='par_1_47' title="bbox 415 3041 1995 3116">
     <span class='ocr_line' id='line_1_47' title="bbox 415 3041 1995 3116; baseline 0 -18"><span class='ocrx_word' id='word_1_356' title='bbox 415 3043 562 3098; x_wconf 86' lang='lat' dir='ltr'><strong>idem</strong></span> <span class='ocrx_word' id='word_1_357' title='bbox 601 3045 706 3100; x_wconf 87' lang='lat' dir='ltr'><strong>alia</strong></span> <span class='ocrx_word' id='word_1_358' title='bbox 733 3059 950 3116; x_wconf 92' lang='lat' dir='ltr'><strong>quoque</strong></span> <span class='ocrx_word' id='word_1_359' title='bbox 974 3044 1184 3099; x_wconf 90' lang='lat' dir='ltr'><strong>ratione</strong></span> <span class='ocrx_word' id='word_1_360' title='bbox 1224 3045 1492 3099; x_wconf 86' lang='lat' dir='ltr'><strong>mediator</strong></span> <span class='ocrx_word' id='word_1_361' title='bbox 1519 3053 1622 3110; x_wconf 88' lang='lat' dir='ltr'><strong>est,</strong></span> <span class='ocrx_word' id='word_1_362' title='bbox 1655 3041 1995 3115; x_wconf 85' lang='lat' dir='ltr'><strong>gubernandi</strong></span> 
     </span>
    </p>
   </div>
   <div class='ocr_carea' id='block_1_48' title="bbox 415 3137 1995 3214">
    <p class='ocr_par' dir='ltr' id='par_1_48' title="bbox 415 3137 1995 3214">
     <span class='ocr_line' id='line_1_48' title="bbox 415 3137 1995 3214; baseline 0.001 -25"><span class='ocrx_word' id='word_1_363' title='bbox 415 3151 612 3208; x_wconf 89' lang='lat' dir='ltr'><strong>nempe</strong></span> <span class='ocrx_word' id='word_1_364' title='bbox 634 3137 872 3214; x_wconf 71' lang='lat' dir='ltr'><strong>ratione,</strong></span> <span class='ocrx_word' id='word_1_365' title='bbox 905 3145 967 3191; x_wconf 92' lang='lat' dir='ltr'><strong>ut</strong></span> <span class='ocrx_word' id='word_1_366' title='bbox 991 3137 1084 3207; x_wconf 92' lang='lat' dir='ltr'><strong>qui</strong></span> <span class='ocrx_word' id='word_1_367' title='bbox 1112 3137 1328 3192; x_wconf 88' lang='lat' dir='ltr'><strong>medius</strong></span> <span class='ocrx_word' id='word_1_368' title='bbox 1356 3137 1609 3191; x_wconf 89' lang='lat' dir='ltr'><strong>incedere</strong></span> <span class='ocrx_word' id='word_1_369' title='bbox 1648 3137 1820 3192; x_wconf 88' lang='lat' dir='ltr'><strong>soleat</strong></span> <span class='ocrx_word' id='word_1_370' title='bbox 1853 3137 1995 3191; x_wconf 91' lang='lat' dir='ltr'><strong>inter</strong></span> 
     </span>
    </p>
   </div>
   <div class='ocr_carea' id='block_1_49' title="bbox 415 3229 1992 3300">
    <p class='ocr_par' dir='ltr' id='par_1_49' title="bbox 415 3229 1992 3300">
     <span class='ocr_line' id='line_1_49' title="bbox 415 3229 1992 3300; baseline 0 -17"><span class='ocrx_word' id='word_1_371' title='bbox 415 3229 654 3284; x_wconf 88' lang='lat' dir='ltr'><strong>cultores</strong></span> <span class='ocrx_word' id='word_1_372' title='bbox 677 3244 808 3284; x_wconf 91' lang='lat' dir='ltr'><strong>suos</strong></span> <span class='ocrx_word' id='word_1_373' title='bbox 841 3235 897 3285; x_wconf 91' lang='lat' dir='ltr'><strong>et</strong></span> <span class='ocrx_word' id='word_1_374' title='bbox 939 3245 1130 3284; x_wconf 91' lang='lat' dir='ltr'><strong>eorum</strong></span> <span class='ocrx_word' id='word_1_375' title='bbox 1169 3229 1547 3294; x_wconf 89' lang='lat' dir='ltr'><strong>insectatores,</strong></span> <span class='ocrx_word' id='word_1_376' title='bbox 1585 3245 1690 3284; x_wconf 90' lang='lat' dir='ltr'><strong>nec</strong></span> <span class='ocrx_word' id='word_1_377' title='bbox 1733 3229 1992 3300; x_wconf 88' lang='lat' dir='ltr'><strong>congredi</strong></span> 
     </span>
    </p>
   </div>
   <div class='ocr_carea' id='block_1_50' title="bbox 415 3320 1991 3393">
    <p class='ocr_par' dir='ltr' id='par_1_50' title="bbox 415 3320 1991 3393">
     <span class='ocr_line' id='line_1_50' title="bbox 415 3320 1991 3393; baseline -0.001 -18"><span class='ocrx_word' id='word_1_378' title='bbox 415 3335 512 3375; x_wconf 91' lang='lat' dir='ltr'><strong>eos</strong></span> <span class='ocrx_word' id='word_1_379' title='bbox 534 3321 679 3375; x_wconf 90' lang='lat' dir='ltr'><strong>inter</strong></span> <span class='ocrx_word' id='word_1_380' title='bbox 699 3337 758 3376; x_wconf 90' lang='lat' dir='ltr'><strong>se</strong></span> <span class='ocrx_word' id='word_1_381' title='bbox 775 3321 1152 3393; x_wconf 67' lang='lat' dir='ltr'><strong>permittat,!et</strong></span> <span class='ocrx_word' id='word_1_382' title='bbox 1168 3321 1355 3376; x_wconf 88' lang='lat' dir='ltr'><strong>hostes</strong></span> <span class='ocrx_word' id='word_1_383' title='bbox 1377 3320 1445 3375; x_wconf 88' lang='lat' dir='ltr'><strong>ab</strong></span> <span class='ocrx_word' id='word_1_384' title='bbox 1463 3320 1779 3376; x_wconf 89' lang='lat' dir='ltr'><strong>incursione</strong></span> <span class='ocrx_word' id='word_1_385' title='bbox 1801 3320 1991 3391; x_wconf 87' lang='lat' dir='ltr'><strong>prohi-</strong></span> 
     </span>
    </p>
   </div>
   <div class='ocr_carea' id='block_1_51' title="bbox 413 3410 1992 3484">
    <p class='ocr_par' dir='ltr' id='par_1_51' title="bbox 413 3410 1992 3484">
     <span class='ocr_line' id='line_1_51' title="bbox 413 3410 1992 3484; baseline 0 -18"><span class='ocrx_word' id='word_1_386' title='bbox 413 3410 560 3466; x_wconf 86' lang='lat' dir='ltr'><strong>beat.</strong></span> <span class='ocrx_word' id='word_1_387' title='bbox 594 3431 612 3462; x_wconf 82' lang='grc' dir='ltr'><strong>ι</strong></span> <span class='ocrx_word' id='word_1_388' title='bbox 649 3410 887 3466; x_wconf 90' lang='lat' dir='ltr'><strong>Sustulit</strong></span> <span class='ocrx_word' id='word_1_389' title='bbox 906 3413 1052 3466; x_wconf 90' lang='lat' dir='ltr'><strong>enim</strong></span> <span class='ocrx_word' id='word_1_390' title='bbox 1075 3428 1152 3479; x_wconf 93' lang='lat' dir='ltr'><strong>se,</strong></span> <span class='ocrx_word' id='word_1_391' title='bbox 1189 3430 1207 3464; x_wconf 72' lang='grc' dir='ltr'><strong>ι</strong></span> <span class='ocrx_word' id='word_1_392' title='bbox 1245 3412 1444 3482; x_wconf 91' lang='lat' dir='ltr'><strong>inquit,</strong></span> <span class='ocrx_word' id='word_1_393' title='bbox 1483 3431 1501 3464; x_wconf 82' lang='grc' dir='ltr'><strong>ι</strong></span> <span class='ocrx_word' id='word_1_394' title='bbox 1539 3412 1766 3484; x_wconf 83' lang='lat' dir='ltr'><strong>angelus</strong></span> <span class='ocrx_word' id='word_1_395' title='bbox 1790 3411 1909 3478; x_wconf 91' lang='lat' dir='ltr'><strong>Dei,</strong></span> <span class='ocrx_word' id='word_1_396' title='bbox 1936 3420 1992 3466; x_wconf 89' lang='lat' dir='ltr'><strong>et</strong></span> 
     </span>
    </p>
   </div>
   <div class='ocr_carea' id='block_1_52' title="bbox 412 3502 1992 3576">
    <p class='ocr_par' dir='ltr' id='par_1_52' title="bbox 412 3502 1992 3576">
     <span class='ocr_line' id='line_1_52' title="bbox 412 3502 1992 3576; baseline 0.001 -19"><span class='ocrx_word' id='word_1_397' title='bbox 412 3502 668 3557; x_wconf 89' lang='lat' dir='ltr'><strong>columna</strong></span> <span class='ocrx_word' id='word_1_398' title='bbox 693 3504 878 3568; x_wconf 91' lang='lat' dir='ltr'><strong>nubis,</strong></span> <span class='ocrx_word' id='word_1_399' title='bbox 897 3513 953 3558; x_wconf 89' lang='lat' dir='ltr'><strong>et</strong></span> <span class='ocrx_word' id='word_1_400' title='bbox 973 3504 1216 3576; x_wconf 88' lang='lat' dir='ltr'><strong>ingressa</strong></span> <span class='ocrx_word' id='word_1_401' title='bbox 1242 3513 1325 3559; x_wconf 90' lang='lat' dir='ltr'><strong>est</strong></span> <span class='ocrx_word' id='word_1_402' title='bbox 1346 3505 1492 3560; x_wconf 88' lang='lat' dir='ltr'><strong>inter</strong></span> <span class='ocrx_word' id='word_1_403' title='bbox 1511 3513 1688 3559; x_wconf 88' lang='lat' dir='ltr'><strong>castra</strong></span> <span class='ocrx_word' id='word_1_404' title='bbox 1705 3503 1869 3559; x_wconf 88' lang='lat' dir='ltr'><strong>Israel</strong></span> <span class='ocrx_word' id='word_1_405' title='bbox 1893 3522 1905 3558; x_wconf 92' lang='lat'><strong>:</strong></span> <span class='ocrx_word' id='word_1_406' title='bbox 1935 3511 1992 3558; x_wconf 85' lang='lat' dir='ltr'><strong>et</strong></span> 
     </span>
    </p>
   </div>
   <div class='ocr_carea' id='block_1_53' title="bbox 414 3590 1992 3647">
    <p class='ocr_par' dir='ltr' id='par_1_53' title="bbox 414 3590 1992 3647">
     <span class='ocr_line' id='line_1_53' title="bbox 414 3590 1992 3647; baseline -0.001 -1"><span class='ocrx_word' id='word_1_407' title='bbox 414 3607 526 3647; x_wconf 90' lang='lat' dir='ltr'><strong>non</strong></span> <span class='ocrx_word' id='word_1_408' title='bbox 561 3591 836 3647; x_wconf 90' lang='lat' dir='ltr'><strong>commisti</strong></span> <span class='ocrx_word' id='word_1_409' title='bbox 877 3600 1006 3646; x_wconf 89' lang='lat' dir='ltr'><strong>sunt</strong></span> <span class='ocrx_word' id='word_1_410' title='bbox 1041 3592 1184 3646; x_wconf 91' lang='lat' dir='ltr'><strong>inter</strong></span> <span class='ocrx_word' id='word_1_411' title='bbox 1218 3607 1275 3646; x_wconf 92' lang='lat' dir='ltr'><strong>se</strong></span> <span class='ocrx_word' id='word_1_412' title='bbox 1309 3599 1423 3645; x_wconf 89' lang='lat' dir='ltr'><strong>tota</strong></span> <span class='ocrx_word' id='word_1_413' title='bbox 1453 3601 1614 3645; x_wconf 90' lang='lat' dir='ltr'><strong>nocte</strong></span> <span class='ocrx_word' id='word_1_414' title='bbox 1633 3591 1697 3643; x_wconf 79' lang='grc'><strong>⁸⁸.</strong></span> <span class='ocrx_word' id='word_1_415' title='bbox 1742 3609 1760 3640; x_wconf 71' lang='grc' dir='ltr'><strong>ι</strong></span> <span class='ocrx_word' id='word_1_416' title='bbox 1807 3590 1868 3644; x_wconf 84' lang='grc' dir='ltr'>1η</span> <span class='ocrx_word' id='word_1_417' title='bbox 1891 3605 1992 3644; x_wconf 85' lang='lat' dir='ltr'><strong>an-</strong></span> 
     </span>
    </p>
   </div>
   <div class='ocr_carea' id='block_1_54' title="bbox 412 3679 1988 3755">
    <p class='ocr_par' dir='ltr' id='par_1_54' title="bbox 412 3679 1988 3755">
     <span class='ocr_line' id='line_1_54' title="bbox 412 3679 1988 3755; baseline -0.003 -16"><span class='ocrx_word' id='word_1_418' title='bbox 412 3685 534 3755; x_wconf 86' lang='lat' dir='ltr'><strong>gelo</strong></span> <span class='ocrx_word' id='word_1_419' title='bbox 576 3691 758 3738; x_wconf 88' lang='lat' dir='ltr'><strong>autem</strong></span> <span class='ocrx_word' id='word_1_420' title='bbox 783 3683 988 3747; x_wconf 91' lang='lat' dir='ltr'><strong>denuo,</strong></span> <span class='ocrx_word' id='word_1_421' title='bbox 1028 3691 1191 3752; x_wconf 85' lang='lat' dir='ltr'><strong>atque</strong></span> <span class='ocrx_word' id='word_1_422' title='bbox 1219 3682 1276 3735; x_wconf 92' lang='lat' dir='ltr'><strong>in</strong></span> <span class='ocrx_word' id='word_1_423' title='bbox 1319 3682 1572 3736; x_wconf 88' lang='lat' dir='ltr'><strong>columna</strong></span> <span class='ocrx_word' id='word_1_424' title='bbox 1617 3680 1784 3736; x_wconf 92' lang='lat' dir='ltr'><strong>nubis</strong></span> <span class='ocrx_word' id='word_1_425' title='bbox 1827 3679 1988 3735; x_wconf 87' lang='lat' dir='ltr'><strong>Chri-</strong></span> 
     </span>
    </p>
   </div>
   <div class='ocr_carea' id='block_1_55' title="bbox 409 3771 1988 3845">
    <p class='ocr_par' dir='ltr' id='par_1_55' title="bbox 409 3771 1988 3845">
     <span class='ocr_line' id='line_1_55' title="bbox 409 3771 1988 3845; baseline 0 -17"><span class='ocrx_word' id='word_1_426' title='bbox 409 3783 532 3828; x_wconf 80' lang='lat' dir='ltr'><strong>stus</strong></span> <span class='ocrx_word' id='word_1_427' title='bbox 556 3773 925 3843; x_wconf 87' lang='lat' dir='ltr'><strong>signiﬁcatur;</strong></span> <span class='ocrx_word' id='word_1_428' title='bbox 964 3780 1193 3827; x_wconf 80' lang='lat' dir='ltr'><strong>vocatur</strong></span> <span class='ocrx_word' id='word_1_429' title='bbox 1223 3771 1372 3826; x_wconf 90' lang='lat' dir='ltr'><strong>enim</strong></span> <span class='ocrx_word' id='word_1_430' title='bbox 1401 3785 1604 3827; x_wconf 89' lang='lat' dir='ltr'><strong>nomen</strong></span> <span class='ocrx_word' id='word_1_431' title='bbox 1628 3773 1765 3845; x_wconf 87' lang='lat' dir='ltr'><strong>ejus,</strong></span> <span class='ocrx_word' id='word_1_432' title='bbox 1818 3791 1836 3824; x_wconf 82' lang='grc' dir='ltr'><strong>ι</strong></span> <span class='ocrx_word' id='word_1_433' title='bbox 1869 3789 1988 3828; x_wconf 91' lang='lat' dir='ltr'><strong>ma-</strong></span> 
     </span>
    </p>
   </div>
   <div class='ocr_carea' id='block_1_56' title="bbox 413 3862 1148 3936">
    <p class='ocr_par' dir='ltr' id='par_1_56' title="bbox 413 3862 1148 3936">
     <span class='ocr_line' id='line_1_56' title="bbox 413 3862 1148 3936; baseline -0.004 -18"><span class='ocrx_word' id='word_1_434' title='bbox 413 3865 506 3936; x_wconf 73' lang='lat' dir='ltr'><strong>gni</strong></span> <span class='ocrx_word' id='word_1_435' title='bbox 531 3864 746 3919; x_wconf 87' lang='lat' dir='ltr'><strong>consilii</strong></span> <span class='ocrx_word' id='word_1_436' title='bbox 773 3862 1013 3934; x_wconf 85' lang='lat' dir='ltr'><strong>Angelus</strong></span> <span class='ocrx_word' id='word_1_437' title='bbox 1033 3864 1096 3917; x_wconf 78' lang='grc'><strong>⁸³.</strong></span> <span class='ocrx_word' id='word_1_438' title='bbox 1128 3883 1148 3915; x_wconf 73' lang='grc' dir='ltr'><strong>ι</strong></span> 
     </span>
    </p>
   </div>
   <div class='ocr_carea' id='block_1_57' title="bbox 484 4054 1984 4128">
    <p class='ocr_par' dir='ltr' id='par_1_57' title="bbox 484 4054 1984 4128">
     <span class='ocr_line' id='line_1_57' title="bbox 484 4054 1984 4128; baseline -0.001 -16"><span class='ocrx_word' id='word_1_439' title='bbox 484 4054 682 4112; x_wconf 84' lang='lat' dir='ltr'><strong>PALL.</strong></span> <span class='ocrx_word' id='word_1_440' title='bbox 715 4056 878 4128; x_wconf 87' lang='lat' dir='ltr'><strong>Ergo,</strong></span> <span class='ocrx_word' id='word_1_441' title='bbox 915 4055 1045 4111; x_wconf 90' lang='lat' dir='ltr'><strong>dum</strong></span> <span class='ocrx_word' id='word_1_442' title='bbox 1086 4055 1340 4112; x_wconf 88' lang='lat' dir='ltr'><strong>Christus</strong></span> <span class='ocrx_word' id='word_1_443' title='bbox 1365 4065 1450 4112; x_wconf 81' lang='lat' dir='ltr'><strong>est</strong></span> <span class='ocrx_word' id='word_1_444' title='bbox 1478 4055 1692 4110; x_wconf 90' lang='lat' dir='ltr'><strong>medius</strong></span> <span class='ocrx_word' id='word_1_445' title='bbox 1727 4054 1984 4127; x_wconf 89' lang='lat' dir='ltr'><strong>interjec-</strong></span> 
     </span>
    </p>
   </div>
   <div class='ocr_carea' id='block_1_58' title="bbox 417 4147 1983 4220">
    <p class='ocr_par' dir='ltr' id='par_1_58' title="bbox 417 4147 1983 4220">
     <span class='ocr_line' id='line_1_58' title="bbox 417 4147 1983 4220; baseline 0.001 -18"><span class='ocrx_word' id='word_1_446' title='bbox 417 4158 522 4213; x_wconf 91' lang='lat' dir='ltr'><strong>tus,</strong></span> <span class='ocrx_word' id='word_1_447' title='bbox 551 4163 664 4204; x_wconf 90' lang='lat' dir='ltr'><strong>non</strong></span> <span class='ocrx_word' id='word_1_448' title='bbox 690 4163 1044 4205; x_wconf 86' lang='lat' dir='ltr'><strong>conseremus</strong></span> <span class='ocrx_word' id='word_1_449' title='bbox 1074 4164 1270 4205; x_wconf 87' lang='lat' dir='ltr'><strong>manus</strong></span> <span class='ocrx_word' id='word_1_450' title='bbox 1290 4163 1414 4203; x_wconf 88' lang='lat' dir='ltr'><strong>cum</strong></span> <span class='ocrx_word' id='word_1_451' title='bbox 1439 4147 1506 4203; x_wconf 90' lang='lat' dir='ltr'><strong>iis</strong></span> <span class='ocrx_word' id='word_1_452' title='bbox 1545 4148 1640 4219; x_wconf 89' lang='lat' dir='ltr'><strong>qui</strong></span> <span class='ocrx_word' id='word_1_453' title='bbox 1669 4164 1983 4220; x_wconf 89' lang='lat' dir='ltr'><strong>oppugnare</strong></span> 
     </span>
    </p>
   </div>
   <div class='ocr_carea' id='block_1_59' title="bbox 411 4241 787 4312">
    <p class='ocr_par' dir='ltr' id='par_1_59' title="bbox 411 4241 787 4312">
     <span class='ocr_line' id='line_1_59' title="bbox 411 4241 787 4312; baseline 0.005 -18"><span class='ocrx_word' id='word_1_454' title='bbox 411 4251 513 4295; x_wconf 89' lang='lat' dir='ltr'><strong>nos</strong></span> <span class='ocrx_word' id='word_1_455' title='bbox 536 4241 787 4312; x_wconf 89' lang='lat' dir='ltr'><strong>cupiunt.</strong></span> 
     </span>
    </p>
   </div>
   <div class='ocr_carea' id='block_1_60' title="bbox 481 4328 1982 4400">
    <p class='ocr_par' dir='ltr' id='par_1_60' title="bbox 481 4328 1982 4400">
     <span class='ocr_line' id='line_1_60' title="bbox 481 4328 1982 4400; baseline -0.001 -14"><span class='ocrx_word' id='word_1_456' title='bbox 481 4329 642 4387; x_wconf 83' lang='lat' dir='ltr'><strong>CYR.</strong></span> <span class='ocrx_word' id='word_1_457' title='bbox 680 4331 759 4386; x_wconf 88' lang='lat' dir='ltr'><strong>Ita</strong></span> <span class='ocrx_word' id='word_1_458' title='bbox 799 4347 886 4387; x_wconf 91' lang='lat' dir='ltr'><strong>res</strong></span> <span class='ocrx_word' id='word_1_459' title='bbox 917 4339 1035 4398; x_wconf 91' lang='lat' dir='ltr'><strong>est;</strong></span> <span class='ocrx_word' id='word_1_460' title='bbox 1082 4337 1232 4387; x_wconf 88' lang='lat' dir='ltr'><strong>recte</strong></span> <span class='ocrx_word' id='word_1_461' title='bbox 1281 4329 1559 4400; x_wconf 88' lang='lat' dir='ltr'><strong>intelligis.</strong></span> <span class='ocrx_word' id='word_1_462' title='bbox 1603 4328 1741 4384; x_wconf 94' lang='lat' dir='ltr'><strong>lllud</strong></span> <span class='ocrx_word' id='word_1_463' title='bbox 1801 4338 1982 4385; x_wconf 88' lang='lat' dir='ltr'><strong>tamen</strong></span> 
     </span>
    </p>
   </div>
   <div class='ocr_carea' id='block_1_61' title="bbox 410 4420 1983 4494">
    <p class='ocr_par' dir='ltr' id='par_1_61' title="bbox 410 4420 1983 4494">
     <span class='ocr_line' id='line_1_61' title="bbox 410 4420 1983 4494; baseline -0.002 -17"><span class='ocrx_word' id='word_1_464' title='bbox 410 4423 612 4489; x_wconf 90' lang='lat' dir='ltr'><strong>dicam,</strong></span> <span class='ocrx_word' id='word_1_465' title='bbox 648 4423 758 4494; x_wconf 81' lang='lat'><strong>87</strong></span> <span class='ocrx_word' id='word_1_466' title='bbox 791 4437 1024 4494; x_wconf 89' lang='lat' dir='ltr'><strong>nequea</strong></span> <span class='ocrx_word' id='word_1_467' title='bbox 1051 4435 1174 4476; x_wconf 89' lang='lat' dir='ltr'><strong>mea</strong></span> <span class='ocrx_word' id='word_1_468' title='bbox 1229 4420 1518 4485; x_wconf 89' lang='lat' dir='ltr'><strong>sententia,</strong></span> <span class='ocrx_word' id='word_1_469' title='bbox 1562 4428 1625 4475; x_wconf 91' lang='lat' dir='ltr'><strong>ut</strong></span> <span class='ocrx_word' id='word_1_470' title='bbox 1673 4421 1887 4491; x_wconf 90' lang='lat' dir='ltr'><strong>opinor,</strong></span> <span class='ocrx_word' id='word_1_471' title='bbox 1936 4420 1983 4474; x_wconf 88' lang='lat' dir='ltr'><strong>is</strong></span> 
     </span>
    </p>
   </div>
   <div class='ocr_carea' id='block_1_62' title="bbox 409 4514 1984 4586">
    <p class='ocr_par' dir='ltr' id='par_1_62' title="bbox 409 4514 1984 4586">
     <span class='ocr_line' id='line_1_62' title="bbox 409 4514 1984 4586; baseline -0.001 -16"><span class='ocrx_word' id='word_1_472' title='bbox 409 4516 693 4570; x_wconf 89' lang='lat' dir='ltr'><strong>aberrabit</strong></span> <span class='ocrx_word' id='word_1_473' title='bbox 714 4516 809 4586; x_wconf 91' lang='lat' dir='ltr'><strong>qui</strong></span> <span class='ocrx_word' id='word_1_474' title='bbox 838 4515 1056 4579; x_wconf 78' lang='lat' dir='ltr'><strong>dixerit,</strong></span> <span class='ocrx_word' id='word_1_475' title='bbox 1081 4530 1201 4580; x_wconf 90' lang='lat' dir='ltr'><strong>nos,</strong></span> <span class='ocrx_word' id='word_1_476' title='bbox 1227 4514 1274 4570; x_wconf 86' lang='lat' dir='ltr'><strong>si</strong></span> <span class='ocrx_word' id='word_1_477' title='bbox 1315 4514 1556 4585; x_wconf 90' lang='lat' dir='ltr'><strong>superati</strong></span> <span class='ocrx_word' id='word_1_478' title='bbox 1592 4530 1624 4569; x_wconf 91' lang='lat' dir='ltr'><strong>a</strong></span> <span class='ocrx_word' id='word_1_479' title='bbox 1659 4515 1984 4585; x_wconf 84' lang='lat' dir='ltr'><strong>voluptuosa</strong></span> 
     </span>
    </p>
   </div>
   <div class='ocr_carea' id='block_1_63' title="bbox 410 4604 1982 4676">
    <p class='ocr_par' dir='ltr' id='par_1_63' title="bbox 410 4604 1982 4676">
     <span class='ocr_line' id='line_1_63' title="bbox 410 4604 1982 4676; baseline -0.002 -16"><span class='ocrx_word' id='word_1_480' title='bbox 410 4605 797 4676; x_wconf 81' lang='lat' dir='ltr'><strong>mundanaque</strong></span> <span class='ocrx_word' id='word_1_481' title='bbox 822 4606 932 4660; x_wconf 90' lang='lat' dir='ltr'><strong>vita</strong></span> <span class='ocrx_word' id='word_1_482' title='bbox 957 4605 1237 4660; x_wconf 87' lang='lat' dir='ltr'><strong>discedere</strong></span> <span class='ocrx_word' id='word_1_483' title='bbox 1265 4604 1689 4670; x_wconf 90' lang='lat' dir='ltr'><strong>decreverimus,</strong></span> <span class='ocrx_word' id='word_1_484' title='bbox 1722 4621 1787 4660; x_wconf 90' lang='lat' dir='ltr'><strong>ac</strong></span> <span class='ocrx_word' id='word_1_485' title='bbox 1826 4604 1982 4675; x_wconf 90' lang='lat' dir='ltr'><strong>sequi</strong></span> 
     </span>
    </p>
   </div>
   <div class='ocr_carea' id='block_1_64' title="bbox 407 4696 1980 4772">
    <p class='ocr_par' dir='ltr' id='par_1_64' title="bbox 407 4696 1980 4772">
     <span class='ocr_line' id='line_1_64' title="bbox 407 4696 1980 4772; baseline 0 -18"><span class='ocrx_word' id='word_1_486' title='bbox 407 4715 575 4770; x_wconf 83' lang='lat' dir='ltr'><strong>quam</strong></span> <span class='ocrx_word' id='word_1_487' title='bbox 627 4699 864 4754; x_wconf 82' lang='lat' dir='ltr'><strong>maximo</strong></span> <span class='ocrx_word' id='word_1_488' title='bbox 898 4698 1082 4754; x_wconf 89' lang='lat' dir='ltr'><strong>studio</strong></span> <span class='ocrx_word' id='word_1_489' title='bbox 1140 4699 1237 4754; x_wconf 91' lang='lat' dir='ltr'><strong>Dei</strong></span> <span class='ocrx_word' id='word_1_490' title='bbox 1291 4699 1439 4772; x_wconf 86' lang='lat' dir='ltr'><strong>leges</strong></span> <span class='ocrx_word' id='word_1_491' title='bbox 1499 4696 1980 4766; x_wconf 87' lang='lat' dir='ltr'><strong>constituerimus,</strong></span> 
     </span>
    </p>
   </div>
   <div class='ocr_carea' id='block_1_65' title="bbox 407 4787 1982 4860">
    <p class='ocr_par' dir='ltr' id='par_1_65' title="bbox 407 4787 1982 4860">
     <span class='ocr_line' id='line_1_65' title="bbox 407 4787 1982 4860; baseline -0.001 -15"><span class='ocrx_word' id='word_1_492' title='bbox 407 4789 655 4845; x_wconf 91' lang='lat' dir='ltr'><strong>nondum</strong></span> <span class='ocrx_word' id='word_1_493' title='bbox 697 4797 881 4844; x_wconf 89' lang='lat' dir='ltr'><strong>tamen</strong></span> <span class='ocrx_word' id='word_1_494' title='bbox 914 4789 1183 4844; x_wconf 90' lang='lat' dir='ltr'><strong>fuerimus</strong></span> <span class='ocrx_word' id='word_1_495' title='bbox 1238 4790 1413 4845; x_wconf 90' lang='lat' dir='ltr'><strong>sancti</strong></span> <span class='ocrx_word' id='word_1_496' title='bbox 1462 4787 1802 4860; x_wconf 89' lang='lat' dir='ltr'><strong>baptismatis</strong></span> <span class='ocrx_word' id='word_1_497' title='bbox 1859 4803 1982 4858; x_wconf 86' lang='lat' dir='ltr'><strong>gra-</strong></span> 
     </span>
    </p>
   </div>
   <div class='ocr_carea' id='block_1_66' title="bbox 409 4879 1983 4952">
    <p class='ocr_par' dir='ltr' id='par_1_66' title="bbox 409 4879 1983 4952">
     <span class='ocr_line' id='line_1_66' title="bbox 409 4879 1983 4952; baseline -0.002 -16"><span class='ocrx_word' id='word_1_498' title='bbox 409 4883 541 4936; x_wconf 78' lang='lat' dir='ltr'><strong>tiam</strong></span> <span class='ocrx_word' id='word_1_499' title='bbox 567 4881 871 4948; x_wconf 89' lang='lat' dir='ltr'><strong>consecuti,</strong></span> <span class='ocrx_word' id='word_1_500' title='bbox 903 4895 1245 4952; x_wconf 89' lang='lat' dir='ltr'><strong>nequequam</strong></span> <span class='ocrx_word' id='word_1_501' title='bbox 1267 4881 1399 4935; x_wconf 88' lang='lat' dir='ltr'><strong>satis</strong></span> <span class='ocrx_word' id='word_1_502' title='bbox 1428 4879 1598 4934; x_wconf 89' lang='lat' dir='ltr'><strong>fortes</strong></span> <span class='ocrx_word' id='word_1_503' title='bbox 1632 4886 1725 4933; x_wconf 90' lang='lat' dir='ltr'><strong>aut</strong></span> <span class='ocrx_word' id='word_1_504' title='bbox 1763 4886 1983 4948; x_wconf 88' lang='lat' dir='ltr'><strong>paratos</strong></span> 
     </span>
    </p>
   </div>
   <div class='ocr_carea' id='block_1_67' title="bbox 407 4967 1984 5032">
    <p class='ocr_par' dir='ltr' id='par_1_67' title="bbox 407 4967 1984 5032">
     <span class='ocr_line' id='line_1_67' title="bbox 407 4967 1984 5032; baseline -0.002 -6"><span class='ocrx_word' id='word_1_505' title='bbox 407 4980 559 5026; x_wconf 87' lang='lat' dir='ltr'><strong>certe</strong></span> <span class='ocrx_word' id='word_1_506' title='bbox 605 4971 674 5025; x_wconf 90' lang='lat' dir='ltr'><strong>ad</strong></span> <span class='ocrx_word' id='word_1_507' title='bbox 719 4970 995 5025; x_wconf 88' lang='lat' dir='ltr'><strong>molestias</strong></span> <span class='ocrx_word' id='word_1_508' title='bbox 1043 4969 1349 5025; x_wconf 86' lang='lat' dir='ltr'><strong>tolerandas</strong></span> <span class='ocrx_word' id='word_1_509' title='bbox 1396 4968 1532 5032; x_wconf 87' lang='lat' dir='ltr'><strong>fore,</strong></span> <span class='ocrx_word' id='word_1_510' title='bbox 1563 4977 1620 5022; x_wconf 92' lang='lat' dir='ltr'><strong>et</strong></span> <span class='ocrx_word' id='word_1_511' title='bbox 1668 4967 1984 5023; x_wconf 90' lang='lat' dir='ltr'><strong>subeundos</strong></span> 
     </span>
    </p>
   </div>
   <div class='ocr_carea' id='block_1_68' title="bbox 407 5057 1984 5130">
    <p class='ocr_par' dir='ltr' id='par_1_68' title="bbox 407 5057 1984 5130">
     <span class='ocr_line' id='line_1_68' title="bbox 407 5057 1984 5130; baseline -0.003 -16"><span class='ocrx_word' id='word_1_512' title='bbox 407 5076 510 5130; x_wconf 90' lang='lat' dir='ltr'><strong>pro</strong></span> <span class='ocrx_word' id='word_1_513' title='bbox 564 5060 767 5114; x_wconf 88' lang='lat' dir='ltr'><strong>virtute</strong></span> <span class='ocrx_word' id='word_1_514' title='bbox 817 5059 1051 5126; x_wconf 89' lang='lat' dir='ltr'><strong>labores,</strong></span> <span class='ocrx_word' id='word_1_515' title='bbox 1100 5069 1264 5128; x_wconf 89' lang='lat' dir='ltr'><strong>atque</strong></span> <span class='ocrx_word' id='word_1_516' title='bbox 1321 5058 1388 5112; x_wconf 91' lang='lat' dir='ltr'><strong>ad</strong></span> <span class='ocrx_word' id='word_1_517' title='bbox 1436 5057 1705 5111; x_wconf 92' lang='lat' dir='ltr'><strong>bellorum</strong></span> <span class='ocrx_word' id='word_1_518' title='bbox 1741 5057 1984 5126; x_wconf 88' lang='lat' dir='ltr'><strong>pericula</strong></span> 
     </span>
    </p>
   </div>
   <div class='ocr_carea' id='block_1_69' title="bbox 407 5143 1980 5216">
    <p class='ocr_par' dir='ltr' id='par_1_69' title="bbox 407 5143 1980 5216">
     <span class='ocr_line' id='line_1_69' title="bbox 407 5143 1980 5216; baseline -0.001 -17"><span class='ocrx_word' id='word_1_519' title='bbox 407 5144 752 5216; x_wconf 85' lang='lat' dir='ltr'><strong>perferenda.</strong></span> <span class='ocrx_word' id='word_1_520' title='bbox 776 5145 1250 5212; x_wconf 87' lang='lat' dir='ltr'><strong>Quemadmodum</strong></span> <span class='ocrx_word' id='word_1_521' title='bbox 1282 5146 1428 5200; x_wconf 91' lang='lat' dir='ltr'><strong>enim</strong></span> <span class='ocrx_word' id='word_1_522' title='bbox 1469 5152 1670 5197; x_wconf 70' lang='lat' dir='ltr'><strong>tenerae</strong></span> <span class='ocrx_word' id='word_1_523' title='bbox 1713 5143 1980 5197; x_wconf 88' lang='lat' dir='ltr'><strong>arbuscu-</strong></span> 
     </span>
    </p>
   </div>
   <div class='ocr_carea' id='block_1_70' title="bbox 407 5237 1982 5297">
    <p class='ocr_par' dir='ltr' id='par_1_70' title="bbox 407 5237 1982 5297">
     <span class='ocr_line' id='line_1_70' title="bbox 407 5237 1982 5297; baseline -0.001 -3"><span class='ocrx_word' id='word_1_524' title='bbox 407 5241 473 5294; x_wconf 73' lang='lat' dir='ltr'><strong>lae</strong></span> <span class='ocrx_word' id='word_1_525' title='bbox 489 5239 999 5296; x_wconf 85' lang='lat' dir='ltr'><strong>vehementissimos</strong></span> <span class='ocrx_word' id='word_1_526' title='bbox 1027 5241 1158 5297; x_wconf 91' lang='lat' dir='ltr'><strong>solis</strong></span> <span class='ocrx_word' id='word_1_527' title='bbox 1181 5240 1364 5294; x_wconf 89' lang='lat' dir='ltr'><strong>radios</strong></span> <span class='ocrx_word' id='word_1_528' title='bbox 1384 5237 1527 5290; x_wconf 90' lang='lat' dir='ltr'><strong>ferre</strong></span> <span class='ocrx_word' id='word_1_529' title='bbox 1573 5245 1854 5297; x_wconf 83' lang='lat' dir='ltr'><strong>recusant,</strong></span> <span class='ocrx_word' id='word_1_530' title='bbox 1879 5251 1982 5292; x_wconf 91' lang='lat' dir='ltr'><strong>ne-</strong></span> 
     </span>
    </p>
   </div>
   <div class='ocr_carea' id='block_1_71' title="bbox 407 5328 1983 5404">
    <p class='ocr_par' dir='ltr' id='par_1_71' title="bbox 407 5328 1983 5404">
     <span class='ocr_line' id='line_1_71' title="bbox 407 5328 1983 5404; baseline -0.001 -18"><span class='ocrx_word' id='word_1_531' title='bbox 407 5349 513 5404; x_wconf 89' lang='lat' dir='ltr'><strong>que</strong></span> <span class='ocrx_word' id='word_1_532' title='bbox 529 5349 722 5403; x_wconf 88' lang='lat' dir='ltr'><strong>parum</strong></span> <span class='ocrx_word' id='word_1_533' title='bbox 744 5333 1012 5391; x_wconf 67' lang='lat' dir='ltr'><strong>laedantur</strong></span> <span class='ocrx_word' id='word_1_534' title='bbox 1036 5334 1082 5389; x_wconf 90' lang='lat' dir='ltr'><strong>si</strong></span> <span class='ocrx_word' id='word_1_535' title='bbox 1108 5340 1396 5387; x_wconf 89' lang='lat' dir='ltr'><strong>ventorum</strong></span> <span class='ocrx_word' id='word_1_536' title='bbox 1421 5328 1743 5384; x_wconf 89' lang='lat' dir='ltr'><strong>violentiore</strong></span> <span class='ocrx_word' id='word_1_537' title='bbox 1775 5328 1983 5399; x_wconf 88' lang='lat' dir='ltr'><strong>impetu</strong></span> 
     </span>
    </p>
   </div>
   <div class='ocr_carea' id='block_1_72' title="bbox 409 5421 1987 5496">
    <p class='ocr_par' dir='ltr' id='par_1_72' title="bbox 409 5421 1987 5496">
     <span class='ocr_line' id='line_1_72' title="bbox 409 5421 1987 5496; baseline -0.001 -18"><span class='ocrx_word' id='word_1_538' title='bbox 409 5424 747 5494; x_wconf 89' lang='lat' dir='ltr'><strong>quatiantur,</strong></span> <span class='ocrx_word' id='word_1_539' title='bbox 778 5425 1013 5495; x_wconf 89' lang='lat' dir='ltr'><strong>ideoque</strong></span> <span class='ocrx_word' id='word_1_540' title='bbox 1047 5439 1273 5496; x_wconf 82' lang='lat' dir='ltr'><strong>prorsus</strong></span> <span class='ocrx_word' id='word_1_541' title='bbox 1309 5438 1446 5493; x_wconf 89' lang='lat' dir='ltr'><strong>opus</strong></span> <span class='ocrx_word' id='word_1_542' title='bbox 1485 5421 1987 5478; x_wconf 90' lang='lat' dir='ltr'><strong>habentnonnullis</strong></span> 
     </span>
    </p>
   </div>
   <div class='ocr_carea' id='block_1_73' title="bbox 404 5513 1984 5589">
    <p class='ocr_par' dir='ltr' id='par_1_73' title="bbox 404 5513 1984 5589">
     <span class='ocr_line' id='line_1_73' title="bbox 404 5513 1984 5589; baseline -0.001 -19"><span class='ocrx_word' id='word_1_543' title='bbox 404 5532 474 5570; x_wconf 77' lang='lat' dir='ltr'><strong>ex</strong></span> <span class='ocrx_word' id='word_1_544' title='bbox 499 5525 615 5571; x_wconf 88' lang='lat' dir='ltr'><strong>arte</strong></span> <span class='ocrx_word' id='word_1_545' title='bbox 650 5517 1001 5589; x_wconf 69' lang='lat' dir='ltr'><strong>adiumentis,</strong></span> <span class='ocrx_word' id='word_1_546' title='bbox 1035 5525 1198 5585; x_wconf 88' lang='lat' dir='ltr'><strong>atque</strong></span> <span class='ocrx_word' id='word_1_547' title='bbox 1237 5515 1576 5569; x_wconf 90' lang='lat' dir='ltr'><strong>munimento</strong></span> <span class='ocrx_word' id='word_1_548' title='bbox 1595 5519 1713 5584; x_wconf 64' lang='lat' dir='ltr'><strong>jquo</strong></span> <span class='ocrx_word' id='word_1_549' title='bbox 1746 5513 1984 5568; x_wconf 89' lang='lat' dir='ltr'><strong>circum-</strong></span> 
     </span>
    </p>
   </div>
   <div class='ocr_carea' id='block_1_74' title="bbox 406 5606 1985 5680">
    <p class='ocr_par' dir='ltr' id='par_1_74' title="bbox 406 5606 1985 5680">
     <span class='ocr_line' id='line_1_74' title="bbox 406 5606 1985 5680; baseline -0.001 -17"><span class='ocrx_word' id='word_1_550' title='bbox 406 5618 662 5680; x_wconf 83' lang='lat' dir='ltr'><strong>tegantur</strong></span> <span class='ocrx_word' id='word_1_551' title='bbox 699 5627 712 5663; x_wconf 88' lang='lat'><strong>:</strong></span> <span class='ocrx_word' id='word_1_552' title='bbox 743 5610 842 5675; x_wconf 90' lang='lat' dir='ltr'><strong>sic,</strong></span> <span class='ocrx_word' id='word_1_553' title='bbox 881 5609 1095 5677; x_wconf 92' lang='lat' dir='ltr'><strong>opinor,</strong></span> <span class='ocrx_word' id='word_1_554' title='bbox 1141 5607 1308 5662; x_wconf 88' lang='lat' dir='ltr'><strong>etiam</strong></span> <span class='ocrx_word' id='word_1_555' title='bbox 1352 5607 1592 5661; x_wconf 88' lang='lat' dir='ltr'><strong>hominis</strong></span> <span class='ocrx_word' id='word_1_556' title='bbox 1630 5606 1812 5661; x_wconf 84' lang='lat' dir='ltr'><strong>anima</strong></span> <span class='ocrx_word' id='word_1_557' title='bbox 1863 5622 1985 5676; x_wconf 54' lang='lat' dir='ltr'><strong>quae</strong></span> 
     </span>
    </p>
   </div>
   <div class='ocr_carea' id='block_1_75' title="bbox 2097 1778 3665 1852">
    <p class='ocr_par' dir='ltr' id='par_1_75' title="bbox 2097 1778 3665 1852">
     <span class='ocr_line' id='line_1_75' title="bbox 2097 1778 3665 1852; baseline 0.003 -22"><span class='ocrx_word' id='word_1_558' title='bbox 2097 1779 2204 1831; x_wconf 88' lang='grc' dir='ltr'><strong>τῶν</strong></span> <span class='ocrx_word' id='word_1_559' title='bbox 2236 1779 2367 1834; x_wconf 86' lang='grc' dir='ltr'>υίῶν</span> <span class='ocrx_word' id='word_1_560' title='bbox 2405 1779 2623 1850; x_wconf 84' lang='grc' dir='ltr'>Ἰσραὴλ</span> <span class='ocrx_word' id='word_1_561' title='bbox 2647 1819 2662 1844; x_wconf 95' lang='grc'><strong>,</strong></span> <span class='ocrx_word' id='word_1_562' title='bbox 2703 1779 2785 1832; x_wconf 84' lang='grc' dir='ltr'>ὅτι</span> <span class='ocrx_word' id='word_1_563' title='bbox 2838 1781 3042 1843; x_wconf 89' lang='grc' dir='ltr'>πάντες</span> <span class='ocrx_word' id='word_1_564' title='bbox 3075 1780 3156 1842; x_wconf 91' lang='grc' dir='ltr'><strong>εἰς</strong></span> <span class='ocrx_word' id='word_1_565' title='bbox 3191 1778 3284 1832; x_wconf 84' lang='grc' dir='ltr'><strong>τὸν</strong></span> <span class='ocrx_word' id='word_1_566' title='bbox 3331 1780 3506 1852; x_wconf 86' lang='grc' dir='ltr'><strong>Μωσῆ</strong></span> <span class='ocrx_word' id='word_1_567' title='bbox 3543 1780 3665 1835; x_wconf 77' lang='grc' dir='ltr'>ἐδα-</span> 
     </span>
    </p>
   </div>
   <div class='ocr_carea' id='block_1_76' title="bbox 2028 1850 3444 1944">
    <p class='ocr_par' dir='ltr' id='par_1_76' title="bbox 2028 1850 3444 1944">
     <span class='ocr_line' id='line_1_76' title="bbox 2028 1850 3444 1944; baseline 0.012 -22"><span class='ocrx_word' id='word_1_568' title='bbox 2028 1850 2070 1905; x_wconf 74' lang='lat' dir='ltr'><strong>B</strong></span> <span class='ocrx_word' id='word_1_569' title='bbox 2101 1870 2401 1942; x_wconf 87' lang='grc' dir='ltr'>πτίσθησαν</span> <span class='ocrx_word' id='word_1_570' title='bbox 2429 1875 2486 1926; x_wconf 87' lang='grc' dir='ltr'><strong>ἐν</strong></span> <span class='ocrx_word' id='word_1_571' title='bbox 2531 1875 2595 1944; x_wconf 79' lang='grc' dir='ltr'>τῇ</span> <span class='ocrx_word' id='word_1_572' title='bbox 2627 1872 2826 1943; x_wconf 82' lang='grc' dir='ltr'>νεφέλῃ</span> <span class='ocrx_word' id='word_1_573' title='bbox 2858 1872 2954 1926; x_wconf 71' lang='grc' dir='ltr'><strong>καὶ</strong></span> <span class='ocrx_word' id='word_1_574' title='bbox 2982 1862 3044 1925; x_wconf 78' lang='grc' dir='ltr'><strong>ἐν</strong></span> <span class='ocrx_word' id='word_1_575' title='bbox 3069 1873 3135 1943; x_wconf 79' lang='grc' dir='ltr'>τῇ</span> <span class='ocrx_word' id='word_1_576' title='bbox 3166 1870 3444 1943; x_wconf 69' lang='grc' dir='ltr'>θαλάσσης</span> 
     </span>
    </p>
   </div>
   <div class='ocr_carea' id='block_1_77' title="bbox 2021 3190 2063 3248">
    <p class='ocr_par' dir='ltr' id='par_1_77' title="bbox 2021 3190 2063 3248">
     <span class='ocr_line' id='line_1_77' title="bbox 2021 3190 2063 3248; baseline 0 0"><span class='ocrx_word' id='word_1_577' title='bbox 2021 3190 2063 3248; x_wconf 89' lang='lat' dir='ltr'><strong>C</strong></span> 
     </span>
    </p>
   </div>
   <div class='ocr_carea' id='block_1_78' title="bbox 2022 4550 2063 4604">
    <p class='ocr_par' dir='ltr' id='par_1_78' title="bbox 2022 4550 2063 4604">
     <span class='ocr_line' id='line_1_78' title="bbox 2022 4550 2063 4604; baseline 0 0"><span class='ocrx_word' id='word_1_578' title='bbox 2022 4550 2063 4604; x_wconf 92' lang='lat' dir='ltr'><strong>D</strong></span> 
     </span>
    </p>
   </div>
   <div class='ocr_carea' id='block_1_79' title="bbox 2168 1961 2688 2035">
    <p class='ocr_par' dir='ltr' id='par_1_79' title="bbox 2168 1961 2688 2035">
     <span class='ocr_line' id='line_1_79' title="bbox 2168 1961 2688 2035; baseline 0 -19"><span class='ocrx_word' id='word_1_579' title='bbox 2168 1961 2376 2016; x_wconf 82' lang='grc' dir='ltr'><strong>ΠΑΛΛ.</strong></span> <span class='ocrx_word' id='word_1_580' title='bbox 2403 1962 2688 2035; x_wconf 85' lang='grc' dir='ltr'>Σύμφημι.</span> 
     </span>
    </p>
   </div>
   <div class='ocr_carea' id='block_1_80' title="bbox 2168 2054 3673 2128">
    <p class='ocr_par' dir='ltr' id='par_1_80' title="bbox 2168 2054 3673 2128">
     <span class='ocr_line' id='line_1_80' title="bbox 2168 2054 3673 2128; baseline -0.002 -18"><span class='ocrx_word' id='word_1_581' title='bbox 2168 2056 2335 2110; x_wconf 84' lang='grc' dir='ltr'>ΚΥΡ.</span> <span class='ocrx_word' id='word_1_582' title='bbox 2383 2056 2503 2127; x_wconf 82' lang='grc' dir='ltr'>Χρὴ</span> <span class='ocrx_word' id='word_1_583' title='bbox 2544 2055 2835 2128; x_wconf 75' lang='grc' dir='ltr'>τοιγαροῦν</span> <span class='ocrx_word' id='word_1_584' title='bbox 2879 2057 3006 2120; x_wconf 84' lang='grc' dir='ltr'>τοὺς</span> <span class='ocrx_word' id='word_1_585' title='bbox 3043 2055 3352 2110; x_wconf 76' lang='grc' dir='ltr'>ἀκολουθεῖν</span> <span class='ocrx_word' id='word_1_586' title='bbox 3389 2054 3673 2120; x_wconf 85' lang='grc' dir='ltr'>ἐθέλοντας</span> 
     </span>
    </p>
   </div>
   <div class='ocr_carea' id='block_1_81' title="bbox 2095 2146 3671 2219">
    <p class='ocr_par' dir='ltr' id='par_1_81' title="bbox 2095 2146 3671 2219">
     <span class='ocr_line' id='line_1_81' title="bbox 2095 2146 3671 2219; baseline 0.001 -19"><span class='ocrx_word' id='word_1_587' title='bbox 2095 2146 2174 2218; x_wconf 82' lang='grc' dir='ltr'>τῷ</span> <span class='ocrx_word' id='word_1_588' title='bbox 2204 2147 2445 2218; x_wconf 81' lang='grc' dir='ltr'>Χριστῷ,</span> <span class='ocrx_word' id='word_1_589' title='bbox 2477 2148 2732 2219; x_wconf 74' lang='grc' dir='ltr'>καὶπρὸς</span> <span class='ocrx_word' id='word_1_590' title='bbox 2765 2149 2863 2219; x_wconf 78' lang='grc' dir='ltr'><strong>τὴν</strong></span> <span class='ocrx_word' id='word_1_591' title='bbox 2893 2148 3006 2202; x_wconf 80' lang='grc' dir='ltr'>ἄνω</span> <span class='ocrx_word' id='word_1_592' title='bbox 3039 2149 3365 2211; x_wconf 84' lang='grc' dir='ltr'>σπεύδοντας</span> <span class='ocrx_word' id='word_1_593' title='bbox 3394 2148 3569 2212; x_wconf 89' lang='grc' dir='ltr'>πόλιν,</span> <span class='ocrx_word' id='word_1_594' title='bbox 3596 2148 3671 2219; x_wconf 82' lang='grc' dir='ltr'>μὴ</span> 
     </span>
    </p>
   </div>
   <div class='ocr_carea' id='block_1_82' title="bbox 2097 2239 3673 2311">
    <p class='ocr_par' dir='ltr' id='par_1_82' title="bbox 2097 2239 3673 2311">
     <span class='ocr_line' id='line_1_82' title="bbox 2097 2239 3673 2311; baseline -0.001 -18"><span class='ocrx_word' id='word_1_595' title='bbox 2097 2240 2343 2311; x_wconf 82' lang='grc' dir='ltr'>ἐνιζῆσαι</span> <span class='ocrx_word' id='word_1_596' title='bbox 2379 2239 2457 2311; x_wconf 80' lang='grc' dir='ltr'>τῷ</span> <span class='ocrx_word' id='word_1_597' title='bbox 2496 2240 2645 2310; x_wconf 87' lang='grc' dir='ltr'>νόμῳ</span> <span class='ocrx_word' id='word_1_598' title='bbox 2671 2280 2687 2305; x_wconf 93' lang='grc'><strong>,</strong></span> <span class='ocrx_word' id='word_1_599' title='bbox 2729 2240 2862 2311; x_wconf 81' lang='grc' dir='ltr'>μηδὲ</span> <span class='ocrx_word' id='word_1_600' title='bbox 2889 2241 3010 2304; x_wconf 89' lang='grc' dir='ltr'>ταῖς</span> <span class='ocrx_word' id='word_1_601' title='bbox 3045 2240 3133 2294; x_wconf 83' lang='grc' dir='ltr'>διὰ</span> <span class='ocrx_word' id='word_1_602' title='bbox 3160 2240 3406 2304; x_wconf 84' lang='grc' dir='ltr'>Μωσέως</span> <span class='ocrx_word' id='word_1_603' title='bbox 3431 2240 3673 2304; x_wconf 80' lang='grc' dir='ltr'>ἐντολαῖς</span> 
     </span>
    </p>
   </div>
   <div class='ocr_carea' id='block_1_83' title="bbox 2096 2331 3673 2402">
    <p class='ocr_par' dir='ltr' id='par_1_83' title="bbox 2096 2331 3673 2402">
     <span class='ocr_line' id='line_1_83' title="bbox 2096 2331 3673 2402; baseline 0.003 -17"><span class='ocrx_word' id='word_1_604' title='bbox 2096 2331 2489 2402; x_wconf 86' lang='grc' dir='ltr'>άμεταστάτως</span> <span class='ocrx_word' id='word_1_605' title='bbox 2516 2331 3025 2401; x_wconf 85' lang='grc' dir='ltr'>ἐγκαταυλίζεσθαι,</span> <span class='ocrx_word' id='word_1_606' title='bbox 3053 2333 3148 2387; x_wconf 76' lang='grc' dir='ltr'>καὶ</span> <span class='ocrx_word' id='word_1_607' title='bbox 3169 2335 3350 2397; x_wconf 83' lang='grc' dir='ltr'>σκιαῖς</span> <span class='ocrx_word' id='word_1_608' title='bbox 3369 2334 3464 2387; x_wconf 77' lang='grc' dir='ltr'>καὶ</span> <span class='ocrx_word' id='word_1_609' title='bbox 3478 2333 3673 2398; x_wconf 83' lang='grc' dir='ltr'>τύποις</span> 
     </span>
    </p>
   </div>
   <div class='ocr_carea' id='block_1_84' title="bbox 2096 2422 3673 2496">
    <p class='ocr_par' dir='ltr' id='par_1_84' title="bbox 2096 2422 3673 2496">
     <span class='ocr_line' id='line_1_84' title="bbox 2096 2422 3673 2496; baseline 0.003 -23"><span class='ocrx_word' id='word_1_610' title='bbox 2096 2422 2518 2494; x_wconf 78' lang='grc' dir='ltr'>ἐμφιλοχωρεῖνο</span> <span class='ocrx_word' id='word_1_611' title='bbox 2555 2422 2949 2493; x_wconf 72' lang='grc' dir='ltr'>ἀναζευγνύναι</span> <span class='ocrx_word' id='word_1_612' title='bbox 2985 2425 3040 2478; x_wconf 84' lang='grc' dir='ltr'>δὲ</span> <span class='ocrx_word' id='word_1_613' title='bbox 3072 2423 3272 2496; x_wconf 79' lang='grc' dir='ltr'>μᾶλλον</span> <span class='ocrx_word' id='word_1_614' title='bbox 3302 2425 3396 2478; x_wconf 70' lang='grc' dir='ltr'><strong>καὶ</strong></span> <span class='ocrx_word' id='word_1_615' title='bbox 3428 2442 3673 2496; x_wconf 85' lang='grc' dir='ltr'>μεταχω-</span> 
     </span>
    </p>
   </div>
   <div class='ocr_carea' id='block_1_85' title="bbox 2101 2512 3671 2586">
    <p class='ocr_par' dir='ltr' id='par_1_85' title="bbox 2101 2512 3671 2586">
     <span class='ocr_line' id='line_1_85' title="bbox 2101 2512 3671 2586; baseline 0.002 -22"><span class='ocrx_word' id='word_1_616' title='bbox 2101 2513 2210 2582; x_wconf 87' lang='grc' dir='ltr'>ρεῖν</span> <span class='ocrx_word' id='word_1_617' title='bbox 2251 2512 2515 2583; x_wconf 76' lang='grc' dir='ltr'>ἑτέρωσε,</span> <span class='ocrx_word' id='word_1_618' title='bbox 2552 2513 2696 2566; x_wconf 89' lang='grc' dir='ltr'>τοῦτ’</span> <span class='ocrx_word' id='word_1_619' title='bbox 2725 2513 2893 2579; x_wconf 79' lang='grc' dir='ltr'>ἔστιν,</span> <span class='ocrx_word' id='word_1_620' title='bbox 2939 2515 3031 2567; x_wconf 80' lang='grc' dir='ltr'><strong>ἐπὶ</strong></span> <span class='ocrx_word' id='word_1_621' title='bbox 3075 2515 3137 2567; x_wconf 69' lang='grc' dir='ltr'><strong>τὸ</strong></span> <span class='ocrx_word' id='word_1_622' title='bbox 3180 2513 3334 2584; x_wconf 72' lang='grc' dir='ltr'>ἅγιον</span> <span class='ocrx_word' id='word_1_623' title='bbox 3365 2515 3671 2586; x_wconf 83' lang='grc' dir='ltr'>βάπτισμα.</span> 
     </span>
    </p>
   </div>
   <div class='ocr_carea' id='block_1_86' title="bbox 2096 2603 3674 2678">
    <p class='ocr_par' dir='ltr' id='par_1_86' title="bbox 2096 2603 3674 2678">
     <span class='ocr_line' id='line_1_86' title="bbox 2096 2603 3674 2678; baseline 0.004 -22"><span class='ocrx_word' id='word_1_624' title='bbox 2096 2603 2266 2657; x_wconf 90' lang='grc' dir='ltr'>Τοῦτο</span> <span class='ocrx_word' id='word_1_625' title='bbox 2288 2603 2397 2676; x_wconf 83' lang='grc' dir='ltr'>γὰρ</span> <span class='ocrx_word' id='word_1_626' title='bbox 2442 2604 2612 2676; x_wconf 79' lang='grc' dir='ltr'>ἔδρων</span> <span class='ocrx_word' id='word_1_627' title='bbox 2644 2607 2692 2657; x_wconf 88' lang='grc' dir='ltr'><strong>οί</strong></span> <span class='ocrx_word' id='word_1_628' title='bbox 2722 2605 2893 2660; x_wconf 88' lang='grc' dir='ltr'>πάλαι</span> <span class='ocrx_word' id='word_1_629' title='bbox 2922 2606 3064 2660; x_wconf 84' lang='grc' dir='ltr'>κατὰ</span> <span class='ocrx_word' id='word_1_630' title='bbox 3097 2607 3392 2678; x_wconf 79' lang='grc' dir='ltr'>πρόσταξιν</span> <span class='ocrx_word' id='word_1_631' title='bbox 3420 2606 3555 2662; x_wconf 85' lang='grc' dir='ltr'>Θεοῦ</span> <span class='ocrx_word' id='word_1_632' title='bbox 3585 2608 3674 2662; x_wconf 75' lang='grc' dir='ltr'>διὰ</span> 
     </span>
    </p>
   </div>
   <div class='ocr_carea' id='block_1_87' title="bbox 2099 2693 3676 2770">
    <p class='ocr_par' dir='ltr' id='par_1_87' title="bbox 2099 2693 3676 2770">
     <span class='ocr_line' id='line_1_87' title="bbox 2099 2693 3676 2770; baseline 0.004 -25"><span class='ocrx_word' id='word_1_633' title='bbox 2099 2693 2278 2764; x_wconf 84' lang='grc' dir='ltr'>μέσων</span> <span class='ocrx_word' id='word_1_634' title='bbox 2312 2695 2494 2758; x_wconf 85' lang='grc' dir='ltr'>’ἰόντες</span> <span class='ocrx_word' id='word_1_635' title='bbox 2527 2695 2808 2765; x_wconf 85' lang='grc' dir='ltr'>κυμάτων,</span> <span class='ocrx_word' id='word_1_636' title='bbox 2837 2695 2932 2750; x_wconf 75' lang='grc' dir='ltr'>καὶ</span> <span class='ocrx_word' id='word_1_637' title='bbox 2965 2695 3039 2760; x_wconf 84' lang='grc' dir='ltr'>ὡς</span> <span class='ocrx_word' id='word_1_638' title='bbox 3065 2697 3092 2749; x_wconf 88' lang='lat'><strong>6</strong></span> <span class='ocrx_word' id='word_1_639' title='bbox 3121 2696 3327 2760; x_wconf 84' lang='grc' dir='ltr'>Παῦλός</span> <span class='ocrx_word' id='word_1_640' title='bbox 3374 2715 3560 2770; x_wconf 84' lang='grc' dir='ltr'>φησιν,</span> <span class='ocrx_word' id='word_1_641' title='bbox 3615 2699 3676 2752; x_wconf 85' lang='grc' dir='ltr'><strong>ἐν</strong></span> 
     </span>
    </p>
   </div>
   <div class='ocr_carea' id='block_1_88' title="bbox 2096 2783 3676 2860">
    <p class='ocr_par' dir='ltr' id='par_1_88' title="bbox 2096 2783 3676 2860">
     <span class='ocr_line' id='line_1_88' title="bbox 2096 2783 3676 2860; baseline 0.004 -22"><span class='ocrx_word' id='word_1_642' title='bbox 2096 2783 2336 2858; x_wconf 82' lang='grc' dir='ltr'>θαλάσσῃ</span> <span class='ocrx_word' id='word_1_643' title='bbox 2369 2786 2786 2858; x_wconf 83' lang='grc' dir='ltr'>βαπτιζόμενοι·</span> <span class='ocrx_word' id='word_1_644' title='bbox 2817 2787 2942 2840; x_wconf 89' lang='grc' dir='ltr'>τότε</span> <span class='ocrx_word' id='word_1_645' title='bbox 2971 2787 3078 2860; x_wconf 83' lang='grc' dir='ltr'><strong>γάρ</strong></span> <span class='ocrx_word' id='word_1_646' title='bbox 3102 2787 3165 2860; x_wconf 80' lang='grc' dir='ltr'>δὴ</span> <span class='ocrx_word' id='word_1_647' title='bbox 3189 2831 3204 2856; x_wconf 89' lang='grc'><strong>,</strong></span> <span class='ocrx_word' id='word_1_648' title='bbox 3233 2788 3352 2842; x_wconf 84' lang='grc' dir='ltr'>τότε</span> <span class='ocrx_word' id='word_1_649' title='bbox 3389 2790 3484 2844; x_wconf 77' lang='grc' dir='ltr'>καὶ</span> <span class='ocrx_word' id='word_1_650' title='bbox 3513 2789 3676 2844; x_wconf 80' lang='grc' dir='ltr'>αὑτὸν</span> 
     </span>
    </p>
   </div>
   <div class='ocr_carea' id='block_1_89' title="bbox 2093 2875 3669 2952">
    <p class='ocr_par' dir='ltr' id='par_1_89' title="bbox 2093 2875 3669 2952">
     <span class='ocr_line' id='line_1_89' title="bbox 2093 2875 3669 2952; baseline 0.001 -22"><span class='ocrx_word' id='word_1_651' title='bbox 2093 2875 2301 2942; x_wconf 75' lang='grc' dir='ltr'>ἕξουσιν</span> <span class='ocrx_word' id='word_1_652' title='bbox 2337 2879 2551 2948; x_wconf 81' lang='grc' dir='ltr'>ἀρωγὸν</span> <span class='ocrx_word' id='word_1_653' title='bbox 2571 2877 2662 2932; x_wconf 78' lang='grc' dir='ltr'><strong>τὸν</strong></span> <span class='ocrx_word' id='word_1_654' title='bbox 2690 2878 2826 2934; x_wconf 83' lang='grc' dir='ltr'>Θεοῦ</span> <span class='ocrx_word' id='word_1_655' title='bbox 2853 2897 2912 2932; x_wconf 93' lang='grc' dir='ltr'><strong>τε</strong></span> <span class='ocrx_word' id='word_1_656' title='bbox 2947 2880 3041 2933; x_wconf 73' lang='grc' dir='ltr'>καὶ</span> <span class='ocrx_word' id='word_1_657' title='bbox 3070 2879 3372 2952; x_wconf 80' lang='grc' dir='ltr'>ἀνθρώπων</span> <span class='ocrx_word' id='word_1_658' title='bbox 3403 2881 3630 2951; x_wconf 86' lang='grc' dir='ltr'>μεσίτην</span> <span class='ocrx_word' id='word_1_659' title='bbox 3649 2921 3669 2944; x_wconf 85' lang='grc'><strong>,</strong></span> 
     </span>
    </p>
   </div>
   <div class='ocr_carea' id='block_1_90' title="bbox 2093 2968 3674 3043">
    <p class='ocr_par' dir='ltr' id='par_1_90' title="bbox 2093 2968 3674 3043">
     <span class='ocr_line' id='line_1_90' title="bbox 2093 2968 3674 3043; baseline 0.004 -22"><span class='ocrx_word' id='word_1_660' title='bbox 2093 2968 2325 3041; x_wconf 82' lang='grc' dir='ltr'>Χριστὸν</span> <span class='ocrx_word' id='word_1_661' title='bbox 2364 2969 2592 3042; x_wconf 87' lang='grc' dir='ltr'>Ἰησοῦν.</span> <span class='ocrx_word' id='word_1_662' title='bbox 2636 2971 2769 3034; x_wconf 83' lang='grc' dir='ltr'>Θεὸς</span> <span class='ocrx_word' id='word_1_663' title='bbox 2794 2971 2903 3042; x_wconf 83' lang='grc' dir='ltr'><strong>γὰρ</strong></span> <span class='ocrx_word' id='word_1_664' title='bbox 2929 2971 3004 3026; x_wconf 85' lang='grc' dir='ltr'>ὢν</span> <span class='ocrx_word' id='word_1_665' title='bbox 3028 2973 3056 3025; x_wconf 90' lang='lat'><strong>6</strong></span> <span class='ocrx_word' id='word_1_666' title='bbox 3077 2971 3272 3041; x_wconf 81' lang='grc' dir='ltr'>Λόγος,</span> <span class='ocrx_word' id='word_1_667' title='bbox 3295 2971 3485 3041; x_wconf 88' lang='grc' dir='ltr'>γέγονε</span> <span class='ocrx_word' id='word_1_668' title='bbox 3513 2972 3674 3043; x_wconf 78' lang='grc' dir='ltr'>σάρξ-</span> 
     </span>
    </p>
   </div>
   <div class='ocr_carea' id='block_1_91' title="bbox 2093 3060 3676 3144">
    <p class='ocr_par' dir='ltr' id='par_1_91' title="bbox 2093 3060 3676 3144">
     <span class='ocr_line' id='line_1_91' title="bbox 2093 3060 3676 3144; baseline 0.002 -30"><span class='ocrx_word' id='word_1_669' title='bbox 2093 3061 2188 3114; x_wconf 77' lang='grc' dir='ltr'>καὶ</span> <span class='ocrx_word' id='word_1_670' title='bbox 2216 3060 2339 3114; x_wconf 79' lang='grc' dir='ltr'>καθ’</span> <span class='ocrx_word' id='word_1_671' title='bbox 2363 3061 2554 3132; x_wconf 71' lang='grc' dir='ltr'>ἕτερον</span> <span class='ocrx_word' id='word_1_672' title='bbox 2582 3062 2638 3116; x_wconf 85' lang='grc' dir='ltr'><strong>δὲ</strong></span> <span class='ocrx_word' id='word_1_673' title='bbox 2678 3063 2899 3134; x_wconf 84' lang='grc' dir='ltr'>τρόπον,</span> <span class='ocrx_word' id='word_1_674' title='bbox 2939 3063 3165 3134; x_wconf 88' lang='grc' dir='ltr'>μεσίτην</span> <span class='ocrx_word' id='word_1_675' title='bbox 3201 3063 3558 3144; x_wconf 70' lang='grc' dir='ltr'>οἰκονομικῶς</span> <span class='ocrx_word' id='word_1_676' title='bbox 3591 3065 3676 3129; x_wconf 79' lang='grc' dir='ltr'>ὼς</span> 
     </span>
    </p>
   </div>
   <div class='ocr_carea' id='block_1_92' title="bbox 2094 3151 3679 3226">
    <p class='ocr_par' dir='ltr' id='par_1_92' title="bbox 2094 3151 3679 3226">
     <span class='ocr_line' id='line_1_92' title="bbox 2094 3151 3679 3226; baseline 0.003 -22"><span class='ocrx_word' id='word_1_677' title='bbox 2094 3151 2182 3205; x_wconf 81' lang='grc' dir='ltr'>διὰ</span> <span class='ocrx_word' id='word_1_678' title='bbox 2224 3151 2390 3223; x_wconf 85' lang='grc' dir='ltr'>μέσου</span> <span class='ocrx_word' id='word_1_679' title='bbox 2424 3156 2624 3223; x_wconf 85' lang='grc' dir='ltr'>χωρεῖν</span> <span class='ocrx_word' id='word_1_680' title='bbox 2657 3155 2887 3209; x_wconf 75' lang='grc' dir='ltr'>εἰωθότα</span> <span class='ocrx_word' id='word_1_681' title='bbox 2923 3154 3032 3209; x_wconf 90' lang='grc' dir='ltr'><strong>τῶν</strong></span> <span class='ocrx_word' id='word_1_682' title='bbox 3071 3173 3129 3209; x_wconf 91' lang='grc' dir='ltr'><strong>τε</strong></span> <span class='ocrx_word' id='word_1_683' title='bbox 3167 3155 3472 3226; x_wconf 84' lang='grc' dir='ltr'>σεϐομένων</span> <span class='ocrx_word' id='word_1_684' title='bbox 3511 3156 3679 3210; x_wconf 81' lang='grc' dir='ltr'>αὑτὸν</span> 
     </span>
    </p>
   </div>
   <div class='ocr_carea' id='block_1_93' title="bbox 2098 3242 3676 3318">
    <p class='ocr_par' dir='ltr' id='par_1_93' title="bbox 2098 3242 3676 3318">
     <span class='ocr_line' id='line_1_93' title="bbox 2098 3242 3676 3318; baseline 0.003 -22"><span class='ocrx_word' id='word_1_685' title='bbox 2098 3242 2194 3298; x_wconf 77' lang='grc' dir='ltr'><strong>καὶ</strong></span> <span class='ocrx_word' id='word_1_686' title='bbox 2216 3243 2324 3298; x_wconf 89' lang='grc' dir='ltr'><strong>τῶν</strong></span> <span class='ocrx_word' id='word_1_687' title='bbox 2347 3244 2651 3299; x_wconf 89' lang='grc' dir='ltr'>διωκόντων</span> <span class='ocrx_word' id='word_1_688' title='bbox 2667 3246 2981 3311; x_wconf 80' lang='grc' dir='ltr'>αὐτοὺς,κα“ι</span> <span class='ocrx_word' id='word_1_689' title='bbox 3000 3247 3331 3318; x_wconf 89' lang='grc' dir='ltr'>συμμίσγειν</span> <span class='ocrx_word' id='word_1_690' title='bbox 3351 3248 3450 3302; x_wconf 85' lang='grc' dir='ltr'><strong>οὐκ</strong></span> <span class='ocrx_word' id='word_1_691' title='bbox 3469 3246 3676 3313; x_wconf 83' lang='grc' dir='ltr'>ἐῶντα,</span> 
     </span>
    </p>
   </div>
   <div class='ocr_carea' id='block_1_94' title="bbox 2095 3333 3678 3409">
    <p class='ocr_par' dir='ltr' id='par_1_94' title="bbox 2095 3333 3678 3409">
     <span class='ocr_line' id='line_1_94' title="bbox 2095 3333 3678 3409; baseline 0.004 -22"><span class='ocrx_word' id='word_1_692' title='bbox 2095 3333 2196 3398; x_wconf 88' lang='grc' dir='ltr'><strong>τάς</strong></span> <span class='ocrx_word' id='word_1_693' title='bbox 2223 3351 2284 3387; x_wconf 90' lang='grc' dir='ltr'><strong>τε</strong></span> <span class='ocrx_word' id='word_1_694' title='bbox 2305 3333 2414 3387; x_wconf 89' lang='grc' dir='ltr'><strong>τῶν</strong></span> <span class='ocrx_word' id='word_1_695' title='bbox 2445 3336 2702 3390; x_wconf 77' lang='grc' dir='ltr'>ἐναντίων</span> <span class='ocrx_word' id='word_1_696' title='bbox 2723 3337 2946 3406; x_wconf 85' lang='grc' dir='ltr'>ἐφόδους</span> <span class='ocrx_word' id='word_1_697' title='bbox 2967 3338 3374 3393; x_wconf 83' lang='grc' dir='ltr'>ἀποκωλύοντα.</span> <span class='ocrx_word' id='word_1_698' title='bbox 3413 3358 3434 3392; x_wconf 78' lang='grc' dir='ltr'><strong>ι</strong></span> <span class='ocrx_word' id='word_1_699' title='bbox 3475 3339 3678 3409; x_wconf 84' lang='grc' dir='ltr'>Ἐξῆρε</span> 
     </span>
    </p>
   </div>
   <div class='ocr_carea' id='block_1_95' title="bbox 2097 3425 3681 3498">
    <p class='ocr_par' dir='ltr' id='par_1_95' title="bbox 2097 3425 3681 3498">
     <span class='ocr_line' id='line_1_95' title="bbox 2097 3425 3681 3498; baseline 0.001 -19"><span class='ocrx_word' id='word_1_700' title='bbox 2097 3425 2224 3496; x_wconf 82' lang='grc' dir='ltr'>γὰρ,</span> <span class='ocrx_word' id='word_1_701' title='bbox 2252 3443 2272 3475; x_wconf 84' lang='grc'><strong>›</strong></span> <span class='ocrx_word' id='word_1_702' title='bbox 2306 3425 2492 3496; x_wconf 77' lang='grc' dir='ltr'>φησὶν,</span> <span class='ocrx_word' id='word_1_703' title='bbox 2527 3444 2546 3477; x_wconf 77' lang='grc' dir='ltr'><strong>ι</strong></span> <span class='ocrx_word' id='word_1_704' title='bbox 2575 3425 2604 3478; x_wconf 91' lang='grc' dir='ltr'>ὁ</span> <span class='ocrx_word' id='word_1_705' title='bbox 2629 3425 2860 3496; x_wconf 76' lang='grc' dir='ltr'>ἄγγελος</span> <span class='ocrx_word' id='word_1_706' title='bbox 2878 3425 2973 3479; x_wconf 88' lang='grc' dir='ltr'><strong>τοῦ</strong></span> <span class='ocrx_word' id='word_1_707' title='bbox 3002 3426 3158 3490; x_wconf 87' lang='grc' dir='ltr'>Θεοῦ,</span> <span class='ocrx_word' id='word_1_708' title='bbox 3179 3427 3273 3481; x_wconf 76' lang='grc' dir='ltr'>καὶ</span> <span class='ocrx_word' id='word_1_709' title='bbox 3293 3429 3321 3480; x_wconf 92' lang='lat'><strong>6</strong></span> <span class='ocrx_word' id='word_1_710' title='bbox 3363 3426 3551 3490; x_wconf 87' lang='grc' dir='ltr'>στύλος</span> <span class='ocrx_word' id='word_1_711' title='bbox 3569 3427 3681 3498; x_wconf 86' lang='grc' dir='ltr'><strong>τῆς</strong></span> 
     </span>
    </p>
   </div>
   <div class='ocr_carea' id='block_1_96' title="bbox 2097 3515 3680 3591">
    <p class='ocr_par' dir='ltr' id='par_1_96' title="bbox 2097 3515 3680 3591">
     <span class='ocr_line' id='line_1_96' title="bbox 2097 3515 3680 3591; baseline 0.003 -21"><span class='ocrx_word' id='word_1_712' title='bbox 2097 3515 2324 3586; x_wconf 82' lang='grc' dir='ltr'>νεφέλης</span> <span class='ocrx_word' id='word_1_713' title='bbox 2348 3554 2366 3582; x_wconf 92' lang='grc'><strong>,</strong></span> <span class='ocrx_word' id='word_1_714' title='bbox 2409 3518 2520 3572; x_wconf 67' lang='grc' dir='ltr'>καῖ’</span> <span class='ocrx_word' id='word_1_715' title='bbox 2551 3518 2800 3588; x_wconf 85' lang='grc' dir='ltr'>εἰσῆλθεν</span> <span class='ocrx_word' id='word_1_716' title='bbox 2847 3518 2950 3572; x_wconf 83' lang='grc' dir='ltr'><strong>ἀνὰ</strong></span> <span class='ocrx_word' id='word_1_717' title='bbox 2985 3519 3150 3590; x_wconf 90' lang='grc' dir='ltr'>μέσον</span> <span class='ocrx_word' id='word_1_718' title='bbox 3183 3519 3282 3590; x_wconf 81' lang='grc' dir='ltr'><strong>τῆς</strong></span> <span class='ocrx_word' id='word_1_719' title='bbox 3317 3519 3680 3591; x_wconf 76' lang='grc' dir='ltr'>παρεμόολῆς</span> 
     </span>
    </p>
   </div>
   <div class='ocr_carea' id='block_1_97' title="bbox 2095 3601 3677 3680">
    <p class='ocr_par' dir='ltr' id='par_1_97' title="bbox 2095 3601 3677 3680">
     <span class='ocr_line' id='line_1_97' title="bbox 2095 3601 3677 3680; baseline 0.006 -26"><span class='ocrx_word' id='word_1_720' title='bbox 2095 3601 2202 3654; x_wconf 89' lang='grc' dir='ltr'><strong>τῶν</strong></span> <span class='ocrx_word' id='word_1_721' title='bbox 2231 3603 2561 3672; x_wconf 84' lang='grc' dir='ltr'>Αἰγυπτίων,</span> <span class='ocrx_word' id='word_1_722' title='bbox 2589 3606 2683 3659; x_wconf 74' lang='grc' dir='ltr'>καὶ</span> <span class='ocrx_word' id='word_1_723' title='bbox 2719 3605 2821 3659; x_wconf 80' lang='grc' dir='ltr'><strong>ἀνὰ</strong></span> <span class='ocrx_word' id='word_1_724' title='bbox 2857 3607 3019 3677; x_wconf 88' lang='grc' dir='ltr'>μέσον</span> <span class='ocrx_word' id='word_1_725' title='bbox 3047 3608 3148 3678; x_wconf 89' lang='grc' dir='ltr'><strong>τῆς</strong></span> <span class='ocrx_word' id='word_1_726' title='bbox 3177 3608 3526 3680; x_wconf 78' lang='grc' dir='ltr'>παρεμϐολῆς</span> <span class='ocrx_word' id='word_1_727' title='bbox 3564 3610 3677 3663; x_wconf 81' lang='grc' dir='ltr'><strong>Ἰσ-</strong></span> 
     </span>
    </p>
   </div>
   <div class='ocr_carea' id='block_1_98' title="bbox 2097 3691 3670 3771">
    <p class='ocr_par' dir='ltr' id='par_1_98' title="bbox 2097 3691 3670 3771">
     <span class='ocr_line' id='line_1_98' title="bbox 2097 3691 3670 3771; baseline 0.004 -26"><span class='ocrx_word' id='word_1_728' title='bbox 2097 3691 2256 3762; x_wconf 81' lang='grc' dir='ltr'>ραὴλ,</span> <span class='ocrx_word' id='word_1_729' title='bbox 2287 3693 2381 3747; x_wconf 75' lang='grc' dir='ltr'><strong>καὶ</strong></span> <span class='ocrx_word' id='word_1_730' title='bbox 2403 3695 2462 3749; x_wconf 79' lang='grc' dir='ltr'><strong>οὐ</strong></span> <span class='ocrx_word' id='word_1_731' title='bbox 2505 3694 2800 3767; x_wconf 83' lang='grc' dir='ltr'>συνέμιξαν</span> <span class='ocrx_word' id='word_1_732' title='bbox 2827 3697 3078 3769; x_wconf 84' lang='grc' dir='ltr'>ἀλλήλοις</span> <span class='ocrx_word' id='word_1_733' title='bbox 3115 3697 3246 3769; x_wconf 83' lang='grc' dir='ltr'>ὃλην</span> <span class='ocrx_word' id='word_1_734' title='bbox 3277 3699 3377 3771; x_wconf 85' lang='grc' dir='ltr'><strong>τὴν</strong></span> <span class='ocrx_word' id='word_1_735' title='bbox 3405 3699 3595 3753; x_wconf 87' lang='grc' dir='ltr'>νύκτα.</span> <span class='ocrx_word' id='word_1_736' title='bbox 3649 3719 3670 3752; x_wconf 75' lang='grc' dir='ltr'><strong>ι</strong></span> 
     </span>
    </p>
   </div>
   <div class='ocr_carea' id='block_1_99' title="bbox 2107 3781 3680 3858">
    <p class='ocr_par' dir='ltr' id='par_1_99' title="bbox 2107 3781 3680 3858">
     <span class='ocr_line' id='line_1_99' title="bbox 2107 3781 3680 3858; baseline 0.006 -25"><span class='ocrx_word' id='word_1_737' title='bbox 2107 3781 2194 3846; x_wconf 85' lang='grc' dir='ltr'>Ὧς</span> <span class='ocrx_word' id='word_1_738' title='bbox 2223 3783 2280 3836; x_wconf 88' lang='grc' dir='ltr'><strong>ἐν</strong></span> <span class='ocrx_word' id='word_1_739' title='bbox 2310 3784 2526 3855; x_wconf 84' lang='grc' dir='ltr'>ἀγγέλῳ</span> <span class='ocrx_word' id='word_1_740' title='bbox 2555 3784 2612 3838; x_wconf 84' lang='grc' dir='ltr'>δὲ</span> <span class='ocrx_word' id='word_1_741' title='bbox 2649 3785 2810 3841; x_wconf 77' lang='grc' dir='ltr'>πάλιν</span> <span class='ocrx_word' id='word_1_742' title='bbox 2864 3787 2961 3838; x_wconf 75' lang='grc' dir='ltr'>καὶ</span> <span class='ocrx_word' id='word_1_743' title='bbox 2985 3786 3064 3850; x_wconf 88' lang='grc' dir='ltr'>ὡς</span> <span class='ocrx_word' id='word_1_744' title='bbox 3093 3787 3152 3838; x_wconf 86' lang='grc' dir='ltr'><strong>ἐν</strong></span> <span class='ocrx_word' id='word_1_745' title='bbox 3183 3787 3358 3856; x_wconf 88' lang='grc' dir='ltr'>στύλῳ</span> <span class='ocrx_word' id='word_1_746' title='bbox 3383 3787 3620 3858; x_wconf 83' lang='grc' dir='ltr'>νεφέλης</span> <span class='ocrx_word' id='word_1_747' title='bbox 3647 3790 3680 3842; x_wconf 88' lang='grc' dir='ltr'>ὀ</span> 
     </span>
    </p>
   </div>
   <div class='ocr_carea' id='block_1_100' title="bbox 2093 3872 3676 3947">
    <p class='ocr_par' dir='ltr' id='par_1_100' title="bbox 2093 3872 3676 3947">
     <span class='ocr_line' id='line_1_100' title="bbox 2093 3872 3676 3947; baseline 0.006 -23"><span class='ocrx_word' id='word_1_748' title='bbox 2093 3872 2329 3943; x_wconf 82' lang='grc' dir='ltr'>Χριστὸς</span> <span class='ocrx_word' id='word_1_749' title='bbox 2359 3873 2702 3944; x_wconf 83' lang='grc' dir='ltr'>σημαίνεται.</span> <span class='ocrx_word' id='word_1_750' title='bbox 2747 3874 3008 3928; x_wconf 88' lang='grc' dir='ltr'>Καλεῖται</span> <span class='ocrx_word' id='word_1_751' title='bbox 3034 3875 3142 3946; x_wconf 87' lang='grc' dir='ltr'>γὰρ</span> <span class='ocrx_word' id='word_1_752' title='bbox 3175 3875 3243 3929; x_wconf 83' lang='grc' dir='ltr'>τὸ</span> <span class='ocrx_word' id='word_1_753' title='bbox 3275 3876 3444 3947; x_wconf 74' lang='grc' dir='ltr'>ὄνομα</span> <span class='ocrx_word' id='word_1_754' title='bbox 3477 3878 3676 3945; x_wconf 84' lang='grc' dir='ltr'>αὑτοῦ,</span> 
     </span>
    </p>
   </div>
   <div class='ocr_carea' id='block_1_101' title="bbox 2101 3963 2968 4036">
    <p class='ocr_par' dir='ltr' id='par_1_101' title="bbox 2101 3963 2968 4036">
     <span class='ocr_line' id='line_1_101' title="bbox 2101 3963 2968 4036; baseline 0 -20"><span class='ocrx_word' id='word_1_755' title='bbox 2101 3984 2119 4016; x_wconf 81' lang='grc' dir='ltr'><strong>ι</strong></span> <span class='ocrx_word' id='word_1_756' title='bbox 2145 3965 2388 4036; x_wconf 83' lang='grc' dir='ltr'>μεγάλης</span> <span class='ocrx_word' id='word_1_757' title='bbox 2419 3963 2613 4035; x_wconf 88' lang='grc' dir='ltr'>βουλῆς</span> <span class='ocrx_word' id='word_1_758' title='bbox 2643 3965 2922 4033; x_wconf 76' lang='grc' dir='ltr'>Ἄγγελος.</span> <span class='ocrx_word' id='word_1_759' title='bbox 2950 3984 2968 4016; x_wconf 74' lang='grc' dir='ltr'><strong>ι</strong></span> 
     </span>
    </p>
   </div>
   <div class='ocr_carea' id='block_1_102' title="bbox 2161 4041 3674 4134">
    <p class='ocr_par' dir='ltr' id='par_1_102' title="bbox 2161 4041 3674 4134">
     <span class='ocr_line' id='line_1_102' title="bbox 2161 4041 3674 4134; baseline 0.007 -26"><span class='ocrx_word' id='word_1_760' title='bbox 2161 4056 2365 4108; x_wconf 78' lang='grc' dir='ltr'>ΠΑΛΛ.</span> <span class='ocrx_word' id='word_1_761' title='bbox 2394 4055 2834 4120; x_wconf 81' lang='grc' dir='ltr'>Μεσολαὸοῦντος</span> <span class='ocrx_word' id='word_1_762' title='bbox 2863 4056 2971 4128; x_wconf 83' lang='grc' dir='ltr'>ἄρα</span> <span class='ocrx_word' id='word_1_763' title='bbox 2989 4057 3247 4129; x_wconf 86' lang='grc' dir='ltr'>Χριστοῦ,</span> <span class='ocrx_word' id='word_1_764' title='bbox 3269 4041 3674 4134; x_wconf 80' lang='grc' dir='ltr'>τοῖςπολεμεῖν</span> 
     </span>
    </p>
   </div>
   <div class='ocr_carea' id='block_1_103' title="bbox 2091 4145 2874 4220">
    <p class='ocr_par' dir='ltr' id='par_1_103' title="bbox 2091 4145 2874 4220">
     <span class='ocr_line' id='line_1_103' title="bbox 2091 4145 2874 4220; baseline 0.004 -21"><span class='ocrx_word' id='word_1_765' title='bbox 2091 4145 2364 4200; x_wconf 84' lang='grc' dir='ltr'>ἐθέλουσιν</span> <span class='ocrx_word' id='word_1_766' title='bbox 2393 4146 2454 4201; x_wconf 82' lang='grc' dir='ltr'>οὐ</span> <span class='ocrx_word' id='word_1_767' title='bbox 2487 4146 2830 4220; x_wconf 77' lang='grc' dir='ltr'>συμμίξομεν</span> <span class='ocrx_word' id='word_1_768' title='bbox 2858 4167 2874 4218; x_wconf 85' lang='grc'><strong>;</strong></span> 
     </span>
    </p>
   </div>
   <div class='ocr_carea' id='block_1_104' title="bbox 2158 4319 3672 4405">
    <p class='ocr_par' dir='ltr' id='par_1_104' title="bbox 2158 4319 3672 4405">
     <span class='ocr_line' id='line_1_104' title="bbox 2158 4319 3672 4405; baseline 0.009 -27"><span class='ocrx_word' id='word_1_769' title='bbox 2158 4319 2457 4378; x_wconf 81' lang='grc' dir='ltr'>ΚΥΡ.Ὦδε</span> <span class='ocrx_word' id='word_1_770' title='bbox 2477 4325 2572 4395; x_wconf 82' lang='grc' dir='ltr'>μὲν</span> <span class='ocrx_word' id='word_1_771' title='bbox 2590 4325 2704 4398; x_wconf 77' lang='grc' dir='ltr'>ἔχει</span> <span class='ocrx_word' id='word_1_772' title='bbox 2717 4328 2772 4382; x_wconf 81' lang='grc' dir='ltr'>τὺ</span> <span class='ocrx_word' id='word_1_773' title='bbox 2790 4329 2996 4400; x_wconf 89' lang='grc' dir='ltr'>χρῆμα·</span> <span class='ocrx_word' id='word_1_774' title='bbox 3019 4330 3160 4393; x_wconf 90' lang='grc' dir='ltr'>νοεῖς</span> <span class='ocrx_word' id='word_1_775' title='bbox 3177 4329 3285 4402; x_wconf 80' lang='grc' dir='ltr'><strong>γὰρ</strong></span> <span class='ocrx_word' id='word_1_776' title='bbox 3300 4329 3496 4402; x_wconf 82' lang='grc' dir='ltr'>ὀρθῶς.</span> <span class='ocrx_word' id='word_1_777' title='bbox 3515 4335 3672 4405; x_wconf 80' lang='grc' dir='ltr'>Πλὴν</span> 
     </span>
    </p>
   </div>
   <div class='ocr_carea' id='block_1_105' title="bbox 2088 4415 3670 4498">
    <p class='ocr_par' dir='ltr' id='par_1_105' title="bbox 2088 4415 3670 4498">
     <span class='ocr_line' id='line_1_105' title="bbox 2088 4415 3670 4498; baseline 0.01 -30"><span class='ocrx_word' id='word_1_778' title='bbox 2088 4415 2261 4470; x_wconf 87' lang='grc' dir='ltr'>ἐκεῖνό</span> <span class='ocrx_word' id='word_1_779' title='bbox 2293 4433 2455 4488; x_wconf 87' lang='grc' dir='ltr'>φημι,</span> <span class='ocrx_word' id='word_1_780' title='bbox 2487 4418 2580 4472; x_wconf 71' lang='grc' dir='ltr'><strong>καὶ</strong></span> <span class='ocrx_word' id='word_1_781' title='bbox 2608 4421 2708 4473; x_wconf 84' lang='grc' dir='ltr'><strong>οὐκ</strong></span> <span class='ocrx_word' id='word_1_782' title='bbox 2738 4420 2846 4475; x_wconf 85' lang='grc' dir='ltr'>ἀπὸ</span> <span class='ocrx_word' id='word_1_783' title='bbox 2893 4421 3117 4489; x_wconf 90' lang='grc' dir='ltr'>σκοποῦ,</span> <span class='ocrx_word' id='word_1_784' title='bbox 3157 4422 3404 4497; x_wconf 87' lang='grc' dir='ltr'>καθάπερ</span> <span class='ocrx_word' id='word_1_785' title='bbox 3427 4420 3670 4498; x_wconf 83' lang='grc' dir='ltr'>ἐγῷμαι,</span> 
     </span>
    </p>
   </div>
   <div class='ocr_carea' id='block_1_106' title="bbox 2088 4508 3670 4590">
    <p class='ocr_par' dir='ltr' id='par_1_106' title="bbox 2088 4508 3670 4590">
     <span class='ocr_line' id='line_1_106' title="bbox 2088 4508 3670 4590; baseline 0.009 -29"><span class='ocrx_word' id='word_1_786' title='bbox 2088 4508 2148 4562; x_wconf 88' lang='grc' dir='ltr'><strong>τὸ</strong></span> <span class='ocrx_word' id='word_1_787' title='bbox 2179 4508 2367 4564; x_wconf 90' lang='grc' dir='ltr'>δοκοῦν</span> <span class='ocrx_word' id='word_1_788' title='bbox 2397 4512 2704 4584; x_wconf 80' lang='grc' dir='ltr'>οἰχήσεται·</span> <span class='ocrx_word' id='word_1_789' title='bbox 2735 4513 2858 4583; x_wconf 86' lang='grc' dir='ltr'>ἄρτι</span> <span class='ocrx_word' id='word_1_790' title='bbox 2901 4515 3001 4584; x_wconf 84' lang='grc' dir='ltr'>μὲν</span> <span class='ocrx_word' id='word_1_791' title='bbox 3033 4516 3141 4588; x_wconf 83' lang='grc' dir='ltr'>γὰρ</span> <span class='ocrx_word' id='word_1_792' title='bbox 3173 4517 3274 4587; x_wconf 87' lang='grc' dir='ltr'><strong>τῆς</strong></span> <span class='ocrx_word' id='word_1_793' title='bbox 3302 4518 3579 4590; x_wconf 80' lang='grc' dir='ltr'>φιληδόνου</span> <span class='ocrx_word' id='word_1_794' title='bbox 3605 4540 3670 4576; x_wconf 87' lang='grc' dir='ltr'><strong>τε</strong></span> 
     </span>
    </p>
   </div>
   <div class='ocr_carea' id='block_1_107' title="bbox 2089 4602 3671 4680">
    <p class='ocr_par' dir='ltr' id='par_1_107' title="bbox 2089 4602 3671 4680">
     <span class='ocr_line' id='line_1_107' title="bbox 2089 4602 3671 4680; baseline 0.007 -24"><span class='ocrx_word' id='word_1_795' title='bbox 2089 4602 2182 4656; x_wconf 80' lang='grc' dir='ltr'>καὶ</span> <span class='ocrx_word' id='word_1_796' title='bbox 2211 4603 2506 4675; x_wconf 86' lang='grc' dir='ltr'>ἐγκοσμίου</span> <span class='ocrx_word' id='word_1_797' title='bbox 2536 4604 2682 4675; x_wconf 88' lang='grc' dir='ltr'>ζωῆς</span> <span class='ocrx_word' id='word_1_798' title='bbox 2710 4606 3012 4678; x_wconf 82' lang='grc' dir='ltr'>ἀποφοιτᾷν</span> <span class='ocrx_word' id='word_1_799' title='bbox 3036 4609 3322 4680; x_wconf 75' lang='grc' dir='ltr'>ᾑρημένοι,</span> <span class='ocrx_word' id='word_1_800' title='bbox 3347 4610 3577 4665; x_wconf 72' lang='grc' dir='ltr'>ἕπεσθαί</span> <span class='ocrx_word' id='word_1_801' title='bbox 3603 4631 3671 4667; x_wconf 84' lang='grc' dir='ltr'><strong>τε</strong></span> 
     </span>
    </p>
   </div>
   <div class='ocr_carea' id='block_1_108' title="bbox 2087 4695 3668 4775">
    <p class='ocr_par' dir='ltr' id='par_1_108' title="bbox 2087 4695 3668 4775">
     <span class='ocr_line' id='line_1_108' title="bbox 2087 4695 3668 4775; baseline 0.006 -26"><span class='ocrx_word' id='word_1_802' title='bbox 2087 4695 2196 4749; x_wconf 88' lang='grc' dir='ltr'>δεῖν</span> <span class='ocrx_word' id='word_1_803' title='bbox 2221 4697 2302 4750; x_wconf 84' lang='grc' dir='ltr'><strong>ὅτι</strong></span> <span class='ocrx_word' id='word_1_804' title='bbox 2321 4697 2554 4768; x_wconf 85' lang='grc' dir='ltr'>μάλιστα</span> <span class='ocrx_word' id='word_1_805' title='bbox 2581 4697 3022 4764; x_wconf 86' lang='grc' dir='ltr'>διεσπουδακότες</span> <span class='ocrx_word' id='word_1_806' title='bbox 3041 4703 3154 4765; x_wconf 87' lang='grc' dir='ltr'>τοῖς</span> <span class='ocrx_word' id='word_1_807' title='bbox 3173 4701 3267 4756; x_wconf 86' lang='grc' dir='ltr'><strong>τοῦ</strong></span> <span class='ocrx_word' id='word_1_808' title='bbox 3291 4703 3426 4756; x_wconf 85' lang='grc' dir='ltr'>Θεοῦ</span> <span class='ocrx_word' id='word_1_809' title='bbox 3452 4705 3668 4775; x_wconf 85' lang='grc' dir='ltr'>νόμοις,</span> 
     </span>
    </p>
   </div>
   <div class='ocr_carea' id='block_1_109' title="bbox 2088 4787 3685 4874">
    <p class='ocr_par' dir='ltr' id='par_1_109' title="bbox 2088 4787 3685 4874">
     <span class='ocr_line' id='line_1_109' title="bbox 2088 4787 3685 4874; baseline 0.007 -33"><span class='ocrx_word' id='word_1_810' title='bbox 2088 4787 2241 4843; x_wconf 83' lang='grc' dir='ltr'>οῦπω</span> <span class='ocrx_word' id='word_1_811' title='bbox 2272 4805 2336 4859; x_wconf 90' lang='grc' dir='ltr'><strong>γε</strong></span> <span class='ocrx_word' id='word_1_812' title='bbox 2373 4789 2477 4861; x_wconf 80' lang='grc' dir='ltr'><strong>μὴν</strong></span> <span class='ocrx_word' id='word_1_813' title='bbox 2506 4789 2603 4862; x_wconf 81' lang='grc' dir='ltr'>τὴν</span> <span class='ocrx_word' id='word_1_814' title='bbox 2637 4790 2725 4845; x_wconf 83' lang='grc' dir='ltr'>διὰ</span> <span class='ocrx_word' id='word_1_815' title='bbox 2760 4792 2854 4845; x_wconf 91' lang='grc' dir='ltr'><strong>τοῦ</strong></span> <span class='ocrx_word' id='word_1_816' title='bbox 2900 4793 3058 4862; x_wconf 84' lang='grc' dir='ltr'>ἁγίου</span> <span class='ocrx_word' id='word_1_817' title='bbox 3093 4795 3467 4868; x_wconf 87' lang='grc' dir='ltr'>βαπτίσματος</span> <span class='ocrx_word' id='word_1_818' title='bbox 3495 4814 3685 4874; x_wconf 42' lang='grc' dir='ltr'>κατα-Ι</span> 
     </span>
    </p>
   </div>
   <div class='ocr_carea' id='block_1_110' title="bbox 2087 4881 3670 4962">
    <p class='ocr_par' dir='ltr' id='par_1_110' title="bbox 2087 4881 3670 4962">
     <span class='ocr_line' id='line_1_110' title="bbox 2087 4881 3670 4962; baseline 0.006 -28"><span class='ocrx_word' id='word_1_819' title='bbox 2087 4881 2488 4951; x_wconf 79' lang='grc' dir='ltr'>πλουτήσαντες</span> <span class='ocrx_word' id='word_1_820' title='bbox 2511 4883 2690 4954; x_wconf 89' lang='grc' dir='ltr'>χάριν,</span> <span class='ocrx_word' id='word_1_821' title='bbox 2724 4883 2783 4936; x_wconf 80' lang='grc' dir='ltr'>οὐ</span> <span class='ocrx_word' id='word_1_822' title='bbox 2823 4883 2941 4937; x_wconf 90' lang='grc' dir='ltr'>λίαν</span> <span class='ocrx_word' id='word_1_823' title='bbox 2970 4886 3136 4962; x_wconf 80' lang='grc' dir='ltr'>ἐσμὲν</span> <span class='ocrx_word' id='word_1_824' title='bbox 3161 4887 3464 4954; x_wconf 82' lang='grc' dir='ltr'>εὐσθενεῖς,</span> <span class='ocrx_word' id='word_1_825' title='bbox 3495 4891 3670 4961; x_wconf 80' lang='grc' dir='ltr'>ῆγουν</span> 
     </span>
    </p>
   </div>
   <div class='ocr_carea' id='block_1_111' title="bbox 2090 4971 3666 5052">
    <p class='ocr_par' dir='ltr' id='par_1_111' title="bbox 2090 4971 3666 5052">
     <span class='ocr_line' id='line_1_111' title="bbox 2090 4971 3666 5052; baseline 0.01 -30"><span class='ocrx_word' id='word_1_826' title='bbox 2090 4971 2384 5042; x_wconf 83' lang='grc' dir='ltr'>ἐπιτήδειοι</span> <span class='ocrx_word' id='word_1_827' title='bbox 2408 4975 2544 5044; x_wconf 81' lang='grc' dir='ltr'>πρὸς</span> <span class='ocrx_word' id='word_1_828' title='bbox 2567 4973 2629 5027; x_wconf 85' lang='grc' dir='ltr'><strong>τὸ</strong></span> <span class='ocrx_word' id='word_1_829' title='bbox 2658 4975 2852 5046; x_wconf 85' lang='grc' dir='ltr'>χρῆναι</span> <span class='ocrx_word' id='word_1_830' title='bbox 2872 4977 3187 5050; x_wconf 85' lang='grc' dir='ltr'>τληπαθεῖν,</span> <span class='ocrx_word' id='word_1_831' title='bbox 3214 4981 3307 5034; x_wconf 76' lang='grc' dir='ltr'>καὶ</span> <span class='ocrx_word' id='word_1_832' title='bbox 3331 4981 3666 5052; x_wconf 81' lang='grc' dir='ltr'>ἀνασχέσθαι</span> 
     </span>
    </p>
   </div>
   <div class='ocr_carea' id='block_1_112' title="bbox 2090 5061 3668 5143">
    <p class='ocr_par' dir='ltr' id='par_1_112' title="bbox 2090 5061 3668 5143">
     <span class='ocr_line' id='line_1_112' title="bbox 2090 5061 3668 5143; baseline 0.009 -30"><span class='ocrx_word' id='word_1_833' title='bbox 2090 5061 2265 5116; x_wconf 87' lang='grc' dir='ltr'>πόνων</span> <span class='ocrx_word' id='word_1_834' title='bbox 2298 5063 2403 5117; x_wconf 89' lang='grc' dir='ltr'><strong>τῶν</strong></span> <span class='ocrx_word' id='word_1_835' title='bbox 2438 5065 2577 5136; x_wconf 84' lang='grc' dir='ltr'>ὑπὲρ</span> <span class='ocrx_word' id='word_1_836' title='bbox 2609 5067 2845 5137; x_wconf 85' lang='grc' dir='ltr'>ἀρετῆς,</span> <span class='ocrx_word' id='word_1_837' title='bbox 2883 5069 2979 5121; x_wconf 75' lang='grc' dir='ltr'>καὶ</span> <span class='ocrx_word' id='word_1_838' title='bbox 3031 5069 3284 5140; x_wconf 88' lang='grc' dir='ltr'>πολέμων</span> <span class='ocrx_word' id='word_1_839' title='bbox 3328 5074 3524 5143; x_wconf 84' lang='grc' dir='ltr'>πεῖραν</span> <span class='ocrx_word' id='word_1_840' title='bbox 3570 5073 3668 5127; x_wconf 87' lang='grc' dir='ltr'>δύ-</span> 
     </span>
    </p>
   </div>
   <div class='ocr_carea' id='block_1_113' title="bbox 2088 5141 3681 5233">
    <p class='ocr_par' dir='ltr' id='par_1_113' title="bbox 2088 5141 3681 5233">
     <span class='ocr_line' id='line_1_113' title="bbox 2088 5141 3681 5233; baseline 0.009 -29"><span class='ocrx_word' id='word_1_841' title='bbox 2088 5152 2280 5206; x_wconf 88' lang='grc' dir='ltr'>νασθαι</span> <span class='ocrx_word' id='word_1_842' title='bbox 2300 5153 2828 5229; x_wconf 86' lang='grc' dir='ltr'>διενεγκεῖν.⁹Ὡσπερ</span> <span class='ocrx_word' id='word_1_843' title='bbox 2853 5158 2908 5212; x_wconf 88' lang='grc' dir='ltr'>δὲ</span> <span class='ocrx_word' id='word_1_844' title='bbox 2935 5159 3002 5212; x_wconf 81' lang='grc' dir='ltr'>τὰ</span> <span class='ocrx_word' id='word_1_845' title='bbox 3031 5161 3292 5233; x_wconf 83' lang='grc' dir='ltr'>ἀρτιθαλῆ</span> <span class='ocrx_word' id='word_1_846' title='bbox 3325 5141 3434 5216; x_wconf 87' lang='grc' dir='ltr'><strong>τῶν</strong></span> <span class='ocrx_word' id='word_1_847' title='bbox 3455 5141 3681 5233; x_wconf 71' lang='grc' dir='ltr'><strong>φυτῶν,Ι</strong></span> 
     </span>
    </p>
   </div>
   <div class='ocr_carea' id='block_1_114' title="bbox 2085 5243 3663 5327">
    <p class='ocr_par' dir='ltr' id='par_1_114' title="bbox 2085 5243 3663 5327">
     <span class='ocr_line' id='line_1_114' title="bbox 2085 5243 3663 5327; baseline 0.009 -30"><span class='ocrx_word' id='word_1_848' title='bbox 2085 5243 2187 5314; x_wconf 88' lang='grc' dir='ltr'><strong>τῆς</strong></span> <span class='ocrx_word' id='word_1_849' title='bbox 2219 5247 2595 5318; x_wconf 77' lang='grc' dir='ltr'>ἀκμαιοτάτης</span> <span class='ocrx_word' id='word_1_850' title='bbox 2638 5249 2736 5320; x_wconf 83' lang='grc' dir='ltr'><strong>μὲν</strong></span> <span class='ocrx_word' id='word_1_851' title='bbox 2768 5250 2862 5304; x_wconf 87' lang='grc' dir='ltr'><strong>τοῦ</strong></span> <span class='ocrx_word' id='word_1_852' title='bbox 2909 5251 3062 5323; x_wconf 79' lang='grc' dir='ltr'>ἡλίου</span> <span class='ocrx_word' id='word_1_853' title='bbox 3102 5253 3262 5325; x_wconf 85' lang='grc' dir='ltr'>βολῆς</span> <span class='ocrx_word' id='word_1_854' title='bbox 3308 5259 3663 5327; x_wconf 81' lang='grc' dir='ltr'>παραιτεῖται</span> 
     </span>
    </p>
   </div>
   <div class='ocr_carea' id='block_1_115' title="bbox 2079 5334 3662 5418">
    <p class='ocr_par' dir='ltr' id='par_1_115' title="bbox 2079 5334 3662 5418">
     <span class='ocr_line' id='line_1_115' title="bbox 2079 5334 3662 5418; baseline 0.008 -30"><span class='ocrx_word' id='word_1_855' title='bbox 2079 5334 2141 5388; x_wconf 86' lang='grc' dir='ltr'>τὸ</span> <span class='ocrx_word' id='word_1_856' title='bbox 2174 5335 2390 5406; x_wconf 85' lang='grc' dir='ltr'>βλάὸος,</span> <span class='ocrx_word' id='word_1_857' title='bbox 2415 5338 2680 5394; x_wconf 82' lang='grc' dir='ltr'>ἀδικοῖντο</span> <span class='ocrx_word' id='word_1_858' title='bbox 2704 5341 2748 5394; x_wconf 87' lang='grc' dir='ltr'>δ’</span> <span class='ocrx_word' id='word_1_859' title='bbox 2781 5342 2848 5396; x_wconf 87' lang='grc' dir='ltr'>ἂν</span> <span class='ocrx_word' id='word_1_860' title='bbox 2879 5344 2940 5395; x_wconf 82' lang='grc' dir='ltr'><strong>οὑ</strong></span> <span class='ocrx_word' id='word_1_861' title='bbox 2967 5345 3224 5415; x_wconf 86' lang='grc' dir='ltr'>μετρίως,</span> <span class='ocrx_word' id='word_1_862' title='bbox 3255 5347 3303 5399; x_wconf 87' lang='grc' dir='ltr'><strong>εἰ</strong></span> <span class='ocrx_word' id='word_1_863' title='bbox 3331 5348 3662 5418; x_wconf 85' lang='grc' dir='ltr'>πνευμάτων</span> 
     </span>
    </p>
   </div>
   <div class='ocr_carea' id='block_1_116' title="bbox 2079 5427 3660 5512">
    <p class='ocr_par' dir='ltr' id='par_1_116' title="bbox 2079 5427 3660 5512">
     <span class='ocr_line' id='line_1_116' title="bbox 2079 5427 3660 5512; baseline 0.009 -32"><span class='ocrx_word' id='word_1_864' title='bbox 2079 5427 2338 5498; x_wconf 79' lang='grc' dir='ltr'>ἐμϐολαῖς</span> <span class='ocrx_word' id='word_1_865' title='bbox 2380 5431 2744 5502; x_wconf 81' lang='grc' dir='ltr'>ἀγριωτέραις</span> <span class='ocrx_word' id='word_1_866' title='bbox 2795 5433 3296 5507; x_wconf 87' lang='grc' dir='ltr'>διακραδαίνοιντο,</span> <span class='ocrx_word' id='word_1_867' title='bbox 3351 5438 3434 5492; x_wconf 91' lang='grc' dir='ltr'><strong>δεῖ</strong></span> <span class='ocrx_word' id='word_1_868' title='bbox 3482 5439 3541 5492; x_wconf 82' lang='grc' dir='ltr'>δὲ</span> <span class='ocrx_word' id='word_1_869' title='bbox 3591 5439 3660 5512; x_wconf 79' lang='grc' dir='ltr'>δὴ</span> 
     </span>
    </p>
   </div>
   <div class='ocr_carea' id='block_1_117' title="bbox 2081 5519 3662 5599">
    <p class='ocr_par' dir='ltr' id='par_1_117' title="bbox 2081 5519 3662 5599">
     <span class='ocr_line' id='line_1_117' title="bbox 2081 5519 3662 5599; baseline 0.007 -28"><span class='ocrx_word' id='word_1_870' title='bbox 2081 5519 2299 5584; x_wconf 85' lang='grc' dir='ltr'>πάντως</span> <span class='ocrx_word' id='word_1_871' title='bbox 2331 5521 2516 5586; x_wconf 83' lang='grc' dir='ltr'>αὐτοῖς</span> <span class='ocrx_word' id='word_1_872' title='bbox 2557 5521 2666 5575; x_wconf 91' lang='grc' dir='ltr'><strong>τῶν</strong></span> <span class='ocrx_word' id='word_1_873' title='bbox 2705 5525 2768 5576; x_wconf 83' lang='grc' dir='ltr'>ὲκ</span> <span class='ocrx_word' id='word_1_874' title='bbox 2802 5525 2997 5597; x_wconf 85' lang='grc' dir='ltr'>τέχνης</span> <span class='ocrx_word' id='word_1_875' title='bbox 3038 5527 3523 5599; x_wconf 84' lang='grc' dir='ltr'>ἐπικουρημάτων,</span> <span class='ocrx_word' id='word_1_876' title='bbox 3563 5530 3662 5582; x_wconf 73' lang='grc' dir='ltr'><strong>καὶ</strong></span> 
     </span>
    </p>
   </div>
   <div class='ocr_carea' id='block_1_118' title="bbox 2080 5610 3658 5692">
    <p class='ocr_par' dir='ltr' id='par_1_118' title="bbox 2080 5610 3658 5692">
     <span class='ocr_line' id='line_1_118' title="bbox 2080 5610 3658 5692; baseline 0.007 -29"><span class='ocrx_word' id='word_1_877' title='bbox 2080 5610 2180 5680; x_wconf 86' lang='grc' dir='ltr'><strong>τῆς</strong></span> <span class='ocrx_word' id='word_1_878' title='bbox 2199 5612 2256 5664; x_wconf 85' lang='grc' dir='ltr'><strong>ἐν</strong></span> <span class='ocrx_word' id='word_1_879' title='bbox 2281 5610 2465 5682; x_wconf 88' lang='grc' dir='ltr'>κύκλῳ</span> <span class='ocrx_word' id='word_1_880' title='bbox 2486 5629 2552 5664; x_wconf 89' lang='grc' dir='ltr'><strong>πε</strong></span> <span class='ocrx_word' id='word_1_881' title='bbox 2563 5612 2780 5684; x_wconf 79' lang='grc' dir='ltr'>ριϐολῆς</span> <span class='ocrx_word' id='word_1_882' title='bbox 2805 5633 2818 5646; x_wconf 89' lang='grc'><strong>·</strong></span> <span class='ocrx_word' id='word_1_883' title='bbox 2847 5616 2987 5672; x_wconf 83' lang='grc' dir='ltr'>κατὰ</span> <span class='ocrx_word' id='word_1_884' title='bbox 3007 5620 3099 5674; x_wconf 82' lang='grc' dir='ltr'><strong>τὸν</strong></span> <span class='ocrx_word' id='word_1_885' title='bbox 3125 5619 3308 5689; x_wconf 79' lang='grc' dir='ltr'>αὑτὸν,</span> <span class='ocrx_word' id='word_1_886' title='bbox 3330 5616 3503 5692; x_wconf 74' lang='grc' dir='ltr'>οἶμαι,</span> <span class='ocrx_word' id='word_1_887' title='bbox 3533 5639 3658 5676; x_wconf 79' lang='grc' dir='ltr'>του-</span> 
     </span>
    </p>
   </div>
   <div class='ocr_carea' id='block_1_119' title="bbox 475 5703 1989 5778">
    <p class='ocr_par' dir='ltr' id='par_1_119' title="bbox 475 5703 1985 5773">
     <span class='ocr_line' id='line_1_119' title="bbox 475 5703 1985 5773; baseline -0.001 -12"><span class='ocrx_word' id='word_1_888' title='bbox 475 5705 723 5762; x_wconf 77' lang='lat' dir='ltr'><strong>&quot;.Exod.</strong></span> <span class='ocrx_word' id='word_1_889' title='bbox 761 5705 1065 5772; x_wconf 63' lang='lat' dir='ltr'><strong>XIV-,lS-lﬁ.</strong></span> <span class='ocrx_word' id='word_1_890' title='bbox 1139 5706 1178 5738; x_wconf 78' lang='grc'><strong>⁸⁸</strong></span> <span class='ocrx_word' id='word_1_891' title='bbox 1217 5705 1237 5760; x_wconf 88' lang='grc' dir='ltr'>Ι</span> <span class='ocrx_word' id='word_1_892' title='bbox 1270 5704 1397 5763; x_wconf 89' lang='lat' dir='ltr'><strong>Cor.</strong></span> <span class='ocrx_word' id='word_1_893' title='bbox 1443 5721 1495 5773; x_wconf 74' lang='grc' dir='ltr'>χ,</span> <span class='ocrx_word' id='word_1_894' title='bbox 1521 5704 1603 5760; x_wconf 74' lang='grc'><strong>2.-</strong></span> <span class='ocrx_word' id='word_1_895' title='bbox 1651 5704 1696 5737; x_wconf 79' lang='grc'><strong>⁸⁸</strong></span> <span class='ocrx_word' id='word_1_896' title='bbox 1726 5703 1900 5760; x_wconf 75' lang='lat' dir='ltr'><strong>Exod.</strong></span> <span class='ocrx_word' id='word_1_897' title='bbox 1934 5720 1985 5760; x_wconf 65' lang='grc' dir='ltr'><strong>ιιι</strong></span> 
     </span>
    </p>
   </div>
   <div class='ocr_carea' id='block_1_120' title="bbox 2096 5703 2766 5778">
    <p class='ocr_par' dir='ltr' id='par_1_120' title="bbox 2096 5707 2766 5778">
     <span class='ocr_line' id='line_1_120' title="bbox 2096 5707 2766 5778; baseline 0.007 -16"><span class='ocrx_word' id='word_1_898' title='bbox 2096 5707 2182 5776; x_wconf 80' lang='lat'><strong>20,</strong></span> <span class='ocrx_word' id='word_1_899' title='bbox 2229 5707 2320 5764; x_wconf 72' lang='grc'><strong>21.</strong></span> <span class='ocrx_word' id='word_1_900' title='bbox 2386 5708 2432 5742; x_wconf 81' lang='grc'>⁸³</span> <span class='ocrx_word' id='word_1_901' title='bbox 2471 5708 2596 5764; x_wconf 86' lang='lat' dir='ltr'><strong>lsai.</strong></span> <span class='ocrx_word' id='word_1_902' title='bbox 2631 5724 2705 5778; x_wconf 60' lang='grc' dir='ltr'><strong>ιτ,</strong></span> <span class='ocrx_word' id='word_1_903' title='bbox 2735 5711 2766 5767; x_wconf 84' lang='grc'>6</span> 
     </span>
    </p>
   </div>
   <div class='ocr_carea' id='block_1_121' title="bbox 3538 5799 3648 5815">
    <p class='ocr_par' dir='ltr' id='par_1_121' title="bbox 3538 5799 3648 5815">
     <span class='ocr_line' id='line_1_121' title="bbox 3538 5799 3648 5815; baseline 0 0"><span class='ocrx_word' id='word_1_904' title='bbox 3538 5803 3542 5805; x_wconf 72' lang='grc'><strong>“</strong></span> <span class='ocrx_word' id='word_1_905' title='bbox 3605 5799 3648 5815; x_wconf 55' lang='grc' dir='ltr'><strong>Α,</strong></span> 
     </span>
    </p>
   </div>
  </div>
