3968 6300
223 284 327 342 973

962 284 1052 340 DE
1090 278 1634 340 ADORATIONE-IN
1669 279 1942 340 SPIRITU
1980 283 2070 340 EI‘
2103 285 2471 343 VERITATE.
2506 287 2635 343 LIB.
2678 287 2766 344 III.

3365 282 3472 338 27$

223 399 337 456 soul.
373 399 577 473 τρόπον
621 397 715 453 καὶ
739 397 771 468 ὴ
801 394 894 452 τοῦ
936 395 1224 470 ἀνθρώπου
1250 395 1418 468 ψυχὴ,
1452 396 1578 468 ἄρτι
1600 395 1703 466 τῆς
1731 397 1796 450 ἐκ

1920 415 2074 472 Iuper
2108 418 2140 458 e
2169 403 2430 460 servitute
2454 405 2717 460 vitiorum
2742 406 3050 468 emerserit,
3077 402 3142 458 ad
3163 401 3476 459 meliorem-

226 492 412 549 παθῶν
433 491 673 555 δουλείας
693 489 1048 562 ἐκτρέχουσα,
1075 491 1169 544 καὶ
1189 490 1323 561 πρὸς
1344 490 1412 544 τὰ
1432 488 1642 560 ἀμείνω
1668 489 1800 560 μεθ-

224 583 567 658 ορμιζομένη
594 625 609 650 ,
666 582 764 638 καὶ
799 582 878 654 τῷ
916 582 1045 653 θείῳ
1074 582 1494 636 κατακολουθεῖν
1542 582 1802 637 ἐθέλουσα

227 676 394 747 νόμῳ,
418 673 786 745 τρυφερόνους
811 673 871 726 τέ
903 674 1142 728 ἐστικαὶ
1165 673 1526 746 εὐαφεστὲρα,
1554 673 1648 728 καὶ
1673 673 1804 727 ἁνα-

228 767 440 820 σοῦοῖτο
471 765 727 830 εὐκόλως,
761 765 954 819 ἀνόπιν
985 763 1185 836 ίδρῶτα
1221 765 1520 836 τεθεαμένη
1581 765 1676 819 καὶ
1711 781 1808 820 πο-

227 859 393 929 λέμου
413 857 597 928 νόμον,
625 855 901 910 ἀσπαστὸν
921 855 976 910 δὲ
997 858 1260 928 ἡγήσεται
1284 857 1346 910 τὸ
1371 860 1428 912 ἐν
1449 851 1530 920 οἷς
1558 851 1628 927 ἦν
1675 873 1806 910 ποτε

227 949 565 1018 διαγενέσθαι
601 948 784 1003 πάλιν.
825 948 935 1002 Καὶ
976 947 1108 1018 γοῦν
1137 949 1188 1002 oi
1230 948 1292 1015 ἐξ
1331 947 1549 1021 Ἰσραὴλ
1571 947 1671 1019 τὴν
1698 945 1807 1000 τῶν

229 1040 542 1108 Αἰγυπτίων
576 1039 896 1111 τεθεαμένοι
928 1040 1305 1112 παρασκευὴν,
1341 1038 1596 1112 καὶπρὸς
1641 1038 1809 1110 μόνην

229 1128 320 1182 τοῦ
348 1129 590 1200 πολέμου
622 1128 717 1200 τὴν
743 1127 874 1182 θέαν
899 1130 1285 1202 ἀπειρηκότες,
1311 1129 1609 1200 ἐπεφύοντο
1626 1130 1810 1200 λέγον-

229 1237 318 1284 τες
345 1219 426 1290 τῷ
449 1220 717 1290 θεσπεσίῳ
741 1221 938 1293 Μωσῇο
981 1239 1000 1273 ι
1039 1221 1113 1275 Οὐ
1143 1220 1300 1275 τοῦτο
1335 1222 1485 1293 ῥῆμα
1506 1217 1576 1292 ἦν
1611 1221 1640 1274 δ
1685 1222 1811 1275 ἐλα-

230 1311 474 1383 λήσαμεν
496 1313 554 1364 ἐν
589 1310 850 1384 Αἰγύπτῳ
875 1313 1010 1384 πρδς
1041 1313 1100 1366 σὲ
1121 1313 1392 1382 λέγοντες,
1421 1313 1600 1385 Πάρες
1626 1314 1796 1385 ἡμᾶς,

231 1405 380 1468 ὅπως
428 1403 806 1476 δουλεύσωμεν
847 1407 960 1469 τοῖς
1003 1405 1358 1474 Αίγυπτίοιςς
1407 1408 1663 1478 κρεῖσσον
1703 1405 1811 1477 γὰρ

233 1497 378 1568 ἡμᾶς
403 1496 673 1551 δουλεύειν
698 1497 1017 1567 Αἰγυπτίοις
1033 1537 1048 1562 ,
1071 1499 1104 1568 ἢ
1124 1498 1416 1555 ἀποθανεῖν
1437 1500 1496 1552 ἐν
1525 1501 1590 1571 τῇ
1622 1499 1813 1569 ἐρήμῳ

232 1587 426 1662 ταύτῃ.
470 1607 490 1641 ι
537 1589 748 1643 Οὐκοῦν
779 1589 1017 1661 ἀδρανὴς
1052 1591 1134 1654 είς
1167 1589 1370 1661 μάχην,
1400 1589 1494 1644 καὶ
1522 1589 1661 1661 πρὸς
1688 1591 1811 1644 δου-

1900 509 2005 565 que
2029 494 2239 567 frugem
2281 497 2537 562 evaserit,
2567 513 2631 552 ac
2663 496 2762 550 Dei
2798 495 2974 565 legem
3015 495 3170 566 sequi
3215 493 3472 558 voluerit,

1901 589 2135 646 delicata
2155 591 2337 646 adhuc
2362 599 2419 646 et
2441 589 2658 646 mollior
2693 603 2819 644 cum
2843 587 2934 652 sit,
2963 586 3059 642 ubi
3095 587 3350 643 sudorem
3387 586 3475 641 vi-

1902 681 2046 738 derit
2089 681 2446 752 laboremque
2502 696 2717 752 pugnae,
2761 686 2912 734 metu
2952 679 3278 748 perterrita,
3318 677 3478 734 facile

1906 782 2288 847 terga-vertet,
2321 774 2672 845 optabileque
2707 772 2873 828 ducet
2893 786 2958 827 ea
2993 777 3242 840 repetere
3278 770 3333 824 in
3359 771 3480 838 qui.-

1904 865 2009 921 bus
2041 874 2201 921 antea
2234 865 2574 922 versabatur.
2617 864 2805 934 Itaque
2851 861 3134 927 Israelitae,
3168 875 3294 915 cum
3319 858 3483 931 Egy-

1905 954 2144 1025 ptiorum
2181 966 2497 1027 apparatum
2527 955 2815 1019 vidissent,
2842 963 3005 1024 atque
3033 953 3098 1009 ad
3126 969 3320 1025 pugnae
3347 968 3484 1009 con-

1907 1053 2154 1116 spectum
2181 1047 2446 1103 duntaxat
2477 1047 2691 1104 animos
2725 1046 3075 1118 abjecissent,
3104 1044 3482 1116 insurgebant,

1907 1138 2155 1194 dicentes
2175 1138 2394 1212 Moysi:
2444 1158 2464 1192 ‹
2499 1139 2693 1196 Nonne
2742 1139 2849 1194 hoc
2897 1147 3018 1193 erat
3056 1137 3288 1193 verbum
3335 1125 3485 1207 quod

1910 1229 2078 1285 locuti
2102 1245 2291 1287 sumus
2311 1231 2380 1287 ad
2400 1239 2452 1288 te
2481 1232 2538 1288 in
2561 1231 2811 1303 Egypto,
2839 1230 3114 1286 dicentes:
3139 1229 3362 1284 Dimitte
3384 1244 3487 1284 nos

1916 1329 1978 1376 ut
2026 1323 2333 1379 serviamus
2355 1322 2662 1395 Egyptiis?
2687 1321 2885 1377 melius
2913 1321 3062 1376 enim
3093 1329 3214 1376 erat
3236 1336 3336 1375 nos
3369 1335 3485 1375 ser-

1910 1413 2027 1468 vire
2053 1411 2341 1484 Egyptiis,
2366 1430 2530 1485 quam
2559 1415 2699 1469 mori
2738 1416 2794 1470 in
2832 1414 3052 1470 deserto
3077 1413 3184 1468 hoc
3199 1412 3246 1445 ‘”
3272 1452 3285 1467 .
3324 1431 3343 1464 ι
3382 1411 3488 1466 Im-

1911 1504 2068 1562 bellis
2089 1521 2220 1577 ergo
2241 1506 2309 1562 ad
2332 1522 2568 1578 pugnam
2587 1515 2751 1578 atque
2790 1507 2857 1562 ad
2887 1506 3242 1562 metuendum
3285 1503 3487 1575 procli-

1908 1595 2026 1661 vis,
2080 1607 2136 1654 et
2173 1597 2442 1667 ejusmodi
2495 1614 2618 1669 quae
2661 1598 2956 1653 admodum
3011 1596 3170 1652 facile
3220 1593 3486 1650 deterreri

233 1679 381 1734 λείαν
421 1681 741 1752 ἐτοιμοτάτη
761 1721 776 1747 ,
821 1681 917 1735 καὶ
987 1682 1426 1752 εὐκαταπτόητος
1469 1681 1662 1752 κομιδῇ
1706 1680 1813 1751 πρὸ

1920 1688 2108 1758 possit,
2142 1689 2321 1756 anima
2351 1690 2591 1746 hominis
2627 1697 2710 1746 est
2740 1698 2868 1746 ante
2915 1705 3134 1746 sacrum
3181 1687 3485 1760 baptisma:

232 1771 327 1826 τοῦ
353 1773 510 1841 ἁγίου
552 1772 921 1846 βαπτίσματος
961 1775 995 1846 ή
1022 1773 1114 1828 τοῦ
1153 1773 1439 1846 ἀνθρώπου
1468 1773 1644 1844 ψυχή’
1685 1773 1732 1825 εί
1759 1771 1817 1827 δέ

231 1864 295 1936 δὴ
316 1867 559 1936 τυχοῦσα
585 1867 683 1938 τῆς
700 1867 924 1938 χάριτος
944 1867 1042 1938 τὴν
1072 1865 1133 1932 ἐξ
1153 1866 1322 1937 ὕψους
1349 1866 1578 1938 δύναμιν
1606 1866 1816 1937 ἀμφιά-

235 1973 389 2010 σαιτο
416 1997 433 2022 ,
489 1956 889 2012 εὐσθενέστατα
929 1957 1028 2027 μὲν
1068 1957 1419 2029 ἀντεγκομιεῖ
1446 1959 1560 2021 τοῖς
1597 1956 1818 2010 διώκειν

233 2047 503 2114 ἐθέλουσι,
526 2050 623 2103 καὶ
645 2049 992 2120 διαμαχεῖται
1013 2050 1298 2118 γενναίως,
1324 2051 1497 2122 ῥᾷστα
1528 2049 1574 2104 δ’
1610 2049 1676 2104 ἂν
1704 2049 1820 2104 δια-

235 2139 534 2210 κρούσαιτο
561 2141 662 2205 τὰς
684 2142 795 2194 τῶν
823 2141 1095 2211 πολεμίων
1121 2142 1552 2206 ἐπαναστάσεις,
1587 2157 1820 2214 στρατη-

237 2232 460 2300 γοῦντός
486 2251 546 2286 τε
573 2235 668 2287 καί¹
701 2233 1134 2305 προασπίζοντος
1156 2235 1415 2305 Χριστοῦ.
1446 2219 1820 2308 Περιεσόμεθα

236 2323 343 2394 γὰρ
374 2325 477 2396 οὐχ
510 2324 767 2395 ἐτέρωςῆ
800 2325 944 2378 κατὰ
973 2325 1164 2378 τοῦτον
1190 2323 1352 2378 αὑτὸν
1379 2324 1472 2378 τὸν
1490 2325 1711 2394 τρόπον.

308 2415 519 2469 ΠΑᾹΛ.
564 2413 768 2468 Σκόπει
809 2415 873 2486 δὴ
918 2411 1012 2468 οὖν
1051 2414 1138 2468 διὰ
1167 2414 1338 2468 ποίων
1375 2416 1506 2486 ἡμῖν
1535 2416 1629 2469 καὶ
1664 2415 1822 2470 τοῦτο

239 2506 620 2576 παραστήσεις
659 2505 1156 2578 παραδειγμάτων
1202 2506 1503 2578 ἀπορήσεις
1547 2506 1656 2578 γὰρ
1703 2505 1820 2562 οὔτι

238 2615 343 2651 που
349 2637 366 2652 ο

309 2693 478 2745 ΚΥΡ.
503 2691 602 2746 Διὰ
628 2691 896 2746 πλείστων
915 2692 1014 2764 μὲν
1042 2686 1135 2747 οῦν
1167 2693 1308 2747 ὅσων
1331 2691 1643 2758 καταδεῖξαι
1667 2693 1816 2764 ῥᾷον,

243 2783 387 2854 πλὴν
416 2783 525 2837 ἀπό
575 2800 639 2852 γε
668 2783 887 2855 πρώτου
909 2783 1005 2838 τοῦ
1038 2785 1309 2854 γείτονος,
1340 2785 1434 2839 καὶ
1465 2785 1523 2852 ἐξ
1554 2778 1821 2849 ὧταΰτὸς

243 2878 532 2948 γέγραφεν
561 2878 590 2932 ό
615 2878 822 2950 Μωσῆς
845 2895 859 2908 ·
881 2879 930 2931 oi
955 2877 1062 2950 γὰρ
1089 2878 1224 2950 πρὸς
1269 2879 1436 2952 μόνην
1464 2878 1822 2952 ἀπειρηκότες

237 2970 350 3024 τῶν
381 2969 698 3037 Αἰγυπτίων
741 2969 840 3042 τὴν
867 2968 1018 3032 θέαν,
1049 2969 1238 3042 ἐπειδὴ
1281 2969 1382 3042 τὴν
1428 2970 1696 3043 Ἐρυθρὰν
1741 2970 1822 3024 δι-

1917 1785 1994 1842 at,
2026 1778 2072 1832 si
2097 1779 2209 1849 jam
2241 1777 2383 1835 facta
2405 1781 2526 1851 ejus
2565 1781 2754 1852 gratiae
2790 1795 3034 1851 compos,
3071 1779 3222 1835 illam
3267 1795 3334 1834 ex
3378 1778 3501 1836 alto.

1917 1868 2177 1924 virtutem
2219 1869 2408 1926 induta
2432 1871 2619 1938 fuerit,
2656 1879 2771 1927 tum
2813 1888 2946 1928 vero
2985 1870 3283 1929 fortissime
3344 1869 3492 1926 obsi-

1917 1967 2025 2015 stet
2047 1961 2302 2031 persequi
2335 1963 2706 2032 cupientibus,
2741 1979 2804 2020 ac
2843 1972 3066 2020 strenue
3100 1963 3383 2035 pugnabit;
3414 1962 3493 2019 fa-

1918 2052 2122 2107 cillime
2145 2069 2365 2124 quoque
2395 2053 2660 2126 impetum
2688 2054 2931 2110 hostium
2965 2055 3241 2120 retundet,
3271 2052 3505 2114 Christo.

1919 2151 2036 2198 tum
2073 2143 2232 2210 duce,
2273 2151 2388 2199 tum
2425 2153 2853 2217 propugnatore.
2892 2144 3083 2215 Neque
3129 2145 3279 2202 enim
3334 2144 3494 2200 aliter

1919 2250 2083 2305 quam
2113 2235 2216 2290 hac
2240 2251 2347 2291 una
2379 2236 2590 2293 ratione
2619 2236 2934 2308 superiores
2948 2237 3176 2293 erimus.

1990 2428 2187 2484 PALL.
2221 2429 2360 2485 Vide
2405 2429 2573 2501 igitur
2617 2429 2819 2500 quibus
2854 2431 3176 2486 hoc'etiam
3231 2431 3496 2502 exemplis

1919 2521 2346 2576 confirmaturus
2380 2523 2497 2589 sis;
2525 2538 2705 2594 neque
2741 2523 2890 2578 enim
2921 2538 3114 2579 eorum
3154 2524 3367 2594 c0piam
3395 2523 3495 2578 tibi

1920 2609 2229 2666 defuturam
2257 2619 2413 2682 puto.

1987 2700 2147 2757 ΟΥΕ.
2183 2701 2612 2774 Quamplurimis
2648 2703 2703 2759 id
2732 2703 2956 2774 quidem
2981 2704 3245 2776 exemplis
3274 2705 3500 2760 demonv

1921 2798 2096 2848 strare
2142 2792 2402 2862 perfacile
2450 2804 2568 2864 est;
2629 2803 3044 2863 verumtamen,
3081 2797 3319 2867 primum
3365 2797 3499 2851 illud

1921 2882 2047 2948 erit,
2083 2883 2230 2958 quod
2253 2892 2309 2940 et
2333 2884 2643 2961 proximum
2672 2891 2776 2952 est,
2815 2890 2872 2941 et
2904 2887 3020 2956 ipse
3049 2886 3260 2958 Moyses
3301 2885 3512 2940 litteris

1924 2973 2236 3029 mandavit:
2265 2975 2360 3046 qui
2392 2975 2542 3030 enim
2569 2976 2687 3037 solo
2728 2986 2954 3046 aspectu
2992 2974 3368 3048 Egyptiorum
3399 2975 3499 3030 de-

239 3063 450 3130 έῦησαν
503 3061 796 3127 θάλασσαν,
837 3064 930 3117 καὶ
977 3064 1069 3119 τὸν
1105 3064 1201 3118 τοῦ
1247 3063 1404 3132 ἁγίου
1454 3064 1816 3135 βαπτίσματος

1928 3063 2261 3133 sponderant
2308 3063 2541 3129 animos,
2588 3074 2778 3136 postea
2837 3081 3002 3136 quam
3054 3066 3305 3122 Rubrum
3349 3078 3500 3118 mare

238 3156 516 3228 ἐπλήρουν
546 3154 716 3210 τύπον
742 3157 1183 3228 (ἐϐαπτίσθησαν
1208 3157 1338 3230 γὰρ,
1367 3157 1555 3228 φησὶν,
1586 3158 1667 3221 είς
1695 3157 1825 3212 Μω-

241 3244 384 3308 cia,
414 3244 669 3316 καθάπερ
714 3245 814 3304 καὶ
847 3245 877 3298 ό
914 3247 1078 3315 σοφὸς
1121 3247 1326 3318 γράφει
1371 3235 1615 3312 Παῦλος,
1660 3248 1719 3299 ἐν
1755 3249 1824 3318 τῇ

238 3335 442 3407 νεφέλῃ
471 3335 564 3389 καὶ
583 3335 642 3390 ἐν
663 3338 728 3408 τῇ
747 3336 1032 3411 θαλάσσῃ),
1073 3339 1298 3410 μάχιμοί
1318 3357 1378 3394 τε
1410 3340 1508 3412 ἤδη
1541 3342 1634 3397 καὶ
1665 3341 1828 3396 δεινοὶ

240 3425 386 3498 πρὸς
414 3426 729 3486 ἀντίστασιν
757 3431 1130 3485 ἀνεδείκνυντο
1148 3434 1263 3496 τοῖς
1287 3433 1522 3506 ἐχθροῖς,
1550 3433 1691 3505 πλὴν
1740 3433 1829 3488 διὰ

237 3517 505 3589 Χριστοῦ.
539 3519 854 3592 Γέγραπται
886 3522 943 3577 δέ
967 3521 1161 3586 οὕτως’
1212 3540 1233 3574 ι
1271 3518 1448 3578 τΗλθε
1474 3525 1531 3578 δέ
1575 3523 1828 3596 Ἀμαλὴκ

242 3612 340 3664 καὶ
387 3611 650 3681 ἐπολέμει
704 3613 922 3685 Ἰσραὴλ
958 3613 1018 3666 ἐν
1061 3614 1302 3684 Ῥαφδίν.
1345 3611 1498 3676 Eine.
1525 3616 1583 3669 δέ
1623 3616 1828 3687 Μωσῆς

239 3701 323 3774 τῷ
373 3701 586 3773 Ἰησοῦο
623 3701 902 3772 Ἐπίλεξαι
937 3705 1149 3777 σεαυτῷ
1177 3706 1379 3776 ἄνδρας
1409 3706 1697 3772 δυνατοὺς,
1735 3709 1830 3762 καὶ⁹

242 3798 484 3870 ἐξελθὼν
529 3799 840 3870 παράταξαι
885 3799 964 3872 τῷ
1011 3800 1258 3873 Ἀμαλὴκ
1305 3799 1530 3872 αῦριονο
1575 3801 1672 3856 καὶ⁵
1720 3801 1828 3855 ίδοὺ

1929 3154 2283 3225 traiecerunt,
2308 3169 2370 3209 ac
2397 3153 2573 3210 sancti
2606 3154 2952 3225 baptismatis
2987 3154 3216 3225 ﬁguram
3252 3154 3504 3225 expleve-

1926 3253 2056 3300 runt
2087 3243 2373 3318 (baptizati
2404 3260 2639 3314 namque
2663 3253 2792 3300 sunt
2827 3245 2884 3299 in
2909 3244 3149 3316 Moysen,
3192 3252 3253 3298 ut
3284 3244 3503 3315 sapien-

1929 3336 2135 3392 tissime
2155 3336 2348 3391 scribit
2373 3336 2653 3400 Paulus“,
2679 3335 2738 3390 in
2781 3337 2896 3406 88
2937 3335 3085 3390 nube
3125 3345 3183 3391 et
3223 3337 3280 3391 in
3317 3334 3522 3407 mari),

1929 3427 2098 3483 fortes
2124 3429 2236 3499 jam
2267 3442 2332 3482 ac
2365 3435 2621 3482 strenuos
2644 3441 2702 3482 se
2732 3427 2800 3482 ad
2841 3426 3206 3482 resistendum
3253 3427 3506 3484 hostibus

1928 3517 2317 3588 praebuerunt;
2367 3533 2480 3574 non
2527 3525 2710 3573 tamen
2753 3517 2872 3574 sine
2913 3517 3153 3576 Christo.
3202 3517 3293 3574 Sic
3353 3519 3503 3576 enim

1931 3610 2197 3681 scriptum
2221 3618 2344 3666 est:
2386 3611 2576 3668 «Venit
2600 3620 2784 3668 autem
2815 3611 3057 3676 Amalec,
3080 3618 3143 3670 et.
3157 3612 3505 3684 oppugnabat

1930 3702 2096 3759 Israel
2116 3702 2174 3757 in
2203 3703 2517 3774 Raphidim.
2557 3703 2704 3760 Dixit
2737 3713 2920 3763 autem
2943 3703 3152 3776 Moyses
3171 3703 3365 3762 Josue:
3395 3703 3506 3759 Eli-

1932 3810 1996 3866 ge
2031 3794 2130 3850 tibi
2159 3795 2310 3851 viros
2337 3803 2610 3866 potentes,
2637 3802 2694 3850 et
2721 3810 2975 3867 egressus
3014 3795 3351 3867 congredere
3380 3810 3507 3850 cum

244 3891 360 3960 ἐγὼ
393 3890 605 3961 ἕστηκα
628 3890 722 3943 ἐπὶ
743 3891 844 3962 τῆς
877 3891 1127 3962 κορυφῆς
1195 3891 1290 3946 τοῦ
1315 3891 1526 3962 βουνοῦ,
1555 3891 1704 3964 καὶὴ
1736 3893 1816 3963 ῥά-

1933 3887 2152 3944 Amalec
2184 3903 2338 3955 cras;
2373 3897 2429 3943 et
2443 3903 2571 3950 ecce
2602 3903 2704 3959 ego
2732 3889 2889 3948 stabo
2924 3887 2982 3942 in
3006 3889 3208 3945 vertice
3241 3888 3417 3954 collis,
3451 3896 3519 3944 et.

245 3982 372 4046 ὕδος
395 3980 493 4034 τοῦ
521 3980 656 4035 Θεοῦ
681 3983 738 4035 ἐν
764 3984 830 4054 τῇ
861 3982 1004 4054 χειρί
1034 4001 1156 4054 μου.
1181 3984 1292 4039 Καὶ
1314 3985 1566 4055 ἐποίησεν
1605 3983 1816 4056 ἸησοῦςΤ

1931 3977 2081 4048 virga
2110 3978 2207 4034 Dei
2246 3977 2303 4036 in
2338 3994 2505 4040 manu
2526 3994 2666 4038 mea.
2707 3979 2777 4034 Et
2800 3978 2932 4034 fecit
2955 3977 3142 4046 Josue,
3181 3979 3324 4035 sicut
3370 3979 3510 4036 dixit

247 4070 509 4143 καθάπερ
533 4069 681 4140 αὑτῷ
705 4067 826 4124 εἷπε
847 4071 1075 4143 Μωσῆς,
1099 4073 1194 4126 καὶ
1220 4071 1454 4138 ἐξελθὼν
1483 4074 1816 4145 παρετάξατι

1934 4069 1987 4126 ei
2017 4069 2247 4142 Moyses,
2275 4077 2332 4124 et
2355 4071 2545 4126 exiens
2588 4085 2915 4140 congressus
2964 4078 3051 4126 est
3083 4085 3206 4126 cum
3250 4071 3506 4125 Amalec:

246 4161 328 4232 τῷ
366 4161 616 4232 ’Δμαλήκ
635 4178 648 4192 ·
673 4161 767 4214 καὶ
795 4162 1030 4232 Μωσῆς,
1064 4163 1159 4215 καὶ
1207 4162 1439 4234 Ἀαρὼν,
1468 4165 1563 4219 καὶ
1590 4165 1691 4238 Ὦρ
1737 4164 1816 4218 ἀν-

1935 4172 1991 4218 et
2021 4162 2232 4234 Moyses
2253 4171 2309 4218 et
2338 4161 2519 4218 Aaron
2541 4170 2598 4218 et
2629 4161 2744 4216 Hur
2767 4161 3134 4218 ascenderunt
3165 4161 3221 4215 in
3245 4161 3509 4216 verticem

253 4253 459 4322 έδησαν
477 4253 572 4305 ἐπὶ
591 4251 688 4323 τὴν
719 4251 957 4323 κορυφὴν
981 4251 1075 4305 τοῦ
1099 4252 1424 4323 βουνοῦΚαὶ
1451 4255 1684 4324 ἐγίνετο,
1709 4256 1816 4310 am

1938 4253 2112 4313 collis.
2141 4253 2209 4308 Et
2239 4252 2444 4307 factum
2467 4259 2571 4317 est,
2603 4251 2824 4320 quando
2866 4251 3118 4307 elevabat
3156 4251 3366 4321 Moyses
3390 4266 3510 4306 ma-

253 4343 427 4416 ἐπῆρε
454 4343 658 4414 Μωσῆς
683 4343 780 4406 τὰς
805 4345 990 4415 χεῖρας
1029 4345 1320 4415 κατίσχυεν
1354 4346 1590 4418 Ἰσραὴλ,
1624 4347 1751 4401 ὅταν
1778 4347 1816 4401 δί

1939 4360 2065 4408 nus,
2101 4342 2430 4415 praevalebat
2454 4342 2652 4408 Israel;
2699 4341 2919 4410 quando
2970 4348 3152 4399 autem
3197 4340 3511 4396 remittebat

253 4434 465 4504 καθῆκε
487 4434 588 4498 τὰς
621 4437 827 4507 χεῖρας,
857 4438 1147 4508 κατίσχυεν
1189 4415 1454 4516 Ἀμαλῄκ.
1480 4415 1546 4491 AI
1569 4439 1624 4492 δέ
1653 4441 1816 4510 χεῖρες

1937 4451 2153 4501 manus,
2196 4433 2531 4504 praevalebat
2574 4431 2817 4488 Amalec.
2871 4431 3061 4487 Manus
3103 4439 3288 4487 autem
3339 4431 3510 4505 Moysi

255 4526 432 4596 Μωσῆ
452 4524 688 4597 βαρεῖαι,
702 4527 796 4580 καὶ
817 4525 1069 4590 λαϐόντες
1082 4525 1227 4580 λίθον
1250 4527 1526 4598 ἐπέθηκαν
1546 4527 1638 4581 ὑπ’
1653 4528 1814 4582 αὐτὸν

1934 4540 2126 4598 graves
2146 4533 2334 4580 erant:
2367 4533 2424 4580 et
2456 4523 2791 4596 accipientes
2826 4523 3084 4595 lapidem,
3109 4531 3517 4596 supposuerunt

258 4616 352 4671 καὶ
367 4615 602 4687 ἐκάθητο
614 4618 701 4670 ἐπ’
731 4617 916 4684 αὑτοῦ,
935 4619 1028 4672 καί
1060 4616 1289 4690 Ἀαρὼν,
1323 4619 1414 4672 καὶ
1438 4621 1536 4690 “ap
1555 4619 1683 4690 ἐστή
1693 4619 1816 4691 ριζοε

1935 4617 2039 4671 sub
2064 4631 2152 4682 eo,
2178 4623 2235 4671 et
2264 4614 2408 4671 sedit
2439 4631 2607 4691 super
2628 4631 2779 4682 eum,
2815 4623 2872 4672 et
2897 4615 3080 4676 Aaron
3119 4625 3178 4672 et
3223 4617 3341 4673 Hur
3388 4633 3512 4676 sus-
3592 4636 3607 4652 ο

258 4709 354 4774 τὰς
397 4713 589 4780 χεῖρας
626 4711 789 4765 αὑτοῦ
810 4752 825 4776 ,
853 4710 1104 4766 ἐντεῦθεν
1136 4707 1250 4780 εἷς,
1299 4714 1393 4767 καὶ
1426 4713 1674 4768 ἐντεῦθεν
1717 4709 1798 4778 εἷς

1939 4708 2224 4769 tentabant
2253 4723 2449 4764 manus
2474 4709 2615 4780 ejus,
2645 4707 2776 4764 hinc
2801 4723 2964 4773 unus,
2993 4719 3050 4763 et
3081 4708 3212 4764 hinc
3249 4708 3417 4764 alter:
3457 4720 3515 4765 et

263 4802 353 4856 καὶ⁸
379 4801 623 4871 ἐγίνοντο
665 4805 722 4858 αί
759 4805 939 4876 χεῖρες
972 4805 1142 4876 Μωσῇ
1175 4806 1565 4878 ἐστηριγμέναι
1607 4807 1711 4872 ἕως
1750 4809 1811 4861 δυ

1937 4801 2164 4856 fuerunt
2187 4816 2380 4858 manus
2399 4801 2571 4874 Moysi
2595 4807 2914 4857 sustentata:
2934 4814 3109 4870 usque
3142 4799 3212 4856 ad
3259 4814 3513 4855 occasum

264 4882 435 4966 σμῶν’
464 4894 619 4966 ήλίου
645 4911 657 4926 ’
713 4897 806 4950 καὶ
845 4894 1109 4966 ἐτρέψατο
1159 4897 1364 4967 Ἰησοῦς
1397 4897 1487 4951 τὸν
1547 4898 1795 4970 ’Λμαλὴκ

1942 4893 2102 4948 solis:
2131 4902 2188 4949 et
2219 4892 2426 4964 fugavit
2451 4893 2614 4949 Josue
2646 4891 2867 4947 Amalec
2903 4899 2958 4946 et
3001 4906 3217 4946 omnem
3252 4890 3512 4960 populum

265 4986 355 5036 καὶ
392 4983 569 5038 πάντα
605 4983 696 5036 τὸν
737 4983 1056 5039 λαὸναὺτοῦ
1104 4986 1162 5038 ἐν
1195 4985 1339 5055 φόνῳ
1374 4985 1666 5056 μαχαίρας.
1700 4981 1816 5040 Εῐπι

1943 4982 2062 5053 ejus
2098 4982 2156 5037 in
2194 4979 2470 5037 occisione
2508 4979 2693 5052 gladii.
2743 4977 2890 5032 Dixit
2928 4982 3111 5032 autem
3146 4976 3409 5032 Dominus
3447 4977 3522 5037 ad

263 5077 318 5129 δὲ
349 5076 556 5149 Κύριος
585 5076 723 5148 πρὸς
747 5073 988 5146 Μωσῆν”’
1014 5075 1380 5146 Κατάγραψον
1413 5075 1571 5130 τοῦτο
1598 5079 1677 5140 είς
1701 5095 1816 5149 μνη

1945 5073 2166 5145 Moysen
2194 5090 2210 5127 :
2250 5071 2442 5128 Scribe
2467 5072 2573 5127 hoc
2595 5071 2664 5126 ad
2703 5067 3026 5125 memoriam
3065 5066 3302 5133 inlibro,
3337 5075 3394 5123 et
3424 5067 3517 5125 da-

270 5169 500 5237 μόσυνον
531 5169 590 5220 ἐν
625 5166 815 5238 βιϐλίῳ
838 5207 853 5232 ,
886 5167 980 5220 καὶ
1017 5167 1107 5228 δὸς
1139 5168 1220 5230 είς
1245 5166 1316 5220 τὰ
1339 5160 1455 5222 ὦτα
1512 5166 1688 5238 Ἰησοῦ
1713 5213 1728 5236 ,
1756 5170 1815 5223 ὅτ

1944 5165 2031 5220 bis
2065 5165 2120 5221 in
2149 5180 2308 5221 aures
2338 5163 2504 5220 Iosue
2529 5181 2544 5230 ;
2594 5161 2852 5232 quoniam
2873 5158 3147 5215 deletione
3174 5159 3370 5216 delebo
3398 5176 3530 5215 me-.

263 5257 462 5329 ἀλοιφῇ
485 5256 752 5326 ἐξαλείψω
793 5255 853 5310 τὸ
881 5255 1223 5326 μνημόσυνον
1256 5255 1501 5326 Ἀμαλὴκ
1521 5257 1585 5309 ἐκ
1603 5257 1704 5327 τῆς
1734 5258 1816 5310 ῦπί

1937 5258 2169 5313 moriam
2193 5256 2414 5312 Amalec
2452 5255 2521 5310 de
2549 5253 2653 5308 sub
2682 5253 2840 5307 coelo.
2881 5251 2949 5306 Et
2982 5250 3272 5306 aediﬁcavit
3307 5251 3520 5320 Moyses

262 5350 358 5404 τὸν
403 5349 652 5422 οὐρανόν.
695 5348 807 5402 Καὶ
849 5347 1165 5419 ᾠκοδόμησε
1202 5347 1408 5418 Μωσῆς
1457 5347 1816 5422 θυσιαστήρια

1939 5349 2112 5404 altare
2139 5348 2389 5412 Domino,
2442 5353 2500 5401 et
2546 5343 2762 5400 vocavit
2808 5358 3009 5398 nomen
3069 5344 3206 5413 ejus,
3256 5340 3522 5400 Dominus

262 5442 340 5514 τῷ
381 5442 607 5513 Κυρίῳ,
641 5440 736 5495 καὶ
769 5439 1094 5510 ἐπωνόμασε
1122 5440 1183 5494 τὺ
1218 5440 1386 5511 δνομα
1423 5440 1610 5508 αὐτοῦ,
1637 5442 1816 5514 Κύριο

1944 5440 2215 5511 refugium
2259 5453 2443 5493 meum
2467 5453 2482 5504 ;
2509 5435 2770 5507 quoniam
2808 5435 2864 5489 in
2888 5450 3052 5489 manu
3077 5433 3291 5488 occulta
3320 5439 3522 5502 pugnat

263 5535 560 5604 καταφυγή
594 5550 719 5602 μου,
753 5532 836 5586 ὅτι
857 5533 914 5585 ἐν
942 5531 1085 5602 χειρὶ
1117 5532 1360 5604 κρυφαία
1381 5531 1608 5603 πολεμεῖ
1638 5533 1811 5606 Κύριο

1943 5532 2207 5587 Dominus
2229 5537 2421 5586 contra
2447 5529 2669 5586 Amalec
2698 5545 2729 5585 a
2769 5525 3212 5601 generationibus
3253 5524 3308 5582 in
3354 5539 3519 5596 gene-

262 5626 360 5680 ἐπὶ
404 5623 654 5696 Ἀμαλὴκ
689 5622 795 5676 ἀπὸ
816 5622 1018 5692 γενεῶν
1047 5625 1127 5686 εἰς
1157 5625 1367 5693 γενεάς.
1410 5643 1428 5676 ι

1943 5625 2188 5680 rationes
2205 5623 2269 5676 ⁸⁸.
2307 5642 2326 5675 ι

323 5741 372 5775 ⁸³
406 5738 584 5799 Exod.
615 5753 726 5808 xw,
787 5737 870 5793 l2.
946 5737 990 5772 ⁸³
1045 5736 1064 5793 I
1094 5735 1220 5794 Cor.
1271 5753 1323 5806 χ,
1360 5737 1412 5792 2.
1492 5737 1538 5772 ⁸⁸
1574 5725 1745 5797 Ede.
1777 5757 1904 5812 xvii,
1932 5739 2078 5796 8-16.
