3968 6300
434 255 539 312 €75

1436 299 1438 301 ›
1489 261 1544 318 S.
1585 260 1860 318 CYRILLI
1893 259 2362 330 ALEXANDBINI
2399 261 2714 321 ARCHIEP.
3569 261 3674 319 276

508 374 702 430 PALL.
747 375 812 429 Et
845 376 1098 446 quisnam
1140 386 1226 434 est
1267 380 1433 452 hujus
1455 379 1740 450 scriptura:
1776 381 2005 438 sensus?

2178 380 2387 439 ΠΑΛΛ.
2430 381 2539 436 Καὶ
2575 380 2657 444 τίς
2701 380 2770 434 ἃν
2813 378 3018 448 γένοιτο
3063 378 3171 434 τῶν
3217 378 3614 452 γεγραμμένων
3645 383 3675 434 6

436 482 616 534 neque
643 465 790 518 enim
819 467 951 520 satis
984 466 1250 539 intelligo.

505 556 660 612 CYR.
686 555 871 626 Atqui,
900 567 961 613 ut
993 558 1209 629 opinor,
1244 560 1382 615 nihil
1411 561 1628 619 dillicile
1657 572 1740 619 est
1771 563 2007 636 inspice-

438 665 497 703 re
526 649 868 716 volentibus;
898 667 1020 705 nam
1051 651 1096 706 si
1127 653 1328 724 cogitet
1367 657 1638 726 quiSpiam
1678 665 2009 728 praeceptum

437 756 556 794 esse
585 756 614 794 a
644 741 824 813 Moyse
865 743 1049 809 Josue,
1089 745 1222 814 quid
1269 745 1418 802 aliud
1464 748 1729 819 suspicari
1786 747 2007 818 poterit,

440 847 603 900 quam
629 831 764 886 illud
790 834 1034 900 omnino,
1065 835 1231 906 quod,
1257 853 1382 892 cum
1407 838 1646 893 Verbum
1677 846 1822 893 esset
1844 839 2008 905 Deus,

439 921 643 976 factum
671 933 755 978 cst
787 925 889 980 sub
917 925 1054 996 lege,
1087 927 1233 997 quod
1265 929 1332 982 ad
1358 929 1713 986 humanitatis
1761 929 2011 986 habitum

441 1009 698 1082 pertinet,
728 1029 792 1070 ac
823 1016 1104 1072 subditum
1140 1018 1374 1088 quodam
1408 1019 1570 1075 modo
1596 1020 1760 1092 Moysi
1791 1020 2013 1076 manda-

445 1105 548 1172 tis;
585 1106 747 1178 idque
796 1110 1048 1179 pluribus
1093 1113 1291 1179 modis,
1339 1129 1487 1170 nunc
1535 1113 2012 1172 circumcisionem

447 1197 734 1265 perferens
768 1217 889 1256 eam
938 1219 1059 1273 quae
1104 1213 1189 1259 est
1234 1205 1534 1261 secundum
1588 1221 1828 1270 carnem,
1865 1220 2014 1260 nunc

447 1287 769 1346 didrachma
797 1293 1048 1361 solvens;
1079 1303 1342 1366 praeterea
1379 1310 1518 1364 cum.
1550 1295 1618 1350 iis
1651 1295 1745 1365 qui
1771 1295 1873 1350 sub
1893 1295 2013 1366 lege

447 1390 622 1445 erant,
654 1390 908 1454 tanquam
938 1385 1039 1439 sub
1077 1385 1195 1457 lege
1241 1394 1405 1452 esset,
1441 1400 1499 1441 se
1531 1401 1916 1450 annumerans,
1954 1393 2011 1440 et

447 1474 788 1541 apertissime
817 1475 1044 1531 dicens:
1087 1496 1105 1527 ‹
1144 1477 1264 1532 Non
1300 1479 1423 1534 veni
1446 1478 1656 1533 solvere
1693 1478 1888 1549 legem,
1919 1477 2016 1533 sed

447 1561 821 1634 adimplere“.
858 1585 877 1617 ι
923 1566 1147 1634 Verum,
1198 1569 1302 1623 etsi
1359 1568 1561 1627 factum
1605 1577 1688 1624 est
1740 1569 1843 1623 sub
1897 1568 2016 1642 lege

447 1661 670 1724 propter
702 1656 998 1714 humanam
1057 1669 1333 1727 naturam,
1387 1669 1570 1718 tamen
1618 1672 1732 1740 tum
1794 1677 2012 1740 quoque

2107 472 2261 537 νοῦς;
2290 472 2508 545 συνίημι
2534 473 2641 546 γὰρ
2671 473 2733 527 οὐ
2761 472 2986 542 σφόδρα.

2173 564 2339 619 ΚΥΡ.
2379 565 2491 618 Καὶ
2537 563 2664 635 μὴν,
2705 564 2780 628 ὡς
2817 558 3054 636 ἐγῷμαι,
3097 562 3330 636 χαλεπὸν
3374 562 3525 616 οὐδὲν
3561 563 3675 625 τοῖς

2107 653 2380 717 ἐθέλουσιν
2430 655 2594 709 ἰδεῖν
2637 657 3102 727 προσταττόμενον
3138 654 3247 726 γὰρ
3285 654 3389 708 ὑπὸ
3429 654 3674 717 Μωσέως

2109 749 2368 820 ἐννοήσας
2417 747 2644 818 Ἰησοῦν,
2679 748 2734 802 τί
2771 748 2836 803 ἂν
2873 748 3060 818 ἕτερον
3085 747 3422 816 ὕποτοπήσαι
3456 761 3540 807 τις
3572 744 3672 807 ἂν,

2109 841 2143 911 ἢ
2183 841 2359 894 ἐκεῖνό
2391 857 2493 894 που
2521 840 2756 905 πάνιαυς,
2785 841 2867 894 ὅτι
2904 840 3035 903 Θεὸς
3063 837 3140 892 ὢν
3175 839 3205 891 6
3233 837 3424 906 Λόγος,
3457 833 3675 904 γέγονεν

2109 913 2222 984 ὑπὸτ
2240 931 2426 999 νόμον,
2451 931 2592 988 κατά
2616 947 2679 999 γε
2697 930 2758 983 τὺ
2780 933 2878 1002 τῆς
2905 929 3321 1002 ἀνθρωπότητος
3345 929 3549 998 σχῆμα,
3583 926 3679 980 καί¹

2111 1020 2386 1094 ὑπετάχθη
2431 1021 2628 1092 τρόπον
2691 1020 2811 1076 τινὰ
2856 1023 2978 1083 ταῖς
3017 1020 3107 1074 διὰ
3150 1019 3391 1082 Μωσέως
3437 1018 3680 1082 ἐντολαῖς

2112 1111 2255 1166 κατὰ
2286 1111 2586 1184 ’διαφόρους
2631 1113 2865 1184 τρόπους
2894 1153 2908 1173 ,
2963 1105 3064 1166 ὦδε
3107 1111 3206 1182 μὲν
3255 1111 3540 1182 ὑπομένων
3583 1111 3682 1181 τὴν

2111 1201 2254 1254 κατὰ
2289 1201 2466 1270 σάρκα
2515 1202 2837 1272 περιτομὴν,
2866 1193 2968 1254 ὦδε
2995 1200 3053 1253 δὲ
3082 1200 3150 1254 τὰ
3189 1199 3460 1270 δίδραχμα
3487 1198 3678 1262 τελῶν,

2115 1291 2209 1342 καὶ
2236 1292 2346 1354 τοῖς
2379 1290 2484 1344 ὑπὸ
2513 1291 2676 1363 νόμον
2708 1291 2783 1354 ὡς
2831 1290 2935 1344 ὑπὸ
2958 1289 3122 1360 νόμον
3154 1286 3680 1357 συγκαθιστάμενος,

2112 1377 2286 1448 λέγων
2314 1397 2374 1432 τε
2405 1379 2587 1449 σαφῶς
2609 1396 2623 1410 ο
2656 1397 2674 1431 ι
2709 1380 2824 1433 Οὐκ
2845 1375 3006 1451 ἦλθον
3046 1374 3344 1436 καταλῦσαι
3371 1377 3461 1430 τὸν
3496 1375 3681 1444 νόμον,

2114 1470 2251 1526 ἀλλὰ
2278 1469 2582 1542 πληρῶσαι.
2613 1489 2632 1522 ι
2677 1470 2815 1523 Ἀλλ’
2837 1471 2888 1522 εί
2917 1469 3010 1524 κα)⁹
3033 1467 3256 1537 γέγονεν
3285 1467 3390 1526 ὑπὸ
3411 1467 3572 1536 νόμον
3594 1463 3685 1518 διὰ

2116 1563 2175 1616 τὸ
2215 1562 2581 1635 ἀνθρώπινον,
2637 1563 2748 1616 ἀλλ’
2789 1558 2859 1633 ἦν
2897 1562 2990 1626 καὶ
3026 1560 3167 1614 οὕτω
3196 1559 3328 1622 Θεός
3353 1599 3366 1620 ,
3397 1557 3586 1628 Σωτήρ
3623 1572 3683 1608 τε

2116 1654 2210 1708 καὶ
2243 1652 2541 1725 Λυτρωτὴς
2576 1653 2774 1720 παντὸς
2799 1652 2892 1708 τοῦ
2928 1650 3081 1706 λαοῦ.
3126 1648 3544 1719 Ἐπιλεξάμενος
3573 1647 3685 1718 γὰρ

447 1743 592 1800 Deus
621 1753 768 1812 erat,
785 1748 1128 1821 saivatorque
1158 1768 1221 1814 ac
1266 1753 1579 1825 redemptor
1619 1731 1859 1810 universi
1911 1731 2011 1824 po-

2130 1759 2177 1796 ;κ
2212 1740 2410 1806 παντὸς
2445 1741 2540 1795 τοῦ
2573 1739 2703 1794 λαοῦ
2740 1740 2950 1812 Ἰσραὴλ
2972 1782 2987 1807 ,
3027 1741 3122 1794 καὶ
3159 1741 3225 1792 ἐκ
3256 1736 3454 1801 παντὸς
3499 1736 3687 1800 ἔθνους

449 1835 585 1903 puli.
613 1835 748 1891 Nam
780 1853 905 1898 cum
955 1856 1023 1896 ex
1065 1841 1322 1898 universo
1369 1844 1570 1914 populo
1605 1843 1792 1908 Israel,
1834 1851 1890 1898 et
1947 1858 2015 1896 ex

449 1923 599 1978 omni
631 1933 792 1996 gente
828 1927 978 1983 viros
1030 1936 1280 1999 potentes
1320 1929 1590 2000 elegisset,
1639 1938 1875 1994 sanctos,
1928 1927 2015 1982 in-

450 2029 633 2083 quam,
666 2017 957 2093 apostolos,
987 2028 1042 2074 et
1067 2035 1162 2076 eos
1201 2020 1291 2091 qui
1328 2037 1422 2092 per
1448 2019 1610 2074 ﬁdem
1649 2017 1825 2074 vocati
1868 2025 2014 2082 sunt,

449 2103 562 2174 89
588 2105 789 2174 quibus
817 2115 963 2161 recte
1003 2107 1111 2164 dici
1165 2107 1337 2178 possit
1371 2125 1382 2161 :
1411 2126 1429 2159 ‹
1479 2107 1588 2162 Vos
1625 2114 1806 2161 autem
1848 2119 2019 2176 genus

449 2195 706 2263 electum,
738 2199 920 2269 regale
961 2199 1326 2257 sacerdotium
1347 2241 1360 2264 ,
1387 2215 1520 2271 gens
1547 2207 1754 2263 sancta,
1783 2194 2019 2267 populus

451 2291 908 2360 acquisitionis",
939 2312 956 2344 ι
1005 2309 1110 2348 una
1151 2309 1274 2348 cum
1297 2294 1384 2349 his
1418 2307 1744 2364 congressus
1773 2300 1855 2345 est
1893 2305 2019 2344 cum

451 2382 617 2454 hujus
655 2383 845 2438 mundi
877 2385 1166 2455 principe;
1208 2386 1276 2440 de
1308 2401 1418 2454 quo
1451 2385 1527 2446 ait
1562 2384 1807 2438 omnium
1831 2381 2020 2443 Domi-

449 2488 558 2527 nus
595 2472 686 2527 ille
732 2472 849 2544 ipse
892 2475 985 2545 qui
1025 2474 1208 2529 omnia
1253 2474 1460 2530 vincit:
1502 2492 1520 2523 ι
1555 2473 1714 2526 Nunc
1752 2471 2019 2542 judicium

451 2573 536 2618 est
561 2565 745 2619 saeculi
771 2565 954 2635 hujus,
979 2581 1127 2621 nunc
1152 2566 1406 2636 princeps
1447 2564 1637 2619 mundi
1663 2564 1823 2634 hujus
1841 2563 2023 2633 ejicie-

453 2661 544 2708 tur
569 2653 717 2709 foras
735 2656 799 2708 ³⁸.
819 2675 837 2706 ι
881 2655 1056 2711 Donat
1089 2656 1254 2711 etiam
1287 2671 1486 2711 corona
1515 2653 1734 2709 divinus
1757 2653 1841 2710 vir
1863 2654 2025 2710 Joan-

453 2760 553 2800 nes
580 2747 841 2817 praaclaro
870 2746 963 2802 illo
1000 2762 1101 2802 suo
1127 2747 1386 2818 suffragio
1413 2760 1508 2802 eos
1530 2746 1624 2816 qui
1651 2760 1776 2801 cum
1807 2745 1926 2814 ipso
1968 2751 2024 2799 et

454 2852 555 2907 per
586 2838 764 2908 ipsum
796 2839 1067 2905 vicerunt,
1115 2858 1132 2891 ι
1165 2839 1379 2904 Scribo,
1412 2859 1430 2891 ι
1465 2837 1718 2908 inquiens
1740 2879 1754 2903 ,
1796 2857 1814 2888 ε
1842 2836 2018 2902 vobis,

455 2930 700 2999 juvenes,
732 2931 879 3002 quod
904 2931 1072 2988 fortes
1099 2931 1250 2997 estis,
1276 2940 1332 2986 et
1359 2931 1569 2986 vicistis
1594 2930 1887 3002 malignum
1901 2929 1967 2982 δν.
1997 2948 2015 2980 ι

455 3020 652 3077 Annon
673 3039 863 3078 verum
887 3033 970 3080 est
998 3023 1144 3094 quod
1181 3023 1344 3079 dico?

525 3111 722 3168 PALL.
752 3115 982 3171 Maxime
1012 3131 1164 3171 vero.

528 3205 686 3261 CYR.
717 3204 970 3263 Crastino
992 3215 1174 3264 autem
1197 3209 1283 3264 die
1308 3224 1431 3264 cum
1478 3209 1634 3265 hoste
1666 3204 2025 3279 congredien-

459 3298 589 3353 dum
615 3314 734 3353 esse
765 3299 903 3355 dixit
930 3301 1140 3372 Moyses
1157 3301 1202 3333 9°
1227 3319 1239 3354 :
1278 3317 1456 3372 neque
1480 3301 1627 3357 enim
1660 3301 1779 3372 ejus
1823 3310 2031 3368 tempo-

461 3390 610 3444 ribus
631 3387 836 3444 Christi
866 3391 1126 3461 praeclara
1152 3399 1299 3462 gesta
1334 3391 1706 3462 contigerunt,
1749 3388 1844 3444 sed
1889 3396 2032 3441 tem-

457 3494 590 3549 pore
618 3483 975 3551 consequenti
1005 3495 1069 3537 ac
1094 3481 1364 3552 proximo,
1393 3481 1450 3535 id
1477 3488 1582 3546 est,
1630 3488 1756 3552 post
1788 3479 2029 3550 Moysen,

459 3583 620 3643 atque
660 3581 782 3643 post
824 3574 1001 3643 legem
1051 3573 1292 3643 perfecta
1340 3581 1488 3627 sunt.
1531 3573 1671 3647 Tum
1731 3573 1786 3626 in
1839 3571 2031 3626 collem

459 3663 771 3732 quemdam,
801 3678 864 3717 ac
910 3663 1174 3718 verticem
1219 3664 1418 3718 tumuli
1464 3664 1748 3735 cujusdam
1791 3662 2036 3717 ascendit

461 3755 693 3823 Moyses,
721 3759 783 3805 ut
810 3751 936 3804 inde
963 3765 1202 3820 pugnam
1223 3757 1387 3819 atque
1419 3750 1594 3821 ipsius
1628 3751 1794 3806 Josue
1835 3750 1891 3807 in
1929 3766 2033 3820 pu-

462 3843 677 3913 gnando
701 3841 877 3897 felicia
907 3852 1054 3912 gesta
1079 3850 1367 3912 spectaret.
1402 3843 1620 3897 Attollit
1651 3843 1798 3898 enim
1823 3844 2036 3898 modice

464 3935 554 3990 illa
600 3946 819 4003 quoque
852 3933 989 4004 legis
1025 3933 1336 4004 disciplina,
1372 3950 1544 4005 usque
1575 3951 1641 3989 eo
1674 3942 1735 3989 ut
1764 3935 2036 4004 possimus

464 4035 723 4096 tanquam
749 4025 964 4080 eminus
992 4025 1370 4096 imperatorias
1408 4025 1612 4081 Christi
1656 4027 1903 4082 actiones
1945 4043 2035 4082 as-

461 4117 663 4190 picere.
686 4117 913 4182 Deinde,
943 4118 1224 4172 attollente
1246 4133 1439 4172 manus
1458 4117 1656 4189 Moyse,
1694 4117 1886 4172 fortior
1918 4127 2038 4173 erat

463 4210 654 4277 Israel;
672 4209 1307 4281 remittente,languebat
1324 4217 1378 4264 et
1399 4209 1768 4264 invalescebat
1781 4210 1999 4264 Amalec
2019 4226 2032 4262 :

463 4308 641 4373 neque
659 4303 804 4357 enim
823 4319 853 4358 a
869 4302 1292 4371 diabolo,neque
1304 4316 1335 4354 a
1349 4301 1542 4370 quovis
1557 4301 1821 4355 aliohoste
1841 4315 2034 4371 quam-

464 4395 546 4449 vis
577 4396 921 4466 expugnandi
952 4394 1309 4465 cupidissimo
1330 4393 1476 4448 vinci
1502 4393 1615 4447 ullo
1659 4393 1820 4447 modo
1858 4399 2037 4462 potest

2052 3144 2100 3206 C

2114 1832 2311 1903 ἄνδρας
2335 1832 2616 1899 δυνατοὺς,
2644 1833 2786 1903 φημὶ
2819 1832 2877 1886 δὲ
2909 1833 2974 1904 δὴ
2997 1831 3156 1886 πάλιν
3173 1831 3298 1894 τοὺς
3318 1830 3509 1898 ἁγίους
3545 1829 3684 1881 ἁπο-

2117 1925 2334 1990 στόλους
2388 1926 2483 1980 καὶ
2514 1927 2640 1990 τοὺς
2685 1925 2774 1980 διὰ
2819 1926 3052 1990 πίστεως
3084 1923 3474 1994 κεκλημένους,
3509 1915 3592 1984 οἷς
3617 1920 3684 1975 ἂν

2115 2017 2323 2088 λέγοιτο
2345 2019 2544 2085 καλῶς·
2583 2037 2602 2072 ι
2653 2019 2840 2090 Ὑμεῖς
2861 2017 2919 2073 δὲ
2937 2018 3092 2087 γένος
3111 2016 3386 2081 ἐκλεκτὸν,
3415 2013 3686 2085 βασίλειον

2121 2111 2451 2182 ἱεράτευμα,
2493 2111 2646 2178 ἔθνος
2699 2112 2884 2182 ἅγιον,
2933 2109 3059 2173 λαὸς
3110 2108 3189 2172 είς
3245 2105 3612 2177 περιποίησιν.
3658 2123 3680 2156 ι

2119 2202 2472 2274 Παρετάξατο
2488 2205 2583 2258 σὺν
2605 2205 2788 2267 αὐτοῖς
2801 2203 2880 2273 τῷ
2893 2201 3112 2272 ἄρχοντι
3129 2198 3222 2253 τοῦ
3243 2197 3436 2260 αἰῶνος
3457 2197 3645 2249 τούτου
3667 2209 3682 2225 ο

2120 2297 2248 2367 περὶ
2276 2289 2336 2350 οῦ
2377 2314 2540 2367 φησιν
2589 2297 2618 2348 6
2657 2295 2877 2350 πάντων
2919 2292 3185 2360 δεσπότης
3206 2330 3221 2355 ,
3257 2288 3417 2351 αὐτὸς
3445 2289 3472 2341 ὁ
3505 2286 3688 2339 πάντα

2120 2386 2283 2441 νικῶν
2317 2403 2332 2417 ⁸
2366 2406 2385 2440 ι
2419 2375 2534 2442 Νῦν
2578 2387 2762 2459 κρίσις
2793 2387 2912 2440 ἐστὶ
2936 2385 3032 2438 τοῦ
3070 2383 3265 2448 αἰῶνος
3290 2381 3500 2446 τούτου,
3528 2379 3625 2433 νῦν
3658 2379 3687 2432 6

2121 2479 2303 2552 ἄρχων
2336 2479 2430 2533 τοῦ
2457 2480 2653 2544 αἰῶνος
2685 2479 2875 2540 τούτου
2907 2477 3305 2548 ἐκϐληθήσεται
3325 2473 3459 2540 «ἔξω.
3507 2490 3526 2523 ι
3559 2472 3689 2523 Στε-

2122 2572 2282 2638 φανοῖ
2308 2571 2364 2624 δὲ
2378 2569 2544 2642 ψήφῳ
2572 2572 2799 2642 λαμπρᾷ
2827 2570 2921 2624 καὶ
2945 2553 3070 2633 τοὺς
3099 2570 3194 2620 σὺν
3229 2564 3377 2636 αὑτῷ
3404 2581 3463 2617 τε
3494 2562 3589 2616 καὶ¹
3619 2561 3687 2614 δι’

2123 2660 2286 2715 αὐτοῦ
2337 2661 2664 2732 νικήσαντας
2709 2663 2737 2714 ὁ
2775 2660 3058 2724 θεσπέσιος
3102 2657 3373 2727 Ἰωάννης·
3420 2673 3440 2706 ‹
3487 2654 3690 2724 Γράφω

2125 2753 2272 2824 ὑμῖν,
2303 2770 2324 2810 ι
2356 2752 2510 2823 φησὶ,
2548 2750 2876 2817 «νεανίσκοι,
2900 2751 2982 2804 ὅτι
3018 2747 3224 2820 ἰσχυροί
3256 2747 3400 2811 ἐστε,
3430 2744 3526 2798 καὶ
3547 2759 3690 2798 νενι-

2124 2849 2332 2920 κήκατε
2353 2847 2442 2902 τὸν
2462 2845 2724 2919 Πονηρόν.
2766 2863 2785 2898 ι
2813 2844 2885 2897 Ἤ
2919 2842 3019 2896 οὐκ
3050 2838 3246 2910 ἀληθὲς
3270 2837 3298 2890 ὅ
3325 2852 3494 2908 (prun;

2198 3095 2406 3152 IIAAA.
2444 3093 2556 3146 Καὶ
2591 3091 2753 3162 μάλα.

2197 3190 2363 3254 ΚΥΡ.
2414 3187 2524 3248 Καὶ
2573 3187 2653 3248 εἰς
2692 3181 2880 3253 αὔριον
2919 3179 3016 3250 μὲν
3050 3177 3150 3247 τὴν
3185 3171 3488 3247 παράταξιν
3518 3170 3700 3224 ἐπιτε-

2129 3281 2336 3337 λεῖσθαι
2373 3280 2482 3333 δεῖν
2519 3277 2622 3346 ἔφη
2655 3273 2889 3343 Μωσῆς·
2915 3271 2974 3323 οὐ
3015 3269 3121 3340 γὰρ
3142 3269 3199 3320 ἐν
3245 3265 3420 3338 χρόνῳ
3464 3261 3540 3332 τῷ
3572 3260 3700 3322 κατ’

2129 3371 2289 3426 αὐτὸν
2335 3368 2404 3422 τὰ
2428 3363 2665 3440 Χριστοῦ
2691 3364 2900 3433 πέφηνε
2927 3355 3324 3430 κατορθώματα
3343 3371 3356 3384 ·
3385 3352 3702 3422 πέπρακται

2130 3463 2187 3516 δὲ
2231 3460 2431 3532 μᾶλλον
2465 3461 2523 3512 ἐν
2548 3455 2626 3527 τῷ
2663 3454 2792 3523 ἑξῆς
2823 3453 2914 3505 καὶ
2945 3449 3168 3519 γείτονι,
3206 3444 3351 3499 τοῦτ’
3387 3444 3523 3506 ἐστι,
3557 3440 3706 3532 κατα

2131 3529 2336 3607 Μωσέα
2381 3551 2476 3602 καὶ
2511 3546 2696 3617 νόμον.
2732 3539 2866 3597 Εῐτα
2899 3539 3033 3611 πρός
3061 3554 3183 3591 τινα
3229 3535 3413 3607 βουνὸν
3472 3533 3566 3586 καὶ
3609 3529 3710 3584 ἐπὶ

2133 3641 2378 3715 κορυφὴν
2407 3639 2581 3695 ἄνεισι
2608 3635 2845 3707 γηλόφου
2870 3630 3096 3700 Μωσῆς,
3136 3629 3212 3692 ὡς
3241 3626 3306 3680 ἂν
3329 3624 3543 3715 δύναιτο
3570 3639 3711 3715 acac:

2133 3711 2345 3806 aO-peivi
2371 3731 2471 3803 τὴν
2501 3730 2678 3801 μάχην
2703 3723 2798 3780 καὶ
2821 3723 2888 3777 τὰ
2909 3723 2966 3776 ἐν
2997 3722 3132 3790 αὐτῇ
3159 3717 3251 3771 τοῦ
3275 3716 3490 3770 πάντων
3526 3711 3711 3806 Ἰησοῦ

2135 3804 2551 3899 κατορθώματα.
2604 3815 2946 3879 Ἀναόιϐἀζει
2997 3812 3107 3882 γὰρ
3155 3808 3486 3899 συμμέτρως
3534 3805 3641 3899 καλ1
3675 3804 3712 3872 ἡ

2135 3893 2285 3975 κατὰ.
2307 3893 2470 3988 νόμον
2519 3907 2874 3984 μυσταγωγία
2921 3903 3057 3975 πρὸς
3105 3900 3166 3953 τὸ
3211 3897 3378 3951 οἱονεὶ
3429 3893 3714 3988 μακρόθεν

2134 3987 2655 4073 δύνασθαικαθορᾷν
2688 3997 2757 4052 τὰ
2798 3989 3038 4066 Χριστοῦ
3086 3988 3540 4060 στρατηγήματα.
3598 3987 3718 4040 Καὶ

2135 4098 2504 4157 ἀνατείνοντος
2560 4092 2658 4162 μὲν
2712 4087 2960 4151 Μωσέως
3007 4084 3106 4148 τὰς
3154 4083 3362 4154 χεῖρας,
3412 4078 3720 4156 κατίσχυεν

2149 4187 2382 4260 Ἰσραήλ’
2404 4183 2685 4244 καθιέντος
2702 4180 2779 4245 δέ,
2797 4175 3138 4250 ὴσθένει,καὶ
3157 4172 3416 4242 κατίσχυε
3431 4169 3713 4240 Ἀμαλήκ-

2136 4281 2406 4342 ἀνάλωτος
2439 4275 2547 4348 γὰρ
2569 4272 2715 4344 αὑτῷ
2727 4289 2787 4324 τε
2811 4269 2888 4340 τῷ
2911 4270 2939 4322 δ
2953 4268 3152 4340 ιαόόλῳ
3180 4264 3273 4318 καὶ
3294 4263 3458 4318 παντὶ
3484 4261 3716 4331 γέγονεν

2137 4369 2338 4442 ἐχθρῷ,
2370 4367 2464 4422 καὶ
2489 4364 2794 4435 καταδῃοῦν
2832 4361 3070 4416 ἐθέλοντι
3101 4355 3335 4428 πικρῶς,
3363 4353 3483 4423 οὐχ).
3509 4351 3569 4422 δή
3603 4368 3715 4403 που

477 4444 545 4449 -__
582 4444 920 4466 ---ροηωψ
956 4444 1301 4465 ,Ἶψηῄη
1513 4444 1606 4447 η--
1859 4444 2007 4462 rm,

465 4502 578 4541 non
618 4487 782 4541 modo
811 4487 1104 4542 universus
1132 4488 1320 4551 Israel,
1351 4486 1445 4544 sed
1474 4486 1787 4555 quicunque
1819 4484 2028 4540 Christo

2141 4465 2246 4526 πᾶς
2288 4459 2526 4533 Ἰσραὴλ,
2557 4457 2673 4512 ἀλλ’
2724 4457 2837 4508 ὅσοι
2868 4453 2966 4525 τὴν
3012 4451 3150 4523 πρὸς
3199 4447 3434 4520 Χριστδν
3479 4444 3716 4555 τετιμή-

466 4578 776 4635 cont‘ormes
815 4594 935 4633 esse
971 4579 1291 4648 praeclarum
1325 4575 1634 4642 duxerunt,
1675 4577 1795 4646 ejus
1840 4588 2040 4643 oppro-

465 4670 671 4732 brium,
691 4668 747 4723 id
763 4677 866 4732 est,
887 4659 1107 4722 crucem
1127 4666 1276 4720 illius
1289 4666 1656 4720 venerandam
1674 4663 1999 4734 perferendo
2023 4679 2036 4715 :

465 4775 660 4817 manus
675 4759 822 4814 enim
842 4759 899 4812 in
915 4772 1098 4812 aerem
1115 4764 1346 4811 extentae
1365 4757 1544 4810 crucis
1565 4755 1801 4826 speciem
1823 4768 1933 4807 non
1945 4751 2043 4806 ob-

465 4870 627 4909 scure
659 4851 998 4907 describunt.
1041 4847 1332 4911 Caeterum,
1368 4848 1681 4918 quicunque
1724 4862 1834 4901 non
1881 4860 2041 4899 acce-

467 4952 669 5015 perunt
696 4955 938 5005 crucem,
965 4939 1024 5005 ii,
1061 4939 1206 5009 quod
1253 4939 1358 4994 hoc
1391 4939 1715 4994 auxiliatore
1762 4943 2036 4998 carerent,

467 5034 713 5090 hostium
742 5029 1150 5085 incursionibus
1170 5038 1484 5100 patuerunt.
1510 5026 1665 5094 Quod
1698 5025 1879 5094 itaque
1922 5039 2040 5078 ma—

469 5140 576 5180 nus
594 5122 838 5178 extendit
877 5123 1103 5194 Moyses,
1131 5123 1312 5177 crucis
1347 5121 1584 5190 speciem
1628 5115 1942 5178 ostendens,
1987 5122 2042 5166 et

470 5215 691 5272 Amalec
749 5214 1060 5270 debilitatus
1105 5213 1287 5278 cadit,
1333 5227 1398 5266 ea
1458 5225 1566 5273 res,
1604 5214 1666 5260 ut
1697 5205 1912 5274 opinor,
1948 5219 2043 5258 eos

472 5323 697 5379 prorsus
729 5306 996 5379 signiﬁcat
1031 5305 1124 5376 qui
1165 5316 1263 5375 per
1307 5303 1453 5356 illam
1487 5313 1707 5352 crucem
1769 5310 2042 5349 veneran-

473 5400 596 5453 dam
627 5398 880 5454 Satanam
927 5399 1178 5460 vincunt,
1206 5403 1262 5448 et
1304 5391 1566 5454 adversus
1604 5389 1791 5444 hostes
1834 5387 2041 5442 invale-

474 5497 652 5545 scunt.
676 5490 746 5544 At
770 5505 895 5544 cum
921 5486 1175 5541 eumdem
1196 5493 1389 5536 manus
1417 5477 1787 5533 remittentem
1814 5490 2042 5544 aspexe—

476 5581 668 5645 rimus,
702 5589 865 5650 atquc
893 5576 1114 5631 Amalec
1141 5585 1335 5626 rursus
1361 5569 1805 5633 invalescentem,
1834 5580 1928 5621 cos
1953 5579 2045 5620 co-

545 5698 590 5732 “
643 5693 828 5751 Matth.
872 5707 924 5754 v,
966 5687 1048 5742 Π.
1127 5685 1169 5715 ⁸⁷
1205 5683 1228 5739 Ι
1275 5685 1421 5740 Pctr.
1450 5699 1506 5749 ιι,
1549 5682 1600 5738 9.
1647 5683 1692 5716 ⁸⁸
1729 5681 1884 5737 Joan.
1929 5694 2021 5742 xu,
2071 5676 2158 5730 5i.

2140 4573 2267 4610 κασι
2303 4551 2672 4623 συμμορφίαν,
2726 4547 2813 4600 διὰ
2857 4545 2949 4598 τοῦ
2999 4543 3224 4615 φορέσαι
3257 4539 3347 4593 τὸν
3406 4535 3718 4604 ὀνειδισμὸν

2139 4645 2323 4711 αὐτοῦ,
2380 4643 2527 4697 τοῦτ’
2557 4644 2689 4707 ἔστι,
2729 4641 2818 4691 τὸν
2852 4636 3032 4707 τίμιον
3065 4632 3327 4703 σταυρόν·
3380 4631 3557 4700 χεῖρες
3600 4626 3718 4694 γὰρ

2141 4738 2413 4806 ἀποτάδην
2426 4737 2505 4798 εἰς
2535 4734 2673 4803 ἀέρα
2688 4727 3055 4800 δεικνύμεναι,
3074 4725 3135 4777 τὸ
3162 4722 3254 4778 τοῦ
3278 4718 3505 4791 σταυροῦ
3525 4715 3720 4786 σχῆμα

2141 4831 2439 4902 γράφουσιν
2467 4822 2731 4896 ἐναργῶς.
2769 4821 2921 4873 Ὅσοι
2944 4835 3006 4887 γε
3034 4815 3138 4888 μὴν
3166 4815 3228 4867 οὐ
3251 4811 3593 4902 προσήκαντο
3621 4807 3720 4902 τδν

2147 4899 2401 4992 σταυρὸν,
2432 4915 2829 4985 εὐκατὰδρομοι
2887 4911 3147 4980 γεγόνασι
3189 4907 3303 4967 τοῖς
3344 4901 3576 4992 ἐχθροῖς,
3613 4899 3720 4992 οῦκ

2146 4988 2362 5083 ἔχοντες
2397 5009 2488 5063 τὸν
2520 5007 2825 5076 ἐπαρωγόν.
2870 5004 3040 5056 Ὅταν
3087 4996 3179 5052 οῦν
3215 4999 3346 5068 ἡμῖν
3374 4988 3722 5083 ἐκτείνῃᾼτὰς

2146 5079 2335 5176 χεῖρας
2377 5101 2603 5169 Μωσῆς,
2655 5097 2714 5150 τὸ
2769 5093 2863 5148 τοῦ
2912 5089 3144 5162 σταυροῦ
3195 5089 3381 5160 σχῆμα
3433 5079 3721 5176 δεικνύων,

2149 5171 2336 5248 πίπτει
2385 5193 2441 5244 δὲ
2479 5191 2748 5260 ἀτονήσας
2788 5187 2816 5238 ὁ
2855 5183 3118 5256 Ἀμαλὴκ,
3157 5179 3410 5250 σημαίνει
3446 5190 3548 5227 που
3583 5171 3708 5225 πάν

2148 5303 2254 5349 τως
2286 5284 2347 5337 τὸ
2382 5283 2565 5352 σχῆμα
2592 5283 2721 5350 ἡμῖν
2761 5279 2885 5340 τοὺς
2930 5273 3017 5328 διὰ
3043 5271 3137 5326 τοῦ
3165 5270 3347 5342 τιμίου
3379 5261 3612 5334 σταυροῦ
3643 5278 3720 5314 νιν

2151 5378 2364 5437 xtl-vra;
2389 5373 2479 5426 τὸν
2509 5372 2772 5433 Σατανᾶν,
2801 5369 2895 5421 καὶ
2930 5364 3319 5434 κατισχύοντας
3349 5358 3455 5412 τῶν
3483 5353 3701 5425 ἐχθρῶν

2153 5471 2320 5523 Ὅταν
2344 5467 2401 5518 δὲ
2431 5463 2685 5517 καθιέντα
2723 5461 2818 5522 τὰς
2848 5460 3036 5528 χεῖρας
3080 5454 3380 5525 βλέπωμεν,
3427 5443 3545 5500 εἶτα
3583 5461 3707 5497 κατ-

2152 5561 2405 5632 ισχύοντα
2428 5556 2517 5609 τὸν
2551 5554 2818 5624 Ἀμαλὴκ,
2848 5552 2974 5612 τοὺς
3009 5547 3114 5601 ὑπὸ
3135 5545 3210 5615 τῷ
3231 5542 3461 5610 διαϐόλῳ
3495 5552 3711 5607 γεγενη-

2263 5674 2306 5706 ⁸⁹
2355 5669 2560 5727 lJoan.
2604 5683 2661 5735 ιι,
2700 5665 2783 5720 l-I.
2852 5664 2896 5697 9°
2921 5661 3103 5736 Exod.
3147 5675 3274 5725 xvu,
3306 5657 3361 5724 9,
3397 5654 3477 5711 I0.
