3968 6300
241 207 359 292 επ

1002 231 1091 287 DE
1127 229 1568 288 ADORATIONE
1601 232 1667 286 IN
1706 229 1974 288 SPIRITU
2016 231 2104 286 ET
2144 229 2512 287 VERITATE.
2555 229 2681 285 LIB.
2724 228 2812 283 III".

3403 226 3507 280 278

262 352 458 422 μένους
490 348 584 403 καὶ
616 347 1002 417 νενικημένους
1040 347 1390 420 ἑννοήσομεν,
1417 347 1504 402 διὰ
1527 347 1591 402 τὸ
1624 348 1700 421 μὴ
1727 348 1833 402 δεῖν

1938 348 2232 420 gitabimus
2271 348 2388 418 qui,
2420 345 2566 416 quod
2597 361 2818 401 crucem
2849 346 3095 416 accipere
3123 344 3445 411 noluissent,
3477 365 3506 402 ιι

261 440 470 495 ἐθέλειν
497 437 880 512 προσήκασθαι
910 437 1003 492 τὸν
1033 439 1286 510 σταυρὸν,
1313 432 1397 504 οἷς
1423 440 1518 493 καὶ
1543 440 1571 492 6
1603 441 1834 512 Χριστὸς

262 531 600 604 προσεφώνει
631 530 835 600 λέγων·
868 549 887 584 ι
937 530 1130 603 Ἀμὴν,
1166 532 1314 603 ἀμὴν
1365 531 1509 603 λέγω
1546 533 1696 604 ὑμῖν,
1740 535 1835 590 ἐὰν

261 626 335 698 μὴ
363 624 720 694 πιστεύσητε,
741 625 823 678 ὅτι
839 622 952 692 ἐγώ
984 624 1121 693 είμι,
1151 625 1209 678 ὲν
1224 625 1343 688 ταῖς
1363 624 1660 698 ἁμαρτίαις
1681 625 1834 696 ὑμῶν

258 716 640 772 ἀποθανεῖσθε.
697 734 717 768 ι
755 716 989 788 Βαρείας
1033 716 1091 770 δὲ
1135 713 1277 770 εἶναί
1310 733 1442 788 φησι
1496 718 1598 780 τὰς
1647 721 1835 790 χεῖρας

257 812 528 876 Μωσέως,
561 809 656 864 καὶ
692 808 844 880 μόλις
893 807 1282 880 ἐπαιρομένας,
1330 809 1579 882 ὀκνηρῶς
1612 827 1672 864 τε
1715 809 1835 866 λίαν

256 903 663 974 ἑκτεινομένας,
699 904 781 966 εἰς
823 901 886 955 τὸ
914 901 1227 966 καταδεῖξαι
1253 902 1364 956 δεῖν
1389 903 1451 957 τὸ
1477 902 1572 957 τοῦ
1601 903 1833 975 σταυροῦ

256 997 437 1067 τίμιον
470 996 676 1066 σχῆμα,
699 995 876 1049 έκεῖνο
899 989 1053 1065 οἶμαί
1084 1012 1185 1048 που
1209 994 1386 1068 δηλῶν
1400 996 1832 1067 αἰνιγματωδῶς,

255 1085 332 1150 ὡς
363 1087 427 1140 οὐ
482 1086 604 1141 λίαν
665 1085 883 1155 ἕτοιμος
925 1079 996 1155 ἦν
1057 1085 1140 1148 είς
1180 1085 1242 1138 τὸ
1282 1086 1681 1157 παραδέχεσθαι
1736 1085 1835 1158 τὴν

257 1179 445 1233 πίστιν
477 1181 506 1234 6
549 1177 786 1249 Ἰσραὴλ,
812 1177 1178 1234 δυσοκνότατά
1202 1195 1261 1236 τε
1294 1181 1389 1233 καὶ
1422 1180 1576 1251 μόλις
1603 1181 1834 1252 ἐρχόμε-

258 1283 347 1330 νος
373 1269 457 1331 εῖς
501 1267 564 1321 τὸ
593 1267 769 1322 θέλειν
802 1267 1093 1324 ἀναλαϐεῖν
1120 1269 1211 1323 τὸν
1249 1270 1550 1342 ὀνειδισμὸν
1577 1271 1672 1325 τοῦ
1697 1273 1834 1344 Χρι-

257 1359 388 1413 στοῦ
409 1377 422 1390 ’
458 1359 760 1417 σκάνδαλον
788 1359 899 1431 γὰρ
934 1361 1208 1425 Ἰουδαίοις
1237 1362 1328 1418 διά
1353 1379 1436 1416 τοι
1467 1362 1627 1417 τοῦτο
1658 1363 1834 1428 καλῶς

259 1447 516 1518 ὀνομάζει
540 1449 632 1503 τὸν
663 1450 910 1522 σταυρὸν
934 1451 1028 1506 καὶ
1049 1452 1078 1504 6
1103 1450 1388 1516 Θεσπέσιος
1410 1452 1643 1517 Παῦλος.
1673 1473 1693 1506 ι
1723 1454 1835 1508 Καὶ

258 1537 534 1605 λαϐόντες,
558 1557 578 1592 ›
605 1540 760 1611 φησὶ,
805 1560 825 1592 ι
857 1539 1022 1607 λίθον,
1061 1541 1340 1613 ὑπέθηκαν
1394 1544 1488 1596 ὑπ’
1528 1544 1711 1609 αὑτὸν,
1741 1545 1835 1598 καὶ

258 1631 494 1703 ἐκάθητο
521 1630 788 1687 ὲπ⁹αὑτοῦ
804 1673 819 1698 ,
837 1634 932 1687 καὶ
960 1632 1170 1706 ’Δαρὼν
1193 1634 1286 1688 καὶ
1311 1636 1412 1705 ’Ὠρ
1430 1635 1716 1706 ὲστήριζον
1734 1635 1834 1700 τὰς

1935 439 2155 494 diabolo
2197 439 2439 508 superati
2480 446 2536 492 et
2577 435 2708 490 victi
2749 445 2896 502 sunt,
2932 452 3071 506 quos
3129 436 3510 507 alloquebatur

1933 534 2102 588 etiam
2137 530 2408 596 Christus,
2433 545 2558 585 cum
2581 529 2828 584 diceret:
2873 547 2891 579 ι
2947 528 3139 594 Amen,
3189 545 3345 584 amen
3385 530 3509 585 dico

1933 623 2110 689 vobis,
2141 623 2248 678 nisi
2283 621 2630 678 credideritis
2667 618 2814 690 quod
2856 634 2957 690 ego
2983 635 3124 684 sum,
3170 622 3226 676 in
3271 622 3510 691 peccatis

1935 715 2132 770 vestris
2157 712 2549 769 moriemini“.
2582 731 2602 764 ι
2639 712 2809 767 Porro
2842 725 3035 782 graves
3073 711 3150 764 ait
3187 728 3306 767 esse
3341 713 3510 785 Moysi

1934 823 2151 873 manus,
2178 817 2342 878 atque
2372 820 2513 877 egre
2555 804 2818 869 sublatas,
2850 811 3178 874 gravateque
3217 803 3510 859 admodum

1933 898 2004 953 ad
2043 898 2361 968 praeclaram
2405 895 2586 952 crucis
2625 893 2865 965 speciem
2894 891 3288 948 ostendendam
3318 902 3510 948 exten—

1937 989 2169 1061 tas,9o
2206 988 2360 1054 illud,
2395 997 2454 1043 ut
2505 986 2718 1057 opinor,
2768 985 2996 1056 ﬁgurate
3041 982 3373 1056 signiﬁcans,
3401 999 3511 1038 non

1935 1081 2067 1137 satis
2094 1089 2344 1152 paratum
2380 1080 2550 1135 fuisse
2591 1078 2754 1133 Israel
2796 1076 2864 1132 ad
2911 1075 3072 1131 ﬁdem
3115 1073 3510 1144 accipiendam,

1935 1187 1998 1228 ac
2025 1186 2137 1226 non
2164 1172 2283 1227 sine
2311 1169 2682 1235 cunctatione,
2709 1168 2910 1238 vixque
2941 1167 3011 1222 ad
3054 1165 3260 1222 Christi
3311 1180 3510 1235 oppro-

1941 1265 2125 1320 brium
2155 1263 2564 1334 suscipiendum
2599 1259 2950 1317 descendisse
2975 1276 2989 1325 ;
3018 1259 3089 1313 ob
3119 1273 3350 1328 eamque
3378 1273 3511 1312 cau-

1934 1371 2052 1412 sam
2075 1364 2223 1411 recte
2253 1355 2448 1410 beatus
2470 1353 2670 1409 Paulus
2695 1367 2915 1406 crucem
2945 1350 3258 1406 scandalum
3292 1348 3512 1405 Iudaeo-

1935 1461 2059 1500 rum
2095 1445 2352 1516 appellat.
2384 1463 2402 1496 ι
2434 1445 2503 1499 Et
2540 1442 2894 1513 accipientes,
2929 1460 2946 1491 ι
2990 1440 3188 1510 inquit,
3231 1458 3248 1490 ι
3275 1439 3510 1510 lapidem

1934 1543 2342 1608 supposuerunt
2368 1535 2471 1590 sub
2501 1534 2640 1605 ipso,
2668 1543 2725 1617 et
2757 1532 2898 1588 sedit
2925 1547 3089 1602 super
3123 1546 3289 1586 eum:
3331 1530 3513 1586 Aaron

1933 1639 1988 1686 et
2017 1631 2132 1686 Hur
2161 1630 2540 1686 sustentabant
2566 1641 2762 1682 manus
2781 1627 2919 1697 ejus,
2957 1641 3100 1680 unus
3130 1623 3278 1690 hinc,
3317 1633 3375 1679 et
3431 1625 3511 1678 al-

255 1727 448 1795 χεῖρας
473 1723 660 1790 αὑτοῦ,
687 1721 935 1779 ἐντεῦθεν
957 1705 1066 1792 εἷς,
1089 1726 1182 1780 καὶ
1203 1725 1452 1782 ἐντεῦθεν
1483 1705 1584 1792 εἷς.
1623 1747 1642 1780 ι
1673 1728 1833 1793 Λίθος

1938 1732 2021 1778 ter
2049 1722 2180 1777 hinc
2197 1722 2264 1775 θ’.
2302 1740 2320 1772 ι
2353 1720 2518 1790 Lapis
2542 1726 2725 1776 autem
2753 1717 3048 1788 pretiosus,
3083 1716 3311 1781 electus,
3339 1730 3512 1786 angu-

254 1816 313 1870 δὲ
330 1816 531 1887 τίμιος,
556 1816 830 1884 ἐκλεκτὸς,
848 1819 1259 1892 ἀκρογωνιαῖος,
1288 1817 1505 1891 ἔντιμος
1528 1822 1558 1874 ὁ
1575 1821 1832 1892 Χριστὸς,

252 1909 342 1977 ἐφ’
373 1901 418 1977 ᾧ
465 1909 561 1963 καὶ
590 1909 990 1980 ἀναπαυόμενοι
1034 1909 1204 1981 (δηλοῖ
1234 1910 1344 1981 γὰρ
1393 1913 1427 1980 ἡ
1474 1910 1706 1983 κάθησις
1736 1914 1835 1985 τὴν

252 1999 603 2072 ἀνάπαυσιν)
649 2001 699 2054 οἱ
741 2001 1136 2074 ἐπιεικέστεροι
1187 2002 1246 2056 δὲ
1301 2004 1397 2056 καὶ
1445 2002 1833 2077 εὐμαθέστεροι

252 2089 361 2143 τῶν
394 2091 458 2156 ἐξ
494 2091 735 2163 Ἰσραὴλ,
755 2092 818 2147 τὸ
847 2091 1044 2164 λῆμμα
1068 2093 1167 2164 τῆς
1193 2093 1416 2164 χάριτος
1452 2093 1553 2165 τῆς
1579 2096 1700 2148 κατ’
1743 2097 1834 2149 ὲκ-

254 2180 442 2253 λογὴν,
474 2183 706 2237 ἁπλοῦσι
733 2183 833 2247 τὰς
864 2187 1074 2256 χεῖρας,
1099 2184 1242 2238 τοῦτ’
1269 2185 1406 2250 ἐστι,
1449 2187 1834 2260 καταδέχονται

253 2272 345 2326 τὸν
381 2273 640 2344 σταυρὸν,
667 2275 1014 2346 στηρίζοντος
1039 2277 1200 2330 οίονεί
1224 2294 1328 2330 που
1361 2278 1456 2331 καὶ
1482 2277 1835 2350 διακρατοῦν-

255 2381 346 2430 τος
369 2366 570 2430 αὐτοὺς
611 2367 708 2420 καὶ
738 2367 875 2439 πρός
898 2384 964 2436 γε
983 2368 1142 2422 τοῦτο
1165 2366 1428 2440 Χριστοῦ,
1453 2371 1530 2433 ὼς
1555 2371 1612 2424 ὲν
1643 2372 1754 2443 Ὠρ
1776 2388 1834 2424 τε

256 2458 352 2512 καὶ
393 2457 602 2529 ’Δαρὼν
635 2459 984 2529 σημαίνεται,
1017 2459 1306 2530 νοούμενος
1335 2462 1394 2514 ὲν
1431 2461 1613 2532 ταύτῷ
1642 2462 1835 2534 κριτὴς

256 2548 355 2602 καὶ
382 2549 694 2621 ἀρχιερεύς.
747 2551 848 2622 Ὣρ
889 2549 988 2620 μὲν
1020 2549 1130 2622 γὰρ
1162 2546 1232 2622 ἦν
1275 2551 1573 2617 ἀδέκαστος
1602 2555 1794 2624 κριτής
1814 2568 1831 2586 ο

271 2638 486 2712 Ἀαρὼν
511 2640 569 2694 δὲ
601 2641 915 2714 ἀρχιερεὺς,
948 2643 977 2696 6
1005 2643 1068 2695 τὸ
1090 2642 1290 2714 λῆμμα
1322 2643 1583 2714 συνέχων,
1627 2644 1688 2698 τὸ
1713 2646 1833 2700 κατ’

259 2732 490 2806 ἐκλογὴν
523 2733 746 2806 χάριτος
775 2733 886 2788 τῶν
918 2733 978 2802 ἐξ
1018 2734 1254 2806 Ἰσραὴλ,
1304 2736 1442 2807 πρὸς
1470 2735 1568 2808 τὴν
1611 2736 1698 2795 διὰ
1747 2738 1836 2791 πίο

260 2841 430 2888 στεως
476 2825 770 2898 σωτηρίαν.
821 2825 986 2880 Τουτὶ
1033 2827 1140 2900 γὰρ
1187 2824 1340 2900 οἶμαι
1385 2828 1580 2899 δηλοῦν
1639 2829 1702 2883 τὸ
1747 2828 1836 2884 διὰ

259 2919 443 2989 φωνῆς
477 2918 710 2972 Ἡσαΐου
735 2920 1088 2991 προφητικῶς
1125 2921 1450 2995 εἰρημένονο
1483 2942 1503 2976 ι
1539 2922 1652 2977 Καὶ
1681 2923 1731 2975 εί
1759 2923 1833 2994 μὴ

1933 1815 2086 1881 leris,
2115 1814 2464 1886 probatus",
2493 1813 2748 1870 Christus
2782 1819 2887 1877 est,
2923 1825 3087 1881 super
3131 1825 3243 1879 quo
3289 1810 3513 1878 requie-

1934 1915 2152 1963 scentes
2183 1904 2394 1978 (sessio
2422 1920 2657 1974 namque
2695 1904 3000 1974 requietem
3045 1898 3390 1972 signiﬁcat),
3419 1900 3512 1968 qui

1933 2010 2004 2050 ex
2050 1995 2216 2052 Israel
2253 1996 2708 2068 obsequentiores
2752 2009 2817 2049 ac
2864 1993 3156 2048 dociliores
3205 1999 3351 2056 sunt,
3385 1991 3510 2053 illae,

1935 2089 2184 2159 inquam,
2214 2089 2462 2160 reliquiae
2492 2088 2681 2160 gratia:
2718 2102 2840 2157 qua:
2864 2084 3166 2142 secundum
3189 2083 3515 2138 electionem

1933 2192 2038 2247 est,
2071 2181 2387 2253 expendunt
2414 2197 2628 2247 manus,
2664 2180 2721 2236 id
2762 2187 2866 2244 est,
2908 2192 3130 2234 crucem
3183 2175 3512 2245 suscipiunt,

1933 2275 2154 2331 Christo
2203 2274 2330 2330 illos
2373 2273 2737 2330 conﬁrmante
2788 2280 2954 2340 atque
3018 2269 3368 2335 continente,
3420 2270 3516 2338 qui

1934 2381 2034 2437 per
2063 2365 2181 2421 Hur
2213 2374 2378 2435 atque
2420 2365 2602 2420 Aaron
2651 2362 3009 2434 signiﬁcatur,
3053 2370 3109 2416 et
3139 2361 3310 2431 judex
3353 2359 3521 2414 simul
3614 2408 3621 2420 ,

1933 2466 1992 2513 et
2027 2471 2276 2511 summus
2300 2454 2558 2510 sacerdos
2606 2454 2951 2524 intelligitur,
2989 2453 3105 2507 Ilur
3132 2450 3404 2522 siquidem
3425 2453 3515 2522 ju-

1934 2546 2041 2602 ἀει
2073 2545 2464 2616 integerrimus
2491 2545 2860 2612 erat;Aaron
2905 2552 3088 2599 autem
3131 2557 3381 2596 summus
3429 2557 3517 2596 sa-

1934 2637 2148 2694 cerdos.
2176 2637 2332 2694 Unus
2366 2636 2533 2708 igitur
2577 2644 2839 2706 tanquam
2887 2635 2947 2689 in
2987 2642 3222 2703 utroque
3265 2632 3518 2688 Christus

1934 2737 2038 2790 est,
2062 2728 2233 2800 judex
2257 2735 2314 2783 et
2346 2742 2597 2783 summus
2626 2727 2905 2794 sacerdos,
2942 2726 3039 2797 qui
3081 2725 3343 2795 reliquias
3375 2723 3518 2780 ﬁlio-

1935 2835 2058 2874 rum
2102 2819 2268 2874 Israel
2305 2817 2479 2874 factas
2518 2834 2618 2889 per
2663 2818 2990 2874 electionem
3029 2816 3236 2888 gratiae,
3276 2815 3346 2871 ad
3395 2831 3517 2871 eam

1935 2919 2163 2983 quaeest
2199 2928 2268 2968 ex
2299 2911 2406 2968 ﬁde
2436 2913 2669 2967 salutem
2715 2909 3053 2966 continebat.
3089 2909 3205 2964 Hoc
3249 2909 3401 2963 enim
3439 2909 3516 2962 si-

259 3011 464 3080 Κύριος
485 3010 709 3066 Σαϐαὼθ
727 3012 1229 3084 ὲγκατέλιπενὴμῖν
1250 3014 1491 3086 σπέρμα,
1509 3016 1586 3078 ὡς
1628 3015 1833 3086 Σόδομα

1938 3003 2181 3076 gniﬁcari
2233 3010 2368 3073 puto
2415 3001 2600 3058 verbis
2645 3001 2755 3056 illis
2807 3014 2929 3069 qua:
2972 3014 3071 3068 per
3117 2998 3269 3054 Isaiae
3326 3012 3517 3055 vocem

261 3104 325 3158 ἂν
362 3103 728 3176 ἐγενήθημεν,
757 3107 867 3158 καὶ⁶
893 3105 970 3170 ὡς
993 3106 1253 3178 Γόμορρα
1283 3105 1350 3162 ἂν
1387 3106 1774 3179 ὡμοιώθημεν.
1811 3128 1832 3162 ι

259 3197 616 3261 Πεπτωκότος
634 3197 925 3268 τοιγαροῦν
943 3197 1037 3252 τοῦ
1058 3198 1476 3269 ἀνθεστηκότες,
1495 3200 1639 3271 φημὶ
1654 3200 1718 3272 δὴ
1742 3200 1837 3254 τοῦ

271 3291 521 3362 ’Δμαλήκ
541 3305 555 3319 ⁶
586 3309 606 3344 ι
640 3290 1030 3369 Κατᾶιγραψον,
1061 3311 1082 3344 ι
1117 3291 1303 3362 φησὶν,
1341 3310 1360 3344 ι
1385 3293 1466 3356 εἰς
1498 3293 1839 3364 μνημόσυνον

258 3380 416 3435 τοῦτο
447 3383 531 3446 είς
577 3380 802 3451 βιϐλίον,
845 3383 942 3437 καὶ
992 3383 1082 3448 δὸς
1128 3385 1209 3447 είς
1251 3383 1320 3438 τὰ
1369 3376 1485 3438 ὦτα
1550 3384 1747 3455 Ἰησοῦ.
1812 3404 1832 3438 ›

266 3470 498 3542 Ἔμελλε
539 3471 649 3552 γὰρ
673 3471 764 3526 διὰ
795 3472 896 3542 τῆς
923 3471 1032 3526 τῶν
1077 3471 1247 3540 ἁγίων
1271 3471 1676 3541 εὑαγγελιστῶν
1709 3468 1840 3541 συγ-

262 3564 484 3635 γραφῆς
540 3566 620 3629 είς
661 3564 1018 3636 ἀτελεύτητον
1067 3564 1163 3618 καὶ
1215 3563 1434 3634 μακρὰν
1500 3563 1838 3619 ὲκτείνεσθαι

264 3655 488 3726 μνήμην
536 3655 606 3709 τὰ
635 3655 724 3710 διὰ
758 3657 997 3728 Χριστοῦ
1024 3655 1449 3726 κατορθώματα.
1502 3655 1748 3710 Δίδοσθαί
1776 3673 1840 3725 γε

263 3745 370 3816 μὴν
414 3747 522 3817 ἔφη
563 3748 662 3818 τὴν
703 3748 1029 3820 συγγραφὴν
1077 3749 1158 3811 εἰς
1199 3747 1270 3801 τὰ
1317 3740 1435 3801 ὦτα
1482 3747 1577 3800 τοῦ
1645 3748 1837 3818 Ἰησοῦ.

273 3838 556 3909 ’Δνάθημα
599 3841 708 3910 γὰρ
754 3839 944 3911 ὥσπερ
991 3839 1203 3894 ἔπαινοί
1244 3855 1305 3893 τε
1344 3841 1438 3896 καὶ
1482 3837 1735 3911 ἐγκώμια
1766 3839 1841 3913 τῷ

261 3928 485 4002 Χριστῷ
523 3931 596 3985 τὰ
635 3931 744 3986 τῶν
790 3933 962 4002 ἁγίων
1016 3932 1444 4004 συγγράμματα.
1482 3933 1843 3997 Πεπτωκότος

259 4019 316 4072 δὲ
362 4021 468 4092 ἤδη
500 4021 594 4076 καὶ⁸
638 4023 990 4094 νενικημένου
1033 4022 1126 4076 τοῦ
1169 4023 1436 4095 Ἀμαλὴκ,
1490 4023 1774 4094 ἀνίστησιν
1811 4025 1842 4077 6

259 4112 467 4184 Μωσῆς
525 4112 911 4186 θυσιαστήριον
959 4113 1037 4186 τῷ
1086 4113 1236 4185 Θεῷ·
1267 4114 1611 4185 καταγράφει
1654 4114 1712 4168 δὲ
1750 4114 1842 4168 καὶ

259 4203 412 4274 αὐτῷ
442 4204 636 4275 ὄνομα,
672 4225 691 4259 ι
732 4208 935 4278 Κύριός
969 4224 1092 4277 μου,
1126 4208 1414 4279 καταφυγή
1443 4225 1568 4278 μου.
1601 4226 1620 4258 ι
1660 4207 1843 4271 Τύπος

258 4294 316 4348 δὲ
345 4293 416 4349 ἂν
439 4296 524 4366 εῑη
552 4296 648 4350 atat
675 4295 831 4350 τοῦτο
845 4297 1103 4368 Χριστοῦ.
1126 4297 1328 4367 Κύριος
1371 4296 1478 4368 γὰρ
1501 4300 1631 4369 ἡμῖν
1651 4298 1841 4366 γέγονε

1938 3093 2258 3166 prophetice
2284 3093 2431 3150 diota
2455 3103 2619 3150 sunt:
2661 3113 2680 3146 ι
2719 3093 2789 3148 Et
2818 3093 2928 3148 nisi
2969 3092 3237 3148 Dominus
3279 3091 3517 3146 Sabaoth

1940 3188 2259 3259 reliquisset
2285 3186 2448 3242 nobis
2483 3200 2693 3251 semen,
2721 3192 2782 3239 ut
2811 3183 3047 3239 Sodoma
3095 3183 3413 3249 fuissemus,
3463 3191 3521 3240 et

1939 3279 2097 3349 quasi
2138 3276 2445 3334 Gomorrha
2488 3276 2695 3331 similes
2732 3274 2863 3330 facti
2913 3289 3160 3330 essemus
3195 3275 3262 3327 “.
3311 3293 3329 3325 ι
3379 3274 3519 3331 Cum

1941 3373 2109 3444 igitur
2128 3373 2178 3428 is
2199 3371 2296 3442 qui
2318 3370 2641 3434 obsistebat,
2676 3369 2917 3434 Amalec,
2943 3369 3187 3438 inquam,
3204 3369 3515 3435 cecidisset,

1949 3485 1967 3518 ι
1999 3464 2212 3530 Scribe,
2244 3482 2263 3514 ι
2301 3462 2502 3532 inquit,
2543 3481 2559 3512 ι
2590 3461 2700 3516 hoc
2736 3460 2804 3516 ad
2827 3460 3151 3515 memoriam
3187 3460 3246 3515 in
3267 3461 3430 3526 libro,
3461 3473 3520 3518 et

1942 3555 2098 3612 dabis
2127 3555 2185 3610 in
2213 3569 2376 3610 aures
2403 3553 2568 3610 Iosue
2606 3552 2674 3605 ⁸³.
2705 3572 2724 3604 ›
2757 3553 2927 3607 Erant
2965 3552 3112 3607 enim
3139 3553 3401 3622 praeclara
3428 3554 3520 3608 illa

1939 3647 2146 3704 Christi
2201 3653 2354 3718 gesta
2416 3645 2690 3701 diuturnae
2733 3645 3194 3716 sempitemaeque
3241 3646 3521 3702 memoria:

1939 3745 2259 3794 sanctorum
2299 3737 2758 3808 evangelistarum
2802 3736 3021 3806 scriptis
3068 3735 3518 3791 commendanda.

1940 3829 2068 3884 Dari
2093 3843 2313 3899 quoque
2339 3827 2506 3899 jussit
2529 3827 2734 3898 scripta
2763 3828 2860 3896 illa
2884 3828 2940 3883 in
2960 3842 3124 3884 aures
3157 3828 3320 3884 Josue
3345 3847 3357 3882 :
3396 3828 3522 3883 illo-

1941 3935 2064 3976 rum
2083 3936 2320 3991 namque
2349 3921 2945 3976 sanctorumirorum
2966 3929 3345 3986 monumenta,
3369 3920 3524 3976 velut

1943 4013 2143 4069 selecta
2162 4010 2307 4068 dona
2327 4011 2668 4082 quaedam,ac
2689 4019 2947 4082 tanquam
2970 4012 3160 4068 laudes
3174 4019 3231 4066 et
3248 4011 3520 4080 praeconia

1941 4101 2162 4158 Christo
2180 4102 2359 4158 dicata
2379 4110 2526 4158 sunt.
2568 4101 2860 4173 Proﬁigato
2895 4103 3064 4173 igitur
3098 4117 3166 4157 ac
3197 4103 3342 4156 victo
3362 4103 3522 4156 Ama.

1905 4251 1918 4264 I
1940 4193 2047 4260 lec,
2084 4193 2248 4264 erigit
2281 4192 2494 4264 Moyses
2527 4191 2700 4247 altare
2747 4192 2882 4256 Deo,
2920 4191 3110 4261 illique
3163 4191 3271 4246 hoc
3320 4205 3519 4246 nomen

1944 4283 2196 4354 imponit,
2211 4303 2229 4335 ι
2259 4283 2526 4338 Dominus
2546 4297 2721 4347 meus,
2744 4282 3016 4352 refugium
3035 4297 3218 4337 meum
3240 4281 3305 4334 ".
3320 4300 3337 4332 ι
3363 4280 3518 4348 Quod

258 4387 355 4441 καὶ
381 4389 674 4459 καταφυγή
697 4404 711 4418 ⁸
740 4389 1041 4461 νενικηκὼς
1068 4389 1177 4460 γὰρ
1201 4390 1294 4442 τὸν
1325 4391 1562 4461 ἄρχοντα
1590 4388 1683 4442 τοῦ
1710 4388 1833 4443 αἰῶ-

1947 4374 2124 4444 ipsum
2145 4374 2312 4429 etiam
2331 4372 2534 4428 Christi
2577 4372 2807 4442 ﬁguram
2845 4372 3087 4442 praefert.
3119 4373 3171 4426 ls
3207 4372 3354 4426 enim
3410 4373 3520 4427 Do-

259 4496 346 4543 νος
379 4480 592 4546 τούτου,
637 4482 885 4552 πατήσας
915 4481 974 4534 δὲ
1000 4480 1095 4536 τοῦ
1139 4479 1369 4556 θανάτου
1393 4481 1454 4534 τὸ
1494 4481 1716 4551 κράτος,
1747 4482 1842 4535 καὶ

257 4571 484 4634 ἀναθεὶς
516 4573 704 4626 ἑαυτὸν
736 4573 877 4644 ὑπὲρ
918 4573 1078 4645 ἡμῶν
1120 4573 1310 4644 ῶσπερ
1350 4573 1579 4644 ἄμωμον
1624 4575 1838 4642 ἱερεῖον,

257 4663 340 4726 είς
383 4663 562 4734 ὀσμὴν
600 4663 947 4734 εὐωδίας·τῷ
993 4662 1113 4734 Θεῷ
1147 4663 1241 4718 καὶ¹
1285 4663 1480 4736 Πατρί.
1521 4663 1703 4727 Τύπος
1749 4660 1841 4718 οὖν

260 4752 371 4822 ἄρα
401 4753 662 4825 Χριστοῦ,
700 4755 762 4809 τὸ
796 4754 1198 4828 θυσιαστήριον,
1228 4747 1273 4824 ᾧ
1308 4756 1404 4811 καὶ
1430 4756 1640 4827 πρέπον
1671 4774 1730 4810 τε
1750 4758 1842 4813 καὶ

179 4886 198 4897 .
261 4844 460 4917 ἀληθὲς
494 4846 688 4917 ὄνομα,
726 4865 744 4899 ι
779 4847 983 4920 Κύριός
1019 4865 1146 4920 μου,
1180 4849 1470 4921 καταφυγή
1503 4865 1624 4919 μου.
1663 4867 1684 4901 ι

335 5109 542 5165 ΠΑΛΛ.
578 5109 842 5180 Σύμφημι
862 5127 877 5142 ο
904 5111 1043 5174 νοεῖς
1073 5108 1181 5180 γὰρ
1215 5108 1412 5179 ὀρθῶς.

337 5288 499 5341 ΚΥΡ.
557 5289 644 5341 Ἐν
679 5289 822 5358 χειρὶ¹
848 5289 902 5341 δὲ
929 5287 1170 5359 κρυφαία
1197 5287 1511 5358 πολεμήσας
1539 5286 1629 5341 τὸν
1649 5286 1837 5357 νοητὸν

279 5378 522 5449 ’Ᾱμαλὴκ
574 5381 670 5433 καὶ
729 5378 1028 5450 νενικηκὼς
1077 5380 1105 5432 6
1154 5378 1408 5448 Χριστὸς,
1465 5378 1840 5448 κατεκράτησε

262 5467 373 5522 τῶν
413 5470 607 5536 ἐθνῶν,
663 5472 757 5524 καὶ
786 5471 1084 5543 διήρπασεν
1135 5468 1300 5523 αὐτοῦ
1344 5468 1412 5522 τὰ
1459 5469 1648 5540 σκεύη,
1701 5469 1842 5523 καθά

339 5586 381 5655 ξ’
419 5585 578 5642 Joan.
629 5603 744 5655 vui,
777 5587 866 5644 24.
962 5590 1006 5620 ⁹¹
1046 5587 1219 5644 Exod.
1260 5604 1386 5653 xvn,
1422 5587 1506 5641 1‘2.
1581 5589 1674 5644 "I
1711 5590 1856 5645 Pctr.

209 5633 639 5712 ’σεωὼῗῖᾰ

1939 4466 2124 4520 minus
2156 4473 2344 4520 noster
2397 4473 2482 4520 est
2535 4463 2734 4528 factus,
2790 4478 2854 4517 ac
2908 4462 3204 4534 refugium,
3242 4479 3368 4519 cum
3421 4464 3518 4520 de-

1939 4557 2159 4614 bellarit
2208 4555 2402 4612 mundi
2470 4556 2636 4627 hujus
2702 4554 3049 4626 principem,
3119 4556 3520 4626 calcaveritque

1940 4651 2134 4705 mortis
2158 4648 2471 4719 imperium,
2510 4665 2574 4703 ac
2609 4647 2854 4716 seipsum
2893 4647 3158 4703 obtulerit
3207 4663 3311 4718 pro
3361 4651 3521 4706 nobis

1941 4750 2004 4798 ut
2037 4741 2440 4795 immaculatam
2478 4739 2713 4795 hostiam
2751 4739 2808 4794 in
2843 4739 3068 4795 odorem
3103 4740 3392 4796 suavitatis
3408 4742 3520 4796 Deo

1937 4850 2005 4891 ac
2039 4832 2206 4888 Patri.
2244 4832 2372 4887 Fuit
2409 4832 2578 4904 igitur
2613 4832 2786 4889 altare
2815 4831 2949 4887 illud
2969 4831 3173 4886 Christi
3209 4831 3405 4902 ﬁgura,
3429 4835 3518 4888 cui

1939 4919 2142 4977 decens
2175 4936 2240 4977 ac
2274 4937 2468 4976 verum
2503 4936 2707 4977 nomen
2745 4928 2849 4986 est,
2891 4919 3157 4976 Dominus
3209 4936 3387 4986 meus,
3427 4937 3515 4977 re-

1937 5013 2149 5084 fugium
2186 5027 2394 5068 meum.

2007 5104 2215 5161 PALL.~
2242 5104 2527 5160 Assentior
2573 5122 2584 5157 :
2625 5102 2830 5173 optime
2877 5118 3112 5173 namque
3158 5105 3364 5160 sentire
3440 5106 3522 5159 vi-

1939 5199 2112 5255 deris.

2009 5288 2167 5345 CYR.
2189 5288 2339 5343 Bello
2373 5289 2556 5357 itaque
2579 5295 2731 5357 gesto
2776 5287 3038 5344 adversus
3054 5287 3158 5358 91
3183 5286 3521 5357 spiritualem

1941 5380 2162 5436 Amalec
2179 5380 2235 5433 in
2264 5394 2429 5433 manu
2455 5379 2687 5443 occulta,
2727 5394 2903 5449 eoque
2940 5379 3106 5440 victo,
3143 5377 3400 5432 Christus
3417 5375 3519 5430 ob-

1945 5470 2112 5527 tinuit
2149 5474 2360 5538 gentes,
2396 5467 2676 5538 ligatoque
2713 5468 2863 5534 forti,
2906 5470 3122 5544 utgipsc
3163 5453 3360 5536 inquit,
3401 5468 3521 5537 ejus

1905 5605 1962 5668 ιι,
2007 5589 2070 5657 '7;
2104 5584 2544 5656 Isai.xxvm,l6.
2621 5585 2938 5653 “Isai.r,9.
3019 5581 3518 5648 "Exod.xvu,14.
