3968 6300
426 241 532 299 27‘)

1451 239 1508 296 S.
1548 240 1822 296 CYRlLLl
1859 236 2329 295 ALEXANDRINI
2366 234 2682 292 ARCHIEP.

3577 222 3685 281 280

426 370 556 410 vasa
592 352 824 423 diripuit
841 353 906 406 ’⁷.
934 352 1165 425 Gregem
1203 355 1371 422 enim,
1408 357 1502 425 qui
1539 356 1669 410 olim
1712 356 1816 410 sub
1861 355 2007 410 illius

2110 372 2274 427 φησιν
2299 356 2484 420 αὐτὸς,
2529 352 2839 423 καταδήσας
2869 346 2958 402 τὸν
3004 345 3244 420 ἰσχυρόν.
3287 344 3402 416 Τὴν
3441 343 3553 414 γὰρ
3592 343 3687 396 ὑπ’

427 445 635 499 ditione
674 441 874 507 fuerat,
894 444 1146 514 gentiles,
1171 445 1413 515 inquam,
1437 460 1563 500 cum
1584 445 1862 500 veteribus
1889 459 2011 516 gre-

426 534 585 604 gibus
621 531 925 603 conjunxit,
965 533 1199 603 ideoque
1238 534 1456 589 dicebat
1493 553 1505 588 :
1546 554 1563 586 ι
1607 535 1675 588 Et
1712 535 1847 589 alias
1879 549 2009 589 oves

427 625 624 690 habeo,
666 639 789 694 qua:
826 640 939 679 non
974 633 1104 680 sunt
1139 641 1206 680 ex
1241 625 1347 681 hoc
1383 626 1552 681 ovili:
1592 633 1649 681 et
1685 626 1808 680 illas
1847 641 2010 695 opor-

429 721 504 768 tet
541 730 628 769 me
671 713 947 769 adducere
971 756 984 780 ,
1023 723 1080 770 et
1117 731 1306 771 vocem
1345 733 1522 772 meam
1560 717 1806 782 audient,
1828 725 1884 771 et
1916 718 2010 772 ﬁet

429 820 599 859 unum
622 806 786 872 ovile,
826 823 970 862 unus
999 816 1185 877 pastor
1204 809 1268 860 ⁸⁸.
1299 829 1316 860 ι
1360 808 1616 864 Christus
1676 817 1859 865 autem
1901 824 2008 880 pax

426 903 613 951 nostra
670 906 774 963 est,
829 898 981 967 juxta
1037 897 1384 968 Scripturas,
1444 901 1538 969 qui
1569 899 1720 955 fecit
1774 908 2007 970 utraque

428 1005 622 1054 unum,
677 997 734 1044 et
784 990 1028 1045 medium
1080 991 1349 1062 parietem
1402 991 1656 1045 maceriae
1709 991 1891 1057 solvit,
1952 1000 2009 1048 et

428 1079 745 1134 inimicitias
790 1079 843 1133 in
883 1094 1048 1134 carne
1104 1096 1224 1146 sua,
1281 1081 1453 1151 legem
1509 1081 1896 1134 mandatorum
1949 1081 2007 1135 in

427 1169 662 1224 decretis
709 1170 1079 1236 evacuavit”,
1119 1179 1284 1241 atque
1323 1171 1378 1224 in
1413 1187 1583 1225 unum
1645 1186 1851 1226 novum
1905 1170 2006 1226 ho-

426 1260 632 1315 minem
682 1271 798 1316 tum
835 1277 930 1316 eos
979 1262 1074 1332 qui
1118 1276 1186 1315 ex
1241 1261 1683 1328 circumcisione,
1739 1271 1855 1318 tum
1911 1263 2006 1334 qui

425 1356 580 1404 extra
617 1350 792 1421 legem
825 1359 1003 1416 erant,
1046 1352 1385 1421 conciliavit.
1423 1352 1542 1408 Jam
1578 1367 1712 1408 vero
1751 1353 2005 1408 conside-

425 1456 517 1496 res
549 1441 749 1496 iterum
782 1442 945 1497 velim
975 1458 1232 1513 magnum
1249 1443 1356 1498 hoc
1372 1442 1742 1515 [mysterium,
1764 1444 1920 1514 quasi
1950 1444 2005 1499 in

426 1532 622 1588 umbra
652 1543 712 1588 et
745 1535 1062 1605 aenigmate,
1101 1535 1250 1610 quod
1291 1536 1359 1590 iis
1392 1551 1515 1606 quae
1553 1537 1714 1591 modo
1753 1553 1784 1591 a
1847 1537 2008 1591 nobis

2107 448 2305 518 ἒκείνῳ
2347 447 2690 518 πράττουσαν
2743 441 2944 511 ἀγέλην
2982 440 3132 504 ποτὲ,
3179 439 3320 510 φημὶ
3366 437 3431 509 δὴ
3459 439 3589 500 τοὺς
3627 435 3690 500 ἐξ

2107 537 2299 605 ἐθνῶν,
2342 541 2454 602 τοῖς
2483 535 2864 608 ἀρχαιοτέροις
2898 532 3100 602 συνῆψε
3129 529 3398 601 ποιμνίοις
3417 547 3431 560 ο
3465 529 3688 600 τοιγάρ-

2108 646 2191 683 τοι
2233 631 2333 684 καὶ
2381 629 2621 698 ἔφασκε·
2661 645 2686 678 τ
2730 625 2842 680 Kal.
2887 624 3021 679 ἄλλα
3063 621 3308 696 πρόϐατα
3353 621 3480 692 ἔχω,
3521 619 3558 674 ἃ
3587 621 3689 674 οὐκ

2109 719 2256 774 ἔστιν
2277 722 2340 774 ὲκ
2367 721 2467 792 τῆς
2500 719 2670 790 αὐλῆς
2698 717 2922 788 ταύτης,
2952 715 3181 770 κάκεῖνά
3214 732 3280 786 με
3317 714 3397 766 δεῖ
3438 715 3686 782 ἀγαγεῖν,

2108 809 2204 864 καὶ
2247 811 2345 881 τῆς
2384 808 2569 878 φωνῆς
2617 825 2717 877 μου
2748 806 3073 859 ἀκούσουσιο
3120 804 3215 857 καὶ
3251 803 3542 874 γενήσεται
3590 800 3691 873 μία

2109 902 2334 972 ποίμνη,
2365 895 2446 964 εἷς
2491 899 2717 969 ποιμήν.
2761 915 2781 950 ι
2827 897 3062 968 Χριστὸς
3105 895 3165 950 δέ
3220 897 3370 948 ἐστιν
3417 895 3450 964 ἠ
3493 894 3685 964 εἰρήνη

2110 992 2287 1063 ἡμῶν,
2320 991 2463 1044 κατὰ
2489 990 2589 1054 τὰς
2611 989 2853 1061 Γραφὰς,
2884 989 2912 1040 6
2936 988 3170 1058 ποιήσας
3197 986 3265 1039 τὰ
3285 984 3572 1056 ἀμφότερα
3603 984 3683 1052 ἓν,

2110 1086 2204 1138 καὶ
2227 1085 2288 1138 τὸ
2322 1085 2635 1155 μεσότοιχον
2666 1081 2762 1135 τοῦ
2802 1081 3059 1152 φραγμοῦ
3089 1079 3279 1143 λύσας,
3327 1079 3420 1132 καὶ
3457 1078 3556 1148 τὴν
3593 1077 3686 1147 ἔχ-

2109 1175 2245 1245 θραν
2272 1177 2328 1228 ὲν
2369 1177 2437 1246 τῇ
2469 1173 2633 1242 σαρκὶ
2662 1172 2850 1237 αὑτοῦ,
2885 1172 2978 1225 τὸν
3017 1171 3182 1242 νόμον
3212 1170 3323 1224 τῶν
3349 1168 3577 1223 ἐντολῶν
3629 1170 3687 1222 ὲν

2107 1265 2338 1336 δόγμασι
2385 1265 2776 1336 καταργήσας,
2845 1263 2939 1316 καὶ
2977 1263 3055 1326 εἰς
3112 1261 3210 1316 ἕνα
3243 1260 3429 1313 καινὸν
3473 1259 3686 1330 ἄνθρω-

2111 1372 2209 1408 πον
2269 1355 2394 1419 τούς
2423 1372 2482 1408 τε
2528 1357 2593 1408 ἐκ
2623 1355 2926 1427 περιτομῆς
2954 1353 3048 1406 καὶ
3075 1353 3203 1415 τοὺς
3241 1350 3345 1415 ἔξω
3374 1353 3538 1421 νόμου
3567 1367 3689 1404 συν-

2107 1446 2364 1517 ενεγκών.
2393 1447 2583 1520 Ἂθρει
2612 1446 2674 1517 δὴ
2707 1442 2800 1500 οὖν
2826 1445 2986 1499 πάλιν
3014 1444 3170 1498 τοῦτο
3192 1441 3334 1513 μέγα
3365 1443 3684 1513 μυστήριον,

2108 1543 2220 1604 τοῖς
2267 1539 2469 1610 ἀρτίως
2507 1542 2638 1612 ἡμῖν
2672 1538 2984 1611 εἰρημένοις
3029 1534 3495 1608 παρεζευγμένον,
3523 1534 3599 1597 ὡς
3630 1534 3686 1587 έν

425 1624 572 1679 dicta
603 1634 752 1689 sunt,
795 1625 942 1680 illico
979 1626 1300 1697 adjunctum
1341 1633 1444 1681 est.
1476 1645 1492 1677 ι
1519 1625 1746 1681 Audivit
1783 1627 1952 1692 enim,
1981 1645 1999 1676 ι

2111 1630 2240 1698 σκιᾷ
2257 1630 2697 1700 καὶαίνίγμασιν.
2719 1646 2738 1678 ι
2767 1627 3004 1680 Ἤκουσε
3025 1625 3156 1695 γὰρ,
3183 1644 3201 1675 ›
3229 1623 3454 1695 φησὶν,‹
3498 1622 3682 1694 Ἰοθὸρ,

426 1714 625 1785 inquit,
667 1734 686 1766 ‹
711 1715 904 1771 Jethro
934 1695 1193 1772 sacerdos
1224 1715 1439 1770 Madian
1458 1731 1614 1771 socer
1638 1716 1806 1788 Moysi
1826 1715 2007 1770 omnia

2109 1721 2137 1773 6
2161 1695 2339 1788 ἱερεὺς
2355 1695 2603 1788 Μαδιάμ,
2626 1718 2655 1768 6
2680 1713 2926 1786 γαμϐρὸς
2940 1712 3138 1780 Μωσῆ,
3154 1711 3330 1765 πάντα
3350 1710 3448 1762 ὅσα
3464 1708 3686 1779 ἐποίησε

425 1821 768 1876 quaecunque
793 1805 922 1861 fecit
958 1807 1222 1861 Dominus
1246 1806 1434 1862 lsraeli
1464 1823 1565 1863 suo
1591 1809 1831 1878 populo;
1871 1809 2009 1864 edn-

426 1899 506 1952 xit
537 1899 684 1952 enim
723 1899 988 1952 Dominus
1027 1898 1193 1953 Israel
1220 1915 1287 1954 ex
1311 1898 1561 1971 Egypto.
1584 1901 1806 1970 Accepit
1826 1909 2008 1954 autem

423 1987 618 2043 Jethro
656 2005 816 2044 socer
841 1989 1009 2060 Moysi
1040 1989 1380 2060 Sepphoram
1418 2007 1643 2046 uxorem
1677 1991 1847 2062 Moysi
1889 2001 2012 2059 post

424 2078 802 2134 dimissionem
839 2079 978 2151 ejus,
1020 2087 1075 2133 et
1102 2079 1242 2134 duos
1291 2078 1434 2135 ﬁlios
1480 2081 1636 2151 ejus;
1678 2074 1880 2135 nomen
1913 2073 2008 2135 uni

423 2172 670 2240 Gersam,
695 2175 885 2230 dicens
908 2192 921 2227 :-
948 2174 1174 2230 Advena
1211 2174 1290 2228 fui
1324 2174 1381 2250 in
1421 2184 1571 2230 terra
1607 2175 1805 2232 aliena:
1831 2184 2008 2230 etno-

336 2257 340 2262 ’
425 2281 552 2321 men
577 2267 804 2322 secundi
843 2268 1077 2336 Eliezer,
1107 2270 1299 2325 dicens
1323 2288 1334 2323 :
1358 2268 1504 2324 Deus
1523 2269 1672 2324 enim
1706 2268 1877 2338 patris
1900 2267 2008 2323 mei

424 2358 645 2431 adjutor-
678 2376 856 2426 meus,
896 2371 952 2416 et
986 2362 1243 2417 liberavit
1293 2376 1382 2416 me
1428 2361 1498 2416 de
1545 2377 1712 2416 manu
1767 2361 2006 2416 Pharao-

424 2450 530 2505 nis.
557 2451 625 2504 Et
659 2453 813 2506 venit
845 2452 1036 2506 .lcthro
1070 2468 1228 2508 socer
1265 2451 1456 2523 Moysi,
1494 2460 1552 2506 et
1589 2451 1686 2504 ﬁlii
1737 2459 1794 2526 et
1815 2467 2004 2518 _.uxor,

423 2543 493 2598 ad
530 2545 753 2615 Moysen
780 2543 1159 2609 indescrtum,
1200 2544 1295 2598 ubi
1335 2551 1750 2598 castrametatus
1797 2552 1914 2598 erat
1950 2544 2006 2598 in

425 2645 668 2690 montem
689 2636 809 2691 Dei.
829 2636 1153 2691 Nuntiatum
1195 2646 1282 2691 est
1309 2644 1492 2691 autem
1512 2636 1679 2707 Moysi
1703 2652 1733 2690 a
1770 2635 2006 2690 dicenti-

425 2728 530 2782 bus
554 2745 565 2780 :
591 2727 730 2783 Ecce
755 2742 912 2782 socer
938 2735 1064 2784 tuus
1087 2728 1279 2783 Jethro
1297 2728 1447 2782 venit
1465 2727 1532 2781 ad
1557 2736 1628 2792 te,
1654 2735 1710 2780 et
1745 2742 1882 2780 uxor
1917 2734 2005 2780 tua

423 2818 612 2872 etduo
637 2818 737 2872 lilii
761 2819 838 2872 tui
861 2829 986 2873 cum
1016 2833 1101 2873 eo.
1144 2819 1411 2890 Egressus
1454 2827 1538 2872 est
1566 2827 1747 2871 autem
1798 2816 2006 2887 Moyses

425 2909 484 2963 in
519 2924 810 2965 occursum
849 2924 1042 2965 socero
1087 2926 1209 2975 suo,
1247 2919 1305 2965 et
1342 2910 1592 2968 adoravit
1627 2924 1777 2973 eum,
1818 2916 1874 2962 ct
1912 2923 2004 2962 os—

425 3001 644 3055 culatus
667 3017 817 3066 eum,
846 3002 1157 3072 etamplexi
1194 3010 1322 3056 sunt
1342 3001 1598 3066 invicem,
1625 3009 1682 3056 et
1703 2999 2005 3055 introduxit

424 3105 551 3143 eum
572 3090 629 3144 in
651 3091 1086 3157 tabernaculum,
1109 3101 1163 3146 et
1183 3093 1428 3146 narravit
1444 3093 1655 3163 Moyses
1675 3106 1868 3146 socero
1905 3107 2008 3147 suo

423 3181 608 3236 omnia
642 3197 982 3252 quacunque
1021 3181 1149 3236 fecit
1188 3182 1453 3237 Dominus
1490 3183 1763 3237 Pharaoni
1787 3181 2012 3254 etIEgy-

424 3273 556 3345 ptiis
579 3282 805 3344 propter
842 3275 1031 3341 Israel,
1069 3284 1125 3329 et
1154 3290 1375 3330 omnem
1411 3274 1654 3330 laborem
1675 3276 1771 3346 qui
1809 3275 2011 3330 accidit

423 3365 582 3421 eisin
602 3364 712 3431 via,
734 3374 791 3420 et
811 3365 956 3439 quod
978 3367 1127 3422 eruit
1145 3383 1241 3422 eos
1265 3366 1530 3423 Dominus
1555 3366 1623 3422 de
1660 3383 1824 3422 manu
1865 3368 2008 3422 Pha-

427 3458 708 3524 raonis,et
746 3459 814 3514 de
850 3475 1017 3514 manu
1050 3459 1452 3532 Egyptiorum.
1491 3459 1790 3530 Obstupuit
1826 3471 2009 3516 autem

421 3543 614 3600 Jet‘hro
634 3561 798 3616 super
831 3547 1088 3602 omnibus
1107 3548 1419 3618 bonis-quas
1455 3548 1586 3604 fecit
1620 3551 1700 3606 eis
1719 3551 2005 3616 Dominus,

423 3636 571 3706 quod
598 3638 746 3690 eruit
766 3651 861 3692 eos
881 3638 1147 3692 Dominus
1164 3638 1232 3692 de
1253 3639 1824 3712 manuIEgyptiorum,
1848 3649 1903 3696 et
1940 3642 2008 3697 de

425 3743 589 3782 manu
611 3729 933 3784 Pharaonis.
958 3730 1026 3784 Et
1049 3730 1185 3785 dixit
1208 3731 1401 3787 Jethro
1428 3751 1440 3786 :
1469 3733 1796 3789 Benedictus
1821 3735 2008 3789 Domi—

317 3865 322 3868 .
426 3838 549 3888 nus,
583 3825 840 3893 quoniam
858 3825 1003 3880 eruit
1023 3828 1285 3896 populum
1301 3843 1459 3883 suum
1473 3829 1539 3883 de
1551 3844 1714 3883 manu
1725 3827 2008 3900 IEgyptio-

427 3929 572 3978 rum,
593 3915 738 3970 etde
758 3931 924 3971 manu
946 3917 1246 3974 Pharaonis
1269 3938 1281 3974 :
1304 3937 1450 3976 nunc
1475 3921 1702 3991 cognovi
1725 3920 1873 3990 quod
1896 3935 2010 3975 ma-

423 4023 565 4079 gnus
585 4009 849 4066 Dominus
875 4011 982 4082 92
1012 4028 1177 4083 super
1207 4029 1399 4068 omnes
1431 4014 1587 4077 deos,
1634 4020 1858 4082 propter
1903 4013 2010 4069 hoc

2109 1811 2313 1881 Κύριος
2353 1809 2571 1881 Ἰσραὴλ
2597 1808 2673 1879 τῷ
2696 1807 2888 1861 ἑαυτοῦ
2913 1805 3028 1876 λαῷ
3050 1823 3066 1837 ·
3091 1804 3325 1876 ἐξήγαγε
3353 1803 3462 1873 γὰρ
3485 1799 3686 1872 Κύριος

2107 1904 2201 1958 τὸν
2256 1904 2471 1975 Ἰσραὴλ
2518 1903 2577 1969 ἐξ
2618 1887 2917 1969 Αίγύπτου.
2955 1896 3155 1952 Ἔλαϐε
3205 1896 3263 1949 δὲ
3317 1895 3413 1949 καὶ
3462 1894 3631 1965 ἰοθὸρ
3658 1894 3686 1946 6

2110 1997 2360 2069 γαμϐρὸς
2379 1995 2624 2059 Μωσέως
2651 1991 2953 2063 Σεπφώραν
2975 1989 3072 2060 τὴν
3100 1990 3336 2058 γυναῖκα
3361 1989 3531 2056 Μωσῆ
3551 1985 3686 2057 μετὰ

2109 2091 2209 2161 τὴν
2235 2089 2428 2158 ἄφεσιν
2468 2086 2660 2156 αὐτῆς,
2688 2085 2784 2139 καὶ
2814 2083 2940 2146 τοὺς
2980 2081 3074 2140 δύο
3101 2080 3250 2143 υἱοὺς
3273 2078 3443 2149 αὐτῆς
3469 2093 3485 2107 ·
3515 2077 3686 2148 ὄνομα

2107 2184 2187 2252 τῷ
2227 2183 2308 2236 ἑνὶ
2348 2181 2579 2254 Γερσάν,
2613 2178 2820 2248 λέγων’
2850 2177 3120 2250 Πάροικος
3148 2175 3296 2246 ήμην
3326 2175 3384 2227 ὲν
3411 2175 3483 2243 γῇ
3527 2169 3686 2226 ἀλλο-

2108 2275 2253 2346 τρίῳ
2279 2275 2373 2328 καὶ
2396 2273 2457 2327 τὸ
2476 2273 2644 2344 ὄνομα
2669 2271 2763 2325 τοῦ
2803 2269 3052 2344 δευτέρου
3087 2267 3351 2338 Ἐλιεςὲρ,
3379 2265 3579 2334 λέγων·
3623 2262 3686 2318 '0

2107 2368 2216 2438 γὰρ
2255 2366 2387 2430 Θεὸς
2433 2365 2527 2419 τοῦ
2559 2364 2764 2436 πατρός
2797 2380 2899 2434 μου
2935 2361 3126 2432 βοηθός
3169 2376 3291 2430 μου,
3325 2357 3420 2414 καὶ
3449 2355 3686 2422 ὲξείλετό

2113 2477 2178 2530 με
2207 2460 2271 2511 ἐκ
2301 2457 2482 2529 χειρὸς
2523 2454 2738 2527 Φαραώ.
2790 2453 2899 2506 Kal.
2939 2447 3101 2522 ἦλθεν
3143 2448 3310 2519 Ἰοθὸρ
3359 2449 3388 2500 6
3431 2444 3687 2517 γαμϐρὸς

2107 2549 2305 2620 Μωσῆ,
2337 2551 2433 2603 καὶ
2461 2549 2512 2601 οἱ
2545 2547 2652 2602 υἱοὶ
2681 2545 2774 2599 κα)⁸
2815 2546 2849 2614 ὴ
2894 2541 3054 2614 γυνὴ,
3089 2541 3224 2614 πρὸς
3249 2539 3456 2609 Μωσῆν
3485 2540 3564 2600 εἰς
3580 2537 3686 2606 τήν

2107 2646 2204 2718 ἐρη
2215 2661 2330 2716 μον,
2352 2636 2412 2698 οὗ
2437 2639 2742 2714 παρέλαϐεν
2761 2639 2854 2692 ἐπὶ
2873 2637 2933 2690 τὸ
2948 2636 3071 2707 ὅρος
3087 2635 3179 2689 τοῦ
3200 2633 3361 2688 Θεοῦ.
3375 2632 3685 2702 Ἀνηγγέλη

2105 2737 2161 2791 δὲ
2192 2738 2364 2807 Μωσῇ
2399 2735 2652 2804 λέγοντες
2673 2747 2687 2762 ·
2735 2730 2864 2783 Ἰδοὺ
2895 2730 2922 2782 6
2951 2727 3199 2798 γαμϐρός
3229 2741 3320 2779 σου
3375 2722 3540 2794 Ἰοθὸρ
3574 2739 3684 2775 πα-

2107 2830 2388 2905 ραγίνεται
2425 2827 2561 2899 πρὸς
2596 2825 2676 2892 σὲ,
2711 2825 2805 2879 καὶ
2843 2826 2876 2896 ἡ
2905 2822 3044 2894 γυνὴ
3087 2820 3183 2875 καὶ
3219 2818 3269 2872 οἱ
3297 2817 3390 2878 δύο
3439 2815 3546 2869 υἱοί
3588 2831 3684 2867 σου

2109 2924 2229 2995 μετ’
2271 2919 2460 2975 αὐτοῦ.
2513 2916 2733 2988 Ἐξῆλθε
2787 2916 2844 2968 δὲ
2881 2913 3086 2985 Μωσῆς
3139 2912 3220 2974 είς
3250 2909 3576 2979 συνάντησιν
3606 2905 3688 2976 τῷ

2109 3013 2346 3086 γαμϐρῷ
2375 3011 2542 3068 αὐτοῦ
2585 3009 2776 3080 Ἰοθὸρ,
2808 3009 2902 3064 καὶ
2939 3003 3348 3080 προσεκύνησεν
3379 3001 3546 3073 αὐτῷ,
3590 3002 3689 3054 καὶ

2109 3107 2477 3176 κατεφίλησεν
2527 3101 2710 3166 αὑτὸν,
2759 3101 2856 3156 καὶ
2900 3099 3220 3170 ἠσπάσαντο
3255 3095 3540 3168 ἀλλήλους,
3590 3095 3692 3148 καὶ¹

2111 3202 2406 3272 εἰσήγαγεν
2439 3195 2639 3258 αὐτοὺς
2687 3195 2767 3258 εἰς
2809 3193 2910 3264 τὴν
2954 3192 3160 3263 σκηνήν
3184 3204 3198 3220 ⁸
3259 3189 3354 3244 καὶ
3389 3187 3694 3257 διηγήσατο

2110 3293 2316 3362 Μωσῆς
2342 3290 2421 3360 τῷ
2443 3286 2678 3360 γαμϐρῷ
2705 3285 2885 3341 πάντα
2910 3285 3011 3338 ὅσα
3043 3282 3297 3353 εποίησεν
3322 3282 3350 3333 6
3374 3279 3580 3351 Κύριος
3607 3278 3694 3349 τῷ

2107 3382 2312 3454 Φαραὼ
2353 3382 2450 3436 καὶ¹
2491 3383 2602 3444 τοῖς
2633 3379 2953 3448 Αἰγυπτίοις
2981 3377 3146 3431 ἕνεκα
3174 3373 3267 3428 τοῦ
3326 3370 3561 3444 Ἰσραὴλ,
3590 3371 3695 3424 καὶ

2114 3476 2292 3530 πάντα
2324 3474 2416 3528 τὸν
2451 3471 2649 3544 μόχθον
2688 3471 2781 3524 τὸν
2815 3471 3104 3540 γενόμενον
3152 3465 3336 3538 αὐτοῖς
3366 3463 3424 3516 ὲν
3451 3465 3517 3532 τῇ
3555 3460 3692 3530 ὁδῷ,

2107 3569 2204 3622 καὶ
2243 3569 2322 3621 ὅτι
2374 3566 2608 3634 ἐξείλετο
2653 3563 2854 3627 αὐτοὺς
2885 3561 3092 3632 Κύριος
3139 3560 3204 3611 ὲκ
3240 3555 3420 3628 χειρὸς
3459 3550 3692 3624 Φαραὼ,

2111 3660 2205 3715 καὶ
2236 3660 2302 3712 ὲκ
2345 3657 2528 3730 χειρὸς
2563 3655 2672 3710 τῶν
2714 3652 3045 3724 Αἰγυπτίων.
3091 3649 3313 3719 Ἐξέστη
3347 3646 3404 3700 δὲ
3447 3647 3474 3698 6
3518 3643 3695 3716 Ἰοθὸρ

2109 3753 2203 3805 ἐπὶ
2245 3753 2381 3803 πᾶσι
2418 3751 2532 3813 τοῖς
2563 3745 2790 3816 ἀγαθοῖς
2829 3740 2911 3808 οἷς
2940 3744 3196 3814 ἐποίησεν
3229 3740 3428 3802 αὐτοὺς
3457 3737 3694 3808 Κύριος,

2108 3843 2190 3896 ὅτι
2228 3841 2463 3907 ἐξείλετο
2494 3840 2689 3900 αὐτοὺς
2719 3836 2923 3906 Κύριος
2954 3837 3018 3888 ὲκ
3037 3833 3219 3906 χειρὸς
3242 3830 3558 3898 Αἰγυπτίων
3594 3830 3696 3884 καὶ

2107 3934 2173 3987 ὲκ
2210 3932 2392 4004 χειρὸς
2410 3927 2628 4000 Φαραώ.
2661 3926 2771 3980 Kal.
2799 3921 2952 3977 εἶπεν
2987 3922 3172 3992 ’1οθόρ·
3227 3919 3536 3989 Εὐλογητὸς
3567 3920 3695 3974 Κύ-

2104 4043 2244 4098 -ριος,
2274 4025 2354 4076 ὅτι
2375 4020 2602 4084 ἐξείλετο
2621 4019 2714 4072 τὸν
2737 4015 2865 4070 λαὸν
2893 4013 3055 4067 αὐτοῦ
3087 4014 3150 4066 ἐκ
3175 4011 3355 4083 χειρὸς
3381 4010 3490 4064 τῶν
3520 4011 3698 4080 Δίγυ-

423 4103 571 4173 quod
627 4104 864 4174 superbe
899 4115 1131 4175 egerunt
1171 4106 1272 4161 eis.
1292 4107 1360 4160 Et
1391 4105 1604 4174 accepit
1625 4105 1818 4160 Jethro
1851 4121 2007 4162 socer

2109 4116 2299 4178 πτίων,
2324 4113 2417 4166 καὶ
2449 4112 2513 4163 ὲκ
2541 4108 2724 4181 χειρὸς
2750 4105 2979 4178 Φαραώ.
3012 4103 3127 4158 Νῦν
3160 4103 3360 4172 έγνων,
3393 4102 3476 4157 ὃτι
3507 4103 3697 4173 μέγας

432 4195 600 4267 Moysi
636 4196 951 4252 holocausta
981 4208 1038 4252 et
1073 4197 1324 4253 victimas
1365 4196 1478 4251 Deo
1505 4213 1519 4249 :
1544 4196 1696 4250 venit
1737 4205 1919 4253 autem
1954 4206 2007 4254 et

2109 4205 2309 4272 Κύριος
2335 4200 2488 4272 παρὰ
2520 4201 2727 4262 πάντας
2753 4200 2879 4262 τοὺς
2913 4197 3088 4261 θεοὺς,
3119 4195 3306 4248 ἕνεκεν
3335 4195 3554 4259 τούτου,
3607 4195 3695 4248 ὅτι

421 4290 625 4354 Aaron,
641 4296 702 4344 et
723 4305 914 4346 omnes
954 4289 1382 4345 senioreslsrael
1403 4288 1469 4343 ad
1491 4289 1890 4344 comedendum
1913 4307 2007 4361 pa-

2109 4293 2361 4348 ἐπέθεντο
2387 4293 2586 4356 αὐτοῖς.
2625 4291 2735 4345 Kal.
2779 4289 2966 4344 ἐλαϐεν
3005 4287 3175 4358 ἰοθὸρ
3217 4285 3467 4358 γαμϐρὸς
3510 4286 3692 4357 Μωσῆ

422 4396 547 4434 nem
565 4397 690 4435 cum
711 4397 901 4437 socero
924 4381 1090 4453 Moysi
1113 4395 1297 4436 coram
1318 4381 1449 4434 Deo.
1467 4381 1534 4434 Et
1555 4380 1757 4435 factum
1776 4390 1860 4436 est
1880 4390 2004 4452 post

2109 4385 2529 4457 ὁλοκαυτώματα
2567 4386 2662 4440 καὶ
2693 4384 2882 4446 θυσίας
2922 4380 3000 4453 τῷ
3036 4380 3155 4452 Θεῷ
3177 4398 3191 4412 ο
3229 4378 3593 4452 παρεγένοντο
3632 4378 3694 4432 δὲ

422 4473 719 4528 crastinum
741 4474 990 4528 consedit
1010 4473 1221 4544 Moyses
1241 4472 1306 4526 ad
1323 4472 1680 4542 judicandum
1701 4474 1962 4544 populum
1985 4490 2000 4540 ;

2114 4476 2324 4550 Ἀαρὼν
2357 4477 2450 4530 καὶ
2477 4478 2676 4542 πάντες
2706 4477 2756 4528 οἱ
2790 4473 3157 4546 πρεσϐύτεροι
3216 4470 3434 4543 Ἰσραὴλ
3468 4486 3695 4540 συμφα-

421 4564 711 4618 assistebat
744 4573 930 4618 autem
961 4564 1139 4618 omnis
1157 4563 1392 4633 populus
1411 4562 1576 4634 Moysi
1597 4579 1628 4617 a
1651 4578 1809 4619 mane
1832 4579 2005 4633 usque

2109 4569 2218 4637 γεῖν
2247 4569 2411 4640 ἄρτον
2446 4566 2583 4639 μετὰ
2619 4569 2712 4620 τοῦ
2745 4565 3000 4637 γαμϐροῦ
3032 4564 3279 4627 Μωσέως
3312 4562 3553 4616 ἐναντίον
3590 4560 3692 4614 τοῦ

422 4654 489 4708 ad
509 4670 820 4724 vesperum.
835 4654 1042 4710 Videns
1053 4661 1236 4706 autem
1255 4651 1444 4707 Jethro
1457 4652 1640 4708 omnia
1665 4668 2006 4723 quaecunque

2109 4657 2263 4712 Θεοῦ.
2315 4657 2424 4710 Kal.
2469 4657 2690 4724 ἐγένετο
2741 4655 2878 4724 μετὰ
2903 4654 3002 4725 τὴν
3036 4653 3322 4724 ἐπαύριον,
3367 4649 3694 4705 συνεκάθισε

421 4747 655 4801 faciebat
670 4746 893 4817 populo,
917 4744 1096 4814 inquit
1118 4763 1130 4796 :
1154 4743 1295 4810 Quid
1316 4744 1420 4798 hoc
1438 4753 1493 4798 tu
1514 4744 1649 4799 facis
1665 4745 1892 4816 populo?
1910 4760 2007 4800 cur

2109 4750 2309 4820 Μωσῆς
2333 4747 2536 4820 κρίνειν
2561 4747 2654 4800 τὸν
2695 4746 2825 4800 λαόν
2844 4764 2857 4778 ·
2895 4747 3252 4816 παρειστήκει
3284 4743 3343 4797 δὲ
3366 4745 3394 4795 6
3417 4741 3542 4804 λαὸς
3577 4743 3694 4805 πᾶς

423 4847 480 4893 ιιι
501 4839 660 4893 sedes
680 4839 851 4904 solus,
871 4845 928 4892 et
946 4837 1126 4893 omnis
1141 4837 1378 4908 populus
1396 4844 1537 4892 astat
1554 4837 1654 4892 tibi
1682 4852 1712 4890 a
1730 4850 1890 4890 mane
1908 4849 2004 4890 us-

2111 4844 2282 4913 Μωσῇ
2329 4840 2436 4894 ἀπὸ
2486 4838 2724 4911 πρωῖθεν
2773 4839 2877 4901 ἕως
2911 4837 3184 4909 ἑσπέρας.
3236 4834 3381 4890 Ἰδὼν
3407 4833 3466 4887 δὲ
3518 4833 3696 4904 Ίοθὸρ

421 4946 528 4998 que
545 4931 612 4984 ad
633 4929 964 4999 vesperum?
991 4929 1060 4983 Et
1077 4928 1210 4984 dicit
1244 4931 1454 5002 Moyses
1490 4946 1686 4985 socero
1701 4946 1803 4986 suo
1829 4947 1842 4983 :
1865 4928 2004 4996 Quia

424 5022 575 5074 venit
595 5021 664 5074 ad
686 5035 772 5074 me
791 5021 1028 5090 p0pulus
1044 5036 1289 5090 quaerere
1305 5023 1576 5094 judicium
1596 5037 1626 5076 a
1649 5022 1781 5076 Deo.
1814 5020 2004 5087 Quan-

423 5112 495 5166 do
513 5111 661 5166 enim
678 5111 847 5166 fuerit
865 5112 944 5168 eis
966 5116 1356 5180 controversia,
1395 5122 1453 5168 et
1487 5113 1742 5168 venerint
1782 5112 1851 5166 ad
1889 5128 2004 5176 me,

417 5203 608 5278 judico
655 5205 798 5259 inter
820 5205 1080 5277 singulos,
1102 5214 1156 5261 et
1175 5207 1346 5262 doceo
1368 5207 1490 5260 illos
1529 5203 1784 5257 mandata
1817 5204 1913 5258 Dei
1952 5213 2008 5259 et

423 5297 597 5365 legem
618 5296 756 5366 ejus.
780 5295 1130 5351 Dixitautem
1168 5311 1326 5350 socer
1361 5293 1530 5362 Moysi
1571 5290 1640 5344 ad
1677 5306 1843 5344 eum:
1885 5293 2005 5347 Non

423 5394 572 5441 recte
608 5386 744 5441 facis
781 5387 1012 5443 verbum
1065 5387 1210 5452 hoc;
1265 5381 1618 5450 corruptione
1664 5385 2007 5439 consumeris

427 5478 758 5543 intolerabili
797 5488 854 5535 et
881 5489 962 5546 tu,
999 5487 1058 5535 et
1090 5476 1270 5534 omnis
1290 5472 1525 5543 populus
1554 5471 1646 5528 hic
1668 5473 1762 5544 qui
1793 5484 1878 5530 est
1923 5484 2006 5531 te-

2113 4936 2292 4990 πάντα
2318 4934 2417 4987 ὅσα
2451 4931 2672 5002 ἐποίησε
2723 4930 2804 5000 τῷ
2845 4929 2978 5000 λαῷ,
3019 4929 3204 5009 λέγει·
3258 4928 3323 4981 Τί
3365 4925 3522 4980 τοῦτο
3552 4924 3580 4976 ὃ
3625 4925 3697 4977 σὺ

2112 5026 2286 5086 ποιεῖς
2304 5023 2382 5094 τῷ
2411 5022 2528 5092 λαῷ
2549 5039 2563 5088 ;
2587 5021 2676 5074 διὰ
2701 5020 2754 5073 τί
2779 5021 2842 5073 σὺ
2865 5019 3101 5088 κάθησαι
3136 5019 3313 5090 μόνος,
3345 5018 3452 5080 πᾶς
3482 5014 3536 5066 δὲ
3563 5013 3696 5077 λαὸς

2113 5112 2426 5186 παρέστηκε
2454 5129 2537 5165 σοι
2565 5111 2673 5165 ἀπὸ
2712 5109 2858 5181 πρωῒ
2885 5110 2990 5173 ’ἐως
3012 5109 3191 5179 δείλης
3214 5127 3228 5174 ;
3256 5107 3368 5160 Kal
3387 5105 3536 5173 λέγει
3564 5105 3700 5158 Μω-

2114 5207 2210 5276 σῆς
2239 5204 2316 5274 τῷ
2347 5202 2583 5276 γαμϐρῷ
2605 5219 2618 5233 ·
2655 5203 2774 5256 Ὅτι
2808 5203 3168 5272 παραγίνεται
3205 5202 3232 5253 6
3263 5197 3390 5261 λαὸς
3437 5197 3573 5268 πρός
3619 5213 3695 5266 με

2112 5292 2408 5363 ὲκζητῆσαι
2451 5291 2632 5362 κρίσιν
2671 5291 2820 5361 παρὰ
2865 5290 3022 5344 Θεοῦ.
3079 5291 3250 5344 Ὅταν
3288 5289 3397 5360 γὰρ
3462 5288 3698 5358 γένηται

2111 5387 2295 5448 αὐτοῖς
2322 5381 2600 5450 ἀντιλογία
2623 5383 2715 5435 καὶ
2736 5382 2928 5435 ἔλθωσι
2961 5381 3097 5451 πρός
3132 5399 3219 5452 με,
3253 5381 3512 5450 διακρίνω
3555 5377 3697 5430 ’ἐκα-

2113 5495 2259 5544 στον,
2291 5476 2387 5530 καὶ
2421 5474 2743 5546 συμϐιϐάξω
2774 5476 2971 5540 αὐτοὺς
3017 5474 3084 5529 τά
3133 5473 3532 5545 προστάγματα
3589 5466 3695 5525 τοῦ

493 5663 538 5704 θ’
582 5663 768 5727 Matth.
797 5681 910 5732 xm,
950 5663 1040 5720 29.
1089 5663 1134 5696 ³⁸
1157 5663 1312 5718 Joan.
1354 5662 1522 5730 x,16.
1603 5662 1646 5695 ’³
1697 5661 1883 5736 Epth
1960 5676 2000 5724 ι,
2039 5659 2122 5724 Η,
2176 5657 2260 5718 15.
