3968 6300
211 247 318 308 281

961 252 1050 308 DE
1087 254 1536 311 ADORATIONE
1569 256 1637 311 IN
1677 255 1952 317 SPIRITU
1983 263 2072 318 ΕΤ
2111 263 2480 324 VERITATE.
2525 270 2654 326 LIB.
2695 273 2783 328 Ill.

3377 279 3487 335 τὶδὲ

213 366 352 420 Θεοῦ
408 365 502 419 καὶ
527 367 620 418 τὸν
636 367 800 436 νόμον
828 367 1012 423 αὐτοῦ.
1049 367 1182 425 Εῐπε
1205 373 1262 426 δὲ
1289 375 1318 426 ό
1342 374 1591 444 γαμϐρὸς
1620 377 1781 430 Muta?

1897 397 2024 436 cum
2052 400 2252 454 :grave
2289 385 2388 440 tibi
2423 387 2653 442 verbum
2680 391 2806 454 hoc,
2827 406 2936 446 non
2965 402 3172 462 poteris
3210 401 3270 448 tu
3304 394 3486 452 facere

215 459 352 530 πρὸς
392 458 557 512 αὐτόν
583 475 596 490 ·
637 460 752 513 Οὐκ
779 460 958 532 ὀρθῶς
1000 464 1064 516 σὺ
1095 467 1270 528 ποιεῖς
1308 466 1369 519 τὸ
1421 467 1573 537 ῥῆμα
1612 467 1788 535 τοῦτο,

211 551 269 604 οὑ
303 550 508 621 δυνήσῃ
541 551 605 603 σὺ
630 555 804 606 ποιεῖν
837 553 1013 623 μόνος.
1039 555 1153 609 Νῦν
1185 556 1242 609 δὲ
1274 557 1505 612 ἄκουσόν
1539 576 1663 630 μου,
1693 560 1790 613 καὶ

213 640 604 711 συμϐουλεύσω
637 658 741 706 σοι,
769 643 864 695 καὶ
905 642 1057 698 ἐσται
1087 645 1114 697 ὁ
1142 644 1276 710 Θεὸς
1315 646 1453 717 μετὰ
1484 647 1597 701 σοῦ.
1631 646 1787 700 Γίνου

211 738 274 790 σὺ
299 735 382 806 τῷ
415 733 530 807 λαῷ
559 735 628 789 τὰ
660 737 797 806 πρὸς
824 737 916 791 τὸν
954 737 1107 804 Θεὸν,
1146 740 1243 793 κα)⁵
1271 739 1507 803 ἀνοίσεις
1544 741 1670 802 τοὺς
1703 739 1789 792 λό-

209 843 339 894 γους
365 826 547 880 αὑτῶν
580 826 720 897 πρὸς
766 825 856 882 τὸν
885 827 1037 893 Θεὸν,
1070 829 1166 884 καὶ
1209 829 1569 902 διαμαρτύρει
1601 830 1787 893 αὐτοῖς

205 918 275 971 τὰ
298 916 699 989 προστάγματα
722 916 815 970 τοῦ
859 917 994 971 Θεοῦ
1029 919 1124 972 καὶ
1155 919 1246 974 τὸν
1283 920 1447 992 νόμον
1475 920 1661 987 αὐτοῦ,
1693 920 1790 974 καὶ

207 1011 472 1080 σημανεῖς
531 1010 717 1071 αὐτοῖς
758 1009 858 1072 τὰς
890 1009 1066 1073 ὀδοὺς,
1092 1012 1150 1063 ὲν
1200 1007 1290 1074 αἷς
1323 1011 1680 1082 πορεύωνται
1723 1013 1781 1063 ὲν

205 1101 417 1167 αὑταῖς,
453 1102 549 1154 καὶ
610 1099 680 1154 τὰ
728 1101 866 1172 ἔργα
921 1099 956 1154 ἃ
1007 1101 1314 1172 ποιήσουσι.
1361 1104 1469 1157 Καὶ
1501 1104 1564 1157 σὺ
1608 1101 1789 1172 σαυτῷ

207 1192 404 1262 σκέψαι
430 1191 539 1246 ἀπὸ
565 1191 767 1255 παντὸς
792 1192 888 1246 τοῦ
912 1192 1044 1246 λαοῦ
1079 1193 1299 1265 ἄνδρας,
1325 1196 1478 1263 φησὶ,
1499 1195 1779 1260 δυνατοὺς,

1898 471 2068 526 solus.
2108 472 2267 528 Nune
2288 474 2457 545 igitur
2474 475 2604 531 audi
2645 493 2752 542 me,
2775 488 2832 533 et
2872 481 3161 537 consilium
3195 481 3296 538 tibi
3320 483 3464 539 dabo
3500 469 3522 562 ιδ
3552 464 3559 478 ’

1898 562 2031 617 Esto
2075 572 2132 618 tu
2180 566 2385 635 populo
2425 566 2480 621 in
2530 567 2618 632 iis,
2650 583 2771 638 quae
2809 569 2875 623 ad
2930 571 3132 637 Deum,
3171 582 3228 628 et
3273 575 3484 631 referes

1897 670 2182 711 sermones
2211 672 2404 712 eorum
2427 658 2494 714 ad
2518 659 2713 726 Deum,
2738 668 2794 714 et
2825 661 3115 717 testificare
3157 666 3238 720 eis
3278 671 3508 759 prrece-i

1892 751 1989 814 pta
2025 744 2124 800 Dei
2161 754 2217 799 et
2243 746 2419 817 legem
2453 749 2593 818 ejus,
2613 757 2669 803 et
2701 750 2958 806 ostendes
2988 751 3070 806 eis
3117 754 3231 808 vias
3266 756 3319 810 in
3358 757 3484 827 qui-

1894 833 2002 890 bus
2027 836 2314 892 ambulent
2353 840 2411 893 in
2446 839 2601 911 ipsis,
2635 848 2692 896 et
2729 856 2898 912 Opera
2931 859 3052 913 qua:
3079 843 3298 899 facient.
3329 847 3396 901 Et
3426 859 3483 904 tu

1897 927 1997 981 tibi
2032 930 2261 999 provide
2283 932 2352 986 ab
2385 934 2535 987 omni
2568 934 2769 1005 populo
2800 935 2970 1000 viros,
2995 935 3194 1005 inquit,
3209 947 3482 1008 potentes,

1894 1027 1951 1072 et
1966 1020 2298 1090 judicabunt
2317 1026 2580 1098 populum
2599 1031 2637 1080 '.
2665 1047 2683 1079 ι
2719 1027 2786 1082 Ει
2811 1027 3137 1098 quibusdam
3162 1030 3482 1102 interjectis,

1895 1109 2100 1165 iterum
2133 1130 2146 1166 :
2180 1133 2198 1164 ι
2232 1114 2459 1171 Audivit
2483 1125 2690 1182 autem,
2725 1137 2742 1169 ι
2778 1118 2976 1188 inquit,
3007 1141 3025 1171 ‹
3057 1120 3266 1193 Moyses
3291 1138 3482 1178 vocem

1889 1203 2066 1256 soceri
2103 1204 2210 1270 sui,
2241 1215 2298 1262 et
2327 1206 2461 1264 fecit
2495 1225 2836 1278 quaecunque
2873 1211 3090 1267 dixerat
3113 1213 3277 1284 ipsi‘.
3316 1233 3334 1265 ι

204 1285 296 1338 καὶ
333 1284 580 1356 κρινοῦσι
626 1283 718 1337 τὸν
759 1284 906 1339 λαόν.
963 1303 982 1336 ι
1037 1285 1146 1337 Καὶ
1186 1285 1516 1377 μεθ’ᾼέτερα
1571 1286 1775 1342 πάλινο
1820 1309 1838 1340 ι
1882 1292 2127 1349 Ἤκουσε
2161 1297 2240 1364 δὲ,
2288 1318 2308 1352 ι
2347 1274 2556 1373 φησὶίι
2607 1274 2811 1375 Mater-7};
2843 1303 2940 1374 τῆς
2982 1274 3167 1375 φωνῆς
3207 1305 3302 1359 τοῦ
3332 1322 3482 1377 γαμ-
3557 1274 3561 1277 -

202 1379 335 1451 ϐροῦ
368 1379 558 1444 αὐτοῦ,
592 1381 684 1434 καὶ
707 1380 962 1450 ἐποίησεν
995 1380 1094 1432 ὅσα
1126 1380 1274 1450 αὐτῴ
1300 1375 1507 1434 εἶπεν.»

274 1493 488 1548 ΠΛΛΛ.
526 1492 630 1548 Ἰθι
663 1494 728 1565 δή
769 1511 858 1565 μοι
895 1494 1076 1563 πάλιν,
1109 1496 1205 1550 καὶ
1231 1495 1335 1550 ἀνὰ
1369 1495 1533 1568 μέρος
1579 1496 1784 1552 ἕκαστα

201 1583 494 1648 διαλαϐὼν,
526 1584 804 1654 διασάφει.

273 1675 439 1729 ΚΥΡ.
472 1671 550 1728 Ἦ
583 1677 684 1729 οῦκ
716 1672 858 1730 εἶναι
889 1679 995 1748 φῂς
1029 1679 1294 1749 ἀλλογενῆ
1319 1695 1376 1733 τε
1416 1681 1508 1734 καὶ
1531 1679 1590 1744 ἐξ
1618 1680 1786 1734 ὲθνῶν

1958 1502 2156 1558 PALL.
2217 1504 2388 1575 Perge
2440 1505 2608 1576 igitur
2661 1507 2795 1560 mihi
2853 1524 3080 1575 rursus,
3138 1519 3197 1565 et
3250 1510 3481 1583 singulis

1887 1595 2114 1650 seorsim
2146 1596 2458 1651 distributis
2478 1613 2580 1667 per
2603 1609 2788 1667 partes
2817 1601 3049 1669 explica.

1957 1686 2115 1742 CYR.
2155 1687 2348 1743 Nonne
2380 1698 2628 1744 exterum
2659 1705 2780 1745 esse
2812 1690 3018 1756 fateris,
3043 1699 3099 1746 et
3129 1708 3196 1746 ex
3223 1695 3482 1764 gentibus

199 1767 293 1819 τὸν
339 1766 700 1836 Μαδιηναῖον;
755 1769 828 1822 Ob
877 1769 986 1840 γάρ
1026 1787 1127 1822 που
1175 1769 1332 1841 ῥίζης
1377 1770 1480 1840 τῆς
1539 1770 1781 1844 Ἀϐραὰμ

1888 1778 2170 1854 hominem
2196 1780 2584 1836 Madianitam?
2621 1783 2811 1853 Neque
2833 1784 2981 1838 enim
3013 1794 3095 1839 est
3115 1801 3182 1840 ex
3204 1785 3478 1842 Abraham

197 1857 365 1924 ἐξέφυ
388 1873 400 1886 ·
427 1853 494 1929 ἦν
517 1857 572 1911 δὲ
597 1860 690 1912 καὶ
722 1859 925 1930 ἑτέρως
962 1861 1244 1932 ἱερουργός
1269 1879 1328 1914 τε
1357 1863 1452 1914 καὶ
1473 1862 1660 1934 λάτρις
1689 1864 1788 1933 τῆς

197 1951 320 2003 κατ’
347 1953 530 2005 έκεῖνο
566 1951 762 2022 καιροῦ
789 1953 1187 2024 νενομισμένης
1222 1955 1315 2006 ἐπὶ
1350 1954 1449 2024 τῆς
1477 1957 1579 2026 γῆς
1609 1954 1789 2008 ἐθελο-

197 2041 526 2114 θρησκείας.
586 2043 967 2113 Προσεκύνουν
1030 2045 1129 2115 μὲν
1166 2045 1300 2117 γάρ,
1355 2045 1430 2109 ὼς
1461 2045 1626 2110 πολὺς
1675 2046 1787 2117 ἔχει

196 2131 374 2202 λόγος,
419 2131 590 2203 ᾤοντό
625 2151 683 2187 τε
730 2135 884 2188 αὐτοὶ¹
941 2134 1082 2188 κατὰ
1130 2138 1270 2205 σφᾶς
1312 2135 1530 2200 αὐτοὺς,
1582 2137 1789 2210 ὑψίστῳ

197 2224 316 2292 Θεῷ
345 2224 606 2296 καθάπερ
635 2225 826 2296 ἀμέλει
868 2227 962 2280 καὶ
999 2227 1335 2298 Μελχισεδέκ
1359 2245 1374 2258 ·
1400 2229 1790 2300 προσεδέχοντο

201 2317 257 2369 δὲ
284 2317 380 2371 καλ⁸
400 2317 625 2388 ἐτέρους
650 2319 790 2388 τάχα
820 2335 921 2370 που
965 2317 1142 2382 θεοὺς,
1183 2319 1604 2391 ὲναριθμοῦντες
1636 2321 1788 2392 αὐτῷ

197 2409 265 2462 τὰ
295 2409 557 2482 ἐξαίρετα
593 2409 702 2462 τῶν
755 2413 1090 2478 κτισμάτων,
1139 2413 1246 2482 γῆν
1291 2429 1352 2465 τε
1398 2413 1492 2466 καὶ
1535 2415 1784 2484 οὐρανὸν,

199 2501 351 2572 ἥλιον
375 2503 470 2554 καὶ
495 2500 746 2572 σελήνην,
771 2503 864 2556 καὶ
886 2503 954 2557 τὰ
976 2504 1086 2555 τῶν
1125 2502 1343 2574 ἄστρων
1374 2505 1752 2577 ὲπισημότερα
1768 2522 1783 2536 °

201 2589 295 2643 καὶ
328 2588 707 2661 πλημμέλημα
743 2589 844 2660 μὲν
868 2591 1091 2663 ἀρχαῖον
1116 2593 1149 2662 ή
1190 2591 1286 2646 ἐπὶ
1305 2591 1441 2662 τῷδε
1467 2593 1786 2664 καταφθορά

199 2682 294 2735 καὶ
315 2680 606 2751 πλάνησις,
631 2681 810 2752 διήκει
839 2682 896 2735 δὲ
928 2683 1024 2735 καὶ
1053 2684 1133 2746 εἰς
1165 2683 1324 2756 δεῦρο
1351 2685 1444 2738 καὶ
1468 2685 1786 2756 παρατείνε-

197 2789 311 2826 ται.
344 2773 606 2842 Φρονοῦσι
647 2774 755 2845 γὰρ
787 2767 889 2828 ὦδε
921 2775 1365 2846 παραληροῦντες
1390 2777 1470 2830 ἔτι
1497 2778 1604 2832 τῶν
1633 2778 1691 2832 ὲν
1715 2782 1782 2851 τῇ

198 2865 426 2937 Φοινίκῃ
476 2865 570 2918 καὶ
608 2865 942 2940 Παλαιστίνῃ
979 2868 1146 2932 τινὲς,
1194 2867 1244 2920 οἳ
1287 2869 1428 2936 σφᾶς
1459 2868 1558 2939 μὲν
1588 2868 1785 2932 αὐτοὺς

201 2955 477 3020 θεοσεϐεῖς
515 2957 892 3028 ὀνομάζουσιν,
917 2953 1074 3029 οἶμον
1101 2959 1158 3012 δέ
1185 2977 1308 3012 τινα
1342 2959 1648 3034 θρησκείας,
1667 2959 1784 3014 δια-

201 3047 477 3118 στείχουσι
504 3049 696 3119 μέσην,
730 3049 854 3103 οὔτε
879 3052 993 3113 τοῖς
1027 3050 1299 3105 Ἰουδαίων
1329 3051 1474 3104 ἔθεσι
1499 3052 1778 3123 καθαρῶς,

1889 1870 2060 1939 stirpe
2105 1871 2426 1941 progenitus
2477 1891 2490 1925 :
2537 1881 2658 1927 erat
2711 1874 2875 1928 etiam
2933 1875 3137 1946 alioqui
3196 1877 3479 1947 religionis

1887 1963 2008 2032 ejus
2071 1978 2193 2031 qua:
2241 1979 2339 2032 per
2383 1963 2576 2018 orbem
2623 1975 2897 2019 terrarum
2946 1978 3063 2021 erat
3110 1983 3176 2023 eo
3230 1975 3479 2038 tempore

1887 2057 2230 2128 pervulgata,
2262 2058 2521 2113 sacerdos
2549 2068 2605 2113 et
2633 2060 2833 2114 cultor.
2862 2061 3277 2116 Vcnerabantur
3305 2063 3476 2126 enim,

1886 2157 1950 2203 ut
1990 2158 2076 2204 est
2115 2151 2414 2204 multorum
2457 2165 2712 2205 sermone
2753 2151 3109 2217 celebratum,
3147 2161 3203 2206 et
3237 2153 3340 2222 ipsi
3381 2168 3482 2222 per

1888 2257 1947 2295 se
1987 2241 2276 2310 putabant,
2311 2242 2486 2296 Deum
2528 2242 2882 2308 altissimum,
2923 2251 2981 2296 ut
3025 2245 3188 2297 etiam
3235 2243 3482 2313 profecto

1887 2332 2328 2399 Melchisedech;
2379 2334 2518 2389 alios
2567 2350 2788 2404 quoque
2837 2335 2971 2390 deos
3023 2335 3384 2405 recipiebant,
3424 2347 3481 2392 et

1887 2426 1943 2480 in
1977 2427 2210 2481 deorum
2237 2443 2526 2483 numerum
2556 2444 2664 2482 una
2705 2444 2830 2482 cum
2871 2429 2965 2482 illo
2993 2413 3319 2483 referebant
3359 2428 3478 2484 exi-

1886 2516 2024 2571 mias
2073 2526 2374 2583 creaturas,
2411 2528 2613 2574 terram
2663 2520 2790 2574 dico
2841 2529 2898 2574 et
2950 2520 3172 2585 coelum,
3208 2520 3378 2574 solem
3423 2531 3482 2575 et

1884 2610 2093 2684 lunam,
2128 2616 2186 2663 et
2218 2619 2364 2664 astra
2406 2610 2744 2681 insigniora;
2777 2620 2941 2681 atque
2973 2611 3244 2681 ejusmodi
3284 2611 3388 2664 hac
3420 2611 3477 2665 in

1885 2716 1944 2754 re
1983 2701 2134 2754 labes
2185 2710 2243 2754 et
2293 2715 2450 2755 error
2503 2709 2663 2755 vetus
2715 2700 2939 2770 quidem
2984 2700 3177 2753 vitium
3221 2699 3342 2764 fuit,
3379 2699 3474 2755 sed

1884 2791 2031 2861 quod
2082 2805 2254 2860 usque
2293 2791 2361 2845 ad
2396 2803 2585 2846 nostra
2631 2801 2881 2861 tempora
2938 2789 3272 2860 pervenerit,
3313 2799 3478 2860 atque

1883 2884 2205 2952 pervaserit.
2250 2883 2344 2939 Sic
2371 2884 2521 2942 enim
2554 2884 2735 2939 adhuc
2767 2883 2989 2953 quidam
3041 2882 3099 2936 in
3133 2882 3392 2937 Phoenice
3421 2890 3479 2936 et

1883 2975 2172 3032 Palaestina
2226 2975 2560 3046 desipientes
2611 2977 2878 3038 sentiunt,
2924 2975 3039 3044 qui,
3084 2990 3210 3028 cum
3260 2991 3318 3029 se
3371 2974 3515 3044 ipsi.

1882 3067 2167 3140 religiosos
2203 3070 2500 3140 appellent,
2533 3069 2678 3124 viam
2709 3078 2890 3123 tamen
2935 3068 3172 3122 mediam
3199 3067 3480 3137 religionis

196 3138 317 3194 οῦτε
342 3141 458 3202 τοῖς
489 3139 756 3210 Ἐλλήνων
772 3140 1156 3212 προσκείμενοι
1180 3183 1195 3206 ,
1220 3143 1301 3206 εἰς
1323 3141 1489 3213 ἄμφω
1508 3143 1564 3196 δὲ
1588 3143 1776 3215 ὥσπερ

1888 3138 2289 3229 ingrediuntur,
2331 3174 2510 3228 neque
2568 3158 2882 3214 Judaaorum
2931 3157 3180 3211 moribus
3211 3157 3318 3226 93
3350 3171 3474 3210 om-

197 3229 684 3302 διαρριπτούμενοι
733 3233 830 3284 καὶ
885 3232 1306 3304 μεμερισμένοι.
1371 3233 1676 3304 Ἐλομένοις
1723 3236 1780 3289 δέ

197 3339 329 3376 ποτε
371 3325 487 3386 τοῖς
534 3324 592 3392 ἐξ
653 3325 868 3396 Ἰσραὴλ
911 3326 972 3378 τὸ
1018 3319 1121 3380 ὧδε
1165 3329 1381 3398 φρονεῖν
1425 3329 1453 3381 ό
1494 3329 1782 3400 προφήτης

207 3415 399 3480 Ἠλίας
433 3415 672 3486 ἐπετίμα
710 3416 916 3486 λέγων·
960 3437 978 3470 ι
1023 3419 1167 3483 Ἕως
1204 3420 1337 3472 πότε
1366 3419 1660 3490 χωλανεῖτε
1693 3421 1781 3474 ἐπ’

197 3507 540 3579 ἀμφοτέραις
577 3511 700 3572 ταῖς
726 3509 971 3578 ίγνύαις;
1004 3510 1036 3581 ἢ
1071 3511 1238 3575 Βάαλ,
1273 3511 1442 3576 Βάαλ,
1470 3511 1504 3580 ἢ
1531 3511 1611 3582 τῷ
1639 3510 1778 3580 Θεῷ,

195 3599 369 3672 Θεῷ.»
395 3598 504 3656 Ἦν
533 3597 626 3656 οὖν
653 3603 762 3674 ἄρα
782 3603 878 3656 καὶ
906 3603 1074 3674 Ἰοθὸρ
1103 3605 1365 3658 τοιουτονί
1388 3621 1531 3670 τινα,
1553 3604 1692 3658 κατὰ
1721 3605 1783 3657 τὸ

197 3695 369 3762 εἰκὸς,
399 3694 701 3765 θρησκείας
743 3693 947 3748 διέπων
987 3695 1210 3766 τρόπον.
1249 3697 1344 3758 Ὃς
1368 3694 1598 3766 ἐπείπερ
1641 3694 1782 3763 ἔγνω

195 3789 262 3842 τὰ
306 3789 463 3858 παρά
517 3787 653 3841 Θεοῦ
711 3788 973 3858 γεγονότα
1022 3788 1158 3859 πρὸς
1229 3789 1504 3860 σωτηρίαν
1553 3787 1661 3841 τῶν
1723 3787 1782 3853 ἐξ

207 3879 445 3952 Ἰσραὴλ,
477 3882 699 3944 ’σεπτοῖς
729 3881 825 3935 καὶ
872 3880 1224 3948 άξιαγάστοις
1265 3881 1568 3950 διηγήμασι
1613 3898 1779 3934 κατα-

195 3971 554 4043 κηλούμενος,
583 3971 801 4026 πανοικί
823 3989 880 4026 τε
914 3974 1009 4026 κα)⁸
1047 3973 1310 4042 παγγενεὶ
1340 3971 1478 4043 πρὸς
1506 3972 1596 4026 τὸν
1639 3972 1780 4043 ἱερὸν

193 4065 512 4133 ἀφικνεῖται
544 4063 768 4118 Maias-51°
813 4063 872 4127 ὃς
907 4063 1138 4135 ἐπείπερ
1185 4059 1346 4127 εἶδεν,
1377 4062 1628 4134 ἀσμένως
1663 4067 1778 4116 είσο

193 4158 417 4225 εδέξατό
439 4175 500 4210 τε
540 4158 636 4211 καὶ
679 4157 1064 4227 εἱσκεκὸμικεν
1089 4158 1169 4219 εἰς
1207 4155 1345 4209 ἰδίαν
1375 4158 1602 4227 σκηνήν.
1651 4155 1780 4226 Ἀφ·

191 4254 408 4321 ηγεῖται
439 4251 496 4304 δὲ
542 4249 932 4322 ἀκριϐέστερον
959 4248 1028 4302 τὰ
1053 4248 1143 4302 διὰ
1187 4248 1286 4318 τῆς
1316 4247 1465 4312 θείας
1501 4249 1683 4320 ἰσχύος
1717 4244 1776 4302 εὖ

191 4343 340 4413 μάλα
377 4341 803 4414 κατορθώματα.
835 4340 946 4394 Καὶ
977 4339 1044 4394 τὰ
1090 4340 1290 4404 παντὸς
1325 4341 1580 4394 ἐπέκεινα
1617 4341 1777 4409 λόγου

182 4435 709 4505 ’τερατουργήματα.
760 4432 1023 4487 Καλεῖται
1055 4431 1164 4503 γὰρ
1198 4433 1276 4495 είς
1309 4433 1650 4503 μετάγνωσιν
1677 4432 1774 4503 τὴν
1803 4471 1808 4476 .

1806 4491 1853 4548 D

1885 3249 2040 3315 nino,
2075 3266 2255 3320 neque
2295 3251 2581 3321 gentilium
2623 3249 2849 3314 addicti,
2887 3250 3033 3302 inter
3077 3256 3339 3316 utrosque
3373 3263 3476 3301 au-

1887 3350 1997 3394 tem
2039 3339 2444 3408 quodammodo
2478 3338 2668 3408 jactati
2713 3346 2878 3408 atque
2919 3337 3162 3391 dissecti.
3199 3336 3478 3391 Israelitas

1885 3439 2070 3484 autem
2095 3429 2248 3493 olim,
2275 3445 2403 3484 cum
2438 3430 2505 3484 ad
2535 3416 2793 3484 eumdem
2843 3429 3068 3483 modum
3120 3428 3325 3483 sentire
3361 3443 3476 3484 ca:-

1885 3522 2134 3592 pissent,
2189 3521 2337 3576 Elias
2393 3521 2661 3592 propheta
2721 3521 3034 3593 objurgavit
3089 3520 3176 3575 his
3236 3520 3472 3575 verbis:

1893 3633 1911 3665 ι
1951 3613 2251 3683 Quousque
2298 3613 2621 3668 elaudicatis
2672 3614 2941 3668 ambobus
2990 3611 3335 3682 poplitibus?
3381 3621 3479 3666 aut

1884 3707 2034 3772 Baal,
2078 3707 2227 3772 Baal,
2258 3716 2354 3761 aut
2381 3707 2513 3772 Deo,
2543 3706 2656 3761 Deo
2687 3707 2726 3760 ⁸.
2758 3727 2776 3758 ι
2813 3706 3120 3762 Verisimile
3160 3705 3327 3775 igitur
3368 3713 3474 3766 est.

1884 3799 2078 3856 Jethro
2111 3815 2333 3871 quoque
2361 3797 2632 3869 ejusmodi
2671 3799 2910 3869 aliquam
2951 3805 3199 3852 secutum
3235 3810 3356 3850 esse
3384 3811 3474 3849 re-

1882 3891 2103 3962 ligionis
2142 3891 2392 3946 formam.
2439 3889 2566 3957 Qui,
2616 3899 2973 3960 pOSteaquam
3011 3888 3266 3960 cognovit
3297 3902 3417 3958 quae
3442 3902 3476 3941 a

1881 3982 1995 4038 Deo
2018 3982 2262 4054 profecta
2285 3982 2522 4037 fuissent
2557 3981 2624 4036 ad
2656 3982 2888 4037 salutem
2919 3981 3184 4035 lsraelitis
3205 3989 3473 4050 praestan-

1882 4073 2029 4138 dam,
2065 4073 2372 4144 magniﬁcis
2405 4081 2571 4142 atque
2606 4071 3026 4127 admirabilibus
3068 4070 3477 4126 narrationibus

1881 4165 2120 4229 illectus,
2151 4180 2280 4218 cum
2309 4163 2473 4218 domo
2514 4169 2629 4217 tota
2683 4178 2747 4217 ac
2776 4177 2975 4232 genere
3008 4169 3122 4215 toto
3155 4160 3223 4214 ad
3250 4159 3472 4230 Moysen

1883 4254 2051 4307 venit.
2080 4253 2151 4317 Is,
2185 4269 2308 4307 cum
2329 4253 2570 4306 libenter
2595 4266 2723 4304 eum
2764 4250 3086 4318 aspexisset,
3119 4249 3357 4318 excepit,
3388 4249 3474 4302 in-

1881 4360 1988 4414 que
2033 4360 2194 4398 suum
2242 4343 2658 4398 tabernaculum
2707 4341 2943 4403 induxit,
2977 4341 3340 4408 exposuitque
3388 4355 3476 4394 ac-

1881 4434 2128 4488 curatius
2171 4433 2264 4487 illa
2301 4433 2502 4486 divina:
2539 4430 2768 4484 virtutis
2799 4429 3062 4499 praeclara
3098 4437 3268 4499 gesta,
3303 4429 3476 4483 admi-

188 4522 263 4587 ὼς
299 4523 444 4594 πρὸς
483 4523 616 4576 Θεὸν
667 4525 703 4595 ή
736 4523 846 4576 τῶν
877 4523 1247 4594 πλανωμένων
1270 4524 1502 4594 πληθὺς,
1535 4525 1679 4594 φημὶ
1710 4524 1774 4596 δὴ

1888 4527 2157 4597 randaque
2186 4526 2349 4591 facta,
2378 4541 2500 4594 quae
2525 4523 2637 4578 vim
2675 4522 2948 4578 sermonis
2985 4538 3204 4576 omnem
3247 4538 3475 4593 supera-

187 4615 255 4668 τὰ
289 4615 445 4686 ἔθνη,
497 4617 554 4668 ὲν
581 4615 818 4688 πρώτοις
856 4615 954 4685 μὲν
986 4615 1051 4668 ἐκ
1090 4616 1571 4686 παρακουσμάτων
1597 4609 1671 4672 ὧν
1709 4617 1774 4670 ἄν

190 4722 272 4768 τις
305 4709 516 4759 ποιοῖτο
545 4707 674 4777 περὶ
701 4706 859 4769 Θεοῦ,
909 4701 1008 4758 εἷθ’
1039 4705 1216 4770 οὕτως
1273 4706 1416 4760 αὐτὰ
1448 4707 1516 4759 δι’
1565 4707 1776 4761 ἑαυτῶν

195 4793 330 4864 πρὸς
374 4793 467 4846 τὸν
514 4793 656 4848 θεῖον
715 4793 904 4863 ὥσπερ
951 4793 1356 4864 αὐτομολοῦντα
1394 4795 1580 4866 νόμον,
1633 4795 1776 4850 τοῦτ’

191 4887 328 4952 ἔστι,
363 4888 466 4958 τὴν
488 4887 578 4941 διὰ
601 4889 930 4960 γράμματος
962 4887 1106 4961 ἱεροῦ
1131 4890 1454 4960 κατήχησιν.
1495 4890 1654 4942 Ὥστε
1682 4891 1777 4943 καὶ

187 4981 272 5045 εἰς
308 4982 412 5052 τὴν
443 4981 669 5055 πρώτην
700 4983 972 5054 εἰστρέχει
1003 4984 1228 5054 σκηνήν.
1258 4983 1638 5052 Είσαγωγικὸς
1667 4983 1776 5054 γὰρ

184 5072 218 5124 ὁ
240 5072 432 5143 νόμος·
463 5069 583 5127 εἶτα
620 5077 734 5137 τοῖς
769 5076 1146 5147 ἀρχαιοτέροις
1187 5075 1536 5146 διηγήμασιν·
1567 5077 1773 5130 ἀναπε-

187 5165 482 5235 πεισμένα,
519 5169 829 5238 μεταχωρεῖ
854 5167 950 5220 καὶ
974 5169 1054 5230 είς
1077 5167 1136 5220 τὸ
1161 5171 1378 5239 φρονεῖν
1406 5168 1622 5221 ἑλέσθαι
1665 5169 1774 5222 λοι-

186 5256 314 5319 πὸν,
339 5257 423 5310 ὅτι
447 5256 513 5327 δὴ
539 5256 674 5320 Θεὸς
704 5253 786 5321 εἷς
812 5258 872 5311 τέ
911 5260 1030 5312 ἐστι
1075 5259 1170 5313 καὶ
1201 5259 1384 5330 μόνος,
1416 5261 1509 5313 καὶ
1538 5260 1644 5332 μὴν
1676 5261 1771 5312 καὶ

186 5347 266 5410 εις
291 5345 354 5399 τὸ
393 5350 596 5418 χρῆναι
625 5352 998 5421 καρποφορεῖν
1038 5350 1208 5421 αὐτῷ.
1241 5351 1352 5418 Τὴν
1382 5351 1489 5423 γάρ
1518 5367 1600 5404 τοι
1639 5353 1772 5405 Μω-

187 5437 326 5501 σέως
352 5439 609 5510 διήγησιν
634 5439 890 5512 ἀκηκοὼς
912 5443 940 5494 ὁ
965 5441 1297 5512 Μαδιηναῖος
1313 5481 1328 5507 ,
1354 5442 1498 5494 «Νῦν
1522 5442 1712 5511 ἔγνων,
1744 5463 1762 5496 ι

186 5530 376 5598 φησὶν,
424 5530 507 5583 ὅτι
545 5529 719 5599 μέγας
756 5529 961 5602 Κύριος
985 5533 1136 5602 παρὰ
1171 5531 1382 5594 πάντας
1408 5531 1535 5596 τοὺς
1573 5530 1728 5595 θεούς
1755 5549 1768 5566 ο

1875 4631 2020 4678 rent.
2086 4621 2323 4675 Vocatur
2383 4617 2550 4688 igitur
2599 4632 2629 4670 a
2690 4615 2828 4670 falsa
2877 4617 3151 4670 sententia
3219 4615 3286 4670 ad
3355 4631 3477 4670 eam

1877 4728 1999 4784 qua:
2053 4711 2122 4766 ad
2177 4712 2350 4766 Deum
2405 4709 2578 4774 ducit,
2622 4707 2930 4763 errantium
2987 4708 3168 4771 turba,
3221 4707 3474 4777 gentiles.

1877 4805 2102 4875 inquam
2134 4822 2146 4856 :
2183 4818 2248 4857 ac
2288 4802 2532 4872 primum
2573 4799 2799 4871 quidem
2820 4815 2889 4853 ex
2925 4813 2993 4852 eo
3027 4797 3177 4868 quod
3221 4796 3477 4856 nonnihil

1881 4896 1948 4949 de
1995 4896 2108 4949 Deo
2156 4892 2547 4956 inaudierunt,
2600 4889 2800 4945 deinde
2852 4889 2957 4959 ipsi
3013 4905 3111 4957 per
3161 4904 3220 4943 se
3280 4898 3478 4957 sponte

1884 4983 2290 5054 quodammodo
2315 4982 2382 5037 ad
2413 4981 2511 5037 Dei
2534 4981 2735 5051 legem,
2759 4978 2815 5032 id
2843 4989 2950 5043 est,
2979 4979 3045 5032 ad
3075 4977 3476 5034 institutionem

1884 5091 2165 5131 sacrarum
2196 5075 2535 5130 Litterarum
2569 5080 2890 5126 accurrunt.
2929 5071 3118 5140 Itaque
3155 5080 3212 5125 et
3248 5071 3315 5126 ad
3357 5071 3472 5140 pri-

1881 5184 2032 5222 mum
2061 5167 2480 5222 tabernaculum
2507 5171 2842 5234 properant;
2884 5161 3273 5217 introducendi
3310 5178 3470 5215 nam-

1879 5276 1985 5329 que
2007 5261 2117 5315 vim
2150 5261 2238 5314 lex
2265 5259 2433 5312 habet
2460 5274 2472 5311 :
2499 5255 2700 5310 deinde
2728 5254 3125 5309 vetustioribus
3153 5253 3260 5308 illis
3284 5268 3472 5306 narra-

1877 5352 2120 5406 tionibus
2153 5348 2425 5420 persuasi,
2465 5347 2522 5400 in
2559 5361 2681 5400 eam
2723 5345 2965 5415 denique
3003 5342 3334 5399 sententiam
3371 5355 3467 5396 ve-

1877 5441 2060 5505 niunt,
2107 5447 2168 5494 ut
2221 5436 2451 5492 credant
2514 5450 2685 5488 unum
2742 5449 2864 5488 csse
2920 5449 2984 5488 ac
3039 5432 3215 5486 solum
3267 5429 3468 5497 Deum,

1880 5533 2069 5602 illique
2123 5529 2432 5587 oblationes
2473 5525 2646 5582 dicari
2703 5535 2981 5596 oportere.
3029 5521 3196 5594 Moysi
3233 5535 3470 5590 namque

256 5705 476 5767 ‘Exod.
520 5720 670 5773 xviii,
701 5705 839 5760 1-22.
916 5710 933 5740 ³
971 5705 1134 5775 lbid.,
1180 5706 1267 5762 2i.
1339 5705 1359 5742 ³
1414 5706 1483 5764 ΠΙ
1512 5707 1648 5778 Reg.
1699 5706 1960 5775 xvmﬂl.
