3968 6300
464 268 569 322 285

1492 248 1548 304 S.
1589 247 1861 304 CYRILLI
1901 244 2366 302 ALEXANDBINI
2405 245 2719 302 ARCHIEP.

3611 201 3716 294 sat

467 379 781 438 narratione
802 374 1009 438 audita,
1032 368 1354 426 Madianites
1384 365 1497 428 ille,
1531 382 1548 414 ‹
1585 362 1763 427 Nunc,
1797 380 1814 412 ι
1841 360 2044 429 inquit,

2166 362 2339 415 ἕνεκεν
2367 362 2579 424 τούτου,
2598 359 2682 413 ὅτι
2704 358 2958 414 ἐπέθεντο
2983 356 3184 419 αὐτοῖς.
3206 353 3316 407 Καὶ
3335 351 3526 406 ἐλαϐεν
3551 353 3719 424 Ἰοθδρ

475 492 493 523 ι
519 470 748 543 cognovi
771 466 919 539 quod
945 476 1172 534 magnus
1195 457 1459 514 Dominus
1477 469 1642 524 super
1669 467 1860 508 omnes
1877 451 2043 518 deos;

468 542 758 635 propterea
795 555 942 628 quod
999 550 1240 622 superbe
1292 555 1528 619 egerunt
1567 552 1758 598 contra
1809 557 1924 596 eos.
1981 542 2049 596 Et

469 629 681 721 accepit
730 646 918 704 Jetbro
964 657 1120 697 socer
1174 638 1343 710 Moysi
1396 635 1714 691 holocausta
1778 639 1835 686 et
1888 629 2048 685 victi-

469 759 587 800 mas
623 743 734 796 Deo
755 739 794 791 ⁵.
841 756 859 789 ι
920 735 1017 789 Est
1051 745 1183 802 ergo
1221 728 1445 799 quidam
1489 723 1878 781 elementarius
1931 735 2048 774 ma-

469 835 656 904 gister,
693 839 750 885 et
803 828 870 882 ad
925 825 1132 896 primos
1183 820 1372 875 aditus
1421 831 1567 872 vera:
1608 815 1676 870 de
1711 814 1824 869 Deo
1862 812 2049 883 cogni—

472 902 640 977 tionis
665 934 764 974 nos
791 913 1015 972 adducit
1049 913 1281 981 Moyses,
1320 907 1376 962 id
1412 915 1515 971 est,
1559 905 1653 959 illa
1687 902 2049 958 vetustiorum

472 1011 803 1066 Litterarum
841 1017 1122 1061 sacrarum
1159 998 1462 1055 catechesis
1494 1003 1550 1051 et
1589 993 1944 1050 introductio.

549 1101 746 1158 PALL.
787 1099 1012 1154 Certum
1043 1101 1146 1149 est.

545 1195 705 1250 CYR.
765 1189 1046 1246 Perfectos
1085 1192 1269 1239 autem
1315 1179 1497 1235 reddit
1532 1176 1787 1233 Christus
1833 1188 1929 1227 eos
1957 1171 2052 1242 qui

477 1303 575 1358 per
611 1286 786 1354 legem
829 1279 1007 1335 levius
1043 1274 1240 1332 imbuti
1281 1279 1444 1336 sunt;
1490 1284 1617 1326 cum
1658 1276 1840 1324 autem
1879 1267 2053 1335 legem

477 1356 622 1439 dico,
663 1387 856 1427 rursus
903 1375 1292 1424 testamentum
1334 1371 1494 1417 vetus
1551 1359 1813 1429 intellige.
1867 1356 2054 1424 Itaque

476 1482 606 1536 erga
647 1463 833 1520 Jethro
886 1460 1019 1515 solis
1066 1459 1133 1513 de
1177 1458 1290 1511 Deo
1337 1451 1750 1510 narrationibus
1792 1457 1878 1504 est
1925 1463 2056 1504 usus

475 1556 709 1626 Moyses,
737 1553 795 1608 in
832 1567 1064 1620 eamque
1094 1551 1204 1620 jam
1242 1547 1396 1601 illum
1427 1543 1755 1599 sententiam
1793 1539 2053 1604 traduxit,

476 1657 538 1709 ut
561 1646 783 1702 disertis
813 1643 996 1698 verbis
1024 1642 1291 1696 fateretur
1316 1653 1427 1691 non
1455 1651 1574 1690 esse
1597 1636 1828 1690 alterum
1857 1634 2052 1696 Deum,

477 1737 574 1793 sed
603 1737 778 1792 solum
817 1735 961 1802 eum]
993 1732 1086 1802 qui
1128 1745 1270 1784 unus
1308 1737 1364 1783 et
1398 1735 1594 1781 natura
1615 1765 1629 1792 ,
1658 1733 1716 1780 et
1751 1739 1878 1779 vere
1914 1723 2058 1778 Deus

478 1829 569 1882 sit.
611 1827 736 1880 Hasc
765 1834 950 1879 autem
979 1822 1151 1894 prima
1191 1827 1276 1875 est
1314 1817 1834 1873 catechumenorum
1863 1813 1997 1868 ﬁdes
2027 1829 2059 1867 a

477 1918 781 1973 multorum
837 1916 1066 1972 deorum
1120 1910 1378 1982 opinione
1430 1907 1734 1971 discedere,
1779 1915 1834 1960 et
1888 1920 2060 1960 unum

477 2009 666 2071 illum,
721 2020 849 2059 vere
892 2011 948 2058 et
992 2009 1187 2056 natura
1255 2000 1427 2053 Deum
1498 1996 1815 2067 amplexari.
1881 1995 2060 2052 Aaron

476 2112 608 2152 vero
641 2096 821 2165 ipsum
863 2093 1057 2149 Jethro
1096 2105 1284 2145 mensa
1315 2089 1589 2159 dignatur,
1619 2096 1676 2142 et
1707 2087 1816 2158 94
1847 2087 1916 2141 ad
1961 2103 2060 2157 pa-

477 2200 602 2240 nem
617 2184 889 2239 edendum
911 2181 1124 2235 invitat.
1152 2199 1168 2229 ‹
1196 2178 1539 2243 Venitenim,
1565 2196 1583 2229 ι
1612 2177 1808 2246 inquit,
1832 2177 2058 2242 «Aaron,

477 2285 534 2330 et
575 2289 769 2329 omnes
811 2273 1057 2328 seniores
1099 2267 1266 2324 Israel
1308 2267 1376 2322 ad
1417 2265 1817 2322 comedendum
1863 2279 2060 2336 panem

477 2384 605 2423 cum
651 2381 844 2421 socero
889 2363 1059 2434 Moysi
1093 2376 1276 2416 coram
1315 2360 1428 2414 Deo
1449 2360 1492 2410 ⁸.
1525 2377 1544 2408 ›
1595 2356 1871 2411 Perfectos
1912 2355 2060 2409 enim

477 2459 643 2514 eﬁieit
687 2473 790 2511 nos
827 2471 968 2526 pane
999 2452 1202 2508 viventi
1240 2450 1510 2513 Christus,
1550 2447 1735 2501 verior
1771 2444 1972 2511 Aaron,
2007 2454 2064 2500 et

478 2550 754 2622 perfectos
787 2546 968 2600 reddit
1007 2560 1117 2599 non
1153 2542 1385 2614 gentiles
1426 2545 1659 2602 tantum,
1695 2537 1791 2592 sed
1833 2552 1928 2591 eos
1960 2553 2062 2607 po-

482 2641 594 2694 tius
639 2638 956 2709 promiscue
1005 2636 1100 2705 qui
1140 2634 1208 2688 de
1254 2647 1454 2704 genere
1497 2630 1663 2684 Israel
1707 2628 1869 2684 electi
1912 2635 2060 2693 sunt,

483 2745 718 2800 quorum
777 2727 1007 2798 ﬁguram
1067 2730 1258 2780 tenent
1307 2721 1387 2776 illi
1446 2720 1710 2775 seniores.
1761 2719 1876 2774 Nec
1931 2733 2063 2772 vero

481 2836 705 2892 parvam
737 2816 1191 2889 signiﬁcationem
1240 2811 1688 2869 sanctiﬁcationis
1717 2824 1829 2880 prae
1865 2823 1924 2864 se
1957 2808 2064 2864 fert

483 2911 643 2976 illud,
673 2909 819 2981 quod
855 2918 1111 2978 tanquam
1141 2907 1198 2960 in
1224 2911 1517 2974 conspectu
1554 2901 1650 2956 Dei
1679 2915 1873 2971 panem
1903 2914 2062 2954 man-

440 3031 447 3037 ~
484 3003 689 3058 dueare
732 3008 1000 3071 oporteat.
1045 2997 1187 3065 Quid
1223 2996 1370 3050 enim
1416 2994 1552 3048 adeo
1593 2992 1696 3046 sub
1732 2991 1830 3046 Dei
1864 2990 2060 3056 oculis,

484 3103 648 3164 atque
680 3099 998 3161 conspectu,
1049 3104 1211 3159 quam
1249 3086 1478 3158 mystica
1523 3092 1731 3149 mensa,
1766 3089 1823 3136 et
1863 3081 2062 3149 hostia,
2093 3105 2136 3163 α

485 3189 689 3260 quique
716 3187 836 3256 ejus
864 3182 1158 3253 participes
1190 3177 1370 3232 ﬁunt?

563 3275 758 3332 PALL.
801 3275 969 3328 Recte
1003 3271 1102 3325 ais.

487 3393 489 3396 ·
557 3367 714 3423 CYR.
751 3366 874 3421 ‘Jam
911 3377 1041 3418 vero
1075 3375 1194 3424 nos,
1228 3358 1325 3430 qui
1369 3356 1686 3428 perﬁcimur
1729 3355 1784 3410 in
1822 3353 2064 3418 Christo,

489 3460 558 3514 ad
607 3458 927 3528 ampliorem
979 3452 1300 3523 sapientiam
1331 3490 1345 3516 ,
1393 3464 1557 3519 quam
1605 3463 1727 3517 quae
1778 3462 1878 3517 per
1934 3445 2070 3516 legis

489 3550 892 3607 institutionem
955 3543 1370 3616 acquirebatur,
1423 3540 1742 3611 pervenire,
1803 3538 1860 3592 id
1921 3545 2071 3593 certe

489 3644 640 3699 nullo
668 3643 855 3696 labore
883 3638 1210 3698 videbimus,
1228 3635 1274 3692 si
1305 3635 1423 3704 ejus
1453 3632 1531 3686 rei
1561 3629 1905 3701 perspicuam
1931 3627 2069 3683 ima-

489 3735 670 3805 ginem
711 3730 1086 3799 acceperimus
1141 3728 1360 3796 Moysen
1413 3731 1471 3776 et
1517 3721 1710 3776 Jethro
1747 3738 1759 3774 :
1806 3739 1825 3772 ‹
1860 3721 2070 3792 Moyses

490 3836 725 3891 namque
745 3819 991 3882 sedebat,
1017 3837 1034 3868 ι
1062 3816 1261 3885 inquit,
1300 3813 1626 3885 «judicans;
1653 3810 1863 3866 astabat
1888 3818 2070 3865 autem

493 3913 574 3968 illi
618 3911 909 3966 universus
960 3907 1196 3978 populus
1246 3919 1279 3960 a
1325 3917 1485 3959 mane
1533 3916 1708 3971 usque
1759 3900 1826 3956 ad
1872 3917 2069 3972 vespe-

494 4020 608 4060 ram
647 4005 686 4058 ‘.
727 4023 744 4054 ι
780 4001 984 4057 Auctor
1021 4009 1201 4054 autem
1242 4004 1326 4052 est
1361 3995 1554 4051 Jethro
1593 3994 1743 4048 illius
1787 3998 2072 4050 sententia:

492 4110 655 4165 quam
706 4100 929 4148 secutus
965 4097 1050 4144 est
1081 4088 1292 4159 Moyses
1330 4103 1342 4139 :
1379 4091 1436 4140 et
1483 4099 1608 4138 cum
1651 4083 1913 4153 optimam
1949 4097 2069 4137 esse

493 4184 842 4254 intelligeret,
872 4181 1153 4249 amplexus
1189 4183 1290 4232 est.
1323 4194 1342 4226 ‹
1362 4173 1588 4229 Audivit
1611 4172 1780 4236 enim,
1809 4191 1828 4222 ι
1868 4171 2066 4240 inquit,

500 4301 518 4327 ι
551 4277 763 4346 Moyses
785 4287 977 4328 vocem
996 4269 1172 4326 soceri
1215 4267 1320 4332 sui,
1345 4273 1402 4321 et
1429 4264 1562 4320 fecit
1587 4279 1926 4334 quaecunque
1964 4263 2069 4318 sibi

493 4367 630 4422 dixit
660 4366 703 4420 ⁷.
738 4384 755 4417 ι
801 4362 945 4431 Quid
984 4360 1174 4416 enim?
1219 4358 1314 4428 qui
1350 4356 1550 4411 melius
1585 4355 1877 4409 consilium
1915 4353 2065 4419 dare,

493 4463 885 4530 melioremque
935 4457 1264 4513 sententiam
1310 4453 1492 4508 dicere
1539 4451 1818 4527 potuerit,
1867 4452 1915 4505 is
1959 4466 2070 4505 non
2099 4430 2143 4485 ι)

494 4567 884 4623 usquequaque
915 4547 1203 4618 prudentia
1237 4554 1495 4616 praastare
1526 4543 1802 4614 putandus
1829 4541 1953 4597 est?

565 4641 761 4696 PALL.
803 4637 1107 4692 Assentior.

560 4732 717 4788 (ΠΒ.
757 4730 909 4784 Hanc
943 4742 1074 4782 vero
1107 4740 1206 4795 per
1240 4722 1518 4778 Christum
1551 4721 1943 4792 perfectionem
1977 4717 2070 4772 illa

492 4826 632 4897 legis
663 4821 1008 4878 institutione
1039 4816 1474 4888 praestantiorem
1504 4830 1647 4880 esse,
1676 4815 1944 4883 longeque
1975 4825 2073 4865 ex-

493 4918 890 4978 cellentiorem,
923 4921 985 4966 ut
1019 4925 1142 4980 quae
1179 4908 1247 4962 ad
1284 4924 1404 4963 eam
1443 4922 1546 4962 nos
1586 4906 1951 4976 cognitionem
1989 4910 2073 4955 at-

498 5011 672 5071 tollat,
703 5022 824 5076 quae
853 5005 924 5058 sit
953 5005 1113 5072 longe
1144 5001 1431 5071 superior;
1469 4999 1526 5053 id
1567 5013 1700 5052 vero
1738 4997 1897 5051 facile
1942 4994 2074 5048 bea-

502 5099 746 5155 tissimus
789 5097 989 5152 Paulus
1033 5093 1294 5159 ostendit,
1331 5091 1428 5161 qui
1475 5095 1700 5158 propter
1741 5086 2075 5140 eminentem

499 5189 782 5246 scientiam
809 5187 1033 5252 Christi,
1074 5195 1138 5241 ut
1172 5185 1288 5255 ipse
1332 5182 1449 5243 ait,
1476 5192 1668 5233 eorum
1701 5189 1822 5243 quae
1862 5174 1916 5227 in
1955 5171 2076 5241 lege

499 5284 652 5338 lucra
691 5289 866 5345 erant,
913 5277 1277 5335 libentissime
1320 5274 1589 5342 iacturam
1639 5265 1788 5328 facit,
1834 5273 1890 5318 et
1936 5271 2076 5316 ster-

499 5391 626 5429 cora
683 5374 1003 5449 arbitratur,
1047 5379 1108 5423 ut
1155 5365 1436 5448 Christum
1473 5357 1780 5414 lucrifaciat
1806 5355 1849 5408 ⁸.
1897 5354 2075 5421 Atque

499 5463 759 5520 adversus
793 5445 900 5519 eos
943 5445 1198 5530 quidem,
1239 5454 1333 5526 qui
1378 5452 1493 5507 sola
1545 5463 1669 5521 quae
1711 5463 1809 5518 per
1856 5445 2076 5516 Moysen

502 5559 699 5614 tradita
731 5565 879 5620 sunt,
905 5554 1085 5608 adhuc
1111 5564 1299 5619 magna
1331 5554 1620 5615 putarent;
1652 5539 2074 5613 perfectionem—

2147 454 2175 506 ὁ
2221 452 2469 524 γαμϐρὸς
2524 451 2698 522 Μωσῆ
2759 447 3186 518 ὁλοκαυτώματα
3239 447 3336 500 καὶ
3380 444 3572 508 θυσίας
3641 444 3720 516 τῷ

2126 545 2356 635 ,Κυρίᾳ
2418 565 2437 598 ι
2506 542 2865 615 Στειχειωτὴς
2901 537 2994 596 οῦν
3045 540 3176 611 ἄρα,
3225 539 3320 592 καὶ
3365 539 3447 601 είς
3497 536 3722 608 πρώτας

2151 633 2399 698 εἰσϐολὰς
2451 633 2599 704 ἡμᾶς
2643 631 2743 701 τῆς
2785 627 3022 701 ἀληθοῦς
3073 624 3400 694 θεογνωσίας
3454 621 3721 691 ἀποφέρει

2150 727 2374 797 Μωσῆς,
2405 724 2548 779 τοῦτ’
2575 723 2742 788 ἐστιν,
2768 724 2800 793 ὴ
2825 721 2912 776 διὰ
2930 720 3039 774 τῶν
3069 719 3435 789 ἀρχαιοτέρων
3455 714 3495 768 Γ
3501 714 3724 786 ραμμά-

2151 836 2260 874 των
2284 820 2588 889 κατήχησις
2615 815 2980 886 είσαγωγική.

2223 1061 2430 1115 ΠΑΛΛ.
2467 1061 2727 1131 Ἂραρεν.

2224 1150 2388 1204 ΚΥΡ.
2422 1148 2631 1201 Τελειοῖ
2660 1148 2717 1200 δὲ
2746 1145 2981 1219 Χριστὸς
3000 1145 3126 1208 τοὺς
3151 1143 3240 1198 διὰ
3264 1142 3430 1213 νόμον
3459 1158 3725 1212 κατηχοῦ-

2158 1242 2370 1312 μένους.
2401 1240 2584 1310 Νόμον
2625 1239 2682 1292 δὲ
2723 1241 2770 1291 εί
2800 1237 3016 1309 λέγοιμι
3042 1236 3222 1300 πάλιν,
3263 1234 3527 1305 διαθήκην
3555 1233 3724 1286 ἐννόει

2153 1331 2252 1402 τὴν
2282 1331 2538 1385 παλαιάν.
2571 1331 2679 1384 Καὶ
2703 1329 2834 1397 γοῦν
2877 1329 3012 1397 πρὸς
3047 1327 3145 1397 μὲν
3190 1326 3282 1380 τὸν
3327 1325 3493 1396 Ἰοθὸρ
3546 1324 3727 1395 μόνοις

2155 1423 2353 1494 ἐχρῆτο
2380 1425 2491 1485 τοῖς
2518 1423 2644 1493 περὶ
2671 1420 2804 1474 Θεοῦ
2834 1421 3209 1492 διηγήμασινό
3238 1419 3444 1490 Μωσῆς
3462 1436 3476 1451 ·
3501 1417 3726 1488 γνώμης

2155 1531 2214 1568 τε
2245 1515 2324 1578 είς
2353 1513 2511 1567 τοῦτο
2549 1513 2773 1584 μεθίστη
2799 1511 3002 1575 λοιπὸν,
3026 1512 3102 1575 ὡς
3134 1509 3428 1582 διαρρήδην
3449 1509 3726 1580 ὁμολογεῖν

2157 1607 2256 1658 οὐκ
2278 1601 2416 1658 εἶναι
2446 1604 2576 1658 Θεὸν
2610 1604 2814 1672 ἕτερον,
2847 1602 2984 1674 πλὴν
3008 1603 3088 1656 ὅτι
3135 1600 3294 1672 μόνος
3329 1603 3358 1654 ό
3387 1597 3488 1666 εἷς,
3514 1602 3542 1653 ό
3569 1598 3726 1669 φύσει

2087 1692 2132 1750 Β
2159 1695 2253 1749 καὶ
2281 1694 2514 1764 ἀληθῶς.
2546 1694 2738 1756 Πίστις
2764 1693 2820 1747 δὲ
2843 1692 2980 1764 αὕτη
3007 1692 3428 1762 κατηχουμένων
3446 1692 3480 1761 ὴ
3513 1688 3725 1760 πρώτη,

2160 1787 2221 1841 τὸ
2248 1787 2346 1856 τῆς
2377 1785 2638 1840 πολυθέου
2670 1786 2826 1856 δόξης
2855 1782 3288 1840 ἀπαλλάττεσθαί
3325 1799 3488 1854 φημι,
3518 1782 3612 1836 καὶ
3639 1783 3728 1836 τὸν

2159 1881 2374 1952 ἀληθῶς
2403 1881 2500 1934 ’ένα
2519 1897 2576 1933 τε
2598 1879 2692 1934 καὶ
2723 1879 2882 1948 φύσει
2905 1875 3300 1949 παραδέχεσθαι
3325 1874 3478 1929 Θεόν.
3519 1873 3730 1946 Ἀαρὼν

2159 1969 2216 2023 δὲ
2265 1969 2358 2022 τὸν
2411 1969 2708 2044 Ἰοθὸρεκαὶ
2752 1966 3029 2037 τραπέζης
3079 1966 3252 2035 ἠξίου,
3296 1964 3390 2018 καὶ
3441 1963 3522 2027 είς
3564 1964 3730 2034 ἄρτου

2162 2057 2364 2130 βρῶσιν
2395 2057 2599 2112 ἐκάλει.
2640 2075 2659 2107 ι
2682 2055 3064 2127 Παραγέγονε»
3101 2053 3230 2124 γὰρ,
3250 2053 3436 2123 φησὶν,
3471 2071 3489 2104 ι
3521 2052 3731 2123 Ἀαρὼν

2162 2151 2256 2204 καὶ
2275 2149 2475 2212 πάντες
2498 2150 2547 2202 οἱ
2581 2146 2939 2220 πρεσϐύτεροι
2972 2143 3186 2216 Ἰσραὴλ
3207 2184 3222 2210 ,
3243 2147 3550 2214 συμφαγεῖν
3569 2145 3732 2214 ἄρτον

2164 2242 2301 2315 μετά
2319 2242 2411 2297 τοῦ
2443 2239 2693 2312 γαμϐροῦ
2712 2239 2884 2309 Μωσῆ
2911 2237 3151 2291 ἐναντίον
3177 2234 3271 2290 τοῦ
3291 2235 3447 2291 Θεοῦ.
3481 2255 3499 2286 ι
3526 2235 3736 2288 τελειοῐ

2159 2335 2268 2406 γὰρ
2301 2334 2448 2404 ἡμᾶς
2487 2332 2636 2401 ἄρτῳ
2668 2327 2746 2400 τῷ
2789 2327 2951 2392 ζῶντι
2991 2326 3246 2398 Χριστὸς,
3291 2329 3320 2380 ὁ
3371 2325 3735 2397 ἀληθέστερος

2174 2425 2413 2496 Ἀαρών·
2459 2423 2656 2477 τελειοῖ
2683 2421 2738 2474 δὲ
2771 2421 2830 2474 οὐ
2863 2420 3023 2491 μόνον
3059 2420 3188 2482 τοὺς
3217 2420 3276 2486 ἐξ
3306 2417 3493 2482 ἐθνῶν,
3531 2419 3736 2488 ἀναμὶξ

2159 2518 2217 2572 δὲ
2249 2517 2448 2587 μᾶλλον
2497 2516 2625 2578 τοὺς
2657 2511 3064 2583 ἐξειλεγμένους
3102 2510 3163 2576 ἐξ
3210 2512 3442 2581 αἵματος
3494 2509 3734 2581 Ἰσραὴλ,

2162 2604 2236 2664 ὧν
2266 2609 2331 2663 ἂν
2358 2603 2468 2662 εἷεν
2499 2607 2668 2669 τύπος
2701 2607 2751 2658 oi
2794 2604 3176 2674 πρεσϐύτεροι.
3207 2603 3485 2672 Ἔμφασιν
3513 2601 3569 2654 δὲ
3600 2601 3739 2671 πρὸς

2163 2701 2435 2772 ἁγιασμόν
2466 2699 2527 2753 οὐ
2563 2698 2790 2769 μετρίαν
2823 2697 2936 2767 ἔχει
2985 2696 3046 2749 τὸ
3070 2695 3146 2760 ὡς
3199 2695 3429 2748 ἐνώπιον
3455 2693 3549 2747 τοῦ
3599 2691 3738 2746 Θεοῦ

2163 2793 2254 2847 τὸν
2273 2794 2436 2864 ἄρτον
2464 2791 2660 2862 χρῆναι
2691 2790 2904 2858 φαγεῖν.
2937 2788 3004 2841 Τί
3026 2787 3133 2858 γὰρ
3158 2785 3329 2850 οὕτως
3350 2787 3408 2838 ὲν
3427 2784 3545 2856 ὕψει
3575 2784 3737 2850 Θεοῦ,

2161 2886 2239 2950 ὡς
2270 2883 2506 2956 μυστικὴ
2530 2881 2801 2954 τράπεζα,
2840 2880 2935 2935 καὶ
2965 2879 3146 2947 θυσία,
3177 2879 3273 2933 καὶ
3299 2878 3350 2931 οί
3379 2875 3583 2948 ταύτης
3609 2875 3740 2949 μέτ-

2163 2993 2277 3048 οχοι
2295 2993 2312 3044 ;

2237 3261 2446 3318 UAAA.
2479 3255 2554 3315 Εῦ
2578 3260 2779 3328 λέγεις.

2241 3357 2403 3409 ΚΥΡ.
2441 3353 2565 3406 ὐτι
2591 3352 2680 3407 διὰ
2727 3347 2966 3421 Χριστοῦ
2997 3343 3380 3416 τελειούμενοι,
3415 3342 3510 3398 καὶ
3553 3343 3660 3413 τῆς
3691 3345 3749 3398 έν

2169 3449 2320 3521 νόμῳ
2353 3445 2731 3514 παιδαγωγίας
2759 3442 2895 3513 πρὸς
2921 3439 3130 3511 ἀμείνω
3153 3438 3367 3492 σύνεσιν
3395 3435 3750 3507 ἀναθρώσκο-

2175 3558 2294 3612 μεν,
2329 3538 2561 3608 ἀπονητὶ
2587 3537 2644 3590 δὲ
2674 3533 2916 3606 ὀψόμεθα
2935 3531 3081 3602 σαφῆ
3102 3529 3198 3584 τοῦ
3215 3528 3537 3601 πράγματος
3559 3529 3752 3581 εἰκόνα

2169 3631 2467 3702 δεχόμενοι,
2501 3628 2705 3683 Μωσέα
2732 3644 2793 3680 τε
2833 3626 2926 3680 καὶ
2975 3624 3175 3693 Ἰοθόρ⁹
3211 3639 3230 3674 ι
3263 3619 3469 3690 Μωσῆς
3512 3618 3614 3690 μὲν
3641 3618 3752 3690 γὰρ

2170 3725 2198 3778 ό
2215 3723 2499 3785 θεσπέσιος
2524 3719 2759 3790 ἐκάθητο
2780 3717 3003 3790 κρίνων,
3028 3735 3046 3767 ι
3081 3713 3217 3786 φησί
3226 3733 3238 3746 ο
3266 3731 3284 3765 ι
3313 3710 3677 3782 παρειστήκει
3698 3707 3754 3790 δὲ

2171 3816 2321 3887 αὑτῷ
2348 3816 2455 3878 πᾶς
2533 3813 2661 3874 λαὸς
2683 3784 2983 3880 ’ἀπὸ-πρωῒ
3020 3807 3124 3869 ἕως
3146 3784 3406 3877 ἑσπέρας.
3446 3821 3465 3854 ι
3494 3784 3753 3873 Είσηγεΐ-

2169 3927 2258 3962 ται
2287 3909 2343 3962 δὲ
2387 3905 2610 3977 γνώμην
2649 3901 2834 3970 Ἰοθδρ,
2866 3901 2931 3971 ῆν
2961 3898 3228 3968 τετίμηκε
3272 3894 3509 3963 Μωσῆς,
3546 3892 3755 3965 ἄριστά

2170 4021 2229 4056 τε
2253 4002 2396 4073 ἔχειν
2428 3993 2757 4065 έννενοηκὼς
2780 3990 3170 4065 προσεδέξατο·
3205 4009 3222 4040 ι
3263 3988 3502 4040 Ἤκουσε
3549 3986 3747 4059 γὰρλ»

2172 4093 2322 4164 φησὶ,
2355 4109 2373 4142 ι
2395 4089 2600 4157 Μωσῆς
2628 4086 2730 4156 τῆς
2753 4083 2932 4156 φωνῆς
2956 4081 3048 4136 τοῦ
3079 4079 3469 4151 γαμϐροῦ,,καὶ
3490 4079 3757 4150 ἐποίησεν

2169 4187 2269 4238 ὅσα
2297 4180 2443 4252 αὑτῷ
2474 4175 2645 4234 εἶπεν.
2676 4197 2693 4230 ι
2724 4179 2796 4232 Ἢ
2811 4177 2920 4248 γὰρ
2949 4174 3072 4245 οὐχὶ
3101 4175 3279 4244 πάντη
3309 4189 3369 4225 τε
3400 4171 3496 4226 καὶ
3528 4171 3757 4234 πάντως

2169 4277 2197 4328 ό
2237 4275 2335 4346 τὴν
2373 4273 2580 4343 ἀμείνω
2633 4269 2827 4342 βουλὴν
2864 4268 2959 4322 καὶ
3003 4265 3231 4337 γνώμην
3286 4259 3398 4326 οἷός
3442 4279 3504 4315 τε
3565 4261 3754 4330 λέγειν

2170 4368 2326 4424 νοοῖτ*
2349 4367 2414 4422 ἂν
2445 4364 2709 4435 ὑπάρχειν
2741 4360 2831 4415 καὶ
2855 4363 2912 4414 ὲν
2943 4357 3155 4412 συνέσει
3186 4353 3600 4428 προφερεστέρςι
3625 4370 3642 4419 ;

2236 4613 2444 4670 ΠΑΛΛ.
2476 4610 2643 4683 Φημί.
2728 4679 2733 4683 π

2236 4708 2404 4760 ΚΥΡ.
2434 4705 2558 4758 ’ὐτι
2587 4702 2646 4756 δὲ
2685 4699 2926 4772 ἀμείνων
2970 4697 3066 4752 καὶ
3106 4695 3363 4750 ἐπέκεινα
3396 4691 3530 4746 πολὺ
3558 4689 3667 4759 τῆς
3694 4689 3753 4742 ὲν

2168 4799 2318 4870 νόμῳ
2369 4795 2723 4865 κατηχήσεως
2781 4793 2814 4862 ἡ
2863 4790 2962 4856 ξδιὰ
3006 4786 3242 4860 Χριστοῦ
3292 4784 3600 4844 τελείωσις,
3673 4781 3755 4842 είς

2175 4887 2376 4957 γνῶσιν
2403 4885 2552 4955 ἡμᾶς
2579 4880 2968 4952 ὑπερφέρουσα
2989 4877 3087 4947 τὴν
3120 4873 3467 4944 ἀσυγκρὶτως
3488 4871 3591 4923 ὑπε
3603 4885 3754 4940 pice:-

2179 4980 2375 5050 μένην,
2402 4973 2690 5054 ὲκδείξειεν
2719 4970 2784 5025 ἂν
2829 4968 3067 5030 εὐκόλως
3110 4968 3139 5019 ὁ
3175 4964 3464 5036 ἱερώτατος
3508 4959 3752 5023 Παῦλος,

2146 5061 2271 5126 ’δίᾶ
2303 5069 2364 5122 τὸ
2407 5051 2668 5137 ὑπερέχον
2716 5063 2815 5132 τῆς
2860 5058 3114 5130 γνώσεως
3170 5056 3265 5109 τοῦ
3313 5051 3567 5125 Χριστοῦ,
3602 5050 3754 5104 καθά

2178 5177 2342 5232 φησιν
2359 5158 2541 5222 αὐτὸς,
2569 5155 2638 5210 τὰ
2661 5155 2719 5208 ἐν
2751 5152 2900 5222 νόμῳ
2922 5147 3085 5219 κέρδη
3113 5143 3498 5216 προθυμότατα
3517 5140 3755 5232 ζημιού-

2182 5231 2358 5322 μενος,
2395 5245 2639 5300 σκύϐαλα
2665 5259 2724 5296 τε
2765 5238 2903 5294 εἶναι
2931 5235 3186 5307 νομίζων,
3224 5235 3309 5288 ἵνα
3340 5231 3574 5303 Χριστὸν
3622 5245 3753 5296 κερ-

2177 5317 2336 5413 δήσῃ.
2363 5340 2473 5393 Καὶ
2515 5337 2650 5408 πρὸς
2681 5334 2778 5405 μὲν
2812 5333 2938 5395 τοὺς
2987 5329 3122 5400 μόνα
3148 5325 3423 5396 τιμῶντας
3453 5321 3532 5373 ἔτι
3559 5318 3630 5371 τὰ
3663 5317 3753 5371 διὰ

2178 5410 2441 5498 Μωσέως,
2472 5430 2533 5484 οὐ
2580 5424 2968 5498 προσιεμένους
3000 5423 3057 5476 δὲ
3088 5421 3186 5490 τὴν
3235 5416 3324 5471 διὰ
3373 5410 3609 5486 Χριστοῦ
3659 5427 3750 5462 τε-

2178 5530 2415 5592 λείωσιν,
2449 5527 2480 5579 ό
2505 5520 2789 5592 προφήτης
2820 5516 3055 5584 ἔφασκεν
3095 5509 3391 5582 Ἱερεμίας·
3426 5505 3548 5569 Πῶς
3571 5502 3751 5574 ἐρεῖτε

487 5729 494 5742 .
535 5677 558 5709 ⁸
593 5672 765 5735 Exod.
798 5687 945 5734 xvul,
978 5667 1170 5733 Η,12.
1248 5665 1267 5696 ⁸
1299 5662 1460 5728 ll)id.,
1496 5660 1578 5714 12.
1657 5659 1676 5691 ⁵
1708 5655 1869 5722 lbid.,
1904 5654 1989 5710 1'5.

2166 5649 2293 5715 bid.,
2333 5645 2421 5700 at.
2502 5642 2522 5674 ·
2584 5635 2818 5733 Philipp.
2873 5633 3039 5699 “1,5.
