3968 6300
218 250 328 309 285

965 260 1053 316 DE
1091 261 1527 323 ADORATlONE
1567 267 1634 323 IN
1673 266 1942 327 SPIRITU
1982 272 2071 328 ET
2111 274 2494 341 VERiTATE.’
2521 280 2649 337 LIB.
2687 282 2776 339 Ill.

3373 283 3491 339 236'

219 364 511 463 3122093:
543 367 714 438 ἐσμεν
745 369 925 440 ἡμεῖς,
965 371 1060 426 καὶ
1090 372 1250 444 νόμος
1285 377 1491 447 Κυρίου
1521 379 1639 434 ἐστὶ
1673 380 1775 451 μεθ

1898 398 2006 453 que
2059 400 2182 443 eam
2234 402 2357 458 quae
2403 393 2708 461 acquiritur
2756 409 2856 463 per
2902 392 3110 451 Christi
3155 393 3487 459 doctrinam,

220 456 409 526 ήμῶν;
447 457 544 521 Είς
575 459 751 530 μάτην
789 461 1021 535 ἐγενήθη
1072 467 1281 534 σχοῖνος
1303 466 1501 538 ψευδὴς
1528 470 1798 543 Γραμμα-

216 547 402 600 τεῦσιν
422 564 437 579 ο
454 549 804 621 ᾐσχύνθησαν
823 554 997 621 σοφοὶ,
1022 556 1368 629 ἐπτοήθησαν
1390 560 1484 613 καὶ
1512 562 1756 617 ἑάλωσαν
1777 581 1793 599 ο

220 639 383 708 σοφία
412 641 498 705 τίς
542 643 693 697 ἐστιν
721 646 779 697 ὲν
812 646 1018 713 αὐτοῖς,
1046 649 1128 702 ὅτι
1155 648 1246 705 τὸν
1281 649 1438 718 λόγον
1464 653 1672 725 Κυρίου
1695 656 1794 710 ἀπ-

216 730 550 802 εδοκίμασαν
573 749 589 800 ;
617 752 636 787 ι
656 735 819 805 Ἡμῖν
840 736 897 791 δὲ
923 742 1034 805 τοῖς
1062 740 1154 794 τὸν
1180 730 1457 813 σωτήριον
1470 745 1570 798 οὐκ
1596 745 1791 800 ἀποδο-

214 820 512 891 κιμάζουσι
563 823 720 892 λόγον
758 825 1120 899 (προσιέμεθα
1161 831 1270 903 γὰρ
1316 834 1568 905 ἀσμένως
1604 835 1673 890 τά
1706 836 1795 892 διὰ

213 910 454 996 Χριστοῦ
477 913 833 987 κηρύγματα)
851 918 1074 987 γέγονεν
1099 922 1261 988 αὐτὸς
1275 924 1434 992 σοφία
1458 925 1608 996 παρὰ
1636 919 1790 982 Θέοῦ.

215 994 775 1076 ΙῙεπλεονεκτήκαμεν
809 1003 902 1062 οὖν
935 1008 1045 1081 ἀρα
1092 1012 1187 1066 καὶ
1232 1012 1373 1067 κατά
1418 994 1637 1077 σύνεσιν
1667 1018 1795 1081 τοὺς

214 1093 272 1149 ιν
303 1093 475 1166 νόμῳ,
516 1098 609 1150 καὶ
645 1099 695 1151 oi
744 1102 858 1163 τοῖς
885 1100 1028 1157 κατά
1064 1104 1228 1174 νόμον
1271 1105 1606 1177 διηγήμασιν
1660 1125 1792 1163 κατ-

213 1182 534 1254 ηχούμινοι,
569 1189 838 1258 φαγόντες
866 1192 957 1247 τὸν
977 1193 1139 1265 ἀρτον
1160 1194 1389 1250 ἐνώπιον
1417 1198 1513 1252 τοῦ
1542 1198 1701 1262 Θεοῦ,
1721 1198 1791 1254 τά

213 1273 423 1345 ἀμείνω
451 1279 547 1332 καὶ
578 1279 759 1336 λαλεῖν
786 1283 880 1335 καὶ
914 1288 1130 1355 φρονεῖν
1176 1288 1609 1360 πεπαιδεύμεθα.
1642 1292 1789 1345 Γνω-

217 1364 435 1434 μοδοτεῖ
458 1368 568 1441 γάρ
614 1371 801 1442 Ἰοθὸρ,
845 1375 939 1429 καὶ
969 1376 1227 1433 ἐπακούει
1254 1378 1482 1447 Μωσῆς.
1514 1368 1621 1450 Εἴη
1642 1380 1699 1433 δὲ
1722 1380 1787 1435 ἂν

212 1456 436 1524 εἰκότως
471 1462 764 1533 πρόσωπον
813 1464 913 1535 μὲν
936 1464 1125 1539 ὥσπερ
1151 1468 1259 1523 τῶν
1294 1468 1356 1534 ἐξ
1379 1469 1549 1527 ἐθνῶν
1598 1470 1786 1545 Ἰοθὸρ,

210 1545 418 1620 Μωσῆς
441 1551 498 1605 δὲ
518 1554 627 1608 τῶν
653 1556 794 1610 κατὰ
819 1558 1003 1628 νόμον.

1903 475 2296 546 repudiarent;
2347 480 2566 538 dicebat
2618 485 2885 555 propheta
2939 487 3249 543 Jeremias:
3290 505 3310 538 ι
3340 485 3490 553 Quo-

1901 566 2066 621 modo
2114 568 2312 625 dicetis
2377 573 2524 643 quod
2575 576 2852 646 sapientes
2901 591 3094 633 sumus
3137 593 3259 644 nos,
3299 587 3357 633 et
3393 578 3487 634 Dei

1901 656 1988 711 lex
2034 659 2363 717 nobiscum?
2416 662 2620 722 frustra
2664 666 2841 723 factus
2882 677 2968 725 est
3006 669 3209 740 juncus
3254 668 3487 729 mendax

1903 746 2145 817 Scribis;
2175 753 2390 809 confusi
2423 767 2551 812 sunt
2582 759 2879 828 sapientes,
2926 759 3208 830 perterriti
3254 768 3385 815 sunt
3429 768 3489 815 et

1902 841 2046 910 capti
2075 852 2233 909 sunt;
2266 847 2530 915 sapientia
2559 865 2681 920 quae
2704 858 2789 905 est
2818 850 2874 904 in
2906 850 3060 920 ipsis,
3089 851 3215 920 quia
3251 849 3484 906 verbum

1901 932 2118 988 Domini
2171 938 2604 1006 reprobaverunt
2629 942 2692 995 9?
2719 961 2738 995 ι
2789 942 2961 998 Nobis
3001 957 3156 1005 vero,
3195 942 3291 1011 qui
3332 942 3482 998 salu-

1899 1029 2015 1080 tare
2056 1025 2286 1083 verbum
2328 1044 2439 1084 non
2480 1031 2842 1101 reprobamus
2872 1032 3132 1103 (libenter
3169 1033 3316 1088 enim
3361 1047 3481 1087 am-

1893 1115 2184 1185 plectimur
2228 1118 2434 1175 Christi
2481 1122 2972 1195 praedicationem),
3012 1124 3191 1183 factus
3233 1133 3322 1184 est
3360 1124 3480 1194 ipse

1892 1205 2161 1274 sapientia
2202 1224 2238 1270 a
2264 1209 2396 1267 Deo.
2441 1211 2514 1268 lis
2547 1211 2716 1283 igitur
2756 1213 2852 1283 qui
2881 1221 3012 1269 sunt
3046 1213 3104 1268 in
3138 1214 3278 1284 lege,
3311 1212 3479 1269 etiam

1891 1295 2199 1365 prudentia:
2238 1300 2463 1359 nomine
2506 1303 2819 1373 superiores
2860 1304 2970 1374 95
3005 1320 3198 1361 sumus
3237 1322 3250 1358 :
3290 1313 3348 1360 et
3382 1304 3478 1374 qui

1892 1385 2029 1456 legis
2104 1391 2454 1449 sermonibus
2510 1394 2831 1460 imbuimur,
2888 1402 3243 1466 posteaquam
3294 1408 3478 1449 come-

1894 1473 2076 1532 dimus
2108 1494 2304 1548 panem
2350 1481 2407 1538 in
2436 1492 2734 1555 conspectu
2773 1486 2891 1551 Dei,
2934 1486 3162 1543 meliora
3198 1494 3315 1542 tum
3344 1499 3474 1541 sen-

1894 1567 2021 1634 tire,
2061 1578 2175 1625 tum
2213 1572 2364 1643 loqui
2404 1575 2718 1635 didicimus.
2765 1579 2864 1636 Est
2899 1579 3049 1635 enim
3102 1587 3297 1653 auctor
3344 1592 3473 1633 sen-

211 1641 397 1741 tentiae
434 1643 644 1712 Jethro,
688 1647 900 1719 Moyses
973 1650 1336 1725 obtemperat.
1385 1654 1500 1719 Nec
1530 1667 1666 1713 vero
1714 1652 1952 1715 absurde
1986 1661 2178 1720 Jethro
2256 1641 2478 1734 quidem
2541 1670 2826 1741 gentilium
2859 1641 3151 1740 personam
3214 1668 3469 1736 sustinet.

206 1736 424 1809 iloyses
454 1748 643 1803 autem
677 1755 869 1804 eorum
903 1742 998 1812 qui
1037 1753 1166 1807 sunt
1201 1760 1269 1801 ex
1303 1744 1441 1817 lege.

275 1855 489 1910 ΠΔΔΛ.
531 1854 736 1926 Ὀρθῶς
767 1855 928 1928 ἔφης.

273 1945 444 1998 ΚΥΡ.
482 1944 694 2002 Οὐκοῦν
717 1947 751 2017 ἡ
783 1945 870 1999 διὰ
915 1948 1155 2019 Χριστοῦ
1202 1949 1503 2027 τελείωσις,
1551 1950 1645 2005 καὶ
1675 1950 1784 2007 τῶν

205 2037 323 2089 κατ’
371 2036 540 2092 αὐτὸν
570 2037 898 2108 ,μυστηρίων
925 2039 959 2109 ἡ
993 2039 1243 2111 δύναμις,
1285 2042 1380 2094 καὶ
1410 2043 1606 2111 σοφοὺς
1636 2044 1784 2114 ἡμᾶς

202 2127 484 2191 ἀποτελεῖ,
520 2128 615 2180 καὶ
638 2126 870 2181 θανάτου
896 2130 1213 2199 κρείττονας
1243 2132 1473 2203 ὁρᾶσθαι
1507 2136 1669 2199 ποιεῖ,
1692 2133 1785 2191 τὸν

204 2216 592 2288 κεκρυμμένον
613 2235 674 2272 τε
703 2220 798 2276 καὶ
819 2221 1006 2292 νοητὸν
1043 2223 1291 2293 Ἀμαλὴκ
1312 2225 1781 2296 καταστρέφουσα,

202 2306 351 2363 τοῦτ’
377 2306 517 2373 εστι,
552 2307 646 2362 τὸν
675 2309 942 2367 Σατανᾶν.
987 2313 1097 2366 Καὶ
1124 2313 1303 2385 ὀρθῶς
1329 2332 1393 2384 γε
1421 2315 1541 2370 λίαν
1569 2319 1598 2370 ὁ
1632 2317 1783 2372 Ψάλ-

202 2398 313 2452 λων
338 2398 581 2467 εφασκεν
598 2415 612 2430 ’
655 2419 674 2451 ι
716 2400 839 2454 Ὅτι
867 2402 926 2455 ὲν
958 2402 1037 2473 τῷ
1063 2405 1184 2474 Θεῷ
1203 2400 1504 2477 ποιήσομεν
1530 2408 1780 2476 δύναμιν,

204 2488 301 2543 καὶ
322 2488 486 2552 αὐτὸς
507 2488 852 2554 ἐξουδενώσει
877 2495 1004 2558 τοὺς
1024 2494 1305 2560 θλίϐοντας
1328 2499 1494 2568 ἡμᾶς.
1534 2518 1553 2550 ι
1597 2499 1659 2552 Ἦ
1667 2498 1783 2570 μῶν

202 2578 260 2634 δὲ
290 2579 362 2652 δὴ
386 2580 516 2653 περὶ
541 2581 649 2635 τῶν
671 2584 728 2643 ὲν
759 2583 938 2638 πίστει
966 2585 1487 2660 λελαμπρυσμένων,
1516 2591 1780 2661 ἀνεφώνει

203 2671 370 2725 πάλιν
399 2671 476 2735 ὡς
508 2673 643 2744 πρὸς
668 2675 829 2733 αὐτόν
848 2692 864 2708 ·
893 2695 912 2729 ι
940 2663 1062 2730 ’ὁτι
1087 2680 1348 2752 καύχημα
1375 2681 1475 2752 τῆς
1500 2683 1781 2753 δυνάμεως

204 2760 389 2816 αὐτῶν
424 2762 490 2816 σὺ
535 2759 619 2826 si,
637 2765 730 2818 καὶ
764 2766 826 2818 εν
870 2764 948 2837 τῷ
988 2767 1211 2838 ὀνόματί
1241 2785 1334 2821 σου
1361 2769 1778 2837 ἀγαλλιάσονται

205 2850 335 2922 ὃλην
369 2851 472 2922 τὴν
510 2852 748 2924 ἡμέραν.
777 2873 796 2908 ι
836 2855 1184 2926 Καυχώμεθα
1213 2857 1324 2929 γὰρ
1347 2858 1407 2911 εν
1432 2859 1653 2931 Χριστῷ
1676 2877 1781 2913 σω-

204 2940 448 3012 ζόμενοι,
473 2943 568 2997 καὶ
595 2944 759 2999 αὑτὸν
782 2944 999 3016 ἔχοντες
1023 2945 1188 3000 ὅπλον
1218 2947 1484 3013 εὐδοκίας,
1517 2948 1661 3003 κατά
1681 2949 1780 3013 τὰς

204 3034 450 3106 Γραφάς.
475 3034 678 3090 Τούτου
705 3037 764 3090 δὲ
785 3033 853 3092 αὖ
879 3038 1049 3102 τύπος
1078 3039 1210 3109 ἡμῖν
1238 3040 1331 3093 καὶ
1352 3038 1513 3095 εἰκὼν
1540 3040 1779 3113 ἐναργὴς

205 3126 270 3178 ἀν
298 3126 514 3195 γένοιτο
548 3127 730 3190 πάλιν,
756 3127 817 3181 τὸ
849 3129 907 3183 ὲν
936 3128 1014 3199 τῷ
1062 3129 1205 3182 τέλει
1245 3130 1344 3201 τῆς
1372 3130 1629 3203 δευτέρας
1669 3132 1776 3186 τῶν

203 3217 503 3273 [lactistti
525 3221 928 3292 γεγραμμένον·
954 3221 1067 3294 ἔχει
1085 3222 1142 3276 δὲ
1167 3199 1338 3286 obrui;
1359 3239 1373 3253 ο
1403 3243 1423 3275 ι
1450 3199 1559 3277 καὶ
1573 3223 1774 3294 ἀνέστη
1799 3199 1846 3258 c

200 3308 367 3363 Δασὶδ
402 3309 573 3381 πρωῒ,
603 3312 697 3365 καὶ
729 3311 881 3380 λόγος
905 3313 1112 3384 Κυρίου
1139 3312 1357 3382 ἐγένετο
1385 3312 1522 3382 πρὸς
1547 3312 1655 3369 Γὰδ
1683 3311 1776 3367 τὸν

200 3401 493 3470 προφήτην
538 3401 631 3455 τὸν
672 3402 884 3475 ὁρῶντα
917 3403 1054 3474 πρὸς
1094 3403 1292 3468 Δαὸἱδ,
1327 3404 1536 3472 λέγων’
1565 3402 1773 3474 Πορεύ-

199 3491 325 3563 θητι
368 3491 465 3545 καὶ
509 3492 741 3561 λάλησον
770 3494 905 3565 πρὸς
950 3495 1134 3558 Δαόὶδ,
1176 3494 1385 3563 λέγων*
1444 3493 1585 3549 Τάδε
1626 3492 1774 3561 λέγει

198 3583 440 3657 Κύριοςυ
472 3586 612 3655 Τρία
638 3585 749 3654 ἐγὼ
772 3588 882 3658 ἐρῶ
905 3588 996 3642 ἐπὶ
1030 3587 1110 3651 σὲ,
1143 3585 1356 3650 ἔκλεξαι
1379 3586 1592 3658 σεαυτῷ
1624 3584 1685 3639 ἓν
1716 3583 1777 3651 ἐξ

198 3678 402 3745 αὐτῶν,
432 3680 529 3733 καὶ
554 3680 765 3748 ποιήσω
797 3696 901 3732 σοι.
927 3678 1038 3732 Καὶ
1064 3677 1281 3747 εἰσῆλθε
1303 3677 1413 3730 Γὰδ
1432 3675 1567 3747 πρὸς
1591 3675 1773 3741 Δασὶδ,

197 3771 290 3825 καὶ
307 3770 638 3841 ἀπήγγειλε,
670 3771 767 3824 καὶ
792 3766 948 3824 εἶπεν
975 3770 1144 3840 αὐτῷ·
1170 3767 1429 3833 Ἐκλεξαι
1455 3766 1667 3839 σεαυτῷ
1681 3782 1777 3839 γε·

196 3861 384 3917 νέσθαι
406 3901 427 3931 ,
457 3861 495 3932 ἢ
530 3861 659 3935 ἔλθῃ
710 3879 793 3916 σοι
824 3861 951 3933 τρία
982 3862 1077 3933 ἐτη
1110 3862 1268 3932 λιμὸς
1309 3862 1369 3914 ὲν
1399 3863 1466 3931 τῇ
1497 3862 1568 3933 γῆ
1599 3876 1713 3926 σου,
1733 3857 1772 3935 ἢ

197 3956 348 4025 τρεῖς
376 3953 557 4024 μῆνας
598 3954 821 4024 φεύγειν
854 3972 914 4017 σε
943 3953 1252 4026 ἔμπροσθεν
1274 3953 1385 4008 τῶν
1415 3952 1625 4025 ἐχθρῶν
1653 3969 1768 4017 σου,

197 4047 292 4101 καὶ
309 4046 531 4101 ἔσονται
552 4048 910 4102 καταδιώκειν
933 4065 994 4101 σε
1014 4066 1028 4080 ο
1065 4048 1098 4120 ἢ
1120 4050 1268 4119 τρεῖς
1288 4047 1500 4118 ἡμέρας
1519 4045 1770 4116 γενέσθαι

196 4137 428 4193 θάνατον
464 4141 523 4192 ἐν
552 4141 620 4209 τῇ
670 4141 741 4210 γῇ
781 4156 898 4193 σου.
948 4126 1063 4194 Νῦν
1110 4135 1204 4201 οὖν
1245 4138 1413 4207 γνῶθι
1448 4137 1542 4193 καὶ
1589 4137 1668 4191 ῑδε
1718 4135 1770 4189 τί

193 4228 484 4300 ἀποκριθῶ
512 4228 589 4300 τῷ
611 4229 993 4283 ἀποστείλαντι
1022 4247 1090 4300 με
1120 4231 1290 4301 ῥῆμα.
1329 4230 1438 4283 Καὶ
1465 4224 1587 4284 εἷπε
1608 4226 1772 4282 Δαὸὶδ

192 4321 332 4391 πρὸς
360 4321 475 4379 Γὰδ
498 4337 513 4352 ο
549 4320 721 4373 Στενά
760 4339 850 4391 μοι
887 4320 1150 4375 πάντοθεν
1198 4321 1402 4390 σφόδρα
1428 4318 1545 4371 ἐστὶ
1577 4316 1669 4372 καὶ
1699 4316 1768 4372 τά

176 4412 340 4484 τρία·
384 4413 735 4483 ἐμπεσοῦμαι
766 4413 831 4483 δὴ
862 4414 942 4477 είς
985 4414 1173 4484 χεῖρας
1202 4411 1433 4481 Κυρίου,
1472 4411 1554 4463 ὅτι
1584 4409 1767 4469 πολλοὶ

172 4495 243 4555 ὀῖ
279 4503 756 4574 οῖκτιρμοὶηαύτοῦ
791 4505 1025 4577 σφόδρα’
1065 4507 1147 4567 εἰς
1169 4504 1224 4557 δὲ
1254 4506 1440 4573 χεῖρας
1462 4501 1764 4573 ἀνθρώπων

194 4589 253 4644 οὐ
284 4591 363 4662 μὴ
384 4593 632 4662 ἐμπέσω.
660 4594 773 4648 Καὶ
796 4593 1077 4659 ἐξελέξατο
1101 4591 1277 4662 ἑαυτῷ
1306 4590 1468 4643 Δαὸὶδ
1488 4590 1584 4644 τὸν
1608 4590 1765 4645 θάνα-

189 4698 315 4735 τον·
350 4678 494 4752 ἦσαν
519 4683 576 4737 δὲ
611 4685 668 4737 αῖ
698 4685 901 4756 ἡμέραι
929 4683 1190 4755 θερισμοῦ
1228 4681 1438 4753 πυρῶν,
1462 4680 1560 4735 καὶ
1598 4680 1766 4735 ἔδωκε

185 4772 398 4841 Κύριος
430 4774 662 4828 θάνατον
705 4777 764 4829 ἐν
806 4775 1025 4847 Ἰσραὴλ
1052 4775 1161 4827 ἀπὸ
1198 4773 1437 4846 πρωῖθεν
1485 4772 1591 4837 ἕως
1617 4771 1764 4843 ὥρας

184 4863 417 4934 ἀρίστου
435 4881 453 4895 ο
487 4866 582 4920 καὶ
605 4867 809 4938 ἤρξατο
847 4869 879 4938 ἡ
905 4867 1132 4938 θραῦσις
1168 4868 1226 4919 ὲν
1259 4866 1337 4936 τῷ
1357 4863 1472 4935 λαῷ
1490 4903 1506 4928 ,
1535 4864 1630 4918 καὶ
1655 4865 1765 4917 ἀπ-

183 4953 379 5007 έθανεν
405 4956 475 5009 ὲκ
498 4956 592 5015 τοῦ
609 4957 738 5011 λαοῦ
754 4958 962 5029 Κυρίου
985 4957 1095 5011 ἀπὸ
1115 4957 1221 5011 Δάν
1242 4958 1336 5011 καὶ
1347 4956 1450 5020 ἕως
1467 4954 1760 5028 Βερσαόεὲ,

183 5043 563 5114 ἑϐδομήκοντα
593 5048 827 5118 χιλιάδες
862 5049 1094 5120 ἀνδρῶν·
1125 5051 1220 5102 καὶ
1248 5046 1512 5114 ἐξέτεινεν
1533 5050 1564 5102 ὁ
1596 5048 1762 5118 ἀγγε-

180 5132 279 5197 λος
304 5135 400 5188 τοῦ
447 5136 581 5192 Θεοῦ
616 5138 714 5209 τήν
741 5142 897 5210 χεῖρα
947 5120 1112 5196 αῦτοῦ
1158 5143 1238 5205 είς
1281 5140 1637 5211 Ἰερουσαλὴμ
1663 5140 1758 5197 τοῦ

178 5221 495 5297 διαφθεῖραι
545 5229 743 5300 αὐτήν*
776 5231 871 5284 καὶ
919 5230 1236 5303 παρεκλήθη
1287 5229 1491 5299 Κύριος
1539 5231 1632 5283 ἐπὶ
1688 5233 1752 5300 τῇ

178 5315 375 5384 κακίᾳ,
408 5317 504 5372 καὶ
549 5313 669 5372 εἷπε
704 5319 782 5390 τῷ
824 5320 1041 5392 ἀγγέλῳ
1074 5319 1154 5392 τῷ
1188 5318 1552 5389 διαφθείροντι
1584 5320 1643 5373 ὲν
1679 5318 1758 5389 τῷ

176 5402 335 5473 λαῷ·
378 5403 610 5473 Ἱκανὸν,
645 5409 772 5473 ἄνες
810 5410 910 5482 τὴν
942 5411 1102 5482 χεῖρά
1141 5428 1257 5464 σου.
1313 5410 1425 5464 Καὶ
1455 5412 1484 5463 ὁ
1531 5409 1760 5478 ἄγγελος

175 5496 273 5549 τοῦ
309 5496 444 5553 Θεοῦ
482 5495 553 5572 ἦν
599 5501 767 5566 ἑστὼς
798 5502 927 5576 περὶ
971 5506 1041 5575 τῇ
1064 5502 1178 5574 ἅλῳ
1214 5503 1377 5575 Ὀρνᾶ
1411 5501 1505 5563 τοῦ
1563 5502 1759 5570 15590-

249 5631 272 5662 ’
304 5630 415 5687 Jer.
452 5648 568 5700 vm,
617 5634 672 5703 8,
699 5635 751 5695 9,.

1817 1869 1862 1925 Β
1961 1860 2159 1916 PALL.
2200 1862 2368 1918 Recte
2399 1864 2500 1919 ais.

1954 1946 2112 2003 CYR.
2145 1948 2288 2019 Ergo
2319 1950 2421 2020 illa.
2439 1966 2562 2021 quae
2610 1968 2712 2022 per
2740 1952 3021 2010 Christum
3046 1955 3313 2013 tribuitur
3338 1974 3469 2029 pars

1883 2036 2069 2104 fectio,
2112 2047 2170 2094 et
2200 2041 2320 2110 ejus
2355 2050 2823 2099 sacramentorum
2857 2046 3056 2111 virtus,
3088 2056 3203 2101 tum
3246 2050 3469 2119 sapien-

1888 2138 1969 2186 tes
1997 2146 2100 2186 nos
2129 2130 2316 2194 efﬁcit,
2346 2140 2465 2187 tum
2511 2148 2644 2187 vero
2685 2144 2865 2190 morte
2911 2134 3171 2192 fortiores
3207 2139 3466 2205 ostendit,

1883 2221 2159 2277 occultum
2196 2222 2350 2277 illum
2394 2239 2458 2278 ac
2504 2223 2845 2293 spiritualem
2893 2226 3135 2293 Amalec,
3187 2227 3467 2295 Satanam,

1884 2309 2127 2380 inquam,
2165 2326 2507 2381 expugnans.
2550 2312 2619 2367 Et
2665 2320 2814 2367 recte
2857 2312 3151 2368 admodum
3187 2313 3278 2369 ille
3315 2315 3468 2370 Psal-

1883 2407 1967 2454 tes
1993 2400 2211 2456 aiebat:
2247 2420 2266 2451 ι
2304 2400 2572 2466 Quoniam
2617 2399 2675 2455 in
2714 2400 2828 2457 Deo
2866 2401 3133 2459 faciemus
3173 2403 3464 2471 virtutem;

1881 2498 1938 2545 et
1978 2482 2094 2560 ipse
2143 2490 2212 2545 ad
2256 2490 2491 2545 nihilum
2542 2491 2779 2565 deducet
2829 2492 3158 2548 tribulantes
3206 2509 3307 2549 nos
3334 2495 3398 2549 ’°.
3438 2513 3460 2546 ι

1880 2579 1958 2635 De
1995 2580 2156 2635 nobis
2194 2581 2348 2646 item,
2380 2581 2475 2651 qui
2522 2581 2650 2636 ﬁdei
2693 2581 2985 2651 splendore
3031 2597 3222 2638 sumus
3261 2584 3462 2649 ornati,

1879 2669 2097 2725 dicebat
2126 2672 2193 2726 ad
2235 2672 2410 2727 Deum
2454 2687 2588 2727 voce
2625 2688 2891 2729 conversa
2931 2692 2945 2729 :
2983 2692 3003 2725 ι
3037 2673 3305 2740 Quoniam
3343 2674 3465 2745 glo-

1879 2761 1963 2816 ria
1986 2760 2207 2823 virtutis
2234 2778 2426 2817 eorum
2461 2770 2523 2818 tu
2548 2778 2629 2829 es,
2655 2772 2712 2819 et
2746 2764 2803 2819 in
2833 2764 3056 2821 nomine
3090 2772 3188 2819 tuo
3218 2764 3463 2819 exsulta-

1878 2856 2019 2911 bunt
2058 2864 2169 2911 tota
2216 2855 2305 2912 die
2341 2857 2406 2910 ".
2445 2876 2464 2908 ι
2520 2856 2872 2913 Exsultamus
2911 2857 3059 2913 enim
3112 2857 3170 2911 in
3217 2855 3458 2924 Christo,

1877 2948 2003 3004 cum
2054 2948 2350 3013 salvamur,
2395 2955 2453 3003 et
2497 2949 2677 3019 ipsum
2723 2949 3021 3015 habemus,
3069 2956 3131 3003 ut
3180 2957 3266 3006 est
3315 2950 3462 3019 apud

1878 3039 2190 3108 Scripturas
2229 3056 2243 3092 :
2283 3058 2302 3091 ι
2341 3039 2571 3095 Scutum
2609 3040 2769 3096 bona:
2803 3040 3107 3095 voluntatis
3132 3041 3197 3094 ι’.
3233 3060 3252 3092 ι
3292 3040 3464 3112 Cujus

1877 3131 1958 3186 rei
1993 3131 2153 3185 nobis
2199 3131 2373 3201 ﬁgura
2422 3146 2543 3187 esse
2595 3146 2788 3187 rursus
2835 3139 3037 3201 potest,
3073 3140 3239 3202 atque
3283 3134 3462 3204 imago

1872 3220 2163 3292 perspicua
2185 3261 2200 3286 ,
2247 3222 2394 3290 quod
2449 3222 2509 3276 in
2563 3230 2810 3277 extremo
2864 3222 3094 3277 secundi
3145 3223 3460 3293 Regnorum

1871 3310 2003 3369 libri
2030 3311 2295 3380 scriptum
2326 3321 2428 3378 est;
2458 3328 2524 3368 ea
2546 3313 2716 3367 verba
2754 3313 2836 3368 sic
2878 3313 3087 3368 habent
3118 3332 3131 3367 :
3177 3332 3198 3387 ε
3232 3315 3300 3369 Ει
3330 3330 3460 3370 sur-

1873 3401 2015 3455 rexit
2052 3400 2222 3455 David
2265 3417 2444 3466 mane,
2480 3408 2535 3455 et
2579 3417 2761 3457 sermo
2797 3402 3016 3457 Domini
3058 3403 3238 3458 factus
3268 3412 3352 3459 est
3390 3404 3460 3459 ad

1870 3488 1985 3547 Gad
2027 3490 2371 3562 prophetam,
2405 3491 2681 3547 videntem
2719 3493 2911 3559 David,
2941 3493 3172 3550 dicens:
3203 3495 3331 3551 Hac
3368 3497 3458 3551 di--

1870 3582 1951 3639 cit
1992 3584 2277 3651 Dominus,
2330 3584 2457 3640 Tria
2508 3600 2609 3656 ego
2655 3585 2833 3640 dicam
2883 3593 3076 3644 contra
3132 3595 3204 3651 te,
3249 3588 3456 3656 David;

1871 3674 2011 3748 elige
2038 3691 2208 3730 unum
2248 3693 2318 3731 ex
2350 3676 2504 3747 ipsis,
2538 3686 2597 3733 et
2629 3677 2825 3732 faciam
2868 3677 2991 3734 tibi.
3031 3678 3099 3734 Et
3142 3678 3298 3734 venit
3342 3679 3457 3735 Gad

1871 3767 1940 3822 ad
1987 3768 2179 3833 David,
2219 3776 2276 3824 et
2316 3769 2591 3825 nuntiavit
2629 3778 2684 3825 et
2731 3769 2870 3825 dixit
2913 3770 2987 3835 ei,
3028 3769 3218 3826 dicens
3252 3788 3265 3824 :
3306 3771 3459 3841 Elige

1869 3858 1974 3915 tibi
2018 3867 2080 3914 ut
2124 3858 2277 3925 ﬁant,
2311 3861 2397 3915 vel
2440 3871 2505 3917 ut
2551 3861 2778 3917 veniant
2824 3863 2926 3917 tibi
2969 3870 3082 3918 tres
3123 3864 3253 3918 anni
3294 3862 3461 3920 l‘amis

1864 3962 2036 4025 super
2071 3955 2274 4005 terram
2324 3957 2511 4018 tuam;
2552 3950 2639 4005 vel
2682 3959 2796 4007 tres
2831 3967 3049 4008 menses
3085 3951 3262 4024 fugias
3297 3962 3356 4008 tu
3388 3953 3459 4009 de

1868 4038 2007 4094 facie
2040 4039 2389 4097 inimicorum
2426 4049 2669 4109 tuorum,
2694 4052 2761 4098 et
2790 4042 2896 4113 ipsi
2927 4054 3329 4114 persequantur
3358 4055 3411 4099 te
3439 4063 3455 4101 :

1868 4134 1953 4189 vel
1984 4140 2047 4188 ul.
2077 4134 2172 4188 ﬁat
2200 4135 2381 4190 tribus
2414 4135 2612 4190 diebus
2653 4151 2804 4190 mors
2846 4136 2905 4190 in
2954 4146 3100 4191 terra
3144 4146 3258 4192 tua.
3300 4138 3458 4193 Nunc

1867 4223 2033 4294 igitur
2069 4222 2333 4288 delibera,
2375 4232 2431 4279 et
2475 4224 2602 4278 vide
2638 4224 2784 4293 quod
2821 4225 3054 4279 verbum
3096 4226 3455 4294 respondeam

1866 4314 1917 4370 ei
1974 4315 2069 4383 qui
2111 4314 2262 4368 misit
2302 4329 2410 4368 me.
2454 4314 2524 4368 Et
2561 4314 2703 4367 dixit
2744 4314 2917 4369 David
2967 4315 3037 4369 ad
3089 4314 3205 4369 Gad
3240 4331 3254 4368 :
3289 4315 3453 4370 Arcta

1866 4417 1997 4460 sunt
2031 4405 2165 4459 mihi
2210 4405 2454 4474 undique
2493 4405 2649 4460 valde
2684 4406 2800 4461 haec
2830 4407 2935 4461 tria
2969 4425 2980 4460 :
3014 4406 3250 4465 incidam
3288 4406 3455 4477 igitur

1866 4495 1923 4551 in
1975 4510 2171 4551 manus
2214 4494 2452 4558 Domini,
2489 4495 2620 4564 quia
2664 4495 2853 4550 multa:
2902 4496 3286 4552 miserationes
3318 4498 3452 4568 ejus

1864 4587 2057 4652 nimis;
2089 4588 2146 4641 in
2178 4602 2382 4643 manus
2414 4595 2599 4642 autem
2627 4587 2913 4643 hominum
2951 4604 3065 4645 non
3096 4588 3353 4644 incidam.
3382 4589 3452 4646 Et

1864 4679 2028 4749 elegit
2065 4678 2171 4734 sibi
2208 4678 2379 4733 David
2421 4687 2656 4734 mortem
2689 4697 2702 4733 :
2734 4688 2893 4736 erant
2929 4690 3113 4736 autem
3147 4681 3267 4736 dies
3302 4697 3451 4737 mes-

1862 4770 1940 4826 sis
1985 4770 2178 4835 tritici,
2217 4776 2274 4824 et
2312 4769 2469 4826 dedit
2518 4770 2785 4827 Dominus
2830 4781 3064 4827 mortem
3114 4772 3171 4825 in
3214 4772 3378 4827 lsrael
3419 4788 3451 4827 a
3535 4817 3537 4821 ς

1864 4875 2025 4915 mane
2059 4875 2235 4929 usque
2267 4859 2335 4915 ad
2366 4860 2560 4929 horam
2600 4861 2817 4931 prandii
2851 4878 2864 4914 :
2897 4869 2953 4915 et
2989 4859 3155 4929 coepit
3191 4859 3350 4914 ruina
3393 4861 3458 4915 in.

1868 4951 2090 5021 populo,
2114 4961 2171 5006 et
2197 4951 2402 5007 mortui
2432 4959 2562 5009 sunt
2587 4953 2656 5009 de
2678 4953 2884 5023 populo
2909 4968 2941 5007 a
2968 4952 3084 5006 Dan
3114 4966 3288 5022 usque
3315 4952 3449 5007 Ber-

1866 5042 2027 5097 sabee
2062 5043 2403 5113 septuaginta
2433 5043 2606 5099 millia
2643 5045 2886 5098 virorum
2915 5059 2928 5094 :
2961 5049 3018 5097 et
3056 5043 3302 5098 extendit
3346 5060 3447 5098 an-

1863 5134 2016 5205 gelus
2049 5134 2147 5189 Dei
2181 5150 2403 5191 manum
2442 5151 2598 5190 suam
2626 5136 2685 5189 in
2719 5135 3043 5201 Jerusalem,
3070 5143 3133 5189 ut
3160 5134 3447 5205 disperde-

1862 5231 1947 5279 ret
1974 5240 2095 5279 eam
2128 5242 2142 5279 :
2173 5234 2230 5280 et
2260 5225 2518 5281 misertus
2547 5231 2632 5279 est
2660 5223 2925 5280 Dominus
2956 5241 3122 5296 super
3151 5226 3442 5296 96:11am,

1861 5324 1920 5370 et
1968 5316 2107 5371 dixit
2160 5317 2355 5387 angelo
2405 5316 2780 5386 corrumpenti
2837 5317 2893 5372 in
2939 5318 3142 5388 populo
3183 5335 3195 5370 :
3235 5314 3445 5372 SuiIicit

1862 5414 2053 5476 nunc;
2097 5411 2316 5465 remitte
2370 5424 2592 5463 manum
2635 5417 2804 5464 tuam.
2848 5410 2918 5465 Et
2954 5411 3179 5481 angelus
3223 5407 3448 5463 Domini

1865 5509 1985 5557 erat
2010 5510 2158 5558 stans
2181 5502 2335 5573 juxta
2376 5514 2561 5556 aream
2591 5498 2737 5557 Orna
2770 5501 3025 5559 Jebusaii.
3054 5503 3121 5557 Et
3160 5499 3299 5556 dixit
3333 5498 3447 5555 Bas

868 5639 910 5672 “
960 5640 1103 5697 Psal.
1156 5656 1263 5711 1.1x,
1296 5638 1382 5697 Η.
1450 5644 1489 5675 ¹¹
1530 5641 1777 5699 Ρειιιψιιι

1879 5657 1940 5696 ιι.
1993 5641 2079 5706 l7,
2113 5640 2211 5713 _18.
2290 5640 2329 5673 υ
2369 5640 2511 5696 Psal.
2539 5640 2701 5707 v,12.
