3968 6300
465 270 576 328 887

1475 262 1532 320 S.
1567 261 1840 320 CYRILLI
1879 261 2345 318 ALEXANDRINI
2376 259 2696 316 ARCHIEP.

3615 251 3719 305 288

468 385 558 440 vid
602 383 668 438 ad
709 381 1020 446 Dominum,
1050 395 1175 435 cum
1216 379 1445 435 vidisset
1473 379 1590 450 ipse
1639 377 1889 448 angelum
1937 391 2045 430 cae-

2158 374 2324 427 σαίου.
2358 372 2469 425 Kal
2502 367 2623 424 εἷπε
2652 367 2816 422 Δαϐὶδ
2849 367 2986 439 πρὸς
3016 366 3238 439 Κύριον,
3273 364 3331 418 ἐν
3358 363 3437 436 τῷ
3469 363 3599 418 ίδεῖν
3623 363 3718 417 αύ-

469 477 689 532 dentem
728 473 784 526 in
813 472 1038 542 populo,
1069 480 1126 526 et
1163 472 1300 526 dixit
1328 489 1343 524 ε
1374 471 1516 526 Ecce
1552 485 1653 540 ego
1684 483 1804 523 sum
1839 475 2044 537 pastor;

468 580 568 634 ego
609 563 828 633 peccavi
866 581 877 615 ε
907 571 964 617 et
994 578 1095 632 ego
1131 569 1318 632 pastor
1357 560 1498 616 male
1533 559 1666 626 feci;
1699 567 1754 613 et
1791 558 1880 613 isti
1920 572 2050 611 oves

469 654 601 724 quid
629 653 922 708 fecerunt?
945 653 1065 708 Fiat
1092 668 1287 707 manus
1313 662 1403 707 tua
1433 659 1622 706 contra
1649 664 1736 702 me
1779 657 1836 703 et
1860 657 2050 702 contra

469 745 692 800 domum
732 746 902 815 patris
946 745 1075 800 mei.
1119 747 1188 800 Et
1213 746 1367 800 venit
1401 742 1515 798 Gad
1559 741 1626 796 ad
1658 740 1827 795 David
1864 740 1921 794 in
1960 739 2050 793 die

471 835 582 900 illa,
615 844 672 890 et
702 834 839 889 dixit
883 835 960 889 illi
1008 853 1021 889 :
1058 835 1324 899 Ascende,
1366 843 1422 889 et
1465 832 1738 887 constitue
1783 831 1951 884 altare
1993 829 2051 882 in

471 924 766 981 area.0rna
795 926 1050 981 Jebusaei.
1081 926 1151 980 Et
1173 924 1422 980 ascendit
1449 923 1616 977 David
1643 924 1795 994 juxta
1821 921 2050 975 verbum

471 1017 587 1072 Gad
632 1018 932 1087 prepheue,
976 1017 1435 1088 quemadmodum
1484 1021 1819 1086 praceperat
1853 1012 1905 1066 ei
1942 1012 2051 1065 Do-

473 1108 699 1162 minus:
733 1120 790 1162 et
840 1108 1126 1164 inclinavit
1175 1124 1235 1163 se
1281 1107 1447 1172 Orna,
1489 1115 1546 1162 et
1590 1105 1729 1160 vidit
1771 1119 1951 1174 regem
1996 1111 2053 1158 et

474 1210 660 1250 servos
691 1197 810 1267 ejus
841 1205 1287 1267 pertranseuntes
1325 1212 1487 1267 supra
1521 1197 1699 1266 ipsum
1730 1211 1743 1247 :
1774 1201 1829 1248 et
1865 1207 2050 1263 egres-

475 1303 570 1342 sus
601 1297 684 1342 est
708 1287 875 1352 Orna,
905 1297 961 1343 et
988 1289 1235 1343 adoravit
1261 1304 1442 1358 regem
1472 1287 1527 1340 in
1557 1286 1748 1340 faciem
1775 1298 1930 1339 suam
1957 1297 2052 1337 su—

475 1393 575 1447 per
601 1387 823 1432 terram.
856 1380 924 1434 Et
949 1379 1089 1434 dixit
1115 1378 1294 1434 Orna:
1321 1378 1434 1434 Cur
1451 1377 1601 1433 venit
1621 1376 1876 1432 dominus
1898 1389 2053 1428 meus

475 1484 572 1522 rex
612 1469 680 1523 ad
721 1483 939 1524 servum
973 1469 1168 1524 suum?
1205 1469 1274 1522 Et
1307 1468 1445 1523 dixit
1473 1467 1641 1522 David
1668 1484 1682 1520 :
1715 1467 1788 1523 Ut
1817 1479 1994 1520 emam
2021 1479 2052 1518 a

478 1569 530 1613 te
577 1574 780 1625 aream,
821 1569 881 1616 ut
917 1560 1182 1615 aadiﬁcem
1233 1561 1404 1615 altare
1453 1559 1718 1623 Domino,
1773 1565 1830 1613 et
1877 1565 2054 1612 cesset

478 1651 637 1704 ruina
665 1667 694 1704 a
722 1654 945 1722 populo.
989 1653 1058 1707 Et
1087 1653 1224 1706 dixit
1263 1650 1408 1706 Orna
1458 1651 1526 1705 ad
1563 1647 1731 1704 David
1763 1667 1776 1703 :
1807 1648 2053 1718 Accipiat

2147 466 2239 518 τὸν
2277 463 2368 518 τδν
2399 463 2626 532 ἄγγελον
2648 461 2740 514 τὸν
2768 460 3040 514 τύπτοντα
3065 460 3123 511 ἐν
3143 458 3222 528 τῷ
3253 456 3389 527 λαῷ,
3415 455 3510 509 καὶ
3531 451 3684 508 εἶπεν
3701 471 3716 487 ι

2160 556 2291 610 Ἰδοὺ
2319 555 2430 624 ἐγώ
2469 557 2583 625 είμι
2613 555 2642 608 6
2671 551 2893 623 ποιμὴν,
2929 549 3040 618 ἐγὼ
3071 549 3390 622 ἡμάρτηκα,
3429 546 3526 600 καὶ
3555 543 3666 614 ἐγὼ
3691 547 3718 598 6

2151 647 2356 717 ποιμὴν
2377 644 2752 715 ἐκακοποίησα
2768 658 2783 672 ⁶
2809 643 2904 696 καὶ
2928 634 3075 695 οὗτοι
3091 639 3160 694 τὰ
3187 638 3434 711 πρόϐατα
3452 637 3506 690 τί
3533 635 3733 721 ἐποίηο.

2151 755 2283 805 σαν;
2309 737 2555 790 Γενέσθω
2582 736 2646 807 δὴ
2675 738 2709 806 ή
2731 735 2853 806 χείρ
2879 751 2972 788 σου
3002 735 3060 788 ἐν
3088 733 3232 804 ἐμοὶ,
3261 731 3356 785 καὶ
3387 732 3446 782 ἐν
3477 729 3556 800 τῷ
3587 729 3718 799 οῐκῳ

2149 828 2243 883 τοῦ
2277 829 2481 911 πατρός
2526 845 2648 899 μου.
2684 827 2794 911 Kal
2828 822 2959 897 ἦλθε
3009 824 3118 911 Γὰδ
3160 821 3504 911 πρδςγΔασὶδ
3549 821 3608 873 ἐν
3651 821 3716 892 τῇ

2151 907 2333 986 ἡμέρα
2357 914 2559 986 ἐκείνῃ,
2592 915 2686 968 καὶ
2710 907 2861 966 εἶπεν
2883 910 3030 982 αὐτῷ
3053 929 3069 946 ·
3103 910 3382 982 ’Δνάϐηθι,
3405 911 3501 964 καὶ
3523 912 3720 980 στῆσον

2151 1004 2228 1074 τῷ
2256 1003 2446 1074 Κυρίῳ
2471 1003 2853 1074 θυσιαστήριον
2875 1004 2932 1056 ἐν
2957 1004 3024 1073 τῇ
3055 1001 3166 1072 ἅλῳ
3201 1001 3366 1072 Ὀρνᾶ
3385 999 3480 1052 τοῦ
3521 1000 3718 1054 Ἰεϐου-

2153 1094 2326 1149 σαίου.
2363 1095 2474 1148 Kal
2509 1093 2676 1166 ἀνέϐη
2711 1093 2874 1148 Δαϐὶδ
2898 1093 3039 1148 κατὰ
3066 1093 3128 1146 τὸ
3158 1092 3308 1164 ῥῆμα
3337 1091 3444 1145 Γὰδ
3467 1089 3560 1144 τοῦ
3587 1107 3720 1162 προ-

2151 1188 2344 1258 φήτου,
2375 1186 2433 1238 δν
2454 1185 2652 1257 τρόπον
2676 1185 2974 1239 ἐνετείλατο
3002 1182 3150 1254 αὐτῷ
3173 1183 3399 1254 Κύριος·
3423 1181 3518 1236 xal
3543 1181 3718 1234 διέκυ-

2149 1278 2250 1348 ψεν
2282 1278 2466 1351 Ὀρνᾶ,
2515 1278 2610 1331 καὶ
2660 1272 2769 1330 εἶδε
2803 1275 2895 1329 τὸν
2935 1274 3163 1346 βασιλέα
3209 1273 3305 1326 καὶ
3353 1273 3480 1334 τοὺς
3523 1269 3717 1333 παῖδας

2152 1368 2336 1434 αὐτοῦ,
2369 1367 2917 1440 παραπορευομένους
2934 1367 3120 1421 ἐπάνω
3140 1362 3304 1418 αὐτοῦ
3331 1378 3346 1394 °
3380 1363 3474 1418 καὶ
3495 1360 3718 1431 ἐξῆλθεν

2165 1461 2344 1531 Ὀρνᾶ,
2385 1461 2483 1513 καὶ
2523 1458 2899 1531 προσεκύνησε
2935 1457 3015 1528 τῷ
3063 1456 3268 1528 βασιλεῖ
3307 1454 3399 1506 ἐπὶ
3431 1453 3718 1525 πρόσωπον

2151 1553 2315 1606 αὑτοῦ
2357 1553 2451 1606 ἐπὶ
2479 1552 2576 1622 τὴν
2615 1555 2740 1622 γῆν.
2773 1552 2882 1604 Kal
2910 1546 3064 1604 εἶπεν
3096 1549 3281 1619 Ὀρνᾶ⁸
3307 1547 3374 1600 Τί
3399 1547 3480 1600 δτι
3506 1541 3669 1617 ἦλθεν
3690 1545 3718 1596 6

2152 1644 2341 1715 κύριός
2369 1660 2468 1714 μου
2497 1645 2526 1696 6
2569 1642 2821 1713 βασιλεὺς
2850 1641 2987 1712 πρὸς
3024 1639 3123 1694 τὸν
3170 1638 3357 1692 δοῦλον
3397 1635 3585 1704 aurci};
3613 1636 3719 1688 Kal

476 1749 532 1796 et
564 1740 758 1797 oﬁ'erat
797 1742 1053 1798 dominus
1096 1757 1252 1797 meus
1279 1758 1373 1795 rex
1397 1741 1628 1796 Domino
1671 1739 1816 1809 quod
1839 1739 2044 1794 bonum

2158 1730 2274 1788 εἷπε
2307 1734 2473 1787 Δαὸίδ
2494 1751 2508 1765 ·
2540 1733 2867 1803 Κτήσασθαι
2892 1731 3046 1804 παρὰ
3079 1728 3173 1783 σοῦ
3198 1729 3296 1800 τὴν
3322 1727 3435 1784 ἅλω
3457 1726 3552 1780 τοῦ
3579 1727 3720 1779 οἰκο-

475 1844 560 1888 est
605 1833 662 1888 in
699 1835 875 1891 oculis
917 1836 1032 1892 suis
1062 1854 1074 1890 :
1103 1852 1230 1891 ecce
1268 1835 1423 1890 vituli
1469 1835 1528 1890 in
1565 1835 1966 1898 holocaustum,
2001 1841 2059 1888 et

476 1935 612 1982 rota:
649 1937 706 1984 et
755 1929 1118 1984 instrumenta
1157 1928 1322 1983 boum
1366 1928 1423 1981 in
1468 1927 1633 1998 ligna.
1673 1925 1868 1982 Omnia
1905 1925 2060 1981 dedit

475 2017 621 2073 Orna
648 2020 782 2090 regi.
817 2020 884 2073 Et
911 2019 1048 2076 dixit
1079 2018 1224 2074 Oma
1256 2018 1324 2072 ad
1363 2033 1543 2089 regem
1575 2037 1588 2072 :
1621 2017 1884 2073 Dominus
1913 2017 2060 2073 Deus

478 2115 604 2162 tuus
632 2108 920 2164 benedicat
939 2111 1059 2164 tibi.
1102 2111 1170 2164 Et
1198 2110 1334 2164 dixit
1359 2126 1452 2164 rex
1475 2109 1543 2163 ad
1571 2107 1772 2164 Ornam
1799 2125 1814 2162 :
1841 2108 2059 2178 Nequa-

473 2215 672 2268 quam;
698 2201 794 2255 sed
821 2217 1010 2257 emens
1029 2217 1206 2256 emam
1235 2217 1266 2256 a
1295 2210 1346 2257 te
1371 2203 1568 2273 pretio,
1597 2210 1654 2256 et
1685 2217 1795 2256 non
1825 2200 2050 2256 offeram

475 2284 705 2346 Do'mino
750 2293 860 2348 Deo
928 2309 1052 2347 meo
1117 2293 1495 2347 holocaustum
1549 2293 1737 2362 gratis.
1797 2293 1866 2346 Et
1917 2291 2053 2346 emit

475 2379 642 2434 David
677 2397 856 2436 aream
883 2392 941 2436 et
969 2382 1136 2436 boves
1163 2391 1406 2452 argento,
1437 2381 1832 2451 quinquaginta
1865 2380 2047 2446 siclis;

474 2477 530 2521 et
556 2469 844 2524 mdiﬁcavit
904 2470 979 2524 ibi
1012 2469 1182 2523 David
1223 2471 1392 2523 altare
1431 2470 1701 2532 Domino,
1750 2476 1807 2523 et
1854 2467 2054 2523 obtulit

474 2554 793 2610 holocausta
847 2566 905 2610 et
958 2555 1201 2626 pacifica.
1251 2557 1320 2610 Et
1371 2557 1522 2610 auxit
1577 2555 1832 2610 Salomon
1883 2555 2055 2612 altare

474 2653 699 2715 postea,
754 2646 884 2715 quia
932 2647 1189 2716 exiguum
1242 2656 1360 2701 erat
1411 2647 1604 2716 prius;
1661 2653 1722 2702 et
1776 2646 2054 2702 exaudivit

476 2735 741 2790 Dominus
804 2745 1042 2802 terram,
1103 2746 1159 2792 et
1224 2737 1468 2792 cohibita
1524 2746 1608 2792 est
1671 2736 1830 2792 ruina
1889 2753 2055 2808 super

476 2826 642 2881 Israel
679 2826 744 2881 ¹³.
781 2845 800 2879 ›

2150 1826 2386 1895 δομῆσαι
2425 1825 2806 1896 θυσιαστήριον
2863 1823 2942 1894 τῷ
2992 1822 3203 1893 Κυρίῳ,
3259 1821 3354 1874 καὶ
3405 1816 3639 1888 συσχεθῇ
3685 1818 3718 1886 ή

2154 1915 2378 1988 θραῦσις
2411 1914 2690 1969 ἐπάνωθεν
2731 1915 2824 1969 τοῦ
2855 1913 3006 1970 λαοῦ.
3056 1913 3170 1967 Kal
3202 1907 3353 1966 εἶπεν
3394 1910 3558 1981 Ὀρνᾶ
3585 1907 3719 1979 πρὸς

2152 2008 2318 2062 Δαὸίδ
2335 2021 2348 2037 ·
2378 2007 2606 2062 Λαδέτω
2624 2009 2718 2062 καὶ
2745 2006 3092 2075 ἀνενεγκάτω
3112 2009 3140 2060 6
3161 2003 3347 2076 κύριός
3376 2021 3478 2074 μου
3503 2004 3532 2056 6
3567 2001 3715 2072 βασι-

2155 2099 2277 2163 λεὺς
2298 2100 2377 2171 τῷ
2411 2100 2598 2171 Κυρίῳ
2641 2100 2703 2153 τὸ
2734 2098 2937 2168 ἀγαθὸν
2958 2101 3016 2153 ἐν
3049 2097 3346 2170 ὀφθαλμοῖς
3375 2095 3538 2150 αὑτοῦ
3558 2111 3572 2124 ·
3612 2094 3720 2148 ίδοὺ

2153 2195 2203 2246 οί
2239 2193 2358 2263 βόες
2387 2195 2466 2256 είς
2491 2192 2866 2262 όλοκαύτωμα,
2907 2191 3000 2244 καὶ
3038 2192 3089 2244 οί
3119 2190 3302 2260 τροχοὶ
3324 2188 3418 2242 καὶ
3459 2186 3527 2242 τὰ
3554 2185 3722 2254 σκεύη

2155 2283 2265 2337 τῶν
2289 2283 2426 2354 βοῶν
2453 2285 2534 2346 είς
2566 2266 2718 2349 ξύλα.
2755 2283 2836 2336 Τὰ
2867 2283 3043 2336 πάντα
3081 2281 3278 2334 ιδωκεν
3324 2281 3485 2349 Ὀρνᾶ
3511 2276 3591 2347 τῷ
3630 2277 3724 2347 βα-

2159 2376 2314 2429 σιλεῖ.
2345 2377 2456 2429 Καὶ
2484 2371 2637 2428 εἶπεν
2679 2375 2843 2446 Ὀρνᾶ
2891 2374 3027 2445 πρὸς
3055 2373 3145 2427 τδν
3173 2371 3394 2444 βασιλέα
3411 2387 3424 2401 ’
3463 2369 3669 2441 Κύριος
3696 2369 3725 2420 6

2156 2467 2287 2531 Θεός
2320 2483 2413 2520 σου
2447 2467 2736 2537 εύλογήσαι
2763 2483 2845 2520 σε.
2891 2467 3001 2520 Καὶ
3039 2461 3192 2519 εἶπεν
3235 2467 3263 2518 6
3297 2463 3549 2535 βασιλεὺς
3588 2460 3722 2533 πρὸς

2170 2558 2382 2628 Ὀρνᾶνο
2412 2557 2571 2627 Οὐχί·
2605 2557 2744 2610 ἀλλά
2765 2555 3044 2628 κτώμενος
3069 2558 3342 2629 κτήσομαι
3363 2553 3514 2625 παρά
3537 2553 3633 2607 σοῦ
3667 2556 3726 2608 ἐν

2157 2647 2486 2717 ἀλλάγματι.
2522 2647 2632 2700 Καὶ
2655 2647 2758 2701 οὐκ
2784 2647 2983 2702 ἀνοίσω
3015 2646 3204 2718 Κυρίῳ
3231 2645 3308 2716 τῷ
3329 2645 3449 2716 Θεῷ
3478 2662 3580 2716 μου
3608 2644 3727 2698 ὁλο-

2158 2733 2426 2808 καύτωμα
2453 2737 2685 2808 δωρεάν.
2713 2739 2824 2792 Καὶ
2849 2739 3119 2808 ἐκτήσατο
3139 2736 3304 2790 Δαὸὶδ
3323 2735 3437 2790 ἀλω
3461 2735 3554 2788 καὶ
3598 2733 3727 2796 τοὺς

2159 2829 2286 2899 βόας
2332 2832 2390 2884 ἐν
2418 2831 2665 2902 ἀργυρίῳ
2698 2829 2896 2884 σίκλων
2935 2831 3292 2902 πεντήκοντα,
3326 2827 3730 2899 καὶξῲκοδόμη·

477 2937 570 2974 σεν
597 2922 715 2974 ἐκεῖ
727 2921 890 2977 Δαϐὶδ
911 2921 1292 2995 θυσιαστήριον
1317 2923 1394 2993 τῷ
1410 2923 1618 2994 Κυρίῳ,
1644 2921 1736 2976 καὶ
1750 2921 2048 2994 ἀνήνεγκεν
2073 2923 2464 2989 ὁλοκαυτώσεις
2504 2926 2598 2979 καὶ
2618 2925 2922 2997 εἰρηνικάς.
2981 2926 3094 2980 Kal
3140 2923 3449 2996 προσέθηκε
3465 2919 3729 2992 Σαλομὼν

474 3013 557 3076 είς
583 3012 645 3065 τὸ
679 3013 1060 3086 θυσιαστήριον
1101 3015 1188 3069 ἐπ’
1234 3015 1498 3084 ἐσχάτων,
1525 3015 1606 3067 ὅτι
1653 3011 1850 3084 μικρὸν
1893 3008 1961 3084 ἦν
1991 3015 2048 3067 ἐν
2073 3015 2333 3087 πρώτοις.
2355 3017 2466 3070 Kal.
2488 3017 2760 3089 ἐπήκουσε
2789 3016 2996 3088 Κύριος
3031 3019 3099 3088 τῇ
3119 3020 3212 3088 γῇ,
3270 3015 3367 3071 καὶ
3426 3013 3728 3087 συνεσχέθη

473 3105 510 3178 ή
541 3103 765 3175 θραῦσις
791 3104 1065 3159 ἐπάνωθεν
1083 3105 1316 3177 Ἰσραήλ.

545 3199 741 3253 PALL.
784 3199 1044 3266 Quisnam
1075 3200 1132 3253 in
1169 3200 1256 3255 his
1287 3200 1472 3255 verbis
1510 3215 1706 3256 sensus
1745 3201 1921 3256 inesse
1949 3217 2053 3271 pu-

2158 3207 2160 3211 '
2227 3198 2434 3254 ΠΑΔΛ.
2463 3197 2574 3252 Kal
2611 3199 2696 3262 τίς
2736 3199 2803 3252 ἂν
2830 3198 2916 3270 εῐη
2948 3198 3110 3254 πάλιν
3153 3198 3213 3254 ἐν
3249 3215 3314 3268 γε
3359 3199 3428 3270 δὴ
3463 3197 3677 3263 τούτοις
3701 3199 3732 3252 6

477 3290 675 3356 tandus
710 3291 833 3345 est?
873 3307 999 3345 nam
1029 3290 1266 3346 diﬂicilis
1294 3300 1379 3346 est
1409 3306 1538 3346 sane
1569 3291 1734 3364 hujus
1771 3290 1880 3348 loci
1920 3306 2054 3348 con-

477 3382 778 3452 templatio.

541 3473 698 3529 CYR.
739 3473 981 3530 Difﬁcilis
1027 3475 1226 3545 plane,
1279 3491 1344 3530 ac
1407 3490 1596 3531 revera
1660 3474 1928 3546 ejusmodi
1996 3483 2059 3530 ut

473 3579 617 3635 agre
657 3565 866 3634 percipi
904 3565 1093 3635 possit.
1131 3565 1337 3620 Tamen
1370 3565 1505 3620 illud
1537 3565 1736 3630 dicam,
1766 3565 2058 3635 propositae

475 3655 772 3724 Scriptura;
817 3655 1147 3711 exteriorem
1173 3655 1329 3723 quasi
1360 3670 1578 3708 sensum
1623 3655 1679 3708 in
1713 3670 1885 3724 pauca
1922 3670 2057 3710 con-

475 3745 678 3808 ferens,
713 3753 770 3799 et
793 3745 858 3799 ad
891 3744 1206 3801 interiorem
1247 3745 1662 3814 intelligentiam
1701 3745 2053 3801 transferens.

473 3834 773 3891 Considera
819 3835 1005 3906 igitur,
1040 3835 1267 3900 Palladi,
1309 3843 1565 3905 tanquam
1613 3835 1668 3889 in
1713 3837 1936 3906 speculo
1992 3854 2057 3893 ac

475 3927 741 3982 tenuibus
779 3927 1114 3998 imaginibus
1143 3926 1347 3982 Christi
1387 3927 1726 3999 mysterium,
1757 3943 1822 3983 ac
1855 3937 2057 3986 nostrae

475 4019 893 4092 gubernationis
927 4020 1218 4074 rationem.

547 4111 745 4166 PALL.
776 4110 991 4180 Optime
1014 4110 1070 4165 id
1091 4110 1205 4180 ipse
1220 4110 1524 4180 praastabis,
1558 4111 1671 4167 Deo
1697 4111 1804 4182 97
1827 4111 2057 4167 faculta-

479 4213 589 4259 tem
612 4203 954 4274 intelligendi
985 4210 1328 4273 suggerente.

541 4280 697 4351 CYR.
730 4295 872 4350 Audi
902 4295 1106 4366 itaque.
1135 4295 1254 4350 Jam
1285 4295 1432 4350 enim
1458 4296 1737 4368 ingrediar
1761 4297 1828 4351 ad
1853 4296 2050 4351 dicen-

2154 3292 2299 3360 νοῢς;
2332 3292 2407 3356 ὡς
2436 3292 2754 3361 δυσέφικτον
2786 3293 2981 3365 κομιδῇ
3009 3293 3069 3347 τὸ
3093 3293 3378 3365 θεώρημα.

2215 3452 2382 3526 ΚΥΡ.
2403 3471 2736 3540 Δυσέφικτον
2757 3471 2856 3542 μὲν
2877 3470 3344 3542 ὁμολογουμένως,
3369 3469 3463 3524 καὶ
3482 3470 3733 3525 δυσάλω-

2154 3579 2246 3617 τον
2276 3561 2510 3634 ἀληθῶς.
2537 3562 2683 3633 Πλὴν
2708 3563 2885 3616 ἐκεῖνό
2919 3579 3060 3633 φημι
3090 3561 3189 3634 τὴν
3221 3561 3315 3616 τοῦ
3361 3563 3732 3635 προκειμένου

2157 3657 2452 3726 περίνοιαν,
2492 3655 2567 3719 ὡς
2610 3657 2668 3710 ἐν
2701 3654 2901 3724 ὀλίγοις
2945 3651 3005 3710 εὖ
3049 3656 3194 3727 μάλα
3231 3655 3592 3725 συνενεγκὼν,
3641 3658 3738 3711 καὶ

2157 3747 2526 3820 περιστρέψας
2569 3750 2650 3811 είς
2679 3748 2824 3802 νοῦν.
2872 3749 3067 3820 Ἀθρει
3098 3750 3163 3822 δὴ
3191 3744 3304 3814 οὖν,
3347 3743 3392 3802 ὧ
3437 3747 3733 3811 Παλλάδιε,

2156 3839 2405 3911 καθάπερ
2435 3841 2492 3894 ἐν
2538 3839 2788 3908 ἐσόπτρῳ
2840 3839 2936 3891 καὶ
2974 3841 3033 3891 ἐν
3069 3839 3276 3908 ίσχναῖς
3308 3839 3642 3905 φαντασίαις
3674 3838 3737 3893 τὸ

2154 3929 2389 3999 Χριστοῦ
2425 3929 2743 4000 μυστήριον,
2790 3927 2886 3980 καὶ
2910 3926 3009 3997 τῆς
3037 3928 3121 3996 ἐφ’
3144 3927 3274 3998 ἡμῖν
3299 3927 3619 3998 οἰκονομίας
3645 3930 3739 3985 τὸν

2107 4011 2112 4020 ’
2152 4019 2372 4092 τρόπον.
2445 4042 2462 4065 ο.

2218 4111 2425 4163 ΠΑΛΛ.
2457 4105 2667 4163 Οὐκοῦν
2709 4108 2888 4181 δρῴης
2934 4111 3002 4166 ἂν
3048 4110 3208 4175 αὐτὸς
3259 4105 3388 4181 εὖγε
3439 4113 3617 4182 τουτὶ,
3675 4113 3740 4168 τὸ

2153 4198 2389 4253 συνιέναι
2415 4196 2676 4254 δύνασθαι
2710 4202 3070 4274 χορηγοῦντος
3104 4201 3263 4257 Θεοῦ.

2221 4292 2386 4346 ΚΥΡ.
2433 4293 2634 4346 Ἀκουε
2657 4293 2742 4365 δή.
2767 4294 3061 4367 Βαδιοῖῳαι
3083 4297 3191 4368 γὰρ
3208 4295 3304 4367 ἤδη
3327 4296 3420 4350 ἐπὶ
3445 4295 3503 4350 τὸ
3526 4299 3738 4369 χρῆναι

476 4387 626 4443 dum.
651 4387 844 4441 Divina
879 4386 1080 4441 factum
1119 4395 1204 4442 est
1236 4387 1337 4452 ira,
1367 4395 1430 4440 ut
1465 4404 1614 4443 mors
1649 4389 1745 4444 Dei
1790 4388 2052 4458 populum

2158 4382 2350 4450 λέγειν.
2387 4383 2482 4436 Ἐκ
2509 4382 2658 4448 θείας
2677 4385 2846 4456 ὀργῆς
2865 4387 3208 4459 κατενεμήθη
3231 4387 3456 4451 θάνατος
3474 4385 3568 4440 τὸν
3599 4387 3738 4445 λαὸν

477 4478 885 4547 depasceretur,
920 4487 1084 4547 atque
1115 4479 1181 4532 ad
1225 4479 1418 4532 horam
1459 4495 1634 4549 usque
1683 4479 1922 4550 prandii,
1956 4493 2056 4533 ne-

2150 4474 2378 4544 Κυρίου,
2408 4474 2504 4529 καὶ
2537 4475 2729 4546 μέχρις
2759 4476 2907 4548 ὥρας
2939 4477 3185 4548 ἀρίστου,
3216 4477 3610 4542 διακωλύοντος
3643 4481 3740 4532 οὐ·

477 4566 626 4620 mine
656 4565 1006 4634 prohibente,
1061 4565 1421 4621 invalesceret
1463 4549 1874 4623 exterminator.
1911 4567 2048 4621 Cum

2158 4563 2319 4632 δενδς,
2378 4565 2598 4637 ίσχυσεν
2649 4569 2679 4620 6
2727 4567 3084 4640 ὸλοθρευτήςο
3140 4569 3400 4640 μέλλοντα
3439 4569 3496 4624 δέ
3537 4571 3738 4636 αὐτοῖς

477 4673 612 4712 vero
652 4658 874 4728 jamjam
904 4657 1251 4712 immissurus
1273 4668 1416 4713 esset
1448 4675 1670 4715 manum
1696 4660 1753 4714 in
1792 4660 2053 4714 Hieroso-

2149 4658 2440 4726 ἐπαφεῖναι
2489 4658 2589 4728 τὴν
2635 4661 2794 4731 χεῖρα
2836 4661 2948 4723 τοῖς
3011 4659 3420 4731 Ἰεροσολύμοις,
3470 4661 3740 4735 ἀπείργει

476 4750 640 4823 lyma,
669 4750 924 4820 prohibet
953 4749 1107 4803 illum
1139 4752 1310 4820 Deus;
1336 4763 1628 4824 conspecto
1654 4762 1836 4810 autem
1864 4753 2053 4824 angelo

2158 4747 2308 4811 Βεός·
2346 4745 2673 4819 τεθεαμένος
2697 4748 2755 4803 δὲ
2791 4749 2886 4804 τὸν
2927 4749 3176 4818 ἄγγελον,
3225 4749 3471 4821 ἐλιπάρει
3517 4750 3738 4822 Κύριον

477 4843 806 4914 supplicavit
831 4842 1001 4896 David
1032 4858 1090 4897 se
1121 4859 1393 4913 peccasse,
1418 4846 1608 4903 dicens
1634 4866 1645 4899 :
1668 4847 1872 4902 rectius
1892 4861 2053 4916 porro

2158 4839 2332 4905 Δαδὶδ,
2361 4840 2534 4908 λέγων
2579 4840 3105 4912 πεπλημμεληκέναι
3156 4841 3374 4894 ἐαυτόν·
3407 4840 3634 4911 ἄμεινον
3676 4844 3739 4897 δὲ

475 4950 598 4990 esse
647 4951 712 4990 ac
757 4935 962 5004 justius
985 4943 1253 5005 pastorem
1281 4955 1347 4994 ac
1374 4939 1568 4994 ducem
1598 4940 1784 5008 potius
1820 4946 2052 4992 mortem

2158 4928 2288 4986 εἶναι
2317 4935 2413 4987 καὶ
2435 4933 2770 5005 δικαιότερον
2790 4937 2882 4986 τὸν
2913 4935 3146 5005 ποιμένα
3171 4933 3264 4987 καὶ
3300 4932 3606 5004 ἡγούμενον
3643 4936 3740 4987 ἐκ·-

480 5023 636 5078 obire
658 5039 822 5092 quam
855 5039 1004 5090 oves,
1040 5041 1160 5095 quae
1190 5028 1327 5082 nihil
1354 5037 1698 5098 peccassent:
1726 5027 1800 5080 ita
1823 5029 1934 5082 Deo
1961 5029 2052 5098 ju—

481 5115 666 5180 bente,
691 5113 855 5185 erigit
896 5116 1063 5170 altare
1095 5117 1151 5171 in
1179 5135 1308 5173 area
1340 5118 1504 5183 Orna,
1536 5131 1698 5186 quam
1734 5116 1894 5169 simul
1924 5131 2050 5171 cum

482 5205 658 5260 bobus
718 5207 1104 5263 triturantibus
1155 5215 1362 5262 emerat
1421 5206 1570 5261 sielis
1633 5203 2049 5276 quinquaginta.

481 5295 674 5351 Postea
698 5311 828 5351 vero
851 5313 1012 5367 quam
1035 5295 1306 5351 exstruxit
1326 5294 1517 5359 altare,
1536 5294 1745 5348 hostias
1771 5310 1937 5364 super
1985 5310 2053 5350 eo

481 5389 801 5455 immolavit,
818 5389 1257 5445 holocautomata
1303 5385 1546 5456 inquam,
1574 5395 1629 5442 et
1652 5387 1907 5456 paciﬁca;
1931 5403 2053 5442 ces-

481 5480 623 5536 savit
640 5481 1000 5552 consequenti
1028 5487 1268 5548 tempore
1292 5477 1476 5546 ruina,
1505 5489 1562 5535 et
1585 5479 1671 5534 illa
1699 5479 1850 5550 prius
1877 5480 2054 5551 gravis

551 5655 593 5688 ¹³
622 5655 666 5712 ll
691 5656 822 5724 Reg.
859 5671 1003 5721 xxxv,
1047 5653 1100 5707 ll
1156 5666 1326 5724 usque
1366 5653 1433 5710 ad
1470 5654 1653 5712 linem.

2155 5021 2400 5076 τεθνάναι
2432 5023 2648 5092 μᾶλλον,
2683 5023 2850 5092 ήγουν
2876 5022 2947 5076 τὰ
2972 5023 3240 5094 πρόϐατα,
3279 5022 3368 5077 διά
3397 5039 3478 5076 τοι
3497 5023 3560 5076 τὸ
3590 5023 3740 5078 είδέ⁴

2152 5127 2240 5165 ναι
2282 5111 2480 5181 μηδέν·
2530 5108 2649 5166 εἶτα
2694 5111 2828 5166 Θεοῦ
2873 5113 3248 5185 σημαίνοντος,
3294 5113 3495 5185 ἐγείρει
3536 5113 3738 5170 θυσια-

2155 5204 2375 5274 στήριον
2410 5207 2468 5257 ἐν
2510 5207 2577 5275 τῇ
2609 5205 2722 5276 ἅλῳ
2763 5205 2945 5276 ὐρνᾶ,
2976 5207 3042 5277 ἢν
3078 5207 3195 5278 ἅμα
3221 5209 3332 5271 τοῖς
3366 5205 3566 5260 ἀλοιῖισι
3603 5207 3736 5278 βου-

2154 5296 2240 5348 σὶν
2281 5293 2571 5366 ὲξεπρίατο
2622 5295 2820 5350 σίκλων
2867 5299 3220 5368 πεντήκοντα.
3283 5297 3506 5369 Ἐπειδὴ
3558 5297 3618 5351 δὲ
3672 5299 3739 5352 τὸ

2155 5386 2299 5440 θεῖον
2350 5381 2410 5440 εὖ
2463 5385 2606 5457 μάλα
2652 5386 3034 5460 θυσιαστήριον
3083 5389 3426 5459 ἀνεδείματο,
3470 5388 3576 5451 τὰς
3642 5390 3737 5443 ἐπ’

2157 5478 2304 5550 αὐτῷ
2337 5478 2528 5545 θυσίας
2573 5479 2766 5549 ἐτέλει,
2809 5479 3233 5554 ὁλοκαυτώματα
3270 5481 3362 5536 xal
3405 5480 3695 5554 είρηνικάς
3718 5494 3738 5518 ε
