3968 6300
547 325 646 380 291

1536 320 1592 375 S.
1638 318 1915 376 CYRILLI
1952 316 2422 372 ALEXANDRINI
2461 317 2777 374 ARCIIIEP.

3702 315 3800 372 292

551 435 696 496 dem,
722 440 779 486 et
802 431 1079 487 destructa
1105 444 1253 486 mors
1280 439 1394 498 est;
1417 441 1472 486 et
1494 432 1639 485 illam
1666 433 1819 502 prius
1841 429 2133 485 violentam

2239 430 2562 499 ἀφιγμένος.
2600 431 2731 500 ἔστη
2757 448 2816 482 τε
2841 429 3044 495 λοιπὸν,
3076 427 3178 483 καὶ
3204 427 3523 500 κατηργήθη
3557 428 3799 494 θάνατος,

547 533 604 578 et
625 523 999 579 devastantem
1037 524 1222 578 omnia
1247 540 1468 578 manum
1499 525 1772 578 contraxit
1799 523 2131 578 extermina-

552 625 662 682 tor;
693 625 778 670 est
796 615 942 670 enim
976 615 1124 670 illius
1145 615 1290 678 vitae,
1313 631 1435 686 quae
1458 623 1648 684 suapte
1671 621 1867 668 natura
1889 614 1999 667 vita
2025 621 2129 677 est,

552 708 660 764 hoc
712 715 802 763 est
854 707 1060 763 Christi
1096 708 1312 762 domus.
1363 707 1559 762 Arcam
1597 722 1728 761 vero
1763 706 1999 760 dicimus
2026 706 2133 760 Ec-

549 800 773 856 clesiam
793 817 861 855 ex
883 800 1118 872 imagine
1141 801 1374 871 quadam
1394 808 1561 869 atque
1585 799 1965 863 similitudine,
1987 798 2133 868 quod

552 892 607 946 in
637 907 702 946 ea
745 891 1152 960 manipulorum
1185 892 1567 961 spicarumque
1597 906 1763 960 more.
1779 889 2130 960 colliguntur,

551 984 647 1052 qui
677 999 708 1037 a
739 983 987 1037 saeculari
1023 983 1136 1036 vita
1174 990 1490 1036 sanctorum
1529 995 1834 1036 messorum
1855 1020 1869 1045 ,
1894 980 1999 1033 hoc
2026 989 2130 1044 est,

551 1075 925 1144 apostolorum
993 1074 1560 1144 evangelistarumquc
1603 1071 1991 1142 praedicatione
2035 1070 2134 1125 de—

551 1175 854 1230 metuntur,
882 1173 944 1220 ut
966 1165 1022 1220 in
1052 1167 1175 1220 illas
1200 1181 1426 1235 superas
1451 1164 1603 1218 aulas
1621 1170 2056 1234 comportentur,
2079 1171 2135 1216 et

555 1269 814 1327 tanquam
847 1258 903 1312 in
938 1259 1282 1312 Dominicum
1332 1257 1592 1311 horreum
1613 1299 1626 1321 ,
1655 1257 1717 1311 in
1743 1258 2026 1312 caalestem
2064 1257 2133 1311 il-

553 1351 659 1404 lam
695 1350 996 1405 Jerusalem
1031 1348 1201 1402 veluti
1250 1355 1539 1418 purgatum
1566 1348 1678 1419 jam
1714 1349 1961 1402 triticum
1992 1347 2135 1402 infe-

553 1450 766 1504 rantur,
835 1439 1102 1509 depositis
1163 1438 1452 1494 iuutilibus
1493 1448 1550 1494 et
1602 1439 1956 1509 supervacuis
2023 1451 2136 1493 non

551 1531 714 1584 modo
734 1529 1062 1593 actionibus,
1089 1527 1184 1582 sed
1217 1528 1382 1582 etiam
1416 1529 1584 1584 animi
1613 1529 1886 1594 sensibus,
1911 1528 2005 1597 qui
2025 1529 2138 1582 vcl-

551 1633 612 1677 ut
649 1622 705 1675 in
751 1621 988 1690 imagine
1022 1619 1256 1689 quadam
1295 1621 1578 1690 palearum
1610 1619 2011 1689 intelliguntur.
2047 1619 2138 1674 Di-

551 1723 699 1769 ctum
725 1721 810 1766 est
834 1720 1017 1764 autem
1041 1727 1071 1764 a
1093 1710 1314 1765 Christo
1339 1709 1544 1764 sanctis
1586 1709 1875 1778 apostolis:
1904 1727 1921 1758 ‹
1943 1707 2136 1762 Nonne

2231 523 2326 575 καὶ
2379 523 2477 593 τὴν
2508 523 2674 576 πάλαι
2722 523 2901 594 δεινήν
2928 540 2986 575 τε
3038 523 3132 576 καὶ
3173 521 3584 594 διαφθείρουσαν
3652 526 3800 594 χεῖρα

2234 615 2570 669 συνέστειλεν
2614 618 2642 669 6
2686 615 3041 686 ὀλοθρευτής⁸
3074 608 3220 678 οἶκος
3250 614 3358 685 γάρ
3383 615 3499 667 ἐστι
3529 616 3625 686 τῆς
3667 618 3802 670 κατὰ

2233 708 2394 777 φύσιν
2433 709 2599 778 ζωῆς,
2634 707 2778 761 τοῦτ’
2825 707 2940 760 ἐστι
2972 706 3229 776 Χριστοῦ.
3271 705 3422 758 Ἀλω
3452 705 3508 758 δὲ
3537 704 3677 759 εἶναὶ
3707 724 3802 776 φα-

2236 815 2334 866 μεν
2359 799 2434 862 ὼς
2463 797 2522 862 ἐξ
2548 797 2858 867 ὁμοιώσεως
2874 797 2967 849 καὶ
2993 795 3199 859 εἰκόνος
3223 795 3319 866 τὴν
3355 795 3703 866 Ἐκκλησίαν,
3725 797 3801 866 ἐφ’

2231 881 2266 960 ᾖ
2295 888 2651 958 δραγμάτων,
2691 887 2859 958 ἤγουν
2883 885 3193 957 ἀσταχύων,
3234 882 3630 958 συλλέγονταιξι]
3657 888 3801 958 δίκην

2197 1019 2201 1024 .
2233 981 2281 1032 οἱ
2330 980 2430 1050 τῆς
2467 979 2576 1032 ἀπὸ
2615 977 2823 1048 κόσμου
2865 977 3011 1048 ζωῆς
3054 976 3139 1030 διὰ
3177 976 3272 1030 τοῦ
3311 977 3469 1046 λόγου
3499 978 3605 1030 τῶν
3643 979 3803 1046 ἁγίων

2234 1074 2539 1144 κειρόμενοι
2583 1071 2869 1143 θεριστῶν,
2896 1069 3040 1123 τοῦτ’
3081 1070 3248 1134 ἔστιν,
3281 1070 3592 1123 ἀποστόλων
3625 1088 3684 1122 τε
3715 1072 3803 1124 καὶ

2233 1165 2651 1236 εὐαγγελιστῶν,
2701 1165 2789 1218 ἵνα
2840 1163 2936 1218 κοιλ⁸
2977 1166 3058 1226 εἰς
3093 1164 3192 1226 τὰς
3240 1163 3352 1216 ἄνω
3396 1162 3802 1233 συγκομισθεῖεν

2235 1258 2422 1323 αὐλὰς,
2445 1259 2538 1312 καὶ
2567 1257 2818 1328 καθάπερ
2841 1258 2922 1319 εἰς
2942 1255 3226 1326 ἀποθήκην
3246 1253 3590 1324 δεσποτικὴν,
3610 1256 3690 1318 είς
3713 1253 3802 1324 τὴν

2235 1348 2552 1417 ἐπουράνιον
2601 1347 2976 1419 Ἰερουσαλὴμ,
3025 1341 3113 1398 οἶά
3151 1362 3236 1408 τις
3281 1347 3426 1408 σῖτος
3477 1344 3804 1416 εἰσφέροιντο

2235 1435 2496 1506 καθαρὸς,
2529 1435 2668 1489 κατὰ
2704 1435 2802 1506 τὴν
2841 1435 2950 1488 τῶν
2989 1434 3354 1506 ἀχρειοτὲρων
3389 1435 3485 1487 καὶ
3544 1435 3802 1505 περιττῶν

2236 1526 2496 1580 ἀπόθεσιν
2531 1525 2872 1598 πραγμάτων
2902 1543 2962 1578 τε
2993 1526 3107 1597 ἁμα
3136 1527 3230 1580 καὶ
3263 1526 3646 1596 φρονημάτων,
3670 1527 3802 1596 άπερ

2235 1617 2311 1680 ὡς
2337 1620 2394 1670 ἐν
2415 1618 2544 1670 εῖδει
2563 1617 2670 1670 τῶν
2699 1616 2918 1688 ἀχύρων
2945 1619 3162 1671 νοεῖται.
3189 1616 3419 1688 Εἴρηται
3445 1616 3502 1669 δέ
3533 1635 3635 1670 που
3665 1618 3806 1690 παρὰ

2237 1708 2474 1780 Χριστοῦ
2508 1711 2620 1772 τοῖς
2645 1709 2820 1777 ἁγίοις
2850 1708 3194 1772 ἀποστόλοιςο
3225 1727 3243 1759 ι
3283 1708 3415 1776 Οὐχὶ
3449 1708 3606 1777 ὑμεῖς
3629 1708 3804 1776 λέγετε

553 1818 650 1857 vos
693 1801 876 1856 dicitis
916 1801 1062 1870 quod
1113 1801 1295 1854 adhuc
1355 1807 1590 1869 quatuor
1624 1813 1849 1854 menses
1897 1805 2047 1864 sunt,
2085 1801 2133 1853 el

2241 1800 2322 1868 ὅτι
2349 1799 2688 1870 τετράμηνός
2732 1800 2869 1862 ἐστι,
2908 1801 3059 1853 καὶὸ
3095 1799 3354 1872 θερισμὸς
3385 1799 3633 1870 ἔρχεται;
3685 1801 3803 1854 Ἰδοὺ

549 1896 745 1950 messis
789 1891 1291 1958 venit?Ecce.dico
1348 1892 1546 1946 vobis:
1573 1891 1774 1947 Levate
1823 1892 2013 1946 oculos
2040 1908 2138 1947 ve-

543 1999 714 2053 stros,
746 1996 802 2043 et
826 1987 1010 2041 videte
1035 1986 1306 2056 regiones,
1333 1985 1593 2054 quoniam
1625 1983 1763 2038 albae
1786 1991 1915 2038 sunt
1933 1983 2045 2053 jam
2070 1983 2139 2036 ad

545 2095 804 2136 messem.
833 2079 901 2134 Et
923 2077 1018 2148 qui
1037 2077 1219 2143 metit,
1245 2076 1556 2132 mercedem
1581 2076 1800 2145 accipit,
1825 2083 1884 2129 et
1905 2085 2138 2146 congre-

542 2181 635 2244 gat
654 2171 893 2227 fructum
915 2168 970 2224 in
999 2171 1167 2225 vitam
1185 2177 1444 2228 aeternam
1463 2169 1539 2234 ul;
1569 2187 1584 2218 ι
1604 2167 1876 2222 ctiterum
1895 2165 2140 2221 :cMessis

543 2262 768 2332 quidem
790 2261 983 2324 multa,
1006 2258 1243 2329 operarii
1269 2267 1455 2313 autem
1471 2257 1652 2328 pauci;
1675 2256 1787 2326 99
1803 2265 1987 2328 rogate
2008 2271 2138 2327 ergo

542 2353 834 2408 dominum
885 2350 1101 2415 messis,
1131 2355 1195 2403 ut
1245 2349 1428 2403 mittat
1459 2349 1740 2418 cperarios
1785 2347 1844 2400 in
1898 2362 2137 2402 messem

545 2459 702 2499 suam
721 2444 783 2496 ¹⁹.
815 2461 833 2493 ›
871 2441 1123 2505 Messem,
1165 2441 1382 2510 opinor,
1415 2439 1780 2509 spiritualem,
1821 2440 2134 2509 eorum_qui

544 2533 810 2587 credituri
849 2539 1037 2596 erant,
1069 2530 1481 2585 multitudinem
1529 2530 1869 2599 appellavit:
1917 2539 2136 2586 sanctos

549 2637 680 2678 vero
719 2637 991 2676 messores
1057 2637 1156 2676 eos
1200 2621 1341 2675 dixit
1388 2621 1482 2691 qui
1521 2621 1772 2676 divinum
1808 2622 2038 2676 verbum
2078 2623 2133 2676 in

547 2720 733 2767 mente
772 2726 836 2765 ac
871 2711 1057 2782 lingua
1089 2711 1314 2776 habent,
1349 2729 1368 2762 ι
1397 2711 1544 2781 quod
1574 2712 1762 2766 vivum
1798 2721 1902 2778 est,
1933 2721 1988 2768 et
2016 2712 2133 2768 elli-

545 2817 669 2867 cax,
705 2809 760 2857 et
797 2803 1196 2872 penetrabilius
1228 2802 1378 2857 omni
1416 2802 1597 2873 gladio
1625 2803 1888 2874 ancipiti,
1927 2812 1983 2860 et
2011 2821 2136 2876 per-

547 2894 710 2964 tingit
734 2909 909 2964 usque
939 2894 1007 2948 ad
1045 2894 1372 2950 divisionem
1398 2894 1593 2949 animae
1627 2910 1692 2950 ac
1715 2897 1960 2966 spiritus,
1987 2911 2134 2951 com-

546 3000 746 3056 pagum
785 2999 1008 3054 quoque
1061 3000 1127 3039 ac
1180 2983 1543 3038 medullarum
1577 2985 1642 3038 ²⁰.
1693 3003 1711 3036 ι
1758 2983 1912 3040 Area:
1967 3000 2132 3056 porro

545 3077 792 3140 nomine,
831 3076 1026 3130 beatus
1067 3090 1286 3145 quoque
1303 3075 1554 3153 Baptista
1584 3075 1909 3146 signiﬁcavit
1946 3075 2133 3132 Eccle—

545 3165 706 3230 siam,
729 3179 855 3220 cum
885 3164 954 3219 de
969 3163 1190 3219 Christo
1211 3165 1291 3219 sic
1314 3164 1454 3219 dixit
1489 3181 1503 3218 :
1558 3183 1577 3216 ‹
1605 3164 1718 3236 Ego
1743 3165 1966 3235 quidem
1989 3180 2128 3237 aqua

545 3256 765 3327 baptizo
803 3271 935 3323 vos;
992 3257 1147 3312 venit
1184 3263 1368 3312 autem
1404 3257 1600 3312 fortior
1636 3274 1754 3324 me,
1805 3259 1963 3329 cujus
2015 3273 2128 3313 non

546 3364 667 3404 sum
707 3349 906 3421 dignus
967 3350 1182 3404 solvere
1242 3348 1532 3420 corrigiam
1593 3351 2124 3406 calceamentorum:

547 3440 664 3510 ipse
701 3456 799 3496 vos
835 3439 1139 3510 baptizabit
1175 3439 1233 3494 in
1268 3439 1480 3510 Spiritu
1517 3448 1709 3495 sancto
1746 3449 1802 3496 et
1838 3441 1986 3513 igni:
2031 3457 2129 3497 cu-

543 3531 633 3602 jus
669 3531 1040 3585 ventilabrum
1071 3531 1127 3583 in
1157 3546 1322 3585 manu
1353 3547 1450 3585 sua
1472 3572 1487 3597 ,
1526 3539 1582 3586 et
1619 3533 1911 3589 mundabit
1946 3549 2130 3589 aream

548 3637 725 3686 suam,
763 3631 820 3676 et
852 3615 1207 3692 congregabit
1245 3623 1495 3677 triticum
1540 3639 1702 3678 suum
1750 3625 1808 3678 in
1844 3625 2128 3692 horreum,

549 3715 732 3783 paleas
781 3720 964 3767 autem
1027 3713 1316 3767 comburet
1363 3713 1476 3784 igni
1535 3714 2058 3785 incxstinguibili".
2107 3736 2124 3768 ι

550 3804 703 3858 Hanc
727 3805 893 3874 igitur
930 3803 1269 3874 spiritualem
1305 3804 1854 3871 aream,Ecclesiam,
1885 3806 2130 3877 inquam,

549 3895 685 3948 emit
719 3894 972 3951 Christus
1013 3895 1410 3967 quinquaginta
1465 3896 1651 3963 siclis,
1699 3897 1804 3952 hoc
1859 3906 1980 3965 est,
2023 3916 2134 3954 non

548 3984 749 4055 exiguo
815 3985 994 4056 pretio
1039 4002 1054 4051 ;
1127 4002 1184 4040 se
1223 3988 1403 4058 ipsum
1443 4003 1681 4058 namque
1722 3988 1876 4044 dedit
1916 4006 2016 4060 pro
2044 4007 2128 4056 ea,

551 4076 608 4130 in
643 4091 817 4146 eaque
850 4076 965 4130 ﬁxit
992 4077 1200 4131 altare:
1243 4094 1478 4148 cumque
1513 4078 1659 4132 idem
1683 4063 1843 4136 “esset
1881 4082 2134 4137 sacerdos

554 4167 751 4241 (factus
776 4184 1013 4239 namque
1039 4177 1124 4223 est
1139 4170 1386 4239 pontifex
1415 4185 1664 4226 summus
1699 4172 1788 4243 ²²),
1805 4171 1949 4226 idem
1969 4172 2134 4226 victi-

550 4276 660 4326 ma,
703 4277 761 4317 se
789 4262 965 4332 ipsum
1007 4263 1229 4328 obtulit,
1261 4269 1520 4332 tanquam
1549 4264 1605 4318 in
1644 4265 1826 4335 specie
1862 4280 1926 4320 ac
1962 4264 2135 4336 ﬁgura

549 4353 706 4408 vituli
734 4354 1066 4419 triturantis,
1091 4362 1147 4409 et
1169 4353 1345 4410 factus
1371 4364 1454 4409 est
1477 4355 1856 4410 holocaustum
1884 4364 1938 4410 et
1959 4356 2137 4410 hostia

553 4444 800 4516 paciﬁca.
843 4445 1069 4501 Solutus
1119 4454 1205 4500 est
1241 4447 1392 4500 enim
1431 4445 1523 4501 ille
1561 4448 1778 4502 medius
1814 4448 1998 4519 paries
2038 4457 2136 4516 per

549 4534 854 4600 Christum,
885 4544 942 4590 et
976 4537 1072 4606 qui
1125 4537 1256 4591 olim
1294 4537 1556 4609 disjuncti
1601 4554 1666 4594 ac
1702 4539 1968 4610 segregati
2005 4553 2131 4593 era-

552 4639 676 4680 mus
715 4625 925 4696 peccati
953 4626 1142 4698 culpa,
1185 4641 1284 4695 per
1311 4626 1490 4697 ipsum
1532 4636 1589 4684 et
1617 4629 1675 4684 in
1708 4629 1827 4700 ipso
1852 4645 1978 4684 cum
2018 4630 2132 4684 Deo

552 4721 610 4768 et
645 4713 805 4768 Patre
843 4714 1250 4785 conjungimur,
1277 4717 1520 4788 antiquis
1554 4719 1664 4773 illis
1701 4719 2008 4774 inimicitiis
2032 4733 2131 4774 ex-

552 4804 803 4861 stinctis:
836 4823 854 4856 ι
879 4805 1001 4877 lpse
1020 4815 1104 4861 est
1133 4807 1279 4862 enim
1300 4823 1404 4879 pax
1422 4820 1609 4866 nostra
1631 4811 1698 4877 ",
1713 4831 1729 4863 ο
1757 4819 1818 4866 ιιι
1835 4810 2132 4882 Scriptura:

552 4905 843 4953 testantur.

622 5042 820 5097 PALL.
851 5044 1092 5102 Vitulum
1112 5047 1276 5118 igitur
1305 5049 1657 5104 triturantem
1685 5048 2016 5106 intellecturi
2044 5067 2139 5107 su-

550 5149 676 5190 mus
693 5134 1014 5193 Christum?
1047 5155 1285 5210 quonam
1314 5140 1369 5195 id
1395 5139 1560 5194 modo
1593 5138 1858 5193 tandem?

619 5223 775 5280 ΟΥΕ.
793 5228 876 5282 An
899 5245 1050 5295 vero,
1066 5229 1294 5295 Palladi,
1310 5244 1422 5282 non
1439 5227 1738 5282 vitulorum
1761 5228 2138 5287 triturantium

549 5317 770 5374 nomine
798 5319 887 5374 lex
918 5321 1088 5393 Moysi
1113 5312 1425 5389 discipulos;
1449 5325 1668 5372 sanctos
1693 5320 2027 5389 appellavit?
2058 5322 2138 5379 sic

549 5409 695 5463 enim
743 5425 842 5480 per
887 5413 1118 5482 aenigma
1166 5412 1336 5466 dixit:
1381 5428 1399 5460 ι
1441 5409 1561 5464 Non
1608 5409 1860 5482 alligabis
1899 5429 1962 5469 os
2007 5413 2136 5470 bovi

551 5500 826 5556 trituranti
845 5505 910 5557 ".
945 5521 964 5554 ι
993 5501 1150 5568 Quod
1173 5502 1352 5571 ipsum
1373 5515 1499 5555 cum
1527 5500 1938 5560 evidentissime
1964 5505 2127 5561 intel-

547 5587 770 5646 lexisset
819 5591 1014 5646 beatus
1044 5591 1267 5657 Paulus,
1323 5591 1401 5646 ait
1432 5607 1446 5646 :
1494 5610 1512 5643 ι
1548 5592 1809 5664 Nunquid
1843 5596 1912 5652 de
1952 5597 2130 5656 bobus

2241 1891 2383 1961 λέγω
2416 1893 2586 1962 ὑμῖνδ
2640 1892 2911 1963 Ἐπάρατε
2952 1892 3078 1955 τοὺς
3127 1891 3439 1961 ὀφθαλμοὺς
3490 1892 3665 1963 ὑμῶν,
3721 1893 3808 1946 καὶ

2240 1983 2506 2037 θεάσασθε
2535 1984 2635 2048 τὰς
2671 1984 2875 2054 χώρας,
2913 1984 2992 2038 ὅτι
3035 1966 3224 2036 λευκαί
3251 1985 3356 2036 εἰσι
3394 1983 3528 2055 πρὸς
3556 1984 3809 2056 θερισμὸν

2238 2074 2362 2146 ἤδη.
2389 2116 2392 2118 ν
2415 2075 2472 2128 Ὁ
2509 2073 2735 2146 θερίζων
2759 2075 2947 2144 μισθὸν
2982 2075 3270 2144 λαμϐάνει,
3311 2076 3405 2128 καὶ
3433 2076 3654 2144 συνάγει
3677 2095 3806 2148 καρ-

2240 2167 2341 2220 πὸν
2375 2169 2454 2230 είς
2489 2165 2634 2238 ζωὴν
2672 2165 2911 2222 αἰώνιον.
2943 2185 2962 2218 ›
2999 2168 3108 2220 Καὶ
3148 2167 3336 2220 πάλιν·
3373 2187 3392 2219 ι
3437 2168 3494 2220 '0
3538 2169 3636 2239 μὲν
3669 2169 3811 2240 θερι-

2240 2260 2376 2331 σμὸς
2412 2261 2599 2324 πολὺς,
2638 2261 2687 2313 oi
2726 2261 2783 2314 δὲ
2819 2260 3047 2332 ἐργάται
3079 2261 3268 2328 ὀλίγοι.
3318 2261 3556 2332 Δεήθητε
3589 2259 3684 2315 οὖν
3721 2263 3811 2317 τοῦ

2236 2352 2442 2424 Κυρίου
2466 2350 2558 2406 τοῦ
2577 2351 2859 2423 θερισμοῦ,
2882 2352 2967 2405 ἵνα
2989 2352 3194 2426 ἐκϐάλῃ
3215 2353 3445 2424 ἐργάτας
3464 2355 3542 2417 εἰς
3558 2353 3814 2425 θερισμδν

2237 2442 2424 2498 αὑτοῦ.
2486 2461 2504 2494 ›
2567 2443 2871 2515 Θερισμὺν,
2935 2438 3122 2515 οἶμαι,
3173 2445 3263 2498 τὸν
3316 2447 3504 2517 νοητὸν
3554 2447 3655 2518 τὴν
3712 2448 3816 2500 τῶν

2241 2531 2544 2603 μελλόντων
2588 2531 2866 2586 πιστεύειν
2915 2530 3197 2604 ὀνομάζων
3247 2533 3488 2606 πληθὺν,
3542 2535 3734 2604 ἁγίους
3763 2535 3818 2589 δὲ

2237 2625 2489 2697 θεριστὰς
2541 2620 2679 2678 εἶναι
2730 2624 2903 2692 λέγων
2951 2627 3080 2690 τοὺς
3129 2629 3210 2691 εἰς
3259 2627 3385 2682 νοῦν
3424 2630 3519 2682 καὶ
3569 2628 3816 2696 γλῶτταν

2233 2717 2326 2770 τὸν
2360 2715 2503 2770 θεῖον
2537 2715 2760 2787 ἔχοντας
2781 2717 2961 2786 λόγον,
2987 2718 3044 2781 ὅς
3081 2720 3196 2771 ἐστι
3221 2716 3326 2782 ζῶν
3350 2737 3409 2771 τε
3436 2719 3529 2772 καὶ
3557 2720 3818 2790 ἐναργὴς,

2235 2809 2330 2862 καὶ
2369 2807 2684 2880 τομώτατος
2718 2809 2860 2880 ὑπὲρ
2895 2810 3078 2862 πᾶσαν
3106 2809 3379 2880 μάχαιραν
3408 2810 3681 2880 δίστομον,
3725 2808 3823 2868 καὶ

2233 2899 2602 2971 διικνούμενος
2623 2900 2749 2973 ἄχρι
2779 2899 3046 2971 μερισμοῦ
3076 2899 3252 2971 ψυχῆς
3277 2917 3336 2951 τε
3363 2899 3457 2953 xui.
3485 2899 3820 2969 πνεύματος,

2233 2991 2426 3062 ἁρμῶν
2453 3008 2512 3043 τε
2544 2991 2640 3043 καὶ
2674 2989 2909 3060 μυελῶν.
2949 3008 2967 3039 ι
3008 2990 3261 3058 Ὀνόματι
3298 2987 3355 3041 δὲ
3403 2988 3500 3057 τῆς
3548 2987 3664 3040 ἂλω
3728 2987 3823 3039 καὶ

2233 3082 2262 3134 6
2301 3079 2573 3151 μακάριος
2597 3079 2932 3149 ’Βαπτιστὴς
2971 3078 3264 3148 κατεδήλου
3314 3077 3412 3149 τὴν
3468 3079 3824 3149 Ἐκκλησίαν,

2229 3174 2325 3227 ὡδί
2342 3190 2444 3226 που
2465 3173 2787 3243 λέγωνβπερὶ
2809 3171 3100 3242 Χριστοῦοί
3123 3171 3263 3238 Ἐγὼ
3287 3169 3383 3240 μὲν
3405 3167 3553 3222 ὕδατι
3571 3168 3826 3238 βαπτίζω

2231 3269 2410 3339 ὑμᾶς,
2470 3266 2690 3338 ἔρχεται
2724 3265 2780 3318 δὲ
2818 3267 2845 3318 6
2887 3262 3232 3335 ἰσχυρότερός
3265 3279 3364 3333 μου
3388 3303 3401 3329 ,
3447 3255 3507 3316 οὗ
3547 3263 3654 3315 οὐκ
3706 3260 3826 3330 εἰμὶ

2231 3360 2412 3423 ἱκανὸς
2459 3359 2617 3412 λῦσαι
2667 3357 2756 3410 τὸν
2813 3357 3008 3426 ἱμάντα
3049 3355 3160 3409 τῶν
3203 3353 3561 3426 ὑποδημάτων
3616 3353 3823 3407 αὐτοῦ·

2232 3452 2394 3516 αὐτὸς
2432 3452 2577 3522 ὑμᾶς
2629 3448 2881 3520 βαπτίσει
2918 3450 2975 3502 ἐν
3016 3447 3294 3519 Πνεύματι
3336 3448 3475 3515 ἁγίῳ
3515 3447 3612 3501 καὶ
3651 3446 3825 3518 πυρίο

2231 3538 2293 3600 οῦ
2323 3545 2384 3598 τὸ
2417 3543 2584 3598 πτύον
2622 3545 2678 3597 ἐν
2712 3546 2777 3613 τῇ
2812 3542 2957 3613 χειρὶ
3003 3541 3192 3604 αὐτοῦ,
3218 3541 3310 3593 καὶ
3344 3539 3703 3608 διακαθαριεῖ
3733 3537 3833 3609 τὴν

2235 3637 2416 3691 ἅλωνα
2457 3635 2646 3700 αὐτοῦ,
2694 3635 2790 3688 καὶ
2834 3631 3052 3698 συνάξει
3089 3631 3182 3684 τὸν
3225 3633 3370 3683 σῖτον
3402 3628 3565 3682 αὐτοῦ
3606 3631 3698 3692 εἰς
3734 3627 3831 3700 τὴν

2236 3730 2544 3801 ἀποθήκην,
2575 3728 2636 3781 τὸ
2661 3726 2718 3780 δὲ
2739 3728 2941 3797 ἄχυρον
2964 3723 3302 3780 κατακαύσει
3335 3722 3467 3793 πυρὶ
3489 3719 3775 3791 ἀσϐέστῳ.
3811 3738 3829 3772 ι

2225 3823 2452 3892 ’Ταύτην
2490 3815 2584 3874 οὖν
2614 3819 2722 3889 ἄρα
2753 3821 2851 3888 τὴν
2889 3818 3001 3872 ἆλω
3046 3815 3145 3887 τὴν
3177 3814 3396 3885 νοητὴν,
3441 3813 3586 3884 φημὶ
3636 3814 3706 3885 δὴ
3739 3814 3834 3885 τὴν

2249 3911 2596 3981 Ἐκκλησίαν,
2633 3909 2922 3980 ἐξεπρίατο
2956 3906 3190 3977 Χριστὸς
3225 3905 3562 3974 πεντήκοντα
3598 3906 3833 3968 σίκλων,

2235 4004 2376 4058 τοῦτ’
2414 4003 2581 4065 ἔστιν,
2629 4001 2730 4053 οὐκ
2779 3999 3031 4070 ἐλαφρῶν
3071 3995 3397 4068 τιμημάτων
3423 4011 3435 4023 ’
3484 3996 3695 4049 ἐαυτὸν
3728 3996 3838 4067 γὰρ

2233 4096 2467 4150 δέδωκεν
2501 4094 2641 4163 ύπέρ
2684 4092 2877 4161 αὐτῆς,
2907 4091 3001 4143 καὶ
3038 4088 3236 4158 ἔπηξεν
3268 4088 3325 4139 ἐν
3354 4087 3492 4158 αὐτῇ
3528 4085 3592 4140 τὸ
3639 4089 3836 4142 θυσια-

2239 4188 2475 4259 στήριονο
2503 4185 2597 4239 καὶ
2621 4183 2848 4254 ἐπείπερ
2874 4181 3032 4244 αὑτός
3057 4180 3204 4232 ἐστιν
3237 4178 3265 4230 6
3294 4179 3577 4249 ίερουργὺς
3610 4180 3834 4248 (γέγονε

2237 4279 2346 4351 γάρ
2393 4275 2735 4350 ἀρχιερεὺς),
2782 4276 2876 4328 καὶ
2928 4273 3088 4336 αὐτὸς
3141 4271 3202 4324 τὺ
3233 4270 3379 4340 θῦμα
3419 4272 3838 4342 προσεκόμισεν

2240 4372 2449 4436 ἐαυτὸν,
2483 4369 2564 4443 ῶς
2593 4371 2650 4422 ἐν
2685 4367 2813 4421 εῖδει
2846 4367 2942 4421 καὶ
2967 4365 3121 4436 τύπῳ
3152 4362 3243 4417 τοῦ
3286 4362 3556 4424 ἁλοῶντος
3595 4363 3835 4432 μόσχου,

2170 4473 2211 4527 D
2242 4464 2336 4520 καὶ
2363 4463 2588 4534 γέγονεν
2622 4461 2986 4532 ὁλοκαύτωμα
3028 4460 3122 4513 καὶ
3152 4457 3402 4530 εἰρηνικὴ
3438 4454 3620 4507 θυσία.
3662 4455 3842 4507 Λέλυ-

2237 4573 2325 4608 ται
2369 4555 2476 4624 γάρ
2523 4553 2584 4606 τὸ
2629 4550 2960 4623 μεσολασοῦν
3009 4552 3066 4602 ἐν
3121 4545 3363 4620 Χριστῷ,
3414 4546 3510 4599 καὶ
3557 4547 3610 4598 οἰ
3661 4545 3840 4599 πάλαι

2237 4646 2585 4718 διεστηκότες
2617 4662 2677 4698 τε
2711 4644 2805 4697 καὶ
2849 4641 3226 4712 ἀφωρισμένοι
3278 4638 3367 4692 διὰ
3404 4636 3502 4708 τὴν
3544 4637 3842 4708 ἁμαρτίαν

2240 4736 2659 4808 συνεισδυόμεθα
2690 4735 2756 4789 δι’
2786 4735 2959 4788 αὐτοῦ
2990 4751 3050 4786 τε
3076 4733 3169 4786 καὶ
3200 4733 3258 4784 ἐν
3292 4728 3441 4799 αύτῷ
3465 4728 3544 4799 τῷ
3574 4729 3709 4799 Θεῷ
3745 4730 3843 4782 καὶ

2241 4834 2438 4904 Πατρὶ,
2484 4832 2583 4901 τὴν
2619 4827 2853 4900 ἀρχαίαν
2895 4825 3110 4895 ἐκείνην
3155 4819 3553 4881 καταλύσαντες
3595 4818 3839 4890 ἔχθραν.

2242 4925 2413 4989 Αὐτὸς
2443 4924 2550 4994 γάρ
2579 4924 2724 4975 ἐστιν
2758 4921 2793 4990 ή
2837 4921 3025 4989 εἰρήνη
3066 4915 3244 4988 ήμῶν,
3274 4913 3417 4967 κατὰ
3441 4911 3538 4974 τὰς
3569 4912 3838 4983 Γραφάς.

2311 5019 2518 5072 ΠΑΛΛ.
2559 5013 2773 5085 Μόσχον
2819 5008 2910 5066 οὖν
2959 5009 3067 5080 ἄρα
3123 5009 3388 5080 νοήσομεν
3433 5002 3526 5057 τὸν
3570 5003 3844 5056 ἀλοῶντα

2239 5115 2281 5166 Χ
2294 5111 2472 5185 ριστόν
2493 5127 2508 5175 ;
2529 5105 2651 5162 τίνα
2682 5105 2881 5178 τρόπον
2913 5106 3048 5174 φής;

2307 5226 2474 5279 ΚΥΡ.
2533 5225 2608 5277 Οὐ
2651 5223 2795 5293 γὰρ,
2830 5214 2874 5274 ὦ
2916 5218 3170 5288 φιλότης,
3213 5213 3446 5285 μόσχους
3499 5212 3641 5281 ἡμῖν
3708 5211 3847 5273 τοὺς

2235 5318 2508 5380 ἁλοῶντας
2533 5319 2560 5369 6
2588 5315 2676 5368 διὰ
2706 5312 2949 5375 Μωσέως
2977 5310 3138 5381 νόμος
3166 5309 3293 5371 τοὺς
3336 5305 3524 5373 ἁγίους
3561 5303 3846 5375 ὠνόμασε

2238 5410 2518 5482 μαθητάς;
2561 5409 2664 5479 ἔφη
2707 5407 2814 5476 γὰρ
2863 5400 3311 5474 αἰνιγματωδῶςο
3374 5418 3393 5450 ι
3435 5391 3509 5450 Ού
3546 5397 3849 5468 φιμώσεις

2239 5505 2363 5575 βοῦν
2395 5503 2656 5557 ἀλοῶντα.
2703 5519 2722 5550 ι
2757 5501 2821 5577 Ὃ
2843 5498 2906 5568 δὴ
2947 5497 3041 5550 καὶ
3071 5494 3214 5566 μάλα
3255 5490 3442 5560 σαφῶς
3481 5487 3849 5560 ἐννενοηκὼς

2235 5599 2264 5650 6
2291 5597 2563 5669 μακάριος
2595 5593 2840 5658 Παῦλοςο
2883 5611 2902 5643 ι
2945 5589 3038 5659 Μὴ
3078 5586 3182 5641 τῶν
3201 5585 3342 5664 βρῶν
3371 5581 3520 5655 μέλει
3545 5579 3634 5650 τῷ
3678 5581 3847 5653 Θεῷς

621 5743 1042 5826 ἥψαο-ηιξ,Ξᾶ
1082 5746 1170 5802 56.
1230 5745 1502 5826 _'°Matth.
1524 5747 1711 5817 13,57,
1745 5751 1833 5808 38.
1906 5755 1952 5789 ³ο
1985 5755 2133 5826 Hebr

2238 5795 2252 5822 ,
2279 5753 2366 5810 19.
2415 5753 2458 5788 "
2479 5752 2612 5809 Luc.
2637 5766 2716 5816 ιη,
2741 5747 2829 5814 16,
2857 5746 2943 5801 17.
3016 5744 3062 5776 ³³
3083 5741 3252 5798 Hebr.
3282 5750 3356 5799 VI,
3379 5731 3469 5788 20.
3534 5731 3584 5764 ’³
3608 5732 3843 5808 Ephes.

531 5829 610 5885 _n,
653 5813 737 5870 14.
811 5815 1030 5872 “Deut.
1057 5834 1179 5887 xxv,
1216 5818 1271 5876 4.
