3968 6300
213 369 318 427 295

901 366 990 422 DE
1029 361 1468 421 A‘DORATIONE
1509 361 1576 415 IN
1613 357 1880 415 SPIRITU
1923 358 2011 413 ET
2048 359 2418 415 VERITATE.
2460 347 2586 416 LIB.
2629 364 2714 418 Ill.

3361 369 3467 426 ΞΜ

213 491 282 546 Ἢ
308 489 376 543 δι’
415 487 564 560 ἡμᾶς
586 487 801 550 πάντως
833 485 1011 555 λέγεις
1042 485 1117 538 Δι’
1139 485 1286 557 ήμᾶς
1307 483 1414 552 γὰρ
1435 482 1672 552 ἐγράφη,
1705 481 1773 532 ὅτι

1890 493 2020 533 cura
2063 485 2149 532 est
2183 478 2333 533 Deo?
2367 493 2435 532 an
2469 488 2691 550 propter
2722 495 2822 535 nos
2881 482 3069 552 utique
3114 484 3291 538 dicit?
3337 497 3469 554 pro-

209 579 410 651 ὀφείλει
433 579 519 632 ἐπ’
551 576 725 631 ἑλπίδι
745 578 772 630 6
799 575 1070 648 ἀροτριῶν
1087 575 1366 646 ἀροτριᾷν,
1390 571 1479 626 καὶ
1505 570 1677 624 ἀλοῶν
1702 571 1789 622 ἐπ’

209 671 388 726 ἑλπίδι
409 670 502 724 τοῦ
533 669 798 740 μετέχειν.
831 687 849 719 ι
882 668 1088 737 Μόσχοι
1110 664 1418 737 τοιγαροῦν,
1455 663 1574 717 κατ’
1605 661 1789 714 εἰκόνα

207 757 310 812 τοῦ·
329 757 570 827 πρώτου,
595 756 740 810 τοῦτ’
767 755 1181 827 ἐστι,Χριστοῦ,
1212 755 1307 809 καὶ
1335 755 1383 807 oi
1416 753 1673 825 μακάριοι
1694 768 1791 822 μα-

208 849 389 919 θηταί.
421 850 637 922 Μόσχος
676 846 733 899 δὲ
755 847 847 899 καὶ
870 846 1071 918 ἑτέρως
1091 844 1342 915 ἀλωητὴς
1370 845 1398 896 6
1431 842 1690 914 Χριστός·
1720 840 1785 893 δι’

205 937 376 992 αὑτοῦ
396 939 504 1010 γὰρ
525 939 558 1011 ή
581 937 846 1010 κάθαρσις
865 938 1005 1010 καὶὴ
1035 938 1142 991 τῶν
1162 935 1431 1008 περιττῶν
1449 933 1786 1005 πραγμάτων

205 1031 489 1092 ἀπόθεσις,
538 1029 939 1100 περισπασμῶν
979 1029 1042 1083 τέ
1109 1046 1254 1100 φημι
1317 1029 1414 1081 καὶ
1466 1026 1575 1078 τῶν
1644 1025 1787 1079 κατά

203 1121 294 1173 τὸν
324 1121 530 1191 κόσμον
552 1119 915 1190 φρονημάτων
947 1119 1246 1188 σαρκικῶν,
1283 1117 1318 1171 ἃ
1344 1119 1436 1171 καὶ
1458 1116 1652 1186 φλογός
1677 1117 1782 1168 εἰσι

202 1214 403 1286 τροφὴ,
433 1213 683 1284 καθάπερ
714 1212 806 1265 καὶ
831 1211 892 1265 τὸ
918 1212 1137 1284 ἄχυρον.
1182 1210 1583 1283 Ἑγηγερμένου
1613 1209 1668 1262 δὲ
1690 1209 1782 1262 τοῦ

205 1305 612 1376 θυσιαστηρίου,
640 1306 723 1375 ἐφ’
746 1297 790 1373 ᾧ
817 1304 910 1357 καὶ
931 1303 1179 1376 εἰρηνικὴ
1201 1304 1293 1356 καὶ
1313 1303 1374 1356 τὸ
1401 1301 1780 1370 ὁλοκαύτωμα,

204 1397 420 1452 λέλυται
448 1400 510 1452 τὸ
545 1397 769 1452 λυποῦνο
804 1397 1075 1466 ἐπήκουσε
1100 1396 1209 1466 γὰρ
1239 1395 1442 1467 Κύριος
1473 1397 1538 1465 τῇ
1563 1396 1652 1464 γῇ,
1691 1394 1782 1446 καὶ

207 1491 504 1562 συνεσχέθη
547 1494 578 1560 ἡ
616 1489 862 1560 θραῦσις.
906 1489 1129 1541 Ἑαυτὸν
1152 1489 1257 1559 γὰρ
1283 1487 1424 1557 ὑπὲρ
1449 1488 1481 1557 ή
1493 1486 1606 1557 μῶν
1635 1487 1781 1556 ἱερα-

201 1582 494 1646 τεύσαντος
538 1581 630 1636 τοῦ
689 1582 961 1652 Χριστοῦ,
1020 1579 1341 1651 κατηργήθη
1394 1578 1639 1644 θάνατος,
1687 1576 1780 1631 καὶ

201 1675 482 1746 ἀνετράπη
514 1671 710 1744 φθορὰ,
739 1672 955 1741 ἕτοιμον
990 1670 1091 1742 ήδη
1113 1687 1229 1734 πως
1261 1672 1379 1730 ταῖς
1411 1669 1666 1723 ἀπάντων
1693 1667 1780 1721 εὑ-

198 1768 324 1836 χαῖς
383 1765 711 1835 ὑποσχόντος
755 1764 816 1817 τὸ
849 1761 941 1827 οὖς
970 1763 1064 1816 τοῦ
1098 1763 1276 1818 πάντα
1317 1761 1588 1831 ἰσχύοντος
1617 1759 1774 1813 Θεοῦο

206 1858 367 1910 «Ἔτι
400 1855 508 1928 γὰρ
537 1855 823 1918 λαλοῦντός
843 1872 958 1919 σου,
989 1855 1172 1925 φησὶν,
1203 1853 1338 1926 ὲρῶ·
1364 1853 1428 1906 Τί
1459 1855 1640 1917 ὲστιν;
1671 1853 1779 1905 »Τὸ

197 1947 254 2001 δέ
282 1965 345 2016 γε
387 1948 580 2018 μικρὸν
604 1943 745 1999 εἶναι
767 1947 826 2000 τὸ
855 1949 912 2000 ὲν
937 1948 1131 2018 ἀρχαῖς
1171 1946 1575 2017 θυσιαστήριον,
1610 1962 1779 2014 προσ-

194 2039 471 2093 τεθείσθαι
505 2039 561 2091 δὲ
587 2039 767 2107 λέγειν
795 2037 1020 2109 ὕστερον
1053 2037 1221 2109 αὐτῷ,
1250 2037 1349 2110 τὴν
1387 2036 1526 2090 κατά
1555 2037 1782 2107 καιροὺς

196 2128 468 2200 ἐσομένην
500 2128 596 2186 τοῦ
636 2128 967 2198 Εὐαγγελίου
1017 2128 1299 2200 προκοπὴν
1343 2127 1511 2200 δηλοῖ,
1541 2128 1636 2181 καὶ
1671 2127 1780 2181 τῶν

194 2223 368 2291 ἀγὶων
433 2221 772 2292 Ἐκκλησιῶν
832 2220 893 2273 τὸ
951 2220 1375 2291 συνεσταλμένον
1427 2220 1486 2272 ἐν
1547 2220 1778 2291 ἀρχαῖς,

195 2315 401 2378 πλάτος
427 2314 482 2368 δὲ
506 2313 696 2385 ὥσπερ
753 2313 846 2367 καὶ
871 2314 928 2368 ἐν
955 2317 1067 2377 τοῖς
1095 2313 1312 2383 ἑφεξῆς.
1346 2310 1646 2383 Εὑρύνεται
1671 2312 1781 2383 γάρ

193 2403 308 2461 οἷον
334 2408 422 2460 ἀεὶ
449 2406 518 2460 τά
546 2407 926 2480 θυσιαστήρια,
961 2405 1401 2478 προστιθεμένων
1441 2403 1779 2475 Ἐκκλησιῶν

190 2499 278 2552 ἀεί
297 2515 419 2562 πως
439 2501 555 2562 ταῖς
581 2498 825 2570 πρώταις
847 2498 931 2552 ὲτέ
941 2516 1069 2570 ρων,
1101 2498 1196 2553 καὶ
1217 2498 1296 2561 είς
1318 2496 1780 2567 πληθὺνςάμέτρηο

189 2608 282 2643 τον
307 2590 702 2661 ὲκτεινομένων
729 2591 840 2644 τῶν
867 2589 1030 2655 λαῶν,
1055 2589 1104 2643 οἳ
1131 2588 1220 2660 διὰ
1239 2588 1341 2658 τῆς
1362 2591 1419 2641 ὲν
1440 2585 1662 2660 Χριστῷ
1682 2587 1776 2638 θυο

193 2681 318 2744 σίας
344 2680 730 2753 λελύτρωνται,
768 2681 930 2736 αὐτὸν
958 2680 1174 2752 ἔχοντες
1199 2678 1480 2750 ἱερουργὺν
1508 2677 1600 2730 καὶ
1629 2675 1777 2746 θῦμα

190 2772 254 2826 τὸ
287 2773 466 2841 ἇγιον,
505 2773 600 2826 καὶ
636 2771 870 2845 εὔοσμον
904 2772 1277 2842 διακαθαίρον,
1325 2770 1419 2824 καὶ
1450 2770 1526 2833 ὡς
1550 2768 1777 2838 ἀξιάγα-

193 2881 320 2919 στον
340 2865 745 2938 θυσιαστήριον,
775 2866 871 2922 καὶ
897 2864 973 2931 ὡς
998 2867 1056 2920 ὲν
1083 2865 1212 2919 είδει
1239 2863 1339 2935 τῆς
1369 2862 1482 2917 ἀλω
1514 2861 1616 2932 τῆς
1651 2861 1796 2935 Ἑκο.

189 2957 424 3030 κλησίας
457 2959 746 3031 δεσπότην.

263 3221 477 3276 ΠΛᾹΔ.
531 3221 619 3287 Ὠς
648 3222 830 3294 σαφής
851 3222 1000 3276 ἐστιν
1025 3219 1119 3276 καὶ
1139 3218 1373 3293 ἐναργὴς
1399 3222 1427 3275 6
1447 3221 1606 3291 λόγος
1627 3238 1643 3254 ο
1674 3233 1774 3273 πε-

184 3312 413 3385 ποίηται
447 3313 555 3386 γὰρ
583 3313 870 3386 εὐτέχνως.

171 3538 175 3542 .
257 3487 429 3542 ΚΥΡ.
467 3488 538 3541 Ἦ
557 3488 664 3559 γὰρ
685 3488 805 3561 οὐχὶ
835 3490 939 3545 κάν
960 3491 1123 3557 αὐτὸς
1141 3492 1416 3556 ἐνδοιάσας
1437 3491 1608 3558 οὐδὲν,
1636 3491 1772 3563 ἔφης

180 3579 260 3642 ὡς
288 3580 408 3633 ἔστι
438 3580 676 3650 Χριστὸς
707 3583 742 3652 ἠ
772 3582 988 3636 πάντων
1024 3582 1136 3654 ζωὴ
1168 3585 1260 3637 καὶ⁸
1290 3584 1592 3654 λύτρωσις;

262 3671 470 3724 ΠΛΛΛ.
498 3671 666 3743 Φαίην
693 3671 781 3739 ἂν,
810 3673 1035 3728 ῐσθιτοι.
1060 3675 1244 3746 Φρονῶ
1271 3675 1379 3748 γὰρ
1404 3675 1522 3730 ὡδί.

253 3763 426 3818 ΚΥΡ.
463 3761 560 3829 Εἷς
591 3765 701 3835 γὰρ
745 3765 886 3837 ὑπὲρ
927 3767 1146 3822 πάντων
1195 3767 1466 3821 ἀπέθανεν
1495 3770 1523 3822 6
1551 3769 1769 3823 πάντων

180 3853 440 3920 ἀντάξιος
456 3870 471 3886 ο
493 3855 589 3908 καὶ
605 3854 704 3926 τὴν
731 3855 867 3909 ἰδίαν
888 3854 1069 3927 ψυχὴν
1117 3855 1474 3928 ἀντάλλαγμα
1493 3860 1591 3929 τῆς
1611 3858 1769 3930 ήμῶν

181 3945 499 4014 ἐποιήσατο,
523 3945 624 4014 τὴν
650 3943 745 3998 τοῦ
776 3945 1021 4000 διαϐόλου
1051 3945 1380 4018 δυστροπίαν
1414 3948 1764 4014 ὲκδυσωπῶν,

181 4036 277 4090 aut“
313 4035 481 4088 οἱονεί
521 4053 638 4100 πως
687 4035 842 4100 ίστάς
878 4037 979 4107 τῆς
1027 4038 1150 4092 καθ’
1197 4038 1354 4107 ἡμῶν
1397 4039 1766 4112 τυραννούσης

182 4128 462 4199 ἁμαρτίας
479 4128 579 4200 τὴν
621 4129 984 4201 κατάρῤησιν,
1013 4129 1108 4184 καὶ
1135 4129 1232 4202 τὴν
1262 4130 1355 4184 ἐπὶ
1376 4132 1488 4196 τοῖς
1510 4132 1766 4187 ἁπάντων

179 4219 525 4289 ἐγκλήμασιν
549 4218 893 4290 ἀθυρογλωττ
905 4217 1010 4272 ίαν.

248 4391 462 4447 ΠΑΛΔ.
502 4390 638 4445 Τίνα
669 4390 777 4462 φῂς
799 4391 1026 4462 τρόπονς

1889 580 2010 641 pter
2037 586 2136 626 nos
2163 573 2311 626 enim
2337 573 2602 642 scriptum
2635 581 2740 636 est,
2780 571 3047 639 Quoniam
3089 574 3252 630 debet
3279 577 3333 630 in
3372 592 3467 648 spe

1889 677 2050 717 arans
2070 679 2245 728 arare,
2264 674 2319 718 et
2340 665 2604 719 triturans
2627 665 2681 718 in
2706 680 2800 734 spe
2823 665 3186 734 participandi
3209 669 3274 722 ".
3293 669 3467 724 Vituli

1893 757 2076 825 itaque
2128 757 2195 810 ad
2232 756 2524 826 imaginem
2566 756 2714 810 illius
2757 756 2942 826 primi,
2983 756 3036 812 id
3087 765 3190 823 est,
3238 758 3466 826 Christi,

1889 845 2059 898 sancti
2101 861 2320 915 quoque
2358 846 2615 916 discipuli
2662 856 2810 901 sunt.
2864 847 2985 901 Alia
3033 848 3200 902 etiam
3253 850 3466 904 ratione

1885 937 2091 990 vitulus
2133 938 2396 992 triturans
2429 948 2514 992 est
2548 939 2832 993 Christus:
2868 954 2968 1010 per
3008 941 3186 1011 ipsum
3228 957 3467 1012 namque

1885 1027 2138 1096 purgatio
2169 1026 2246 1090 ﬁt,
2279 1035 2334 1080 et
2385 1043 2918 1098 supervacaneorum
2949 1046 3179 1101 operum
3200 1074 3214 1096 ,
3261 1032 3466 1088 distra-

1885 1118 2149 1179 ctionum,
2201 1118 2442 1188 inquam,
2496 1129 2552 1175 et
2595 1121 2998 1178 mundanorum
3051 1126 3466 1197 carnaliumque

1884 1219 2143 1261 sensuum
2169 1208 2462 1277 depositio,
2489 1225 2609 1280 quae
2634 1221 2763 1266 sunt
2789 1221 2851 1266 ut
2870 1215 3038 1283 palea:
3061 1231 3280 1285 quoque
3309 1216 3466 1271 ﬂam-

1883 1313 2094 1352 marum
2116 1299 2394 1354 alimenta.
2415 1302 2662 1356 Excitato
2687 1313 2870 1358 autem
2909 1305 3094 1370 altari,
3127 1322 3292 1378 super
3317 1309 3462 1378 quod

1883 1403 1938 1450 et
1990 1395 2216 1466 paciﬁca
2249 1397 2494 1462 victima,
2526 1408 2583 1454 et
2629 1399 3018 1458 holocaustum
3064 1401 3463 1472 imponeretur,

1881 1488 2155 1542 sublatum
2179 1495 2263 1542 est
2288 1504 2532 1558 prtesens
2568 1490 2700 1545 illud
2727 1492 2929 1546 malum
2959 1511 2971 1545 :
3005 1494 3161 1564 100
3186 1495 3468 1552 exaudivit

1881 1593 2116 1647 namque
2158 1577 2424 1633 Dominus
2452 1587 2671 1645 terram,
2697 1589 2751 1635 et
2775 1581 3018 1636 cohibita
3040 1590 3123 1637 est
3145 1584 3464 1640 ruina.Nam

1879 1677 2230 1738 posteaquam
2255 1671 2494 1740 seipsum
2522 1688 2622 1742 pro
2643 1673 2806 1728 nobis
2830 1675 3160 1729 sacriﬁcavit
3188 1674 3462 1742 Christus,

1880 1759 2081 1814 abolita
2107 1775 2256 1814 mors
2285 1770 2389 1825 est,
2419 1762 2666 1818 sublatus
2690 1764 2968 1826 interitus,
3005 1781 3130 1820 cum
3168 1765 3315 1822 Deus
3343 1784 3463 1822 om-

1882 1853 2137 1921 nipotens
2163 1862 2384 1922 paratas
2413 1854 2524 1923 jam
2560 1855 2968 1924 quodammodo
2999 1859 3252 1912 omnium
3285 1859 3466 1915 homi~

1883 1958 2014 1997 num
2037 1943 2301 2012 precibus
2317 1958 2478 1997 aures
2505 1945 2745 2013 praebeat
2769 1963 2782 1998 :
2811 1963 2829 1996 ι
2855 1946 3037 2001 adhuc
3059 1955 3108 2002 te
3125 1948 3409 2018 loquente,
3437 1970 3455 2001 ι

1883 2034 2082 2104 inquit,
2111 2054 2128 2085 ι
2158 2034 2358 2099 dicam,
2387 2033 2528 2100 Quid
2553 2042 2639 2090 est
2661 2036 2754 2088 '°?
2789 2055 2807 2088 ›
2839 2035 2994 2104 Quod
3029 2045 3215 2093 autem
3254 2028 3464 2094 dictum

1881 2132 1986 2188 est,
2042 2124 2218 2178 altare
2267 2140 2495 2194 parvum
2542 2125 2765 2196 quidem
2809 2126 2878 2180 ab
2922 2127 3082 2182 initio
3118 2128 3321 2195 fuisse,
3365 2131 3462 2185 sed

1882 2221 2102 2269 auctum
2131 2229 2251 2270 esse
2290 2223 2500 2284 postea,
2537 2216 2780 2270 futuram
2806 2217 2922 2272 suis
2959 2218 3305 2288 temporibus
3330 2235 3461 2289 pro-

1881 2305 2220 2376 gressionem
2259 2306 2560 2377 Evangelii,
2619 2316 2675 2363 et
2723 2317 3035 2364 sanctarum
3089 2311 3464 2366 Ecclesiarum

1881 2396 1951 2450 ab
1996 2397 2154 2450 initio
2191 2398 2489 2467 angustias,
2539 2399 2854 2453 earumdem
2914 2403 3276 2472 consequenti
3325 2412 3466 2458 tem-

1879 2503 2013 2557 pore
2037 2489 2456 2560 amplitudinem
2485 2491 2776 2562 signiﬁcat.
2804 2493 3114 2547 Dilatantur
3141 2495 3289 2548 enim
3324 2513 3464 2566 quo-

1879 2581 2174 2638 dammodo
2193 2585 2249 2638 in
2270 2585 2389 2646 dies
2417 2586 2631 2652 altaria,
2655 2604 2779 2642 cum
2811 2603 3032 2659 semper
3061 2590 3183 2646 alia:
3202 2591 3465 2647 Ecclesiae

1877 2673 2154 2742 prioribus
2203 2676 2558 2745 adjiciuntur,
2609 2684 2774 2748 atque
2810 2677 2865 2732 in
2898 2679 3221 2735 immensam
3269 2681 3463 2736 multi-

1878 2762 2124 2817 tudinem
2173 2775 2502 2820 excrescunt
2527 2769 2747 2838 populi,
2787 2769 2880 2838 qui
2923 2785 3022 2840 per
3049 2769 3256 2825 Christi
3289 2773 3463 2826 sacri-

1876 2855 2061 2910 ﬁcium
2092 2857 2361 2928 redempti
2390 2868 2537 2925 sunt,
2562 2860 2872 2931 quibusque
2903 2860 2993 2916 ille
3032 2861 3176 2917 idem
3204 2862 3466 2920 sacerdos

1874 2953 1960 3000 est
1989 2955 2046 3001 et
2073 2947 2256 3002 hostia
2295 2957 2501 3014 sancta,
2525 2958 2582 3003 et
2605 2951 2877 3006 odorifera
2911 2967 3172 3022 purgans,
3192 2961 3249 3006 et
3285 2959 3345 3005 ut
3378 2953 3462 3006 al~

1874 3043 1990 3094 tare
2021 3040 2390 3107 sanctiﬁcans,
2427 3049 2478 3096 et
2512 3051 2572 3096 ut
2610 3043 2665 3096 in
2705 3057 2845 3097 area:
2869 3043 3051 3112 specie
3078 3043 3336 3099 Ecclesim
3359 3044 3460 3100 do-

1874 3131 2078 3188 minus.

1946 3224 2142 3279 PALL.
2170 3223 2451 3278 Manifesta
2488 3239 2617 3278 sane
2641 3234 2697 3278 et
2730 3223 2961 3279 evidens
3002 3223 3303 3294 expositio:
3331 3240 3459 3280 nam

1875 3313 2169 3369 artiﬁciose
2218 3313 2520 3384 composita
2547 3320 2648 3367 est.

1943 3403 2102 3458 CYB.
2133 3402 2276 3469 Quid
2329 3402 2498 3466 enim,
2536 3417 2720 3456 nonne
2767 3409 2828 3457 tu
2895 3401 3012 3473 ipse
3059 3419 3280 3473 quoque
3318 3404 3458 3460 nihil

1873 3501 2163 3548 cunctatus
2199 3492 2532 3548 conﬁtebere
2549 3492 2828 3548 Christum
2859 3510 2981 3550 esse
3017 3495 3263 3550 omnium
3284 3496 3456 3552 vitam

1872 3594 2038 3655 atque
2074 3584 2548 3654 redemptionem?

1932 3675 2130 3732 PALL.
2161 3675 2358 3731 Fateor
2390 3675 2649 3745 equidem
2673 3693 2688 3742 ;
2717 3675 2798 3731 sic
2821 3677 2969 3732 cnim
2998 3679 3199 3733 sentio.

1939 3767 2096 3824 CYR.
2135 3768 2288 3824 Unus
2313 3769 2461 3824 enim
2501 3784 2604 3840 pro
2636 3770 2895 3825 omnibus
2931 3779 3183 3827 mortuus
3220 3780 3324 3839 est,
3355 3772 3449 3843 qui

1868 3875 1970 3930 pro
1986 3861 2260 3914 universis
2278 3861 2488 3931 justum
2515 3861 2754 3930 pretium
2780 3867 2922 3927 erat;
2952 3871 3008 3916 et
3026 3862 3266 3917 animam
3295 3879 3450 3918 suam

1867 3953 2329 4022 permutationem
2356 3969 2456 4023 pro
2478 3947 2666 4008 nostra
2689 3953 2842 4008 dedit
2867 3972 2878 4007 :
2905 3971 3015 4025 quo
3046 3954 3214 4021 facto,
3244 3954 3450 4012 diaboli

1865 4045 2282 4113 perversitatem
2305 4046 2667 4116 compescuit,
2689 4062 2752 4100 ac
2772 4047 2936 4100 modo
2959 4047 3196 4116 quodam
3211 4047 3446 4117 peccati,

1865 4139 2013 4209 quod
2053 4140 2215 4194 nobis
2249 4139 2660 4202 dominabatur,
2707 4139 3173 4204 criminationem,
3202 4148 3256 4193 et
3299 4141 3451 4195 illam

1864 4230 1924 4284 in
1973 4229 2221 4283 omnium
2259 4228 2545 4281 hominum
2581 4226 2760 4296 culpis
2814 4228 3138 4282 accusandis
3179 4228 3450 4285 effrenem

1863 4317 2103 4388 linguam
2137 4317 2407 4374 cohibuit.

1935 4409 2135 4465 PALL.
2168 4407 2494 4477 Quomodo?

249 4481 422 4536 ΚΥΡ.
476 4481 700 4552 Ἐπειδὴ
741 4482 851 4555 γάρ
888 4481 1256 4553 βεϐασίλευκεῖ
1269 4483 1378 4538 τῶν
1415 4483 1508 4538 ἐπὶ
1533 4485 1634 4556 τῆς
1660 4487 1762 4558 γῆς

1934 4499 2092 4557 CYR.
2132 4501 2290 4566 Nam,
2320 4516 2387 4556 ex
2409 4515 2519 4570 quo
2541 4499 2792 4571 regnavit
2815 4506 3102 4571 peccatum
3133 4517 3298 4574 super
3327 4519 3442 4560 oms

177 4574 212 4641 ή
236 4574 506 4645 ἁμαρτία,
553 4574 688 4628 πολὺ
730 4574 1149 4630 διανενευκότων
1193 4575 1288 4629 ἐπὶ
1329 4577 1398 4631 τά
1439 4579 1651 4650 πονηρά
1695 4581 1759 4635 ὲκ

175 4664 451 4734 νεότητος,
483 4663 628 4718 καθά
652 4664 983 4737 γέγραπται,
1012 4665 1107 4720 καὶ
1130 4666 1404 4737 ἐπιμελῶς
1431 4669 1759 4743 ἐγκειμένης

172 4757 276 4829 τῆς
332 4755 588 4812 ἀπάντων
629 4759 856 4831 καρδίας
895 4759 992 4812 ἐπὶ
1015 4759 1078 4813 τὸ
1108 4759 1304 4832 χρῆναι
1335 4761 1430 4815 καὶ
1470 4761 1764 4833 βούλεσθαι.

172 4850 477 4921 κατορθοῦν
524 4851 689 4918 αὐτὰ,
728 4851 1102 4926 πεπτώκαμεν
1151 4853 1461 4924 ἀναγκαίως
1511 4858 1608 4912 καὶ
1651 4859 1760 4913 ὑπὸ

172 4943 412 4997 θανάτου
457 4942 633 5015 δίκην.
679 4945 866 5015 Νόμου
915 4947 1028 5017 γὰρ
1072 4945 1218 5001 θείου
1271 4948 1606 5020 παράϐασις,
1659 4953 1756 5006 κα)⁵

170 5033 496 5104 θελημάτων
534 5034 791 5108 ἀθέτησις
822 5034 932 5090 τῶν
957 5037 1326 5104 Δεσποτικῶν,
1363 5040 1593 5096 θάνατον
1639 5042 1754 5115 ἔχει

166 5126 272 5197 τὴν
313 5125 491 5197 δίκην.
530 5127 1000 5201 Κατεφθαρμένην
1033 5129 1090 5182 δὲ
1137 5129 1279 5185 οὕτω
1321 5131 1420 5202 τὴν
1463 5134 1750 5205 ἀνθρώπου

168 5217 357 5287 φύσιν,
397 5217 700 5291 ὲπῴκτειρε
731 5220 829 5289 μὲν
858 5222 887 5273 6
919 5221 1280 5292 Δημιουργὸς,
1325 5223 1516 5292 γέγονε
1554 5226 1612 5280 δὲ
1651 5227 1752 5281 ἀν-

165 5307 390 5380 θρωπος
416 5310 915 5391 όΜονογενὴς,λκαὶ
941 5313 1022 5384 τῷ
1046 5312 1260 5385 θανάτῳ
1291 5317 1537 5384 φυσικῶς
1567 5319 1750 5391 ἐνεχό-

167 5415 337 5469 μενον
365 5401 645 5474 πεφόρηκε
688 5389 869 5473 σῶμα,
908 5404 1003 5456 καὶ
1038 5405 1412 5476 κεχρημάτικε
1453 5408 1610 5480 σάρξ,
1656 5389 1750 5467 iw:

162 5490 309 5562 ὑπὲρ
353 5491 511 5562 ἡμῶν
549 5492 786 5557 ἀνατλὰς
827 5493 919 5546 τὸν
949 5493 1008 5561 ὲξ
1038 5495 1310 5566 ἁμαρτίας
1343 5499 1475 5568 ήμίν
1506 5500 1750 5574 ὲπαρτη-

160 5580 330 5636 θέντα
362 5581 612 5650 θάνατον,
636 5587 960 5659 καταργήσῃ
993 5585 1090 5658 τὴν
1119 5587 1414 5660 ἁμαρτίαν,
1441 5591 1535 5645 καὶ
1563 5595 1748 5670 παύσῃ

1668 5735 1678 5766 l

238 5785 287 5818 ”
315 5783 487 5845 lCor.
515 5801 592 5853 Ix,
621 5786 676 5856 9,
719 5789 802 5845 lO.
881 5795 926 5829 ¹⁶
965 5797 1224 5865 lsai.t.xv,
1247 5797 1297 5854 l.
1371 5800 1414 5833 ¹⁷
1438 5801 1640 5860 Cenes.
1663 5821 1736 5879 vt,
1760 5807 1813 5862 5.

1863 4605 1964 4646 nes
2016 4591 2112 4660 qui
2150 4591 2207 4645 in
2247 4590 2414 4646 terris
2460 4597 2782 4657 versantur,
2824 4606 2949 4645 cum
3003 4593 3239 4652 maxime
3279 4596 3442 4666 proni

1862 4683 1975 4738 sint
2011 4682 2081 4737 ad
2117 4682 2259 4737 mala
2306 4682 2376 4737 ab
2413 4681 2782 4738 adolescentia
2807 4685 2875 4751 ⁸⁷,
2916 4693 2978 4738 ut
3029 4685 3293 4756 scriptum
3331 4697 3443 4754 est,

1861 4783 1916 4829 et
1969 4775 2219 4830 omnium
2260 4775 2432 4830 corda
2475 4773 2766 4847 diligenter
2803 4775 3122 4832 incumbant
3165 4777 3234 4832 ad
3273 4776 3441 4851 perﬁ-

1859 4865 2042 4921 ciendi
2061 4866 2422 4932 voluntatem,
2443 4867 2757 4922 necessario
2781 4867 2975 4921 mortis
2999 4882 3216 4939 poenam
3247 4867 3439 4924 incur-

1862 4957 2054 5012 rimus.
2092 4957 2252 5028 Legis
2276 4973 2513 5031 namque
2545 4957 2744 5014 divina:
2771 4959 3075 5023 violationi,
3107 4959 3436 5015 Dominicae-

1860 5062 1967 5118 que
1991 5048 2291 5104 voluntatis
2311 5050 2650 5120 contemptui
2671 5065 2831 5118 poena
2852 5048 3148 5106 constituta
3162 5061 3246 5106 est
3267 5067 3437 5110 mors.

1860 5139 1968 5195 Sed
1991 5151 2301 5213 corruptam
2332 5142 2569 5197 hominis
2599 5150 2849 5196 naturam
2872 5151 3060 5198 auctor
3092 5142 3206 5214 ipse
3238 5145 3438 5202 miser-

1861 5238 1948 5286 tus
1974 5242 2086 5299 est;
2117 5233 2300 5304 itaque
2328 5235 2421 5290 ille
2437 5233 2762 5305 Unigcnitus
2786 5233 2963 5290 factus
2994 5245 3079 5291 est
3105 5236 3290 5304 homo,
3315 5254 3441 5292 cor-

1851 5339 2061 5394 pusque
2103 5335 2300 5380 natura
2350 5327 2513 5381 morti
2561 5325 2858 5380 obnoxium
2910 5329 3162 5399 gestavit,
3197 5336 3256 5383 et
3305 5343 3437 5384 caro

1848 5415 2025 5471 factus
2047 5426 2151 5482 est,
2180 5425 2240 5471 ut
2271 5425 2446 5473 morte
2479 5418 2726 5484 tolerata,
2749 5435 2871 5490 quae
2900 5421 3107 5491 peccati
3137 5421 3297 5493 culpa
3326 5435 3436 5478 no-

1849 5507 1936 5563 bis
1955 5509 2067 5580 jam
2098 5510 2440 5577 imminebat,
2466 5511 2774 5569 destrueret
2794 5524 3100 5586 peccatum,
3120 5529 3184 5570 ac
3208 5513 3434 5575 demum

1851 5599 2065 5658 Satanae
2093 5605 2575 5665 criminationibus
2611 5607 2776 5666 ﬁnem
2827 5611 3133 5683 imponeret
3169 5627 3182 5664 :
3227 5610 3450 5697 quippe‘
