3968 6300
489 355 598 412 205

1477 345 1532 400 S.
1576 344 1855 402 CYRlLLl
1893 343 2362 401 ALEXANDRINI
2403 345 2718 402 ARClllEP.

3641 337 3745 393 Ξίὶὸ

500 480 622 523 cum
646 463 701 518 in
729 461 848 531 ipso
871 459 1112 525 Christo,
1136 470 1502 532 peccatorum,
1535 461 1603 516 de
1632 462 1834 532 quibus
1856 477 2077 517 accusa-

2212 462 2361 516 οιπδν
2382 461 2716 530 ἐγκαλοῦντα
2735 459 2825 512 τὸν
2847 457 3108 520 Σατανᾶν,
3127 456 3202 519 ὼς
3224 452 3576 507 ἐκτετικότων
3592 452 3748 526 ήμῶν

498 555 700 617 bimur,
740 566 931 622 poenas
959 551 1387 618 exsolverimus;
1426 571 1444 603 ‹
1491 553 1631 607 ιοΙΙίι
1671 554 1818 607 enim
1859 561 2078 622 peccata

499 655 706 711 nostra,
733 651 790 699 et
835 658 934 714 pro
974 643 1136 698 nobis
1179 643 1328 698 dolet
1343 645 1387 675 "
1413 663 1432 695 ι
1475 644 1628 714 juxta
1665 645 1946 715 prophetae
1980 659 2078 699 vo-

499 752 640 794 cem.
659 734 815 805 101
834 735 916 790 An
931 751 1042 791 non
1060 735 1206 790 enim
1226 749 1327 791 nos
1345 735 1518 790 livore
1531 736 1650 806 ejus
1666 734 1840 791 sanati
1857 735 2081 791 sumus?

570 927 770 985 PALL.
808 928 1010 983 Verum
1052 925 1208 980 dicis.
1248 945 1266 975 ι
1300 926 1628 981 Vulneratus
1659 935 1742 980 est
1782 926 1928 981 enim
1957 942 2084 997 pro—

503 1032 626 1093 pter
664 1028 890 1090 peccata
936 1027 1157 1084 nostra,
1197 1026 1256 1073 et
1310 1018 1414 1072 fuit
1469 1017 1526 1072 in
1580 1017 1872 1073 aﬂlictione
1933 1017 2084 1072 etin

507 1112 659 1181 plaga
693 1109 757 1162 ".
795 1128 814 1159 ι

574 1201 732 1257 CYR.
775 1199 1062 1255 Sublatum
1112 1200 1278 1271 igitur
1320 1206 1404 1253 est
1444 1199 1512 1254 de
1549 1198 1731 1252 medio
1763 1207 2081 1268 peccatum,

508 1301 861 1363 posteaquam
895 1306 996 1361 pro
1028 1290 1188 1344 nobis
1224 1306 1418 1360 passus
1466 1298 1551 1344 est
1592 1289 1866 1354 Christus,
1907 1304 2084 1359 neque

511 1383 774 1452 posthac,
813 1383 1029 1453 opinor,
1077 1382 1346 1436 violenter
1386 1380 1650 1435 adversus
1705 1395 1800 1434 eos
1851 1379 1947 1450 qui
1987 1395 2087 1450 per

508 1474 788 1530 Christum
830 1471 1151 1528 sanctiﬁcati
1207 1478 1369 1536 sunt,
1415 1469 1811 1525 vociferabitur
1857 1488 1869 1523 :
1923 1470 2087 1539 idque

510 1565 860 1635 perspicuum
908 1563 1068 1618 nobis
1099 1562 1261 1618 faciet
1303 1563 1570 1632 propheta
1611 1563 1901 1618 Zacharias
1937 1563 2089 1618 velut

512 1670 613 1724 per
640 1654 909 1709 visionem
937 1652 1158 1708 dicens:
1194 1652 1476 1708 «Etexivit
1494 1653 1738 1725 angelus,
1773 1652 1868 1722 qui
1894 1652 2088 1720 loque-

511 1746 674 1801 batur
713 1747 767 1800 in
801 1759 910 1810 me,
947 1755 1002 1799 et
1029 1745 1167 1799 dixit
1200 1746 1267 1800 ad
1298 1762 1383 1800 me
1427 1763 1440 1798 :
1487 1745 1715 1815 Respice
1754 1745 1928 1800 oculis
1955 1746 2086 1810 tuis,

2184 555 2242 607 ἐν
2269 553 2419 620 αὐτῷ
2464 552 2543 623 τῷ
2589 550 2809 623 Χριστῷ
2844 550 2950 602 τῶν
2978 550 3058 611 εἰς
3095 545 3364 618 ἁμαρτίαν
3413 546 3751 616 αἰτιαμάτων

2185 645 2285 709 τάς
2315 645 2469 708 δίκας
2490 661 2502 674 ·
2536 665 2554 696 ι
2583 643 2728 715 αἴρει
2748 642 2855 712 γάρ
2886 640 3042 712 ήμῶν
3062 640 3160 702 τὰς
3185 638 3480 712 ἁμαρτίας,
3507 639 3600 692 καὶ
3623 640 3752 709 περὶΙ

2186 737 2342 809 ήμῶν
2373 737 2646 801 δδυνᾶται,
2678 754 2696 788 ι
2742 733 2884 788 κατά
2915 733 3014 803 τὴν
3032 732 3124 786 τοῦ
3155 733 3434 804 προφήτου
3457 733 3662 803 φωνήν.
3683 733 3754 788 Ἦ

2187 824 2312 893 οὐχὶ
2336 816 2667 892 τῷμώλωπι
2703 819 2868 874 αὑτοῦ
2912 821 3071 890 ἡμεῖς
3097 817 3364 888 ίάθημεν;

2256 914 2465 967 ΠΑΛΛ.
2519 911 2762 982 Ἀληθές.
2811 931 2830 962 ι
2871 909 3306 981 Ἐτραυματίσθη
3336 907 3445 978 γάρ
3471 907 3614 981 ὑπὲρ
3648 909 3757 963 τῶν

2188 1003 2473 1076 ἁμαρτιῶν
2533 1001 2711 1074 ήμῶν,
2766 1002 2859 1055 καὶ
2905 1001 3128 1070 γέγονεν
3186 1001 3246 1052 ἐν
3279 996 3536 1069 κακώσει,
3563 997 3661 1052 καὶ
3702 1000 3758 1052 ἐν

2190 1096 2392 1164 πληγῇ.
2433 1113 2452 1146 ι

2259 1098 2694 1241 ἓξῇῇιΛέλυται
2723 1181 2900 1234 τοίνυν
2933 1181 2968 1250 ὴ
3011 1177 3276 1250 ἁμαρτία,
3301 1174 3537 1246 Χριστοῦ
3561 1173 3760 1229 παθόν-

2190 1295 2280 1341 τος
2303 1276 2442 1348 ὑπέρ
2469 1273 2652 1346 ήμῶν,
2681 1273 2774 1328 καὶ
2793 1273 2893 1326 οὐκ
2921 1271 2986 1325 ἂν
3010 1265 3162 1340 οἶμαι
3179 1269 3568 1338 καταϐοήσειεν
3590 1267 3758 1335 ἀναγ-

2192 1365 2364 1429 καίως
2380 1364 2460 1418 ἔτι
2474 1364 2582 1418 τῶν
2602 1362 2944 1434 ήγιασμένων
2964 1360 3051 1413 διὰ
3066 1357 3324 1430 Χριστοῦ,
3351 1359 3442 1411 καὶ
3459 1355 3616 1411 τοῦτο
3632 1359 3760 1428 ἡμῖν

2191 1455 2439 1519 διαδείξει
2469 1455 2654 1522 σαφῶς
2691 1455 2719 1507 ὁ
2753 1452 3038 1524 προφήτης
3081 1448 3354 1520 Ζαχαρίας
3387 1447 3462 1512 ὡς
3490 1449 3545 1500 ἐν
3573 1447 3760 1518 δράσει

2194 1549 2393 1616 λέγων’
2429 1565 2451 1616 ί
2486 1545 2600 1600 Kal.
2639 1544 2860 1613 ἐξῆλθεν
2905 1545 2933 1594 ό
2981 1540 3207 1610 ἄγγελος
3241 1539 3269 1591 ὁ
3295 1537 3473 1591 λαλῶν
3522 1539 3579 1590 ἐν
3617 1537 3756 1607 ἐμοὶ,

2197 1642 2290 1695 καὶ
2335 1635 2455 1692 εἷπε
2489 1638 2622 1710 πρός
2655 1655 2722 1708 με
2742 1652 2758 1669 ο
2811 1632 3136 1703 Ἀνάϐλεψον
3173 1633 3284 1693 τοῖς
3315 1630 3608 1701 ὀφθαλμοῖς
3646 1647 3758 1690 σου,

2196 1734 2294 1786 καὶ
2324 1733 2399 1786 ίδε
2423 1731 2480 1784 τὸ
2511 1729 2942 1801 ἐκπορευόμενον
2962 1725 3146 1780 τοῦτο.
3182 1725 3293 1778 Καὶ
3320 1719 3485 1788 cina;
3518 1724 3582 1775 Τί
3609 1725 3760 1788 ἐστι;

512 1847 570 1892 et
596 1839 721 1893 vide
751 1840 857 1894 hoc
882 1838 1028 1910 quod
1058 1839 1327 1910 procedit.
1375 1839 1444 1893 Et
1474 1812 1618 1893 dixi:
1642 1837 1785 1904 Quid
1807 1839 1941 1893 illud
1969 1838 2091 1894 est?

2212 1819 2484 1880 ιαὶέῑπεσ
2517 1821 2687 1875 Τοῦτο
2710 1821 2769 1874 τὸ
2826 1820 3021 1891 μέτρον
3064 1817 3126 1870 τὸ
3169 1814 3617 1886 ἐκπορευόμενον.
3659 1812 3765 1867 Kal

514 1940 572 1986 et
603 1930 742 1985 dixit
775 1949 787 1985 :
815 1931 942 1986 Haec
972 1939 1056 1985 est
1085 1946 1342 1986 mensura
1367 1945 1487 2002 quae
1514 1929 1782 2000 procedit.
1817 1931 1887 1985 Et
1917 1931 2088 1985 dixit:

515 2021 644 2077 llaec
674 2031 758 2077 est
791 2021 1053 2091 iniquitas
1080 2035 1274 2075 eorum
1300 2021 1354 2074 in
1387 2021 1641 2074 universa
1677 2026 1843 2074 terra.
1871 2020 1940 2074 Et
1966 2036 2094 2076 ecce

516 2113 784 2167 talentum
813 2112 1029 2182 plumbi
1061 2113 1358 2176 elevatum,
1389 2119 1445 2166 et
1467 2127 1597 2166 ecce
1627 2126 1736 2166 una
1773 2111 1972 2166 mulier
2005 2127 2094 2166 se-

516 2202 683 2259 debat
702 2203 758 2256 in
780 2201 962 2257 medio
980 2218 1270 2267 mensurae,
1301 2209 1358 2256 et
1385 2201 1618 2272 projecit
1631 2199 1869 2271 lapidem
1886 2200 2096 2272 plumbi

520 2295 576 2350 in
616 2309 680 2349 os
707 2296 827 2366 ejus
867 2313 879 2348 :
921 2303 978 2350 et
1005 2294 1180 2348 levavi
1211 2293 1400 2347 oculos
1446 2309 1618 2358 meos,
1641 2302 1699 2348 et
1728 2293 1864 2359 vidi,
1887 2301 1943 2348 et
1969 2308 2097 2347 ecce

520 2382 642 2438 duae
662 2383 924 2438 mulieres
948 2382 1329 2453 procedentes,
1345 2389 1404 2436 et
1427 2382 1652 2452 spiritus
1667 2383 1723 2436 in
1757 2383 1860 2437 alis
1885 2399 2095 2448 earum,

519 2483 577 2530 et
602 2476 687 2529 ha:
725 2475 1004 2529 habebant
1031 2474 1146 2528 alas
1170 2480 1233 2526 ut
1267 2473 1382 2528 alas
1413 2489 1611 2543 upupa:
1631 2514 1646 2538 ,
1676 2484 1733 2529 et
1753 2475 2101 2530 sustulerunt

522 2580 834 2619 mensuram
861 2564 1005 2617 inter
1048 2573 1250 2618 terram
1276 2573 1333 2618 et
1371 2564 1570 2618 caelum
1609 2582 1622 2618 :
1663 2573 1719 2619 et
1747 2565 1860 2619 dixi
1897 2565 1966 2619 ad
2000 2582 2100 2619 an-

521 2654 702 2719 gelum
730 2654 823 2723 qui
852 2654 1182 2723 loquebatur
1224 2654 1280 2707 in
1312 2669 1398 2708 me
1435 2673 1447 2707 :
1473 2654 1591 2720 Quo
1623 2655 1705 2710 hae
1732 2655 1916 2710 ferunt
1944 2671 2100 2709 men-

523 2741 745 2794 suram?
777 2740 844 2794 Et
887 2740 1027 2794 dixit
1069 2741 1138 2794 ad
1180 2757 1266 2796 me
1311 2760 1322 2795 :
1363 2742 1433 2798 Ut
1470 2743 1743 2799 aediﬁcent
1779 2745 1830 2798 ei
1879 2745 2102 2810 domum

523 2829 580 2884 in
617 2839 761 2885 terra
787 2830 1101 2902 Babylonis,
1135 2839 1192 2885 et
1212 2841 1541 2902 praeparent,
1578 2841 1635 2887 et
1661 2835 1932 2890 collocent
1953 2835 2104 2889 illam

522 2921 603 2976 ibi
639 2921 695 2976 in
736 2923 1133 2992 praeparatione
1177 2924 1297 2994 ejus
1328 2923 1391 2977 '°.
1444 2943 1461 2975 ι
1515 2925 1677 2979 Visne
1712 2931 1774 2978 ut
1815 2941 2008 2979 rursus
2035 2924 2104 2980 de

526 3011 758 3082 singulis
782 3011 1152 3078 disseramus,
1190 3020 1267 3079 et,
1303 3021 1570 3083 quantum
1594 3013 1755 3069 nobis
1783 3015 1932 3081 licet,
1969 3029 2106 3069 con-

524 3103 874 3158 sideremus?

594 3194 793 3250 PALL.
820 3196 1050 3250 Maxime
1079 3211 1230 3251 vero.

595 3285 754 3343 CYR.
799 3287 1113 3342 Mensuram
1165 3287 1493 3358 quamdam,
1543 3305 1664 3359 qum
1697 3289 1766 3344 ab
1802 3288 2108 3345 Jerusalem

526 3376 729 3441 exibat,
770 3376 909 3432 vidit
942 3379 1232 3447 propheta,
1269 3379 1592 3450 rogantique
1618 3379 1750 3448 quid
1784 3381 1918 3434 illud
1942 3388 2106 3444 esset,

527 3467 813 3536 respondit
847 3468 1108 3538 angelus:
1143 3489 1160 3519 ‹
1197 3469 1322 3524 Haec
1357 3478 1438 3524 est
1474 3471 1735 3540 iniquitas
1785 3471 2029 3540 ipsorum
2054 3470 2111 3524 in

533 3559 787 3614 universa
833 3566 982 3613 terra
1007 3560 1048 3590 ³¹
1078 3577 1089 3611 :
1121 3579 1137 3610 ι
1174 3559 1331 3625 Quod
1367 3561 1600 3629 perinde
1640 3570 1730 3614 est
1774 3576 1837 3614 ac
1864 3560 1909 3614 si
1940 3559 2114 3615 dixis-

529 3659 636 3715 set,
661 3649 775 3704 Hac
804 3665 1063 3705 mensura
1090 3651 1277 3704 omnia
1294 3651 1682 3720 appenduntur
1698 3661 1941 3721 peccata,
1961 3667 2112 3721 quae-

531 3755 752 3810 cunque
787 3755 888 3810 per
935 3742 1248 3799 universam
1295 3751 1499 3797 terram
1541 3743 1772 3813 singulis
1801 3743 2115 3814 quibusque

533 3833 880 3902 temporibus
913 3841 1317 3904 perpetrantur.
1360 3834 1463 3890 Ubi
1498 3834 1645 3889 enim
1689 3844 1876 3890 nostra
1895 3847 2118 3907 peccata

534 3940 713 3996 usque
755 3925 823 3980 ad
872 3925 1216 3980 manifestam
1250 3928 1603 3996 pervenerint
1649 3926 2114 3997 magnitudinem,

536 4023 653 4071 tum
674 4031 807 4071 vero
838 4015 1082 4071 offensus
1102 4031 1292 4085 poenas
1319 4031 1351 4070 a
1375 4017 1535 4071 nobis
1565 4019 1766 4088 repetit
1788 4019 1903 4089 ipse
1937 4021 2120 4094 legum

537 4107 835 4163 conditor:
873 4107 1195 4176 frequenter
1240 4116 1422 4162 autem
1479 4108 1642 4163 insita
1674 4111 1911 4178 quadam
1959 4113 2118 4169 beni-

536 4197 745 4272 gnitate
774 4199 990 4263 tolerat,
1026 4207 1428 4268 peccantesque
1472 4200 1966 4272 sustinet;,neque,
2017 4220 2120 4258 an-

537 4299 757 4360 tequam
803 4291 874 4346 sit
917 4291 1114 4346 modus
1167 4291 1492 4360 completus,
1539 4294 1847 4348 universam
1889 4295 2122 4349 ell’undit

540 4380 697 4435 iram.
721 4381 909 4450 Itaque
937 4380 1322 4436 dixitAbrahze
1346 4399 1358 4433 :
1400 4400 1418 4432 ι
1446 4378 1698 4436 Nondum
1725 4384 1872 4437 enim
1897 4384 2117 4454 impleta

2193 1917 2380 1972 εἷπενο
2433 1916 2584 1988 Αῦτη
2624 1917 2658 1986 ἡ
2704 1913 2888 1968 ἀδικία
2916 1911 3092 1966 αὐτῶν
3134 1910 3194 1963 ἐν
3224 1908 3374 1978 πάσῃ
3415 1910 3479 1978 τῇ
3517 1909 3608 1978 γῇ.
3656 1905 3765 1959 Kal.

2198 2011 2304 2064 ίδοὺ
2356 2009 2616 2064 τάλαντον
2673 2005 2922 2077 μολίϐδου
2965 2001 3331 2074 ἐξαιρόμενον,
3389 1998 3480 2053 καὶ
3529 1997 3636 2051 ἰδοῦ
3671 1997 3765 2067 μία

2194 2099 2330 2172 γυνὴ
2358 2099 2592 2168 ἐκάθητο
2633 2098 2691 2150 ἐν
2732 2096 2881 2168 μέσῳ
2917 2093 3010 2148 τοῦ
3052 2093 3249 2164 μέτρου
3271 2107 3284 2121 ·
3318 2092 3414 2144 καὶ
3445 2089 3632 2161 έρῤιψε
3675 2085 3766 2142 τὸν

2194 2192 2341 2246 λίθον
2369 2189 2462 2244 τοῦ
2495 2189 2742 2262 μολίϐδου
2768 2190 2847 2252 είς
2871 2187 2933 2240 τὸ
2959 2186 3134 2256 στόμα
3161 2183 3331 2254 αὐτῆς
3349 2201 3362 2214 ο
3389 2182 3482 2237 καὶ
3505 2173 3618 2253 ἦρα
3641 2182 3767 2246 τοῦς

2201 2282 2533 2356 ὀφθαλμοὺς,
2572 2280 2667 2335 καὶ¹
2697 2275 2833 2333 εἶδον
2858 2295 2872 2309 ·
2907 2279 3004 2331 καὶ
3034 2275 3142 2330 ἰδοῦ
3190 2275 3282 2328 δύο
3312 2276 3567 2343 γυναῖκες
3607 2273 3769 2327 ἐκπο-

2198 2373 2507 2449 ρευόμεναι,
2541 2370 2635 2424 καὶ
2667 2367 2884 2439 πνεῦμα
2905 2368 2965 2421 ἐν
2992 2369 3112 2429 ταῖς
3149 2363 3608 2435 πτέρυξιν,αὑτῶν
3629 2381 3644 2396 ο
3678 2364 3771 2418 καὶ

2197 2458 2356 2519 αὗται
2408 2463 2556 2533 εἶχον
2611 2459 2888 2531 πτέρυγας
2933 2457 3008 2521 ὡς
3060 2456 3327 2528 πτέρυγες
3377 2455 3618 2518 ἔποπος·
3677 2456 3772 2508 καὶ

2199 2551 2458 2608 ἀνέλαϐον
2502 2551 2564 2605 τὸ
2620 2550 2817 2621 μέτρον
2867 2548 2970 2602 ἀνά
3007 2546 3170 2615 μέσον
3220 2547 3318 2617 τῆς
3371 2546 3494 2615 γῆς,
3532 2545 3628 2598 καὶ
3669 2544 3776 2598 ἀνά

2203 2645 2366 2716 μέσον
2398 2643 2490 2698 τοῦ
2518 2640 2770 2715 οὐρανοῦ.
2797 2641 2906 2695 Καὶ
2939 2634 3069 2694 εῖπα
3109 2639 3244 2711 πρὸς
3282 2637 3371 2690 τὸν
3418 2635 3646 2705 ἄγγελον
3685 2637 3775 2688 τὸν

2201 2733 2464 2788 λαλοῦντα
2488 2736 2544 2787 ἐν
2573 2732 2730 2805 ἐμοί·
2758 2731 2866 2787 Ποῦ
2893 2724 3056 2786 αὗται
3085 2727 3421 2801 ἀποφέρουσι
3450 2727 3510 2780 τὸ
3541 2728 3776 2798 μέτρον;

2203 2828 2316 2882 Καὶ
2353 2823 2471 2879 εἷπε
2502 2823 2638 2897 πρός
2671 2840 2766 2895 με·
2817 2821 3182 2894 Οἰκοδομῆσαι
3233 2817 3381 2890 αὑτῷ
3409 2818 3586 2872 οἰκίαν
3612 2820 3668 2870 ἐν
3704 2819 3778 2888 γῇ

2204 2919 2544 2983 Βαϐυλῶνος,
2593 2919 2685 2972 καὶ
2721 2917 3026 2987 ἑτοιμάσαι,
3060 2915 3154 2968 καὶ
3199 2913 3453 2984 θήσουσιν
3497 2911 3629 2965 αὐτὸ
3662 2912 3782 2964 ἐκεῖ

2205 3013 2298 3065 ἐπὶ
2325 3013 2424 3084 τήν
2460 3010 2776 3083 ἐτοιμασίαν
2808 3008 2996 3062 αὑτοῦ.
3033 3027 3051 3059 ι
3076 2999 3265 3060 Βούλεί
3309 3004 3556 3077 λέγωμεν
3597 3004 3666 3058 τά
3696 3005 3783 3073 ἐφ’

2208 3105 2424 3176 ἑκάστῳ
2450 3104 2632 3171 πάλιν,
2670 3102 2764 3156 καὶ
2802 3100 3095 3173 θεωρῶμεν
3123 3100 3197 3164 ὡς
3225 3099 3336 3166 ένι;

2135 3177 2178 3236 C
2282 3197 2489 3250 HAAA.
2525 3194 2671 3248 Πάνυ
2703 3195 2799 3265 μὲν
2825 3189 2939 3248 οὖν.
3444 3222 3450 3226 -

2280 3286 2446 3341 ΚΥΡ.
2487 3273 2702 3356 Μέτρόν
2741 3301 2795 3336 τι
2836 3284 2935 3355 τῆς
2992 3281 3351 3353 Ἰερουσαλὴμ
3392 3279 3647 3352 ἐκτρέχον
3697 3296 3788 3334 τε·

2216 3376 2404 3430 θέαται
2439 3374 2536 3444 μέν
2567 3374 2595 3425 ὁ
2622 3373 2927 3444 προφήτης,
2963 3359 3206 3443 ἐρομένῳ
3232 3371 3347 3433 δέὂ
3369 3373 3434 3440 τί,
3467 3372 3580 3423 ποτ’
3615 3371 3788 3434 ἐστιν,

2212 3472 2241 3525 ὁ
2279 3469 2510 3538 ἄγγελος
2541 3467 2644 3538 ἔφη
2665 3483 2679 3498 ·
2711 3486 2728 3519 ι
2765 3465 2918 3536 Αῦτη
2946 3467 2982 3536 ή
3015 3465 3197 3519 ἀδικία
3237 3465 3413 3518 αὐτῶν
3449 3465 3507 3517 ἐν
3537 3463 3694 3534 πάσῃ
3722 3465 3792 3533 τῇ

2213 3566 2304 3634 γῇ.
2345 3581 2364 3614 ι
2400 3563 2625 3632 Ὅμοιον
2664 3560 2743 3626 δὲ,
2769 3561 2845 3623 ὡς
2893 3562 2941 3613 εί
2981 3559 3133 3628 λέγοι
3169 3558 3354 3629 τυχόν·
3408 3557 3498 3610 Ἐν
3540 3556 3683 3626 τῷδε
3718 3554 3795 3624 τῷ

2219 3655 2401 3727 μέτρῳ
2435 3656 2713 3726 μετρεῖται
2743 3653 2854 3706 τῶν
2887 3652 2991 3706 ἀνά
3020 3653 3198 3706 πᾶσαν
3244 3649 3341 3721 τὴν
3384 3651 3487 3719 γῆν
3523 3648 3594 3701 τά
3646 3649 3796 3702 κατά

2217 3746 2445 3818 καιροὺς
2491 3744 2959 3815 πλημμελήματα.
3011 3742 3191 3812 Μέχρι
3231 3741 3344 3812 γὰρ
3379 3740 3444 3811 δὴ
3490 3739 3795 3809 ποσότητος

2219 3839 2460 3910 φανερᾶς
2484 3837 2725 3907 ἡκούσης
2744 3835 2899 3905 ήμῶν
2924 3835 3022 3902 τῆς
3047 3832 3344 3901 ἁμαρτίας,
3365 3831 3561 3900 ἐπάγει
3581 3830 3646 3903 δὴ
3669 3832 3796 3884 τότε

2218 3931 2316 3995 τὰς
2357 3931 2513 3992 δίκας
2543 3925 2913 3997 λελυπημένος
2937 3924 2968 3977 ὁ
3001 3923 3320 3994 νομοθέτης·
3355 3923 3718 3994 διακαρτερεῖ
3743 3925 3796 3977 δέ

2221 4021 2480 4084 πολλάκις
2527 4019 2586 4086 ἐξ
2625 4018 2869 4088 ἐμφύτου
2912 4014 3336 4088 φιλανθρωπίας,
3389 4014 3485 4068 καὶ
3534 4014 3799 4087 πλημμε-

2219 4114 2451 4167 λούντων
2484 4111 2755 4181 ἀνέχεται,
2789 4109 2896 4180 πρὸ
2928 4110 3029 4178 τῆς
3069 4105 3513 4179 συμπληρώσεως
3549 4107 3651 4160 οὐκ
3687 4109 3802 4162 eic-

2219 4205 2364 4260 άπαν
2404 4200 2748 4270 ἀγανακτῶν.
2790 4201 2900 4253 Kal
2929 4198 3058 4268 γοῦν
3096 4197 3198 4269 ἔφη
3228 4197 3365 4268 πρὸς
3413 4195 3666 4266 Ἀϐραὰμ
3709 4198 3804 4250 τὸν

2223 4295 2396 4367 ἱερόν·
2450 4313 2468 4345 ι
2519 4292 2685 4347 Οῦπω
2724 4293 2833 4363 γὰρ
2878 4290 3371 4361 ἀναπεπλήρωνται
3417 4288 3474 4342 αί
3525 4289 3803 4358 ἁμαρτίαι

2219 4387 2328 4442 τῶν
2365 4386 2707 4457 Ἀμορραίων
2761 4385 2866 4448 ἕως
2900 4381 2998 4436 τοῦ
3017 4381 3132 4436 νῦν.
3169 4401 3187 4434 ι
3231 4379 3375 4452 Πρὸς
3409 4381 3466 4433 δὲ
3484 4381 3611 4444 τοὺς
3633 4381 3804 4452 Φαρι-

541 4481 670 4526 sunt
699 4481 921 4542 peccata
954 4472 1398 4527 Amorrhaeorum
1430 4489 1602 4542 usque
1627 4475 1807 4530 adhuc
1829 4477 1893 4529 ³⁸.
1931 4495 1950 4526 ›
1977 4477 2104 4530 Pha-

2226 4481 2411 4544 σαίους
2440 4479 2686 4549 ἀσχέτως
2712 4475 3168 4547 ἐκλελυττηκὸτας
3197 4473 3304 4545 ἔφη
3341 4472 3595 4544 Χριστός
3628 4491 3648 4523 ο
3686 4473 3801 4527 Καὶ

543 4564 716 4618 risaais
753 4572 958 4629 autem,
989 4565 1364 4633 quieﬂrenate
1397 4566 1550 4620 illum
1580 4567 1960 4634 offendissent,
1985 4569 2104 4624 dixit

2225 4574 2381 4643 ὑμεῖς
2425 4569 2750 4642 πληρώσατε
2781 4567 2841 4620 τὸ
2877 4567 3073 4639 μέτρον
3113 4565 3227 4619 τῶν
3247 4564 3510 4634 ’πατέριον
3556 4561 3741 4632 ὑμῶν.
3775 4581 3800 4614 ι

542 4653 831 4710 Christus:
875 4675 892 4707 ι
937 4655 1005 4710 Ει
1033 4672 1130 4711 vos
1161 4657 1381 4726 implete
1416 4673 1730 4713 mensuram
1772 4668 1991 4730 patrum
2025 4676 2123 4716 ve-

545 4755 786 4802 strorum
816 4747 882 4802 ⁸⁸.
923 4767 941 4800 ι
977 4747 1316 4803 Procedente
1350 4749 1516 4820 igitur
1536 4766 1824 4818 mensura,
1855 4753 2124 4807 talentum

545 4839 754 4911 plumbi
803 4838 1092 4902 attollitur,
1133 4838 1488 4910 injiciturque
1540 4841 1596 4896 in
1644 4843 1885 4898 medium
1927 4843 2127 4898 mulier

547 4945 670 5000 quae
711 4943 1025 4982 mensuram
1073 4926 1363 4996 impleret,
1401 4945 1522 5000 qua:
1572 4931 1735 4985 etiam
1780 4917 1893 4986 ore~
1909 4931 2124 5001 plumbi

548 5019 784 5090 lapidem
803 5019 1050 5088 excepit;
1084 5018 1280 5074 deinde
1298 5021 1715 5093 inquitdivinus
1742 5023 1834 5078 ille
1863 5025 2122 5094 angelus:

551 5111 676 5166 Haec
701 5117 785 5164 est
814 5109 1093 5179 iniquitas.

625 5199 781 5268 102
823 5198 1020 5255 PALL.
1051 5201 1171 5257 Non
1196 5213 1279 5259 est
1313 5204 1492 5259 adhuc
1522 5202 1654 5257 satis
1689 5201 2013 5273 perspicuus
2035 5204 2126 5261 hic

551 5291 843 5362 Scriptura:
875 5292 1046 5349 locus.

620 5382 775 5438 CYli.
819 5382 926 5437 Sed
963 5384 1068 5439 erit
1128 5385 1392 5456 profecto,
1432 5397 1596 5455 atque
1639 5385 1788 5440 haud
1828 5387 1908 5442 ita
1948 5388 2122 5442 multo

553 5485 673 5546 post
699 5493 711 5528 :
742 5489 868 5528 nam
891 5475 1103 5544 plumbi
1137 5479 1404 5532 talentum
1433 5478 1548 5548 ipse
1579 5478 1834 5535 Christus
1865 5487 1968 5545 est,
2001 5479 2123 5550 cpi-

552 5581 673 5632 nor,
703 5565 798 5636 qui
857 5567 1127 5622 attollitur
1159 5569 1381 5637 quidem
1407 5611 1422 5635 ,
1467 5569 1522 5624 id
1564 5579 1667 5638 est,
1710 5570 1981 5626 exaltatur
2027 5585 2125 5641 per

2237 4663 2704 4735 Ἐκπορευομένου
2747 4657 3036 4729 τοιγαροῦν
3084 4655 3181 4710 τοῦ
3241 4655 3460 4726 μέτρου,
3516 4651 3806 4723 ἐξαίρεται

2228 4757 2325 4828 μὲν
2352 4754 2444 4808 τοῦ
2479 4753 2726 4824 μολίϐδου
2754 4752 2815 4806 τὸ
2851 4751 3132 4814 τάλαντον,
3152 4748 3405 4820 έῤῥιπται
3427 4745 3484 4799 δέ
3518 4747 3599 4808 είς
3632 4746 3808 4816 μέσον

2223 4854 2258 4922 ή
2286 4850 2422 4919 γυνὴ
2469 4847 2750 4920 πληροῦσα
2787 4847 2848 4901 τὸ
2882 4846 3100 4917 μέτρον,
3142 4845 3176 4914 ἡ
3220 4843 3318 4898 καὶ
3351 4843 3410 4896 ἐν
3449 4841 3682 4912 στόματι
3726 4842 3810 4910 τῷ

2229 4942 2344 5012 ἰδίῳ
2373 4940 2463 4993 τὸν
2512 4938 2606 4992 τοῦ
2652 4938 2899 5009 μολίϐδου
2939 4937 3086 4990 λίθον
3124 4935 3369 5006 ἐδέχετο·
3407 4929 3529 4988 εἶτά
3551 4949 3739 5005 φησιν
3777 4937 3812 4986 ὀ

2227 5029 2513 5092 θεσπέσιος
2551 5026 2815 5096 ἄγγελος·
2845 5024 2996 5098 Αὕτη
3026 5026 3173 5080 ἐστὶν
3199 5027 3233 5096 ή
3265 5023 3482 5095 ἀνομία.

2299 5211 2508 5264 ΠΔΛΛ.
2549 5207 2713 5263 Οὔπω
2736 5206 2859 5262 λίαν
2889 5203 3036 5258 ἐστὶν
3062 5202 3301 5274 ἐναργὴς
3333 5203 3361 5256 ὁ
3387 5200 3568 5270 λόγος.

2295 5389 2461 5443 ΚΥΡ.
2522 5386 2730 5440 Οὐκοῦν
2789 5385 2964 5450 ἔσται,
3021 5384 3118 5438 καὶ
3150 5383 3254 5436 οὐκ
3300 5381 3382 5445 είς
3435 5377 3676 5451 μακράν.
3733 5379 3812 5433 Τὸ

2229 5478 2336 5551 γάρ
2364 5495 2449 5531 τοι
2477 5477 2571 5530 τοῦ
2605 5469 2852 5546 μολίϐδου
2880 5475 3139 5528 τάλαντον
3167 5471 3325 5534 αὐτὸς
3345 5470 3410 5524 ἀν
3434 5468 3518 5539 εἴη
3542 5468 3809 5540 Χριστὸς,

2230 5570 2289 5634 ὃς
2315 5569 2589 5640 ἐξαίρεται
2628 5568 2746 5637 μὲν,
2771 5566 2914 5620 τοῦτ’
2937 5564 3105 5632 ἐστιν,
3139 5560 3366 5633 ὑψοῦται
3388 5558 3476 5613 διὰ
3512 5559 3608 5612 τοῦ
3647 5575 3813 5613 σταυ-

623 5749 669 5782 ¹⁸
695 5747 850 5805 Joan.
879 5764 918 5817 ι,
949 5749 1037 5807 29.
1116 5751 1160 5785 ’³
1181 5751 1283 5808 lsa.
1325 5767 1436 5818 LIII,
1467 5751 1516 5808 5.
1579 5752 1623 5786 ³ο
1645 5751 1873 5808 Zachar.
1897 5768 1950 5819 ν,
1973 5750 2100 5807 5-H

2240 5750 2470 5807 Zachar.
2499 5766 2573 5819 v1,
2609 5751 2660 5808 5.
2717 5751 2761 5785 ³¹
2785 5751 2984 5810 Cenes.
3006 5767 3096 5821 xv,
3119 5749 3206 5807 l6.
3286 5749 3332 5782 ³³
3352 5747 3548 5805 Matth.
