3968 6300
960 321 1046 374 DE
1083 318 1524 374 ADOIIATIONE
1562 319 1628 372 IN
1670 317 1939 373 SPIRITU
1978 317 2066 371 ET
2107 314 2474 370 VERITATE.
2508 313 2635 367 LIB.
2665 315 2753 367 III.

259 321 359 380 297
960 321 1046 374 DE
1083 318 1524 374 ADORATIONE
1562 319 1628 372 IN
1670 317 1939 373 SPIRITU
1978 317 2066 371 ET
2107 314 2474 370 VERITATE.
2508 313 2635 367 LIB.
2665 315 2753 367 III.
3387 313 3494 368 998

152 445 161 455 ‘
261 440 372 514 ροῦ,
404 438 500 492 καὶ
545 438 655 499 τοῖς
688 435 784 505 τῆς
833 436 1082 506 θεότητος
1127 434 1428 506 ἀξιώμασιν
1471 436 1662 506 ὁρᾶται
1700 434 1819 487 διαο

1945 448 2169 495 :rucem,
2205 447 2268 485 ac
2299 428 2886 500 dignitate'divinitatis
2926 438 3202 498 spectatur
3229 430 3488 502 insignis:

257 532 492 602 πρεπής.
549 531 610 581 'U
632 529 738 598 γὰρ
763 527 892 591 Θεὸς
931 530 1094 582 αὐτὸν
1132 527 1478 599 ὑπερύψωσε,
1518 527 1614 579 καὶ
1643 525 1823 595 ἐχαρί-

259 641 385 676 σατο
421 620 572 690 αύτῷ
607 620 772 690 ὄνομα
812 619 871 672 τὸ
911 619 1048 689 ὑπὲρ
1087 621 1195 672 πᾶν
1249 619 1436 688 ϐνομα.
1495 616 1824 688 Κατακλείει

256 715 310 768 δὲ
357 713 458 783 τῆς
500 711 774 782 ἁμαρτίας
815 709 879 762 τὺ
926 710 1128 780 στόμα,
1183 710 1322 764 κατὰ
1368 709 1428 761 τὸ
1477 711 1534 762 ἐν
1577 709 1826 778 Ψαλμοῖς

258 802 615 874 ὑμνούμενον’
657 819 676 851 ι
717 800 826 855 Kal
860 800 1006 853 πᾶσα
1031 799 1230 870 ἀνομία
1265 797 1611 870 ὲμφράξειτὸ
1655 799 1829 868 στόμα.

256 897 422 966 αὐτῆς
443 913 456 926 ⁸
489 914 508 947 ι
543 891 804 964 εἰρημένη
831 890 1112 944 καταϐοῶν
1133 890 1241 952 τῶν
1268 889 1328 953 ὲξ
1349 889 1628 952 ἀσθενείας
1651 891 1825 959 ἡμαρ-

254 985 518 1056 τηκότων,
550 983 645 1036 καὶ
663 983 721 1036 ὲν
753 981 930 1034 πίστει
956 980 1410 1048 δεδικαιωμένων.
1451 997 1468 1029 ι
1504 977 1636 1040 Θεὸς
1663 979 1769 1048 γὰρ
1801 979 1830 1030 ό

255 1074 501 1138 δικαιῶν,
533 1075 615 1137 τίς
649 1075 678 1124 ὀ
721 1072 1101 1144 κατακρίνων;
1155 1091 1172 1123 ι
1205 1073 1441 1142 Χριστοῦ
1475 1072 1532 1124 δὲ
1566 1071 1829 1135 παθόντος

256 1165 394 1235 ὑπὲρ
422 1165 599 1236 ἡμῶν,
647 1163 762 1227 πῶς
790 1161 858 1235 ἦν
901 1163 1191 1218 ἀκόλουθον
1220 1166 1312 1217 καὶ
1346 1165 1492 1235 ἡμᾶς
1525 1165 1720 1226 αὐτοὺς
1750 1164 1829 1217 ἔτι

255 1253 354 1316 τὰς
406 1255 546 1326 ὑπὲρ
600 1255 708 1308 τῶν
756 1254 902 1308 ἰδίων
957 1254 1442 1326 πλημμελημάτων
1504 1254 1829 1319 ἐξαιτεῖσθαι

256 1344 409 1410 δίκας
430 1364 444 1410 ;

327 1523 534 1578 ΠΔΔΛ.
601 1522 897 1593 Ὀρθότατα
948 1521 1103 1594 ἔφης.
1159 1523 1561 1594 Δεδικαιώμεθα
1608 1525 1716 1596 γὰρ
1773 1527 1830 1578 ὲν

259 1614 498 1687 Χριστῷ,
546 1617 640 1670 καὶ
696 1613 792 1686 τὴν
837 1617 900 1668 ὲκ
951 1616 1050 1686 τῆς
1102 1616 1374 1688 ἁμαρτίας
1429 1617 1703 1688 καταϐοὴν
1767 1613 1828 1670 εὖ

261 1705 404 1776 μάλα
432 1706 882 1777 διεκρουσάμεθα.
906 1707 1138 1762 ’Ἥδιστα
1165 1707 1209 1759 δ’
1243 1707 1308 1760 ἂν
1336 1707 1670 1778 ἁναμάθοιμί
1703 1724 1827 1773 σου,

1929 526 2073 580 Deus
2097 525 2243 578 enim
2270 523 2426 576 illum
2483 536 2646 591 super
2690 520 2872 573 omnia
2903 521 3162 576 cxaltavit
3189 533 3245 578 et
3265 525 3494 595 largitus

1927 622 2011 668 est
2066 613 2141 667 illi
2190 627 2407 676 nomen,
2451 610 2596 680 quod
2637 617 2720 664 est
2779 623 2944 678 super
2975 623 3136 664 omne
3188 627 3385 668 nomen
3424 615 3490 670 “.

1928 706 2174 760 Obstruit
2210 713 2393 758 autem
2433 718 2494 757 os
2531 701 2853 772 iniquitatis,
2888 702 3042 770 juxta
3089 701 3222 756 illud
3257 704 3402 772 quod
3437 705 3496 762 in

1941 797 2171 853 Psalmis
2208 797 2458 851 canitur:
2496 814 2514 845 ι
2544 795 2614 850 Et
2635 794 2811 849 omnis
2837 793 3096 862 iniquitas
3131 794 3395 863 oppilabit
3435 812 3497 850 os

1931 905 2090 943 suum
2115 891 2192 955 ³³;
2228 909 2246 940 ι
2282 887 2429 958 quod
2454 903 2518 942 ea
2567 887 2923 958 prohibeatur
2969 885 3232 940 adversus
3266 902 3360 940 eos
3390 887 3500 940 cla-

1930 995 2078 1034 mare
2106 979 2200 1048 qui
2243 994 2311 1033 ex
2334 978 2656 1032 inﬁrmitate
2685 977 3058 1048 peccaverint,
3086 983 3142 1030 et
3165 975 3272 1030 ﬁde
3303 976 3500 1047 justiﬁ-

1930 1070 2036 1124 cati
2082 1070 2211 1123 sint.
2268 1088 2286 1120 ι
2319 1070 2466 1124 Deus
2485 1069 2630 1123 enim
2652 1076 2736 1123 est
2761 1068 2872 1132 ille,
2913 1069 3006 1138 qui
3047 1067 3329 1139 justiﬁeat,
3375 1069 3500 1138 quis

1931 1168 2035 1224 est,
2076 1161 2171 1230 qui
2209 1159 2538 1215 condemnet
2557 1159 2639 1212 “?
2674 1177 2692 1209 ι
2727 1158 2913 1227 Itaque
2939 1174 3064 1213 cum
3089 1159 3342 1214 Christus
3372 1176 3500 1230 pas-

1931 1266 2025 1306 sus
2047 1252 2118 1306 sit
2138 1267 2238 1320 pro
2259 1251 2439 1316 nobis,
2473 1249 2747 1320 quomodo
2785 1265 3127 1320 consequens
3163 1261 3307 1306 esset
3336 1253 3502 1306 etiam

1930 1357 1961 1396 a
1994 1343 2155 1398 nobis
2201 1343 2336 1415 ipsis
2389 1343 2562 1414 repeti
2613 1351 2930 1398 nostrorum
2982 1351 3331 1412 peccatorum
3381 1359 3501 1413 pm-

1931 1434 2067 1489 nas?

2001 1525 2237 1581 PALL.’
2260 1524 2584 1581 Rectissime
2635 1525 2862 1580 dictum.
2927 1523 3215 1580 Justiﬁcati
3268 1540 3504 1596 namque

1933 1630 2122 1669 sumus
2173 1614 2230 1668 in
2281 1613 2521 1682 Christo,
2560 1624 2725 1685 atque
2750 1616 3046 1670 clamorem
3072 1616 3366 1671 adversum
3403 1633 3504 1672 nos

1921 1705 2475 1777 ‘eriminationemque
2518 1708 2729 1778 peccati
2779 1707 3098 1777 repulimus.
3158 1708 3502 1764 Iucundissi-

258 1799 342 1852 διὰ
379 1800 537 1853 ποίαν
559 1800 738 1853 αἰτίαν
769 1799 1095 1871 σημαίνεται
1124 1803 1221 1869 μὲν
1241 1799 1315 1862 ὡς
1343 1801 1401 1853 ἐν
1437 1799 1669 1870 μολίϐδῳ
1699 1800 1836 1871 Χρι-

1945 1811 2088 1850 mum
2114 1811 2248 1850 vero
2296 1796 2514 1862 feceris,
2567 1798 2612 1852 si
2655 1798 2910 1852 docueris
2959 1814 3122 1868 quam
3166 1798 3238 1852 ob
3285 1814 3506 1855 causam

262 1891 402 1955 στὺς,
429 1891 504 1955 ὡς
530 1892 588 1944 ὲν
616 1891 892 1963 προσώπῳ
917 1893 974 1946 δὲ
999 1891 1254 1960 γυναικὸς
1277 1893 1311 1962 ἡ
1336 1891 1534 1961 ἀνομία
1565 1891 1832 1960 φαίνεται.

324 2081 498 2134 ΚΥΡ.
541 2081 651 2134 Kal
701 2081 805 2152 μὴν
847 2081 942 2135 καὶ
983 2081 1142 2134 τοῦτό
1176 2097 1238 2149 γε
1267 2079 1413 2132 ἔστιν
1440 2079 1660 2135 εὔκολον
1711 2081 1836 2134 ίδεῖν

261 2171 362 2224 ἀπό
393 2187 459 2238 γε
485 2172 596 2223 τῶν
627 2171 788 2242 ίερῶν
820 2172 1202 2243 Γραμμάτωνο
1235 2169 1450 2233 πολλοῖς
1479 2171 1586 2240 γὰρ
1616 2171 1714 2242 ἥδη
1741 2171 1836 2224 καὶ

262 2257 463 2327 ἑτέροις
491 2259 726 2328 Χριστὸς
749 2255 1164 2330 παρεικάζεται,
1196 2259 1283 2313 διὰ
1309 2261 1407 2330 τῆς
1434 2260 1540 2314 τῶν
1577 2277 1837 2332 σημαινο-

265 2351 438 2420 μένων
462 2351 766 2422 ποιότητος,
795 2351 903 2405 τῶν
934 2353 1023 2404 ἐπ’
1053 2350 1201 2421 αύτῷ
1231 2351 1550 2421 νοουμένων.

331 2526 540 2580 ΠᾹΛΛ.
573 2523 698 2580 υἶον
729 2525 782 2580 τί
810 2528 915 2596 φής
937 2568 956 2592 ,
1809 2557 1820 2568 ν

330 2617 499 2672 ΚΥΡ.
547 2617 776 2686 Γέγονεν
829 2620 960 2688 ἡμῖν
1009 2621 1214 2690 κρηπὶς
1264 2620 1358 2676 καὶ
1408 2619 1695 2690 ἀσφάλεια,
1744 2621 1816 2674 κα

263 2709 558 2780 ἀκλόνητος
603 2708 911 2780 ὑποϐάθρα,
959 2710 1056 2764 καὶ
1097 2711 1348 2782 θεμέλιος
1378 2713 1662 2785 ἀρῤαγήςο
1706 2711 1840 2766 ὠνό-

268 2817 470 2870 μασται
500 2801 557 2853 δὲ
591 2801 680 2854 διὰ
700 2799 859 2853 τοῦτο
881 2801 1050 2874 λίθος.
1080 2821 1098 2854 ι
1145 2804 1275 2858 Ἰδοὺ
1303 2806 1431 2877 γὰρ,
1465 2807 1614 2877 φησὶ,
1647 2807 1838 2879 τίθημι

265 2893 340 2953 είς
368 2890 440 2943 τὰ
483 2890 712 2960 Θεμέλια
748 2890 887 2945 Σιὼν
914 2890 1059 2945 λίθον
1103 2894 1380 2963 ἐκλεκτὸν,
1426 2897 1837 2968 ἀκρογωνιαῖον,

265 2981 501 3051 ἔντιμον.
539 2983 650 3036 Kal
683 2984 711 3035 ό
756 2982 1028 3037 πιστεύων
1069 2985 1157 3036 ἐπ’
1193 2986 1363 3058 αὐτῷ,
1406 2988 1466 3042 οὐ
1521 2989 1595 3060 μὴ
1648 3007 1840 3044 καται-

267 3072 492 3144 σχυνθῇ.
524 3091 544 3126 ›
580 3074 736 3127 Ἔστι
769 3073 827 3128 δὲ
858 3074 1019 3128 πάλιν
1057 3077 1240 3140 αὐτὸς,
1271 3079 1330 3131 τὸ
1361 3078 1613 3150 λαμπρόν
1641 3098 1701 3134 τε
1744 3080 1838 3135 καὶ

267 3166 596 3234 ἀξιάγαστον
643 3165 744 3236 τῆς
802 3166 1130 3237 Ἐκκλησίας
1176 3169 1484 3240 κειμήλιον,
1541 3172 1568 3223 ὁ
1612 3169 1839 3233 πλοῦτος

267 3257 419 3328 ἡμῶν
454 3259 482 3310 ὁ
508 3257 878 3327 πνευματικός
901 3272 916 3286 ο
947 3257 1160 3329 εἴρηται
1181 3259 1236 3312 δὲ
1258 3261 1622 3332 μαργαρίτης.
1653 3262 1843 3332 Ὁμοία

267 3351 370 3420 γάρ
407 3351 547 3415 ἐστι,
590 3349 779 3420 φησιν,
813 3351 846 3420 ἡ
894 3349 1136 3419 βασιλεία
1174 3352 1282 3404 τῶν
1331 3352 1574 3423 οὐρανῶν
1617 3352 1843 3424 ἐμπόρῳ

268 3438 522 3508 ζητοῦντι
552 3439 750 3503 καλοὺς
798 3441 1162 3512 μαργαρίτας.
1196 3441 1385 3513 Εὑρὼν
1410 3443 1465 3496 δὲ
1497 3443 1593 3496 ἕνα
1627 3442 1844 3497 πολύτι-

269 3546 367 3599 μον
421 3531 767 3602 μαργαρίτην
811 3531 1092 3598 ἀπελθὼν,
1149 3533 1456 3604 ἐπίπρασκε
1513 3533 1690 3588 πάντα
1744 3535 1846 3589 ὅσα

265 3619 399 3692 εἶχε,
428 3624 523 3674 καὶ
554 3623 826 3692 ἠγόρασεν
854 3623 1037 3680 αὐτόν.
1072 3641 1090 3674 ι
1128 3623 1338 3694 Συνῆψε
1359 3624 1416 3676 δὲ
1441 3626 1585 3696 ἡμᾶς
1616 3625 1681 3678 δι’
1717 3625 1844 3678 ἐαυ-

265 3714 359 3767 τοῦ
406 3714 487 3784 τῷ
525 3710 643 3784 Θεῷ
683 3718 775 3768 καὶ
822 3715 1017 3785 Πατρὶ,
1063 3714 1375 3778 καταλύσας
1404 3715 1502 3786 τὴν
1555 3714 1754 3787 ἔχθραν
1786 3717 1843 3769 ἐν

264 3807 340 3877 τῷ
371 3807 586 3878 σώματι
622 3807 812 3873 αὐτοῦ,
869 3807 1012 3861 καθὰ
1055 3802 1390 3879 γέγραπται·
1444 3810 1538 3862 καὶ
1576 3810 1706 3879 γοῦν
1737 3810 1841 3883 ἔφη

265 3899 404 3969 πρὸς
444 3898 535 3951 τὸν
571 3900 629 3951 ἐν
663 3899 912 3970 οὐρανοῖς
935 3898 1153 3969 Πατέρα
1178 3899 1270 3951 καὶ
1304 3897 1455 3964 Θεὸν,
1484 3899 1744 3969 περὶτῶν
1785 3903 1843 3954 ὲν

265 3990 446 4043 πίστει
473 3993 538 4060 τῇ
575 3992 654 4054 είς
700 3990 859 4044 αὑτὸν
897 3989 1364 4061 δεδικαιωμένων·
1403 4009 1420 4040 ι
1473 3991 1673 4063 Πάτερ,
1706 3991 1844 4046 θέλω

267 4080 352 4132 ίνα
386 4079 578 4152 ὥσπερ
605 4081 716 4149 ἐγὼ
756 4080 850 4134 καὶ
881 4083 944 4134 σὺ
975 4080 1033 4134 ἓν
1068 4083 1256 4152 ἐσμεν,
1293 4081 1436 4135 οὕτω
1467 4083 1562 4136 καὶ
1592 4083 1748 4137 αὐτοὶ
1783 4085 1841 4136 ὲν

266 4173 400 4241 ἡμῖν
447 4171 505 4225 ἓν
548 4165 670 4225 ὦσι.
725 4191 743 4223 ›
795 4171 1077 4241 Κέκληται
1121 4171 1289 4244 ταύτῃ
1339 4190 1422 4227 τοι
1469 4175 1842 4247 κασσιτέρινος

266 4262 439 4326 λίθος,
468 4259 780 4334 κασσιτέρῳ
810 4262 918 4335 γὰρ
951 4263 1206 4316 κολλᾶται
1232 4263 1300 4316 τὰ
1325 4263 1656 4336 κολλώμενα.
1696 4265 1841 4338 Ἔφη

265 4346 324 4398 δέ
351 4363 453 4398 που
489 4346 620 4409 Θεὸς
656 4346 746 4399 διὰ
776 4346 959 4416 φωνῆς
985 4348 1276 4417 Ζαχαρίου,
1305 4347 1394 4401 τὸν
1424 4347 1552 4400 [διον
1586 4350 1716 4419 ἡμῖν
1745 4365 1843 4402 κα-

1939 1889 2149 1958 plumbi
2180 1888 2352 1959 ﬁgura
2384 1889 2721 1960 signiﬁcetur
2746 1889 3030 1957 Christus;
3061 1891 3308 1946 mulieris
3323 1901 3506 1948 autem

1935 1995 2169 2048 persona
2197 1980 2470 2036 indicetur
2512 1982 2789 2052 iniquitas.

2005 2070 2159 2125 CYR.
2194 2071 2359 2142 Atqui
2385 2071 2531 2126 haud
2557 2071 2774 2126 diﬁicile
2818 2081 2902 2127 est
2935 2073 2990 2128 id
3020 2089 3051 2128 e
3083 2073 3252 2128 sacris
3283 2074 3508 2132 Litteris

1937 2161 2286 2231 perspicere;
2340 2163 2531 2217 multis
2564 2163 2712 2217 enim
2776 2163 3006 2219 aliarum
3057 2181 3275 2236 quoque
3321 2184 3508 2224 rerum

1939 2252 2270 2323 imaginibus
2302 2252 2556 2309 Christus
2587 2255 2965 2321 adumbratur,
3009 2272 3134 2311 cum
3160 2273 3191 2312 e
3232 2259 3508 2330 signiﬁca-

1939 2348 2116 2396 tarum
2162 2344 2424 2413 qualitate
2475 2360 2661 2400 rerum
2703 2349 3102 2418 proprietates,
3144 2365 3264 2419 quae
3319 2351 3376 2406 in
3415 2353 3510 2407 illo

1939 2438 2086 2495 sunt,
2125 2432 2526 2502 intelligantur.

2008 2521 2203 2576 PALL.
2231 2523 2290 2576 Id
2316 2539 2449 2579 vero
2484 2525 2644 2594 quale
2677 2534 2762 2581 est
2788 2527 2934 2596 quod
2961 2528 3078 2583 ais?

2013 2612 2170 2680 CYB.
2207 2615 2404 2669 Factus
2437 2623 2519 2670 est
2549 2616 2708 2670 nobis
2733 2617 2880 2673 basis
2909 2620 3154 2689 quadam
3185 2630 3240 2677 et
3261 2620 3508 2689 ﬁrmitas,
3540 2641 3546 2652 '

1939 2713 1994 2759 et
2021 2704 2315 2760 immobilis
2341 2706 2561 2777 gradus,
2591 2715 2644 2762 et
2687 2708 2916 2764 solidum
2953 2711 3367 2768 fundamentum
3406 2730 3512 2771 :ea

1941 2796 2008 2851 de
2036 2813 2199 2852 causa
2231 2799 2534 2869 appellatus
2564 2808 2648 2855 est
2682 2800 2837 2871 lapis.
2877 2821 2894 2853 (
2943 2803 3082 2858 Ecce
3106 2805 3274 2871 enim,
3312 2805 3509 2876 inquit,

1940 2903 2085 2958 pono
2114 2888 2172 2942 in
2211 2888 2567 2944 fundamenta
2599 2889 2731 2945 SiOn
2770 2892 3004 2962 lapidem
3038 2895 3294 2961 electum,
3337 2913 3511 2968 angu-

1943 2979 2133 3045 larem,
2160 2981 2480 3050 pretiosum.
2517 2981 2588 3035 Et
2613 2983 2707 3052 qui
2735 2984 2912 3039 credit
2938 2984 2992 3037 in
3024 2985 3223 3055 ipsum,
3241 3002 3351 3042 non
3377 3003 3512 3042 con-

1943 3070 2203 3126 fundetur
2223 3073 2286 3125 ⁸⁷.
2321 3093 2340 3124 ι
2375 3073 2471 3128 Est
2495 3089 2686 3128 rursus
2729 3074 2873 3129 idem
2898 3077 3192 3145 praeclarus
3213 3084 3377 3146 atque
3412 3077 3513 3132 ad-

1942 3162 2208 3217 mirabilis
2245 3164 2503 3219 Ecclesiae
2539 3165 2849 3230 thesaurus,
2897 3166 3099 3221 divitia
3157 3167 3263 3223 illae
3311 3177 3516 3223 nostra:

1943 3253 2283 3324 spirituales;
2319 3254 2502 3323 itaque
2535 3255 2825 3325 margarita
2865 3262 2949 3309 est
2985 3257 3305 3324 appellatus.
3362 3277 3379 3309 ι
3425 3259 3514 3314 Si-

1943 3345 2072 3398 mile
2101 3344 2248 3399 enim
2279 3355 2383 3409 est,
2403 3345 2598 3415 inquit,
2629 3360 2855 3416 regnum
2889 3346 3150 3400 crelorum
3191 3350 3516 3419 negotiatori

1943 3436 2210 3504 quarenti
2233 3436 2408 3491 bonas
2433 3437 2782 3506 margaritas;
2813 3437 3034 3492 inventa
3054 3444 3238 3493 autem
3273 3457 3378 3494 una
3395 3457 3518 3511 pre-

1944 3528 2080 3583 tiosa
2130 3531 2446 3602 margarita,
2518 3530 2711 3585 abiens
2769 3532 3016 3587 vendidit
3067 3533 3322 3590 universa
3395 3553 3518 3608 quae

1943 3620 2156 3687 habuit,
2183 3630 2240 3677 et
2274 3623 2408 3676 emit
2437 3639 2557 3678 eam
2591 3623 2654 3678 ³⁸.
2691 3643 2708 3675 ›
2741 3623 3035 3696 Conjunxit
3084 3628 3250 3682 etiam
3282 3643 3384 3684 nos
3419 3646 3518 3701 per

1945 3726 2002 3765 se
2027 3711 2139 3766 Deo
2169 3719 2226 3766 et
2253 3712 2423 3777 Patri,
2452 3713 2645 3770 solutis
2681 3714 2981 3770 inimicitiis
3021 3717 3076 3770 in
3121 3733 3349 3788 corpore
3379 3734 3480 3774 suo
3501 3762 3515 3784 ,

1944 3811 2005 3857 ut
2027 3803 2292 3872 scriptum
2317 3813 2402 3858 est
2419 3804 2484 3871 ’9;
2528 3806 2764 3877 ideoque
2783 3806 2851 3861 ad
2881 3795 3118 3874 Patrem,
3143 3810 3237 3879 qui
3274 3810 3329 3865 in
3365 3812 3520 3867 caelis

1942 3905 2046 3961 est,
2087 3912 2151 3952 ac
2170 3898 2342 3952 Deum
2369 3897 2438 3953 de
2471 3899 2539 3954 iis
2562 3901 2655 3969 qui
2679 3899 2959 3971 iustiﬁcati
2981 3908 3138 3954 erant
3192 3916 3290 3972 per
3317 3901 3479 3958 ﬁdem
3501 3943 3516 3967 ,
3597 3959 3606 3978 ι

1944 4005 2050 4058 qua
2081 3989 2138 4042 in
2164 3988 2342 4059 ipsum
2395 3990 2712 4055 credebant,
2748 3993 2886 4046 dixit
2921 4010 2932 4045 :
2978 4011 2996 4042 ‹
3035 3992 3217 4056 Pater,
3259 3992 3383 4047 volo
3423 4003 3510 4056 ut,

1943 4080 2087 4136 sicut
2114 4096 2214 4151 ego
2243 4089 2298 4135 et
2327 4090 2386 4136 tu
2421 4097 2594 4137 unum
2623 4097 2832 4147 sumus,
2853 4083 2930 4137 sic
2955 4082 3054 4152 ipsi
3079 4097 3296 4152 quoque
3335 4084 3390 4137 in
3412 4099 3513 4138 no-

1943 4172 2029 4227 bis
2059 4188 2231 4226 unum
2281 4173 2392 4227 sint
2419 4174 2490 4227 ιθ.
2529 4193 2547 4226 ›
2599 4175 2713 4228 Hac
2740 4176 2946 4229 ratione
2989 4184 3213 4228 vocatus
3248 4182 3330 4227 est
3360 4175 3515 4245 103

1943 4261 2081 4333 lapis
2138 4272 2434 4329 stanneus,
2479 4264 2625 4333 quod
2669 4273 2863 4320 stanno
2911 4263 3353 4334 conglutinantur
3397 4281 3519 4334 quae

1945 4353 2370 4423 conglutinanda
2402 4361 2550 4408 sunt.
2583 4353 2730 4408 Dixit
2767 4362 2948 4408 autem
2985 4354 3226 4424 profecto
3252 4355 3397 4410 Deus
3417 4372 3517 4426 per

265 4437 600 4490 ταδεικνύων
630 4438 778 4504 Υἰδν,
828 4438 904 4502 ὡς
944 4439 1092 4492 ’κατὰ
1140 4439 1366 4508 καιροὺς
1410 4439 1608 4510 ἥξοντα
1642 4457 1702 4497 τε
1749 4441 1839 4495 καὶ

1947 4458 2008 4498 os
2029 4442 2327 4508 Zachariae,
2368 4459 2494 4498 cum
2519 4444 2717 4498 Filium
2749 4459 2908 4499 suum
2930 4444 3090 4499 nobis
3117 4443 3520 4500 demonstraret

269 4527 703 4597 πορευσόμενονο
738 4545 757 4577 ‹
801 4527 912 4581 Kal
960 4528 1313 4600 χαρήσονται,
1364 4527 1456 4581 καὶ
1510 4528 1729 4598 ὄψονται
1757 4532 1848 4584 τὸν

267 4615 417 4668 λίθον
447 4617 540 4670 τὸν
579 4617 954 4689 κασσιτέρινον
983 4618 1042 4670 ὲν
1069 4617 1211 4688 χειρὶ
1256 4616 1578 4688 Ζοροϐάϐελ.
1619 4637 1636 4671 ι
1693 4618 1848 4672 Οὖτω

265 4707 562 4776 τοιγαροῦν
595 4708 829 4763 κάνθάδε
870 4709 1130 4764 τάλαντον
1170 4709 1420 4779 μολίϐδου
1472 4711 1637 4782 φησιν
1667 4714 1844 4768 αὐτόν.

267 4797 383 4850 Kal
430 4798 516 4860 τίς
545 4801 573 4853 ό
606 4799 759 4851 τοῦδε
794 4799 969 4871 λόγος,
1007 4799 1117 4870 ὲρῶ
1154 4798 1217 4869 δὴ
1264 4799 1445 4855 πάλιν.
1494 4802 1551 4854 Ὀ
1593 4802 1849 4873 ἀδόκιμος

263 4887 512 4958 ἄργυρος
539 4888 742 4959 ἀναμὶξ
785 4890 1015 4960 μολίϐδῳ
1044 4889 1364 4960 τηκόμενος,
1389 4886 1447 4944 εὖ
1481 4891 1625 4962 μάλα
1661 4893 1850 4948 διακα-

264 4974 536 5050 θαίρὲται,
565 4981 646 5044 είς
672 4981 862 5034 ἑαυτὸν
913 4979 1249 5051 ἁρπάζοντος
1280 4981 1373 5034 τοῦ
1411 4982 1658 5053 μολίϐδου
1694 5002 1849 5054 φυσι-

261 5070 404 5135 κῶς,
434 5072 530 5126 τοῦ
567 5073 960 5144 συγκαιομένου
1006 5074 1096 5126 τὸν
1147 5072 1343 5144 ῥύπον·
1380 5073 1621 5128 τοιοῦτόν
1660 5094 1708 5129 τι
1754 5080 1836 5129 κα⁷

261 5165 352 5225 είς
377 5165 526 5233 ἡμᾶς
563 5166 763 5230 αὐτοὺς
789 5166 1072 5238 ἐπλήρωσε
1111 5167 1362 5238 Χριστός.
1405 5167 1706 5237 ’Λδοκίμοις
1739 5169 1848 5238 γὰρ

259 5251 426 5310 οὖσιν
473 5258 673 5330 ἐμίχθη
713 5257 1038 5329 σωματικῶς
1064 5275 1124 5311 τε
1149 5257 1268 5327 ἅμα
1301 5256 1396 5310 καὶ
1435 5258 1843 5328 πνευματικῶς,

256 5344 414 5398 οὕτω
441 5363 501 5399 τε
546 5346 732 5401 λοιπὸν
774 5347 866 5400 τὸν
907 5349 964 5400 ὲν
1005 5347 1140 5418 ἡμῖν
1171 5344 1434 5416 κατέτηξε
1470 5345 1659 5416 ῥύπον.
1692 5348 1845 5419 Δερει

253 5439 380 5508 γὰρ
404 5440 562 5510 ἡμῶν
598 5439 698 5504 τὰς
739 5439 1032 5511 ἁμαρτίας,
1065 5438 1131 5492 ἵν’
1163 5441 1326 5510 ἡμεῖς
1361 5438 1428 5492 δι’
1467 5438 1628 5493 αὐτόν
1655 5455 1716 5492 τε
1752 5440 1848 5494 καὶ

251 5529 334 5604 δι’
369 5521 546 5584 αὐτοῦ’
568 5531 796 5604 καθαροί
815 5547 875 5583 τε
899 5524 1048 5601 ὦμεν
1073 5530 1167 5583 καὶ
1209 5530 1708 5601 λελαμπρυσμένοι.
1735 5532 1847 5586 Kal

1947 4533 2245 4603 aliquando
2282 4543 2573 4589 venturum
2621 4542 2784 4604 atque
2830 4535 3172 4601 adfuturum,
3213 4555 3230 4587 ι
3274 4537 3518 4592 Ειίαξῐο-

1946 4625 2173 4688 buntur,
2203 4633 2259 4680 et
2288 4625 2557 4680 videbunt
2579 4626 2815 4696 lapidem
2844 4635 3132 4682 stanneum
3158 4627 3213 4681 in
3231 4643 3394 4681 manu
3411 4627 3518 4681 Zo-

1947 4717 2170 4772 rohahel
2201 4718 2266 4772 “.
2315 4737 2333 4769 ›
2366 4717 2448 4774 Ad
2474 4718 2724 4773 eumdem
2776 4719 2995 4774 modum
3036 4719 3201 4789 igitur
3237 4719 3342 4772 hoc
3381 4734 3519 4788 quo-

1949 4823 2054 4877 que
2084 4809 2204 4864 loco
2236 4809 2446 4879 plumbi
2484 4810 2749 4864 talentum
2774 4811 3026 4864 eumdem
3058 4817 3234 4864 vocat.
3267 4809 3395 4876 Qua:
3416 4826 3517 4864 au-

1949 4907 2057 4954 tem
2099 4899 2263 4970 hujus
2298 4901 2374 4955 rei
2416 4902 2487 4956 sit
2533 4901 2672 4957 ratio
2697 4943 2709 4966 ,
2749 4917 2940 4955 rursus
2985 4900 3182 4956 dicam.
3218 4901 3520 4972 Argentum

1949 4990 2245 5059 reprobum
2285 4991 2448 5046 simul
2489 5009 2613 5048 cum
2649 4992 2873 5062 plumbo
2914 4991 2958 5045 si
3012 4990 3274 5061 quueﬁat,
3316 4993 3521 5062 Optime

1949 5088 2214 5151 purgatur
2254 5100 2266 5135 :
2309 5085 2451 5154 rapit
2488 5085 2632 5139 enim
2675 5075 2958 5154 plumbum
3010 5082 3077 5136 ad
3121 5099 3178 5137 se
3219 5094 3427 5139 naturaa
3466 5101 3520 5140 v1

1949 5168 2112 5227 simul
2161 5174 2370 5228 excocti
2411 5173 2618 5228 metalli
2660 5171 2850 5227 sordes
2886 5191 2896 5225 :
2946 5188 3053 5227 non
3096 5172 3361 5228 dissimile
3417 5172 3522 5228 fuit

1953 5262 2109 5329 illud,
2131 5265 2280 5335 quod
2305 5265 2558 5320 Christus
2581 5280 2707 5335 erga
2739 5279 2840 5319 nos
2874 5264 3020 5334 ipsos
3059 5265 3320 5336 implevit.
3351 5263 3522 5318 Nobis

1953 5353 2120 5418 enim,
2151 5370 2274 5409 eum
2301 5355 2516 5424 reprobi
2542 5370 2806 5420 essemus,
2827 5370 2937 5410 non
2966 5355 3318 5426 corporaliter
3335 5351 3520 5417 modo,

1954 5447 2051 5501 sed
2079 5448 2437 5518 spiritualiter
2479 5447 2746 5503 admistus
2781 5457 2902 5514 est;
2942 5448 3015 5503 ita
3055 5447 3289 5516 denique
3332 5444 3526 5501 sordes

1954 5537 2321 5608 colliquel‘ecit
2371 5554 2464 5594 eas
2501 5555 2623 5610 quae
2666 5541 2828 5597 nobis
2863 5541 3095 5596 inerant.
3128 5540 3178 5594 Is
3215 5538 3361 5593 enim
3384 5537 3526 5593 tollit

326 5641 722 5719 ﬂDhilippJ},
738 5642 791 5698 9.
823 5643 914 5719 ﬂ":
951 5643 1097 5697 Psal.
1147 5642 1365 5719 (ΝΒ-42.
1396 5643 1486 5719 ,μ’-ξ
1505 5643 1664 5719 Rom;
1709 5658 1826 5719 vm,

1945 5646 1971 5714 ἱ,
2013 5649 2100 5705 54.
2169 5651 2213 5684 ³⁷
2253 5652 2355 5708 Isa.
2421 5669 2623 5719 xxvm,
2670 5653 2756 5708 I6.
2824 5653 2868 5684 ”
2904 5651 3093 5706 Matth.
3147 5665 3260 5714 xm,
3297 5647 3385 5713 45,
3433 5645 3548 5706 ὁδ’.

238 5712 310 5775 ,³⁸
329 5710 633 5786 Ερίιοεῖῐι,
659 5713 745 5768 16.
820 5713 868 5745 ⁸⁸
887 5712 1042 5767 Joan.
1065 5729 1194 5777 xvu,
1215 5712 1304 5765 24.
1388 5713 1430 5744 ⁴¹
1452 5712 1680 5768 Zachar.
1709 5728 1781 5780 xv,
1806 5710 1882 5791 10,

590 5804 866 5867 PATROL.
913 5804 1026 5864 Gn.
1071 5803 1327 5866 LXVIII.
3050 5799 3120 5860 10
