3968 6300
466 318 569 372 ‘29:)

1455 314 1514 379 s,
1552 314 1829 371 cvnILLI
1867 280 2696 399 ALEXANDRINI‘RKRCHIEP.

3605 318 3709 375 500

468 436 690 502 peccata
720 434 926 490 nostra,
954 433 1017 479 ut
1043 440 1142 480 nos
1171 435 1394 496 propter
1425 427 1600 496 ipsum
1633 435 1689 480 et
1727 442 1824 495 per
1857 425 2034 496 ipsum

2142 429 2268 495 γοῦν
2300 430 2328 481 ὁ
2359 428 2642 499 προφήτης
2677 426 2943 499 Ἱερεμίας
2964 426 3090 491 τοὺς
3111 425 3219 482 τῶν
3261 427 3525 484 Ἰουδαίων
3546 430 3708 495 λαοὺς

376 532 397 565 ’ν
467 520 590 593 puri
616 533 679 573 ac
702 516 975 586 splendidi
999 517 1190 571 simus.
1218 518 1287 572 Et
1313 527 1460 571 certe
1472 517 1742 586 propheta
1773 517 2039 571 Jeremias

466 610 534 663 de
586 604 901 661 Judaaorum
949 604 1167 674 populis
1206 606 1302 674 qui
1350 606 1730 675 purgationem
1776 606 2037 675 repudia-

465 707 588 753 rent
623 712 745 751 eam
761 710 881 765 quae
899 711 999 764 per
1020 694 1297 750 Christum
1322 694 1627 765 perﬁcitur,
1659 696 2036 764 conqueritur,

464 790 684 844 dicens:
726 786 961 842 «Deiecit
982 785 1341 841 suillatorium
1366 786 1434 840 ab
1462 786 1606 857 igne,
1640 784 1840 841 defecit
1865 788 2042 856 plum-

464 880 618 943 bum,
667 877 870 932 frustm
908 877 1251 948 argentarius
1296 875 1520 941 eonﬁat,
1556 877 1815 946 nequitiae
1843 893 2037 933 eorum

465 986 573 1025 non
613 977 741 1024 sunt
779 977 1015 1024 excocta:
1051 986 1065 1022 :
1102 976 1393 1039 argentum
1443 968 1795 1038 reprobatum
1844 976 2041 1024 vocate

467 1060 607 1127 illos,
625 1060 753 1130 quia
774 1058 1087 1130 reprobavit
1104 1059 1227 1114 illos
1248 1060 1513 1114 Dominus
1532 1060 1594 1113 δ’.
1610 1079 1626 1109 ι
1651 1059 1915 1130 lntelligis
1937 1058 2040 1130 igi-

466 1161 556 1207 tur
580 1165 689 1206 non
721 1151 997 1220 ignorasse
1023 1149 1356 1219 Scripturam
1370 1150 1610 1204 divinam
1655 1150 2042 1220 purgationem

468 1243 676 1314 argenti
712 1242 829 1297 sine
850 1242 1072 1312 plumbo
1098 1240 1216 1296 ﬁeri
1245 1258 1354 1296 non
1382 1258 1559 1312 posse.
1585 1243 1746 1313 Ergo,
1765 1241 1894 1311 quia
1918 1258 2038 1305 nos,

469 1351 595 1389 cum
612 1335 831 1405 reprobi
850 1350 1118 1413 cssqnus,
1155 1350 1184 1388 a
1205 1332 1425 1389 Christo
1449 1335 1664 1405 purgati
1690 1349 1900 1399 sumus,
1921 1334 2043 1388 ideo

467 1426 559 1481 ille
594 1441 692 1496 per
738 1426 1023 1496 plumbum
1066 1426 1347 1496 ﬁguratur.
1392 1425 1656 1496 Idemque
1696 1426 1933 1479 obstruit
1980 1441 2044 1481 os

467 1518 790 1586 iniquitatis,
814 1533 934 1586 quae
951 1517 1129 1587 specie
1155 1516 1401 1571 mulieris
1423 1516 1697 1571 indicatur
1719 1535 1732 1569 :
1758 1525 1842 1570 est
1857 1525 2041 1570 autem

466 1607 663 1661 mulier
691 1605 1030 1661 inﬁrmitatis
1060 1607 1221 1661 simul
1254 1615 1311 1661 et
1334 1606 1632 1677 voluptatis
1663 1617 1811 1661 nota.
1839 1607 2044 1676 Iniqui-

466 1707 550 1751 tas
591 1712 758 1766 porro
809 1697 988 1751 omnis
1029 1712 1128 1766 per
1173 1697 1290 1750 haec
1344 1696 1453 1751 duo
1496 1696 1894 1762 committitur;
1947 1696 2041 1750 ubi

2138 521 2235 590 τὴν
2253 520 2339 574 διά
2370 519 2605 591 Χριστοῦ
2627 518 2891 590 κάθαρσιν
2911 520 2974 573 οὐ
2993 520 3405 591 προσιεμένους,
3424 524 3712 577 ἐποτνιᾶτο

2138 607 2311 676 λέγων
2332 625 2344 639 ·
2383 626 2400 660 ι
2444 608 2685 673 Ἐξέλιπε
2718 606 2967 679 φυσητὴρ
2999 607 3107 660 ἀπὸ
3140 609 3332 679 πυρὸς,
3367 610 3580 675 ἐξέλιπε
3615 614 3711 683 μό-

2138 699 2336 763 λιϐδος,
2364 700 2444 763 είς
2466 700 2620 753 κενὸν
2642 700 3017 771 ἀργυροκόπος
3041 700 3429 771 ἀργυροκοπεί,
3460 705 3709 776 πονηρίαι

2140 789 2320 842 αὐτῶν
2349 789 2450 841 ούκ
2497 788 2772 857 ὲτάκησαν
2793 802 2807 816 ⁸
2859 785 3119 858 ἀργύριον
3147 786 3711 861 ἀποδεδοκιμασμένον

2139 878 2407 932 καλέσατε
2434 880 2647 941 αὐτοὺς,
2680 879 2761 931 ὅτι
2789 877 3189 948 ἀπεδοκίμασεν
3206 877 3403 941 αὐτοὺς
3422 878 3643 950 Κύριος.
3685 900 3704 932 ι

2142 968 2333 1040 Συνίης
2354 964 2446 1023 οὖν
2477 970 2627 1033 ὅπως
2650 969 2751 1022 οὑκ
2778 968 3043 1039 ἠγνόηκεν
3073 969 3106 1039 ἡ
3138 967 3257 1021 Θεία
3280 969 3471 1041 Γραφὴ
3498 971 3598 1042 τὴν
3621 974 3707 1025 ἐπ’

2141 1059 2367 1131 ἀργύρῳ
2388 1060 2653 1130 κάθαρσιν
2680 1061 2740 1112 ού
2768 1060 2890 1130 δίχα
2910 1059 3160 1130 μολίϐδου
3193 1062 3524 1132 πράττεσθαι
3553 1064 3711 1118 δυνα-

2146 1152 2331 1222 μένην.
2388 1150 2597 1204 Οὐκοῦν
2663 1151 2963 1221 ἐπειδήπερ
3007 1150 3299 1222 ἀδοκίμους
3353 1152 3509 1217 ὄντας
3562 1156 3708 1225 ἡμᾶς

2140 1240 2473 1312 ὲξεκάθηρεν
2505 1243 2533 1295 ὁ
2577 1240 2830 1312 Χριστὸς,
2878 1240 3108 1311 μολίϐδῳ
3155 1242 3570 1312 παρεικάζεται,
3615 1248 3710 1299 καὶ

2141 1333 2301 1396 αὐτὸς
2341 1334 2639 1404 ἐμφράττει
2663 1332 2763 1401 τῆς
2796 1331 3067 1402 ἁμαρτίας
3097 1332 3157 1385 τὸ
3194 1334 3386 1404 στόμα,
3413 1339 3513 1407 τῆς
3541 1338 3615 1402 ὼς
3651 1343 3709 1393 ἐν

2142 1423 2271 1476 εῖδει
2310 1422 2587 1490 γυναικός.
2622 1420 2761 1491 Γυνὴ
2802 1420 2859 1473 δὲ
2894 1420 3163 1490 σύμϐολον
3189 1422 3468 1488 ἀσθενείας
3498 1443 3556 1478 τε
3593 1429 3708 1498 ἅμα

2142 1515 2237 1567 καὶ
2264 1513 2477 1585 ἡδονῆς,
2508 1511 2709 1581 ἀνομία
2740 1528 2801 1564 τε
2838 1512 2985 1565 πᾶσα
3013 1511 3101 1564 διά
3141 1511 3347 1567 τούτων
3387 1516 3703 1585 πράττεται,

2153 1605 2342 1674 Ἡδονῇ
2369 1605 2477 1674 γὰρ
2502 1604 2609 1656 τινὶ
2636 1605 2701 1674 τῇ
2723 1603 2803 1665 εἰς
2821 1602 2881 1655 τὸ
2900 1602 3079 1671 τυχὸν,
3105 1603 3137 1672 ἢ
3166 1603 3283 1657 τόδε
3301 1609 3708 1683 προκατεφθαρ-

2147 1697 2305 1766 μένος
2354 1696 2382 1746 ὁ
2415 1694 2560 1759 νοῦς,
2606 1692 2749 1747 οῦτω
2797 1711 2859 1746 τε
2907 1694 3409 1766 ὰπονευρούμενος,
3457 1700 3582 1763 τοὺς
3629 1698 3713 1763 εἰς’

466 1788 612 1842 enim
640 1788 794 1858 prius
820 1804 974 1844 mens
995 1789 1273 1858 voluptate
1300 1789 1506 1856 aliqua,
1532 1803 1693 1856 quam
1721 1804 1786 1841 ex
1814 1788 1916 1842 hac
1948 1796 2035 1843 aut

2143 1786 2343 1859 ἀρετὴν
2381 1785 2756 1857 ἀποφέροντας
2793 1784 2974 1852 ἀνίησι
3008 1785 3221 1849 πόνους,
3257 1788 3442 1844 πίπτει
3488 1790 3543 1844 δὲ
3575 1794 3707 1863 πρὸς

468 1880 560 1934 illa
586 1896 644 1934 re
658 1880 995 1950 perceperit,
1026 1887 1280 1949 corrupta
1296 1879 1481 1943 fuerit,
1519 1886 1634 1932 tum
1666 1889 1924 1934 enervata
1958 1880 2039 1933 la—

469 1968 630 2022 bores
660 1969 1046 2032 remittitillos,
1089 1969 1181 2038 qui
1224 1968 1291 2023 ad
1330 1969 1590 2023 virtutem
1632 1969 1835 2034 ferunt,
1881 1978 1938 2025 et
1973 1970 2040 2025 ad

469 2067 750 2127 peceatum
775 2058 978 2112 labitur
1001 2059 1271 2113 humanus
1299 2059 1513 2113 animus
1539 2076 1549 2111 :
1594 2059 1778 2128 itaque
1792 2048 2039 2129 volupta-

471 2149 746 2219 tis‘potius
779 2158 1050 2205 amatores
1086 2166 1249 2220 quam
1291 2151 1388 2206 Dei
1427 2150 1657 2220 quidam
1684 2149 1944 2205 dicuntur
1974 2151 2038 2202 ³³.

464 2240 776 2309 Alloquitur
816 2241 980 2295 etiam
1027 2241 1293 2310 propheta
1333 2256 1429 2296 eos
1487 2242 1581 2311 qui
1619 2256 1687 2295 ex
1727 2241 2042 2296 inﬁrmitate

467 2327 634 2382 animi
663 2329 881 2397 peccati
921 2344 984 2383 ac
1018 2328 1229 2384 vitiosae
1271 2328 1651 2384 dissolutionis
1690 2331 1882 2385 morbo
1921 2333 2041 2386 lan-

467 2416 709 2485 guebant
735 2434 747 2469 :
791 2437 806 2467 ι
848 2416 1267 2482 Confortamini,
1288 2432 1480 2471 manus
1510 2417 1771 2483 remissae,
1795 2427 1850 2473 et
1867 2435 2043 2489 genua

466 2507 735 2564 dissoluta
766 2507 832 2562 “.
868 2527 887 2559 ι

538 2596 735 2652 PALL.
779 2597 885 2653 Sed
921 2598 988 2654 de
1026 2600 1131 2655 hoc
1177 2600 1327 2655 satis.
1378 2601 1518 2656 Illud
1568 2617 1700 2657 vero
1751 2604 2042 2659 mulierum

468 2706 588 2761 par,
613 2705 818 2760 quzeso,
869 2707 991 2761 quas
1028 2707 1338 2749 mensuram
1378 2701 1539 2764 atque
1592 2695 1937 2766 iniquitatem
1987 2697 2042 2752 in

468 2780 823 2852 Babyloniam
881 2782 1161 2854 regionem
1208 2783 1504 2850 deferunt,
1548 2786 1680 2857 quid
1739 2786 1844 2843 sibi
1889 2787 2051 2860 vult?_

468 2872 668 2943 quidve
694 2871 999 2942 signiﬁcat?

536 2964 694 3019 CYR.
726 2963 1077 3020 Obstructum
1117 2976 1221 3032 est,
1267 2967 1491 3033 Palladi,
1530 2984 1629 3040 per
1663 2969 1942 3027 Christum
1977 2986 2041 3027 os

468 3058 806 3128 iniquitatis;
825 3058 1107 3130 iustiﬁcati
1137 3074 1374 3130 namque
1413 3061 1470 3114 in
1502 3060 1595 3116 illo
1625 3078 1834 3129 sumus,
1873 3071 2038 3135 atque

467 3152 536 3206 ab
569 3142 728 3222 104
767 3150 916 3204 omni
963 3151 1344 3207 criminatione
1390 3153 1633 3220 liberati,
1678 3155 1878 3226 illaque
1925 3156 2035 3211 ini-

466 3241 691 3312 quitatis
722 3240 1015 3296 adversum
1052 3258 1152 3297 nos
1188 3244 1464 3298 accusatio
1504 3246 1840 3315 conquievit.
1877 3248 2036 3305 Hunc

464 3329 611 3384 enim
648 3331 818 3386 totius
861 3331 1285 3403 dispensationis
1325 3349 1438 3389 suae
1478 3332 1641 3390 ﬁnem
1693 3338 2034 3408 propositum

466 3421 657 3477 habuit
695 3423 762 3487 is,
790 3423 885 3493 qui
917 3432 1140 3494 propter
1174 3441 1295 3490 nos,
1337 3426 1641 3483 secundum
1684 3443 1805 3493 nos,
1842 3438 1898 3485 et
1934 3446 2035 3500 pro

463 3514 624 3568 nobis
649 3506 880 3568 mortem
905 3514 1092 3579 subiit,
1107 3515 1209 3569 etsi
1221 3515 1402 3571 denuo
1427 3518 1654 3583 revixit;
1686 3508 1864 3589 neque
1886 3520 2033 3575 enim

466 3605 546 3660 fas
568 3614 708 3671 erat,
750 3615 811 3659 ut
847 3605 959 3660 vita
1001 3606 1167 3660 morti
1219 3608 1622 3664 succumberet.
1647 3608 1756 3664 Sed
1785 3610 2033 3665 nonnulli

464 3711 576 3750 non
603 3694 1176 3749 credideruntChristi
1201 3695 1530 3767 Evangelio;
1557 3698 1812 3769 ideoque,
1847 3715 1973 3754 cum
2003 3717 2034 3756 a

466 3796 694 3858 peccato
730 3786 929 3841 redimi
965 3788 1264 3855 noluerint,
1305 3790 1384 3844 nil
1407 3790 1628 3857 mirum,
1662 3792 1708 3847 si
1734 3792 1854 3863 ejus
1902 3810 2034 3864 pec-

464 3876 574 3931 cati
603 3876 875 3932 sarcinam
909 3877 1089 3934 denuo
1114 3878 1317 3947 ferunt,
1348 3897 1513 3951 quam
1533 3883 1649 3938 suis
1673 3883 1778 3954 ipsi
1799 3886 2031 3942 cervici-

464 3970 571 4023 bus
593 3967 911 4024 inﬁrmitate
948 3971 1196 4036 rationis,
1222 3981 1278 4027 et
1298 3972 1559 4043 languore
1576 3976 1796 4041 mentis,
1819 3978 2031 4032 etmol-

462 4058 581 4112 litie
634 4057 799 4112 animi
860 4076 1057 4130 par-um
1098 4062 1275 4118 virilis
1329 4063 1723 4133 imposuerunt.
1767 4066 1834 4120 Hi
1884 4067 2032 4122 omni

463 4147 657 4218 spiritu
700 4148 951 4219 improbo
994 4151 1477 4219 circumferuntur,
1538 4164 1595 4209 et
1624 4155 1705 4210 .ad
1743 4170 1905 4211 omne
1934 4173 2030 4229 ge-

460 4254 566 4295 nus
619 4239 954 4311 impuritatis
997 4242 1477 4299 vehementissime
1534 4246 1822 4315 compulsi,
1884 4263 2033 4302 sum-

460 4346 611 4384 mum
663 4330 904 4386 studium
975 4332 1141 4387 rebus
1195 4332 1408 4388 vitiosis
1458 4333 1799 4405 impendunt.
1854 4335 2031 4392 Studii

2145 1875 2417 1948 άμαρτίαν
2442 1877 2476 1944 ἡ
2504 1874 2597 1928 τοῦ
2628 1875 2915 1947 ἀνθρώπου
2941 1875 3084 1946 ψυχή
3104 1892 3118 1907 ⁸
3138 1878 3414 1949 τοιγάρτοι
3439 1881 3706 1953 φιλήδονοι
3814 1928 3817 1933 .

2147 1965 2345 2037 μᾶλλον
2374 1965 2407 2037 ἢ
2438 1964 2672 2034 φιλόθεοι
2721 1964 2966 2032 λέγονταί
2997 1982 3162 2027 τινες.
3204 1966 3494 2037 Ἐπιφωνεϊ
3528 1970 3583 2023 δὲ
3618 1975 3707 2025 κα)⁸

2142 2058 2172 2109 δ
2205 2056 2493 2127 προφήτης
2513 2056 2624 2118 τοῖς
2658 2054 2716 2120 ἐξ
2745 2053 3023 2117 ἀσθενείας
3053 2054 3291 2125 ψυχικῆς
3318 2061 3705 2132 κατηρῥωστή-

2144 2146 2264 2199 κόσι
2300 2146 2397 2217 τὴν
2420 2146 2712 2217 ἁμαρτίαν,
2738 2145 2831 2198 καὶ
2863 2144 2960 2215 τὴν
2987 2146 3065 2208 είς
3109 2145 3416 2218 φαυλότητα
3444 2150 3701 2222 πάρεσιν·

2150 2255 2169 2288 ι
2217 2236 2491 2313 ’ἰσχύσατε
2521 2238 2699 2307 χεῖρες
2732 2233 3035 2305 ἀνειμέναι,
3068 2235 3163 2290 καὶ
3182 2236 3378 2306 γόνατα
3403 2239 3709 2312 παραλελυ-

2147 2328 2301 2398 μένα.
2338 2349 2355 2380 ι

2171 2561 2190 2580 ’
2214 2598 2419 2651 ΠΑΛΛ.
2470 2595 2608 2648 Ἀλλ’
2636 2589 2737 2649 ὧδε
2767 2594 2866 2663 μὲν
2897 2593 3035 2649 τόδε.
3077 2592 3318 2669 Ξυνωρίς
3336 2614 3418 2662 τε,
3447 2597 3569 2655 είπέ
3593 2618 3704 2671 μοι,

2142 2683 2435 2754 γυναικῶν,
2470 2684 2524 2736 αἳ
2557 2683 2618 2736 τὸ
2666 2683 2860 2753 μέτρον
2907 2684 3001 2736 καὶ
3057 2684 3157 2757 τὴν
3203 2686 3431 2756 ἀνομίαν
3477 2689 3557 2753 είς
3604 2692 3708 2760 γῆν

2141 2775 2476 2847 ἀποφέρουσι
2500 2775 2598 2843 τὴν
2628 2773 3001 2840 Βαϐυλωνίων,
3029 2774 3081 2827 τί
3115 2775 3179 2829 ἂν
3212 2777 3454 2853 βούλοιτο
3474 2779 3663 2850 δηλοῦν
3688 2798 3704 2845 ;

2205 2953 2370 3029 ΚΥΡ.
2417 2951 2834 3023 Ἐμπέφρακται
2873 2952 2992 3022 μὲν,
3028 2945 3073 3004 ὦ
3094 2956 3331 3020 γενναῖε,
3355 2954 3456 3025 τῆς
3481 2956 3710 3028 ἀνομίας

2140 3043 2201 3097 τὸ
2233 3044 2404 3115 στόμα
2429 3043 2517 3096 διὰ
2560 3041 2795 3114 Χριστοῦ
2817 3060 2830 3073 ·
2865 3043 3256 3115 δεδικαιὼμεθα
3294 3048 3403 3119 γὰρ
3442 3050 3499 3102 ὲν
3538 3050 3710 3120 αύτῷ.

2142 3134 2541 3206 ἀπηλλάγμεθά
2587 3152 2647 3188 τε
2686 3134 2887 3198 παντὸς
2918 3134 3258 3205 αίτιάματος,
3307 3139 3404 3192 καὶ
3434 3139 3711 3194 πέπαυται

2140 3228 2266 3283 καθ’
2313 3228 2469 3299 ἡμῶν
2495 3229 2528 3299 ἡ
2558 3228 2656 3298 τῆς
2697 3228 2927 3298 ἀνομίας
2968 3229 3332 3301 κατάρῥησις.
3369 3232 3561 3301 Γέγονε
3601 3234 3713 3306 γὰρ

2140 3311 2297 3382 οὗτος
2327 3318 2423 3387 τῆς
2449 3319 2576 3387 είςὴ
2586 3318 2693 3388 μᾶς
2720 3318 3030 3389 οἰκονομίας
3052 3322 3079 3374 ὁ
3110 3323 3330 3389 σκοπὸς,
3354 3322 3431 3394 τῷ
3452 3324 3519 3377 δι’
3540 3326 3711 3396 ἡμᾶς,

2141 3406 2263 3461 καθ’
2288 3407 2458 3477 ἡμᾶς,
2492 3406 2588 3459 καὶ
2617 3406 2759 3477 ὑπὲρ
2784 3406 2958 3476 ἡμῶν,
2989 3409 3069 3471 είς
3094 3407 3341 3475 θάνατον,
3370 3413 3419 3464 εί
3460 3412 3553 3465 καὶ
3583 3414 3714 3466 άνεο

2143 3496 2245 3551 ὀίω
2272 3496 2432 3550 πάλιν
2450 3514 2463 3527 ’
2488 3497 2549 3551 οὐ
2575 3495 2685 3569 γὰρ
2713 3497 2987 3567 ἐνεδέχετο
3011 3498 3111 3569 τὴν
3141 3498 3283 3571 ζωὴν
3319 3500 3585 3572 ἡττᾶσθαι
3616 3502 3713 3556 θα-

2140 3588 2306 3658 νάτῳ.
2345 3587 2485 3641 Ἀλλ’
2512 3587 2816 3659 ἠπείθησάν
2840 3606 2981 3653 τινες
3007 3589 3086 3660 τῷ
3114 3591 3427 3663 Εὑαγγελίῳ
3451 3595 3543 3648 τοῦ
3574 3597 3715 3667 Χρι-

2141 3677 2292 3742 στοῦ,
2323 3679 2415 3732 καὶ
2440 3678 2536 3750 τὴν
2565 3680 2630 3732 ἐκ
2662 3679 2762 3749 τῆς
2790 3680 3062 3750 ἁμαρτίας
3095 3681 3156 3734 ού
3181 3684 3588 3755 προσηκάμενοι
3620 3685 3716 3740 λύ-

2138 3787 2361 3842 τρωσιν,
2402 3769 2762 3841 ἀχθοφοροῦσι
2787 3771 2949 3824 πάλιν
2976 3772 3167 3836 αὐτὴν,
3199 3776 3318 3839 ταῖς
3346 3776 3494 3844 σφῶν
3527 3779 3716 3832 αὑτῶν

2139 3863 2545 3935 ὲπαρτήσαντες
2562 3862 2825 3931 κεφαλαῖς
2845 3861 2934 3915 διὰ
2958 3862 3151 3932 φρενὸς
3178 3864 3483 3934 ἀσθένειαν,
3506 3873 3608 3925 καὶ
3624 3872 3718 3927 νοῦ

2142 3954 2415 4025 μαλακίαν
2463 3953 2558 4008 καὶ
2591 3953 2880 4024 ἀνανδρίαν
2911 3953 3112 4025 ψυχῆς.
3156 3951 3315 4012 Οὗτοι
3349 3962 3513 4015 παντὶ
3543 3968 3720 4021 πνεύ-

2141 4061 2273 4114 ματι
2308 4042 2698 4113 περιφέρονται
2738 4041 2982 4113 πονηρῷ,
3018 4045 3111 4097 καὶ
3158 4047 3238 4110 εἰς
3267 4049 3375 4102 πᾶν
3401 4046 3541 4117 εἶδος
3572 4058 3721 4111 ἀκα..

2139 4132 2366 4204 θαρσίας
2433 4131 2717 4203 βιαιότατα
2785 4133 3182 4206 συνωθούμενοι
3250 4140 3508 4213 πλείστην
3579 4148 3719 4219 ὅσην

2138 4221 2411 4277 ποιοῦνται
2434 4220 2533 4293 τὴν
2553 4222 2632 4311 εἰς
2652 4221 2722 4276 τὰ
2752 4222 2929 4292 φαῦλα
2952 4226 3212 4298 σπουδήν.
3248 4229 3491 4305 Σπουδῆς
3527 4236 3591 4290 δὲ
3620 4257 3720 4311 cn;-

2140 4314 2290 4383 μεῖον
2315 4312 2349 4382 ἡ
2379 4309 2605 4382 πτέρυξ,
2638 4311 2703 4381 ἢν
2732 4314 2828 4366 καὶ
2856 4311 3059 4379 ἔποπος
3095 4311 3238 4370 είναί
3270 4335 3454 4388 φησιν,
3480 4318 3628 4391 εἶδος
3657 4309 3717 4381 δὲ

458 4436 623 4491 porro
641 4421 849 4493 insigne
868 4433 999 4478 sunt
1013 4437 1224 4492 pennae,
1242 4437 1377 4492 quas
1391 4401 1555 4478 etiam
1570 4439 1690 4479 esse
1701 4425 1777 4479 ait
1800 4442 1996 4496 upupa:
2013 4443 2027 4479 :

2142 4403 2293 4457 τοῦτο
2326 4402 2629 4474 στρουθίου,
2656 4401 2725 4457 τὰ
2752 4402 2861 4458 τῶν
2893 4404 3177 4475 τελμάτων
3207 4408 3295 4461 ἀεὶ
3333 4410 3714 4473 δυσωδέστατα

458 4527 633 4582 genus
671 4520 756 4566 est
805 4523 989 4571 autem
1041 4513 1097 4568 id
1154 4514 1399 4580 aviculae,
1463 4529 1584 4584 quae
1634 4531 1851 4586 semper
1886 4517 2032 4571 circa

457 4605 634 4657 lutum
661 4604 902 4673 pessime
925 4605 1079 4660 olens
1108 4605 1273 4671 volat,
1294 4616 1458 4676 atque
1490 4622 1557 4662 ex
1581 4622 1739 4662 emno
1766 4617 1821 4663 et
1850 4608 2029 4663 sordi-

457 4695 561 4751 bus
600 4703 815 4763 pastum
839 4693 1003 4765 petit.
1041 4692 1210 4763 lgitur
1254 4693 1566 4765 quicunque
1607 4709 1706 4749 sua
1750 4695 1930 4751 studia
1973 4695 2032 4750 in

458 4783 830 4856 impuritatem
891 4781 1193 4845 insumunt,
1247 4781 1305 4835 hi
1359 4782 1549 4851 procul
1607 4782 1777 4838 dubio
1822 4798 2033 4854 pennas

457 4892 654 4949 upupa:
676 4876 799 4947 jure
834 4873 1043 4943 optimo
1082 4871 1288 4927 habere
1323 4872 1542 4927 dicendi
1587 4882 1734 4929 sunt.
1778 4873 2030 4929 Muliebri

457 4968 624 5023 iidem
663 4965 847 5036 specie
892 4970 1022 5019 sunt
1058 4971 1116 5018 et
1149 4962 1448 5018 eil'eminati
1496 4982 1510 5017 :
1555 4963 1793 5033 denique
1836 4963 2030 5018 eadem

456 5056 631 5112 forma
661 5064 790 5110 sunt
846 5070 953 5124 qua
980 5068 1099 5109 esse
1148 5050 1350 5107 dicitur
1397 5053 1661 5124 iniquitas
1695 5067 1887 5106 eorum
1928 5053 2029 5107 do-

456 5147 624 5202 mina.
648 5145 720 5201 Ut
748 5143 895 5199 enim
929 5142 1235 5198 eonformes
1258 5134 1477 5196 Christo
1499 5156 1597 5210 per
1637 5138 2027 5193 sanctiﬁcatio-

456 5254 582 5295 nem
607 5238 744 5293 ﬁunt
774 5236 868 5307 qui
894 5236 997 5291 sub
1041 5235 1161 5305 ipso
1195 5241 1253 5288 et
1282 5247 1408 5287 cum
1440 5232 1560 5301 ipso
1608 5237 1738 5283 sunt
1774 5247 1787 5281 :
1821 5228 1902 5281 sic
1922 5227 2026 5281 ini-

454 5328 648 5402 quitati
691 5327 998 5383 conformes
1046 5340 1110 5380 ac
1143 5323 1352 5380 similes
1411 5327 1541 5375 sunt
1584 5319 1679 5390 qui
1720 5318 2027 5389 iniquitatis

454 5423 720 5478 sarcinam
760 5418 1123 5481 sustulerunt,
1162 5415 1628 5483 institueruutque
1692 5411 1859 5465 vitam
1902 5425 2027 5467 cum

450 5513 716 5571 vitiorum
780 5511 1095 5580 impuritate
1161 5506 1468 5561 traducere.
1528 5505 1588 5559 In
1644 5502 2026 5574 Babylonicam

516 5709 706 5767 τηεν,
728 5722 799 5769 vi,
831 5705 917 5769 “29,
956 5704 1040 5757 30.
1116 5703 1159 5735 ⁸³
1181 5704 1225 5759 ιι
1249 5703 1390 5759 Tim.
1430 5720 1506 5773 lll,
1528 5704 1562 5760 εὶ
1584 5721 1734 5778 seqq.

1811 5706 1856 5738 ⁸³
1891 5706 1991 5762 lsa.
2017 5721 2176 5774 xxxv,
2218 5707 2269 5764 5.

2135 4494 2502 4566 περιθέοντος,
2542 4495 2637 4549 καὶ
2682 4494 2751 4550 τὰ
2796 4498 2860 4550 ὲκ
2910 4495 3172 4568 βορϐόρου
3217 4501 3313 4556 καὶ
3366 4503 3715 4578 ἀκαθαρσίας

2137 4586 2486 4657 συλλέγοντος
2513 4588 2592 4652 είς
2628 4589 2859 4660 τροφήν.
2877 4588 3033 4644 Ὅσοι
3057 4592 3347 4664 τοιγαροῦν
3379 4593 3477 4660 τὰς
3500 4597 3716 4653 ἑαυτῶν

2137 4680 2372 4744 σπουδὰς
2407 4679 2716 4734 δαπανῶσιν
2747 4682 2828 4744 είς
2876 4680 3173 4753 μολυσμὸν,
3202 4677 3347 4738 οὗτοι
3390 4687 3454 4757 δὴ
3489 4690 3715 4755 πάντως

2134 4771 2235 4835 τὰς
2277 4770 2376 4842 μὲν
2405 4770 2686 4843 πτέρυγας
2708 4769 2914 4836 ἔποπος
2935 4773 3160 4837 εἰκότως
3186 4774 3254 4828 ἂν
3278 4775 3420 4846 ἔχειν
3442 4777 3711 4847 λέγοιντο.

2135 4862 2527 4925 Γυναικοειδεῖς
2582 4861 2640 4914 δὲ
2688 4862 2786 4915 καὶ
2843 4862 3019 4925 αὐτοὶ,
3065 4863 3161 4917 καὶ
3217 4865 3713 4941 ὲκτεθηλυμμένοι,

2137 4952 2454 5025 σύμμορφοί
2476 4971 2534 5007 τε
2561 4953 2745 5007 λοιπὸν
2790 4955 2855 5026 τῇ
2905 4955 3309 5030 τυραννευούσῃ
3357 4959 3497 5013 κατά
3558 4964 3716 5032 σφῶν

2135 5043 2401 5115 ἁμαρτίᾳ.
2437 5045 2644 5116 Ὅνπερ
2658 5043 2769 5117 γὰρ
2794 5043 3014 5116 τρόπον,
3051 5044 3459 5120 σύμμορφοιτῷ
3483 5052 3716 5126 Χριστῷ

2135 5133 2203 5188 δι’
2227 5135 2498 5206 ἀγιασμοῦ
2530 5137 2815 5206 γεγόνασιν
2844 5137 2894 5191 οἱ
2919 5137 3010 5190 ὑπ’
3031 5136 3179 5205 αὐτῷ
3193 5153 3252 5191 τε
3285 5138 3378 5193 καὶ
3398 5141 3496 5194 σὺν
3523 5143 3683 5216 αὐτῷ
3702 5162 3716 5175 ·

2136 5224 2279 5280 οὕτω
2311 5226 2407 5280 καὶ
2435 5229 2501 5299 τῇ
2550 5226 2750 5300 ἀνομίᾳ
2780 5227 3093 5299 σύμμορφοί
3125 5245 3184 5283 τε
3231 5225 3326 5284 καὶ
3353 5231 3627 5302 ὁμοειδεῖς
3665 5239 3715 5291 οε

2136 5320 2341 5391 ταύτην
2376 5320 2789 5392 ὲπηχθισμένοι,
2820 5319 2914 5373 καὶ
2952 5321 3018 5391 τῇ
3068 5318 3366 5391 ἀκαθάρτῳ
3406 5322 3713 5398 φαυλότητι

2138 5413 2305 5484 συζῇν
2333 5412 2620 5484 ᾑρημένοι.
2673 5411 3032 5483 Ἀποφέρουσι
3067 5409 3123 5465 δὲ
3153 5409 3213 5464 τὸ
3249 5412 3448 5484 μέτρον
3483 5416 3568 5481 είς
3600 5417 3713 5472 Βα.

2139 5499 2371 5569 6υλῶνα,
2403 5501 2497 5555 καὶ
2522 5493 2669 5556 οἷκον
2695 5498 2844 5571 αὐτῷ
2894 5496 3147 5570 ζητοῦσιν
3189 5498 3326 5567 ἐκεῖ,
3366 5501 3713 5575 αἰνιγματω-

3120 5645 3157 5669 κ
