3968 6300
258 273 356 327 501

960 272 1049 327 DE
1088 271 1527 326 ADORATIONF.
1566 244 1630 324 is
1674 269 1943 325 SPlRlTU
1990 270 2077 325 ET
2119 270 2664 325 ventum-Lm.
2707 272 2795 326 tv.

3398 270 3502 326 502

256 388 384 451 δῶς,
409 380 564 455 οἶμαί
595 400 720 447 που,
744 384 834 437 καὶ
857 383 1007 437 τοῦδε
1042 385 1418 456 σημαίνοντος,
1450 385 1526 448 ὡς
1556 387 1603 438 εί
1639 387 1713 456 μή
1749 402 1833 447 τις

1936 399 2101 453 porro
2138 386 2414 456 regionem
2438 401 2746 440 mensuram
2771 386 3041 451 deferunt,
3074 387 3256 457 ibique
3281 388 3504 445 domum

255 479 435 531 ἕλοιτο
463 475 531 529 τά
558 474 645 528 διὰ
682 474 940 545 Χριστοῦ,
969 476 1065 529 καὶ
1101 478 1201 547 τῆς
1239 475 1514 545 ἁμαρτίας
1558 476 1834 546 ἀγαπήσει

257 569 353 639 τὴν
386 565 680 636 ἔμφραξιν,
723 565 812 619 διὰ
843 567 904 619 τὸ
938 565 1075 637 πρὸς
1113 566 1276 636 μόνας
1310 565 1453 637 ἔχειν
1494 566 1834 640 ἀκαθαρσίας

255 659 315 714 τὸ
343 656 691 727 σπούδασμα,
734 657 1071 728 ἐξοιχήσεται
1112 658 1212 727 μὲν
1241 657 1342 728 τῆς
1374 658 1534 725 ἁγίας
1573 659 1836 731 Ἰερουσα-

255 751 388 821 λὴμ,
418 748 564 802 τοῦτ’
594 748 733 813 ἔστι,
771 750 872 819 τῆς
898 748 1008 803 τῶν
1043 750 1404 822 πρωτοτόκων
1421 750 1581 819 ἁγίας
1607 752 1832 824 μητρὸς,

258 840 628 904 καλλιπόλεως
676 839 733 893 δὲ
762 840 860 911 τῆς
893 840 1039 895 ἀνωο
1084 843 1368 912 μονονουχὶ
1398 842 1456 896 δὲ
1499 842 1836 915 δυσφόρητον

258 931 399 1001 ἔχων
420 931 520 1000 τὴν
565 928 839 1001 ἁμαρτίαν
885 930 1126 1001 φορτίον,
1159 932 1473 1003 συνοικήσει
1509 933 1622 995 τοῖς
1659 932 1834 984 Βαϐυ-

259 1021 494 1085 λωνίοις,
524 1019 670 1075 τοῦτ’
697 1019 836 1084 ἔστι,
858 1021 1050 1092 μερίδα
1074 1022 1168 1076 καὶ
1196 1022 1394 1095 κλῆρον
1418 1023 1529 1088 ἔξει
1563 1023 1701 1094 μετά
1728 1024 1836 1077 τῶν

260 1112 441 1167 ἀθέων
471 1111 897 1182 είδωλολατρῶν.
934 1112 1022 1165 Ἐν
1039 1114 1142 1183 ἴσῳ
1171 1113 1278 1185 γὰρ
1303 1116 1417 1178 τοῖς
1442 1114 1645 1178 ἀθέοις,
1665 1117 1714 1169 oi
1737 1115 1836 1186 τὴν

260 1202 349 1257 διὰ
376 1203 618 1273 Χριστοῦ
649 1202 917 1274 λύτρωσιν
946 1204 1335 1275 ἀτιμάσαντες.
1371 1207 1482 1260 Καὶ
1505 1208 1638 1277 γοῦν
1669 1210 1698 1261 ὁ
1724 1209 1839 1261 Σωο

260 1294 384 1363 τήρ·
417 1313 436 1344 ι
484 1293 608 1346 Ἐὰν
638 1295 952 1367 ἁμαρτήσῃ,
984 1296 1168 1367 φησὶν,
1191 1298 1220 1349 ὁ
1244 1298 1469 1367 ἀδελφός
1493 1315 1608 1363 σου,
1632 1298 1834 1367 ὕπαγε,

262 1384 479 1452 ἔλεγξον
502 1384 666 1438 αὑτὸν
704 1385 911 1456 μεταξύ
944 1403 1037 1440 σου
1067 1388 1160 1441 καὶ
1186 1388 1352 1442 αὐτοῦ
1390 1390 1550 1459 μόνου
1574 1407 1588 1423 ο
1619 1392 1713 1445 ἐάν
1744 1408 1837 1444 σου

262 1476 495 1547 ἀκούσῃ,
524 1476 827 1548 ἐκέρδησας
877 1476 969 1530 τὸν
997 1477 1225 1547 ἀδελφόν
1253 1496 1369 1533 σου·
1413 1480 1508 1533 ὲάν
1538 1480 1594 1533 δὲ
1636 1482 1709 1550 μή
1744 1498 1837 1534 σου

262 1566 489 1638 ἀκούσῃ,
528 1567 813 1637 ωρὰλαῦε
850 1568 991 1639 μετά
1015 1568 1110 1622 σοῦ
1136 1568 1289 1641 ἒναῆ
1324 1569 1437 1635 δύο,
1469 1571 1553 1625 ἵνα
1593 1572 1684 1624 ἐπὶ
1715 1573 1835 1626 στό-

280 1676 450 1728 ματος
477 1658 571 1712 δύο
603 1660 634 1730 ἢ
674 1659 843 1731 τριῶν
876 1660 1172 1732 μαρτύρων
1197 1664 1366 1734 σταθῇ
1409 1664 1517 1717 πᾶν
1549 1649 1717 1734 ῥῆμαο
1742 1664 1838 1719 ὲάν

1936 474 1987 528 ei
2027 482 2280 543 qurerunt
2308 492 2319 527 :
2346 490 2469 545 qua:
2493 491 2603 539 res,
2628 475 2683 529 ni
2715 466 2892 538 fallor,
2933 476 3037 531 hoc
3062 477 3289 549 ﬁgurate
3331 481 3503 552 signi-

1935 561 2080 627 ﬁcat,
2126 563 2219 633 qui
2256 579 2320 617 ea
2374 563 2516 618 bona
2562 566 2854 635 respuerit,
2916 584 3039 639 quae
3090 584 3189 639 per
3224 569 3504 626 Christum

1934 661 2090 728 parta
2116 654 2278 708 nobis
2334 663 2494 722 sunt;
2539 656 2985 730 adamaveritque
3030 662 3463 717 obstructionem
3488 704 3504 729 ,

1935 759 2057 813 quae
2089 759 2156 798 ex
2184 753 2410 814 peccato
2439 754 2544 812 est,
2594 750 2650 804 in
2718 764 2784 806 eo
2824 752 2973 822 quod
3035 752 3279 808 studium
3344 770 3509 809 omne

1936 835 1991 890 in
2026 837 2341 906 impuritate
2384 839 2706 896 collocatum
2761 843 2944 909 habet,
2997 843 3116 898 fore
3155 854 3219 899 ut
3259 845 3306 899 is
3350 854 3510 901 exeat

1935 940 2003 980 ex
2058 925 2280 982 civitate
2337 940 2525 1005 sancta
2580 931 2906 997 Jerusalem,
2962 932 3069 988 hoc
3132 942 3236 998 est,
3300 949 3331 989 e
3381 950 3508 988 san-

1937 1028 2025 1074 cta
2111 1018 2206 1074 illa
2270 1030 2501 1092 parente
2569 1025 3099 1096 primoge'hitorum,
3161 1042 3511 1097 supernaque

1936 1125 2004 1165 ac
2067 1110 2439 1181 pulcherrima
2513 1114 2736 1171 civitate
2768 1157 2783 1182 ,
2859 1133 2925 1173 ac
2992 1118 3237 1188 pondere
3300 1119 3527 1188 peccati.

1935 1218 2078 1272 pene
2116 1219 2227 1258 non
2270 1203 2502 1260 ferendo
2555 1223 2800 1277 pressus,
2859 1226 2966 1264 una
3030 1225 3158 1265 cum
3200 1200 3514 1281 Babyloniis

1937 1294 2166 1360 habitet,
2230 1295 2286 1349 id
2345 1305 2461 1361 est,
2493 1306 2704 1366 partem
2777 1315 2842 1355 ac
2902 1310 3105 1356 sortem
3138 1316 3261 1356 cum
3327 1301 3512 1371 impiis

1937 1385 2211 1440 idolorum
2238 1384 2547 1441 cultoribus
2574 1386 2791 1441 habeat.
2840 1386 2943 1453 Qui
2970 1388 3117 1442 enim
3175 1386 3379 1441 Christi
3419 1402 3510 1440 re—

1937 1476 2305 1547 demptionem
2333 1484 2712 1541 contemnunt,
2735 1477 2772 1531 ii
2790 1477 2859 1532 ab
2892 1479 3074 1549 impiis
3096 1495 3207 1533 non
3227 1477 3509 1533 diﬂ‘erunt.
3562 1520 3569 1526 .

1937 1568 2124 1638 Itaque
2146 1567 2446 1633 Salvator,i
2469 1567 2525 1623 Si
2564 1570 2896 1639 peccaverit.
2937 1570 3136 1641 inquit,
3173 1570 3343 1624 frater
3363 1578 3511 1633 tuus,

1937 1658 2094 1722 vade,
2136 1672 2300 1729 argue
2339 1657 2495 1713 illum
2533 1660 2677 1713 inter
2715 1667 2768 1713 te
2817 1668 2873 1714 et
2896 1658 3076 1729 ipsum
3122 1658 3339 1724 solum;
3371 1657 3416 1712 si
3462 1667 3515 1712 te

278 1749 335 1802 δὲ
368 1750 692 1804 καὶτούτων
721 1752 1068 1825 παρακούσῃ,
1114 1755 1234 1807 είπὲ
1261 1756 1328 1826 τῇ
1381 1755 1708 1827 Ἐκκλησία·
1746 1757 1835 1810 ἐὰν

1943 1748 2216 1812 audierit,
2255 1749 2501 1804 lucratus
2558 1749 2671 1803 eris
2711 1748 2936 1804 fratrem
2991 1757 3184 1814 tuum;
3240 1749 3287 1804 si
3329 1747 3547 1803 autem'

259 1838 316 1892 δὲ
344 1841 440 1894 καὶ
468 1842 568 1913 τῆς
614 1840 943 1912 Ἐκκλησίας
972 1844 1319 1917 παρακούσῃ,
1360 1844 1501 1900 ἔστω
1541 1863 1621 1899 σοι
1647 1845 1835 1919 ὥσπερ

1936 1858 2045 1898 non
2073 1842 2335 1907 audierit,
2364 1842 2566 1897 adhibe
2596 1850 2777 1899 tecum
2820 1858 2990 1897 unum
3030 1843 3117 1897 vel
3157 1841 3316 1909 duos,
3354 1848 3414 1896 ut
3457 1840 3515 1895 in

259 1932 292 1984 ὁ
317 1930 533 1996 ἐθνικὸς
563 1934 658 1987 καὶ
693 1935 721 1987 ὁ
763 1933 1020 2005 τελώνης.
1065 1953 1084 1986 ι
1122 1936 1281 1990 Ἐστι
1309 1935 1489 1989 τοίνυν
1521 1936 1621 1989 οὐκ
1661 1938 1835 2006 ἀσυμ-

1936 1948 2032 1989 ore
2060 1933 2297 1988 duorum
2326 1933 2414 1989 vel
2455 1934 2622 1989 trium
2659 1934 2880 1989 testium
2911 1941 3020 1988 stet
3047 1949 3210 1988 omne
3253 1932 3510 1988 verbum.

258 2024 453 2092 φανὲς,
487 2026 686 2097 μᾶλλον
717 2026 772 2080 δὲ
793 2025 882 2079 διὰ
914 2026 1094 2097 πάσης
1128 2028 1260 2099 ἡμῖν
1288 2026 1710 2100 μεμαρτύρηται
1735 2028 1835 2096 τῆς

1938 2025 1994 2081 Si
2012 2033 2195 2080 autem
2228 2041 2408 2095 neque
2429 2026 2532 2081 hos
2560 2025 2715 2095 105
2727 2025 2987 2089 audierit,
3016 2024 3107 2080 dic
3136 2024 3426 2089 Ecclesiae;
3468 2025 3514 2078 si
3628 2014 3641 2023 ’

258 2115 413 2180 θείας
436 2119 684 2189 Γραφῆς,
710 2120 793 2175 ὅτι
814 2123 964 2177 πᾶσα
983 2121 1262 2185 δικαίωσις
1281 2120 1377 2174 καὶ
1401 2120 1551 2174 πᾶσα
1571 2106 1835 2191 λύτρωσις

1939 2126 2121 2172 autem
2134 2117 2300 2171 etiam
2315 2116 2616 2171 Eeclesiam
2632 2114 3040 2185 contempserit,
3057 2114 3129 2169 sit
3146 2113 3245 2167 tibi
3258 2122 3516 2183 tauquam

258 2211 317 2261 ἐν
346 2208 596 2280 Χριστῷ.

1937 2207 2192 2263 ethnicus
2222 2216 2279 2263 et
2316 2210 2643 2279 publicanus
2667 2210 2733 2263 ".
2763 2230 2781 2262 ι
2825 2211 2922 2265 Est
2961 2209 3129 2281 igitur
3150 2208 3377 2263 minime
3412 2208 3514 2262 ob-

258 2312 506 2362 scurum,
573 2310 737 2371 atque
789 2303 928 2358 adeo
965 2302 1133 2358 totius
1172 2302 1371 2358 divina:
1408 2300 1706 2373 Scriptura:
1751 2299 2063 2355 testimonio
2103 2298 2510 2365 conﬁrmatum,
2543 2316 2762 2357 omnem
2797 2300 3250 2372 justiﬁcationem
3290 2309 3349 2355 et
3386 2298 3516 2353 red-

258 2394 594 2464 emptionem
616 2412 736 2452 esse
783 2397 839 2452 in
872 2396 1102 2453 Christo.

332 2485 539 2541 IlAAA.
573 2483 648 2541 Εὖ
684 2487 838 2556 ἔφης.

2014 2482 2209 2537 PALL.
2242 2482 2409 2538 Recte
2439 2482 2641 2538 dixisti.

340 2657 615 2716 “Matth.
652 2674 803 2726 xvnt,
841 2660 1030 2716 15-17.

887 3012 1281 3142 ΠΕΡΙ
1354 3011 1695 3139 ΤΗΣ
1772 3011 1979 3136 EN
2059 2987 2938 3144 ΠΝΕΥΜΑΤΙ

1507 3274 1699 3357 ΚΑΙ
1770 3268 2309 3361 ΑΛΗΘΕΙΑΙ

691 3493 1908 3614 ΠΡΟΣΚΥΝΗΣΕΩΣ
1994 3493 2273 3605 ΚΑΙ
2365 3484 3102 3605 ΛΑΤΡΕΙΑΣ

1376 3714 1739 3801 ΛΟΓΟΣ
1815 3714 2405 3800 ΤΕΤΑΡΤΟΣ.

422 4076 608 4190 DE
694 4078 1615 4196 ADORATIONE
1713 4083 1895 4193 ET
1982 4082 2463 4197 CULTU
2556 4081 2697 4195 ΙΝ
2782 4081 3356 4198 SPIRITU

1445 4349 1611 4450 ET
1704 4341 2360 4453 VEBITATE

1371 4591 1740 4671 LIBER
1828 4590 2412 4684 QUARTUS.

266 4911 401 4990 ὀτι
416 4912 527 4990 τὸν
547 4914 922 4990 κεκᾼημένωτ
945 4916 1031 4990 είς
1052 4913 1366 4990 δικαίωσιν
1386 4914 1547 4990 ,παρὰ
1568 4916 1719 4990 Θερῦ
1741 4916 1835 4990 καί

1948 4918 2109 4990 106
2158 4914 2259 4980 Qui
2315 4912 2855 4990 adjustiﬁcationem
2887 4931 2921 4967 a
2974 4912 3084 4990 Deo
3108 4919 3318 4967 vocatus
3339 4915 3427 4979 sit,
3462 4922 3512 4970 et

334 4982 813 5068 λελυτριιίμένὸν,
842 4983 1013 5068 μὺτῷ
1051 4986 1521 5068 κατακολοιςθεῖν
1556 4986 1700 5068 χρὴΣ
1732 4986 1833 5039 καὶ

1948 4982 2332 5068 ”ἷεῖίεῃιριαε,
2367 4982 2616 5068 εἴ
2645 5001 2774 5068 εσσε.
2812 4982 3151 5068 sequentium,
3194 4992 3244 5035 et
3295 4999 3512 5039 excussa

333 5052 751 5125 παραιτεζσθαι
783 5054 902 5125 μὲν
926 5055 1044 5125 τὸν,
1065 5056 1154 5125 είς
1191 5051 1834 5125 φαυλότηταᾜιααακι-

2016 5051 2237 5113 mollitie
2268 5069 2385 5125 qua!
2418 5055 2488 5125 ad
2524 5054 2707 5125 vitium
2739 5051 2900 5117 ducit,
2950 5051 3019 5105 ad
3052 5053 3196 5122 piam
3219 5062 3266 5107 et
3299 5069 3515 5124 genero-

334 5121 517 5244 σιέδέ,
544 5121 650 5202 ζῇν
680 5125 749 5177 δὲ
765 5121 1004 5195 μᾶλλον
1023 5121 1364 5193 ἐπείγεσθαι
1388 5121 1709 5195 σὺννὸμως
1734 5125 1833 5178 καί

334 5209 404 5244 γε
484 5210 648 5244 ικωο.

2013 5146 2130 5183 sam
2165 5121 2326 5180 vitain
2357 5124 2674 5179 enitendum.

332 5209 648 5258 νεανικως.

337 5282 620 5354 Σφαλερὺν
656 5286 754 5354 μὲν
790 5278 901 5351 οὖν,
939 5285 1015 5349 ὼς
1044 5283 1239 5351 ῑοικεν,
1266 5276 1313 5338 ὦ
1357 5283 1643 5351 Παλλάδιε,
1674 5285 1835 5355 φαίην

2017 5287 2393 5343 Periculosum
2433 5283 2656 5354 quidem
2685 5290 2790 5347 est,
2830 5282 3055 5349 Palladi,
3096 5284 3326 5339 nimium
3347 5291 3512 5352 atque

264 5369 310 5424 δ’
342 5372 409 5426 ἀν
433 5373 515 5426 ὅτι
543 5374 639 5428 καὶ
673 5372 1097 5447 βδελυρώτατον,
1133 5375 1265 5429 εἵσω
1301 5392 1360 5428 τε
1387 5375 1564 5446 πάσης
1608 5375 1835 5446 βεϐηκὸς

1946 5379 2135 5445 etiam,
2171 5378 2217 5433 si
2270 5376 2457 5430 dicere
2500 5374 2682 5438 liceat,
2721 5374 3015 5430 scelestum
3055 5374 3311 5437 maxime,
3361 5382 3418 5427 et
3456 5375 3512 5429 in

263 5464 520 5529 ἀτοπίας,
553 5464 629 5535 μὴ
658 5464 720 5520 τὸ
738 5466 1186 5536 κατανδρίζεσθαι
1213 5466 1387 5536 φιλεῖν
1420 5465 1751 5537 φαυλότητός
1780 5485 1835 5521 τε

1945 5468 2140 5539 primis
2187 5466 2579 5527 facinorosum,
2624 5464 2770 5520 nolle
2809 5464 3070 5521 adversus
3110 5462 3411 5532 nequitiam
3451 5477 3515 5518 ac

261 5554 362 5607 καὶ
399 5556 679 5627 ἁμαρτίας
690 5547 716 5589 ὀ
746 5556 1148 5629 θρυπτομένους
1171 5557 1227 5611 δὲ
1253 5557 1443 5629 ὥσπερ
1471 5559 1551 5622 εἰς
1576 5558 1835 5622 ἐκτύπους

1945 5568 2230 5629 peceatum
2268 5555 2483 5611 fortiter
2516 5572 2574 5612 se
2608 5572 2840 5629 gerere;
2871 5557 2988 5620 sed,
3021 5554 3206 5610 animo
3232 5553 3514 5610 indecoris

261 5644 482 5715 ἡδονὰς,
522 5646 619 5700 καὶ
661 5645 1024 5718 θηλυπρεπεϊς
1064 5647 1335 5718 μαλακίας
1369 5646 1724 5718 ὲγκαθιέντας
1759 5648 1835 5719 τῷ

1948 5649 2317 5718 voluptatibus
2357 5657 2615 5705 cncrvato
2657 5658 2713 5705 et
2763 5649 2828 5704 ad
2862 5646 3185 5703 muliebrem
3223 5645 3508 5703 mollitiem
