3968 6300
415 280 516 335 505

1391 270 1452 327 S.
1493 271 1768 329 CYRILLI
1805 271 2275 327 ALEXANDRINI
2314 227 2628 328 AiiCHlEP.

3550 274 3657 331 ’504

416 397 648 466 deiecto,
699 390 918 447 virtutis
965 397 1198 444 conatus
1256 388 1582 454 detrectare,
1632 388 1880 457 quamvis
1931 388 1982 441 in

2096 388 2187 459 νῷ,
2213 388 2310 460 τῆς
2356 390 2435 451 εἰς
2481 387 2679 459 ἀρετὴν
2723 386 3012 457 εὐτολμίας
3058 387 3380 458 ἀποφοιτᾷν,
3430 390 3524 441 καί
3571 405 3656 444 τοι

337 512 339 514 ·
413 491 668 557 promptu
688 482 760 536 sit
781 496 940 551 posse
958 480 1162 536 Christi
1184 495 1287 549 ope
1317 479 1384 533 ad
1405 479 1770 548 quodcunque
1798 493 1980 531 rerum

384 573 810 631 'laudandarum
862 587 1034 643 genus
1087 570 1421 636 ascendere;
1480 569 1547 623 ad
1585 584 1814 638 eamque
1865 583 1980 622 rem

414 669 665 723 hortetur
685 679 786 719 nos
817 665 928 719 illis
971 663 1156 718 verbis
1191 661 1542 716 beatissimus
1585 659 1807 723 Paulus,
1851 678 1868 708 ‹
1907 659 1982 712 De

416 769 614 814 caetero
637 758 794 827 101
815 755 1198 811 eonfortamini
1223 754 1279 809 in
1300 753 1552 818 Domino,
1585 760 1641 805 et
1663 751 1716 804 in
1740 751 1982 820 potentia

413 847 636 903 virtutis
665 847 785 917 ejus
808 846 873 898 “.
921 863 941 896 ι

480 939 678 994 PALL.
723 937 936 1007 Optime
966 936 1122 991 dicis.

483 1031 642 1085 CYR.
667 1029 727 1084 In
754 1029 974 1085 Christo
1004 1041 1239 1097 namque
1255 1025 1522 1081 faciemus
1543 1025 1839 1086 virtutem;
1871 1037 1981 1076 nec

416 1131 620 1185 tamen,
661 1121 880 1191 opinor,
911 1119 1010 1174 uili
1051 1118 1340 1187 contingit,
1387 1126 1448 1172 ut
1491 1116 1609 1171 sine
1655 1115 1844 1170 labore
1884 1111 1982 1166 ad-

421 1227 608 1267 versus
641 1211 774 1267 vitia
804 1211 1019 1266 fortiter
1041 1225 1101 1266 se
1139 1216 1310 1280 gerat,
1344 1208 1410 1263 ad
1450 1223 1680 1278 eamque
1711 1221 1825 1260 rem
1861 1203 1982 1258 ani-

414 1317 566 1357 mum
610 1302 827 1372 erigere
863 1301 1055 1370 possit.

486 1391 682 1446 PALL.
723 1391 1024 1445 Assentior.

484 1482 642 1537 (ΝΒ.
692 1481 956 1536 Praeclara
1012 1495 1248 1549 namque
1284 1493 1349 1532 ea
1396 1491 1484 1532 res
1519 1485 1622 1542 est,
1668 1475 1821 1530 etin
1871 1488 1984 1543 qua

418 1573 800 1644 consequenda
838 1589 1019 1643 operae
1049 1573 1285 1642 pretium
1325 1572 1417 1636 sit,
1455 1570 1699 1626 studium
1741 1583 1982 1639 ponere,

413 1683 539 1737 quae
571 1683 602 1720 a
641 1665 850 1736 supinis
885 1663 1204 1718 hominibus
1237 1662 1412 1717 teneri
1435 1676 1542 1716 non
1576 1669 1794 1732 potest;
1834 1657 1984 1713 facil-

2087 478 2261 548 παρὸν
2301 473 2361 530 εὖ
2395 477 2538 547 μάλα
2583 477 2674 530 διά
2708 475 2945 548 Χριστοῦ
2980 477 3116 547 πρὸς
3160 479 3269 531 πᾶν
3308 478 3488 532 ὁτιοῦν
3525 481 3652 534 ἀνα-

2087 569 2354 641 θρώσκειν
2388 567 2648 624 δύνασθαι
2677 569 2785 621 τῶν
2817 570 3246 640 ἐπαινουμένων,
3294 571 3390 622 καὶ
3427 571 3565 640 πρός
3592 588 3656 638 γε

2084 662 2280 732 τούτῳ,
2323 663 2475 733 ἡμᾶς
2511 659 2842 731 παραθήγει,
2871 660 3064 728 λέγων,
3095 661 3126 712 ὁ
3177 660 3471 732 ἱερώτατος
3510 661 3657 715 Παῦ-

2084 753 2202 816 λος·
2240 772 2259 804 ι
2293 752 2400 806 Τοῦ
2425 752 2612 807 λοιποῦ
2638 752 3032 824 ἐνδυναμοῦσθε
3053 743 3111 806 έν
3135 752 3345 825 Κυρίῳ,
3380 755 3473 807 καὶ
3502 755 3560 808 ὲν
3579 755 3658 825 τῷ

2086 845 2276 914 κράτει
2303 843 2404 915 τῆς
2440 843 2623 914 ἰσχύος
2643 843 2829 898 αὐτοῦ.
2869 863 2887 896 ι

2157 937 2365 989 nam.
2403 931 2474 990 Εὖ
2508 937 2707 1005 λέγεις.

2157 1028 2318 1080 ΚΥΡ.
2356 1028 2661 1099 Ποιήσομεν
2706 1028 2815 1099 γὰρ
2861 1027 3090 1100 δύναμιν
3140 1028 3198 1081 ἐν
3239 1028 3480 1100 Χριστῷο
3516 1029 3658 1099 πλὴν

2084 1119 2183 1172 οὐκ
2221 1118 2286 1172 ἂν
2313 1115 2465 1189 οἶμαί
2496 1136 2580 1183 τις
2621 1119 2874 1190 ἀνιδρωεῇ⁸
2907 1119 3268 1191 κατορθώσειε
3305 1119 3366 1172 τὸ
3395 1136 3660 1174 κατανεα-

2084 1209 2352 1262 νιεύεσθαι
2383 1209 2588 1276 παθῶν,
2616 1212 2709 1263 καὶ
2736 1209 3007 1283 ἀπορθοῦν
3052 1212 3131 1276 εἰς
3160 1210 3317 1264 τοῦτο
3342 1210 3433 1265 τὸν
3462 1214 3659 1266 οἰκεῖον

2089 1299 2304 1370 ἰσχῦσαι
2331 1300 2473 1355 νοῦν.

2156 1391 2362 1444 ΠΑΛΛ.
2391 1390 2670 1461 Σύμφημι.

2154 1480 2316 1535 ΚΥΡ.
2347 1481 2635 1552 Τοιγάρτοι
2679 1481 2869 1552 χρῆμα
2906 1480 3166 1552 διαφανὲς
3207 1499 3269 1535 τε
3307 1483 3403 1536 καὶ
3444 1485 3657 1556 άξιόλη-

2086 1589 2240 1638 πτον,
2273 1573 2369 1628 καὶ
2396 1573 2757 1628 ἀναπίπτουσι
2792 1575 2888 1644 μὲν
2915 1575 3012 1645 οὐχ
3047 1573 3340 1644 ἁλώσιμον,
3370 1575 3660 1648 ἐκτετιμη-

2086 1665 2206 1720 κόσι
2246 1665 2302 1718 δὲ
2332 1665 2395 1718 τὸ
2430 1667 2630 1732 πονεῖν,
2687 1665 3025 1737 εὐπόριστον.
3087 1665 3402 1736 Γέγραπται
3444 1666 3533 1730 δὲ,
3575 1669 3660 1722 ὅτι

418 1729 546 1812 time
560 1729 742 1811 autem
765 1757 836 1810 ab
855 1756 921 1812 iis
943 1763 1190 1825 paratur,
1216 1754 1310 1824 qui
1347 1729 1594 1808 laborem
1614 1750 1824 1806 inertia:
1842 1763 1982 1820 prte—

2098 1775 2117 1808 ι
2172 1757 2332 1828 Ἀνὴρ
2365 1757 2422 1810 ὲν
2454 1729 2636 1820 πόνοις
2667 1729 3042 1826 πονείέαυτῷ,
3074 1729 3657 1821 καὶνέκδιάξεταιέαυ-

420 1851 682 1904 tulerunt.
733 1847 1007 1917 Scriptum
1059 1854 1144 1900 est
1178 1845 1363 1900 enim:
1410 1862 1428 1893 ι
1475 1842 1571 1896 Vir
1607 1841 1662 1895 in
1705 1839 1982 1895 laboribus

2096 1847 2186 1901 τοῦ
2233 1848 2333 1918 τὴν
2381 1846 2676 1902 ἀπώλειαν.
2732 1866 2751 1900 ι
2793 1847 3025 1917 Μικροῖς
3067 1845 3124 1899 δὲ
3163 1846 3350 1917 ἱδρῶσι
3396 1845 3659 1900 δύνασθαι

417 1942 526 1996 sibi
557 1941 790 2005 laborat,
819 1947 876 1994 et
894 1938 1002 1992 vim
1031 1936 1163 1991 facit
1201 1951 1315 1991 sua:
1347 1931 1643 2004 perditioni
1675 1929 1739 1984 ⁸⁷.
1788 1949 1808 1983 ο
1854 1930 1983 1984 Exi-

402 2033 538 2103 .-guis
563 2041 747 2086 autem
779 2029 1060 2084 laboribus
1083 2042 1270 2082 rerum
1293 2026 1619 2081 eximiarmu
1655 2037 1816 2093 posse
1867 2021 1983 2077 ﬁeri

404 2131 744 2194 compotem,
769 2121 996 2176 stultum
1013 2129 1119 2182 est,
1150 2118 1366 2188 opinor,
1402 2116 1488 2170 vel
1516 2113 1780 2185 cogitare.
1807 2111 1985 2178 Quid?

411 2230 596 2269 nonne
618 2214 863 2268 omnium
904 2227 1094 2267 rerum
1131 2208 1598 2280 exoptatissimum
1626 2214 1714 2261 est
1745 2206 1981 2260 animam

409 2319 657 2368 servare,
693 2319 757 2358 ac
779 2319 878 2374 pro
895 2319 995 2358 sua
1020 2314 1294 2372 quemque
1323 2300 1432 2354 vita
1461 2296 1744 2354 retinenda
1788 2295 1981 2350 decer-

414 2404 530 2450 tare
548 2395 572 2449 ?

487 2483 682 2538 PALL.
713 2483 943 2538 Maxnme
980 2497 1131 2536 vero.

481 2575 638 2630 CYR.
665 2574 814 2628 Illam
837 2589 966 2627 vero
982 2573 1168 2642 gloria:
1201 2570 1505 2625 claritatem
1527 2567 1730 2639 quibus
1761 2568 1982 2623 athletis

399 2665 707 2720 convenire
748 2664 980 2718 maxime
1009 2671 1188 2732 putas,
1242 2673 1462 2716 rectene
1503 2671 1558 2716 et
1587 2663 1980 2718 exercitatione

410 2755 659 2810 adhibita
693 2753 1052 2816 certantibus,
1091 2763 1148 2806 et
1172 2751 1534 2828 quivictoriae
1561 2753 1852 2807 maximam
1891 2768 1978 2808 ra-

407 2848 617 2904 tionem
639 2846 878 2910 habent;
906 2859 974 2898 an
1009 2844 1096 2908 iis,
1130 2844 1222 2913 qui
1251 2843 1647 2914 jucundissime
1690 2844 1980 2914 voluptati-

412 2940 518 2994 bus
567 2937 840 3001 diﬂluunt,
875 2943 931 2990 et
958 2935 1288 2991 desidiosam
1330 2935 1498 2990 vitam
1553 2935 1771 3006 optimae
1816 2943 1979 3006 atque

393 3029 874 3102 praestantissima:
901 3027 1260 3098 przelaulerunt
1278 3027 1302 3080 ?

2092 1937 2391 2010 κατορθοῦν
2438 1937 2507 1992 τὰ
2559 1937 2815 2009 ἐξαίρετα
2862 1936 2970 1991 τῶν
3028 1937 3388 2008 πραγμάτων,
3448 1936 3659 2007 ἀμαθὲς

2091 2028 2242 2102 οἶμαί
2270 2049 2392 2093 που,
2421 2031 2516 2084 καὶ
2555 2030 2617 2084 τὸ
2657 2030 2817 2100 μόνον
2852 2032 3072 2084 ἐννοεῖν.
3104 2031 3176 2083 Ἦ
3204 2030 3324 2100 οὐχι
3355 2028 3462 2083 τῶν
3485 2029 3660 2084 ἄλλων

2091 2123 2343 2177 ἁπάντων
2379 2123 2510 2193 ἡμῖν
2535 2122 2616 2175 ὅτι
2650 2121 2882 2192 μάλιστα
2905 2121 3343 2192 τιμαλφέστατον
3367 2122 3450 2194 εἴη
3480 2123 3566 2186 ἂν,
3595 2123 3659 2176 τὸ

2086 2215 2347 2268 διασῶσαι
2395 2215 2494 2285 τὴν
2539 2213 2744 2285 ψυχὴν,
2807 2215 2901 2268 καλ¹
2952 2213 3055 2284 τῆς
3102 2213 3238 2278 ἰδίας
3287 2215 3658 2287 ὑπεραθλῆσαι

2090 2303 2260 2377 ζωῆςς

2157 2484 2363 2537 ΠΑΛΛ.
2400 2483 2650 2538 Μάλιστά
2679 2499 2763 2551 γε.
3008 2517 3015 2521 -

2159 2573 2315 2628 ΚΥΡ.
2356 2575 2428 2628 Τὸ
2456 2575 2512 2628 δὲ
2539 2575 2638 2645 ήδη
2671 2571 2969 2644 περιφανὲς
2999 2575 3056 2627 έν
3083 2573 3240 2644 δόξῃ,
3275 2573 3383 2626 τίσι
3427 2574 3659 2642 μάλιστα

2087 2666 2195 2720 τῶν
2229 2665 2476 2734 ἀθλητῶν
2511 2666 2669 2736 οἰήσῃ
2709 2663 2962 2735 πρέπειν,
3003 2663 3210 2735 πότερα
3247 2665 3361 2727 τοῖς
3407 2662 3658 2718 ἀθλοῦσιν

2086 2755 2261 2827 ὀρθῶς
2282 2755 2374 2807 καὶ⁹
2398 2752 2784 2824 ὲξησκημένως
2805 2794 2820 2817 ,
2863 2752 2954 2806 καὶ
2992 2750 3074 2817 οἷς
3111 2754 3171 2806 ἐν
3194 2753 3336 2824 λόγῳ
3367 2753 3428 2806 τὸ
3458 2752 3657 2823 χρῆναι

2087 2849 2261 2918 νικᾷν,
2294 2845 2329 2913 ἢ
2360 2846 2472 2908 τοῖς
2497 2845 2571 2908 ῶς
2593 2845 2785 2915 ἥδιστα
2813 2845 3176 2916 διαχεομένοις
3211 2845 3289 2907 εἰς
3311 2840 3542 2915 τρυφὰς,
3563 2844 3657 2898 καὶ

2086 2938 2184 3010 τὴν
2220 2939 2278 2992 ὲν
2306 2936 2555 3008 ῥᾳστώνῃ
2582 2935 2745 3007 ζωὴν,
2780 2939 2878 3007 τῆς
2904 2936 3132 3007 ἀρίστης
3165 2935 3591 3007 ἁνθῃρημένοιςς

481 3121 677 3178 PALL.
723 3119 970 3187 Quonam
1018 3118 1181 3173 modo
1237 3132 1392 3182 vero,
1445 3125 1541 3171 aut
1584 3117 1855 3172 undenam
1877 3115 1981 3172 du-

2157 3112 2364 3166 ΠᾹΛΛ.
2397 3110 2508 3165 Καὶ
2538 3110 2686 3175 πῶς,
2717 3112 2751 3182 ἢ
2784 3111 2947 3165 πόθεν
2989 3112 3311 3182 ἀμφίλογον,
3351 3113 3424 3177 ὼς
3456 3113 3659 3181 ἥκιστα

412 3215 564 3269 bium
586 3214 842 3284 cuiquam
875 3211 1049 3282 possit
1074 3225 1215 3275 esse,
1256 3209 1389 3280 quin
1415 3209 1638 3263 minime
1672 3209 1738 3264 iis
1782 3223 1982 3264 conve-

413 3306 530 3360 niat
573 3305 814 3368 vincere,
859 3303 951 3372 qui
980 3301 1190 3357 desidia
1209 3301 1496 3364 laborant,
1537 3298 1632 3353 sed
1671 3299 1886 3369 aquius
1913 3299 1984 3355 sit

410 3396 639 3452 victoria
673 3395 837 3466 potiri
876 3394 970 3464 qui
1009 3393 1306 3449 alacriores
1344 3390 1595 3446 fuerint?

479 3487 635 3542 CYR.
665 3487 805 3541 Num
831 3485 997 3558 igitur
1017 3484 1284 3550 dicemus,
1323 3482 1418 3556 qui
1444 3480 1732 3538 laboribus
1758 3479 1983 3534 multam

405 3576 642 3633 salutem
677 3574 936 3638 dixerint,
983 3572 1462 3639 remissioremque
1507 3569 1678 3623 vitam
1723 3583 1787 3622 ac
1824 3567 1982 3632 volu:

411 3677 661 3738 ptuosam
690 3665 921 3736 amplexi
949 3663 1078 3730 sint,
1109 3663 1216 3717 hoc
1251 3662 1430 3731 ipsum
1463 3660 1573 3715 illis
1603 3658 1793 3731 gloriae
1829 3658 1983 3714 lutu-

413 3759 579 3815 rum?

482 3845 680 3902 PALL.
714 3843 935 3898 Minime
954 3857 1106 3897 vero.

481 3936 638 3992 CYR.
685 3935 856 4006 Igitur
897 3925 1236 4002 consequens
1272 3941 1376 3998 est,
1400 3940 1462 3987 ut
1495 3933 1532 3988 ii
1563 3931 1726 3986 modo
1765 3931 1982 3986 laudem

413 4037 765 4092 mereantur,
812 4026 906 4098 qui
960 4025 1177 4084 labores
1233 4017 1592 4082 libentissime
1637 4023 1978 4093 suscipiunt;

413 4138 591 4193 neque
619 4121 737 4179 sine
755 4117 1064 4177 cet-uimine
1107 4117 1395 4188 contingat
1433 4115 1692 4186 cuiquam
1741 4114 1982 4172 nmninis

413 4214 649 4268 claritas.

483 4302 678 4358 PALL.
701 4302 778 4356 Ita
804 4315 1104 4372 congruere
1143 4299 1378 4355 videtur.

479 4396 637 4451 CYR.
686 4394 855 4448 Recta
895 4393 1081 4464 igitur,
1136 4390 1365 4454 Palladi,
1417 4388 1486 4443 ad
1541 4405 1632 4444 res
1677 4387 1979 4444 laudandae
2011 4424 2054 4478 Β

2088 3202 2186 3273 μὲν
2219 3202 2279 3256 τὸ
2307 3204 2462 3272 νικᾷν
2493 3201 2693 3272 πρέποι
2727 3203 2793 3256 ἂν
2828 3205 2940 3267 τοῖς
2964 3203 3344 3276 ἠρῤωστηκόσι
3384 3205 3446 3258 τὸ
3489 3205 3660 3277 ρᾳθυ-

2088 3297 2227 3366 μεῖν,
2253 3296 2314 3348 τό
2337 3311 2401 3363 γε
2427 3295 2540 3366 μὴν
2559 3295 2815 3350 δύνασθαι
2837 3299 3058 3368 κρατεῖν
3075 3299 3187 3362 τοῖς
3209 3298 3658 3369 ὲπιεικεστέροιςς

2151 3480 2317 3536 ΚΥΡ.
2356 3479 2469 3552 Ἆρ’
2511 3473 2606 3535 οῦν
2638 3479 2868 3552 ἐροῦμεν
2899 3481 2982 3546 ὡς
3009 3481 3105 3536 καὶ
3136 3483 3401 3556 τφοσήκοι
3429 3483 3507 3546 εἰς
3561 3484 3660 3537 εὐ-

2084 3571 2267 3637 κλείας
2295 3571 2523 3643 δύναμιν
2554 3571 2614 3626 τὸ
2633 3574 2821 3644 χρῆμα
2853 3574 3054 3638 αὐτοῖς,
3085 3575 3357 3644 ὲρῤῶσθαι
3389 3574 3485 3646 μὲν
3517 3576 3664 3645 φρά-

2085 3683 2238 3719 σουσι
2259 3665 2320 3719 τὸ
2354 3666 2552 3738 χρῆναι
2585 3668 2789 3732 πονεῖν,
2819 3667 2945 3736 τόγε
2989 3667 3096 3739 μὴν
3125 3667 3367 3723 ἀνεῖσθαι
3403 3668 3497 3722 καὶ
3523 3685 3661 3738 τρυ-

2085 3759 2190 3828 φᾷν
2218 3757 2510 3829 ἑλομένοις.

2154 3847 2362 3902 ΠΑΛΑ.
2404 3847 2480 3900 Οὐ
2519 3848 2616 3918 μὲν
2644 3842 2756 3902 οῦν.

2153 3939 2320 3992 ΚΥΡ.
2359 3937 2582 4005 Ἕψεται
2611 3937 2675 4006 δὴ
2703 3932 2796 3990 οὗν
2825 3939 2936 4001 τοῖς
2965 3937 3047 3992 ὅτι
3080 3937 3312 4010 μάλιστα
3353 3939 3663 4006 φιλοπονω-

2083 4031 2282 4092 τάτοις,
2313 4029 2376 4081 τὸ
2403 4028 2708 4098 εὐδοκιμεῖν
2736 4028 2831 4082 καὶ
2857 4028 3083 4099 ἀγώνιον
3101 4031 3229 4101 δίχα
3256 4029 3663 4103 κατορθώσειεν

2083 4119 2148 4174 ἂν
2175 4119 2349 4182 οὐδεὶς
2365 4119 2425 4172 τὸ
2445 4115 2584 4204 εἷναι
2617 4121 2940 4192 περιφανής.

2149 4289 2356 4344 ΠΑΛΛ.
2392 4290 2648 4362 Ἀραρεν.

2161 4381 2326 4437 ΚΥΡ.
2378 4382 2547 4437 ’ἰτέον
2591 4384 2660 4454 δὴ
2705 4381 2824 4453 οὖν,
2875 4385 3170 4452 Παλλάδιε,
3220 4387 3339 4441 κατ’
3369 4389 3496 4443 εὐθὺ
3545 4389 3659 4445 τῶν

412 4500 641 4556 pergere
676 4491 926 4553 Oportet;
979 4497 1044 4536 ac
1084 4479 1419 4543 fortitudini,
1451 4494 1573 4547 qua:
1614 4478 1681 4532 ad
1719 4478 1977 4532 virtutem

2096 4473 2506 4544 ἐπαινουμένων,
2535 4476 2628 4529 καὶ
2652 4477 2902 4548 ἀνδρείας
2930 4479 3030 4549 τῆς
3060 4479 3140 4543 εἰς
3173 4479 3372 4552 ἀρετὴν
3391 4483 3661 4553 ἐπιμελη-

411 4576 606 4638 tendit,
636 4572 1105 4643 magnitudinique
1130 4570 1298 4624 animi
1329 4569 1410 4623 illi
1431 4569 1724 4628 excellenti
1756 4569 1982 4626 studen-

2076 4565 2223 4630 τίον,
2256 4565 2514 4638 εὐψυχίας
2539 4584 2598 4620 τε
2620 4568 2721 4638 τῆς
2743 4569 2882 4639 ἀγαν
2905 4571 2998 4624 καὶ
3025 4570 3474 4643 τεθαυμασμένης
3505 4578 3660 4645 παρά

412 4664 543 4716 dum
568 4669 672 4724 est,
714 4673 876 4730 quam
909 4658 1196 4728 Scriptura
1236 4657 1500 4713 divinitus
1537 4658 1800 4728 inspirata
1845 4658 1982 4712 solet

2096 4671 2142 4707 τε
2161 4656 2227 4726 τῇ
2253 4655 2592 4728 θεοπνεύστῳ
2611 4659 2825 4730 Γραφῇ,
2847 4659 3057 4730 καὶτῆς
3075 4661 3350 4732 ὲντρισοῦς
3373 4663 3466 4716 καὶ
3495 4664 3660 4733 φίλης

412 4753 690 4816 admirari,
734 4761 790 4807 et
827 4767 948 4822 quae
987 4758 1299 4805 sanctorum
1344 4750 1588 4824 virorum
1634 4750 1833 4804 animis
1898 4749 1980 4803 fa-

411 4843 638 4897 miliaris
687 4851 743 4896 et
779 4842 953 4895 amica
998 4849 1100 4894 est.
1133 4839 1322 4909 Itaque
1351 4840 1440 4894 Avir
1479 4841 1570 4894 ille
1625 4839 1978 4894 admirandus

409 4932 602 4994 David,
637 4932 758 5001 ejus
777 4930 998 4984 virtutis
1020 4928 1295 4984 studiosos
1319 4930 1724 5000 alloquebatur,
1746 4929 1935 4984 dicens
1958 4947 1971 4981 ε

418 5047 434 5075 ε
467 5023 707 5078 Viriliter
729 5023 894 5094 agite,
930 5030 985 5076 et
1007 5023 1343 5079 confonetur
1371 5039 1466 5078 cor
1491 5029 1757 5079 vestrum.
1783 5036 1978 5077 omnes

410 5117 505 5186 qui
525 5115 760 5186 speratis
782 5115 837 5167 in
870 5113 1100 5168 Domino
1119 5115 1184 5168 ⁸⁸.
1230 5135 1248 5167 ι
1274 5117 1616 5184 E-ttanquam
1654 5113 1760 5166 hoc
1776 5113 1976 5181 ipsum,

409 5217 464 5263 et
491 5206 712 5278 quidem
741 5221 850 5277 pra;
870 5205 1080 5260 caeteris
1105 5206 1467 5277 praestitisset,
1499 5205 1616 5273 ipse
1660 5201 1728 5255 de
1769 5216 1828 5255 se
1867 5216 1979 5254 ma—

411 5298 604 5369 gniﬁce
633 5296 892 5366 loquitur,
911 5295 1064 5350 etait
1095 5312 1108 5348 :
1151 5314 1169 5346 ι
1195 5293 1460 5348 Dominus
1481 5287 1813 5342 illuminatio
1833 5302 1975 5352 mea,

411 5401 469 5446 et
504 5391 651 5446 salus
687 5405 845 5455 mea;
891 5403 1054 5460 quem
1099 5384 1349 5442 timebo?
1392 5382 1657 5438 Dominus
1699 5390 1980 5452 protector

409 5481 535 5536 vitae
577 5480 736 5551 108
757 5495 913 5546 mete,
944 5495 974 5534 a
1002 5493 1112 5548 quo
1147 5473 1434 5542 trepidabo
1464 5471 1553 5528 ‘9?
1598 5492 1616 5525 ι
1657 5472 1978 5528 Innumera-

2079 4746 2191 4800 ⁴τῶν
2226 4747 2395 4815 ἁγίων
2423 4747 2640 4818 ψυχαῖς.
2680 4749 2966 4822 Τοιγάρτοι
2997 4752 3092 4805 καὶ
3120 4751 3149 4803 ὁ
3178 4751 3462 4816 θεσπέσιος
3491 4754 3661 4808 Δαϐὶδ

2083 4841 2163 4900 εἰς
2191 4838 2348 4893 τοῦτο
2373 4840 2768 4895 διανενευκόσιν
2797 4838 2855 4896 εῦ
2885 4841 3052 4913 μάλα,
3090 4843 3429 4914 προσεφώνει
3455 4845 3652 4914 λέγων·

2091 4947 2108 4979 ι
2171 4929 2549 5000 Ἀνδρίζεσθε,
2584 4930 2679 4983 καὶ
2728 4930 3114 5001 κραταιούσθω,
3145 4934 3179 5002 ἡ
3234 4933 3430 5004 καρδία
3476 4935 3655 5002 ὑμῶν,

2085 5021 2282 5083 πάντες
2313 5021 2363 5074 οἰ
2394 5021 2703 5085 ἐλπίζοντες
2733 5022 2826 5076 ἐπὶ
2872 5023 3096 5093 Κύριον.
3137 5043 3156 5078 i
3202 5025 3291 5087 Ὦς
3329 5024 3384 5077 δὲ
3423 5025 3553 5080 αὐτὸ
3587 5026 3654 5096 δὴ

2077 5113 2227 5165 τουτὶ
2275 5113 2370 5166 καὶ
2417 5115 2524 5184 πρό
2565 5131 2630 5182 γε
2676 5115 2782 5169 τῶν
2826 5115 3003 5170 ἄλλων
3040 5116 3418 5189 κατωρθωκὼς
3438 5159 3452 5183 ,
3489 5120 3654 5183 αὐτὸς

2079 5201 2259 5273 ἐαυτῷ
2307 5204 2666 5272 σεμνύνεται,
2715 5205 2809 5258 καί
2843 5223 3007 5275 φησιο
3068 5225 3085 5257 ι
3135 5207 3339 5279 Κύριος
3371 5209 3653 5280 φωτισμός

2079 5311 2183 5364 μου
2227 5295 2322 5348 καὶ
2379 5296 2570 5368 Σωτήρ
2618 5314 2756 5366 μου,
2809 5297 2929 5350 τίνα
2979 5298 3396 5371 φοϐηθήσομαι;
3447 5299 3680 5371 Κύριος.

2077 5384 2486 5456 ὑπερασπιστὴς
2514 5387 2611 5457 τῆς
2637 5387 2782 5457 ζωῆς
2811 5405 2934 5459 μου,
2965 5389 3074 5443 ἀπὸ
3119 5390 3262 5454 τίνος
3291 5391 3578 5455 δειλιάσω;
3628 5411 3647 5442 ι

2075 5473 2262 5544 Μύρια
2290 5474 2398 5546 γὰρ
2431 5475 2530 5528 ὅσα
2569 5478 2698 5549 περὶ
2750 5480 2896 5551 ἡμᾶς
2933 5479 3002 5535 τά
3049 5480 3354 5549 σκάνδαλα,
3388 5480 3653 5555 κρείττων

477 5656 842 5725 “Εριιοε.νι,
873 5655 956 5708 l0.
1034 5655 1078 5686 ‘7
1117 5655 1412 5719 Prov.xvr,
1453 5655 1542 5708 26.
1621 5654 1666 5690 “
1688 5653 1830 5709 Psal.
1869 5668 1982 5718 ιη

2096 5654 2134 5708 i.
2202 5654 2421 5710 “Psal.
2461 5672 2604 5723 xxvr,
2642 5657 2696 5714 1.
