3968 6300
250 354 352 412 505

985 355 1074 409 DE
1107 352 1551 410 ADORATIONE
1589 353 1658 408 IN
1699 351 1968 409 SPHUTU
1999 353 2086 408 ET
2129 356 2492 412 VER’ITATE.
2535 358 2661 411 LIB.
2704 359 2788 414 Ν.

3389 361 3488 415 506

251 473 328 538 δὲ,
348 465 523 541 οἶμαι,
563 468 761 533 παντὸς
785 468 1019 539 ἀριθμοῦ
1046 469 1252 542 πληθὺς
1277 469 1569 540 δαιμονίων
1596 486 1822 540 κατερε-

1929 470 2054 526 bilia
2084 487 2318 542 namque
2350 474 2604 530 scandala
2634 490 2732 529 nos
2756 475 3112 533 circumstant
3146 497 3158 532 :
3197 480 3370 535 vincit
3393 497 3490 536 au-

252 559 387 624 θίζει
416 559 554 630 πρὸς
583 560 875 631 ἁμαρτίαν,
901 559 996 612 καὶ
1023 557 1247 629 προσέτι
1274 557 1382 611 τῶν
1414 557 1669 629 ἐμφύτων
1696 558 1819 629 ἠδο-

251 650 353 705 νῶν
377 650 478 704 οὐκ
526 649 758 722 ἀγεννὴς
809 651 1090 726 ἀγριότης,
1138 650 1564 722 φιλοχρηματίαι
1613 667 1672 704 τε
1729 651 1822 703 καὶ

250 739 549 808 ἀλαζονίαι,
582 742 673 795 καὶ
721 741 772 794 oi
805 727 965 811 φόνου
997 742 1237 809 γείτονες
1269 742 1662 812 ἐπισκήπτουσι
1695 739 1822 810 φθό-

250 852 347 900 νοι,
397 837 553 905 μῖσος
590 834 684 887 καὶ
737 834 1093 900 καταλαλιαί,
1149 833 1244 887 καὶ
1286 833 1338 886 τί
1379 831 1487 902 γὰρ
1536 833 1658 902 οὐχὶ
1714 831 1822 884 τῶν

249 926 449 994 ὁμοίων
478 925 686 980 κακῶν.
729 925 866 980 Ἀλλ’
889 927 938 978 oi
968 925 1066 996 μὲν
1093 925 1303 980 εῦκολοι
1332 925 1468 997 πρὸς
1497 923 1821 995 ἀπαγωγὴν,

250 1018 356 1072 οὐδ’
388 1018 511 1072 ὅσον
537 1020 708 1072 είπεῖν
739 1017 831 1072 τοῦ
871 1018 1070 1089 χρῆναι
1105 1016 1367 1087 γενναίως
1410 1015 1478 1071 τὰ
1527 1014 1706 1070 τοιάδε
1747 1015 1823 1067 δι-

251 1111 494 1176 ενεγκεῖν
541 1109 695 1180 ἄκρῳ
738 1109 880 1180 τάχα
931 1125 1032 1163 που
1083 1107 1327 1176 δακτύλῳ
1354 1106 1821 1178 προσψαύσοντες,

251 1203 483 1274 ἀμελητὶ
517 1203 580 1256 τὸ
616 1203 771 1274 νικᾷν
795 1200 1124 1274 ἀπονέμοντι
1165 1201 1280 1262 τοῖς
1317 1199 1552 1270 ἐχθροῖς,
1584 1196 1824 1251 σευτλίον

253 1294 534 1364 ἡμίεφθον,
569 1292 708 1348 κατά
736 1291 838 1365 τὴν
856 1291 950 1347 τοῦ
981 1292 1256 1364 προφήτου
1290 1289 1491 1360 φωνὴν,
1518 1286 1681 1342 οἱονεί
1707 1303 1822 1350 πως

252 1386 328 1446 είς
356 1383 461 1454 γῆν
491 1383 830 1455 ἐρριμμένοι,
865 1381 1190 1454 καὶ·ἀμαχε“ι
1215 1380 1416 1453 τρόπον
1442 1378 1563 1434 τινὰ
1586 1380 1696 1443 τοῖς
1725 1376 1822 1447 τῆς

253 1473 579 1544 φαυλότητος
591 1473 860 1546 ύπενηνεγ
865 1471 1014 1544 μένοι
1030 1471 1208 1526 ποσίν.
1223 1473 1285 1526 Οί
1302 1470 1357 1524 δὲ
1375 1467 1649 1540 φιλάρετοί
1661 1485 1718 1522 τε
1729 1467 1822 1520 καὶ

252 1564 668 1635 ἀγαθοὶ,καὶτῆς
683 1563 1180 1634 ἄνωθεν-ἐφιέμενοι
1198 1563 1376 1634 δόξης,
1391 1562 1532 1633 ζωῆς
1551 1577 1609 1614 τε
1626 1561 1724 1631 τῆς
1741 1561 1822 1622 είς

253 1655 419 1708 αἰῶνα
451 1656 773 1725 μεταλαχεῖν
795 1653 1139 1724 γλιχόμενοι,
1163 1652 1513 1722 γενναιότατα
1533 1651 1627 1728 κα).
1648 1650 1824 1704 εὐτολ-

254 1743 459 1812 μότατα
468 1746 583 1808 ταῖς
595 1743 702 1797 τῶν
718 1744 861 1797 ἰδίων
875 1743 1060 1796 παθῶν
1077 1742 1463 1806 ὑπαντιάζουσι
1476 1740 1820 1812 προσϐολαῖς,

1925 570 2056 627 tem,
2100 574 2160 618 ut
2203 565 2434 635 opinor,
2481 581 2770 619 numerum
2814 581 3031 621 omnem
3098 570 3490 627 daemoniorum

1923 654 2242 722 multitudo,
2265 673 2388 727 quae
2415 674 2516 712 nos
2537 659 2603 712 ad
2640 659 2977 728 peccandum
3004 659 3184 716 irritat
3215 679 3226 713 :
3272 663 3339 717 ad
3375 664 3492 719 ha:c

1925 745 2211 802 insitarum
2241 748 2296 802 in
2317 749 2476 803 nobis
2521 749 2860 818 voluptatum
2905 749 3224 810 immanitas
3264 756 3490 811 minime

1923 836 2185 906 vulgaris,
2234 837 2484 904 avaritia,
2525 838 2828 909 jactantia,
2875 839 3084 894 invidia
3128 856 3240 896 non
3276 843 3434 913 longe
3461 863 3493 899 a

1924 925 2068 981 caede
2089 936 2324 993 remota,
2352 927 2479 982 odia
2504 944 2744 998 quoque,
2766 937 2824 983 et
2845 930 3217 986 detractiones
3247 932 3491 997 irruunt,

1923 1022 2228 1088 caateraque
2257 1018 2692 1089 ejusmodivitia.
2731 1019 2833 1086 Qui
2869 1020 3034 1091 igitur
3077 1031 3204 1076 sunt
3233 1023 3403 1088 leves,
3428 1041 3495 1078 ac

1921 1118 2040 1159 sese
2070 1103 2228 1161 facile
2253 1105 2452 1161 abduci
2496 1106 2703 1171 sinunt,
2735 1123 2861 1162 cum
2905 1124 2973 1163 ne
3004 1110 3232 1165 summis
3270 1111 3494 1180 quidem

1922 1195 2126 1268 digitis,
2157 1198 2303 1267 quod
2342 1197 2609 1253 adversus
2652 1199 2922 1269 ejusmodi
2965 1200 3099 1256 vitia
3152 1203 3490 1273 suscipitur,
3552 1199 3553 1202 “

1921 1297 2200 1343 certamen
2229 1289 2518 1359 attingant,
2561 1291 2696 1345 nihil
2745 1293 2964 1356 morati,
3015 1294 3301 1348 victoriam
3347 1294 3492 1350 hosti

1921 1379 2226 1434 concedunt
2307 1380 2468 1452 (betae
2517 1381 2688 1437 instar
2741 1383 3111 1454 semicoctae),
3157 1386 3310 1456 juxta
3361 1401 3485 1456 pro-

1921 1469 2098 1539 phetae
2119 1485 2330 1534 vocem,
2367 1471 2420 1526 in
2471 1481 2670 1527 terram
2709 1473 2931 1544 abjecti,
2964 1490 3031 1530 ac
3078 1475 3215 1530 citra
3257 1492 3495 1546 pugnam

1920 1560 2321 1630 quodammodo
2373 1563 2477 1618 sub
2514 1563 2772 1633 nequitiae
2817 1564 3048 1634 pedibus
3107 1567 3382 1635 prostrati.
3427 1565 3498 1621 At

1920 1667 2052 1706 vero
2088 1652 2313 1708 virtutis
2346 1663 2640 1721 amatores,
2681 1671 2746 1710 ac
2781 1656 2942 1726 probi
2985 1657 3109 1721 viri,
3143 1657 3347 1726 quique
3379 1673 3494 1713 coe-

1922 1743 2115 1799 lestem
2152 1744 2299 1800 illam
2324 1747 2550 1817 gloriam
2583 1755 2864 1817 exoptant,
2901 1747 3132 1818 vitaeque
3174 1749 3320 1803 illius
3340 1759 3498 1804 aeter-

251 1835 711 1906 κατανεκροῦντες
749 1834 847 1906 τὴν
877 1835 1076 1905 σάρκα,
1101 1835 1196 1888 καὶ
1233 1834 1344 1887 τῶν
1381 1836 1439 1887 ἐν
1470 1834 1607 1903 αὐτῇ
1643 1849 1700 1885 τε
1731 1831 1822 1885 καὶ

1929 1849 2007 1888 nae
2044 1813 2349 1906 participes
2390 1852 2510 1892 esse
2561 1813 2812 1908 cupiunt,
2868 1813 3092 1894 fortiter
3165 1855 3229 1894 ac
3275 1850 3499 1898 strenue

248 1926 305 1992 ἐξ
332 1926 501 1996 αὐτῆς
525 1926 1042 1996 κατεξανιστάμενοι
1065 1928 1399 1998 κινημάτων.
1422 1924 1707 1997 Ταύτῃ-τοι
1731 1925 1823 1977 καὶ

249 2019 356 2071 πᾶν
386 2015 527 2081 εῐδος
557 2017 887 2088 φαυλότητός
913 2035 974 2071 τε
1005 2020 1098 2073 καὶ
1127 2018 1399 2090 ἁμαρτίας
1436 2017 1822 2088 εὐτεχνέστατα

248 2107 666 2179 παρωθούμενοι
684 2147 698 2174 ,
724 2109 822 2180 τὴν
852 2109 1002 2180 ίεράν
1039 2109 1134 2162 καὶ
1171 2109 1471 2180 ἀμώμητον
1501 2108 1822 2180 κατορθοῦσι

248 2201 413 2272 ζωὴν,
444 2193 526 2264 οἷς
554 2202 651 2254 καὶ
678 2202 706 2254 6
739 2200 1025 2265 θεσπέσιος
1058 2200 1270 2264 Παῦλος
1303 2201 1562 2270 ἐπιφωνεῖ
1582 2242 1597 2265 ,
1626 2199 1820 2268 λέγων’

255 2312 272 2345 ι
305 2293 479 2362 Στῆτε
508 2286 601 2346 οῦν
633 2291 1064 2364 περιζωσάμενοι
1104 2291 1393 2362 τὴνόσφὺν
1427 2290 1579 2360 ὑμῶν
1602 2291 1660 2342 ἐν
1688 2290 1822 2361 άλη-

250 2383 393 2456 θείᾳ,
425 2384 523 2438 καὶ
555 2382 910 2452 ἐνδυσάμενοι
936 2382 1026 2435 τὸν
1064 2381 1290 2452 θώρακα
1322 2380 1421 2449 τῆς
1457 2379 1821 2450 δικαιοσύνης,

249 2474 342 2528 καὶ
371 2472 766 2544 ὑποδησάμενοι
793 2472 920 2535 τοὺς
948 2471 1112 2534 πόδας
1133 2472 1192 2524 ἐν
1217 2467 1503 2540 ἑτοιμασίᾳ
1527 2468 1620 2522 τοῦ
1647 2471 1824 2538 Εὐαγ-

249 2563 432 2633 γελίου
465 2565 561 2636 τῆς
598 2563 852 2636 εἰρήνης’
888 2563 982 2615 ἐπὶ
1011 2564 1176 2616 πᾶσιν
1215 2560 1573 2622 ἀναλαϐόντες
1603 2559 1693 2614 τὸν
1731 2560 1823 2614 θυ-

252 2654 373 2725 ρεὸν
408 2655 507 2726 τῆς
547 2655 785 2717 πίστεως
806 2695 822 2720 ,
857 2653 915 2706 ἐν
957 2646 1001 2722 ᾧ
1031 2651 1325 2724 δυνήσεσθε
1376 2651 1552 2705 πάντα
1594 2651 1664 2705 τὰ
1694 2650 1821 2724 βέλη

248 2743 340 2797 τοῦ
386 2741 620 2816 πονηροῦ
664 2741 733 2797 τὰ
778 2742 1154 2813 πεπυρωμένα
1201 2741 1410 2795 σϐέσαι.
1457 2762 1476 2794 ι
1519 2742 1824 2814 Παντευχία

249 2834 354 2904 γὰρ
403 2835 436 2904 ἡ
483 2834 824 2907 πνευματικὴ
867 2836 978 2897 τοῖς
1028 2833 1204 2902 ἁγίοις
1253 2832 1708 2904 πρεπωδεστάτη,
1755 2829 1823 2903 ἧς

251 2923 497 2991 ἐφίεσθαι
517 2924 623 2978 δεῖν
645 2926 812 2997 ἡμᾶς,
837 2926 884 2977 εί
907 2925 1001 2977 καὶ
1022 2923 1142 2977 καθ’
1163 2924 1350 2994 ἕτερον
1368 2923 1586 2993 τρόπον,
1612 2922 1822 2978 κελεύει

250 3014 293 3066 δ’
327 3010 420 3069 οὖν
464 3017 613 3085 ὅμως
663 3017 756 3069 καὶ
797 3015 958 3079 αὐτὸς
1005 3016 1034 3068 6
1066 3015 1285 3086 Σωτήρο
1340 3034 1358 3065 ι
1399 3014 1682 3068 Ἔστωσαν
1714 3015 1821 3086 γὰρ

253 3105 404 3176 ὑμῶν
436 3105 742 3175 αί,ὀσφύες,
787 3108 941 3176 φησὶ,
979 3104 1436 3175 περιεζωσμέναι,
1464 3105 1558 3157 καὶ
1585 3105 1654 3158 τὰ
1685 3105 1821 3159 ὑπο-

1929 3113 2042 3163 tere
2063 3109 2230 3164 etiam
2284 3111 2400 3182 ipse
2452 3111 2702 3169 Salvator
2742 3133 2755 3169 :

252 3195 464 3266 δήματα
486 3197 543 3248 ἐν
565 3199 677 3260 τοῖς
704 3198 862 3250 ποσὶν
883 3198 1056 3268 ὑμῶν,
1082 3197 1174 3251 καὶ
1195 3199 1244 3251 οἱ
1263 3197 1446 3268 λύχνοι
1474 3198 1770 3270 καιόμενοι·
1798 3219 1819 3253 ι

254 3287 310 3340 τὸ
342 3288 440 3358 μὲν
466 3288 698 3352 εὔζωνόν
720 3307 777 3341 τε
815 3289 908 3342 καὶ
930 3289 1094 3342 οίονεί
1122 3306 1224 3342 που
1257 3290 1702 3360 συνεσταλμένον,
1732 3291 1825 3346 ἐπὶ

252 3378 311 3431 τδ
341 3374 541 3450 χρῆναι
564 3379 860 3450 τληπαθεῖν
891 3380 1031 3452 ὑπέρ
1069 3398 1132 3449 γε
1179 3380 1278 3434 τοῦ
1320 3381 1523 3450 ἀγαθοῦ
1545 3422 1559 3444 ,
1595 3384 1689 3436 καὶ
1726 3382 1826 3452 τῆς

257 3471 332 3532 είς
361 3470 494 3524 Θεὸν
522 3472 772 3540 ἀγάπης,
814 3472 906 3524 τοῦ
936 3472 1222 3538 διεζῶσθαι
1267 3474 1619 3544 σημαίνοντος
1637 3492 1650 3504 ·
1691 3474 1752 3526 τὸ
1781 3473 1825 3528 δ’

253 3561 514 3631 εὐτρεπές
541 3579 599 3614 τε
629 3564 719 3616 καὶ
752 3563 1029 3634 πρόθυμον
1048 3606 1063 3632 ,
1103 3565 1182 3627 είς
1214 3563 1317 3634 τὴν
1347 3564 1453 3617 ἀπὸ
1484 3565 1576 3618 τοῦ
1619 3565 1824 3633 κόσμου

256 3655 584 3708 κατάστασιν
603 3695 617 3719 ,
650 3653 746 3707 τοῦ
778 3653 1132 3709 ὐποδεδέσθαι·
1160 3655 1285 3718 τοὺς
1322 3655 1506 3718 πόδας,
1531 3653 1605 3718 ὡς
1629 3655 1825 3709 αὐτίκα

254 3744 313 3816 δὴ
347 3745 490 3816 μάλα
525 3744 925 3816 βαδιουμένους,
956 3741 1116 3818 οἷπερ
1147 3744 1213 3799 ἂν
1244 3747 1392 3816 ἡμᾶς
1445 3747 1474 3798 6
1512 3744 1653 3810 θεῖος
1692 3745 1825 3799 ἰέναι

258 3833 494 3902 βούλοιτο
529 3834 722 3905 νόμος·
772 3835 834 3889 τὸ
875 3835 934 3888 δὲ
982 3834 1232 3889 καίεσθαι
1281 3835 1407 3898 τοὺς
1433 3833 1696 3904 λύχνους,
1730 3834 1823 3890 τοῦ

259 3925 330 3997 μὴ
364 3926 440 3989 ὡς
465 3928 522 3978 ἐν
552 3926 730 3980 σκότει
766 3943 824 3980 τε
852 3927 949 3980 καὶ
978 3925 1188 3997 ἀμαθίᾳ
1212 3925 1314 3996 ζῇν
1343 3923 1629 3994 ἀνέχεσθαί
1652 3942 1822 3989 τινας,

255 4017 312 4068 ἐν
337 4017 477 4085 φωτὶ
497 4017 554 4069 δὲ
584 4017 783 4087 μᾶλλον
809 4015 888 4086 τῷ
913 4015 1002 4069 διὰ
1026 4014 1262 4086 Χριστοῦ
1291 4016 1390 4086 τὴν
1411 4016 1490 4078 είς
1518 4017 1624 4069 πᾶν
1648 4015 1825 4069 ὁτιοῦν

255 4108 360 4164 τῶν
414 4107 880 4180 τεθαυμασμένων
930 4109 1200 4162 ποιεῖσθαι
1250 4107 1495 4178 πορείαν.
1557 4105 1826 4168 Ἰουδαίοις

259 4199 355 4268 μὲν
387 4202 454 4252 ἐκ
498 4199 917 4270 φρενοϐλαϐείας
964 4197 1122 4252 τοῦτο
1151 4198 1282 4270 δρᾷν
1328 4198 1428 4251 οὑκ
1460 4199 1823 4269 ἀνεχομένοις,

257 4289 596 4360 προσεφώνει
629 4291 862 4362 Χριστός
881 4305 894 4320 ·
938 4310 957 4342 ι
999 4290 1146 4352 Ἕως
1187 4288 1247 4341 τὸ
1275 4287 1390 4358 φῶς
1419 4288 1569 4359 ἔχετε
1595 4306 1827 4360 περιπαο

257 4383 396 4432 τείτε
435 4381 496 4434 ἐν
523 4380 602 4451 τῷ
635 4382 792 4450 φωτὶ,
837 4381 926 4436 ἵνα
961 4380 1035 4452 μὴ
1068 4380 1254 4433 σκοτία
1287 4380 1430 4450 ὑμᾶς
1463 4379 1762 4450 καταλάϐῃ.
1803 4399 1820 4430 ι

1923 1924 2433 1994 perturbationibus
2473 1929 2814 1986 irruentibus
2860 1940 3178 1997 occurrunt,
3221 1947 3347 1987 cum
3373 1949 3496 1988 ear-

1924 2030 2051 2070 nem
2096 2017 2451 2084 mortilicant,
2503 2019 2880 2090 adversusque
2925 2029 3109 2076 motus
3132 2037 3264 2088 eos,
3293 2023 3390 2092 qui
3441 2023 3501 2077 in

1930 2107 2048 2178 ipsa
2098 2116 2156 2162 et
2184 2123 2252 2163 ex
2295 2109 2412 2180 ipsa
2445 2119 2594 2175 sunt,
2638 2111 2948 2182 insurgunt.
2984 2111 3172 2181 Itaque
3216 2115 3368 2168 Omni
3398 2129 3498 2168 ne-

1924 2199 2112 2268 quitiae
2139 2213 2203 2254 ac
2226 2200 2438 2271 peccati
2464 2215 2663 2272 genere
2703 2217 2915 2256 summa
2954 2211 3068 2258 arte
3115 2212 3278 2273 atque
3333 2204 3498 2259 indu-

1925 2291 2055 2346 stria
2093 2291 2340 2362 depulso,
2359 2300 2602 2347 sanctam
2633 2301 2797 2362 atque
2821 2293 2970 2347 omni
3001 2294 3123 2349 labe
3156 2311 3381 2350 vacuam
3421 2295 3502 2349 vi-

1926 2391 2035 2437 tam
2063 2381 2326 2454 exigunt:
2357 2398 2496 2453 quos
2538 2383 2704 2437 etiam
2747 2383 2968 2438 divinus
3006 2383 3090 2437 vir
3135 2385 3336 2439 Paulus
3363 2386 3500 2440 allo—

1925 2471 2134 2542 quitur,
2165 2472 2356 2528 dicens
2385 2489 2398 2526 :
2430 2492 2448 2524 ‹
2493 2473 2642 2528 State
2669 2473 2836 2544 igitur
2859 2475 3125 2530 succincti
3170 2476 3387 2531 lumbos
3404 2492 3501 2532 ve—

1923 2573 2068 2620 stros
2107 2565 2165 2621 in
2212 2569 2466 2634 veritate,
2507 2578 2563 2624 et
2610 2569 2791 2624 induti
2858 2570 3084 2626 loricam
3127 2573 3390 2642 justitiaa,
3446 2582 3504 2627 et

1923 2654 2145 2710 calceati
2183 2657 2352 2726 pedes
2397 2658 2452 2712 in
2492 2659 2943 2730 praeparationem
2992 2660 3271 2731 Evangelii
3312 2662 3499 2732 pacis;

1923 2745 1990 2800 ad
2030 2745 2146 2802 haec
2169 2748 2355 2804 omnia
2369 2758 2649 2806 sumentes
2687 2762 2902 2806 scutum
2931 2751 3080 2817 ﬁdei,
3116 2753 3171 2806 in
3202 2767 3312 2822 quo
3348 2745 3525 2822 pote-7

1923 2835 2044 2891 ritis
2081 2837 2266 2893 omnia
2311 2838 2419 2894 tela
2457 2839 2786 2910 nequissimi
2816 2843 2974 2913 ignea
3000 2841 3348 2912 exstinguere
3380 2842 3446 2895 ⁸ο.
3475 2861 3495 2892 ›

1923 2924 2214 2982 Armatura
2234 2943 2469 2998 namque
2505 2928 2810 2999 spiritualis
2845 2939 3062 2986 sanctos
3087 2930 3240 2986 viros
3264 2930 3508 2985 maxime

1924 3017 2099 3084 decet,
2121 3035 2285 3089 quam
2315 3037 2436 3098 nos,
2460 3021 2565 3076 etsi
2594 3021 2701 3077 alio
2722 3022 2904 3088 modo,
2927 3023 3086 3094 jubet
3113 3032 3223 3077 tam
3235 3039 3307 3077 en
3339 3037 3504 3092 cxpe-

2823 3134 2840 3165 ι
2885 3115 3005 3168 Sint
3060 3114 3248 3178 enim,
3301 3113 3499 3182 inquit,

1926 3198 2099 3254 lumbi
2130 3201 2299 3256 vestri
2329 3202 2633 3272 praecincti,
2673 3214 2730 3259 et
2751 3204 2921 3260 calcei
2945 3205 3000 3258 in
3026 3205 3263 3274 pedibus
3281 3203 3499 3265 vestris,

1926 3299 1984 3345 et
2022 3290 2263 3346 lucernae
2307 3292 2566 3347 ardentes
2602 3295 2646 3326 ⁸¹
2693 3313 2704 3346 :
2765 3314 2783 3346 ›
2851 3293 3219 3364 prmeingendi
3266 3309 3505 3362 namque

1928 3383 2099 3436 verbo
2129 3383 2468 3452 signiﬁcatur
2487 3387 2784 3450 accinctos,
2806 3402 2870 3441 ac
2895 3387 3065 3441 veluti
3097 3387 3326 3442 collecta
3345 3400 3502 3439 com-

1928 3486 2224 3542 pressaque
2271 3481 2420 3528 veste
2463 3475 2750 3544 expeditos
2800 3475 2868 3530 ad
2901 3475 3043 3530 mala
3075 3490 3175 3546 pro
3204 3475 3405 3529 virtute
3449 3482 3507 3527 et

1928 3564 2024 3618 Dei
2049 3563 2318 3619 charitate
2339 3564 2620 3620 toleranda
2641 3582 2761 3621 esse
2783 3574 3038 3637 oportere
3067 3586 3078 3621 :
3099 3566 3354 3636 subligati
3378 3581 3505 3620 vero

1928 3653 2096 3722 pedes
2122 3653 2368 3708 indicant
2411 3664 2629 3725 paratos
2676 3656 2998 3726 alacresque
3040 3657 3110 3711 ad
3160 3657 3506 3727 migrandum

1927 3759 1993 3797 ex
2018 3745 2121 3799 hoc
2154 3745 2379 3810 mundo,
2424 3754 2485 3801 ut
2531 3746 2936 3816 quamprimum
2988 3747 3329 3816 profecturos
3367 3764 3506 3817 quo-

1929 3852 2147 3906 cunque
2187 3837 2268 3891 ire
2319 3836 2566 3891 divinum
2622 3837 2912 3907 imperium
2957 3837 3222 3908 jusserit;
3267 3837 3509 3893 lucerna:

1927 3925 2163 3995 denique
2190 3925 2444 3981 ardentes
2475 3926 2802 3998 signiﬁcant,
2840 3942 2947 3982 non
2995 3942 3116 3982 esse
3160 3927 3416 3996 cuiquam
3452 3927 3510 3981 in

1931 4015 2172 4070 tenebris
2218 4024 2382 4086 atque
2430 4017 2645 4071 inscitia
2685 4017 3000 4080 vivendum,
3054 4018 3149 4073 sed
3199 4017 3251 4071 in
3303 4016 3510 4072 Christi

1929 4105 2137 4160 lumine
2171 4105 2238 4160 ad
2277 4120 2342 4159 ea
2389 4107 2575 4159 omnia
2623 4121 2746 4175 quae
2785 4105 3080 4160 laudabilia
3104 4114 3234 4160 sunt
3275 4116 3505 4160 conten-

1928 4197 2186 4250 dendum.
2249 4195 2464 4250 Judaeos
2549 4195 2708 4263 109
2779 4193 3240 4263 quidem,‘quod
3324 4205 3508 4250 essent

1930 4302 2119 4356 parum
2169 4301 2299 4339 sana
2355 4292 2537 4338 mente
2567 4323 2582 4346 ,
2640 4284 2692 4336 id
2742 4284 2918 4337 facere
2964 4275 3279 4337 recusantes
3315 4324 3328 4347 ,
3377 4286 3508 4338 allo--

1930 4377 2203 4448 quebatur
2221 4374 2491 4439 Christus,
2527 4393 2543 4426 ‹
2579 4375 2718 4431 Dum
2737 4374 2940 4437 lucem,
2959 4372 3231 4442 inquiens,
3272 4374 3505 4436 habetis,

259 4467 465 4520 οὐκοῦν
511 4469 796 4539 ἑτοιμότης
825 4471 904 4532 είς
942 4468 1144 4540 ἀρετὴν
1181 4468 1277 4522 καὶ⁴
1319 4468 1540 4538 ἀνδρεία
1577 4471 1824 4538 φρονήσει

1937 4467 2210 4523 ambulate
2261 4465 2317 4519 in
2378 4463 2520 4528 luce,
2571 4479 2642 4518 ne
2693 4478 2792 4517 vos
2856 4462 3114 4521 tenebrae,
3143 4464 3499 4533 comprehen-

261 4559 690 4630 συνεζευγμένη,
725 4560 985 4631 λαμπρὸν
1052 4561 1144 4613 καὶ
1176 4559 1466 4629 περίοπτον
1504 4560 1832 4630 άποφήνειεν

259 4645 322 4702 ἂν
355 4649 456 4719 τῆς
484 4649 763 4714 εὐσεϐείας
789 4652 881 4704 τὸν
914 4652 1169 4722 ἐραστήν.

330 4820 541 4876 ΠΑΛΛ.
579 4816 651 4874 Εὖ
684 4821 882 4890 λέγεις.

329 4911 496 4966 ΚΥΡ.
542 4913 617 4966 Οὐ
655 4913 764 4984 γὰρ
790 4915 848 4966 ἐν
875 4912 954 4982 τῷ
995 4911 1239 4964 ἀνεῖσθαι
1277 4911 1485 4980 φιλεῖν,
1518 4911 1579 4964 τὸ
1622 4910 1838 4974 εὐκλεὲς

261 5004 596 5074 εὑρήσομεψ
627 5005 743 5058 ἀλλ’
765 5005 925 5076 εἴπερ
960 5001 1140 5073 ίδροῦν
1163 5003 1339 5057 ἓλοιτό
1367 5020 1472 5067 τις,
1505 5003 1626 5056 τότε
1648 5003 1711 5073 δὴ
1740 5003 1837 5074 μό-

1939 4561 2071 4614 dant
2091 4559 2157 4610 5’.
2193 4576 2210 4608 ι
2240 4555 2466 4612 Pietatis
2489 4554 2652 4625 igitur
2681 4562 2979 4608 amatorem
3011 4554 3263 4609 alacritas
3295 4555 3362 4610 ad
3403 4558 3519 4610 vir-

1941 4659 2114 4704 tutem
2159 4646 2586 4718 capessendam,
2633 4661 2696 4700 ac
2742 4645 3009 4700 fortitudo
3047 4661 3171 4699 cum
3221 4647 3505 4715 prudentia

1941 4741 2230 4810 conjuncta
2273 4738 2478 4792 clarum
2509 4746 2670 4806 atque
2716 4736 3071 4806 conspicuum
3102 4736 3298 4791 reddit.

2011 4829 2206 4884 PALL.
2242 4827 2460 4898 Optime
2487 4827 2641 4882 dicis.

2007 4919 2163 4972 (ΠΒ.
2196 4916 2319 4972 Non
2362 4915 2510 4970 enim
2552 4913 2816 4970 dissoluta
2862 4911 3195 4980 remissaque
3237 4910 3346 4964 vita
3393 4912 3508 4980 glo-

1939 5010 2073 5064 riam
2110 5006 2372 5076 consequi
2403 5005 2559 5071 licet;
2593 5005 2726 5074 quin
2759 5002 2960 5072 potius,
2993 5001 3206 5055 etiamsi
3239 5001 3510 5073 quispiam

259 5093 342 5157 λις
379 5095 535 5148 ἔσται
580 5095 832 5167 λαμπρός
860 5113 921 5150 τε
956 5100 1051 5152 καὶ
1085 5097 1534 5167 εὐδοκιμώτατος.
1565 5099 1672 5152 Καὶ
1711 5098 1824 5167 γοῦι

1939 5101 2154 5156 labores
2202 5115 2266 5153 ac
2311 5097 2541 5154 sudores
2577 5096 2820 5165 perferre
2867 5093 3141 5156 statuerit,
3193 5093 3282 5146 vix
3332 5101 3511 5148 tamen

261 5189 605 5257 ποιουμένοις
633 5188 712 5241 ἔτι
742 5191 837 5253 τὰς
868 5191 928 5243 ἐν
961 5190 1220 5260 Αίγύπτῳ
1255 5189 1536 5259 διατριϐὰς
1562 5191 1676 5253 τοῖς
1704 5193 1836 5253 υἱοῖς

273 5277 510 5348 Ἰσραὴλ,
541 5280 794 5350 ἐφίστησι
824 5281 922 5349 μὲν
950 5281 1245 5344 ἐπιστάτας
1276 5281 1384 5332 τῶν
1424 5279 1598 5350 ἔργων
1630 5281 1836 5344 δεινοὺς

262 5367 355 5418 καὶ
383 5370 614 5438 πικροὺς
636 5358 664 5421 ό
689 5369 915 5439 βέϐηλος
951 5368 1150 5440 Φαραώ
1174 5387 1186 5400 ·
1213 5372 1259 5422 οἱ
1287 5369 1361 5430 δὲ,
1393 5371 1492 5438 τὴν
1521 5370 1834 5439 ἀνεθέλητόν

259 5472 320 5508 τε
343 5458 528 5521 αὐτοῖς
549 5498 563 5521 ,
589 5459 682 5511 καὶ
725 5458 800 5521 ὡς
826 5459 886 5523 ἐξ
920 5461 1162 5531 ἀνάγκης
1187 5462 1596 5531 ἐπερριμμένην
1637 5460 1826 5531 σκληρ-

260 5548 508 5615 αγωγίαν
563 5548 860 5618 γύμνασμα
909 5549 1212 5620 ποιούμενοι
1269 5552 1401 5622 πρὸς
1440 5552 1496 5603 τδ
1533 5553 1831 5622 τληπαθὲς,

340 5719 382 5750 ⁵⁸
412 5721 618 5791 Ephcs.
662 5737 733 5785 τι,
771 5722 950 5778 Ιιί-ίϐ.
1027 5723 1066 5753 ⁵¹
1107 5723 1238 5778 Luc.
1271 5741 1366 5789 xu,
1405 5725 1490 5779 55.

1944 5190 2287 5260 splendorem
2327 5187 2657 5255 laudemque
2696 5183 2962 5253 insignem
3005 5184 3354 5253 adipiscetur.
3406 5184 3511 5236 lta-

1943 5300 2049 5354 que
2093 5283 2219 5336 flliis
2250 5282 2436 5342 Israel,
2475 5293 2597 5332 cum
2633 5276 2813 5330 adhuc
2856 5276 2910 5330 in
2956 5275 3186 5346 Egypto
3228 5274 3517 5342 degerent,

1945 5374 2203 5445 imposuit
2247 5371 2468 5441 quidem
2518 5383 2746 5437 operum
2797 5368 3079 5436 praefectos
3119 5379 3307 5437 graves
3357 5379 3510 5416 acer-

1945 5462 2152 5530 bosquc
2193 5460 2454 5528 profanus
2489 5457 2579 5509 ille
2621 5457 2830 5510 Pharao
2866 5475 2875 5508 :
2915 5466 2968 5510 at
3018 5453 3115 5518 illi,
3150 5454 3276 5523 quia
3321 5452 3512 5506 duram

1946 5551 2091 5605 illam
2124 5549 2338 5604 vivendi
2373 5549 2568 5617 legem,
2600 5547 2847 5616 quamvis
2883 5546 3067 5600 invitis
3101 5551 3155 5599 et
3189 5543 3514 5599 necessitate

1570 5727 1612 5756 “
1641 5726 1795 5781 Joan.
1823 5742 1914 5790 xu,
1955 5728 2039 5780 55.
