3968 6300
332 1438 353 1445 λ
405 1422 624 1477 occasio
648 1421 758 1476 illis
778 1420 1102 1477 incrementi
1127 1420 1262 1487 fuit,
1285 1436 1411 1477 cum
1429 1423 1576 1478 Deus
1595 1436 1716 1477 eam
1744 1438 1859 1477 rem
1885 1439 1984 1478 sua

399 384 503 439 507
1387 384 1443 444 S.
1487 387 1760 445 CYRILLI
1798 386 2268 445 ALEXANDRINI
2305 387 2621 445 ARCHlEP.
3542 395 3649 453 308

400 498 608 556 coactis
636 498 968 569 impositam,
998 515 1101 571 pro
1132 502 1523 559 exercitatione
1552 504 1884 569 habuerunt,
1909 488 1977 556 ad

2095 502 2386 574 ὺφέληνται
2421 503 2638 573 μᾶλλον,
2671 502 2814 574 ἢπερ
2841 501 3126 573 ἠδίκηνται
3155 503 3296 559 κατά
3333 504 3395 558 rb
3429 505 3650 578 ἀληθές.

400 591 671 647 tolerandi
699 593 1151 647 consuetudinem
1188 595 1602 663 acquirendam;
1629 596 1769 650 zideo
1801 595 1971 650 bene-

2095 593 2308 647 Ἐδεδίει
2338 596 2435 664 μὲν
2458 596 2566 666 γὰρ
2589 597 2617 648 ὁ
2641 593 2840 665 Φαραὼ
2866 597 2991 661 τοὺς
3024 596 3306 668 Ἐϐραίους
3337 600 3420 663 εἰς
3444 599 3652 671 πληθὺν

400 680 528 736 1ἰοίο
558 680 742 751 potius
774 696 984 747 revera,
1012 697 1177 753 quam
1218 684 1328 738 ulla
1366 684 1567 755 injuria
1610 692 1739 739 sunt
1767 683 1971 738 all‘ecti.

2095 682 2384 756 Ῑιμέτρητον
2431 685 2837 757 ὲκτεινομένους
2889 687 3065 757 ὁρῶν*
3125 689 3538 760 κακουργότατα
3592 691 3651 745 δὲ

400 774 678 830 Metuebat
707 776 852 830 enim
896 775 1154 832 Hebraeos
1180 777 1411 843 Pharao,
1440 793 1566 831 cum
1610 777 1732 832 illos
1765 777 1976 831 videret

2095 771 2327 838 ιολάζειν
2365 775 2655 846 ἐπιχειρῶν
2694 775 2793 848 τὴν
2826 775 2882 830 ἐν
2909 794 2972 846 γε
3007 777 3072 850 δὴ
3120 776 3295 850 τούτῳ
3342 779 3515 851 φοράν
3558 782 3654 837 καὶ

403 868 461 923 in
491 868 813 923 immensam
836 867 1243 924 multitudinem
1269 884 1546 935 crescere;
1584 885 1818 939 cumque
1858 884 1975 923 ma-

2095 865 2313 919 επίδοσιν
2331 903 2346 930 ,
2368 885 2386 918 ι
2431 866 2758 939 Ἐπέστησεν
2779 869 2983 933 αὐτοῖς,
3011 868 3194 940 φησὶν,
3219 870 3516 935 ἐπιστάτας
3542 871 3654 928 τῶν

402 961 651 1032 lignitate
674 975 886 1017 summa
915 967 1208 1015 conaretur
1237 968 1446 1016 tantum
1472 960 1622 1017 illius
1649 962 1826 1032 gentis
1852 977 1979 1031 pro-

2095 952 2278 1025 ἔργων,
2306 954 2395 1011 ἵνα
2422 956 2746 1013 κακώσωσιν
2767 960 2962 1024 αὐτοὺς
2985 961 3043 1015 ὲν
3068 963 3179 1026 τοῖς
3204 960 3405 1032 ἔργοις.
3445 981 3463 1013 ι
3494 965 3655 1035 Περι-

402 1061 630 1108 ventum
658 1060 823 1121 atque
869 1050 1269 1110 incrementum
1300 1052 1560 1109 cohibere
1591 1073 1602 1106 :
1637 1072 1655 1104 ι
1690 1053 1976 1124 Imposuit,

2095 1047 2337 1122 τρέπεται
2362 1049 2420 1103 δὲ
2448 1050 2631 1114 αὐτοῖς
2645 1051 2781 1122 πρὸς
2801 1051 2862 1105 rb
2890 1053 3127 1108 ἐναντίον
3146 1055 3180 1125 ἡ
3210 1053 3420 1125 σκέψις.
3452 1055 3518 1109 Ἦ
3547 1056 3656 1128 γάρ

406 1145 607 1215 inquit,
649 1145 729 1199 eis
750 1144 1035 1215 praefectos
1062 1160 1309 1215 operum,
1330 1153 1390 1199 ut
1413 1145 1713 1217 amigerent
1740 1163 1835 1202 eos
1853 1161 1981 1217 ope-

2095 1143 2486 1215 ὲπενηνεγμένη
2508 1143 2749 1208 κάκωσις
2780 1145 3051 1216 πρόφασις
3080 1147 3263 1210 αὐτοῖς
3285 1146 3387 1217 τῆς
3413 1146 3493 1212 εἰς
3518 1149 3657 1219 πλη-

405 1238 561 1293 ribus
589 1237 635 1270 ⁸³
663 1256 675 1290 :
709 1257 728 1289 ι
760 1236 868 1293 Sed
902 1237 1009 1293 hoc
1036 1238 1154 1309 ejus
1180 1238 1469 1294 consilium
1491 1240 1794 1295 contrarios
1818 1254 1983 1294 even-

2095 1233 2178 1287 lbv
2205 1235 2496 1299 ἐπιδόσεως
2522 1231 2609 1307 ἦν,
2637 1234 2772 1290 Θεοῦ
2803 1236 2864 1291 rb
2896 1239 3083 1309 χρῆμα
3102 1238 3533 1310 οἰκονομοῦντος,
3564 1242 3659 1295 καὶ

408 1340 497 1385 tus
531 1329 757 1396 habuit;
792 1345 921 1384 nam
952 1346 1019 1385 ea
1061 1331 1199 1400 ipsa,
1228 1344 1350 1400 quae
1374 1329 1711 1385 inferebatur
1742 1331 1979 1396 vexatio,

2095 1326 2202 1388 ταῖς
2238 1325 2447 1378 ἐκείνου
2476 1326 2843 1398 ῥᾳδιουργίαις
2870 1328 2969 1398 τὴν
2996 1328 3203 1382 οἰκείαν
3231 1327 3419 1402 ὥσπερ
3438 1330 3658 1397 ἀντεξά-

2084 1431 2272 1483 γοντος
2292 1414 2471 1487 χάριν.
2502 1436 2520 1468 ι
2548 1415 2747 1471 Καθότι
2773 1419 2880 1490 γάρ
2904 1419 3099 1483 αὐτοὺς
3132 1420 3467 1484 ὲταπείνουν,
3503 1421 3657 1491 φησι,

405 1513 676 1583 sapientia
698 1513 1096 1579 moderaretur,
1114 1520 1171 1568 et
1196 1512 1496 1569 Pharaonis
1524 1513 1737 1568 astutiae
1755 1514 1985 1584 gratiam

2095 1508 2321 1579 τοσούτῳ
2367 1508 2583 1572 πλείους
2622 1508 2861 1579 ἐγίνοντο
2909 1510 3002 1563 καὶ
3038 1510 3242 1582 ἴσχυον.
3304 1531 3322 1564 ι
3379 1513 3660 1583 Ἐπιφέρει

406 1619 561 1659 suam
591 1612 911 1674 opponeret.
926 1602 1167 1670 «Quanto
1189 1619 1425 1674 namque
1443 1619 1539 1659 eos
1561 1604 1976 1670 humiliabantg

2095 1599 2188 1670 μὲν
2212 1600 2318 1671 γὰρ
2343 1599 2442 1663 τὰς
2469 1599 2675 1671 θλίψεις
2705 1602 2734 1654 ὁ
2760 1602 3024 1666 Σατανᾶς,
3051 1603 3176 1666 τοὺς
3202 1603 3420 1668 ὀδόντας
3449 1604 3660 1675 ἐπιτρί-

406 1696 609 1767 inquit,
649 1716 681 1771 r
704 1703 855 1752 tanto
894 1696 1080 1767 plures
1118 1695 1322 1751 ﬁebant
1349 1704 1403 1751 et
1430 1697 1914 1752 invalescebant".
1958 1717 1977 1749 ι

2095 1690 2195 1757 ζων
2232 1695 2345 1755 τοῖς
2376 1692 2571 1761 ἁγίοις,
2600 1694 2695 1747 καὶ
2726 1686 2910 1765 ὧνπερ
2945 1694 3011 1748 ἂν
3039 1695 3115 1758 ὡς
3144 1694 3288 1749 ἰδίων
3326 1698 3663 1766 μετεποιεῖτο

407 1772 669 1857 Quamvis
684 1789 831 1843 enim
852 1787 1236 1844 tribulationes
1252 1788 1449 1842 inferat
1466 1787 1713 1854 Satanas,
1728 1788 1988 1844 dentibus

2095 1783 2240 1848 Θεὸς,
2275 1785 2485 1848 τούτοις
2528 1785 2614 1839 ἀεί
2655 1802 2772 1849 πως
2802 1785 3103 1857 ἀπολέγδην
3153 1786 3470 1857 ὲπιπηδῶνο
3514 1808 3533 1841 ι
3580 1788 3663 1841 Τά

409 1881 526 1936 suis
546 1882 598 1935 in
616 1888 930 1936 sanctorum
946 1895 1118 1950 genus
1134 1879 1390 1945 fremens;
1409 1888 1463 1935 et
1476 1895 1613 1950 quos
1628 1881 1772 1936 Deus
1787 1892 1848 1936 ut
1862 1896 1986 1951 pro-

2095 1874 2197 1945 γάρ
2225 1873 2490 1946 βρώματα
2516 1874 2677 1928 αὑτοῦ
2736 1874 2988 1941 ὲκλεκτὰ,
3029 1855 3244 1948 »φησίν
3269 1893 3284 1906 ο
3313 1855 3436 1931 ἀλλ’
3474 1880 3522 1932 οἱ
3562 1896 3661 1932 πο-

407 1973 559 2042 prios
593 1971 695 2027 sibi
719 1971 1032 2037 asseruerit,
1057 1971 1109 2026 in
1139 1986 1236 2026 eos
1278 1986 1494 2041 semper
1524 1972 1770 2043 egregios
1796 1973 1986 2028 obser-

2095 1967 2305 2031 νοῦντες
2334 1969 2392 2020 ὲν
2420 1966 2649 2031 τούτοις,
2679 1967 2856 2023 αὐτῶν
2888 1968 3145 2039 ἀμείνους
3171 1968 3384 2024 ἔσονται
3413 1970 3664 2041 πειραζό-

406 2081 544 2121 vans
583 2067 776 2132 irruat,
810 2086 828 2117 ι
858 2065 1010 2121 Esca:
1035 2081 1273 2136 namque
1308 2065 1459 2120 illius
1501 2066 1688 2121 electae
1718 2073 1896 2130 sunt,»
1940 2064 1987 2097 ⁸⁸

408 2157 621 2228 inquit:
647 2166 848 2224 tamen,
868 2159 962 2228 qui
985 2157 1042 2216 in
1068 2158 1449 2230 hujuscemodi
1472 2157 1639 2213 rebus
1665 2157 1893 2228 impigre
1911 2156 1991 2211 la-

407 2247 624 2315 borant,
642 2265 709 2305 eo
732 2250 869 2320 ipso,
883 2266 992 2321 quo
1007 2258 1313 2317 tentantur,
1327 2267 1385 2307 se
1401 2250 1535 2320 ipsis
1550 2250 1805 2306 meliores
1829 2248 1986 2315 ﬁunt,

407 2355 612 2411 eosque
651 2342 1012 2396 certaminum
1043 2342 1332 2397 tolerantia
1368 2342 1559 2413 procul
1592 2341 1760 2396 dubio
1789 2341 1989 2396 clario-

409 2448 500 2488 res
529 2435 741 2501 reddit,
786 2435 860 2489 ita
886 2443 947 2489 ut
986 2450 1084 2504 per
1110 2451 1231 2504 quae
1261 2422 1353 2488 ille
1386 2435 1649 2489 molestus
1678 2449 1798 2488 esse
1827 2441 1991 2504 atque

408 2540 607 2580 vexare
649 2527 921 2597 cogitarit,
950 2542 1051 2597 per
1081 2541 1147 2581 ea
1185 2526 1421 2579 maxime
1461 2525 1626 2579 etiam
1668 2524 1872 2599 invitus
1898 2526 1991 2595 ju-

412 2623 584 2680 vet,et
602 2631 700 2685 per
715 2631 837 2685 quae
857 2616 981 2670 illos
997 2615 1216 2670 vincere
1241 2616 1575 2685 putarit,per
1593 2615 1786 2670 eadem
1805 2614 1992 2669 valen-

410 2709 584 2763 tiores
624 2705 839 2762 cﬂiciat.
872 2707 1008 2763 Cum
1035 2723 1165 2763 vero
1193 2709 1407 2763 vafrum
1455 2708 1591 2763 illud
1623 2704 1993 2764 commentum

408 2800 624 2857 Pharao
649 2800 818 2854 alium
851 2815 1015 2869 quam
1044 2807 1263 2870 putarat
1290 2799 1497 2854 exitum
1543 2800 1802 2856 habuisse
1835 2800 1991 2855 vide-

414 2900 518 2956 ret,
554 2899 610 2947 et
640 2892 695 2946 in
729 2907 796 2947 eo
824 2892 964 2962 ipso,
1005 2892 1153 2963 quod
1196 2892 1393 2948 laedere
1437 2909 1495 2948 se
1538 2893 1784 2963 putabat,
1827 2894 1993 2950 etiam

410 2980 623 3051 juvare,
647 2998 790 3049 sero,
813 2999 876 3038 ac
899 2984 988 3038 vix
1015 2983 1232 3038 tandem
1255 2984 1459 3039 sentire
1487 2984 1761 3053 coepisset,
1792 2983 1993 3039 immu-

412 3082 494 3130 tat
518 3075 663 3130 illico
689 3075 985 3130 insidiandi
1015 3076 1304 3131 rationem.
1319 3075 1614 3131 Accersitis
1634 3092 1869 3147 namque
1892 3077 1997 3131 Hc-

2093 2075 2271 2131 μενοι·
2295 2059 2389 2113 καὶ
2409 2059 2470 2112 τὸ
2504 2059 2769 2130 καρτερὸν
2797 2061 2854 2112 ἐν
2879 2059 3085 2136 ἀγῶσιν
3114 2061 3405 2130 ἀποφαίνει
3434 2063 3498 2134 δὴ
3530 2063 3662 2117 πάν-

2089 2170 2197 2217 τως
2217 2151 2651 2223 εὐκλεεστέρους,
2679 2152 2756 2216 ὥς
2785 2170 2843 2205 τε
2874 2152 2942 2206 δι’
2968 2145 3043 2207 ὧν
3069 2153 3134 2207 ἂν
3156 2156 3330 2207 νοοῖτο
3361 2156 3550 2208 λυπεῖν
3572 2156 3664 2209 καὶ

2091 2244 2318 2309 κακοῦν,
2352 2244 2440 2298 διὰ
2470 2244 2672 2297 τούτων
2705 2244 2938 2315 μάλιστα
2970 2246 3063 2298 καὶ
3100 2246 3197 2316 οὐχ
3238 2244 3397 2311 ἑκὼν,
3423 2246 3666 2316 ὀνήσειεν

2090 2338 2177 2404 ἂν,
2214 2337 2308 2392 καί.
2348 2338 2416 2391 δι’
2452 2331 2526 2393 ὧν
2558 2340 2806 2410 αἱρήσειν
2844 2338 3167 2410 ὑπείληφεν,
3218 2340 3668 2410 εὐσθενεστέρους

2091 2428 2364 2486 ἀποτελεῖ.
2408 2431 2624 2504 Ἐπειδὴ
2659 2430 2716 2485 δὲ
2747 2431 2806 2484 rb
2846 2431 3153 2501 πανοῦργον
3183 2432 3422 2504 σόφισμα
3451 2432 3530 2500 τῷ
3557 2434 3667 2485 Φα-

2096 2522 2210 2594 ραὼ
2255 2523 2390 2595 πρὸς
2441 2522 2699 2593 ἀδόκητον
2753 2522 2924 2594 πέρας
2959 2523 3285 2594 ὲκτελευτᾷ,
3342 2523 3437 2577 καὶ
3477 2522 3546 2576 δι’
3592 2515 3668 2576 ὧν

2095 2617 2319 2682 ἐκάκου,
2345 2617 2439 2670 καὶ
2470 2615 2838 2688 προσωφελῶν
2866 2612 2953 2687 ἦν,
2982 2616 3080 2688 ὀψὲ
3109 2616 3203 2671 καὶ
3236 2616 3385 2688 μόλις
3414 2615 3669 2670 αἰσθάνε-

2092 2726 2206 2774 ται,
2255 2709 2350 2763 καὶ
2384 2708 2671 2780 μεθίστησι
2707 2710 3048 2781 παραχρῆμα
3093 2709 3193 2780 τῆς
3241 2708 3533 2780 ἐπιϐουλῆς
3577 2708 3669 2762 τὸν

2093 2802 2324 2873 τρόπον’
2382 2800 2878 2873 μεταπεμψάμενος
2932 2800 3041 2872 γὰρ
3087 2800 3196 2855 τῶν
3251 2799 3516 2871 Ἐϐραίων
3569 2798 3670 2862 τὰς

2099 2893 2283 2963 μαίας,
2321 2910 2340 2944 ι
2368 2893 2537 2947 Ὅταν
2565 2890 2825 2963 μαιοῦσθε
2878 2893 2976 2956 τὰς
3027 2891 3302 2962 Ἐϐραίας,
3341 2892 3535 2961 φησὶν,
3575 2890 3672 2943 καὶ

2096 2977 2198 3036 ὦσι
2231 2983 2366 3055 πρὸς
2393 2985 2455 3036 rb
2485 2984 2690 3037 τίκτειν
2709 3024 2722 3047 ,
2750 2982 2844 3037 ἐὰν
2890 2983 2988 3053 μὲν
3027 2984 3191 3054 ἄρσεν
3223 2978 3672 3056 ᾗ,“άποκτείνατε

2098 3073 2248 3138 αὐτὸ,
2285 3074 2377 3128 ἐὰν
2407 3073 2463 3127 δὲ
2504 3073 2657 3145 θῆλυ,
2689 3075 3060 3146 περιποιεῖσθε
3092 3074 3241 3128 αὑτό.
3289 3094 3307 3128 ι
3358 3075 3668 3146 Ἐφοϐήθη-

414 3164 685 3219 brmorum
720 3165 1132 3232 obstetricibus,
1176 3185 1194 3218 ι
1224 3166 1361 3222 Cum
1409 3167 1838 3223 obstetricabitis
1882 3167 1991 3222 Hc-

2102 3180 2199 3217 σαν
2242 3164 2297 3218 δὲ
2332 3165 2388 3218 αἰ
2419 3167 2577 3237 μαῖαι
2609 3165 2699 3221 τὸν
2733 3165 2887 3232 Θεὸν,
2923 3167 3016 3220 καὶ
3048 3166 3148 3218 οὐκ
3184 3166 3445 3236 ἐποίησαν
3483 3166 3674 3219 καθότι

413 3257 607 3324 bracas,
632 3258 830 3329 inquit,
858 3266 914 3314 et
939 3266 1127 3329 partus
1149 3267 1364 3330 tempus
1385 3261 1687 3325 advenerit,
1724 3260 1994 3332 siquidem

2099 3256 2384 3321 συνέταξεν
2413 3257 2596 3322 αὐτοῖς
2637 3259 2665 3311 ὁ
2705 3257 2956 3328 βασιλεὺς
2991 3257 3265 3328 Αἰγύπτου
3298 3259 3393 3313 καὶ
3439 3258 3675 3326 ὲζωογό-

413 3350 691 3404 masculus
731 3349 918 3415 fuerit,
954 3350 1245 3406 interﬁcite
1276 3351 1467 3418 illum;
1503 3351 1663 3422 110
1689 3351 1776 3406 sin
1813 3360 1996 3406 autem

412 3440 638 3509 femina,
675 3452 888 3499 servate
917 3444 1084 3499 illam.
1110 3443 1440 3500 Timuerunt
1460 3455 1644 3500 autem
1670 3443 1997 3498 obstetrices

413 3531 626 3596 Deum,
659 3540 717 3588 et
755 3548 865 3588 non
908 3532 1163 3588 fecerunt
1209 3534 1353 3589 sicut
1395 3541 1734 3605 praeceperat
1774 3532 1855 3587 eis
1902 3547 1999 3586 rex

413 3620 652 3695 Egypti,
686 3631 743 3676 et
769 3623 1120 3678 viviﬁcabant
1153 3624 1425 3678 masculos
1461 3624 1526 3677 ⁸⁸.
1563 3643 1581 3675 ι
1617 3622 1864 3693 Cumque
1904 3622 1997 3677 illa

415 3716 681 3770 adversus
701 3714 1057 3769 Hebraeorum
1085 3729 1258 3782 genus
1294 3713 1564 3784 impietas,
1596 3722 1997 3783 cruentumque

416 3803 710 3858 consilium
754 3801 973 3857 irritum
1012 3801 1302 3857 cecidisset
1335 3801 1534 3872 (neque
1559 3802 1705 3856 enim
1747 3801 1997 3873 permisit

416 3894 564 3948 Deus
601 3891 927 3945 obstetrices
970 3899 1181 3944 tantum
1228 3881 1408 3946 scelus
1437 3889 1826 3961 committere),
1862 3908 1996 3947 con-

416 3983 586 4037 vertit
608 3998 665 4037 se
680 3982 793 4052 jam
815 3981 882 4036 ad
912 3989 1155 4052 apertam
1180 3982 1292 4036 vim
1318 3990 1484 4052 atque
1516 3982 1791 4054 iniuriam,
1818 3999 1997 4053 neque

417 4072 602 4129 adhuc
631 4074 770 4128 clam
791 4089 989 4128 vexare
1019 4081 1328 4139 contentus,
1359 4081 1607 4145 apertum
1640 4074 1843 4129 bellum
1872 4090 1995 4130 sus-

418 4165 571 4236 cipit,
616 4180 920 4235 necemque
964 4165 1321 4220 inhumanam
1365 4165 1451 4230 iis,
1507 4165 1603 4235 qui
1640 4173 1998 4221 nascerentur

417 4258 684 4313 decernit.
715 4277 734 4309 (
768 4257 1033 4329 Praecepit
1064 4258 1232 4324 enim,
1264 4257 1462 4328 inquit,
1484 4258 1699 4313 Pharao
1728 4258 1875 4313 omni
1894 4274 1995 4329 po-

416 4347 549 4417 pulo
570 4361 691 4412 suo,
723 4346 914 4401 dicens
950 4364 962 4400 :
1005 4365 1021 4397 ι
1048 4346 1220 4402 Omne
1256 4346 1582 4413 masculum,
1614 4347 1760 4418 quod
1807 4354 1996 4401 natum

415 4438 583 4493 fuerit
606 4438 870 4500 Hebraeis,
896 4438 1145 4509 projicite
1175 4437 1233 4492 in
1256 4436 1457 4493 ﬂumen
1479 4454 1493 4504 ;
1518 4445 1575 4493 et
1596 4453 1816 4492 omnem
1841 4436 1997 4493 femi-

2097 3363 2219 3401 νουν
2247 3347 2316 3401 τά
2348 3347 2572 3420 ἄρσενα.
2612 3368 2632 3402 ι
2678 3348 3089 3422 Ἀπρακτούσης
3124 3351 3181 3404 δὲ
3214 3349 3363 3422 αὐτῷ
3395 3349 3493 3421 τῆς
3532 3350 3678 3404 κατά

2096 3440 2190 3494 τοῦ
2231 3439 2418 3509 γένους
2462 3442 2824 3512 ἀνοσιότητος,
2880 3441 2974 3495 καὶ
3019 3442 3301 3512 μιαιφόνου
3352 3440 3576 3510 βουλῆς,
3609 3440 3674 3493 οὐ

2097 3530 2205 3602 γὰρ
2232 3531 2380 3600 ἠφίει
2413 3531 2543 3595 Θεὸς
2573 3530 2852 3587 δυσσεϐεῖν
2884 3531 2983 3594 τὰς
3016 3530 3202 3601 μαίας,
3251 3530 3458 3602 μέτεισι
3488 3528 3677 3581 λοιπὸν

2098 3622 2189 3677 ἐπὶ
2231 3621 2290 3674 τὸ
2315 3620 2588 3692 ὲκφάνδην
2617 3620 2820 3674 ἀδικεῖν
2840 3659 2854 3684 ,
2884 3621 2980 3674 καὶ
3008 3619 3309 3691 λεληθότως
3340 3619 3456 3689 μὲν,
3487 3617 3676 3670 οὐκέτι

2097 3714 2286 3768 λυπεῖν
2311 3713 2487 3784 ἠξίου,
2519 3713 2740 3784 γυμνῶς
2772 3713 2828 3767 δὲ
2858 3713 2960 3783 ἤδη
3000 3730 3115 3774 πως
3150 3713 3382 3783 αἱρεῖται
3414 3709 3676 3778 πόλεμον,

2098 3805 2192 3858 καὶ
2225 3802 2449 3857 θάνατον
2480 3802 2662 3872 ἀπηνῆ
2702 3801 2809 3854 τῶν
2840 3802 3176 3870 τικτομένων
3210 3799 3677 3873 καταψηφίζεται.

2103 3913 2123 3947 ι
2163 3894 2424 3959 Συνέταξε
2453 3893 2579 3964 γὰρ,
2619 3893 2769 3962 φησὶ,
2798 3891 2995 3962 Φαραὼ
3038 3892 3200 3944 παντί
3233 3892 3310 3960 τῷ
3351 3893 3465 3964 λαῷ
3506 3891 3678 3945 αὑτοῦ

2096 3985 2268 4054 λέγων
2288 4003 2300 4016 ’
2330 3987 2443 4039 Πᾶν
2463 3984 2628 4056 άρσεν
2651 3983 2678 4035 ὃ
2705 3983 2799 4036 ὲάν
2826 3981 2994 4053 τεχθῇ
3015 3985 3128 4046 τοῖς
3161 3981 3449 4054 Ἑϐραίοις,
3478 3984 3559 4045 εἰς
3585 3983 3679 4036 τὸν

2098 4075 2340 4148 ποταμὸν
2371 4075 2584 4148 ῥίψατε,
2620 4075 2715 4128 καὶ
2744 4077 2852 4127 πᾶν
2888 4073 3047 4144 θῆλυ,
3081 4072 3394 4141 ζωογονεῖτε
3442 4073 3596 4127 αὐτό.
3651 4094 3672 4126 ι

2095 4166 2262 4220 Μέλει
2301 4165 2405 4236 γάρ
2446 4163 2595 4235 αὐτῷ
2618 4163 2711 4216 τοῦ
2738 4163 2943 4236 θήλεως
2974 4163 3241 4235 οὐδαμῶς,
3276 4161 3679 4234 ἀφιλοπόλεμον

2097 4257 2203 4327 γὰρ
2225 4256 2414 4327 χρῆμα
2443 4256 2603 4328 γυνὴ,
2639 4257 2731 4310 καὶ
2758 4259 2857 4310 οὐκ
2883 4259 3092 4310 ἀστεῖον
3121 4258 3200 4320 εἰς
3234 4254 3446 4309 σύνεσιν
3466 4273 3481 4288 ·
3511 4255 3678 4308 λυπεῖ

2096 4347 2152 4400 δὲ
2193 4350 2311 4400 κατ’
2340 4348 2507 4418 ἄμφω
2532 4347 2592 4401 rb
2633 4346 2819 4418 ἄρσεν,
2848 4347 2924 4412 ὡς
2960 4347 3121 4417 σοφόν
3145 4364 3204 4400 τε
3231 4348 3322 4400 καὶ
3352 4346 3675 4418 μαχιμώτα-

2097 4459 2207 4496 τον.
2243 4439 2451 4495 Οὺκοῦν
2479 4441 2694 4512 ἥδιστόν
2735 4458 2799 4511 γε
2840 4441 2934 4494 καὶ
2976 4439 3313 4510 καταθύμιον
3353 4440 3549 4510 κομιδῆ
3593 4437 3673 4508 τῷ

415 4546 544 4584 nam
579 4530 852 4586 viviﬁcate
880 4531 946 4585 ⁸⁷.
986 4549 1003 4582 ι
1030 4530 1219 4600 Neque
1253 4529 1400 4584 enim
1434 4528 1502 4583 de
1541 4528 1869 4584 feminarum
1902 4545 1994 4600 ge-

2102 4533 2370 4606 μιαιφόνῳ
2403 4532 2674 4604 δράκοντι,
2705 4533 2847 4604 φημί
2876 4532 2940 4603 δὴ
2967 4532 3045 4603 τῷ
3075 4533 3307 4603 Σατανᾷ,
3336 4531 3509 4602 ψυχῆς
3541 4532 3675 4602 φρό-

416 4637 550 4676 ncre
580 4621 659 4675 illi
691 4638 823 4677 cura
855 4631 974 4677 erat
1001 4623 1145 4688 ulla;
1188 4622 1425 4676 imbellis
1454 4632 1539 4679 est
1570 4637 1805 4692 namque
1837 4637 1999 4676 sexus

306 4742 319 4750 -
417 4714 737 4781 muliebris,
771 4730 875 4770 nec
925 4715 993 4769 ad
1042 4714 1387 4783 prudentiam
1426 4714 1895 4779 accommodatus;
1942 4712 1996 4767 in

416 4816 652 4877 utroque
684 4816 869 4862 autem
895 4806 1070 4861 virilis
1097 4806 1363 4862 molestus
1386 4814 1489 4873 est,
1519 4814 1579 4861 ut
1607 4808 1702 4878 qui
1750 4814 1866 4862 tum
1910 4820 1999 4860 sa-

416 4898 576 4968 piens
604 4899 694 4964 sit,
726 4908 841 4953 tum
871 4898 1036 4953 etiam
1067 4898 1134 4952 ad
1176 4897 1380 4953 bellum
1413 4901 1749 4970 aptissimus.
1789 4899 1999 4954 Jucun-

417 4990 677 5044 dissimus
700 4996 784 5045 est
814 4990 977 5061 igitur
1007 4998 1167 5060 atque
1197 4992 1536 5061 gratissimus
1570 5002 1709 5047 tctro
1746 4991 1823 5045 illi
1865 4991 1994 5044 dra-

417 5079 564 5143 coni,
598 5079 811 5134 Satanaa
850 5064 1093 5150 inquam,
1123 5081 1408 5138 muliebris
1443 5084 1533 5139 ille
1573 5083 1740 5136 animi
1769 5098 1991 5145 sensus,

416 5170 766 5225 effeminatus
794 5180 850 5226 et
881 5171 1135 5237 imbellis,
1171 5175 1238 5235 ad
1257 5174 1374 5230 lucc
1405 5176 1472 5229 ad
1500 5173 1821 5242 sapientiam
1854 5189 1993 5242 quo-

417 5276 526 5329 que
551 5276 745 5330 parum
775 5271 971 5332 aptus:
1007 5263 1228 5320 inimica
1270 5280 1436 5335 porro
1467 5273 1523 5318 ct
1554 5262 1744 5316 odiosa
1788 5261 1882 5317 illa
1927 5263 1995 5317 ad

418 5351 794 5408 fortitudinem
822 5355 1093 5420 alacritas,
1127 5367 1184 5411 et
1216 5355 1382 5408 animi
1417 5353 1497 5407 vis
1523 5352 1784 5422 languore
1815 5362 1995 5409 metu-

418 5460 525 5514 que
550 5446 819 5517 superior,
845 5464 1000 5504 mens
1026 5448 1152 5502 item
1183 5460 1395 5500 summa
1427 5444 1718 5515 prudentia
1745 5446 1992 5517 praedita.

420 5537 710 5609 Propterea
735 5540 1062 5595 muliebrem
1088 5544 1279 5593 sc'xum
1308 5536 1494 5592 vivum
1530 5546 1733 5606 servat,
1760 5550 1816 5595 et
1843 5540 1899 5595 in
1928 5557 1996 5597 eo

2100 4644 2249 4698 νημα
2274 4626 2733 4696 γυναικοπρεπές,
2761 4625 3233 4696 ἑκτεθηλυμμένον
3254 4642 3311 4678 τε
3341 4625 3433 4677 καὶ
3457 4623 3671 4677 ἄναλκι-

2101 4718 2195 4772 καί
2223 4716 2357 4788 πρός
2382 4732 2446 4785 γε
2470 4715 2642 4785 τούτῳ
2668 4714 2856 4768 νοσοῦν
2879 4714 2940 4766 rb
2959 4716 3040 4778 εἰς
3066 4714 3254 4782 σοφίαν
3278 4714 3673 4784 ἀνεπιτήδειον,

2100 4808 2293 4881 ἐχθρὸν
2321 4807 2378 4861 δὲ
2405 4807 2500 4860 καὶ
2543 4805 3021 4875 κατεστυγημένον
3049 4805 3109 4859 rb
3144 4805 3421 4878 πρόθυμον
3461 4807 3542 4868 εἰς
3579 4806 3676 4858 ἀν-

2100 4900 2302 4972 δρείαν,
2328 4898 2422 4952 καὶ
2447 4895 2792 4968 μαλακισμοῦ
2819 4895 2917 4965 μὲν
2940 4895 3181 4965 ἄμεινον,
3204 4895 3402 4958 δειλίας
3426 4894 3484 4948 δὲ
3506 4895 3674 4950 καθυ-

2101 4988 2422 5062 περτεροῠν,
2479 4987 2574 5041 καὶ
2622 4987 2685 5040 τὸ
2734 4986 2874 5054 ἄγαν
2928 4986 3381 5056 ὲμφρονέστατον.
3435 4985 3535 5039 Διά
3590 5003 3672 5040 τοι

2101 5083 2276 5147 τοῦτο,
2312 5081 2568 5149 ζωογονεῖ
2598 5080 2694 5150 μὲν
2726 5077 2788 5131 τὸ
2816 5077 2973 5148 θῆλυ,
3014 5079 3107 5157 καὶ
3144 5076 3386 5145 ὲξίστησί
3415 5093 3533 5140 πως
3573 5076 3672 5148 τὴν

2100 5174 2187 5227 ἐπ’
2208 5171 2357 5242 αὐτῷ
2380 5169 2658 5243 μιαιφόνον
2680 5169 2871 5240 βουλήν
2892 5185 2949 5221 τε
2975 5169 3069 5221 καὶ
3091 5167 3301 5236 σκέψιν.
3333 5165 3539 5238 Εὗηθες
3563 5168 3671 5237 γάρ

2098 5264 2249 5337 οἶμαι
2289 5264 2351 5318 rb
2395 5262 2663 5335 μάχεσθαι
2697 5261 2877 5331 ζητεῖν
2911 5260 3022 5320 τοῖς
3060 5258 3284 5311 αὐτόθεν
3316 5257 3669 5329 ὑπεστρωμέ-

2098 5376 2230 5422 νοις,
2253 5355 2461 5410 οἴκοθέν
2488 5371 2548 5408 τε
2576 5350 2792 5407 νοσοῦσι
2815 5350 2878 5403 rb
2906 5348 3233 5419 meeDXOat
3263 5348 3437 5417 φιλεῖν
3454 5391 3467 5412 ,
3504 5366 3670 5401 κατα-

2098 5449 2281 5518 πνίγει
2311 5447 2367 5501 δὲ
2390 5446 2576 5516 ὥσπερ
2608 5443 2670 5496 rb
2701 5442 2866 5515 ἄρσεν
2893 5444 3010 5505 ταῖς
3038 5442 3145 5494 τῶν
3173 5440 3493 5510 πειρασμῶν
3525 5456 3670 5509 περι-

2052 5590 2056 5594 .
2101 5541 2353 5607 στάσεσιν
2376 5535 2451 5607 (1)
2483 5534 2664 5598 ὲνιείς.
2689 5533 2857 5587 Τοῦτό
2889 5550 2977 5604 μοι
3008 5532 3263 5587 δοκεῖκαὶ
3284 5533 3311 5585 ό
3346 5530 3487 5594 θεῖος
3510 5530 3668 5583 Δαϐἰδ

489 5688 534 5719 ⁵³
572 5686 744 5741 Exod.
772 5699 807 5749 Ι,
852 5685 936 5738 11.
1007 5684 1052 5715 5"
1075 5683 1210 5737 ibid.
1240 5683 1323 5736 12.
1385 5683 1718 5748 “Habitat,
1770 5685 1859 5739 16.
1917 5686 1994 5740 ⁸⁸1

2095 5683 2156 5738 ,(1.
2181 5680 2327 5745 ι,16,
2354 5676 2437 5733 17.
2509 5679 2554 5711 ⁸⁷
2580 5677 2714 5732 ibid.
2737 5676 2831 5732 22.

492 5832 568 5894 (1)
597 5832 782 5885 Codex
809 5828 1014 5894 Sirleli,
1048 5828 1444 5899 περιππχτμῶν
1472 5828 1870 5900 περιστάσεσιν,
1903 5828 1994 5891 diu

2095 5812 2305 5878 'lion'um
2331 5819 2617 5875 molestias.
