3968 6300
291 287 392 344 309
1141 295 1583 353 ADORATIONE
1622 298 1686 353 IN
1729 299 2000 358 SPIRITU
2039 302 2127 358 ET
2165 301 2533 359 VERITATE.
2577 298 2703 357 LIB.
2746 302 2833 357 IV.
3432 250 3555 349 έιυο

290 405 656 504 ἀναμελῳδεῖν
687 406 778 460 καὶ
818 406 998 475 λέγειν
1020 423 1032 437 ·
1070 428 1089 461 ι
1129 409 1192 462 El
1231 410 1307 480 μὴ
1341 411 1421 464 ὅτι
1462 410 1666 480 Κύριος
1702 406 1772 482 ἦν
1807 411 1864 465 ἐν

1976 416 2081 470 solo
2109 415 2335 485 deponit
2382 423 2665 469 cruentam
2714 414 2859 467 illam
2894 413 3340 468 deliberationem
3378 421 3545 481 atque

292 494 423 562 ἡμῖν
451 495 513 549 ὲν
553 495 632 568 τῷ
661 498 1029 569 ἐπαναστῆναι
1074 500 1394 573 ἀνθρώπους
1421 501 1507 570 ἐφ’
1549 503 1715 573 ἡμᾶς,
1755 503 1863 575 ἄρα

1976 504 2277 559 consilium.
2311 503 2547 558 Stultum
2588 501 2737 556 enim
2774 509 2879 565 est,
2924 501 3137 570 opinor,
3170 515 3296 554 eum
3330 499 3397 554 iis
3438 514 3540 569 pu—

293 582 499 651 ζῶντας
546 587 612 644 ἂν
659 591 914 645 κατέπιον
959 593 1143 664 ἡμᾶς’
1176 595 1234 647 ὲν
1279 594 1358 665 τῷ
1405 593 1722 666 ὀργισθῆναι
1771 595 1864 649 τὸν

1976 609 2134 664 gnare
2165 594 2325 658 velle,
2354 593 2448 663 qui
2476 593 2577 662 ipsi
2599 608 2696 662 per
2717 606 2775 646 se
2807 592 3063 661 prostrati
3093 599 3239 655 sunt,
3262 606 3329 645 ac
3350 596 3544 661 sponte

293 671 463 745 θυμὸν
484 679 663 733 αὐτῶν
684 682 767 751 ἐφ’
795 684 963 753 ἡμᾶς,
989 684 1096 755 ἀρα
1126 685 1188 738 τὸ
1217 685 1358 758 ὔδωρ
1384 685 1452 739 ἂν
1477 687 1862 742 κατεπόντισεν

1976 685 2049 740 sic
2077 684 2277 750 allecti,
2308 692 2369 737 ut
2401 682 2633 753 subjecti
2675 696 2797 737 esse
2838 681 3032 735 malint
3059 698 3070 732 :
3101 679 3333 735 suffocat
3360 687 3544 735 autem

292 765 437 835 ἡμᾶς
458 783 472 796 ⁸
519 770 823 845 χείμαρρον
855 773 1068 844 διῆλθεν
1100 776 1134 847 ἡ
1179 775 1324 847 ψυχὴ
1352 777 1529 848 ήμῶν.
1577 796 1597 829 ι

1976 773 2204 844 quodam
2228 773 2392 857 modg
2420 773 2745 837 masculum,
2771 786 2894 827 cum
2927 785 3055 825 eum
3089 770 3147 824 in
3182 772 3545 824 tentationum

291 858 536 926 pericula
568 862 807 934 conjicit.
847 864 962 920 Hoc
1006 866 1142 921 inibi
1181 867 1400 923 videtur
1441 868 1605 923 etiam
1646 865 1867 922 divinus
1903 865 2074 921 David
2108 880 2325 931 canere,
2361 879 2486 919 cum
2520 863 2653 918 dicit
2689 879 2703 915 :
2741 881 2759 913 ι
2797 862 2911 916 Nisi
2945 861 3074 931 quia
3110 859 3373 915 Dominus
3412 866 3548 915 erat

291 950 347 1005 in
374 952 553 1017 nobis,
578 968 702 1008 cum
724 964 1081 1027 exsurgerent
1106 958 1361 1013 homines
1388 958 1443 1013 in
1474 974 1595 1025 nos,
1621 958 1763 1013 forte
1810 958 1966 1013 vivos
2008 956 2373 1027 deglutissent
2432 970 2564 1022 nos;
2620 969 2746 1009 cum
2779 953 3107 1009 irasceretur
3136 952 3290 1008 furor
3354 965 3552 1007 eorum

291 1039 349 1096 in
389 1056 510 1106 nos,
546 1041 775 1098 forsitan
801 1058 947 1115 aqua
987 1045 1366 1103 absorbuisset
1405 1061 1535 1113 nos;
1566 1054 1862 1101 torrentem
1899 1042 2257 1115 pertransivit
2280 1042 2462 1098 anima
2486 1049 2669 1097 nostra
2694 1041 2760 1095 ⁸⁸.
2799 1058 2816 1091 δ

359 1135 566 1189 ΠΑΛΛ.
603 1127 732 1187 Ὧδε
770 1133 902 1205 ἔχει.

362 1224 527 1278 ΚΥΡ.
560 1223 661 1277 Ἀθ
670 1240 753 1295 ρει
777 1224 841 1295 δὴ
867 1226 968 1297 τῆς
987 1225 1275 1297 ἐπιϐουλῆς
1296 1228 1388 1283 τὸν
1408 1227 1626 1301 τρόπον.
1648 1227 1870 1302 Πρῶτον

294 1314 395 1383 μὲν
421 1312 532 1384 γάρ
559 1313 757 1376 αὐτοὺς
785 1314 1000 1385 ἀγρίοις
1031 1317 1351 1389 κατῃκίζετο
1374 1317 1576 1383 πόνοις,
1599 1318 1660 1371 τὸ
1691 1317 1765 1389 μὴ
1791 1319 1871 1381 είς

293 1404 505 1476 πληθὺν
544 1405 682 1458 ίέναι
710 1406 934 1477 πολλὴν,
961 1408 1380 1479 κακουργότατα
1406 1409 1778 1480 σοφιζόμενος,
1800 1408 1868 1462 δι’

290 1488 366 1548 ὧν
389 1494 541 1565 ἠξίου
572 1494 776 1550 κακοῦν
798 1511 811 1524 ·
844 1497 939 1551 καὶ
969 1495 1224 1568 λαθραῖον
1267 1494 1336 1569 ἦν
1375 1497 1456 1552 ἔτι
1493 1498 1555 1552 τὸ
1595 1498 1861 1570 ἀδίκημα,

292 1586 385 1638 καὶ
407 1587 468 1639 οὐ
514 1586 634 1639 λίαν
672 1586 920 1658 ἐμφανὴς
962 1589 991 1641 6
1027 1586 1121 1641 τοῦ
1156 1588 1420 1661 τυράννου
1459 1588 1681 1653 σκοπὸς,
1734 1589 1865 1643 ἀντ-

289 1677 514 1748 εφέρετο
529 1676 587 1731 δὲ
616 1677 865 1749 καθάπερ
889 1677 1025 1747 ἔφην
1046 1678 1266 1750 ἀρτίως,
1287 1681 1321 1750 ἡ
1343 1679 1437 1733 τοῦ
1459 1678 1863 1751 κατοικτείρον-

286 1765 381 1830 τός
423 1769 601 1840 χάρις.
651 1769 1079 1841 Ταπεινούμενοι
1124 1769 1210 1835 δὲ,
1263 1769 1464 1840 μᾶλλον
1511 1772 1590 1835 είς
1636 1769 1866 1842 αὔξησιν

287 1858 469 1922 ἵεσαν,
503 1858 677 1929 ἀλκῆς
718 1875 779 1912 τε
821 1859 916 1912 καὶ
951 1857 1208 1929 ἀριθμοῦ.
1246 1856 1379 1914 Εἶτα
1422 1859 1511 1913 διὰ
1554 1860 1723 1930 μέσου
1766 1861 1866 1924 τὰς

2037 1135 2236 1193 PALL.
2277 1134 2369 1190 Sic
2396 1150 2454 1190 se
2484 1151 2572 1190 res
2599 1135 2781 1190 habet.
3094 1194 3097 1199 _

2034 1227 2191 1284 CYR.
2222 1225 2356 1283 Vide
2379 1227 2493 1298 jam
2520 1242 2628 1297 qua
2651 1226 2974 1281 insidiarum
3005 1235 3121 1282 arte
3144 1227 3217 1281 sit
3245 1241 3395 1284 usus.
3424 1228 3555 1286 Pri-
3638 1215 3654 1224 ’

1965 1333 2120 1374 mum
2164 1315 2387 1386 quidem
2440 1317 2601 1371 saavis
2644 1331 2740 1373 eos
2791 1317 3077 1373 laboribus
3130 1317 3436 1384 divexavit,
3490 1318 3565 1376 id'

1964 1424 2132 1481 agens
2156 1407 2451 1464 vaferrimo
2484 1407 2579 1463 illo
2604 1416 2949 1475 commento,
2987 1418 3049 1463 ut
3094 1409 3204 1464 illis
3240 1410 3573 1465 vexationi-g

1966 1500 2071 1555 bus
2094 1515 2164 1555 ne
2187 1499 2406 1570 generis
2429 1499 2728 1554 multitudo
2750 1509 3161 1571 propagaretur.
3196 1499 3302 1556 Sed
3331 1500 3549 1557 occulta

1968 1600 2087 1646 erat
2126 1591 2308 1646 adhuc
2351 1590 2583 1661 injuria,
2631 1606 2812 1662 neque
2844 1590 3138 1645 admodum
3176 1599 3425 1666 apertum
3458 1598 3548 1663 tyb

1968 1680 2127 1735 ranni
2157 1680 2518 1751 propositum,
2543 1681 2925 1752 opponebatur
2953 1690 3137 1735 autem
3166 1680 3264 1745 illi,
3293 1689 3355 1735 ut
3374 1679 3575 1737 'modo’

1967 1771 2103 1838 dixi,
2132 1772 2445 1829 miserantis
2485 1773 2678 1845 gratia.
2727 1772 2939 1842 Itaque,
2985 1787 3095 1842 quo
3127 1770 3302 1843 magis
3338 1770 3545 1842 afﬂige-

1968 1863 2191 1929 bantur,
2225 1879 2293 1918 eo
2333 1864 2505 1935 magis
2543 1879 2735 1919 eorum
2768 1871 2888 1919 tum
2925 1863 3092 1929 vires,
3126 1870 3244 1918 tum
3282 1877 3560 1918 numerus

288 1948 459 2018 μαίας
502 1953 623 2013 ταῖς
664 1949 932 2022 Ἑϐραίων
973 1951 1251 2018 γυναιξὶν,
1303 1949 1604 2015 ἐξοπλίζειν
1649 1950 1860 2020 ἢθελεν.

1976 1954 2286 2024 augebatur.
2318 1954 2466 2009 Inter
2488 1954 2607 2009 haec
2638 1953 2964 2009 obstetrices
2990 1952 3253 2008 adversus
3282 1952 3583 2007 mulieres.-

297 2039 440 2092 ’Λλλ’
466 2040 589 2093 οὐδὲ
615 2039 774 2093 τοῦτο
803 2042 1023 2111 κρατεῖν
1059 2040 1210 2110 ἠφίει
1247 2040 1399 2103 Θεός.
1442 2040 1769 2110 Ἐπιδουλῆς
1809 2039 1866 2093 δὲ

284 2128 498 2191 λοιπὸν,
530 2129 605 2192 ὡς
633 2129 692 2183 ἐν
717 2129 886 2200 τρίτῳ
911 2147 973 2184 τε
1017 2131 1111 2184 καὶ
1151 2129 1445 2199 τελευταίῳ
1482 2131 1670 2202 τρόπῳ
1704 2131 1868 2185 παντὶ

283 2220 364 2291 τῷ
398 2220 517 2291 ίδίῳ
557 2221 894 2292 προστέταχε
939 2222 1053 2294 λαῷ
1091 2223 1444 2292 καταπνίγειν
1470 2222 1531 2277 τὸ
1569 2224 1735 2294 ἄρσεν
1756 2263 1771 2289 ,
1808 2223 1868 2277 τὸ

287 2310 591 2381 λεληθότως
640 2310 985 2367 πλεονεκτεῖν
1031 2314 1215 2368 οὐκέτι
1263 2313 1718 2386 παραιτούμενος.
1762 2316 1869 2369 Οὑ-

291 2400 424 2455 κοῦν
457 2405 570 2466 τοῖς
593 2401 999 2474 ἀνδριζομένοις
1018 2443 1033 2468 ,
1069 2405 1300 2475 πολεμεῖ
1338 2405 1437 2475 μὲν
1466 2405 1716 2476 ἀοράτως
1741 2406 1815 2477 (1)
1840 2409 1870 2460 6

286 2491 564 2558 Σατανᾶς,
610 2491 889 2563 συντίθησι
924 2492 981 2546 δὲ
1007 2492 1078 2545 τὰ
1109 2493 1211 2563 τῆς
1254 2492 1574 2564 ἐπιϐουλῆς,
1602 2493 1677 2558 ὼς
1715 2492 1772 2547 ἔν
1804 2511 1869 2563 γε

288 2584 476 2655 τρόπῳ
515 2582 757 2656 τριπλῷ·
787 2584 885 2637 καὶ
927 2584 1238 2655 ἀπάρχεται
1283 2584 1382 2655 μὲν
1423 2584 1521 2654 τῆς
1564 2584 1746 2655 μάχης
1779 2585 1868 2640 διά

289 2673 615 2747 κακούργων
671 2673 1037 2745 σκεμμάτων,
1090 2674 1191 2745 τὴν
1243 2677 1323 2738 είς
1375 2675 1575 2747 ἀρετὴν
1631 2675 1870 2730 ἐπίδοσιν

291 2765 629 2821 ἀποκωλύων
685 2764 782 2818 τοῦ
842 2763 965 2819 νοῦν
1032 2763 1384 2835 ὲντρύχεσθαι
1433 2767 1542 2836 γάρ
1589 2764 1868 2833 ἀδοκήτοις

291 2853 704 2928 παρασκευάζει
748 2855 1059 2919 πόνοιςρκαὶ
1099 2855 1352 2924 σκληροῖς
1392 2855 1600 2923 ἀγῶσιν
1634 2855 1864 2925 ὁμιλεῖν.

306 2950 538 3004 Ἀδικεῖν
566 2949 624 3002 δὲ
670 2948 898 3019 ἰσχύσας
925 2948 1014 3001 διὰ
1046 2946 1251 3000 τούτων
1280 2946 1465 3009 οὐδὲν,
1499 2945 1870 3016 ἐπαμύνοντος

292 3040 386 3095 τοῦ
423 3040 582 3109 Θεοῦ,
611 3040 738 3103 τοὺς
783 3038 926 3093 κατά
970 3037 1149 3092 πίστιν
1179 3038 1310 3109 ἡμῖν
1343 3037 1504 3102 ίδίους
1544 3038 1640 3092 καὶ
1672 3053 1870 3091 ταυτο-

294 3133 468 3212 εθλνεῖς
498 3129 826 3202 παροτρύνει
855 3128 1137 3192 πολλάκις,
1167 3126 1627 3212 καὶοκατναθήγειν
1665 3127 1871 3197 ἐπιχει-

297 3207 383 3294 ρεῖ
412 3223 551 3294 πρὸς
583 3219 878 3292 ἀπέχθειάν
921 3237 981 3273 τε
1016 3220 1110 3274 καὶ
1150 3207 1350 3291 μάχην.
1382 3219 1492 3271 Καὶ
1532 3219 1873 3291 μαρτυρήσει

295 3293 468 3384 λέγων
496 3317 525 3368 6
552 3313 761 3377 Παῦλος
782 3330 797 3344 ο
839 3333 858 3365 ι
899 3312 1180 3376 Κινδύνοις
1208 3314 1267 3365 ὲν
1297 3310 1716 3381 ψευδαδέλφοις,
1759 3328 1874 3364 κιν-
1900 3293 1940 3350 C

292 3405 470 3469 δύνοις
504 3407 567 3458 ἐκ
600 3403 811 3471 γένους.
852 3422 872 3456 ι
911 3403 974 3457 El
998 3402 1054 3455 δὲ
1086 3401 1151 3473 δὴ
1180 3403 1388 3471 γένοιτο
1416 3402 1512 3455 καὶ
1536 3401 1728 3454 τούτου
1758 3401 1877 3454 δια-

301 3499 526 3570 μαρτεῖν
545 3538 559 3563 ,
602 3497 695 3551 τὸν
744 3496 885 3550 θεῖον
925 3496 1109 3557 αὐτοῖς
1154 3492 1391 3556 ὲνιέντος
1420 3491 1583 3561 φόϐον
1628 3491 1725 3545 τοῦ
1764 3491 1874 3545 τῶν

299 3592 467 3659 ἁγίων
500 3590 920 3662 προεστηκότος,
937 3587 1084 3643 καθά
1108 3587 1203 3641 καὶ
1228 3586 1298 3639 τὰ
1330 3586 1494 3640 πάλαι
1512 3588 1634 3648 ταῖς
1662 3584 1870 3655 μαίαις⁹

298 3683 599 3753 ἀναφανδὸν
613 3684 817 3755 ἐγείρει
838 3681 1025 3735 λοιπὸν
1041 3680 1169 3743 τοὺς
1185 3678 1480 3749 σφετέρους
1500 3678 1868 3744 ὑπασπιστὰς,

300 3780 377 3842 εἰς
414 3776 712 3849 ἀγριότητα
753 3776 845 3829 καὶ
890 3772 1221 3845 μιαιφονίαν.
1292 3771 1653 3842 Ἀνθεξόμεθα
1688 3770 1874 3824 δὲικαὶ

300 3870 469 3932 οὕτως
488 3869 591 3938 τῆς
611 3870 690 3931 εἰς
714 3866 1003 3937 εὐτολμίαν
1025 3863 1265 3933 ἀγάπης,
1294 3864 1390 3916 καὶ
1406 3862 1508 3932 τῆς
1525 3864 1605 3925 είς
1624 3861 1874 3934 ἀνδρείαν

305 3959 541 4030 σπουδῆς
560 3998 577 4024 ,
608 3960 706 4012 οὐκ
730 3957 1061 4028 ἠγνοηκότες
1080 3996 1094 4020 ,
1124 3955 1206 4008 ὅτι
1239 3954 1301 4007 τὸ
1328 3953 1713 4025 ἀπηχθημένον
1746 3954 1874 4024 παρ’

303 4053 530 4122 ἐκείνῳ,
562 4050 682 4119 θεῷ
721 4050 921 4121 τίμιον.
954 4047 1202 4101 Τέθειται
1230 4045 1339 4116 γὰρ
1375 4048 1432 4098 ὲν
1471 4046 1615 4115 λόγῳ
1638 4045 1733 4099 καὶ
1758 4062 1875 4114 φει-

303 4142 426 4207 δοῦς
450 4143 611 4209 ἀξιοῖ,
639 4141 702 4195 τὸ
728 4139 984 4210 ἀνωτέρω
1017 4135 1382 4208 μαλακισμοῦ.

372 4232 582 4287 ΠΛΛΛ.
607 4231 891 4301 Πείθομαι.
919 4228 1099 4300 Παρδν
1117 4226 1175 4281 δὲ
1196 4224 1351 4297 οἶμαι
1380 4227 1475 4279 καὶ
1497 4225 1655 4279 τοῦτο
1689 4227 1873 4290 πάλιν,

219 4326 235 4342 ’
305 4324 402 4378 καὶ
442 4324 502 4390 ἐξ
530 4321 699 4393 αὐτῆς
740 4323 871 4392 ἡμῖν
902 4319 1004 4390 τῆς
1027 4319 1189 4387 ἁγίας
1223 4316 1599 4371 καταθεᾶσθαι
1629 4318 1871 4388 Γραφῆς.

320 4414 611 4487 ’Δπόρησις
638 4414 747 4485 γὰρ
774 4410 1013 4476 ἐννοιῶν,
1042 4409 1159 4464 οὔτι
1191 4426 1312 4463 που.

376 4592 542 4645 ΚΥΡ.
578 4591 787 4644 Οὐκοῦν
819 4587 955 4643 Θεοῦ
992 4586 1227 4649 διδόντος
1267 4585 1515 4654 λέγομεν,
1567 4587 1643 4647 ὡς
1678 4587 1739 4637 ἐν
1764 4588 1877 4649 τοῖς

1967 2042 2319 2108 Hebraeorum
2357 2059 2572 2099 armare
2594 2043 2814 2099 volebat
2841 2061 2854 2097 :
2885 2058 2955 2097 ne
2988 2043 3092 2098 hoc
3117 2043 3340 2114 quidem
3363 2051 3549 2097 ut~va~

1967 2135 2106 2190 leret
2137 2135 2405 2205 permittit
2432 2135 2599 2190 Deus.
2630 2136 2784 2205 ιιι
2814 2135 3062 2205 Denique
3103 2133 3266 2189 tertio
3304 2131 3573 2202 quodamt

1968 2234 2025 2281 et
2054 2225 2250 2281 ultimo
2294 2225 2620 2282 insidiarum
2664 2241 2865 2297 genere
2909 2227 3165 2283 universo
3208 2240 3309 2279 suo
3340 2223 3553 2294 populo-

1968 2319 2282 2390 imperavit,
2326 2326 2391 2373 ut
2430 2319 2705 2374 masculos
2746 2317 3112 2382 suﬂoearent,
3154 2316 3417 2371 latentem
3459 2323 3547 2387 ty-

1968 2409 2256 2465 rannidem
2280 2424 2391 2463 non
2416 2408 2649 2479 amplius
2668 2407 3040 2463 dissimulans.
3072 2407 3243 2478 Igitur
3265 2421 3390 2462 cum
3414 2404 3567 2460 viris;

1968 2500 2205 2557 fortibus
2248 2501 2455 2557 bellum
2501 2501 2643 2573 gerit
2688 2500 2903 2556 occulte
2952 2499 3207 2560 Satanas,
3250 2506 3307 2553 et
3348 2494 3565 2566 triplici.

1969 2590 2143 2645 forma
2171 2590 2453 2661 componit
2475 2590 2704 2649 insidias
2728 2608 2742 2643 :
2766 2605 2830 2644 ac
2850 2604 3045 2661 pugnae
3074 2588 3297 2658 quidem
3330 2586 3577 2641 initium.

1968 2680 2119 2746 facit,
2148 2697 2273 2736 cum
2308 2681 2522 2737 callidis
2549 2680 2796 2736 consiliis
2824 2680 2893 2735 ab
2921 2679 3105 2734 animo
3130 2679 3350 2733 virtutis
3372 2677 3553 2732 incre-

1970 2782 2214 2829 mentum
2241 2773 2437 2829 avertit
2464 2791 2477 2827 :
2504 2774 2615 2844 agit
2666 2774 2815 2828 enim
2847 2782 2910 2828 ut
2941 2771 3238 2843 inopinatis
3268 2768 3575 2825 laboribus.

1971 2870 2288 2922 conteratur
2331 2875 2495 2936 atque
2538 2865 2596 2920 in
2629 2863 2941 2920 durissimis
2977 2870 3228 2918 versetur
3269 2859 3556 2916 aerumnis.

1969 2959 2041 3012 At
2069 2958 2166 3015 ubi
2203 2974 2303 3028 per
2335 2958 2452 3016 haec
2483 2956 2562 3011 nil
2591 2955 2836 3026 potuerit
2872 2955 3092 3019 laedere,
3127 2966 3286 3023 opem
3328 2952 3441 3005 Deo
3467 2949 3552 3005 fe-

1971 3055 2147 3113 rente,
2178 3062 2275 3101 eos
2301 3046 2397 3116 qui
2431 3044 2536 3100 fide
2565 3045 2726 3101 nobis
2755 3043 2971 3115 cognati
3033 3051 3161 3097 sunt
3196 3040 3555 3112 ejusdemque

1971 3137 2150 3206 gentis
2193 3134 2386 3189 incitat
2407 3149 2571 3204 saepe,
2599 3144 2762 3203 atque
2790 3132 2859 3186 ad
2887 3131 3192 3186 simultates
3220 3143 3284 3182 ac
3313 3143 3577 3197 pugnam.

1972 3240 2241 3282 exacuere
2289 3225 2504 3280 nititur.
2549 3224 2609 3277 Id
2659 3230 2890 3279 testatur
2931 3221 3134 3276 Paulus
3180 3219 3291 3276 illis
3331 3218 3551 3274 verbis:

1983 3336 2001 3366 ι
2027 3314 2296 3371 Periculis
2308 3314 2365 3367 in
2382 3313 2535 3367 falsis
2554 3311 2837 3375 fratribus,
2855 3309 3117 3380 periculis
3131 3324 3200 3367 ex
3212 3308 3500 3379 genere".
3524 3324 3565 3357 ι,

1973 3404 2264 3469 Ceterum,
2366 3403 2484 3458 hree
2511 3417 2649 3457 vana
2682 3409 2847 3471 atque
2870 3400 3025 3456 irrita
3044 3399 3270 3465 fuerint,
3296 3400 3410 3454 Deo
3428 3413 3556 3453 san-

1973 3504 2187 3551 ctorum
2208 3501 2613 3566 propugnatore
2633 3492 2880 3548 divinum
2898 3492 3007 3548 illis
3020 3500 3227 3547 metum
3248 3490 3556 3563 injiciente,

1972 3595 2036 3641 ut
2059 3586 2189 3641 olim
2217 3584 2643 3651 obstetricibus;
2671 3591 2786 3639 tum
2809 3599 2943 3639 vero
2969 3590 3155 3653 aperte
3190 3597 3320 3637 suos
3349 3580 3574 3636 satelli--

1973 3682 2056 3731 tes
2081 3674 2283 3730 excitat
2320 3674 2389 3728 ad
2424 3674 2690 3731 saevitiam
2717 3682 2881 3743 atque
2920 3672 3144 3728 caedem.
3177 3671 3245 3726 At
3269 3686 3401 3725 vero
3434 3677 3569 3724 tum

1971 3780 2191 3837 quoque
2216 3780 2317 3820 nos
2337 3780 2579 3821 amorem
2602 3766 2759 3820 illum
2781 3764 3108 3821 confidentia
3131 3763 3320 3828 animi,
3347 3777 3412 3816 ac
3435 3760 3551 3816 for—

1973 3857 2225 3914 titudinis
2250 3858 2494 3915 studium
2516 3857 2900 3923 retinebimus,
2929 3872 3039 3912 non
3067 3855 3263 3927 ignari,
3295 3851 3442 3924 quod
3472 3851 3560 3906 illi

1971 3950 2098 4005 odio
2121 3951 2215 4016 sit,
2251 3950 2306 4005 id
2330 3966 2453 4009 esse
2479 3951 2593 4006 Deo
2618 3951 3000 4006 charissimam
3033 3967 3045 4001 :
3078 3964 3175 4003 eos
3208 3947 3411 4016 quippe
3448 3944 3550 4001 alie

1972 4058 2081 4113 quo
2102 4058 2352 4105 numero,
2375 4050 2435 4096 et
2468 4056 2566 4096 sua
2597 4057 2728 4096 cura
2751 4042 2948 4112 dignos
2978 4040 3164 4103 habet,
3194 4038 3288 4108 qui
3322 4039 3571 4106 languo-r

1974 4149 2087 4187 rem
2113 4148 2178 4187 ac
2206 4132 2494 4187 mollitiem
2522 4131 2691 4185 animi
2719 4129 3046 4199 superarint.

2042 4223 2240 4280 PALL.
2272 4223 2576 4278 Assentior.
2605 4223 2667 4275 In
2696 4229 2953 4289 promptu
2983 4226 3068 4273 est
3093 4224 3299 4278 autem,
3332 4222 3395 4267 ut
3426 4211 3550 4282 opi-

1972 4330 2093 4379 nor,
2129 4314 2184 4367 id
2215 4328 2435 4383 quoque
2461 4312 2622 4366 nobis
2650 4327 2714 4365 ex
2749 4310 2865 4379 ipsa
2910 4324 3064 4361 sacra
3099 4306 3381 4374 Scriptura
3423 4318 3551 4373 per-

1975 4404 2187 4474 spicere
2215 4421 2227 4456 :
2259 4418 2438 4473 neque
2464 4401 2610 4457 enim
2640 4399 2738 4455 tibi
2767 4399 2957 4455 deesse
2992 4404 3249 4471 poterunt
3281 4393 3551 4466 ejusmodi

1976 4497 2278 4554 sententiam

2044 4589 2201 4645 CYR.
2232 4590 2419 4661 Igitur,
2462 4590 2573 4645 Deo
2618 4589 2885 4653 donante,
2922 4585 3170 4641 dicamus
3209 4580 3355 4652 quod
3401 4580 3457 4633 in
3487 4594 3573 4633 eo.

306 4682 535 4748 ἐπίκλην
591 4681 869 4754 Ἀριθμοῖς
893 4719 909 4744 ,
979 4677 1266 4732 Μωσαῖκδν
1338 4676 1398 4729 δὲ
1441 4673 1600 4728 τοῦτο
1650 4674 1869 4745 βιϐλίον·

1978 4682 2124 4737 libro
2152 4682 2405 4747 habetur,
2436 4682 2597 4753 cujus
2623 4681 2906 4753 inscriptio
2936 4686 3022 4733 est
3042 4677 3441 4737 Numerorum;
3470 4681 3556 4725 est

314 4793 334 4827 ι
386 4776 497 4828 Καὶ
551 4774 816 4844 ὲλάλησε,
870 4770 1043 4842 φησι,
1096 4769 1300 4838 Κύριος
1344 4766 1480 4838 πρὸς
1524 4765 1773 4836 Μωσῆν,
1817 4768 1874 4820 ὲν

1984 4782 2166 4828 autem
2211 4771 2259 4826 is
2285 4771 2454 4843 Moysi
2487 4772 2708 4827 libellus
2749 4789 2762 4825 :
2804 4790 2822 4821 ι
2850 4770 2920 4824 Ει
2958 4768 3175 4822 locutus
3197 4772 3300 4827 est,
3353 4761 3565 4831 inquit,

308 4868 373 4937 τῇ
415 4865 612 4936 ἐρήμῳ
660 4864 812 4926 Σινᾶ,
853 4863 911 4914 ἐν
934 4861 1000 4931 τῇ
1026 4861 1196 4929 σκηνῇ
1223 4855 1317 4911 τοῦ
1343 4857 1665 4928 μαρτυρίου,
1694 4858 1753 4910 ἐν
1780 4859 1874 4928 μιᾷ

1982 4861 2247 4916 Dominus
2283 4862 2351 4916 ad
2384 4861 2602 4932 Moysen
2625 4861 2682 4915 in
2708 4860 2924 4915 chcrto
2949 4856 3097 4917 Sina,
3132 4853 3187 4906 in
3205 4850 3556 4907 tabernaculo

308 4956 403 5011 τοῦ
440 4956 610 5027 μηνὸς
638 4952 734 5008 τοῦ
767 4952 1018 5023 δευτέρου
1053 4950 1226 5014 ἔτους,
1245 4948 1566 5014 ἐξελθόντων
1592 4948 1773 5004 αὐτῶν
1816 4950 1874 5002 ὲκ

1984 4950 2304 5016 testimonii,
2332 4951 2387 5006 in
2414 4968 2523 5006 una
2556 4950 2782 5010 mensis,
2822 4946 2949 5001 anni
2989 4940 3237 5005 secundi,
3269 4948 3564 5010 postquam.

311 5050 409 5120 γῆς
461 5046 764 5117 Αἰγύπτου,
803 5046 1009 5113 λέγων’
1043 5041 1250 5096 Λάϐετε
1279 5040 1454 5111 ἀρχὴν
1475 5039 1656 5109 πάσης
1682 5056 1874 5109 συγγε-

1984 5043 2189 5114 egressi
2208 5052 2336 5098 sunt
2359 5042 2427 5097 de
2452 5051 2596 5097 terra
2621 5036 3073 5111 [Egypthdicens
3100 5053 3113 5087 :
3146 5031 3389 5101 Accipite
3409 5045 3557 5084 sum-

311 5142 457 5204 νείας
496 5141 627 5193 υίῶν
651 5138 866 5210 Ἰσραὴλ
882 5178 897 5199 ,
923 5136 1017 5190 καὶ
1041 5134 1181 5190 κατὰ
1210 5132 1530 5202 συγγενείας
1544 5131 1723 5186 αὐτῶν
1740 5173 1757 5200 ,
1785 5133 1874 5186 καὶ

1990 5151 2132 5190 mam
2163 5134 2342 5189 omnis
2375 5132 2715 5204 cognationis
2746 5129 2982 5183 ﬁliorum
3023 5124 3187 5181 Israel
3222 5139 3319 5194 per
3355 5137 3555 5191 cogna—

314 5234 430 5285 κατ’
462 5231 647 5295 οίκους
682 5232 930 5302 πατριῶν
956 5228 1156 5294 αὐτῶν,
1190 5226 1332 5280 κατά
1356 5224 1587 5297 ἀριθμὸν
1608 5226 1669 5293 ἐξ
1688 5227 1874 5297 ὀνόμαι

1989 5225 2166 5280 tiones
2191 5240 2337 5289 suas,
2380 5233 2438 5279 et
2466 5238 2564 5292 per
2606 5222 2798 5275 domos
2828 5217 3157 5273 familiarum
3188 5226 3430 5274 suarum,
3461 5224 3559 5279 per

311 5340 400 5385 τος
424 5323 624 5389 αὐτῶν,
653 5324 795 5377 κατά
827 5319 1068 5390 κεφαλὴν
1106 5317 1282 5373 αὐτῶν
1300 5334 1330 5349 ι·
1352 5318 1459 5381 πᾶς
1485 5318 1657 5388 ἄρσην
1669 5317 1778 5372 ἀπὸ
1804 5320 1874 5372 εί-

1990 5332 2277 5371 numerum
2318 5332 2385 5370 ex
2426 5313 2646 5368 nomine
2690 5312 2937 5382 ipsorum
2986 5324 3085 5379 per
3125 5304 3298 5374 capita
3329 5314 3567 5365 eorum;

315 5417 608 5475 κοταετοῦς
652 5414 749 5469 καὶ
768 5413 1084 5478 summa;
1102 5413 1130 5465 6
1147 5411 1574 5481 ἐκπορευόμενος
1591 5415 1646 5463 ἐν
1663 5412 1874 5481 δυνάμει

1993 5428 2155 5467 omne
2202 5409 2559 5466 masculinum
2591 5423 2621 5461 a
2648 5406 2840 5480 viginti
2886 5404 3045 5460 annis
3078 5409 3132 5456 et
3161 5411 3344 5467 supra,
3376 5392 3573 5453 cumis

387 5552 431 5583 "
452 5552 795 5615 Psal.cxxnr,
821 5551 934 5605 1-5.
1005 5551 1048 5581 θ’
1075 5550 1120 5603 ll
1152 5550 1276 5604 Cor.
1316 5566 1367 5614 ιι,
1391 5550 1477 5603 9.6.

393 5688 593 5758 (“Sic
622 5688 743 5745 cod.
803 5687 973 5742 Vatic.
1046 5686 1166 5742 cod.
1220 5686 1426 5753 Sirlcti,
1493 5687 1792 5758 ὰραρότιιις,
1832 5696 1970 5757 apte.
