3968 6300
389 274 492 334 διι

1377 273 1432 330 S.
1473 271 1749 330 CYRlLLl
1786 271 2260 329 ALEXANDRINI
2296 271 2615 329 ABCHIEP.

3531 264 3636 323 31?.

387 390 482 462 qui
515 383 794 459 egreditur
825 382 882 440 in
913 384 1155 440 exercitu
1181 385 1367 451 lsrael,
1391 392 1677 438 numerate
1706 397 1801 437 eos
1834 399 1940 437 eun

2073 381 2319 453 Ἰσραὴλ,
2353 381 2723 452 ἐπισκέψασθε
2751 381 2946 446 αὐτοὺς
2982 381 3040 434 ὲν
3067 377 3296 449 δυνάμει
3323 377 3538 441 αὐτῶν,
3573 381 3638 434 σὺ

384 477 629 536 exercitu
649 490 839 529 eorum
869 492 880 528 :
906 482 964 528 tu
992 481 1050 529 et
1071 474 1248 529 Aaron
1276 481 1564 527 numerate
1586 488 1682 528 eos
1706 473 1771 525 °°.
1809 491 1826 523 ι
1855 471 1958 538 Qui

384 571 554 642 igitur
579 581 696 621 mas
732 567 824 633 sit,
863 574 919 621 et
946 567 1012 621 ad
1039 580 1273 636 pugnam
1303 564 1639 634 aptissimus,
1671 571 1726 619 et
1755 564 1821 618 ad
1853 580 1956 634 pu-

384 661 652 716 bertatem
664 659 996 729 pervenerit,
1013 658 1066 712 id
1081 666 1165 713 est
1188 657 1254 712 ad
1268 656 1579 711 ﬁrmitatem
1595 657 1930 726 spiritualem
1941 695 1954 719 ,

382 762 439 809 et
467 752 536 807 ad
575 766 887 806 mensuram
916 751 1090 805 atatis
1112 748 1469 820 plenitudinis
1495 747 1717 814 Christi,
1749 764 1874 802 eum
1901 748 1957 802 in

383 843 812 914 descriptionem
841 841 1101 906 divinam,
1135 847 1193 894 et
1239 840 1294 893 in
1337 839 1539 894 librum
1581 835 1680 894 Dei
1723 838 1955 894 relatum

381 952 503 992 esse
529 937 877 1006 perspicuum
905 950 1024 988 esse
1051 932 1251 1003 poterit
1270 932 1356 986 vel
1381 931 1613 986 maxime
1636 946 1702 985 ex
1726 930 1814 986 bis
1834 946 1957 986 ver-

379 1026 466 1082 bis
503 1045 515 1080 :
546 1043 724 1097 neque
758 1026 903 1081 enim
938 1026 1044 1080 alia
1080 1025 1147 1080 de
1177 1039 1340 1079 causa
1369 1031 1709 1088 numeratur,
1742 1031 1802 1078 ut
1833 1022 1952 1093 opi-

379 1136 503 1184 nor,
539 1120 815 1174 masculus
837 1159 850 1184 ,
876 1128 932 1173 et
957 1117 1281 1187 vigesimum
1302 1131 1506 1170 annum
1543 1116 1698 1184 112
1730 1122 1825 1169 aut
1857 1129 1952 1170 su-

379 1225 478 1281 pra
509 1219 691 1275 natus,
727 1225 893 1280 quam
927 1216 988 1264 ut
1029 1225 1130 1263 nos
1177 1223 1394 1278 quoque
1438 1207 1542 1277 ipsi
1585 1207 1954 1278 intelligamus

378 1302 534 1372 rejici
564 1317 596 1356 a
623 1303 755 1367 Deo,
785 1311 948 1372 atque
982 1300 1301 1370 improbari,
1336 1301 1481 1370 quod
1516 1300 1735 1354 imbelle
1770 1299 1859 1365 sit,
1889 1316 1954 1355 ac

378 1408 544 1448 sensu
586 1395 809 1449 minime
850 1395 1114 1464 perfecto,
1157 1409 1393 1463 quorum
1438 1401 1734 1462 utrumque
1773 1392 1952 1447 inesse

376 1485 612 1540 dicimus
645 1486 734 1550 iis,
765 1485 860 1556 qui
891 1485 1072 1541 adhuc
1099 1500 1230 1540 sane
1246 1485 1623 1540 adolescentes
1651 1493 1798 1549 sunt,
1827 1499 1952 1539 nec—

375 1573 523 1628 dum.)
536 1575 604 1629 ad
633 1576 942 1645 pubertatis
970 1590 1286 1630 mensuram
1315 1582 1687 1644 pervenerunt
1731 1591 1744 1626 :
1788 1589 1951 1643 quam

373 1667 595 1735 quidem
639 1682 954 1723 mensuram
999 1667 1181 1722 divina
1219 1667 1308 1720 lex
1349 1673 1405 1720 et
1442 1666 1596 1720 novit
1632 1674 1687 1721 et
1718 1665 1946 1730 desinit,

2063 474 2158 527 καὶ
2196 472 2407 543 Ἀαρὼν
2446 473 2814 543 ἐπισκέψασθε
2845 472 3060 535 αὐτούς.
3108 491 3125 521 ι
3167 473 3289 524 Ὅτι
3334 470 3433 539 μὲν
3464 467 3642 525 οὖντὸ

2062 564 2228 634 ἄρσεν
2258 565 2352 618 καὶ
2399 565 2804 636 μαχιμώτατον,
2841 564 2936 619 καὶ
2976 566 3055 628 εἰς
3092 564 3233 635 ἥϐην
3275 562 3636 634 ἀναϐεϐηκὸς,

2061 655 2370 721 τουτέστιν,
2423 658 2502 719 εἰς
2556 657 2768 722 εὐεξίαν
2817 655 2915 727 τὴν
2973 653 3352 725 πνευματικὴν
3413 653 3508 707 καὶ
3558 655 3638 717 είς

2065 747 2262 816 μέτρον
2311 747 2529 818 ἡλικίας
2568 734 2662 802 τοῦ
2713 747 3075 818 πληρώματος
3128 746 3220 798 τοῦ
3266 745 3539 817 Χριστοῦ,
3580 748 3637 798 ἐν

2059 839 2353 909 ἀπογραφῇ
2403 842 2470 910 τῇ
2517 839 2668 910 θείᾳ,
2702 841 2796 892 καὶ
2826 842 2883 893 ἐν
2935 841 3124 912 βιόλλῳ
3165 839 3422 892 τέτακται
3463 838 3635 903 Θεοῦ,

2062 927 2227 994 σαφὲς
2256 927 2321 981 ἂν
2347 927 2554 995 γένοιτο
2583 929 2676 982 καὶ
2697 929 2784 982 διὰ
2813 928 3017 982 τούτων
3040 923 3098 981 εὖ
3133 927 3295 998 μάλα·
3321 927 3636 998 ἀριθμεῖται

2061 1017 2168 1088 γὰρ
2217 1019 2316 1090 οὐχ
2369 1019 2553 1088 ἑτέρου
2610 1038 2701 1074 του
2750 1020 2941 1091 χάριν,
2991 1019 3241 1090 καθάπερ
3293 1013 3527 1086 ἐγῷμαι,
3573 1018 3637 1070 τὸ

2056 1107 2222 1177 ἄρσεν
2243 1111 2298 1161 ἐν
2328 1108 2556 1178 εἰκοστῷ
2573 1125 2630 1162 τε
2666 1111 2757 1164 καὶ
2792 1109 2871 1162 ἔτι
2906 1110 3126 1178 γεγονὸς
3152 1109 3457 1179 ὲνιαυτῷ,ἢ
3492 1108 3634 1160 ὥστε

2056 1196 2314 1252 δύνασθαι
2345 1201 2484 1252 νοεῖν
2515 1201 2609 1253 καὶ
2648 1202 2794 1271 ἡμᾶς
2827 1200 3044 1262 αὐτοὺς,
3076 1200 3150 1262 ὡς
3197 1198 3502 1268 ἀπόϐλητον
3535 1197 3633 1267 μὲν

2056 1287 2150 1342 καὶ
2177 1289 2432 1359 ἀδόκιμον
2457 1290 2516 1342 τὸ
2559 1291 2752 1346 ἄναλκί
2786 1308 2845 1344 τε
2883 1291 2974 1344 καὶ
2999 1290 3187 1353 ἀτελὲς
3216 1291 3295 1352 ei;
3329 1287 3564 1352 σύνεσιν,
3598 1287 3634 1341 ἃ.

2053 1378 2116 1448 δὴ
2141 1379 2422 1450 προσεῖναί
2475 1397 2654 1450 φαμεν
2693 1382 2804 1443 τοῖς
2853 1381 2932 1432 ἔτι
2982 1381 3080 1452 μὲν
3121 1379 3260 1443 νέοις
3287 1378 3516 1449 κομιδῆ,
3540 1378 3633 1430 καὶ

2054 1469 2204 1522 οὔπω
2235 1470 2370 1542 πρὸς
2400 1472 2540 1542 ἥϐης
2571 1471 2761 1543 ἥκουσι
2799 1472 3018 1544 μέτρον,
3039 1475 3067 1527 ὅ
3094 1490 3200 1544 περ
3221 1475 3248 1525 ὁ
3279 1471 3416 1534 θεῖος
3440 1467 3548 1522 οἶδέ
3573 1486 3630 1522 τε

2053 1563 2148 1614 καὶ
2193 1563 2362 1632 ὁρίζει
2425 1564 2620 1634 νόμος,
2673 1565 2917 1619 τουτέστι
2975 1565 3035 1619 τὸ
3095 1565 3213 1627 ἔτος
3256 1565 3314 1617 τὸ
3363 1562 3627 1618 εἰκοστόν·

2052 1651 2232 1722 τίμιον
2263 1653 2318 1706 δὲ
2341 1654 2434 1707 καὶ
2457 1655 2514 1707 ὲν
2548 1654 2767 1726 ἀριθμῷ
2799 1657 2892 1710 καὶ
2934 1656 3275 1727 ἐγνωσμένον
3304 1656 3454 1727 παρὰ
3485 1658 3626 1729 Θεῷ,

372 1755 548 1826 iisque
568 1766 653 1812 est
671 1773 849 1812 annus
868 1758 1164 1828 vigesimus
1188 1775 1200 1811 :
1227 1758 1283 1812 in
1300 1756 1478 1827 pretio
1502 1766 1682 1811 autem
1706 1757 1751 1810 is
1769 1765 1872 1821 est,
1893 1765 1940 1811 el

2052 1745 2194 1798 κατά
2218 1762 2278 1797 τε
2301 1745 2508 1816 πληθὺν
2527 1785 2543 1811 ,
2567 1747 2662 1800 καὶ
2694 1749 2826 1819 γένη
2859 1749 2954 1802 καὶ
2984 1749 3223 1818 κεφαλὰς
3241 1789 3255 1811 ,
3302 1749 3395 1801 καὶ
3437 1750 3632 1821 ὀνομα-

371 1843 429 1896 in
461 1861 689 1900 numero
711 1846 966 1910 habetur,
999 1852 1054 1902 et
1083 1863 1114 1900 a
1139 1847 1250 1901 Deo
1273 1847 1620 1916 cognoscitur
1643 1862 1740 1915 per
1772 1862 1949 1916 popu-

367 1934 483 1988 lum
512 1944 568 1989 et
597 1951 790 2006 genus,
823 1945 879 1991 et
903 1937 1102 2007 capita,
1139 1945 1193 1992 et
1228 1950 1449 2003 nomen,
1485 1938 1734 2009 quisquis
1765 1938 1949 1993 adulta

351 2026 474 2096 .jam
499 2035 678 2093 atate,
706 2035 761 2083 et
789 2030 1066 2084 masculus
1098 2039 1200 2084 est.
1233 2029 1446 2086 Sanctis
1486 2031 1633 2086 enim
1666 2031 1944 2101 apostolis,

365 2117 460 2185 qui
488 2118 757 2188 ejusmodi
785 2120 933 2174 virili
956 2129 1115 2176 atate
1132 2122 1244 2192 jam
1271 2131 1474 2189 essent,
1504 2131 1561 2178 et
1585 2123 1641 2177 in
1671 2139 1789 2178 eam
1818 2139 1945 2193 per-

361 2209 644 2265 venissent
677 2211 904 2269 rationis
940 2229 1277 2280 mensuram,
1307 2214 1516 2270 dictum
1550 2230 1582 2269 a
1617 2213 1836 2270 Christo
1863 2224 1948 2269 est

362 2299 657 2370 aliquando
711 2304 936 2374 quidem
995 2322 1008 2359 :
1054 2325 1073 2358 ‹
1119 2306 1300 2362 Nolite
1355 2307 1593 2378 gaudere
1655 2307 1784 2376 quia
1833 2306 1944 2361 da-

360 2392 544 2448 monia
574 2395 943 2465 subjiciuntur
975 2397 1160 2464 vobis;
1192 2398 1288 2452 sed
1318 2397 1503 2468 potius
1533 2399 1786 2468 gaudete,
1817 2399 1946 2468 quia

359 2482 584 2537 nomina
610 2493 792 2539 vestra
817 2486 1022 2556 scripta
1053 2495 1184 2542 sunt
1213 2486 1277 2541 in
1318 2488 1458 2542 calo
1493 2489 1557 2540 ⁸³.
1593 2505 1611 2538 ι
1636 2488 1944 2558 Aliquando

359 2589 588 2630 rursus:
615 2595 633 2626 ι
656 2575 849 2630 Nonne
873 2577 985 2632 duo
1011 2593 1260 2648 passeres
1280 2593 1399 2634 asse
1415 2579 1695 2633 veneunt?
1723 2587 1780 2634 et
1801 2596 1942 2636 unus

359 2681 426 2719 ex
448 2666 556 2721 illis
584 2682 695 2722 non
720 2668 879 2723 cadet
905 2683 1072 2739 super
1101 2677 1300 2725 terram
1333 2670 1453 2726 sine
1484 2667 1643 2725 Patre
1673 2686 1817 2735 meo,
1847 2672 1942 2742 qui

358 2763 445 2810 est
473 2756 530 2811 in
563 2757 750 2812 calis?
778 2758 958 2814 Vestri
995 2767 1179 2815 autem
1206 2767 1262 2816 et
1292 2760 1475 2831 capilli
1519 2761 1714 2832 capitis
1744 2778 1941 2817 nume-

357 2848 465 2902 rati
492 2856 622 2904 sunt
644 2850 708 2904 ε’.
742 2869 760 2902 ι
790 2851 851 2906 In
889 2867 1000 2922 quo
1025 2867 1150 2908 cum
1184 2852 1322 2908 dixit
1347 2860 1667 2910 numeratos
1698 2869 1818 2910 esse
1849 2870 1941 2909 ca-

357 2939 540 3009 pillos,
563 2940 768 2998 diserte
796 2943 1144 3014 signiﬁcavit,
1171 2954 1232 3000 ut
1267 2945 1484 3016 Opinor,
1506 2962 1669 3016 quam
1692 2946 1941 3019 diligenti

357 3045 490 3085 cura
533 3046 629 3086 eos
671 3044 1118 3104 prosequeretur.
1163 3037 1224 3092 in
1257 3037 1461 3092 librum
1497 3037 1664 3108 igitur
1690 3039 1808 3104 Dei,
1843 3041 1940 3109 qui

356 3121 544 3178 adulta
573 3133 702 3180 sunt
732 3133 910 3192 atate,
950 3142 1014 3182 ac
1052 3142 1232 3183 mares
1269 3127 1604 3182 referuntur.
1638 3129 1714 3183 Ea
1758 3139 1940 3185 autem

355 3229 555 3272 census
584 3216 882 3289 descriptio
923 3234 1022 3289 per
1068 3219 1292 3292 Moysen
1337 3228 1394 3275 et
1431 3222 1615 3277 Aaron
1655 3221 1842 3287 ﬁebat,
1879 3231 1942 3278 ut

354 3321 455 3377 per
492 3316 787 3380 utrumque
819 3327 990 3366 unum
1031 3311 1398 3384 intelligamus
1435 3313 1737 3380 Christum,
1781 3325 1842 3370 ut
1883 3316 1939 3370 in

353 3399 536 3473 Moyse
579 3403 715 3474 legis
744 3404 1109 3471 conditorem,
1135 3414 1198 3461 ut
1231 3406 1289 3461 in
1329 3408 1515 3462 Aaron
1541 3423 1820 3463 summum
1848 3423 1937 3464 sa-

354 3494 635 3550 cerdotem
669 3513 680 3549 :
709 3496 886 3554 factus
915 3505 1001 3554 est
1030 3499 1180 3553 enim
1218 3506 1410 3554 noster
1455 3500 1735 3571 legislator
1773 3500 1940 3556 simul

354 3593 413 3640 et
438 3596 662 3643 sanctus
701 3596 758 3643 et
804 3589 1070 3644 innocens
1115 3604 1366 3645 summus
1405 3591 1682 3658 sacerdos,
1712 3593 1938 3664 ejusque

355 3678 673 3735 mediatoris
709 3673 875 3749 opera
908 3695 1102 3736 eorum
1127 3681 1223 3750 qui
1244 3682 1391 3736 virili
1418 3691 1546 3737 sunt
1571 3691 1729 3738 atate
1757 3691 1814 3738 et
1829 3683 1940 3739 vir—
1969 3677 1971 3679 ’

354 3777 472 3826 tute
497 3787 612 3842 pra
638 3772 854 3827 caeteris
881 3773 1198 3843 conspicua,
1223 3773 1282 3828 in
1311 3773 1516 3829 divinis
1534 3775 1719 3832 Libris
1732 3775 1939 3830 descri-

352 3861 506 3917 bitur
537 3879 756 3919 census.
798 3862 947 3933 Quos
976 3864 1359 3935 alloquebatur
1393 3866 1558 3921 etiam
1592 3866 1934 3937 sapientissi-

351 3971 476 4010 mus
518 3955 610 4011 ille
636 3955 893 4023 Joannes,
927 3975 1053 4014 cum
1089 3959 1302 4015 diceret
1326 3959 1369 3992 ⁸³
1410 3980 1423 4012 ι
1460 3978 1479 4011 ι
1529 3958 1724 4016 Scribo
1754 3959 1931 4026 vobis,

345 4046 600 4116 juvenes,
643 4049 774 4118 quia
819 4048 992 4105 fortes
1025 4050 1158 4106 estis
1193 4059 1250 4106 et
1282 4050 1493 4106 vicistis
1539 4052 1858 4123 malignum.
1907 4072 1924 4104 ι

351 4139 675 4210 Ilujusmodi
701 4150 885 4197 autem
907 4149 1036 4197 sunt
1053 4142 1090 4197 ii
1133 4143 1201 4199 de
1225 4144 1429 4214 quibus
1456 4144 1620 4199 modo
1651 4144 1928 4202 diximus:

356 4249 374 4280 ‹
407 4228 598 4286 Omnis
626 4233 904 4288 masculus
947 4249 978 4288 a
1009 4234 1204 4305 viginti
1247 4236 1404 4290 annis
1437 4244 1494 4291 et
1523 4251 1709 4307 supra,
1751 4238 1932 4293 omnis

346 4322 443 4392 qui
468 4324 747 4394 egreditur
771 4325 828 4380 in
859 4326 1104 4382 exercitu
1137 4327 1303 4387 Israel
1334 4327 1398 4382 ⁵⁸.
1440 4348 1458 4379 ι
1489 4312 1696 4384 Ηίείὼ
1737 4346 1929 4385 eorum

2056 1835 2160 1898 στὶ,
2196 1834 2257 1888 τὸ
2277 1838 2331 1891 ὲν
2365 1837 2570 1906 ἀκμαῖς
2598 1856 2658 1892 τε
2701 1841 2794 1892 καλ⁵
2829 1840 3015 1910 ἄρσεν.
3060 1839 3488 1911 Ἀνδριζομένοις
3520 1844 3630 1915 γὰρ

2050 1926 2224 1993 οὕτω,
2270 1929 2364 1981 καὶ
2411 1930 2491 1992 εἰς
2541 1928 2698 1983 τοῦτο
2750 1933 3054 2002 προήκουσι
3103 1931 3342 1995 διανοίας
3403 1933 3624 2004 μέτρον,

2050 2028 2160 2089 τοῖς
2200 2027 2378 2095 ἁγίοις
2423 2029 2744 2092 ἀποστόλοις
2777 2029 2991 2102 εἴρηται
3040 2032 3128 2085 διὰ
3177 2033 3452 2103 Χριστοῦ,
3496 2036 3627 2088 ποτὲ

2053 2116 2183 2186 μὲν,
2219 2118 2320 2183 ὅτι,
2358 2137 2375 2169 ι
2409 2117 2496 2189 Μὴ
2531 2119 2750 2192 χαίρετε
2780 2123 2860 2175 ὅτι
2889 2122 2959 2176 τὰ
2987 2124 3237 2194 δαιμόνια
3262 2125 3626 2180 ὑποτάσσεται

2049 2209 2198 2278 ὑμῖν,
2225 2197 2446 2281 χαίρετε
2471 2212 2526 2265 δὲ
2558 2214 2758 2282 μᾶλλον
2783 2215 2863 2268 ὅτι
2887 2215 2954 2269 τὰ
2981 2216 3222 2286 ὀνόματα
3244 2217 3396 2287 ὑμῶν
3419 2219 3626 2290 γέγραο

2047 2317 2176 2354 πται
2210 2303 2267 2354 ἐν
2307 2305 2420 2366 τοῖς
2452 2305 2703 2376 οὐρανοῖς
2731 2322 2744 2335 ·
2777 2326 2795 2357 ι
2830 2309 2960 2360 ποτὲ
3001 2308 3058 2360 δὲ
3101 2309 3278 2362 πάλιν
3315 2329 3333 2360 ι
3370 2311 3504 2380 Οὐχὶ
3532 2312 3627 2363 δύο

2049 2393 2306 2462 στρουθία
2355 2395 2616 2466 ἀσσαρίου
2665 2397 2964 2461 πωλεῖται,
2999 2399 3092 2453 καὶ
3124 2399 3182 2452 ἓν
3229 2398 3289 2464 ἐξ
3333 2400 3511 2452 αὐτῶν
3560 2401 3623 2452 οὐ

2047 2486 2290 2536 πεσεῖται
2325 2486 2419 2538 ὲπὶ
2447 2485 2545 2556 τὴν
2574 2488 2708 2558 γῆν,
2744 2489 2870 2542 ἄνευ
2920 2489 3014 2542 τοῦ
3055 2489 3260 2561 πατρός
3308 2506 3407 2558 μου
3440 2488 3535 2542 τοῦ
3567 2493 3627 2542 ἐν

2045 2573 2328 2643 οὐρανοῖς;
2373 2575 2557 2646 Ὑμών
2585 2576 2642 2628 δὲ.
2667 2577 2763 2630 καὶ
2792 2579 2848 2631 αἱ
2879 2579 3066 2649 τρίχες
3097 2578 3198 2649 τῆς
3226 2579 3471 2648 κεφαλῆς
3503 2581 3625 2649 ἠρι-

2046 2664 2322 2734 θμημέναι
2371 2666 2527 2719 εἰσίν.
2587 2686 2607 2718 ι
2659 2668 2732 2720 Τὸ
2784 2670 3011 2738 ἀκριϐὲς
3054 2667 3205 2739 οἶμαι
3245 2689 3348 2723 που
3390 2671 3488 2742 τῆς
3536 2673 3623 2724 ἐπ’

2045 2757 2229 2821 αὐτοῖς
2265 2758 2578 2830 φροντίδος,
2625 2760 2717 2814 τοῦ
2765 2761 2936 2825 αὐτὰς
2975 2764 3148 2814 εἰπεῖν
3191 2763 3624 2832 ἀπαριθμεῖσθαι

2042 2848 2142 2912 τὰς
2165 2849 2356 2920 τρίχας
2388 2850 2816 2922 καταδηλοῦντος
2844 2849 2903 2906 εὖ
2938 2852 3098 2923 μάλα.
3117 2853 3324 2906 Οὐκοῦν
3350 2857 3406 2908 ἐν
3434 2854 3623 2925 βιῦλὶῳ

2043 2938 2177 2992 Θεοῦ
2214 2941 2276 2993 τὸ
2311 2941 2369 2994 ὲν
2414 2943 2620 3012 ἀκμαῖς
2656 2959 2716 2995 τε
2755 2943 2850 2996 xal.
2879 2944 3066 3015 ἄρσεν.
3113 2944 3445 3015 Ἐπράττετο
3469 2944 3525 2997 δὲ
3554 2946 3625 2998 τὰ

2041 3033 2141 3102 τῆς
2166 3033 2523 3104 ἀπογραφῆς,
2581 3035 2671 3089 διά
2708 3052 2768 3088 τε
2813 3036 3057 3100 Μωσέως
3094 3037 3189 3105 καὶ
3237 3037 3485 3109 Ἀαρὼν,
3533 3039 3622 3092 ἵνα

1969 3110 2014 3172 C
2045 3124 2112 3178 δι’
2158 3127 2360 3197 ἀμφοῖν
2414 3127 2505 3182 τὸν
2538 3127 2664 3214 ’ἓναη
2691 3128 2899 3199 νοιῖιμεν
2935 3127 3192 3200 Χριστὸν,
3223 3130 3298 3194 ὡς
3335 3133 3392 3184 ἐν
3422 3133 3619 3202 Μωσῇν

2041 3219 2373 3291 νομοθέτην,
2415 3221 2491 3284 ώς
2543 3223 2601 3275 ὲν
2647 3221 2892 3292 Ἀαρὼν,
2941 3223 3223 3294 ἀρχιερέα.
3272 3224 3471 3292 Γέγονε
3512 3225 3623 3296 γὰρ

2040 3312 2126 3381 ἐφ’
2160 3314 2308 3384 ἡμᾶς
2346 3312 2640 3384 νομοθέτης
2689 3332 2747 3368 τε
2781 3314 2929 3386 ἅμα,
2978 3315 3072 3368 καὶ
3101 3315 3247 3379 ὅσιος
3279 3316 3373 3369 καὶ
3415 3315 3622 3378 ἄκακος

2040 3405 2350 3477 ἀρχιερεὺς,
2381 3406 2477 3459 καὶ
2515 3405 2602 3459 διὰ
2629 3405 2729 3477 τῆς
2756 3406 2918 3461 αὑτοῦ
2949 3407 3258 3478 μεσιτείας,
3301 3407 3409 3462 τῶν
3440 3408 3622 3479 ἀνδρι-

2041 3495 2287 3566 ζομένων
2319 3494 2414 3549 καὶ
2447 3497 2906 3570 ὲκπρεπεστέρων
2964 3499 3044 3561 εἰς
3079 3498 3314 3570 ἀρετὴν,
3353 3499 3414 3552 ὲν
3447 3500 3622 3563 θείαις

2041 3586 2246 3659 βίὸλοις
2275 3590 2590 3662 ἀπογραφή.
2625 3591 2972 3663 Προσεφώνει
3003 3591 3061 3645 δὲ
3089 3593 3303 3658 τούτοις
3329 3593 3422 3646 καὶ
3457 3593 3620 3662 σοφὸς

2051 3681 2306 3752 Ἰωάννης
2332 3681 2522 3751 λέγων·
2558 3703 2576 3736 ι
2611 3684 2814 3755 Γράφω
2845 3685 2996 3754 ὑμῖν,
3029 3685 3327 3750 νεανίσκοι,
3354 3685 3434 3739 ὅτι
3475 3688 3622 3756 ἰσχυ-

1989 3773 2123 3843 κροί
2176 3774 2330 3838 ἐστε,
2364 3775 2458 3828 καὶ
2505 3775 2830 3844 νενικήκατε
2874 3774 2964 3827 τὸν
3010 3777 3268 3845 πονηρόν.
3332 3795 3351 3827 ι
3403 3776 3618 3830 Οὐκοῦν

2037 3861 2148 3918 εἷεν
2187 3864 2254 3919 ἂν
2280 3859 2462 3929 οὗτοι,
2504 3865 2628 3935 περὶ
2677 3858 2751 3919 ὧν
2798 3863 3006 3934 ἔφαμεν
3046 3865 3284 3934 ἀρτίωςο
3315 3867 3398 3918 ὅτι
3435 3886 3452 3918 ι
3499 3869 3620 3922 Πᾶν

2036 3955 2202 4026 ἄρσεν
2229 3957 2337 4011 ἀπὸ
2365 3951 2708 4017 εἰκοσαετοῦς
2765 3954 2858 4006 καὶ
2888 3954 3092 4020 ἐπάνω,
3123 3956 3231 4019 πᾶς
3253 3956 3282 4007 ὁ
3314 3957 3620 4027 ἐκπορευό-

2037 4066 2196 4118 μενος
2241 4050 2299 4102 ὲν
2339 4048 2566 4116 δυνάμει
2625 4046 2875 4118 Ἰσραήλθ
2916 4065 2935 4100 ι
2981 4046 3076 4111 οὓς
3112 4049 3196 4102 ὅτι
3242 4052 3478 4102 ποιεῖται
3523 4051 3614 4105 διὰ

2035 4135 2272 4206 φειδοῦς,
2295 4137 2390 4191 καὶ
2416 4135 2694 4208 φροντίδος
2716 4135 2876 4201 ἀξιοῖ,
2901 4137 3192 4208 φιλάρετος
3211 4136 3286 4192 ὢν
3309 4139 3337 4190 ὁ
3358 4139 3616 4212 δημιουρ-

2032 4230 2127 4300 γὸς
2149 4269 2163 4295 ,
2193 4229 2432 4292 κατίδοις
2452 4268 2466 4293 ,
2499 4221 2545 4281 ὦ
2578 4228 2845 4283 Παλλάδιε
2863 4271 2877 4294 ,
2905 4230 3000 4282 καὶ
3023 4229 3111 4284 διὰ
3135 4229 3245 4283 τῶν
3285 4228 3485 4300 ἐφεξῆς
3513 4247 3613 4298 γε·

2032 4319 2386 4392 γραμμένων.
2424 4320 2574 4390 Ἔφη
2611 4319 2721 4390 γὰρ
2763 4321 2926 4374 πάλιν
2953 4323 3064 4383 τοῖς
3105 4321 3250 4390 ἀμφὶ
3280 4321 3484 4374 Μωσέα
3516 4321 3614 4374 καὶ

346 4413 541 4484 Opiﬁce
572 4415 685 4471 Deo
713 4418 1348 4490 provideri,‘eorumque
1379 4420 1457 4475 illi
1483 4436 1670 4476 curam
1698 4437 1838 4488 esse,
1867 4429 1929 4477 ut

2045 4411 2273 4484 Ἀαρὼν,
2300 4411 2456 4482 δῆλον
2481 4412 2536 4464 δὲ
2566 4413 2648 4465 ὅτι
2677 4412 2832 4478 Θεὸς,
2870 4433 2887 4464 ι
2927 4412 3037 4466 Καὶ
3073 4412 3188 4483 μεθ’
3214 4411 3366 4483 ὑμιῖιν
3393 4412 3612 4467 ἔσονται

346 4506 441 4574 qui
486 4505 556 4560 sit
605 4508 827 4563 virtutis
867 4519 1099 4576 amator,
1141 4513 1306 4567 etiam
1350 4528 1450 4582 per
1477 4528 1541 4566 ea
1579 4528 1700 4582 qua
1727 4529 1925 4568 conse-

2043 4502 2260 4565 ἑκαστος
2289 4502 2430 4556 κατὰ
2467 4502 2638 4573 φυλὴν
2673 4503 2907 4556 ἑκάστου
2936 4503 3197 4575 ἄρχοντος
3217 4545 3230 4566 ,
3274 4507 3394 4557 κατ’
3427 4506 3612 4570 οἴκους

233 4611 244 4618 ο
345 4605 579 4665 quenter
608 4599 812 4668 scripta
842 4608 988 4666 sunt,
1021 4603 1353 4672 perspicere,
1385 4603 1612 4670 Palladi,
1641 4604 1798 4661 facile
1821 4621 1923 4676 po-

344 4689 496 4744 teris.
525 4689 616 4746 Ait
636 4691 783 4746 enim
809 4692 1007 4747 iterum
1031 4694 1199 4765 Moysi
1223 4703 1279 4749 et
1305 4695 1504 4761 Aaron,
1535 4695 1680 4752 Deus
1731 4698 1924 4767 procul

344 4777 546 4844 dubio,
603 4800 621 4831 ι
675 4782 744 4835 Et
787 4782 1072 4837 vobiscum
1121 4793 1286 4837 erunt
1331 4784 1526 4856 singuli
1572 4801 1669 4855 per
1718 4787 1921 4841 tribum

342 4871 775 4943 uniuscujusque
835 4873 1132 4944 principis,
1200 4891 1298 4945 per
1349 4877 1540 4932 domos
1592 4878 1921 4932 familiarum

341 4971 506 5017 erunt
537 4981 549 5016 :
587 4972 644 5019 et
672 4964 790 5019 hac
817 4966 1041 5020 nomina
1071 4967 1318 5022 virorum
1338 4969 1433 5038 qui
1469 4969 1696 5025 stabunt
1731 4971 1919 5024 vobis-

343 5069 470 5109 cum
513 5055 602 5108 ”:
659 5074 676 5106 ι
724 5071 1065 5128 unaquaque
1120 5060 1265 5114 enim
1317 5061 1496 5116 tribus
1530 5078 1678 5126 eum,
1725 5063 1819 5130 qui
1866 5072 1922 5116 et

343 5145 517 5216 gloria
544 5153 600 5200 et
624 5146 827 5202 virtute
867 5150 1139 5222 pugnandi
1181 5163 1408 5208 caeteros
1438 5151 1692 5215 anteiret,
1723 5151 1921 5204 ducem

344 5234 586 5291 instituit
614 5253 677 5294 ac
698 5249 1180 5311 propugnatorem,
1205 5251 1261 5298 et
1285 5241 1568 5296 sententia
1592 5239 1919 5309 principem,

341 5333 398 5381 et
434 5342 620 5382 rerum
653 5331 1014 5400 gerendarum
1048 5343 1329 5388 auctorem
1371 5347 1384 5381 ε
1418 5345 1656 5398 quorum
1689 5329 1920 5400 ﬁguram

341 5419 640 5488 praferunt
666 5424 865 5495 angeli,
891 5425 984 5494 qui
1009 5425 1230 5479 selectis
1257 5423 1366 5476 illis
1393 5421 1548 5486 viris,
1577 5430 1630 5477 et
1657 5422 1713 5477 in
1773 5423 1920 5478 libro

339 5513 467 5569 vita
482 5513 774 5585 descriptis
789 5515 1030 5586 praefecti
1049 5522 1194 5592 sunt.
1215 5515 1256 5582 1
1270 5514 1370 5584 13
1385 5512 1662 5583 Scriptum
1674 5522 1919 5570 estnam-

2034 4594 2279 4666 πατριῶν
2299 4595 2534 4659 ἔσονται,
2559 4596 2654 4648 καὶ
2679 4594 2851 4648 ταῦτα
2883 4594 2954 4647 τὰ
2977 4595 3218 4664 ὀνόματα
3245 4595 3354 4648 τῶν
3375 4596 3609 4666 ἀνδρῶν,

2031 4687 2227 4750 οἵτινες
2302 4687 2743 4757 παραστήσονται
2799 4685 2918 4756 μεθ’
2970 4686 3148 4757 ὑμῶν.
3206 4705 3226 4738 ι
3279 4686 3423 4757 Φυλὴ
3496 4687 3611 4759 γάρ

2033 4779 2236 4848 ἑκάστη
2272 4778 2364 4832 τὸν
2397 4777 2780 4847 εὐκλεέστερον
2823 4779 2917 4831 καὶ
2959 4777 3345 4848 μαχιμώτατον
3381 4779 3609 4848 ἐφίστη-

2037 4887 2122 4925 σιν
2161 4871 2437 4942 ἡγεμόνα,
2481 4869 2577 4924 καὶ
2619 4870 3028 4940 προασπιστὴν,
3061 4871 3156 4923 καὶ
3208 4869 3403 4940 βουλῆς
3446 4869 3610 4940 ἐξάρ-

2028 4981 2210 5037 χοντα,
2246 4964 2341 5017 καὶ
2366 4962 2472 5017 τῶν
2498 4963 2790 5035 πρακτέων
2819 4963 3139 5033 εἰσηγητὴν,
3173 4956 3248 5016 ὧν
3280 4963 3346 5015 ἂν
3385 4959 3494 5016 εἶεν
3525 4965 3606 5027 εἰς

2027 5054 2219 5120 τύπον,
2241 5055 2292 5107 οι
2312 5057 2424 5118 τοῖς
2453 5054 2776 5115 ἀπολέκτοις
2818 5053 2912 5108 καὶ
2947 5055 3004 5105 ἐν
3034 5052 3201 5123 βίϐλῳ
3241 5052 3387 5123 ζωῆς
3412 5055 3606 5123 κειμέ-

2029 5162 2176 5211 νοις,
2232 5146 2592 5216 ἐφεστηκότες
2644 5144 2887 5213 ἆγγελοι.
2947 5144 3264 5214 Γέγραπται
3310 5144 3420 5212 γὰρ
3475 5144 3610 5212 περὶ

2029 5237 2228 5300 παντὸς
2257 5236 2484 5290 δικαίου·
2535 5255 2553 5285 ι
2598 5237 2949 5308 Παρεμϐαλεῖ
2984 5234 3215 5303 ἄγγελος
3261 5233 3468 5307 Κυρίου
3500 5235 3602 5288 κύ-

2029 5328 2141 5399 κλῳ
2171 5327 2278 5382 τῶν
2321 5327 2673 5398 φοϐουμένων
2699 5328 2891 5392 αὑτὸν,
2921 5325 3016 5380 καὶ
3057 5325 3279 5396 ῥύσεται
3322 5325 3540 5390 αὐτούς.
3576 5345 3599 5377 ι

2030 5423 2150 5474 Ὅτι
2182 5419 2239 5473 δὲ
2283 5419 2598 5487 ἀγγελικαῖς
2643 5417 2984 5489 ἐπικουρίαις
3010 5415 3428 5487 διασεσώσμεθα
3460 5416 3606 5471 κατὰ

2027 5514 2276 5585 βούλησιν
2319 5509 2486 5575 Θεοῦ,
2531 5510 2866 5582 πανταχόθεν
2903 5509 2968 5564 ἂν
3000 5508 3209 5578 γένοιτο
3257 5508 3457 5577 σαφὲς,
3503 5507 3602 5562 καὶ

413 5691 456 5723 ⁵⁸³
493 5692 654 5758 Num.
695 5707 730 5750 ι,
761 5691 871 5745 l--3.
901 5691 939 5721 “
965 5691 1098 5744 Luc.
1128 5707 1179 5757 x,
1203 5693 1291 5747 20.
1328 5694 1370 5726 ⁶²
1394 5691 1582 5749 Matth.
1612 5709 1665 5760 ιι,
1695 5693 1785 5760 29,
1810 5693 1894 5748 50.

2043 5693 2244 5748 IJoan.
2284 5707 2354 5758 ιι,
2387 5691 2468 5745 15.
2549 5691 2589 5724 ⁵⁵
2627 5691 2965 5756 Exodxxx,
3009 5691 3092 5747 14.
3171 5691 3458 5748 σδΝιιιιω,
3500 5685 3594 5746 18.
