  <div class='ocr_page' id='page_1' title='image "/cluster/home/n/w/nwhite01/storage/ocr_20150623/68/pst.000005712694/168.png"; bbox 0 0 3968 6300; ppageno 0'>
   <div class='ocr_carea' id='block_1_1' title="bbox 168 298 285 372">
    <p class='ocr_par' dir='ltr' id='par_1_1' title="bbox 168 298 285 372">
     <span class='ocr_line' id='line_1_1' title="bbox 168 298 285 372; baseline 0.034 -4"><span class='ocrx_word' id='word_1_1' title='bbox 168 298 285 372; x_wconf 72' lang='grc' dir='ltr'><strong>’3ίὸ</strong></span> 
     </span>
    </p>
   </div>
   <div class='ocr_carea' id='block_1_2' title="bbox 916 313 2748 386">
    <p class='ocr_par' dir='ltr' id='par_1_2' title="bbox 916 313 2748 386">
     <span class='ocr_line' id='line_1_2' title="bbox 916 313 2748 386; baseline 0.01 -18"><span class='ocrx_word' id='word_1_2' title='bbox 916 313 1006 370; x_wconf 85' lang='lat' dir='ltr'><strong>DE</strong></span> <span class='ocrx_word' id='word_1_3' title='bbox 1045 313 1482 371; x_wconf 80' lang='lat' dir='ltr'><strong>ADORATIONE</strong></span> <span class='ocrx_word' id='word_1_4' title='bbox 1520 316 1586 371; x_wconf 83' lang='lat' dir='ltr'><strong>IN</strong></span> <span class='ocrx_word' id='word_1_5' title='bbox 1625 316 1894 376; x_wconf 78' lang='lat' dir='ltr'><strong>SPIRITU</strong></span> <span class='ocrx_word' id='word_1_6' title='bbox 1936 320 2024 376; x_wconf 87' lang='lat' dir='ltr'><strong>ET</strong></span> <span class='ocrx_word' id='word_1_7' title='bbox 2064 323 2431 382; x_wconf 75' lang='lat' dir='ltr'><strong>VERITATE.</strong></span> <span class='ocrx_word' id='word_1_8' title='bbox 2488 330 2619 384; x_wconf 82' lang='lat' dir='ltr'><strong>LIB.</strong></span> <span class='ocrx_word' id='word_1_9' title='bbox 2662 332 2748 386; x_wconf 83' lang='lat' dir='ltr'><strong>IV.</strong></span> 
     </span>
    </p>
   </div>
   <div class='ocr_carea' id='block_1_3' title="bbox 3318 331 3424 398">
    <p class='ocr_par' dir='ltr' id='par_1_3' title="bbox 3318 331 3424 398">
     <span class='ocr_line' id='line_1_3' title="bbox 3318 331 3424 398; baseline 0.019 -3"><span class='ocrx_word' id='word_1_10' title='bbox 3318 331 3424 398; x_wconf 73' lang='grc' dir='ltr'><strong>5ιό</strong></span> 
     </span>
    </p>
   </div>
   <div class='ocr_carea' id='block_1_4' title="bbox 181 422 1747 514">
    <p class='ocr_par' dir='ltr' id='par_1_4' title="bbox 181 422 1729 502">
     <span class='ocr_line' id='line_1_4' title="bbox 181 422 1729 502; baseline 0.003 -20"><span class='ocrx_word' id='word_1_11' title='bbox 181 427 428 496; x_wconf 79' lang='grc' dir='ltr'>περιττὸν</span> <span class='ocrx_word' id='word_1_12' title='bbox 466 422 618 499; x_wconf 78' lang='grc' dir='ltr'>οἶμαι</span> <span class='ocrx_word' id='word_1_13' title='bbox 654 428 927 498; x_wconf 80' lang='grc' dir='ltr'><strong>συλλέγειν</strong></span> <span class='ocrx_word' id='word_1_14' title='bbox 956 431 1034 494; x_wconf 87' lang='grc' dir='ltr'><strong>εἰς</strong></span> <span class='ocrx_word' id='word_1_15' title='bbox 1063 435 1124 485; x_wconf 79' lang='grc' dir='ltr'><strong>τὸ</strong></span> <span class='ocrx_word' id='word_1_16' title='bbox 1159 432 1352 502; x_wconf 83' lang='grc' dir='ltr'>παρὸν,</span> <span class='ocrx_word' id='word_1_17' title='bbox 1390 432 1488 496; x_wconf 76' lang='grc' dir='ltr'>τὰς</span> <span class='ocrx_word' id='word_1_18' title='bbox 1518 433 1729 498; x_wconf 60' lang='grc' dir='ltr'>δείξεις</span> 
     </span>
    </p>
   </div>
   <div class='ocr_carea' id='block_1_5' title="bbox 1859 422 3430 514">
    <p class='ocr_par' dir='ltr' id='par_1_5' title="bbox 1859 437 3430 514">
     <span class='ocr_line' id='line_1_5' title="bbox 1859 437 3430 514; baseline 0.012 -24"><span class='ocrx_word' id='word_1_19' title='bbox 1859 452 1942 506; x_wconf 83' lang='lat' dir='ltr'><strong>[ue</strong></span> <span class='ocrx_word' id='word_1_20' title='bbox 1959 437 2027 493; x_wconf 91' lang='lat' dir='ltr'><strong>de</strong></span> <span class='ocrx_word' id='word_1_21' title='bbox 2039 454 2370 510; x_wconf 89' lang='lat' dir='ltr'><strong>unoquoque</strong></span> <span class='ocrx_word' id='word_1_22' title='bbox 2383 443 2529 513; x_wconf 80' lang='lat' dir='ltr'><strong>justo</strong></span> <span class='ocrx_word' id='word_1_23' title='bbox 2561 437 2842 514; x_wconf 86' lang='lat' dir='ltr'><strong>proboque</strong></span> <span class='ocrx_word' id='word_1_24' title='bbox 2856 445 2974 502; x_wconf 90' lang='lat' dir='ltr'><strong>viro</strong></span> <span class='ocrx_word' id='word_1_25' title='bbox 2993 463 3005 502; x_wconf 76' lang='grc' dir='ltr'><strong><em>τ</em></strong></span> <span class='ocrx_word' id='word_1_26' title='bbox 3029 468 3046 500; x_wconf 80' lang='grc' dir='ltr'><strong>ι</strong></span> <span class='ocrx_word' id='word_1_27' title='bbox 3068 449 3430 508; x_wconf 82' lang='lat' dir='ltr'><strong>Castrameta-</strong></span> 
     </span>
    </p>
   </div>
   <div class='ocr_carea' id='block_1_6' title="bbox 180 517 1742 596">
    <p class='ocr_par' dir='ltr' id='par_1_6' title="bbox 180 517 1742 596">
     <span class='ocr_line' id='line_1_6' title="bbox 180 517 1742 596; baseline 0.003 -24"><span class='ocrx_word' id='word_1_28' title='bbox 180 519 355 572; x_wconf 77' lang='grc' dir='ltr'>καίτοι</span> <span class='ocrx_word' id='word_1_29' title='bbox 378 519 492 580; x_wconf 78' lang='grc' dir='ltr'>τοῖς</span> <span class='ocrx_word' id='word_1_30' title='bbox 523 517 767 572; x_wconf 80' lang='grc' dir='ltr'><strong>ἐθέλουσι</strong></span> <span class='ocrx_word' id='word_1_31' title='bbox 814 520 971 590; x_wconf 59' lang='grc' dir='ltr'>μετδιν</span> <span class='ocrx_word' id='word_1_32' title='bbox 1019 521 1114 574; x_wconf 76' lang='grc' dir='ltr'><strong>καὶ</strong></span> <span class='ocrx_word' id='word_1_33' title='bbox 1155 518 1274 576; x_wconf 89' lang='grc' dir='ltr'>λίαν</span> <span class='ocrx_word' id='word_1_34' title='bbox 1304 523 1541 587; x_wconf 84' lang='grc' dir='ltr'><strong>εὐκόλως</strong></span> <span class='ocrx_word' id='word_1_35' title='bbox 1583 524 1742 596; x_wconf 73' lang='grc' dir='ltr'>εἴπερ</span> 
     </span>
    </p>
   </div>
   <div class='ocr_carea' id='block_1_7' title="bbox 178 607 749 681">
    <p class='ocr_par' dir='ltr' id='par_1_7' title="bbox 178 607 749 681">
     <span class='ocr_line' id='line_1_7' title="bbox 178 607 749 681; baseline 0.007 -20"><span class='ocrx_word' id='word_1_36' title='bbox 178 608 379 662; x_wconf 81' lang='grc' dir='ltr'>ἐλοιντο</span> <span class='ocrx_word' id='word_1_37' title='bbox 402 607 564 661; x_wconf 87' lang='grc' dir='ltr'>τοῦτο</span> <span class='ocrx_word' id='word_1_38' title='bbox 592 609 749 681; x_wconf 84' lang='grc' dir='ltr'>δρᾷν.</span> 
     </span>
    </p>
   </div>
   <div class='ocr_carea' id='block_1_8' title="bbox 1850 529 3422 611">
    <p class='ocr_par' dir='ltr' id='par_1_8' title="bbox 1850 529 3422 611">
     <span class='ocr_line' id='line_1_8' title="bbox 1850 529 3422 611; baseline 0.008 -26"><span class='ocrx_word' id='word_1_39' title='bbox 1850 529 2000 585; x_wconf 87' lang='lat' dir='ltr'><strong>bitur</strong></span> <span class='ocrx_word' id='word_1_40' title='bbox 2027 534 2253 604; x_wconf 80' lang='lat' dir='ltr'><strong>angelus</strong></span> <span class='ocrx_word' id='word_1_41' title='bbox 2285 534 2503 590; x_wconf 84' lang='lat' dir='ltr'><strong>Domini</strong></span> <span class='ocrx_word' id='word_1_42' title='bbox 2543 536 2599 590; x_wconf 93' lang='lat' dir='ltr'><strong>in</strong></span> <span class='ocrx_word' id='word_1_43' title='bbox 2646 536 2879 591; x_wconf 74' lang='lat' dir='ltr'><strong>circuitu</strong></span> <span class='ocrx_word' id='word_1_44' title='bbox 2919 538 3229 597; x_wconf 77' lang='lat' dir='ltr'><strong>timentium</strong></span> <span class='ocrx_word' id='word_1_45' title='bbox 3272 561 3422 611; x_wconf 89' lang='lat' dir='ltr'><strong>eum,</strong></span> 
     </span>
    </p>
   </div>
   <div class='ocr_carea' id='block_1_9' title="bbox 1849 623 3422 699">
    <p class='ocr_par' dir='ltr' id='par_1_9' title="bbox 1849 623 3422 699">
     <span class='ocr_line' id='line_1_9' title="bbox 1849 623 3422 699; baseline 0.01 -24"><span class='ocrx_word' id='word_1_46' title='bbox 1849 630 1907 676; x_wconf 88' lang='lat' dir='ltr'><strong>et</strong></span> <span class='ocrx_word' id='word_1_47' title='bbox 1933 623 2130 692; x_wconf 88' lang='lat' dir='ltr'><strong>eripiet</strong></span> <span class='ocrx_word' id='word_1_48' title='bbox 2156 639 2252 680; x_wconf 90' lang='lat' dir='ltr'><strong>eos</strong></span> <span class='ocrx_word' id='word_1_49' title='bbox 2293 626 2359 678; x_wconf 81' lang='lat'><strong>“.</strong></span> <span class='ocrx_word' id='word_1_50' title='bbox 2399 644 2418 677; x_wconf 72' lang='grc' dir='ltr'><strong>ι</strong></span> <span class='ocrx_word' id='word_1_51' title='bbox 2445 625 2602 692; x_wconf 82' lang='lat' dir='ltr'><strong>Quod</strong></span> <span class='ocrx_word' id='word_1_52' title='bbox 2632 635 2816 681; x_wconf 85' lang='lat' dir='ltr'><strong>autem</strong></span> <span class='ocrx_word' id='word_1_53' title='bbox 2854 629 3166 698; x_wconf 77' lang='lat' dir='ltr'><strong>angelorum</strong></span> <span class='ocrx_word' id='word_1_54' title='bbox 3198 635 3422 699; x_wconf 79' lang='lat' dir='ltr'><strong>auxilio,</strong></span> 
     </span>
    </p>
   </div>
   <div class='ocr_carea' id='block_1_10' title="bbox 181 699 3423 795">
    <p class='ocr_par' dir='ltr' id='par_1_10' title="bbox 181 699 3423 795">
     <span class='ocr_line' id='line_1_10' title="bbox 181 699 3423 795; baseline 0.009 -42"><span class='ocrx_word' id='word_1_55' title='bbox 181 699 257 795; x_wconf 78' lang='lat' dir='ltr'><strong>sic</strong></span> <span class='ocrx_word' id='word_1_56' title='bbox 283 701 396 756; x_wconf 91' lang='lat' dir='ltr'><strong>Deo</strong></span> <span class='ocrx_word' id='word_1_57' title='bbox 427 703 664 769; x_wconf 87' lang='lat' dir='ltr'><strong>volente,</strong></span> <span class='ocrx_word' id='word_1_58' title='bbox 697 703 862 759; x_wconf 92' lang='lat' dir='ltr'><strong>cincti</strong></span> <span class='ocrx_word' id='word_1_59' title='bbox 904 705 1092 770; x_wconf 89' lang='lat' dir='ltr'><strong>simus,</strong></span> <span class='ocrx_word' id='word_1_60' title='bbox 1129 706 1474 762; x_wconf 89' lang='lat' dir='ltr'><strong>manifestum</strong></span> <span class='ocrx_word' id='word_1_61' title='bbox 1509 709 1749 781; x_wconf 87' lang='lat' dir='ltr'><strong>undique</strong></span> <span class='ocrx_word' id='word_1_62' title='bbox 1788 712 1904 770; x_wconf 84' lang='lat' dir='ltr'><strong>ﬁeri</strong></span> <span class='ocrx_word' id='word_1_63' title='bbox 1946 727 2146 787; x_wconf 89' lang='lat' dir='ltr'><strong>potest,</strong></span> <span class='ocrx_word' id='word_1_64' title='bbox 2211 736 2276 776; x_wconf 92' lang='lat' dir='ltr'><strong>ac</strong></span> <span class='ocrx_word' id='word_1_65' title='bbox 2342 735 2807 791; x_wconf 84' lang='lat' dir='ltr'><strong>supervacaneum</strong></span> <span class='ocrx_word' id='word_1_66' title='bbox 2848 731 2980 791; x_wconf 91' lang='lat' dir='ltr'><strong>puto</strong></span> <span class='ocrx_word' id='word_1_67' title='bbox 3013 722 3070 778; x_wconf 93' lang='lat' dir='ltr'><strong>in</strong></span> <span class='ocrx_word' id='word_1_68' title='bbox 3099 738 3423 795; x_wconf 60' lang='lat' dir='ltr'><strong>praesentem</strong></span> 
     </span>
    </p>
   </div>
   <div class='ocr_carea' id='block_1_11' title="bbox 179 791 3423 886">
    <p class='ocr_par' dir='ltr' id='par_1_11' title="bbox 179 791 3423 886">
     <span class='ocr_line' id='line_1_11' title="bbox 179 791 3423 886; baseline 0.009 -42"><span class='ocrx_word' id='word_1_69' title='bbox 179 791 358 886; x_wconf 79' lang='lat' dir='ltr'><strong>locum</strong></span> <span class='ocrx_word' id='word_1_70' title='bbox 383 808 684 864; x_wconf 82' lang='lat' dir='ltr'><strong>congerere</strong></span> <span class='ocrx_word' id='word_1_71' title='bbox 708 795 829 865; x_wconf 87' lang='lat' dir='ltr'><strong>ejus</strong></span> <span class='ocrx_word' id='word_1_72' title='bbox 852 795 930 850; x_wconf 89' lang='lat' dir='ltr'><strong>rei</strong></span> <span class='ocrx_word' id='word_1_73' title='bbox 957 797 1306 865; x_wconf 77' lang='lat' dir='ltr'><strong>probationes</strong></span> <span class='ocrx_word' id='word_1_74' title='bbox 1326 840 1340 865; x_wconf 90' lang='lat'><strong>,</strong></span> <span class='ocrx_word' id='word_1_75' title='bbox 1365 816 1490 857; x_wconf 90' lang='lat' dir='ltr'><strong>cum</strong></span> <span class='ocrx_word' id='word_1_76' title='bbox 1518 806 1820 872; x_wconf 69' lang='lat' dir='ltr'><strong>praesertim</strong></span> <span class='ocrx_word' id='word_1_77' title='bbox 1851 810 2165 868; x_wconf 91' lang='lat' dir='ltr'><strong>volentibus</strong></span> <span class='ocrx_word' id='word_1_78' title='bbox 2217 812 2272 867; x_wconf 92' lang='lat' dir='ltr'><strong>id</strong></span> <span class='ocrx_word' id='word_1_79' title='bbox 2301 811 2482 868; x_wconf 87' lang='lat' dir='ltr'><strong>facere</strong></span> <span class='ocrx_word' id='word_1_80' title='bbox 2514 813 2572 867; x_wconf 90' lang='lat' dir='ltr'><strong>in</strong></span> <span class='ocrx_word' id='word_1_81' title='bbox 2634 820 2891 882; x_wconf 89' lang='lat' dir='ltr'><strong>promptu</strong></span> <span class='ocrx_word' id='word_1_82' title='bbox 2958 814 3048 879; x_wconf 88' lang='lat' dir='ltr'><strong>sit,</strong></span> <span class='ocrx_word' id='word_1_83' title='bbox 3083 791 3140 870; x_wconf 71' lang='lat' dir='ltr'><strong>et</strong></span> <span class='ocrx_word' id='word_1_84' title='bbox 3203 819 3423 886; x_wconf 86' lang='lat' dir='ltr'><strong>quidem</strong></span> 
     </span>
    </p>
   </div>
   <div class='ocr_carea' id='block_1_12' title="bbox 179 884 1227 960">
    <p class='ocr_par' dir='ltr' id='par_1_12' title="bbox 179 884 1227 960">
     <span class='ocr_line' id='line_1_12' title="bbox 179 884 1227 960; baseline 0.004 -19"><span class='ocrx_word' id='word_1_85' title='bbox 179 884 456 960; x_wconf 76' lang='lat' dir='ltr'><strong>facillime,</strong></span> <span class='ocrx_word' id='word_1_86' title='bbox 494 889 538 942; x_wconf 92' lang='lat' dir='ltr'><strong>si</strong></span> <span class='ocrx_word' id='word_1_87' title='bbox 567 889 729 944; x_wconf 93' lang='lat' dir='ltr'><strong>modo</strong></span> <span class='ocrx_word' id='word_1_88' title='bbox 760 890 835 944; x_wconf 89' lang='lat' dir='ltr'><strong>ita</strong></span> <span class='ocrx_word' id='word_1_89' title='bbox 864 891 1227 947; x_wconf 86' lang='lat' dir='ltr'><strong>decreverint.</strong></span> 
     </span>
    </p>
   </div>
   <div class='ocr_carea' id='block_1_13' title="bbox 250 979 1747 1053">
    <p class='ocr_par' dir='ltr' id='par_1_13' title="bbox 250 979 1747 1053">
     <span class='ocr_line' id='line_1_13' title="bbox 250 979 1747 1053; baseline 0.009 -23"><span class='ocrx_word' id='word_1_90' title='bbox 250 979 459 1033; x_wconf 77' lang='lat' dir='ltr'><strong>HAAA.</strong></span> <span class='ocrx_word' id='word_1_91' title='bbox 486 980 696 1033; x_wconf 81' lang='grc' dir='ltr'>Οὐκοῦν</span> <span class='ocrx_word' id='word_1_92' title='bbox 733 981 808 1045; x_wconf 86' lang='grc' dir='ltr'>ὡς</span> <span class='ocrx_word' id='word_1_93' title='bbox 842 983 900 1036; x_wconf 90' lang='grc' dir='ltr'><strong>ἐν</strong></span> <span class='ocrx_word' id='word_1_94' title='bbox 931 981 1086 1053; x_wconf 86' lang='grc' dir='ltr'>τύπῳ</span> <span class='ocrx_word' id='word_1_95' title='bbox 1124 983 1203 1053; x_wconf 85' lang='grc' dir='ltr'>τῷ</span> <span class='ocrx_word' id='word_1_96' title='bbox 1234 986 1375 1038; x_wconf 87' lang='grc' dir='ltr'>κατὰ</span> <span class='ocrx_word' id='word_1_97' title='bbox 1426 987 1628 1042; x_wconf 87' lang='grc' dir='ltr'>Μωσέα</span> <span class='ocrx_word' id='word_1_98' title='bbox 1652 991 1747 1044; x_wconf 73' lang='grc' dir='ltr'>καὶ</span> 
     </span>
    </p>
   </div>
   <div class='ocr_carea' id='block_1_14' title="bbox 190 1070 1746 1154">
    <p class='ocr_par' dir='ltr' id='par_1_14' title="bbox 190 1070 1746 1154">
     <span class='ocr_line' id='line_1_14' title="bbox 190 1070 1746 1154; baseline 0.008 -30"><span class='ocrx_word' id='word_1_99' title='bbox 190 1070 398 1142; x_wconf 73' lang='grc' dir='ltr'>Ἀαρὼν</span> <span class='ocrx_word' id='word_1_100' title='bbox 427 1070 514 1125; x_wconf 85' lang='grc' dir='ltr'><strong>διά</strong></span> <span class='ocrx_word' id='word_1_101' title='bbox 549 1073 785 1144; x_wconf 79' lang='grc' dir='ltr'><strong>Χριστοῦ</strong></span> <span class='ocrx_word' id='word_1_102' title='bbox 820 1074 1015 1142; x_wconf 78' lang='grc' dir='ltr'>γένοιτ’</span> <span class='ocrx_word' id='word_1_103' title='bbox 1046 1074 1112 1128; x_wconf 82' lang='grc' dir='ltr'>ἂν</span> <span class='ocrx_word' id='word_1_104' title='bbox 1143 1075 1252 1130; x_wconf 83' lang='grc' dir='ltr'><strong>τῶν</strong></span> <span class='ocrx_word' id='word_1_105' title='bbox 1278 1076 1674 1152; x_wconf 79' lang='grc' dir='ltr'><strong>ἀνδριζομένων</strong></span> <span class='ocrx_word' id='word_1_106' title='bbox 1713 1085 1746 1154; x_wconf 76' lang='grc' dir='ltr'><strong>ἡ</strong></span> 
     </span>
    </p>
   </div>
   <div class='ocr_carea' id='block_1_15' title="bbox 177 1161 494 1232">
    <p class='ocr_par' dir='ltr' id='par_1_15' title="bbox 177 1161 494 1232">
     <span class='ocr_line' id='line_1_15' title="bbox 177 1161 494 1232; baseline 0.013 -4"><span class='ocrx_word' id='word_1_107' title='bbox 177 1161 494 1232; x_wconf 80' lang='grc' dir='ltr'>ἀπογραφή-</span> 
     </span>
    </p>
   </div>
   <div class='ocr_carea' id='block_1_16' title="bbox 247 1254 1748 1332">
    <p class='ocr_par' dir='ltr' id='par_1_16' title="bbox 247 1254 1748 1332">
     <span class='ocr_line' id='line_1_16' title="bbox 247 1254 1748 1332; baseline 0.009 -26"><span class='ocrx_word' id='word_1_108' title='bbox 247 1254 414 1309; x_wconf 80' lang='grc' dir='ltr'><strong>ΚΥΡ.</strong></span> <span class='ocrx_word' id='word_1_109' title='bbox 467 1254 621 1308; x_wconf 77' lang='grc' dir='ltr'>Οὕτω</span> <span class='ocrx_word' id='word_1_110' title='bbox 674 1257 836 1327; x_wconf 88' lang='grc' dir='ltr'>φημί·</span> <span class='ocrx_word' id='word_1_111' title='bbox 885 1257 1148 1330; x_wconf 79' lang='grc' dir='ltr'><strong>ἀποφέρει</strong></span> <span class='ocrx_word' id='word_1_112' title='bbox 1197 1259 1306 1332; x_wconf 86' lang='grc' dir='ltr'>γὰρ</span> <span class='ocrx_word' id='word_1_113' title='bbox 1355 1263 1505 1332; x_wconf 76' lang='grc' dir='ltr'>ἡμᾶς</span> <span class='ocrx_word' id='word_1_114' title='bbox 1547 1265 1627 1328; x_wconf 85' lang='grc' dir='ltr'><strong>είς</strong></span> <span class='ocrx_word' id='word_1_115' title='bbox 1658 1265 1748 1320; x_wconf 82' lang='grc' dir='ltr'><strong>τὸν</strong></span> 
     </span>
    </p>
   </div>
   <div class='ocr_carea' id='block_1_17' title="bbox 175 1345 1749 1436">
    <p class='ocr_par' dir='ltr' id='par_1_17' title="bbox 175 1345 1749 1436">
     <span class='ocr_line' id='line_1_17' title="bbox 175 1345 1749 1436; baseline 0.009 -40"><span class='ocrx_word' id='word_1_116' title='bbox 175 1345 273 1397; x_wconf 76' lang='grc' dir='ltr'><strong>ἐπὶ</strong></span> <span class='ocrx_word' id='word_1_117' title='bbox 323 1345 460 1416; x_wconf 78' lang='grc' dir='ltr'>τῷδε</span> <span class='ocrx_word' id='word_1_118' title='bbox 501 1347 655 1436; x_wconf 67' lang='grc' dir='ltr'>λόγον</span> <span class='ocrx_word' id='word_1_119' title='bbox 675 1389 690 1413; x_wconf 86' lang='grc'><strong>,</strong></span> <span class='ocrx_word' id='word_1_120' title='bbox 722 1348 822 1401; x_wconf 83' lang='grc' dir='ltr'><strong>οὐκ</strong></span> <span class='ocrx_word' id='word_1_121' title='bbox 853 1349 1116 1404; x_wconf 86' lang='grc' dir='ltr'>ἀπίθανον</span> <span class='ocrx_word' id='word_1_122' title='bbox 1142 1351 1264 1422; x_wconf 76' lang='grc' dir='ltr'>ἔχον</span> <span class='ocrx_word' id='word_1_123' title='bbox 1300 1353 1399 1423; x_wconf 78' lang='grc' dir='ltr'>τὴν</span> <span class='ocrx_word' id='word_1_124' title='bbox 1430 1355 1662 1429; x_wconf 74' lang='grc' dir='ltr'>ὑποψίαν</span> <span class='ocrx_word' id='word_1_125' title='bbox 1687 1357 1749 1410; x_wconf 83' lang='grc' dir='ltr'><strong>τὸ</strong></span> 
     </span>
    </p>
   </div>
   <div class='ocr_carea' id='block_1_18' title="bbox 176 1437 1349 1511">
    <p class='ocr_par' dir='ltr' id='par_1_18' title="bbox 176 1437 1349 1511">
     <span class='ocr_line' id='line_1_18' title="bbox 176 1437 1349 1511; baseline 0.005 -21"><span class='ocrx_word' id='word_1_126' title='bbox 176 1437 336 1510; x_wconf 85' lang='grc' dir='ltr'><strong>παρά</strong></span> <span class='ocrx_word' id='word_1_127' title='bbox 362 1438 441 1510; x_wconf 81' lang='grc' dir='ltr'>τῷ</span> <span class='ocrx_word' id='word_1_128' title='bbox 473 1438 728 1510; x_wconf 85' lang='grc' dir='ltr'>μακαρίῳ</span> <span class='ocrx_word' id='word_1_129' title='bbox 757 1440 977 1511; x_wconf 79' lang='grc' dir='ltr'>Δανιήλ.</span> <span class='ocrx_word' id='word_1_130' title='bbox 1347 1440 1349 1442; x_wconf 63' lang='grc'>’</span> 
     </span>
    </p>
   </div>
   <div class='ocr_carea' id='block_1_19' title="bbox 247 1531 1013 1606">
    <p class='ocr_par' dir='ltr' id='par_1_19' title="bbox 247 1531 1013 1606">
     <span class='ocr_line' id='line_1_19' title="bbox 247 1531 1013 1606; baseline 0.01 -24"><span class='ocrx_word' id='word_1_131' title='bbox 247 1531 461 1584; x_wconf 81' lang='grc' dir='ltr'><strong>ΠΑΔΛ.</strong></span> <span class='ocrx_word' id='word_1_132' title='bbox 495 1531 567 1583; x_wconf 85' lang='grc' dir='ltr'><strong>Τὸ</strong></span> <span class='ocrx_word' id='word_1_133' title='bbox 601 1533 753 1585; x_wconf 88' lang='grc' dir='ltr'>ποῖον</span> <span class='ocrx_word' id='word_1_134' title='bbox 786 1533 836 1585; x_wconf 89' lang='grc' dir='ltr'><strong>τί</strong></span> <span class='ocrx_word' id='word_1_135' title='bbox 869 1535 1013 1606; x_wconf 82' lang='grc' dir='ltr'>φής;</span> 
     </span>
    </p>
   </div>
   <div class='ocr_carea' id='block_1_20' title="bbox 245 1622 1749 1704">
    <p class='ocr_par' dir='ltr' id='par_1_20' title="bbox 245 1622 1749 1704">
     <span class='ocr_line' id='line_1_20' title="bbox 245 1622 1749 1704; baseline 0.007 -29"><span class='ocrx_word' id='word_1_136' title='bbox 245 1622 414 1676; x_wconf 85' lang='grc' dir='ltr'>ΚΥΡ.</span> <span class='ocrx_word' id='word_1_137' title='bbox 441 1623 702 1677; x_wconf 87' lang='grc' dir='ltr'>Τεθέαται</span> <span class='ocrx_word' id='word_1_138' title='bbox 737 1627 834 1696; x_wconf 81' lang='grc' dir='ltr'><strong>μὲν</strong></span> <span class='ocrx_word' id='word_1_139' title='bbox 858 1625 988 1698; x_wconf 83' lang='grc' dir='ltr'>γὰρ,</span> <span class='ocrx_word' id='word_1_140' title='bbox 1021 1626 1096 1691; x_wconf 88' lang='grc' dir='ltr'><strong>ώς</strong></span> <span class='ocrx_word' id='word_1_141' title='bbox 1121 1629 1180 1682; x_wconf 88' lang='grc' dir='ltr'><strong>ἐν</strong></span> <span class='ocrx_word' id='word_1_142' title='bbox 1207 1629 1394 1702; x_wconf 78' lang='grc' dir='ltr'>ἡλικίᾳ</span> <span class='ocrx_word' id='word_1_143' title='bbox 1416 1633 1483 1702; x_wconf 76' lang='grc' dir='ltr'>τῇ</span> <span class='ocrx_word' id='word_1_144' title='bbox 1513 1631 1749 1704; x_wconf 77' lang='grc' dir='ltr'>πρεσϐυ-</span> 
     </span>
    </p>
   </div>
   <div class='ocr_carea' id='block_1_21' title="bbox 170 1711 1745 1791">
    <p class='ocr_par' dir='ltr' id='par_1_21' title="bbox 170 1711 1745 1791">
     <span class='ocr_line' id='line_1_21' title="bbox 170 1711 1745 1791; baseline 0.007 -27"><span class='ocrx_word' id='word_1_145' title='bbox 170 1714 302 1781; x_wconf 83' lang='grc' dir='ltr'>τικῇ</span> <span class='ocrx_word' id='word_1_146' title='bbox 322 1711 413 1764; x_wconf 80' lang='grc' dir='ltr'>τὸν</span> <span class='ocrx_word' id='word_1_147' title='bbox 446 1713 701 1785; x_wconf 83' lang='grc' dir='ltr'>Πατέρα,</span> <span class='ocrx_word' id='word_1_148' title='bbox 736 1713 901 1787; x_wconf 76' lang='grc' dir='ltr'>λευκῇ</span> <span class='ocrx_word' id='word_1_149' title='bbox 952 1716 1049 1786; x_wconf 81' lang='grc' dir='ltr'><strong>μὲν</strong></span> <span class='ocrx_word' id='word_1_150' title='bbox 1091 1717 1253 1789; x_wconf 80' lang='grc' dir='ltr'>πολιᾷ</span> <span class='ocrx_word' id='word_1_151' title='bbox 1290 1721 1745 1791; x_wconf 84' lang='grc' dir='ltr'>κατεστεμμένον,</span> 
     </span>
    </p>
   </div>
   <div class='ocr_carea' id='block_1_22' title="bbox 170 1802 1750 1882">
    <p class='ocr_par' dir='ltr' id='par_1_22' title="bbox 170 1802 1750 1882">
     <span class='ocr_line' id='line_1_22' title="bbox 170 1802 1750 1882; baseline 0.006 -27"><span class='ocrx_word' id='word_1_152' title='bbox 170 1802 440 1872; x_wconf 80' lang='grc' dir='ltr'>ἐνδύμασι</span> <span class='ocrx_word' id='word_1_153' title='bbox 500 1804 556 1856; x_wconf 83' lang='grc' dir='ltr'><strong>δέ</strong></span> <span class='ocrx_word' id='word_1_154' title='bbox 598 1807 709 1869; x_wconf 89' lang='grc' dir='ltr'>τοῖς</span> <span class='ocrx_word' id='word_1_155' title='bbox 745 1809 802 1859; x_wconf 84' lang='grc' dir='ltr'><strong>ἐν</strong></span> <span class='ocrx_word' id='word_1_156' title='bbox 855 1807 982 1861; x_wconf 79' lang='grc' dir='ltr'>εῖδει</span> <span class='ocrx_word' id='word_1_157' title='bbox 1027 1809 1203 1878; x_wconf 89' lang='grc' dir='ltr'>χιόνος</span> <span class='ocrx_word' id='word_1_158' title='bbox 1247 1811 1525 1882; x_wconf 85' lang='grc' dir='ltr'>ἐκπρεπῆ,</span> <span class='ocrx_word' id='word_1_159' title='bbox 1556 1812 1660 1882; x_wconf 79' lang='grc' dir='ltr'><strong>ἐφη</strong></span> <span class='ocrx_word' id='word_1_160' title='bbox 1692 1813 1750 1865; x_wconf 81' lang='grc' dir='ltr'><strong>δέ</strong></span> 
     </span>
    </p>
   </div>
   <div class='ocr_carea' id='block_1_23' title="bbox 169 1894 1748 1972">
    <p class='ocr_par' dir='ltr' id='par_1_23' title="bbox 169 1894 1748 1972">
     <span class='ocr_line' id='line_1_23' title="bbox 169 1894 1748 1972; baseline 0.006 -26"><span class='ocrx_word' id='word_1_161' title='bbox 169 1894 254 1946; x_wconf 85' lang='grc' dir='ltr'>ὅτι</span> <span class='ocrx_word' id='word_1_162' title='bbox 289 1913 306 1944; x_wconf 80' lang='grc' dir='ltr'><strong>ι</strong></span> <span class='ocrx_word' id='word_1_163' title='bbox 336 1894 449 1948; x_wconf 80' lang='grc' dir='ltr'><strong>Καὶ</strong></span> <span class='ocrx_word' id='word_1_164' title='bbox 479 1894 651 1964; x_wconf 79' lang='grc' dir='ltr'>βίϐλοι</span> <span class='ocrx_word' id='word_1_165' title='bbox 683 1896 1055 1968; x_wconf 77' lang='grc' dir='ltr'>ἠνεῴχθησαν,</span> <span class='ocrx_word' id='word_1_166' title='bbox 1075 1903 1170 1954; x_wconf 63' lang='grc' dir='ltr'><strong>καὶ⁴</strong></span> <span class='ocrx_word' id='word_1_167' title='bbox 1191 1902 1472 1972; x_wconf 82' lang='grc' dir='ltr'>κριτήριον</span> <span class='ocrx_word' id='word_1_168' title='bbox 1496 1903 1748 1967; x_wconf 77' lang='grc' dir='ltr'>ἐκάθισε,</span> 
     </span>
    </p>
   </div>
   <div class='ocr_carea' id='block_1_24' title="bbox 169 1981 1750 2063">
    <p class='ocr_par' dir='ltr' id='par_1_24' title="bbox 169 1981 1750 2063">
     <span class='ocr_line' id='line_1_24' title="bbox 169 1981 1750 2063; baseline 0.006 -27"><span class='ocrx_word' id='word_1_169' title='bbox 169 1986 267 2036; x_wconf 83' lang='grc' dir='ltr'><strong>καὶ</strong></span> <span class='ocrx_word' id='word_1_170' title='bbox 302 1981 466 2040; x_wconf 75' lang='grc' dir='ltr'>εἶδον.</span> <span class='ocrx_word' id='word_1_171' title='bbox 495 1988 606 2040; x_wconf 72' lang='grc' dir='ltr'>Καὶ</span> <span class='ocrx_word' id='word_1_172' title='bbox 634 1987 742 2039; x_wconf 73' lang='grc' dir='ltr'>ἰδοὺ</span> <span class='ocrx_word' id='word_1_173' title='bbox 789 1988 926 2058; x_wconf 86' lang='grc' dir='ltr'><strong>μετά</strong></span> <span class='ocrx_word' id='word_1_174' title='bbox 966 1989 1074 2044; x_wconf 81' lang='grc' dir='ltr'><strong>τῶν</strong></span> <span class='ocrx_word' id='word_1_175' title='bbox 1107 1990 1346 2058; x_wconf 81' lang='grc' dir='ltr'>νεφελῶν</span> <span class='ocrx_word' id='word_1_176' title='bbox 1389 1992 1484 2044; x_wconf 83' lang='grc' dir='ltr'><strong>τοῦ</strong></span> <span class='ocrx_word' id='word_1_177' title='bbox 1522 1993 1750 2063; x_wconf 80' lang='grc' dir='ltr'>οὐρανοῦ</span> 
     </span>
    </p>
   </div>
   <div class='ocr_carea' id='block_1_25' title="bbox 169 2075 1746 2150">
    <p class='ocr_par' dir='ltr' id='par_1_25' title="bbox 169 2075 1746 2150">
     <span class='ocr_line' id='line_1_25' title="bbox 169 2075 1746 2150; baseline 0.007 -23"><span class='ocrx_word' id='word_1_178' title='bbox 169 2075 247 2138; x_wconf 81' lang='grc' dir='ltr'>ὡς</span> <span class='ocrx_word' id='word_1_179' title='bbox 278 2076 413 2140; x_wconf 79' lang='grc' dir='ltr'>Υἱὸς</span> <span class='ocrx_word' id='word_1_180' title='bbox 450 2077 736 2148; x_wconf 85' lang='grc' dir='ltr'>ἀνθρώπου</span> <span class='ocrx_word' id='word_1_181' title='bbox 772 2079 1086 2150; x_wconf 85' lang='grc' dir='ltr'>ἐρχόμενος,</span> <span class='ocrx_word' id='word_1_182' title='bbox 1120 2082 1213 2134; x_wconf 77' lang='grc' dir='ltr'><strong>καὶ</strong></span> <span class='ocrx_word' id='word_1_183' title='bbox 1250 2082 1354 2146; x_wconf 73' lang='grc' dir='ltr'>ἕως</span> <span class='ocrx_word' id='word_1_184' title='bbox 1377 2082 1472 2135; x_wconf 91' lang='grc' dir='ltr'><strong>τοῦ</strong></span> <span class='ocrx_word' id='word_1_185' title='bbox 1510 2083 1746 2139; x_wconf 85' lang='grc' dir='ltr'>Παλαιοῦ</span> 
     </span>
    </p>
   </div>
   <div class='ocr_carea' id='block_1_26' title="bbox 168 2166 1746 2248">
    <p class='ocr_par' dir='ltr' id='par_1_26' title="bbox 168 2166 1746 2248">
     <span class='ocr_line' id='line_1_26' title="bbox 168 2166 1746 2248; baseline 0.008 -30"><span class='ocrx_word' id='word_1_186' title='bbox 168 2166 280 2219; x_wconf 82' lang='grc' dir='ltr'><strong>τῶν</strong></span> <span class='ocrx_word' id='word_1_187' title='bbox 305 2169 539 2237; x_wconf 79' lang='grc' dir='ltr'>ἡμερῶν</span> <span class='ocrx_word' id='word_1_188' title='bbox 567 2169 790 2238; x_wconf 77' lang='grc' dir='ltr'>ἔφθασε,</span> <span class='ocrx_word' id='word_1_189' title='bbox 814 2172 908 2225; x_wconf 74' lang='grc' dir='ltr'><strong>καὶ</strong></span> <span class='ocrx_word' id='word_1_190' title='bbox 931 2171 1160 2226; x_wconf 86' lang='grc' dir='ltr'>ἐνώπιον</span> <span class='ocrx_word' id='word_1_191' title='bbox 1189 2174 1352 2228; x_wconf 77' lang='grc' dir='ltr'>αὐτοῦ</span> <span class='ocrx_word' id='word_1_192' title='bbox 1382 2177 1746 2248; x_wconf 80' lang='grc' dir='ltr'>προσηνέχθη’</span> 
     </span>
    </p>
   </div>
   <div class='ocr_carea' id='block_1_27' title="bbox 171 2257 1742 2336">
    <p class='ocr_par' dir='ltr' id='par_1_27' title="bbox 171 2257 1742 2336">
     <span class='ocr_line' id='line_1_27' title="bbox 171 2257 1742 2336; baseline 0.008 -28"><span class='ocrx_word' id='word_1_193' title='bbox 171 2257 267 2309; x_wconf 79' lang='grc' dir='ltr'>καὶ</span> <span class='ocrx_word' id='word_1_194' title='bbox 295 2257 447 2328; x_wconf 79' lang='grc' dir='ltr'>αὐτῷ</span> <span class='ocrx_word' id='word_1_195' title='bbox 471 2258 626 2330; x_wconf 83' lang='grc' dir='ltr'>ἐδόθη</span> <span class='ocrx_word' id='word_1_196' title='bbox 659 2262 692 2330; x_wconf 82' lang='grc' dir='ltr'><strong>ἡ</strong></span> <span class='ocrx_word' id='word_1_197' title='bbox 720 2261 882 2332; x_wconf 86' lang='grc' dir='ltr'>ἀρχὴ,</span> <span class='ocrx_word' id='word_1_198' title='bbox 912 2264 1005 2316; x_wconf 72' lang='grc' dir='ltr'><strong>καὶ</strong></span> <span class='ocrx_word' id='word_1_199' title='bbox 1030 2264 1063 2333; x_wconf 80' lang='grc' dir='ltr'>ἡ</span> <span class='ocrx_word' id='word_1_200' title='bbox 1094 2265 1227 2336; x_wconf 82' lang='grc' dir='ltr'>τιμὴ</span> <span class='ocrx_word' id='word_1_201' title='bbox 1251 2266 1400 2336; x_wconf 80' lang='grc' dir='ltr'><strong>καὶὴ</strong></span> <span class='ocrx_word' id='word_1_202' title='bbox 1434 2266 1696 2336; x_wconf 83' lang='grc' dir='ltr'>βασιλεία.</span> <span class='ocrx_word' id='word_1_203' title='bbox 1723 2286 1742 2320; x_wconf 74' lang='grc' dir='ltr'><strong>ι</strong></span> 
     </span>
    </p>
   </div>
   <div class='ocr_carea' id='block_1_28' title="bbox 171 2347 1745 2427">
    <p class='ocr_par' dir='ltr' id='par_1_28' title="bbox 171 2347 1745 2427">
     <span class='ocr_line' id='line_1_28' title="bbox 171 2347 1745 2427; baseline 0.037 -61"><span class='ocrx_word' id='word_1_204' title='bbox 171 2348 310 2400; x_wconf 68' lang='grc' dir='ltr'><strong>Ὅτε</strong></span> <span class='ocrx_word' id='word_1_205' title='bbox 338 2347 451 2418; x_wconf 69' lang='grc' dir='ltr'><strong>γὰρ</strong></span> <span class='ocrx_word' id='word_1_206' title='bbox 472 2349 530 2401; x_wconf 69' lang='grc' dir='ltr'><strong>ὲν</strong></span> <span class='ocrx_word' id='word_1_207' title='bbox 557 2349 774 2421; x_wconf 79' lang='grc' dir='ltr'>εἴδειτῷ</span> <span class='ocrx_word' id='word_1_208' title='bbox 800 2352 920 2404; x_wconf 86' lang='grc' dir='ltr'>καθ’</span> <span class='ocrx_word' id='word_1_209' title='bbox 946 2353 1093 2422; x_wconf 76' lang='grc' dir='ltr'>ἡμᾶς</span> <span class='ocrx_word' id='word_1_210' title='bbox 1110 2354 1332 2423; x_wconf 85' lang='grc' dir='ltr'>γέγονεν</span> <span class='ocrx_word' id='word_1_211' title='bbox 1359 2357 1387 2408; x_wconf 83' lang='grc' dir='ltr'><strong>ὁ</strong></span> <span class='ocrx_word' id='word_1_212' title='bbox 1415 2357 1745 2427; x_wconf 69' lang='grc' dir='ltr'>Μονογενὴςν</span> 
     </span>
    </p>
   </div>
   <div class='ocr_carea' id='block_1_29' title="bbox 167 2439 1749 2517">
    <p class='ocr_par' dir='ltr' id='par_1_29' title="bbox 167 2439 1749 2517">
     <span class='ocr_line' id='line_1_29' title="bbox 167 2439 1749 2517; baseline 0.006 -25"><span class='ocrx_word' id='word_1_213' title='bbox 167 2439 296 2492; x_wconf 79' lang='grc' dir='ltr'>τότε</span> <span class='ocrx_word' id='word_1_214' title='bbox 335 2439 434 2492; x_wconf 73' lang='lat' dir='ltr'><strong>xal.</strong></span> <span class='ocrx_word' id='word_1_215' title='bbox 477 2439 694 2510; x_wconf 76' lang='grc' dir='ltr'>βίϐλους</span> <span class='ocrx_word' id='word_1_216' title='bbox 726 2441 962 2512; x_wconf 76' lang='grc' dir='ltr'>ὴνέῳξεν</span> <span class='ocrx_word' id='word_1_217' title='bbox 996 2444 1025 2495; x_wconf 89' lang='grc' dir='ltr'><strong>ό</strong></span> <span class='ocrx_word' id='word_1_218' title='bbox 1057 2445 1269 2515; x_wconf 81' lang='grc' dir='ltr'>Πατὴρ,</span> <span class='ocrx_word' id='word_1_219' title='bbox 1304 2445 1398 2500; x_wconf 76' lang='grc' dir='ltr'>καὶ</span> <span class='ocrx_word' id='word_1_220' title='bbox 1443 2447 1612 2517; x_wconf 85' lang='grc' dir='ltr'>ἀνῆκε</span> <span class='ocrx_word' id='word_1_221' title='bbox 1649 2449 1749 2517; x_wconf 83' lang='grc' dir='ltr'><strong>μὲν</strong></span> 
     </span>
    </p>
   </div>
   <div class='ocr_carea' id='block_1_30' title="bbox 166 2531 1748 2609">
    <p class='ocr_par' dir='ltr' id='par_1_30' title="bbox 166 2531 1748 2609">
     <span class='ocr_line' id='line_1_30' title="bbox 166 2531 1748 2609; baseline 0.005 -25"><span class='ocrx_word' id='word_1_222' title='bbox 166 2531 269 2584; x_wconf 81' lang='grc' dir='ltr'><strong>τοῦ</strong></span> <span class='ocrx_word' id='word_1_223' title='bbox 302 2531 586 2603; x_wconf 87' lang='grc' dir='ltr'>κρίνεσθαι</span> <span class='ocrx_word' id='word_1_224' title='bbox 613 2533 739 2596; x_wconf 77' lang='grc' dir='ltr'>τοὺς</span> <span class='ocrx_word' id='word_1_225' title='bbox 772 2533 989 2604; x_wconf 75' lang='grc' dir='ltr'><strong>ἐνόχους</strong></span> <span class='ocrx_word' id='word_1_226' title='bbox 1015 2535 1329 2606; x_wconf 81' lang='grc' dir='ltr'>ἁμαρτίαις·</span> <span class='ocrx_word' id='word_1_227' title='bbox 1353 2539 1526 2609; x_wconf 82' lang='grc' dir='ltr'>ἐφῆκε</span> <span class='ocrx_word' id='word_1_228' title='bbox 1553 2539 1610 2592; x_wconf 74' lang='grc' dir='ltr'>δὲ</span> <span class='ocrx_word' id='word_1_229' title='bbox 1637 2542 1748 2602; x_wconf 84' lang='grc' dir='ltr'>τοῖς</span> 
     </span>
    </p>
   </div>
   <div class='ocr_carea' id='block_1_31' title="bbox 169 2621 1747 2699">
    <p class='ocr_par' dir='ltr' id='par_1_31' title="bbox 169 2621 1747 2699">
     <span class='ocr_line' id='line_1_31' title="bbox 169 2621 1747 2699; baseline 0.005 -26"><span class='ocrx_word' id='word_1_230' title='bbox 169 2621 584 2692; x_wconf 75' lang='grc' dir='ltr'>ἀνδριζομένοις</span> <span class='ocrx_word' id='word_1_231' title='bbox 614 2622 675 2676; x_wconf 83' lang='grc' dir='ltr'><strong>τὸ</strong></span> <span class='ocrx_word' id='word_1_232' title='bbox 713 2623 1088 2693; x_wconf 83' lang='grc' dir='ltr'>ἐγγράφεσθαι</span> <span class='ocrx_word' id='word_1_233' title='bbox 1119 2641 1180 2679; x_wconf 83' lang='grc' dir='ltr'><strong>τε</strong></span> <span class='ocrx_word' id='word_1_234' title='bbox 1220 2626 1314 2680; x_wconf 69' lang='grc' dir='ltr'>καὶ</span> <span class='ocrx_word' id='word_1_235' title='bbox 1342 2627 1747 2699; x_wconf 84' lang='grc' dir='ltr'>ἐναριθμεϊσθαι</span> 
     </span>
    </p>
   </div>
   <div class='ocr_carea' id='block_1_32' title="bbox 169 2714 1744 2789">
    <p class='ocr_par' dir='ltr' id='par_1_32' title="bbox 169 2714 1744 2789">
     <span class='ocr_line' id='line_1_32' title="bbox 169 2714 1744 2789; baseline 0.004 -21"><span class='ocrx_word' id='word_1_236' title='bbox 169 2714 366 2768; x_wconf 81' lang='grc' dir='ltr'>λοιπὸν</span> <span class='ocrx_word' id='word_1_237' title='bbox 397 2716 509 2778; x_wconf 83' lang='grc' dir='ltr'>τοῖς</span> <span class='ocrx_word' id='word_1_238' title='bbox 542 2714 653 2768; x_wconf 81' lang='grc' dir='ltr'>ᾶνω</span> <span class='ocrx_word' id='word_1_239' title='bbox 677 2717 880 2786; x_wconf 86' lang='grc' dir='ltr'>χοροῖς,</span> <span class='ocrx_word' id='word_1_240' title='bbox 912 2716 1009 2770; x_wconf 75' lang='grc' dir='ltr'><strong>καὶ</strong></span> <span class='ocrx_word' id='word_1_241' title='bbox 1041 2717 1099 2772; x_wconf 89' lang='grc' dir='ltr'><strong>ἐν</strong></span> <span class='ocrx_word' id='word_1_242' title='bbox 1128 2717 1315 2789; x_wconf 79' lang='grc' dir='ltr'>μνήμῃ</span> <span class='ocrx_word' id='word_1_243' title='bbox 1349 2717 1561 2772; x_wconf 82' lang='grc' dir='ltr'>κεῖσθαι</span> <span class='ocrx_word' id='word_1_244' title='bbox 1590 2717 1744 2774; x_wconf 85' lang='grc' dir='ltr'>Θεοῦ.</span> 
     </span>
    </p>
   </div>
   <div class='ocr_carea' id='block_1_33' title="bbox 186 2805 1748 2880">
    <p class='ocr_par' dir='ltr' id='par_1_33' title="bbox 186 2805 1748 2880">
     <span class='ocr_line' id='line_1_33' title="bbox 186 2805 1748 2880; baseline 0.003 -22"><span class='ocrx_word' id='word_1_245' title='bbox 186 2807 404 2860; x_wconf 85' lang='grc' dir='ltr'>Ἀκούω</span> <span class='ocrx_word' id='word_1_246' title='bbox 441 2805 498 2859; x_wconf 80' lang='grc' dir='ltr'>δὲ</span> <span class='ocrx_word' id='word_1_247' title='bbox 533 2806 826 2876; x_wconf 75' lang='grc' dir='ltr'>ψάλλοντος</span> <span class='ocrx_word' id='word_1_248' title='bbox 860 2807 954 2861; x_wconf 87' lang='grc' dir='ltr'><strong>τοῦ</strong></span> <span class='ocrx_word' id='word_1_249' title='bbox 985 2808 1255 2880; x_wconf 85' lang='grc' dir='ltr'>μακαρίου</span> <span class='ocrx_word' id='word_1_250' title='bbox 1289 2809 1452 2862; x_wconf 76' lang='grc' dir='ltr'><strong>Δαῦὶδ</strong></span> <span class='ocrx_word' id='word_1_251' title='bbox 1480 2808 1608 2880; x_wconf 57' lang='grc' dir='ltr'><strong>περὶ⁸</strong></span> <span class='ocrx_word' id='word_1_252' title='bbox 1637 2808 1748 2864; x_wconf 84' lang='grc' dir='ltr'><strong>τῶν</strong></span> 
     </span>
    </p>
   </div>
   <div class='ocr_carea' id='block_1_34' title="bbox 170 2897 1748 2972">
    <p class='ocr_par' dir='ltr' id='par_1_34' title="bbox 170 2897 1748 2972">
     <span class='ocr_line' id='line_1_34' title="bbox 170 2897 1748 2972; baseline 0.004 -23"><span class='ocrx_word' id='word_1_253' title='bbox 170 2900 256 2962; x_wconf 87' lang='grc' dir='ltr'>εἰς</span> <span class='ocrx_word' id='word_1_254' title='bbox 305 2897 544 2969; x_wconf 84' lang='grc' dir='ltr'>Χριστὸν</span> <span class='ocrx_word' id='word_1_255' title='bbox 599 2899 1097 2970; x_wconf 69' lang='grc' dir='ltr'><strong>ιτιεετιταρῳνηκότων⁸</strong></span> <span class='ocrx_word' id='word_1_256' title='bbox 1153 2916 1172 2952; x_wconf 78' lang='grc' dir='ltr'><strong>ι</strong></span> <span class='ocrx_word' id='word_1_257' title='bbox 1247 2899 1748 2972; x_wconf 82' lang='grc' dir='ltr'>Ἐξαλειφθήτωσαν</span> 
     </span>
    </p>
   </div>
   <div class='ocr_carea' id='block_1_35' title="bbox 172 2987 1748 3065">
    <p class='ocr_par' dir='ltr' id='par_1_35' title="bbox 172 2987 1748 3065">
     <span class='ocr_line' id='line_1_35' title="bbox 172 2987 1748 3065; baseline 0.003 -23"><span class='ocrx_word' id='word_1_258' title='bbox 172 2991 242 3042; x_wconf 85' lang='grc' dir='ltr'><strong>ἐκ</strong></span> <span class='ocrx_word' id='word_1_259' title='bbox 274 2989 460 3060; x_wconf 79' lang='grc' dir='ltr'>βίῦλου</span> <span class='ocrx_word' id='word_1_260' title='bbox 488 2987 733 3054; x_wconf 79' lang='grc' dir='ltr'>ζώντων,</span> <span class='ocrx_word' id='word_1_261' title='bbox 772 2989 867 3043; x_wconf 76' lang='grc' dir='ltr'><strong>καὶ</strong></span> <span class='ocrx_word' id='word_1_262' title='bbox 913 2990 1052 3060; x_wconf 82' lang='grc' dir='ltr'>μετὰ</span> <span class='ocrx_word' id='word_1_263' title='bbox 1091 2991 1316 3046; x_wconf 79' lang='grc' dir='ltr'>δικαίων</span> <span class='ocrx_word' id='word_1_264' title='bbox 1355 2994 1417 3046; x_wconf 84' lang='grc' dir='ltr'><strong>ού</strong></span> <span class='ocrx_word' id='word_1_265' title='bbox 1448 2994 1748 3065; x_wconf 83' lang='grc' dir='ltr'>γραφήτω-</span> 
     </span>
    </p>
   </div>
   <div class='ocr_carea' id='block_1_36' title="bbox 175 3082 1747 3159">
    <p class='ocr_par' dir='ltr' id='par_1_36' title="bbox 175 3082 1747 3159">
     <span class='ocr_line' id='line_1_36' title="bbox 175 3082 1747 3159; baseline 0.004 -23"><span class='ocrx_word' id='word_1_266' title='bbox 175 3100 298 3137; x_wconf 89' lang='grc' dir='ltr'>σαν.</span> <span class='ocrx_word' id='word_1_267' title='bbox 339 3103 358 3134; x_wconf 70' lang='grc' dir='ltr'><strong>ι</strong></span> <span class='ocrx_word' id='word_1_268' title='bbox 415 3082 740 3138; x_wconf 85' lang='grc' dir='ltr'>Πεπτώκασι</span> <span class='ocrx_word' id='word_1_269' title='bbox 787 3084 886 3155; x_wconf 75' lang='grc' dir='ltr'>μὲν</span> <span class='ocrx_word' id='word_1_270' title='bbox 933 3085 1044 3156; x_wconf 80' lang='grc' dir='ltr'>γὰρ</span> <span class='ocrx_word' id='word_1_271' title='bbox 1077 3084 1137 3152; x_wconf 81' lang='grc' dir='ltr'><strong>ἐξ</strong></span> <span class='ocrx_word' id='word_1_272' title='bbox 1187 3085 1445 3151; x_wconf 80' lang='grc' dir='ltr'>ἀσθενοῦς</span> <span class='ocrx_word' id='word_1_273' title='bbox 1487 3087 1747 3159; x_wconf 82' lang='grc' dir='ltr'>λογισμοῦ</span> 
     </span>
    </p>
   </div>
   <div class='ocr_carea' id='block_1_37' title="bbox 176 3175 1750 3249">
    <p class='ocr_par' dir='ltr' id='par_1_37' title="bbox 176 3175 1750 3249">
     <span class='ocr_line' id='line_1_37' title="bbox 176 3175 1750 3249; baseline 0.001 -21"><span class='ocrx_word' id='word_1_274' title='bbox 176 3176 272 3228; x_wconf 73' lang='grc' dir='ltr'>καὶ</span> <span class='ocrx_word' id='word_1_275' title='bbox 300 3175 400 3245; x_wconf 86' lang='grc' dir='ltr'>τῆς</span> <span class='ocrx_word' id='word_1_276' title='bbox 428 3177 506 3239; x_wconf 89' lang='grc' dir='ltr'><strong>είς</strong></span> <span class='ocrx_word' id='word_1_277' title='bbox 536 3175 771 3246; x_wconf 83' lang='grc' dir='ltr'>Χριστὸν</span> <span class='ocrx_word' id='word_1_278' title='bbox 805 3175 1075 3240; x_wconf 81' lang='grc' dir='ltr'>πολιτείας</span> <span class='ocrx_word' id='word_1_279' title='bbox 1100 3175 1160 3240; x_wconf 77' lang='grc' dir='ltr'><strong>ἐξ</strong></span> <span class='ocrx_word' id='word_1_280' title='bbox 1194 3177 1478 3248; x_wconf 82' lang='grc' dir='ltr'>ἀνανδρίας</span> <span class='ocrx_word' id='word_1_281' title='bbox 1499 3179 1750 3249; x_wconf 82' lang='grc' dir='ltr'>ἡμαρτη-</span> 
     </span>
    </p>
   </div>
   <div class='ocr_carea' id='block_1_38' title="bbox 175 3260 1748 3340">
    <p class='ocr_par' dir='ltr' id='par_1_38' title="bbox 175 3260 1748 3340">
     <span class='ocr_line' id='line_1_38' title="bbox 175 3260 1748 3340; baseline 0.003 -20"><span class='ocrx_word' id='word_1_282' title='bbox 175 3267 372 3333; x_wconf 82' lang='grc' dir='ltr'>κότες,</span> <span class='ocrx_word' id='word_1_283' title='bbox 401 3266 698 3338; x_wconf 82' lang='grc' dir='ltr'>οἱχρηστῷ</span> <span class='ocrx_word' id='word_1_284' title='bbox 728 3285 788 3320; x_wconf 88' lang='grc' dir='ltr'><strong>τε</strong></span> <span class='ocrx_word' id='word_1_285' title='bbox 836 3260 929 3321; x_wconf 76' lang='grc' dir='ltr'><strong>καὶ</strong></span> <span class='ocrx_word' id='word_1_286' title='bbox 980 3266 1346 3340; x_wconf 81' lang='grc' dir='ltr'>φιλανθρώπῳ</span> <span class='ocrx_word' id='word_1_287' title='bbox 1388 3269 1612 3340; x_wconf 85' lang='grc' dir='ltr'>νεύματι</span> <span class='ocrx_word' id='word_1_288' title='bbox 1654 3269 1748 3324; x_wconf 88' lang='grc' dir='ltr'><strong>τοῦ</strong></span> 
     </span>
    </p>
   </div>
   <div class='ocr_carea' id='block_1_39' title="bbox 173 3357 1750 3432">
    <p class='ocr_par' dir='ltr' id='par_1_39' title="bbox 173 3357 1750 3432">
     <span class='ocr_line' id='line_1_39' title="bbox 173 3357 1750 3432; baseline 0.003 -22"><span class='ocrx_word' id='word_1_289' title='bbox 173 3357 315 3411; x_wconf 87' lang='grc' dir='ltr'>Θεοῦ</span> <span class='ocrx_word' id='word_1_290' title='bbox 340 3359 438 3412; x_wconf 75' lang='grc' dir='ltr'>καὶ</span> <span class='ocrx_word' id='word_1_291' title='bbox 478 3358 691 3430; x_wconf 78' lang='grc' dir='ltr'>Πατρὸς</span> <span class='ocrx_word' id='word_1_292' title='bbox 721 3359 1158 3430; x_wconf 63' lang='grc' dir='ltr'>ἐκτετιμημένον</span> <span class='ocrx_word' id='word_1_293' title='bbox 1189 3359 1486 3429; x_wconf 79' lang='grc' dir='ltr'>κέκληνται</span> <span class='ocrx_word' id='word_1_294' title='bbox 1520 3361 1617 3431; x_wconf 80' lang='grc' dir='ltr'><strong>μὲν</strong></span> <span class='ocrx_word' id='word_1_295' title='bbox 1640 3360 1750 3432; x_wconf 87' lang='grc' dir='ltr'>γὰρ</span> 
     </span>
    </p>
   </div>
   <div class='ocr_carea' id='block_1_40' title="bbox 176 3447 1749 3520">
    <p class='ocr_par' dir='ltr' id='par_1_40' title="bbox 176 3447 1749 3520">
     <span class='ocr_line' id='line_1_40' title="bbox 176 3447 1749 3520; baseline 0.001 -20"><span class='ocrx_word' id='word_1_296' title='bbox 176 3450 260 3510; x_wconf 84' lang='grc' dir='ltr'>εἰς</span> <span class='ocrx_word' id='word_1_297' title='bbox 285 3450 413 3513; x_wconf 82' lang='grc' dir='ltr'>τοὺς</span> <span class='ocrx_word' id='word_1_298' title='bbox 447 3447 691 3520; x_wconf 81' lang='grc' dir='ltr'>γάμους,</span> <span class='ocrx_word' id='word_1_299' title='bbox 725 3447 983 3520; x_wconf 84' lang='grc' dir='ltr'>μαλακῶς</span> <span class='ocrx_word' id='word_1_300' title='bbox 1022 3449 1080 3502; x_wconf 85' lang='grc' dir='ltr'><strong>δέ</strong></span> <span class='ocrx_word' id='word_1_301' title='bbox 1115 3449 1210 3501; x_wconf 74' lang='grc' dir='ltr'>καὶ</span> <span class='ocrx_word' id='word_1_302' title='bbox 1250 3449 1595 3520; x_wconf 87' lang='grc' dir='ltr'>παρειμένως</span> <span class='ocrx_word' id='word_1_303' title='bbox 1636 3452 1749 3513; x_wconf 88' lang='grc' dir='ltr'>τοῖς</span> 
     </span>
    </p>
   </div>
   <div class='ocr_carea' id='block_1_41' title="bbox 175 3539 1746 3612">
    <p class='ocr_par' dir='ltr' id='par_1_41' title="bbox 175 3539 1746 3612">
     <span class='ocr_line' id='line_1_41' title="bbox 175 3539 1746 3612; baseline -0.001 -18"><span class='ocrx_word' id='word_1_304' title='bbox 175 3542 357 3609; x_wconf 81' lang='grc' dir='ltr'>ἁγίοις</span> <span class='ocrx_word' id='word_1_305' title='bbox 406 3541 872 3612; x_wconf 82' lang='grc' dir='ltr'>δειπνοκλήτορσιν</span> <span class='ocrx_word' id='word_1_306' title='bbox 931 3539 1329 3612; x_wconf 85' lang='grc' dir='ltr'>ἀπεκρίναντο,</span> <span class='ocrx_word' id='word_1_307' title='bbox 1388 3540 1663 3607; x_wconf 81' lang='grc' dir='ltr'>λέγοντες·</span> <span class='ocrx_word' id='word_1_308' title='bbox 1717 3542 1746 3592; x_wconf 84' lang='grc' dir='ltr'>ὁ</span> 
     </span>
    </p>
   </div>
   <div class='ocr_carea' id='block_1_42' title="bbox 180 3630 1743 3704">
    <p class='ocr_par' dir='ltr' id='par_1_42' title="bbox 180 3630 1743 3704">
     <span class='ocr_line' id='line_1_42' title="bbox 180 3630 1743 3704; baseline -0.003 -18"><span class='ocrx_word' id='word_1_309' title='bbox 180 3635 314 3702; x_wconf 84' lang='grc' dir='ltr'>μὲν,</span> <span class='ocrx_word' id='word_1_310' title='bbox 345 3633 429 3686; x_wconf 83' lang='grc' dir='ltr'><strong>ὅτι</strong></span> <span class='ocrx_word' id='word_1_311' title='bbox 467 3633 633 3702; x_wconf 84' lang='grc' dir='ltr'>ἀγρὸν</span> <span class='ocrx_word' id='word_1_312' title='bbox 674 3633 942 3704; x_wconf 72' lang='grc' dir='ltr'>ἠγόρασα·</span> <span class='ocrx_word' id='word_1_313' title='bbox 977 3632 1006 3684; x_wconf 90' lang='grc' dir='ltr'><strong>ό</strong></span> <span class='ocrx_word' id='word_1_314' title='bbox 1047 3633 1135 3696; x_wconf 86' lang='grc' dir='ltr'><strong>δὲ,</strong></span> <span class='ocrx_word' id='word_1_315' title='bbox 1163 3634 1244 3685; x_wconf 81' lang='grc' dir='ltr'>ὅτι</span> <span class='ocrx_word' id='word_1_316' title='bbox 1274 3633 1508 3700; x_wconf 84' lang='grc' dir='ltr'>γυναῖκα</span> <span class='ocrx_word' id='word_1_317' title='bbox 1542 3630 1743 3700; x_wconf 75' lang='grc' dir='ltr'>ἔγημα,</span> 
     </span>
    </p>
   </div>
   <div class='ocr_carea' id='block_1_43' title="bbox 177 3723 1745 3795">
    <p class='ocr_par' dir='ltr' id='par_1_43' title="bbox 177 3723 1745 3795">
     <span class='ocr_line' id='line_1_43' title="bbox 177 3723 1745 3795; baseline -0.001 -18"><span class='ocrx_word' id='word_1_318' title='bbox 177 3727 277 3777; x_wconf 79' lang='grc' dir='ltr'><strong>καὶ</strong></span> <span class='ocrx_word' id='word_1_319' title='bbox 303 3725 365 3777; x_wconf 81' lang='grc' dir='ltr'><strong>οὐ</strong></span> <span class='ocrx_word' id='word_1_320' title='bbox 407 3724 642 3795; x_wconf 86' lang='grc' dir='ltr'>δύναμαι</span> <span class='ocrx_word' id='word_1_321' title='bbox 671 3725 862 3778; x_wconf 82' lang='grc' dir='ltr'>ἐλθεῖν.</span> <span class='ocrx_word' id='word_1_322' title='bbox 906 3723 1148 3787; x_wconf 84' lang='grc' dir='ltr'>Ἀκούεις</span> <span class='ocrx_word' id='word_1_323' title='bbox 1180 3723 1446 3790; x_wconf 85' lang='grc' dir='ltr'>λεγόντων</span> <span class='ocrx_word' id='word_1_324' title='bbox 1473 3723 1745 3794; x_wconf 84' lang='grc' dir='ltr'>πανταχῆ,</span> 
     </span>
    </p>
   </div>
   <div class='ocr_carea' id='block_1_44' title="bbox 176 3813 1748 3886">
    <p class='ocr_par' dir='ltr' id='par_1_44' title="bbox 176 3813 1748 3886">
     <span class='ocr_line' id='line_1_44' title="bbox 176 3813 1748 3886; baseline -0.001 -17"><span class='ocrx_word' id='word_1_325' title='bbox 176 3817 264 3869; x_wconf 84' lang='grc' dir='ltr'>ὃτι</span> <span class='ocrx_word' id='word_1_326' title='bbox 293 3815 369 3868; x_wconf 80' lang='grc' dir='ltr'><strong>Οὐ</strong></span> <span class='ocrx_word' id='word_1_327' title='bbox 399 3815 650 3886; x_wconf 68' lang='grc' dir='ltr'>δύναμαν</span> <span class='ocrx_word' id='word_1_328' title='bbox 680 3816 803 3880; x_wconf 85' lang='grc' dir='ltr'>νοῦς</span> <span class='ocrx_word' id='word_1_329' title='bbox 834 3815 943 3886; x_wconf 81' lang='grc' dir='ltr'>γὰρ</span> <span class='ocrx_word' id='word_1_330' title='bbox 975 3815 1004 3867; x_wconf 88' lang='grc' dir='ltr'><strong>ό</strong></span> <span class='ocrx_word' id='word_1_331' title='bbox 1040 3813 1379 3885; x_wconf 83' lang='grc' dir='ltr'>ἀνθρώπινος</span> <span class='ocrx_word' id='word_1_332' title='bbox 1411 3815 1491 3878; x_wconf 79' lang='grc' dir='ltr'>εἰς</span> <span class='ocrx_word' id='word_1_333' title='bbox 1532 3813 1748 3886; x_wconf 86' lang='grc' dir='ltr'>φιληδο-</span> 
     </span>
    </p>
   </div>
   <div class='ocr_carea' id='block_1_45' title="bbox 177 3906 1748 3979">
    <p class='ocr_par' dir='ltr' id='par_1_45' title="bbox 177 3906 1748 3979">
     <span class='ocr_line' id='line_1_45' title="bbox 177 3906 1748 3979; baseline -0.001 -20"><span class='ocrx_word' id='word_1_334' title='bbox 177 3907 302 3960; x_wconf 86' lang='grc' dir='ltr'>νίαν</span> <span class='ocrx_word' id='word_1_335' title='bbox 347 3909 619 3979; x_wconf 83' lang='grc' dir='ltr'>κοσμικὴν</span> <span class='ocrx_word' id='word_1_336' title='bbox 665 3907 1073 3973; x_wconf 85' lang='grc' dir='ltr'>ἀπονενευκὼς,</span> <span class='ocrx_word' id='word_1_337' title='bbox 1110 3907 1346 3977; x_wconf 85' lang='grc' dir='ltr'>ἀδρανής</span> <span class='ocrx_word' id='word_1_338' title='bbox 1391 3906 1451 3959; x_wconf 84' lang='grc' dir='ltr'><strong>τέ</strong></span> <span class='ocrx_word' id='word_1_339' title='bbox 1491 3908 1605 3959; x_wconf 89' lang='grc' dir='ltr'>ἐστι</span> <span class='ocrx_word' id='word_1_340' title='bbox 1654 3906 1748 3959; x_wconf 77' lang='grc' dir='ltr'><strong>καὶ</strong></span> 
     </span>
    </p>
   </div>
   <div class='ocr_carea' id='block_1_46' title="bbox 178 3996 1748 4069">
    <p class='ocr_par' dir='ltr' id='par_1_46' title="bbox 178 3996 1748 4069">
     <span class='ocr_line' id='line_1_46' title="bbox 178 3996 1748 4069; baseline -0.001 -18"><span class='ocrx_word' id='word_1_341' title='bbox 178 3998 412 4061; x_wconf 77' lang='grc' dir='ltr'>ἄναλκις</span> <span class='ocrx_word' id='word_1_342' title='bbox 460 4001 538 4062; x_wconf 76' lang='grc' dir='ltr'><strong>εἰς</strong></span> <span class='ocrx_word' id='word_1_343' title='bbox 578 3998 640 4051; x_wconf 83' lang='grc' dir='ltr'><strong>τὸ</strong></span> <span class='ocrx_word' id='word_1_344' title='bbox 680 3998 1006 4069; x_wconf 78' lang='grc' dir='ltr'>ἐργάζεσθαι</span> <span class='ocrx_word' id='word_1_345' title='bbox 1049 3997 1118 4051; x_wconf 81' lang='grc' dir='ltr'>τὰ</span> <span class='ocrx_word' id='word_1_346' title='bbox 1155 3996 1248 4051; x_wconf 88' lang='grc' dir='ltr'><strong>τοῦ</strong></span> <span class='ocrx_word' id='word_1_347' title='bbox 1293 3996 1450 4050; x_wconf 74' lang='grc' dir='ltr'>Θεοῦο</span> <span class='ocrx_word' id='word_1_348' title='bbox 1490 3997 1644 4050; x_wconf 82' lang='grc' dir='ltr'>ἐσται</span> <span class='ocrx_word' id='word_1_349' title='bbox 1693 3997 1748 4050; x_wconf 80' lang='grc' dir='ltr'>δὲ</span> 
     </span>
    </p>
   </div>
   <div class='ocr_carea' id='block_1_47' title="bbox 179 4084 1746 4162">
    <p class='ocr_par' dir='ltr' id='par_1_47' title="bbox 179 4084 1746 4162">
     <span class='ocr_line' id='line_1_47' title="bbox 179 4084 1746 4162; baseline -0.001 -19"><span class='ocrx_word' id='word_1_350' title='bbox 179 4084 340 4154; x_wconf 75' lang='grc' dir='ltr'>οὗτος</span> <span class='ocrx_word' id='word_1_351' title='bbox 369 4090 466 4144; x_wconf 73' lang='grc' dir='ltr'>καὶ</span> <span class='ocrx_word' id='word_1_352' title='bbox 508 4090 604 4161; x_wconf 80' lang='grc' dir='ltr'>τῆς</span> <span class='ocrx_word' id='word_1_353' title='bbox 632 4090 880 4162; x_wconf 83' lang='grc' dir='ltr'>οὐρανίου</span> <span class='ocrx_word' id='word_1_354' title='bbox 910 4091 1004 4143; x_wconf 78' lang='grc' dir='ltr'>καὶ</span> <span class='ocrx_word' id='word_1_355' title='bbox 1036 4089 1184 4152; x_wconf 86' lang='grc' dir='ltr'>θείας</span> <span class='ocrx_word' id='word_1_356' title='bbox 1231 4089 1499 4160; x_wconf 81' lang='grc' dir='ltr'>ἀμέτοχος</span> <span class='ocrx_word' id='word_1_357' title='bbox 1531 4089 1746 4160; x_wconf 75' lang='grc' dir='ltr'>ἑορτῆς.</span> 
     </span>
    </p>
   </div>
   <div class='ocr_carea' id='block_1_48' title="bbox 253 4176 1744 4250">
    <p class='ocr_par' dir='ltr' id='par_1_48' title="bbox 253 4176 1744 4250">
     <span class='ocr_line' id='line_1_48' title="bbox 253 4176 1744 4250; baseline 0.001 -18"><span class='ocrx_word' id='word_1_358' title='bbox 253 4181 465 4234; x_wconf 78' lang='grc' dir='ltr'><strong>ΠΑΛΛ.</strong></span> <span class='ocrx_word' id='word_1_359' title='bbox 506 4180 683 4234; x_wconf 82' lang='grc' dir='ltr'>Μόνον</span> <span class='ocrx_word' id='word_1_360' title='bbox 723 4176 817 4234; x_wconf 83' lang='grc' dir='ltr'><strong>οὖν</strong></span> <span class='ocrx_word' id='word_1_361' title='bbox 860 4180 966 4250; x_wconf 79' lang='grc' dir='ltr'>ἄρα</span> <span class='ocrx_word' id='word_1_362' title='bbox 999 4180 1061 4232; x_wconf 73' lang='grc' dir='ltr'>τὸ</span> <span class='ocrx_word' id='word_1_363' title='bbox 1098 4179 1306 4250; x_wconf 75' lang='grc' dir='ltr'>ἡϐηκὸς</span> <span class='ocrx_word' id='word_1_364' title='bbox 1353 4180 1448 4232; x_wconf 76' lang='grc' dir='ltr'>καὶ</span> <span class='ocrx_word' id='word_1_365' title='bbox 1484 4180 1744 4250; x_wconf 82' lang='grc' dir='ltr'>ἀνδρεῖον,</span> 
     </span>
    </p>
   </div>
   <div class='ocr_carea' id='block_1_49' title="bbox 179 4269 1748 4342">
    <p class='ocr_par' dir='ltr' id='par_1_49' title="bbox 179 4269 1748 4342">
     <span class='ocr_line' id='line_1_49' title="bbox 179 4269 1748 4342; baseline -0.002 -17"><span class='ocrx_word' id='word_1_366' title='bbox 179 4272 281 4325; x_wconf 79' lang='grc' dir='ltr'><strong>καὶ</strong></span> <span class='ocrx_word' id='word_1_367' title='bbox 311 4271 519 4341; x_wconf 74' lang='grc' dir='ltr'>ἔμφρον</span> <span class='ocrx_word' id='word_1_368' title='bbox 554 4271 654 4341; x_wconf 77' lang='grc' dir='ltr'>ἠδη</span> <span class='ocrx_word' id='word_1_369' title='bbox 671 4286 816 4334; x_wconf 87' lang='grc' dir='ltr'>πως,</span> <span class='ocrx_word' id='word_1_370' title='bbox 851 4274 908 4324; x_wconf 91' lang='grc' dir='ltr'><strong>ἐν</strong></span> <span class='ocrx_word' id='word_1_371' title='bbox 937 4272 1227 4342; x_wconf 76' lang='grc' dir='ltr'>ἀπογραφῇ</span> <span class='ocrx_word' id='word_1_372' title='bbox 1258 4269 1392 4322; x_wconf 89' lang='grc' dir='ltr'>Θεοῦ</span> <span class='ocrx_word' id='word_1_373' title='bbox 1412 4311 1426 4334; x_wconf 95' lang='grc'><strong>,</strong></span> <span class='ocrx_word' id='word_1_374' title='bbox 1458 4270 1552 4322; x_wconf 79' lang='grc' dir='ltr'>καὶ</span> <span class='ocrx_word' id='word_1_375' title='bbox 1579 4269 1637 4322; x_wconf 88' lang='grc' dir='ltr'><strong>ἐν</strong></span> <span class='ocrx_word' id='word_1_376' title='bbox 1667 4269 1748 4339; x_wconf 81' lang='grc' dir='ltr'><strong>βί-</strong></span> 
     </span>
    </p>
   </div>
   <div class='ocr_carea' id='block_1_50' title="bbox 177 4359 1744 4433">
    <p class='ocr_par' dir='ltr' id='par_1_50' title="bbox 177 4359 1744 4433">
     <span class='ocr_line' id='line_1_50' title="bbox 177 4359 1744 4433; baseline -0.002 -18"><span class='ocrx_word' id='word_1_377' title='bbox 177 4363 298 4432; x_wconf 75' lang='grc' dir='ltr'><strong>ϐλῳ</strong></span> <span class='ocrx_word' id='word_1_378' title='bbox 337 4361 582 4426; x_wconf 84' lang='grc' dir='ltr'>ζώντων,</span> <span class='ocrx_word' id='word_1_379' title='bbox 624 4362 686 4415; x_wconf 81' lang='grc' dir='ltr'><strong>τὸ</strong></span> <span class='ocrx_word' id='word_1_380' title='bbox 709 4362 766 4415; x_wconf 81' lang='grc' dir='ltr'><strong>δέ</strong></span> <span class='ocrx_word' id='word_1_381' title='bbox 795 4361 869 4433; x_wconf 85' lang='grc' dir='ltr'>μὴ</span> <span class='ocrx_word' id='word_1_382' title='bbox 910 4361 1149 4415; x_wconf 88' lang='grc' dir='ltr'>τοιοῦτον</span> <span class='ocrx_word' id='word_1_383' title='bbox 1185 4360 1330 4415; x_wconf 73' lang='grc' dir='ltr'>ἅπαν</span> <span class='ocrx_word' id='word_1_384' title='bbox 1351 4401 1364 4427; x_wconf 92' lang='grc'><strong>,</strong></span> <span class='ocrx_word' id='word_1_385' title='bbox 1387 4359 1645 4430; x_wconf 87' lang='grc' dir='ltr'>ἀδόκιμον</span> <span class='ocrx_word' id='word_1_386' title='bbox 1710 4359 1744 4431; x_wconf 72' lang='grc' dir='ltr'>ἢ</span> 
     </span>
    </p>
   </div>
   <div class='ocr_carea' id='block_1_51' title="bbox 177 4471 339 4519">
    <p class='ocr_par' dir='ltr' id='par_1_51' title="bbox 177 4471 339 4519">
     <span class='ocr_line' id='line_1_51' title="bbox 177 4471 339 4519; baseline 0.006 -12"><span class='ocrx_word' id='word_1_387' title='bbox 177 4472 302 4517; x_wconf 82' lang='grc' dir='ltr'><strong>πως</strong></span> <span class='ocrx_word' id='word_1_388' title='bbox 323 4471 339 4519; x_wconf 91' lang='grc'><strong>;</strong></span> 
     </span>
    </p>
   </div>
   <div class='ocr_carea' id='block_1_52' title="bbox 257 4539 1748 4615">
    <p class='ocr_par' dir='ltr' id='par_1_52' title="bbox 257 4539 1748 4615">
     <span class='ocr_line' id='line_1_52' title="bbox 257 4539 1748 4615; baseline -0.003 -17"><span class='ocrx_word' id='word_1_389' title='bbox 257 4545 423 4598; x_wconf 78' lang='grc' dir='ltr'><strong>ΚΥΡ.</strong></span> <span class='ocrx_word' id='word_1_390' title='bbox 475 4544 702 4615; x_wconf 81' lang='grc' dir='ltr'>Ἀκριὸἧ</span> <span class='ocrx_word' id='word_1_391' title='bbox 744 4543 837 4597; x_wconf 74' lang='grc' dir='ltr'><strong>καὶ</strong></span> <span class='ocrx_word' id='word_1_392' title='bbox 869 4541 1237 4614; x_wconf 75' lang='grc' dir='ltr'>ἐγηγερμένον</span> <span class='ocrx_word' id='word_1_393' title='bbox 1283 4541 1446 4605; x_wconf 74' lang='grc' dir='ltr'>ἐνιεὶς</span> <span class='ocrx_word' id='word_1_394' title='bbox 1494 4540 1583 4594; x_wconf 82' lang='grc' dir='ltr'><strong>τὸν</strong></span> <span class='ocrx_word' id='word_1_395' title='bbox 1623 4539 1748 4595; x_wconf 88' lang='grc' dir='ltr'>νοῦν</span> 
     </span>
    </p>
   </div>
   <div class='ocr_carea' id='block_1_53' title="bbox 178 4630 1752 4705">
    <p class='ocr_par' dir='ltr' id='par_1_53' title="bbox 178 4630 1752 4705">
     <span class='ocr_line' id='line_1_53' title="bbox 178 4630 1752 4705; baseline -0.003 -18"><span class='ocrx_word' id='word_1_396' title='bbox 178 4637 300 4696; x_wconf 74' lang='grc' dir='ltr'>τοῖς</span> <span class='ocrx_word' id='word_1_397' title='bbox 334 4634 767 4705; x_wconf 84' lang='grc' dir='ltr'>Γεγραμμένοις,</span> <span class='ocrx_word' id='word_1_398' title='bbox 801 4633 924 4704; x_wconf 79' lang='grc' dir='ltr'>εἴσῃ</span> <span class='ocrx_word' id='word_1_399' title='bbox 946 4649 1028 4685; x_wconf 87' lang='grc' dir='ltr'><strong>τοι</strong></span> <span class='ocrx_word' id='word_1_400' title='bbox 1057 4632 1120 4685; x_wconf 83' lang='grc' dir='ltr'><strong>τὸ</strong></span> <span class='ocrx_word' id='word_1_401' title='bbox 1149 4630 1369 4703; x_wconf 86' lang='grc' dir='ltr'>ἀληθές.</span> <span class='ocrx_word' id='word_1_402' title='bbox 1415 4630 1752 4699; x_wconf 77' lang='grc' dir='ltr'>’Δπογράφε-</span> 
     </span>
    </p>
   </div>
   <div class='ocr_carea' id='block_1_54' title="bbox 175 4720 1752 4797">
    <p class='ocr_par' dir='ltr' id='par_1_54' title="bbox 175 4720 1752 4797">
     <span class='ocr_line' id='line_1_54' title="bbox 175 4720 1752 4797; baseline -0.002 -20"><span class='ocrx_word' id='word_1_403' title='bbox 175 4742 275 4777; x_wconf 81' lang='grc' dir='ltr'><strong>ται</strong></span> <span class='ocrx_word' id='word_1_404' title='bbox 297 4724 408 4796; x_wconf 84' lang='grc' dir='ltr'>γὰρ</span> <span class='ocrx_word' id='word_1_405' title='bbox 439 4726 559 4794; x_wconf 76' lang='grc' dir='ltr'>οὐχὶ</span> <span class='ocrx_word' id='word_1_406' title='bbox 576 4725 638 4778; x_wconf 87' lang='grc' dir='ltr'>τὺ</span> <span class='ocrx_word' id='word_1_407' title='bbox 663 4727 720 4778; x_wconf 83' lang='grc' dir='ltr'><strong>ἐν</strong></span> <span class='ocrx_word' id='word_1_408' title='bbox 741 4725 852 4797; x_wconf 73' lang='grc' dir='ltr'><strong>ἥϐῃ</strong></span> <span class='ocrx_word' id='word_1_409' title='bbox 879 4724 1055 4795; x_wconf 87' lang='grc' dir='ltr'>μόνον,</span> <span class='ocrx_word' id='word_1_410' title='bbox 1087 4723 1181 4776; x_wconf 76' lang='grc' dir='ltr'><strong>καὶ</strong></span> <span class='ocrx_word' id='word_1_411' title='bbox 1206 4724 1264 4775; x_wconf 92' lang='grc' dir='ltr'><strong>ἐν</strong></span> <span class='ocrx_word' id='word_1_412' title='bbox 1285 4721 1394 4774; x_wconf 80' lang='grc' dir='ltr'>ἔτει</span> <span class='ocrx_word' id='word_1_413' title='bbox 1419 4720 1498 4793; x_wconf 83' lang='grc' dir='ltr'><strong>τῷ</strong></span> <span class='ocrx_word' id='word_1_414' title='bbox 1525 4720 1752 4791; x_wconf 82' lang='grc' dir='ltr'>εἰκοστῷ</span> 
     </span>
    </p>
   </div>
   <div class='ocr_carea' id='block_1_55' title="bbox 1915 992 3425 1068">
    <p class='ocr_par' dir='ltr' id='par_1_55' title="bbox 1915 992 3425 1068">
     <span class='ocr_line' id='line_1_55' title="bbox 1915 992 3425 1068; baseline 0.006 -22"><span class='ocrx_word' id='word_1_415' title='bbox 1915 992 2110 1047; x_wconf 81' lang='lat' dir='ltr'><strong>PALL.</strong></span> <span class='ocrx_word' id='word_1_416' title='bbox 2143 992 2287 1064; x_wconf 88' lang='lat' dir='ltr'><strong>Ergo</strong></span> <span class='ocrx_word' id='word_1_417' title='bbox 2322 995 2376 1050; x_wconf 92' lang='lat' dir='ltr'><strong>in</strong></span> <span class='ocrx_word' id='word_1_418' title='bbox 2408 995 2578 1068; x_wconf 87' lang='lat' dir='ltr'><strong>figura</strong></span> <span class='ocrx_word' id='word_1_419' title='bbox 2622 997 2789 1067; x_wconf 80' lang='lat' dir='ltr'><strong>Moysi</strong></span> <span class='ocrx_word' id='word_1_420' title='bbox 2815 1003 2871 1052; x_wconf 89' lang='lat' dir='ltr'><strong>et</strong></span> <span class='ocrx_word' id='word_1_421' title='bbox 2914 997 3118 1062; x_wconf 88' lang='lat' dir='ltr'><strong>Aaron,</strong></span> <span class='ocrx_word' id='word_1_422' title='bbox 3143 1014 3239 1068; x_wconf 90' lang='lat' dir='ltr'><strong>per</strong></span> <span class='ocrx_word' id='word_1_423' title='bbox 3269 999 3425 1054; x_wconf 82' lang='lat' dir='ltr'><strong>Chri-</strong></span> 
     </span>
    </p>
   </div>
   <div class='ocr_carea' id='block_1_56' title="bbox 1847 1082 3424 1158">
    <p class='ocr_par' dir='ltr' id='par_1_56' title="bbox 1847 1082 3424 1158">
     <span class='ocr_line' id='line_1_56' title="bbox 1847 1082 3424 1158; baseline 0.005 -21"><span class='ocrx_word' id='word_1_424' title='bbox 1847 1091 1992 1137; x_wconf 86' lang='lat' dir='ltr'><strong>stum</strong></span> <span class='ocrx_word' id='word_1_425' title='bbox 2022 1082 2142 1136; x_wconf 78' lang='lat' dir='ltr'><strong>fieri</strong></span> <span class='ocrx_word' id='word_1_426' title='bbox 2174 1095 2337 1154; x_wconf 87' lang='lat' dir='ltr'><strong>putas</strong></span> <span class='ocrx_word' id='word_1_427' title='bbox 2362 1086 2784 1158; x_wconf 85' lang='lat' dir='ltr'><strong>descriptionem</strong></span> <span class='ocrx_word' id='word_1_428' title='bbox 2835 1102 2900 1142; x_wconf 88' lang='lat' dir='ltr'><strong>ae</strong></span> <span class='ocrx_word' id='word_1_429' title='bbox 2931 1103 3156 1143; x_wconf 85' lang='lat' dir='ltr'><strong>censum</strong></span> <span class='ocrx_word' id='word_1_430' title='bbox 3181 1090 3424 1145; x_wconf 90' lang='lat' dir='ltr'><strong>virorum</strong></span> 
     </span>
    </p>
   </div>
   <div class='ocr_carea' id='block_1_57' title="bbox 1847 1174 2112 1228">
    <p class='ocr_par' dir='ltr' id='par_1_57' title="bbox 1847 1174 2112 1228">
     <span class='ocr_line' id='line_1_57' title="bbox 1847 1174 2112 1228; baseline 0 0"><span class='ocrx_word' id='word_1_431' title='bbox 1847 1174 2112 1228; x_wconf 82' lang='lat' dir='ltr'><strong>fortium?</strong></span> 
     </span>
    </p>
   </div>
   <div class='ocr_carea' id='block_1_58' title="bbox 1917 1265 3420 1340">
    <p class='ocr_par' dir='ltr' id='par_1_58' title="bbox 1917 1265 3420 1340">
     <span class='ocr_line' id='line_1_58' title="bbox 1917 1265 3420 1340; baseline 0.004 -20"><span class='ocrx_word' id='word_1_432' title='bbox 1917 1265 2074 1320; x_wconf 67' lang='grc' dir='ltr'><strong>ΟΥΕ.</strong></span> <span class='ocrx_word' id='word_1_433' title='bbox 2108 1266 2186 1320; x_wconf 91' lang='lat' dir='ltr'><strong>lta</strong></span> <span class='ocrx_word' id='word_1_434' title='bbox 2223 1283 2422 1324; x_wconf 86' lang='lat' dir='ltr'><strong>censeo</strong></span> <span class='ocrx_word' id='word_1_435' title='bbox 2456 1285 2467 1322; x_wconf 89' lang='lat'><strong>:</strong></span> <span class='ocrx_word' id='word_1_436' title='bbox 2504 1269 2572 1324; x_wconf 92' lang='lat' dir='ltr'><strong>ad</strong></span> <span class='ocrx_word' id='word_1_437' title='bbox 2602 1269 2743 1323; x_wconf 90' lang='lat' dir='ltr'><strong>hanc</strong></span> <span class='ocrx_word' id='word_1_438' title='bbox 2770 1284 3008 1340; x_wconf 80' lang='lat' dir='ltr'><strong>namque</strong></span> <span class='ocrx_word' id='word_1_439' title='bbox 3037 1271 3308 1340; x_wconf 88' lang='lat' dir='ltr'><strong>eponendi</strong></span> <span class='ocrx_word' id='word_1_440' title='bbox 3332 1289 3420 1326; x_wconf 91' lang='lat' dir='ltr'><strong>ra-</strong></span> 
     </span>
    </p>
   </div>
   <div class='ocr_carea' id='block_1_59' title="bbox 1848 1357 3422 1433">
    <p class='ocr_par' dir='ltr' id='par_1_59' title="bbox 1848 1357 3422 1433">
     <span class='ocr_line' id='line_1_59' title="bbox 1848 1357 3422 1433; baseline 0.005 -23"><span class='ocrx_word' id='word_1_441' title='bbox 1848 1357 2051 1412; x_wconf 87' lang='lat' dir='ltr'><strong>tionem</strong></span> <span class='ocrx_word' id='word_1_442' title='bbox 2086 1358 2232 1413; x_wconf 89' lang='lat' dir='ltr'><strong>haud</strong></span> <span class='ocrx_word' id='word_1_443' title='bbox 2267 1361 2616 1431; x_wconf 85' lang='lat' dir='ltr'><strong>improbabili</strong></span> <span class='ocrx_word' id='word_1_444' title='bbox 2663 1362 2977 1433; x_wconf 85' lang='lat' dir='ltr'><strong>conjectura</strong></span> <span class='ocrx_word' id='word_1_445' title='bbox 3027 1378 3128 1417; x_wconf 90' lang='lat' dir='ltr'><strong>nos</strong></span> <span class='ocrx_word' id='word_1_446' title='bbox 3171 1363 3422 1433; x_wconf 84' lang='lat' dir='ltr'><strong>perducit</strong></span> 
     </span>
    </p>
   </div>
   <div class='ocr_carea' id='block_1_60' title="bbox 1848 1446 2780 1520">
    <p class='ocr_par' dir='ltr' id='par_1_60' title="bbox 1848 1446 2780 1520">
     <span class='ocr_line' id='line_1_60' title="bbox 1848 1446 2780 1520; baseline 0.003 -17"><span class='ocrx_word' id='word_1_447' title='bbox 1848 1446 1983 1503; x_wconf 89' lang='lat' dir='ltr'><strong>illud</strong></span> <span class='ocrx_word' id='word_1_448' title='bbox 2011 1449 2157 1517; x_wconf 91' lang='lat' dir='ltr'><strong>quod</strong></span> <span class='ocrx_word' id='word_1_449' title='bbox 2189 1458 2273 1504; x_wconf 88' lang='lat' dir='ltr'><strong>est</strong></span> <span class='ocrx_word' id='word_1_450' title='bbox 2303 1451 2448 1520; x_wconf 90' lang='lat' dir='ltr'><strong>apud</strong></span> <span class='ocrx_word' id='word_1_451' title='bbox 2482 1451 2780 1508; x_wconf 89' lang='lat' dir='ltr'><strong>Danielem.</strong></span> 
     </span>
    </p>
   </div>
   <div class='ocr_carea' id='block_1_61' title="bbox 1917 1536 2752 1606">
    <p class='ocr_par' dir='ltr' id='par_1_61' title="bbox 1917 1536 2752 1606">
     <span class='ocr_line' id='line_1_61' title="bbox 1917 1536 2752 1606; baseline 0.006 -14"><span class='ocrx_word' id='word_1_452' title='bbox 1917 1536 2113 1592; x_wconf 81' lang='lat' dir='ltr'><strong>PALL.</strong></span> <span class='ocrx_word' id='word_1_453' title='bbox 2145 1537 2429 1606; x_wconf 84' lang='lat' dir='ltr'><strong>Quodnam</strong></span> <span class='ocrx_word' id='word_1_454' title='bbox 2461 1541 2597 1597; x_wconf 92' lang='lat' dir='ltr'><strong>illud</strong></span> <span class='ocrx_word' id='word_1_455' title='bbox 2627 1544 2752 1597; x_wconf 89' lang='lat' dir='ltr'><strong>est?</strong></span> 
     </span>
    </p>
   </div>
   <div class='ocr_carea' id='block_1_62' title="bbox 1917 1628 3419 1706">
    <p class='ocr_par' dir='ltr' id='par_1_62' title="bbox 1917 1628 3419 1706">
     <span class='ocr_line' id='line_1_62' title="bbox 1917 1628 3419 1706; baseline 0.005 -22"><span class='ocrx_word' id='word_1_456' title='bbox 1917 1628 2074 1684; x_wconf 82' lang='lat' dir='ltr'><strong>CYR.</strong></span> <span class='ocrx_word' id='word_1_457' title='bbox 2106 1630 2518 1702; x_wconf 88' lang='lat' dir='ltr'><strong>Contemplatus</strong></span> <span class='ocrx_word' id='word_1_458' title='bbox 2547 1640 2633 1690; x_wconf 89' lang='lat' dir='ltr'><strong>est</strong></span> <span class='ocrx_word' id='word_1_459' title='bbox 2661 1635 2808 1689; x_wconf 90' lang='lat' dir='ltr'><strong>enim</strong></span> <span class='ocrx_word' id='word_1_460' title='bbox 2839 1635 2928 1690; x_wconf 88' lang='lat' dir='ltr'><strong>ille</strong></span> <span class='ocrx_word' id='word_1_461' title='bbox 2964 1643 3220 1706; x_wconf 86' lang='lat' dir='ltr'><strong>tanquam</strong></span> <span class='ocrx_word' id='word_1_462' title='bbox 3261 1637 3419 1692; x_wconf 87' lang='lat' dir='ltr'><strong>senili</strong></span> 
     </span>
    </p>
   </div>
   <div class='ocr_carea' id='block_1_63' title="bbox 1847 1721 3418 1798">
    <p class='ocr_par' dir='ltr' id='par_1_63' title="bbox 1847 1721 3418 1798">
     <span class='ocr_line' id='line_1_63' title="bbox 1847 1721 3418 1798; baseline 0.006 -25"><span class='ocrx_word' id='word_1_463' title='bbox 1847 1726 2007 1775; x_wconf 79' lang='lat' dir='ltr'><strong>aetate</strong></span> <span class='ocrx_word' id='word_1_464' title='bbox 2036 1721 2284 1788; x_wconf 83' lang='lat' dir='ltr'><strong>Patrem,</strong></span> <span class='ocrx_word' id='word_1_465' title='bbox 2318 1725 2548 1780; x_wconf 85' lang='lat' dir='ltr'><strong>candida</strong></span> <span class='ocrx_word' id='word_1_466' title='bbox 2590 1727 2814 1782; x_wconf 68' lang='lat' dir='ltr'><strong>caesarie</strong></span> <span class='ocrx_word' id='word_1_467' title='bbox 2853 1735 3132 1798; x_wconf 89' lang='lat' dir='ltr'><strong>comptum</strong></span> <span class='ocrx_word' id='word_1_468' title='bbox 3153 1769 3168 1792; x_wconf 91' lang='lat'><strong>,</strong></span> <span class='ocrx_word' id='word_1_469' title='bbox 3219 1729 3418 1784; x_wconf 87' lang='lat' dir='ltr'><strong>vestitu</strong></span> 
     </span>
    </p>
   </div>
   <div class='ocr_carea' id='block_1_64' title="bbox 1847 1809 3418 1887">
    <p class='ocr_par' dir='ltr' id='par_1_64' title="bbox 1847 1809 3418 1887">
     <span class='ocr_line' id='line_1_64' title="bbox 1847 1809 3418 1887; baseline 0.006 -24"><span class='ocrx_word' id='word_1_470' title='bbox 1847 1809 1991 1864; x_wconf 85' lang='lat' dir='ltr'><strong>nivis</strong></span> <span class='ocrx_word' id='word_1_471' title='bbox 2027 1810 2198 1866; x_wconf 90' lang='lat' dir='ltr'><strong>instar</strong></span> <span class='ocrx_word' id='word_1_472' title='bbox 2224 1814 2456 1868; x_wconf 89' lang='lat' dir='ltr'><strong>candido</strong></span> <span class='ocrx_word' id='word_1_473' title='bbox 2500 1816 2769 1887; x_wconf 82' lang='lat' dir='ltr'><strong>insignem</strong></span> <span class='ocrx_word' id='word_1_474' title='bbox 2792 1857 2806 1882; x_wconf 95' lang='lat'><strong>,</strong></span> <span class='ocrx_word' id='word_1_475' title='bbox 2865 1817 3115 1887; x_wconf 80' lang='lat' dir='ltr'><strong>dixitque</strong></span> <span class='ocrx_word' id='word_1_476' title='bbox 3147 1836 3160 1872; x_wconf 94' lang='lat'>:</span> <span class='ocrx_word' id='word_1_477' title='bbox 3202 1838 3220 1870; x_wconf 81' lang='grc' dir='ltr'><strong>ι</strong></span> <span class='ocrx_word' id='word_1_478' title='bbox 3267 1819 3418 1873; x_wconf 84' lang='lat' dir='ltr'><strong>Libri</strong></span> 
     </span>
    </p>
   </div>
   <div class='ocr_carea' id='block_1_65' title="bbox 1857 1902 3413 1976">
    <p class='ocr_par' dir='ltr' id='par_1_65' title="bbox 1857 1902 3413 1976">
     <span class='ocr_line' id='line_1_65' title="bbox 1857 1902 3413 1976; baseline 0.008 -22"><span class='ocrx_word' id='word_1_479' title='bbox 1857 1902 2031 1971; x_wconf 89' lang='lat' dir='ltr'><strong>aperti</strong></span> <span class='ocrx_word' id='word_1_480' title='bbox 2064 1913 2192 1958; x_wconf 90' lang='lat' dir='ltr'><strong>sunt</strong></span> <span class='ocrx_word' id='word_1_481' title='bbox 2218 1915 2275 1960; x_wconf 92' lang='lat' dir='ltr'><strong>et</strong></span> <span class='ocrx_word' id='word_1_482' title='bbox 2291 1907 2560 1976; x_wconf 89' lang='lat' dir='ltr'><strong>judicium</strong></span> <span class='ocrx_word' id='word_1_483' title='bbox 2589 1910 2752 1975; x_wconf 87' lang='lat' dir='ltr'><strong>sedit,</strong></span> <span class='ocrx_word' id='word_1_484' title='bbox 2788 1911 2995 1966; x_wconf 90' lang='lat' dir='ltr'><strong>etvidi.</strong></span> <span class='ocrx_word' id='word_1_485' title='bbox 3018 1911 3085 1966; x_wconf 87' lang='lat' dir='ltr'><strong>Et</strong></span> <span class='ocrx_word' id='word_1_486' title='bbox 3123 1927 3250 1968; x_wconf 91' lang='lat' dir='ltr'><strong>ecce</strong></span> <span class='ocrx_word' id='word_1_487' title='bbox 3289 1928 3413 1967; x_wconf 89' lang='lat' dir='ltr'><strong>cum</strong></span> 
     </span>
    </p>
   </div>
   <div class='ocr_carea' id='block_1_66' title="bbox 1849 1993 3518 2073">
    <p class='ocr_par' dir='ltr' id='par_1_66' title="bbox 1849 1993 3518 2073">
     <span class='ocr_line' id='line_1_66' title="bbox 1849 1993 3518 2073; baseline 0.01 -27"><span class='ocrx_word' id='word_1_488' title='bbox 1849 1993 2090 2048; x_wconf 90' lang='lat' dir='ltr'><strong>nubibus</strong></span> <span class='ocrx_word' id='word_1_489' title='bbox 2113 1997 2240 2051; x_wconf 66' lang='lat' dir='ltr'><strong>caeli</strong></span> <span class='ocrx_word' id='word_1_490' title='bbox 2275 2006 2336 2053; x_wconf 90' lang='lat' dir='ltr'><strong>ut</strong></span> <span class='ocrx_word' id='word_1_491' title='bbox 2363 1998 2533 2054; x_wconf 88' lang='lat' dir='ltr'><strong>Filius</strong></span> <span class='ocrx_word' id='word_1_492' title='bbox 2556 2000 2799 2055; x_wconf 88' lang='lat' dir='ltr'><strong>hominis</strong></span> <span class='ocrx_word' id='word_1_493' title='bbox 2827 1995 3103 2067; x_wconf 81' lang='lat' dir='ltr'><strong>veniebat,</strong></span> <span class='ocrx_word' id='word_1_494' title='bbox 3153 2010 3208 2056; x_wconf 90' lang='lat' dir='ltr'><strong>et</strong></span> <span class='ocrx_word' id='word_1_495' title='bbox 3245 2019 3418 2073; x_wconf 87' lang='lat' dir='ltr'><strong>usque</strong></span> <span class='ocrx_word' id='word_1_496' title='bbox 3513 2059 3518 2063; x_wconf 77' lang='grc'><strong>,</strong></span> 
     </span>
    </p>
   </div>
   <div class='ocr_carea' id='block_1_67' title="bbox 1819 2084 3417 2162">
    <p class='ocr_par' dir='ltr' id='par_1_67' title="bbox 1819 2084 3417 2162">
     <span class='ocr_line' id='line_1_67' title="bbox 1819 2084 3417 2162; baseline 0.006 -25"><span class='ocrx_word' id='word_1_497' title='bbox 1819 2125 1822 2162; x_wconf 35' lang='grc' dir='ltr'><em>ς</em></span> <span class='ocrx_word' id='word_1_498' title='bbox 1855 2084 1922 2138; x_wconf 90' lang='lat' dir='ltr'><strong>ad</strong></span> <span class='ocrx_word' id='word_1_499' title='bbox 1945 2085 2244 2156; x_wconf 87' lang='lat' dir='ltr'><strong>Antiquum</strong></span> <span class='ocrx_word' id='word_1_500' title='bbox 2273 2088 2491 2144; x_wconf 88' lang='lat' dir='ltr'><strong>dierum</strong></span> <span class='ocrx_word' id='word_1_501' title='bbox 2531 2093 2806 2160; x_wconf 85' lang='lat' dir='ltr'><strong>pervenit,</strong></span> <span class='ocrx_word' id='word_1_502' title='bbox 2865 2100 2922 2146; x_wconf 88' lang='lat' dir='ltr'><strong>et</strong></span> <span class='ocrx_word' id='word_1_503' title='bbox 2971 2092 3024 2146; x_wconf 89' lang='lat' dir='ltr'><strong>in</strong></span> <span class='ocrx_word' id='word_1_504' title='bbox 3065 2101 3417 2162; x_wconf 87' lang='lat' dir='ltr'><strong>conspectum</strong></span> 
     </span>
    </p>
   </div>
   <div class='ocr_carea' id='block_1_68' title="bbox 1847 2176 3421 2252">
    <p class='ocr_par' dir='ltr' id='par_1_68' title="bbox 1847 2176 3421 2252">
     <span class='ocr_line' id='line_1_68' title="bbox 1847 2176 3421 2252; baseline 0.005 -23"><span class='ocrx_word' id='word_1_505' title='bbox 1847 2176 1967 2246; x_wconf 87' lang='lat' dir='ltr'><strong>ejus</strong></span> <span class='ocrx_word' id='word_1_506' title='bbox 1984 2179 2282 2246; x_wconf 89' lang='lat' dir='ltr'><strong>perductus</strong></span> <span class='ocrx_word' id='word_1_507' title='bbox 2301 2189 2404 2244; x_wconf 89' lang='lat' dir='ltr'><strong>est,</strong></span> <span class='ocrx_word' id='word_1_508' title='bbox 2430 2187 2487 2234; x_wconf 91' lang='lat' dir='ltr'><strong>et</strong></span> <span class='ocrx_word' id='word_1_509' title='bbox 2528 2181 2632 2250; x_wconf 90' lang='lat' dir='ltr'><strong>ipsi</strong></span> <span class='ocrx_word' id='word_1_510' title='bbox 2683 2181 2844 2236; x_wconf 90' lang='lat' dir='ltr'><strong>datus</strong></span> <span class='ocrx_word' id='word_1_511' title='bbox 2877 2190 2962 2236; x_wconf 92' lang='lat' dir='ltr'><strong>est</strong></span> <span class='ocrx_word' id='word_1_512' title='bbox 2990 2181 3332 2252; x_wconf 86' lang='lat' dir='ltr'><strong>principatus</strong></span> <span class='ocrx_word' id='word_1_513' title='bbox 3365 2191 3421 2237; x_wconf 91' lang='lat' dir='ltr'><strong>et</strong></span> 
     </span>
    </p>
   </div>
   <div class='ocr_carea' id='block_1_69' title="bbox 1849 2266 3418 2342">
    <p class='ocr_par' dir='ltr' id='par_1_69' title="bbox 1849 2266 3418 2342">
     <span class='ocr_line' id='line_1_69' title="bbox 1849 2266 3418 2342; baseline 0.004 -22"><span class='ocrx_word' id='word_1_514' title='bbox 1849 2266 2043 2334; x_wconf 86' lang='lat' dir='ltr'><strong>honor,</strong></span> <span class='ocrx_word' id='word_1_515' title='bbox 2064 2277 2121 2324; x_wconf 92' lang='lat' dir='ltr'><strong>et</strong></span> <span class='ocrx_word' id='word_1_516' title='bbox 2155 2270 2465 2338; x_wconf 80' lang='lat' dir='ltr'><strong>regnum&quot;.</strong></span> <span class='ocrx_word' id='word_1_517' title='bbox 2496 2289 2514 2321; x_wconf 75' lang='grc' dir='ltr'><strong>ι</strong></span> <span class='ocrx_word' id='word_1_518' title='bbox 2549 2269 2685 2324; x_wconf 88' lang='lat' dir='ltr'><strong>Cum</strong></span> <span class='ocrx_word' id='word_1_519' title='bbox 2705 2270 2851 2325; x_wconf 90' lang='lat' dir='ltr'><strong>enim</strong></span> <span class='ocrx_word' id='word_1_520' title='bbox 2881 2273 2973 2326; x_wconf 90' lang='lat' dir='ltr'><strong>ille</strong></span> <span class='ocrx_word' id='word_1_521' title='bbox 3002 2271 3324 2342; x_wconf 86' lang='lat' dir='ltr'><strong>Unigenitus</strong></span> <span class='ocrx_word' id='word_1_522' title='bbox 3365 2272 3418 2327; x_wconf 90' lang='lat' dir='ltr'><strong>in</strong></span> 
     </span>
    </p>
   </div>
   <div class='ocr_carea' id='block_1_70' title="bbox 1849 2360 3416 2433">
    <p class='ocr_par' dir='ltr' id='par_1_70' title="bbox 1849 2360 3416 2433">
     <span class='ocr_line' id='line_1_70' title="bbox 1849 2360 3416 2433; baseline 0.004 -21"><span class='ocrx_word' id='word_1_523' title='bbox 1849 2367 2034 2414; x_wconf 89' lang='lat' dir='ltr'><strong>nostra</strong></span> <span class='ocrx_word' id='word_1_524' title='bbox 2052 2360 2233 2429; x_wconf 89' lang='lat' dir='ltr'><strong>specie</strong></span> <span class='ocrx_word' id='word_1_525' title='bbox 2246 2360 2421 2416; x_wconf 85' lang='lat' dir='ltr'><strong>factus</strong></span> <span class='ocrx_word' id='word_1_526' title='bbox 2438 2367 2540 2427; x_wconf 89' lang='lat' dir='ltr'><strong>est,</strong></span> <span class='ocrx_word' id='word_1_527' title='bbox 2560 2370 2692 2417; x_wconf 90' lang='lat' dir='ltr'><strong>tunc</strong></span> <span class='ocrx_word' id='word_1_528' title='bbox 2722 2371 2778 2418; x_wconf 87' lang='lat' dir='ltr'><strong>et</strong></span> <span class='ocrx_word' id='word_1_529' title='bbox 2797 2363 2968 2418; x_wconf 89' lang='lat' dir='ltr'><strong>libros</strong></span> <span class='ocrx_word' id='word_1_530' title='bbox 2993 2363 3206 2433; x_wconf 89' lang='lat' dir='ltr'><strong>aperuit</strong></span> <span class='ocrx_word' id='word_1_531' title='bbox 3237 2363 3416 2428; x_wconf 86' lang='lat' dir='ltr'><strong>Pater,</strong></span> 
     </span>
    </p>
   </div>
   <div class='ocr_carea' id='block_1_71' title="bbox 1849 2449 3418 2524">
    <p class='ocr_par' dir='ltr' id='par_1_71' title="bbox 1849 2449 3418 2524">
     <span class='ocr_line' id='line_1_71' title="bbox 1849 2449 3418 2524; baseline 0.004 -20"><span class='ocrx_word' id='word_1_532' title='bbox 1849 2455 1905 2504; x_wconf 90' lang='lat' dir='ltr'><strong>et</strong></span> <span class='ocrx_word' id='word_1_533' title='bbox 1933 2449 2002 2503; x_wconf 88' lang='lat' dir='ltr'><strong>ab</strong></span> <span class='ocrx_word' id='word_1_534' title='bbox 2024 2451 2436 2521; x_wconf 87' lang='lat' dir='ltr'><strong>iisjudicandis,</strong></span> <span class='ocrx_word' id='word_1_535' title='bbox 2466 2453 2560 2522; x_wconf 85' lang='lat' dir='ltr'><strong>qui</strong></span> <span class='ocrx_word' id='word_1_536' title='bbox 2583 2453 2664 2508; x_wconf 87' lang='lat' dir='ltr'><strong>rei</strong></span> <span class='ocrx_word' id='word_1_537' title='bbox 2686 2464 3037 2524; x_wconf 77' lang='lat' dir='ltr'><strong>peccatorum</strong></span> <span class='ocrx_word' id='word_1_538' title='bbox 3072 2467 3248 2523; x_wconf 90' lang='lat' dir='ltr'><strong>erant,</strong></span> <span class='ocrx_word' id='word_1_539' title='bbox 3287 2473 3418 2511; x_wconf 89' lang='lat' dir='ltr'><strong>con-</strong></span> 
     </span>
    </p>
   </div>
   <div class='ocr_carea' id='block_1_72' title="bbox 1848 2540 3411 2615">
    <p class='ocr_par' dir='ltr' id='par_1_72' title="bbox 1848 2540 3411 2615">
     <span class='ocr_line' id='line_1_72' title="bbox 1848 2540 3411 2615; baseline 0.006 -22"><span class='ocrx_word' id='word_1_540' title='bbox 1848 2540 2058 2609; x_wconf 85' lang='lat' dir='ltr'><strong>quievit</strong></span> <span class='ocrx_word' id='word_1_541' title='bbox 2097 2559 2108 2595; x_wconf 92' lang='lat'><strong>:</strong></span> <span class='ocrx_word' id='word_1_542' title='bbox 2151 2550 2473 2611; x_wconf 87' lang='lat' dir='ltr'><strong>potestatem</strong></span> <span class='ocrx_word' id='word_1_543' title='bbox 2526 2559 2746 2615; x_wconf 85' lang='lat' dir='ltr'><strong>quoque</strong></span> <span class='ocrx_word' id='word_1_544' title='bbox 2795 2545 2924 2601; x_wconf 90' lang='lat' dir='ltr'><strong>fecit</strong></span> <span class='ocrx_word' id='word_1_545' title='bbox 2971 2545 3211 2603; x_wconf 80' lang='lat' dir='ltr'><strong>fortibus</strong></span> <span class='ocrx_word' id='word_1_546' title='bbox 3253 2547 3411 2611; x_wconf 89' lang='lat' dir='ltr'><strong>viris,</strong></span> 
     </span>
    </p>
   </div>
   <div class='ocr_carea' id='block_1_73' title="bbox 1849 2631 3418 2705">
    <p class='ocr_par' dir='ltr' id='par_1_73' title="bbox 1849 2631 3418 2705">
     <span class='ocr_line' id='line_1_73' title="bbox 1849 2631 3418 2705; baseline 0.003 -19"><span class='ocrx_word' id='word_1_547' title='bbox 1849 2647 1957 2702; x_wconf 86' lang='lat' dir='ltr'><strong>qua</strong></span> <span class='ocrx_word' id='word_1_548' title='bbox 2009 2631 2121 2687; x_wconf 87' lang='lat' dir='ltr'><strong>illis</strong></span> <span class='ocrx_word' id='word_1_549' title='bbox 2152 2633 2348 2688; x_wconf 88' lang='lat' dir='ltr'><strong>liceret</strong></span> <span class='ocrx_word' id='word_1_550' title='bbox 2399 2634 2659 2699; x_wconf 87' lang='lat' dir='ltr'><strong>describi,</strong></span> <span class='ocrx_word' id='word_1_551' title='bbox 2697 2650 2760 2691; x_wconf 88' lang='lat' dir='ltr'><strong>ac</strong></span> <span class='ocrx_word' id='word_1_552' title='bbox 2831 2635 3051 2705; x_wconf 84' lang='lat' dir='ltr'><strong>superis</strong></span> <span class='ocrx_word' id='word_1_553' title='bbox 3086 2635 3196 2690; x_wconf 89' lang='lat' dir='ltr'><strong>illis</strong></span> <span class='ocrx_word' id='word_1_554' title='bbox 3235 2636 3418 2690; x_wconf 90' lang='lat' dir='ltr'><strong>choris</strong></span> 
     </span>
    </p>
   </div>
   <div class='ocr_carea' id='block_1_74' title="bbox 1848 2724 3418 2789">
    <p class='ocr_par' dir='ltr' id='par_1_74' title="bbox 1848 2724 3418 2789">
     <span class='ocr_line' id='line_1_74' title="bbox 1848 2724 3418 2789; baseline 0.003 -13"><span class='ocrx_word' id='word_1_555' title='bbox 1848 2724 2218 2789; x_wconf 85' lang='lat' dir='ltr'><strong>annumerari,</strong></span> <span class='ocrx_word' id='word_1_556' title='bbox 2243 2734 2299 2780; x_wconf 90' lang='lat' dir='ltr'><strong>et</strong></span> <span class='ocrx_word' id='word_1_557' title='bbox 2330 2725 2429 2781; x_wconf 92' lang='lat' dir='ltr'><strong>Dei</strong></span> <span class='ocrx_word' id='word_1_558' title='bbox 2456 2727 2721 2781; x_wconf 87' lang='lat' dir='ltr'><strong>memoria</strong></span> <span class='ocrx_word' id='word_1_559' title='bbox 2740 2727 3034 2782; x_wconf 87' lang='lat' dir='ltr'><strong>contineri.</strong></span> <span class='ocrx_word' id='word_1_560' title='bbox 3070 2726 3211 2782; x_wconf 84' lang='lat' dir='ltr'><strong>Audi</strong></span> <span class='ocrx_word' id='word_1_561' title='bbox 3249 2727 3418 2782; x_wconf 88' lang='lat' dir='ltr'><strong>etiam</strong></span> 
     </span>
    </p>
   </div>
   <div class='ocr_carea' id='block_1_75' title="bbox 1847 2813 3417 2888">
    <p class='ocr_par' dir='ltr' id='par_1_75' title="bbox 1847 2813 3417 2888">
     <span class='ocr_line' id='line_1_75' title="bbox 1847 2813 3417 2888; baseline 0.004 -20"><span class='ocrx_word' id='word_1_562' title='bbox 1847 2813 2067 2869; x_wconf 86' lang='lat' dir='ltr'><strong>beatum</strong></span> <span class='ocrx_word' id='word_1_563' title='bbox 2105 2815 2275 2870; x_wconf 84' lang='lat' dir='ltr'><strong>David</strong></span> <span class='ocrx_word' id='word_1_564' title='bbox 2311 2818 2633 2886; x_wconf 88' lang='lat' dir='ltr'><strong>psallentem</strong></span> <span class='ocrx_word' id='word_1_565' title='bbox 2671 2817 2740 2872; x_wconf 91' lang='lat' dir='ltr'><strong>de</strong></span> <span class='ocrx_word' id='word_1_566' title='bbox 2786 2817 2874 2882; x_wconf 92' lang='lat' dir='ltr'><strong>iis,</strong></span> <span class='ocrx_word' id='word_1_567' title='bbox 2925 2819 3017 2888; x_wconf 81' lang='lat' dir='ltr'><strong>qui</strong></span> <span class='ocrx_word' id='word_1_568' title='bbox 3049 2818 3104 2874; x_wconf 91' lang='lat' dir='ltr'><strong>in</strong></span> <span class='ocrx_word' id='word_1_569' title='bbox 3140 2817 3417 2874; x_wconf 89' lang='lat' dir='ltr'><strong>Christum</strong></span> 
     </span>
    </p>
   </div>
   <div class='ocr_carea' id='block_1_76' title="bbox 1848 2906 3417 2973">
    <p class='ocr_par' dir='ltr' id='par_1_76' title="bbox 1848 2906 3417 2973">
     <span class='ocr_line' id='line_1_76' title="bbox 1848 2906 3417 2973; baseline 0 -12"><span class='ocrx_word' id='word_1_570' title='bbox 1848 2906 2166 2963; x_wconf 87' lang='lat' dir='ltr'><strong>debacchati</strong></span> <span class='ocrx_word' id='word_1_571' title='bbox 2204 2914 2334 2962; x_wconf 87' lang='lat' dir='ltr'><strong>sunt</strong></span> <span class='ocrx_word' id='word_1_572' title='bbox 2374 2925 2388 2961; x_wconf 90' lang='lat'><strong>:</strong></span> <span class='ocrx_word' id='word_1_573' title='bbox 2431 2928 2450 2959; x_wconf 76' lang='grc' dir='ltr'><strong>ι</strong></span> <span class='ocrx_word' id='word_1_574' title='bbox 2490 2908 2786 2963; x_wconf 89' lang='lat' dir='ltr'><strong>Deleantur</strong></span> <span class='ocrx_word' id='word_1_575' title='bbox 2822 2908 2890 2964; x_wconf 92' lang='lat' dir='ltr'><strong>de</strong></span> <span class='ocrx_word' id='word_1_576' title='bbox 2931 2908 3075 2964; x_wconf 91' lang='lat' dir='ltr'><strong>libro</strong></span> <span class='ocrx_word' id='word_1_577' title='bbox 3093 2908 3417 2973; x_wconf 85' lang='lat' dir='ltr'><strong>viventium,</strong></span> 
     </span>
    </p>
   </div>
   <div class='ocr_carea' id='block_1_77' title="bbox 1847 2999 3417 3070">
    <p class='ocr_par' dir='ltr' id='par_1_77' title="bbox 1847 2999 3417 3070">
     <span class='ocr_line' id='line_1_77' title="bbox 1847 2999 3417 3070; baseline -0.003 -16"><span class='ocrx_word' id='word_1_578' title='bbox 1847 3005 1906 3054; x_wconf 87' lang='lat' dir='ltr'><strong>et</strong></span> <span class='ocrx_word' id='word_1_579' title='bbox 1941 2999 2247 3070; x_wconf 89' lang='lat' dir='ltr'><strong>cumjustis</strong></span> <span class='ocrx_word' id='word_1_580' title='bbox 2281 3013 2392 3053; x_wconf 91' lang='lat' dir='ltr'><strong>non</strong></span> <span class='ocrx_word' id='word_1_581' title='bbox 2430 2999 2739 3055; x_wconf 86' lang='lat' dir='ltr'><strong>scribantur</strong></span> <span class='ocrx_word' id='word_1_582' title='bbox 2757 3000 2820 3052; x_wconf 79' lang='grc'><strong>⁸⁸.</strong></span> <span class='ocrx_word' id='word_1_583' title='bbox 2851 3018 2870 3051; x_wconf 74' lang='grc' dir='ltr'><strong>ι</strong></span> <span class='ocrx_word' id='word_1_584' title='bbox 2906 2999 3241 3055; x_wconf 80' lang='lat' dir='ltr'><strong>Exciderunt</strong></span> <span class='ocrx_word' id='word_1_585' title='bbox 3271 2999 3417 3054; x_wconf 91' lang='lat' dir='ltr'><strong>enim</strong></span> 
     </span>
    </p>
   </div>
   <div class='ocr_carea' id='block_1_78' title="bbox 1849 3089 3419 3159">
    <p class='ocr_par' dir='ltr' id='par_1_78' title="bbox 1849 3089 3419 3159">
     <span class='ocr_line' id='line_1_78' title="bbox 1849 3089 3419 3159; baseline -0.002 -13"><span class='ocrx_word' id='word_1_586' title='bbox 1849 3089 2165 3146; x_wconf 80' lang='lat' dir='ltr'><strong>infirmitate</strong></span> <span class='ocrx_word' id='word_1_587' title='bbox 2196 3091 2448 3156; x_wconf 85' lang='lat' dir='ltr'><strong>rationis,</strong></span> <span class='ocrx_word' id='word_1_588' title='bbox 2489 3098 2546 3145; x_wconf 91' lang='lat' dir='ltr'><strong>et</strong></span> <span class='ocrx_word' id='word_1_589' title='bbox 2581 3107 2611 3144; x_wconf 90' lang='lat' dir='ltr'><strong>a</strong></span> <span class='ocrx_word' id='word_1_590' title='bbox 2644 3091 2846 3146; x_wconf 84' lang='lat' dir='ltr'><strong>Christi</strong></span> <span class='ocrx_word' id='word_1_591' title='bbox 2866 3090 3280 3145; x_wconf 87' lang='lat' dir='ltr'><strong>conversatione</strong></span> <span class='ocrx_word' id='word_1_592' title='bbox 3308 3105 3419 3159; x_wconf 85' lang='lat' dir='ltr'><strong>prae</strong></span> 
     </span>
    </p>
   </div>
   <div class='ocr_carea' id='block_1_79' title="bbox 1850 3179 3418 3254">
    <p class='ocr_par' dir='ltr' id='par_1_79' title="bbox 1850 3179 3418 3254">
     <span class='ocr_line' id='line_1_79' title="bbox 1850 3179 3418 3254; baseline -0.001 -18"><span class='ocrx_word' id='word_1_593' title='bbox 1850 3182 2062 3254; x_wconf 79' lang='lat' dir='ltr'><strong>ignavia</strong></span> <span class='ocrx_word' id='word_1_594' title='bbox 2098 3191 2344 3237; x_wconf 81' lang='lat' dir='ltr'><strong>extorres</strong></span> <span class='ocrx_word' id='word_1_595' title='bbox 2377 3180 2508 3237; x_wconf 89' lang='lat' dir='ltr'><strong>facti</strong></span> <span class='ocrx_word' id='word_1_596' title='bbox 2561 3189 2710 3246; x_wconf 89' lang='lat' dir='ltr'><strong>sunt,</strong></span> <span class='ocrx_word' id='word_1_597' title='bbox 2751 3196 2875 3236; x_wconf 90' lang='lat' dir='ltr'><strong>cum</strong></span> <span class='ocrx_word' id='word_1_598' title='bbox 2930 3180 3125 3235; x_wconf 88' lang='lat' dir='ltr'><strong>iisdem</strong></span> <span class='ocrx_word' id='word_1_599' title='bbox 3184 3179 3418 3249; x_wconf 86' lang='lat' dir='ltr'><strong>benigna</strong></span> 
     </span>
    </p>
   </div>
   <div class='ocr_carea' id='block_1_80' title="bbox 1849 3264 3419 3344">
    <p class='ocr_par' dir='ltr' id='par_1_80' title="bbox 1849 3264 3419 3344">
     <span class='ocr_line' id='line_1_80' title="bbox 1849 3264 3419 3344; baseline -0.004 -14"><span class='ocrx_word' id='word_1_600' title='bbox 1849 3275 2214 3344; x_wconf 88' lang='lat' dir='ltr'><strong>clementique</strong></span> <span class='ocrx_word' id='word_1_601' title='bbox 2250 3273 2346 3328; x_wconf 91' lang='lat' dir='ltr'><strong>Dei</strong></span> <span class='ocrx_word' id='word_1_602' title='bbox 2365 3281 2420 3328; x_wconf 90' lang='lat' dir='ltr'><strong>et</strong></span> <span class='ocrx_word' id='word_1_603' title='bbox 2456 3264 2644 3328; x_wconf 76' lang='lat' dir='ltr'><strong>Patris&#39;</strong></span> <span class='ocrx_word' id='word_1_604' title='bbox 2683 3272 2963 3326; x_wconf 87' lang='lat' dir='ltr'><strong>voluntate</strong></span> <span class='ocrx_word' id='word_1_605' title='bbox 2993 3271 3170 3325; x_wconf 91' lang='lat' dir='ltr'><strong>honor</strong></span> <span class='ocrx_word' id='word_1_606' title='bbox 3204 3269 3419 3324; x_wconf 89' lang='lat' dir='ltr'><strong>delatus</strong></span> 
     </span>
    </p>
   </div>
   <div class='ocr_carea' id='block_1_81' title="bbox 1850 3361 3420 3435">
    <p class='ocr_par' dir='ltr' id='par_1_81' title="bbox 1850 3361 3420 3435">
     <span class='ocr_line' id='line_1_81' title="bbox 1850 3361 3420 3435; baseline -0.006 -11"><span class='ocrx_word' id='word_1_607' title='bbox 1850 3375 2028 3424; x_wconf 89' lang='lat' dir='ltr'><strong>esset:</strong></span> <span class='ocrx_word' id='word_1_608' title='bbox 2063 3366 2243 3422; x_wconf 89' lang='lat' dir='ltr'><strong>vocati</strong></span> <span class='ocrx_word' id='word_1_609' title='bbox 2277 3380 2514 3434; x_wconf 88' lang='lat' dir='ltr'><strong>namque</strong></span> <span class='ocrx_word' id='word_1_610' title='bbox 2552 3371 2680 3418; x_wconf 87' lang='lat' dir='ltr'><strong>sunt</strong></span> <span class='ocrx_word' id='word_1_611' title='bbox 2697 3362 2764 3416; x_wconf 88' lang='lat' dir='ltr'><strong>ad</strong></span> <span class='ocrx_word' id='word_1_612' title='bbox 2800 3361 3045 3435; x_wconf 89' lang='lat' dir='ltr'><strong>nuptias,</strong></span> <span class='ocrx_word' id='word_1_613' title='bbox 3084 3362 3420 3432; x_wconf 78' lang='lat' dir='ltr'><strong>negligenter</strong></span> 
     </span>
    </p>
   </div>
   <div class='ocr_carea' id='block_1_82' title="bbox 1851 3451 3421 3526">
    <p class='ocr_par' dir='ltr' id='par_1_82' title="bbox 1851 3451 3421 3526">
     <span class='ocr_line' id='line_1_82' title="bbox 1851 3451 3421 3526; baseline -0.005 -13"><span class='ocrx_word' id='word_1_614' title='bbox 1851 3468 2033 3514; x_wconf 89' lang='lat' dir='ltr'><strong>autem</strong></span> <span class='ocrx_word' id='word_1_615' title='bbox 2070 3459 2407 3526; x_wconf 89' lang='lat' dir='ltr'><strong>remisseque</strong></span> <span class='ocrx_word' id='word_1_616' title='bbox 2449 3453 2654 3510; x_wconf 88' lang='lat' dir='ltr'><strong>sanctis</strong></span> <span class='ocrx_word' id='word_1_617' title='bbox 2700 3453 3086 3508; x_wconf 88' lang='lat' dir='ltr'><strong>invitatoribus</strong></span> <span class='ocrx_word' id='word_1_618' title='bbox 3124 3451 3421 3523; x_wconf 88' lang='lat' dir='ltr'><strong>responde-</strong></span> 
     </span>
    </p>
   </div>
   <div class='ocr_carea' id='block_1_83' title="bbox 1851 3543 3417 3614">
    <p class='ocr_par' dir='ltr' id='par_1_83' title="bbox 1851 3543 3417 3614">
     <span class='ocr_line' id='line_1_83' title="bbox 1851 3543 3417 3614; baseline -0.004 -12"><span class='ocrx_word' id='word_1_619' title='bbox 1851 3555 2001 3614; x_wconf 89' lang='lat' dir='ltr'><strong>runt,</strong></span> <span class='ocrx_word' id='word_1_620' title='bbox 2035 3547 2298 3612; x_wconf 88' lang='lat' dir='ltr'><strong>dicentes,</strong></span> <span class='ocrx_word' id='word_1_621' title='bbox 2337 3561 2482 3600; x_wconf 90' lang='lat' dir='ltr'><strong>unus</strong></span> <span class='ocrx_word' id='word_1_622' title='bbox 2515 3543 2738 3614; x_wconf 89' lang='lat' dir='ltr'><strong>quidem</strong></span> <span class='ocrx_word' id='word_1_623' title='bbox 2763 3585 2776 3609; x_wconf 96' lang='lat'><strong>,</strong></span> <span class='ocrx_word' id='word_1_624' title='bbox 2819 3557 3011 3614; x_wconf 89' lang='lat' dir='ltr'><strong>agrum</strong></span> <span class='ocrx_word' id='word_1_625' title='bbox 3043 3558 3101 3598; x_wconf 89' lang='lat' dir='ltr'><strong>se</strong></span> <span class='ocrx_word' id='word_1_626' title='bbox 3132 3543 3417 3608; x_wconf 89' lang='lat' dir='ltr'><strong>coemisse,</strong></span> 
     </span>
    </p>
   </div>
   <div class='ocr_carea' id='block_1_84' title="bbox 1851 3633 3419 3704">
    <p class='ocr_par' dir='ltr' id='par_1_84' title="bbox 1851 3633 3419 3704">
     <span class='ocr_line' id='line_1_84' title="bbox 1851 3633 3419 3704; baseline -0.005 -8"><span class='ocrx_word' id='word_1_627' title='bbox 1851 3642 1990 3696; x_wconf 88' lang='lat' dir='ltr'><strong>alter</strong></span> <span class='ocrx_word' id='word_1_628' title='bbox 2015 3655 2146 3695; x_wconf 81' lang='lat' dir='ltr'><strong>vero</strong></span> <span class='ocrx_word' id='word_1_629' title='bbox 2192 3653 2418 3693; x_wconf 78' lang='lat' dir='ltr'><strong>uxorem</strong></span> <span class='ocrx_word' id='word_1_630' title='bbox 2453 3636 2698 3699; x_wconf 83' lang='lat' dir='ltr'><strong>duxisse,</strong></span> <span class='ocrx_word' id='word_1_631' title='bbox 2725 3650 2828 3691; x_wconf 88' lang='lat' dir='ltr'><strong>nee</strong></span> <span class='ocrx_word' id='word_1_632' title='bbox 2864 3650 3023 3704; x_wconf 86' lang='lat' dir='ltr'><strong>posse</strong></span> <span class='ocrx_word' id='word_1_633' title='bbox 3055 3636 3264 3691; x_wconf 89' lang='lat' dir='ltr'><strong>venire.</strong></span> <span class='ocrx_word' id='word_1_634' title='bbox 3303 3633 3419 3688; x_wconf 81' lang='lat' dir='ltr'><strong>Au-</strong></span> 
     </span>
    </p>
   </div>
   <div class='ocr_carea' id='block_1_85' title="bbox 1850 3723 3416 3797">
    <p class='ocr_par' dir='ltr' id='par_1_85' title="bbox 1850 3723 3416 3797">
     <span class='ocr_line' id='line_1_85' title="bbox 1850 3723 3416 3797; baseline -0.003 -15"><span class='ocrx_word' id='word_1_635' title='bbox 1850 3728 1935 3784; x_wconf 90' lang='lat' dir='ltr'><strong>dis</strong></span> <span class='ocrx_word' id='word_1_636' title='bbox 1964 3728 2167 3797; x_wconf 90' lang='lat' dir='ltr'><strong>ubique</strong></span> <span class='ocrx_word' id='word_1_637' title='bbox 2198 3743 2294 3782; x_wconf 91' lang='lat' dir='ltr'><strong>eos</strong></span> <span class='ocrx_word' id='word_1_638' title='bbox 2313 3727 2494 3780; x_wconf 89' lang='lat' dir='ltr'><strong>dicere</strong></span> <span class='ocrx_word' id='word_1_639' title='bbox 2519 3742 2530 3778; x_wconf 92' lang='lat'>:</span> <span class='ocrx_word' id='word_1_640' title='bbox 2553 3725 2672 3779; x_wconf 90' lang='lat' dir='ltr'><strong>Non</strong></span> <span class='ocrx_word' id='word_1_641' title='bbox 2717 3739 2938 3795; x_wconf 84' lang='lat' dir='ltr'><strong>possum</strong></span> <span class='ocrx_word' id='word_1_642' title='bbox 2959 3725 3002 3757; x_wconf 82' lang='grc'><strong>⁶⁹</strong></span> <span class='ocrx_word' id='word_1_643' title='bbox 3041 3724 3278 3780; x_wconf 87' lang='lat' dir='ltr'><strong>:etenim</strong></span> <span class='ocrx_word' id='word_1_644' title='bbox 3313 3723 3416 3777; x_wconf 77' lang='lat' dir='ltr'><strong>hu-</strong></span> 
     </span>
    </p>
   </div>
   <div class='ocr_carea' id='block_1_86' title="bbox 1849 3814 3418 3887">
    <p class='ocr_par' dir='ltr' id='par_1_86' title="bbox 1849 3814 3418 3887">
     <span class='ocr_line' id='line_1_86' title="bbox 1849 3814 3418 3887; baseline -0.003 -13"><span class='ocrx_word' id='word_1_645' title='bbox 1849 3835 2044 3876; x_wconf 87' lang='lat' dir='ltr'><strong>manus</strong></span> <span class='ocrx_word' id='word_1_646' title='bbox 2061 3820 2276 3874; x_wconf 88' lang='lat' dir='ltr'><strong>animus</strong></span> <span class='ocrx_word' id='word_1_647' title='bbox 2312 3819 2379 3873; x_wconf 89' lang='lat' dir='ltr'><strong>ad</strong></span> <span class='ocrx_word' id='word_1_648' title='bbox 2417 3817 2606 3872; x_wconf 86' lang='lat' dir='ltr'><strong>mundi</strong></span> <span class='ocrx_word' id='word_1_649' title='bbox 2645 3817 2953 3887; x_wconf 82' lang='lat' dir='ltr'><strong>voluptates</strong></span> <span class='ocrx_word' id='word_1_650' title='bbox 2987 3830 3298 3887; x_wconf 90' lang='lat' dir='ltr'><strong>propensus</strong></span> <span class='ocrx_word' id='word_1_651' title='bbox 3336 3814 3418 3869; x_wconf 89' lang='lat' dir='ltr'><strong>in-</strong></span> 
     </span>
    </p>
   </div>
   <div class='ocr_carea' id='block_1_87' title="bbox 1851 3908 3419 3979">
    <p class='ocr_par' dir='ltr' id='par_1_87' title="bbox 1851 3908 3419 3979">
     <span class='ocr_line' id='line_1_87' title="bbox 1851 3908 3419 3979; baseline -0.003 -12"><span class='ocrx_word' id='word_1_652' title='bbox 1851 3913 2039 3967; x_wconf 91' lang='lat' dir='ltr'><strong>firmus</strong></span> <span class='ocrx_word' id='word_1_653' title='bbox 2075 3919 2160 3966; x_wconf 90' lang='lat' dir='ltr'><strong>est</strong></span> <span class='ocrx_word' id='word_1_654' title='bbox 2205 3919 2260 3966; x_wconf 91' lang='lat' dir='ltr'><strong>et</strong></span> <span class='ocrx_word' id='word_1_655' title='bbox 2317 3909 2591 3964; x_wconf 89' lang='lat' dir='ltr'><strong>invalidus</strong></span> <span class='ocrx_word' id='word_1_656' title='bbox 2649 3908 2718 3962; x_wconf 91' lang='lat' dir='ltr'><strong>ad</strong></span> <span class='ocrx_word' id='word_1_657' title='bbox 2775 3924 2839 3964; x_wconf 89' lang='lat' dir='ltr'><strong>ea</strong></span> <span class='ocrx_word' id='word_1_658' title='bbox 2897 3908 3247 3979; x_wconf 85' lang='lat' dir='ltr'><strong>exsequenda</strong></span> <span class='ocrx_word' id='word_1_659' title='bbox 3295 3923 3419 3977; x_wconf 75' lang='lat' dir='ltr'><strong>quae</strong></span> 
     </span>
    </p>
   </div>
   <div class='ocr_carea' id='block_1_88' title="bbox 1849 4001 3418 4073">
    <p class='ocr_par' dir='ltr' id='par_1_88' title="bbox 1849 4001 3418 4073">
     <span class='ocr_line' id='line_1_88' title="bbox 1849 4001 3418 4073; baseline -0.003 -14"><span class='ocrx_word' id='word_1_660' title='bbox 1849 4005 1945 4059; x_wconf 83' lang='lat' dir='ltr'><strong>Dei</strong></span> <span class='ocrx_word' id='word_1_661' title='bbox 1966 4011 2096 4060; x_wconf 92' lang='lat' dir='ltr'><strong>sunt</strong></span> <span class='ocrx_word' id='word_1_662' title='bbox 2127 4021 2140 4057; x_wconf 90' lang='lat'>:</span> <span class='ocrx_word' id='word_1_663' title='bbox 2179 4003 2326 4058; x_wconf 89' lang='lat' dir='ltr'><strong>idem</strong></span> <span class='ocrx_word' id='word_1_664' title='bbox 2351 4015 2518 4073; x_wconf 85' lang='lat' dir='ltr'><strong>porro</strong></span> <span class='ocrx_word' id='word_1_665' title='bbox 2551 4003 2658 4058; x_wconf 85' lang='lat' dir='ltr'><strong>erit</strong></span> <span class='ocrx_word' id='word_1_666' title='bbox 2688 4001 2860 4057; x_wconf 89' lang='lat' dir='ltr'><strong>divini</strong></span> <span class='ocrx_word' id='word_1_667' title='bbox 2895 4001 3246 4071; x_wconf 74' lang='lat' dir='ltr'><strong>cmléstisque</strong></span> <span class='ocrx_word' id='word_1_668' title='bbox 3284 4017 3418 4056; x_wconf 86' lang='lat' dir='ltr'><strong>con-</strong></span> 
     </span>
    </p>
   </div>
   <div class='ocr_carea' id='block_1_89' title="bbox 1848 4095 2242 4164">
    <p class='ocr_par' dir='ltr' id='par_1_89' title="bbox 1848 4095 2242 4164">
     <span class='ocr_line' id='line_1_89' title="bbox 1848 4095 2242 4164; baseline 0 -16"><span class='ocrx_word' id='word_1_669' title='bbox 1848 4095 1981 4150; x_wconf 86' lang='lat' dir='ltr'><strong>vivii</strong></span> <span class='ocrx_word' id='word_1_670' title='bbox 2020 4109 2242 4164; x_wconf 83' lang='lat' dir='ltr'><strong>expers.</strong></span> 
     </span>
    </p>
   </div>
   <div class='ocr_carea' id='block_1_90' title="bbox 1918 4177 3416 4253">
    <p class='ocr_par' dir='ltr' id='par_1_90' title="bbox 1918 4177 3416 4253">
     <span class='ocr_line' id='line_1_90' title="bbox 1918 4177 3416 4253; baseline -0.007 -13"><span class='ocrx_word' id='word_1_671' title='bbox 1918 4185 2116 4240; x_wconf 79' lang='lat' dir='ltr'><strong>PALL.</strong></span> <span class='ocrx_word' id='word_1_672' title='bbox 2137 4185 2251 4239; x_wconf 88' lang='lat' dir='ltr'><strong>Soli</strong></span> <span class='ocrx_word' id='word_1_673' title='bbox 2278 4183 2445 4253; x_wconf 88' lang='lat' dir='ltr'><strong>igitur</strong></span> <span class='ocrx_word' id='word_1_674' title='bbox 2462 4181 2635 4236; x_wconf 85' lang='lat' dir='ltr'><strong>adulti</strong></span> <span class='ocrx_word' id='word_1_675' title='bbox 2663 4190 2720 4236; x_wconf 91' lang='lat' dir='ltr'><strong>et</strong></span> <span class='ocrx_word' id='word_1_676' title='bbox 2737 4181 2908 4235; x_wconf 82' lang='lat' dir='ltr'><strong>fortes</strong></span> <span class='ocrx_word' id='word_1_677' title='bbox 2930 4181 3058 4245; x_wconf 88' lang='lat' dir='ltr'><strong>viri,</strong></span> <span class='ocrx_word' id='word_1_678' title='bbox 3093 4186 3148 4233; x_wconf 91' lang='lat' dir='ltr'><strong>et</strong></span> <span class='ocrx_word' id='word_1_679' title='bbox 3175 4177 3416 4247; x_wconf 87' lang='lat' dir='ltr'><strong>pruden—</strong></span> 
     </span>
    </p>
   </div>
   <div class='ocr_carea' id='block_1_91' title="bbox 1853 4267 3417 4345">
    <p class='ocr_par' dir='ltr' id='par_1_91' title="bbox 1853 4267 3417 4345">
     <span class='ocr_line' id='line_1_91' title="bbox 1853 4267 3417 4345; baseline -0.007 -15"><span class='ocrx_word' id='word_1_680' title='bbox 1853 4276 1927 4330; x_wconf 87' lang='lat' dir='ltr'><strong>tia</strong></span> <span class='ocrx_word' id='word_1_681' title='bbox 1942 4277 2052 4345; x_wconf 87' lang='lat' dir='ltr'><strong>jam</strong></span> <span class='ocrx_word' id='word_1_682' title='bbox 2069 4274 2269 4338; x_wconf 90' lang='lat' dir='ltr'><strong>ornati,</strong></span> <span class='ocrx_word' id='word_1_683' title='bbox 2291 4272 2348 4326; x_wconf 90' lang='lat' dir='ltr'><strong>in</strong></span> <span class='ocrx_word' id='word_1_684' title='bbox 2376 4272 2473 4326; x_wconf 91' lang='lat' dir='ltr'><strong>Dei</strong></span> <span class='ocrx_word' id='word_1_685' title='bbox 2505 4270 2876 4339; x_wconf 88' lang='lat' dir='ltr'><strong>descriptione</strong></span> <span class='ocrx_word' id='word_1_686' title='bbox 2913 4279 3231 4330; x_wconf 88' lang='lat' dir='ltr'><strong>censentur,</strong></span> <span class='ocrx_word' id='word_1_687' title='bbox 3271 4274 3326 4320; x_wconf 91' lang='lat' dir='ltr'><strong>et</strong></span> <span class='ocrx_word' id='word_1_688' title='bbox 3362 4267 3417 4320; x_wconf 89' lang='lat' dir='ltr'><strong>in</strong></span> 
     </span>
    </p>
   </div>
   <div class='ocr_carea' id='block_1_92' title="bbox 1852 4356 3419 4432">
    <p class='ocr_par' dir='ltr' id='par_1_92' title="bbox 1852 4356 3419 4432">
     <span class='ocr_line' id='line_1_92' title="bbox 1852 4356 3419 4432; baseline -0.006 -14"><span class='ocrx_word' id='word_1_689' title='bbox 1852 4365 1993 4420; x_wconf 87' lang='lat' dir='ltr'><strong>libro</strong></span> <span class='ocrx_word' id='word_1_690' title='bbox 2008 4365 2153 4428; x_wconf 65' lang='lat' dir='ltr'><strong>vitae;</strong></span> <span class='ocrx_word' id='word_1_691' title='bbox 2174 4362 2374 4432; x_wconf 91' lang='lat' dir='ltr'><strong>quique</strong></span> <span class='ocrx_word' id='word_1_692' title='bbox 2396 4360 2620 4414; x_wconf 89' lang='lat' dir='ltr'><strong>minime</strong></span> <span class='ocrx_word' id='word_1_693' title='bbox 2637 4358 2907 4430; x_wconf 88' lang='lat' dir='ltr'><strong>ejusmodi</strong></span> <span class='ocrx_word' id='word_1_694' title='bbox 2927 4365 3073 4423; x_wconf 91' lang='lat' dir='ltr'><strong>sunt,</strong></span> <span class='ocrx_word' id='word_1_695' title='bbox 3108 4371 3300 4412; x_wconf 89' lang='lat' dir='ltr'><strong>omnes</strong></span> <span class='ocrx_word' id='word_1_696' title='bbox 3319 4356 3419 4408; x_wconf 89' lang='lat' dir='ltr'><strong>im-</strong></span> 
     </span>
    </p>
   </div>
   <div class='ocr_carea' id='block_1_93' title="bbox 1852 4451 2807 4526">
    <p class='ocr_par' dir='ltr' id='par_1_93' title="bbox 1852 4451 2807 4526">
     <span class='ocr_line' id='line_1_93' title="bbox 1852 4451 2807 4526; baseline -0.01 -17"><span class='ocrx_word' id='word_1_697' title='bbox 1852 4455 2171 4526; x_wconf 85' lang='lat' dir='ltr'><strong>probantur,</strong></span> <span class='ocrx_word' id='word_1_698' title='bbox 2192 4468 2259 4506; x_wconf 87' lang='lat' dir='ltr'><strong>an</strong></span> <span class='ocrx_word' id='word_1_699' title='bbox 2283 4451 2483 4506; x_wconf 87' lang='lat' dir='ltr'><strong>secus?</strong></span> <span class='ocrx_word' id='word_1_700' title='bbox 2802 4495 2807 4499; x_wconf 86' lang='lat'>.</span> 
     </span>
    </p>
   </div>
   <div class='ocr_carea' id='block_1_94' title="bbox 1929 4535 3418 4616">
    <p class='ocr_par' dir='ltr' id='par_1_94' title="bbox 1929 4535 3418 4616">
     <span class='ocr_line' id='line_1_94' title="bbox 1929 4535 3418 4616; baseline -0.012 -11"><span class='ocrx_word' id='word_1_701' title='bbox 1929 4545 2089 4616; x_wconf 65' lang='grc' dir='ltr'>ιη</span> <span class='ocrx_word' id='word_1_702' title='bbox 2119 4543 2276 4600; x_wconf 81' lang='lat' dir='ltr'><strong>CYR.</strong></span> <span class='ocrx_word' id='word_1_703' title='bbox 2329 4543 2387 4598; x_wconf 89' lang='lat' dir='ltr'><strong>Si</strong></span> <span class='ocrx_word' id='word_1_704' title='bbox 2419 4548 2673 4596; x_wconf 84' lang='lat' dir='ltr'><strong>accurate</strong></span> <span class='ocrx_word' id='word_1_705' title='bbox 2708 4539 3107 4611; x_wconf 82' lang='lat' dir='ltr'><strong>vigilanterque</strong></span> <span class='ocrx_word' id='word_1_706' title='bbox 3139 4536 3206 4593; x_wconf 85' lang='lat' dir='ltr'><strong>ad</strong></span> <span class='ocrx_word' id='word_1_707' title='bbox 3233 4535 3418 4605; x_wconf 82' lang='lat' dir='ltr'><strong>Scrip-</strong></span> 
     </span>
    </p>
   </div>
   <div class='ocr_carea' id='block_1_95' title="bbox 1855 4629 3420 4703">
    <p class='ocr_par' dir='ltr' id='par_1_95' title="bbox 1855 4629 3420 4703">
     <span class='ocr_line' id='line_1_95' title="bbox 1855 4629 3420 4703; baseline -0.008 -10"><span class='ocrx_word' id='word_1_708' title='bbox 1855 4647 2030 4693; x_wconf 90' lang='lat' dir='ltr'><strong>turam</strong></span> <span class='ocrx_word' id='word_1_709' title='bbox 2039 4637 2278 4690; x_wconf 88' lang='lat' dir='ltr'><strong>animum</strong></span> <span class='ocrx_word' id='word_1_710' title='bbox 2294 4633 2617 4698; x_wconf 88' lang='lat' dir='ltr'><strong>intenderis,</strong></span> <span class='ocrx_word' id='word_1_711' title='bbox 2635 4631 2910 4703; x_wconf 83' lang='lat' dir='ltr'><strong>intelliges</strong></span> <span class='ocrx_word' id='word_1_712' title='bbox 2921 4631 3165 4702; x_wconf 89' lang='lat' dir='ltr'><strong>profecto</strong></span> <span class='ocrx_word' id='word_1_713' title='bbox 3181 4629 3310 4701; x_wconf 89' lang='lat' dir='ltr'><strong>quid</strong></span> <span class='ocrx_word' id='word_1_714' title='bbox 3328 4644 3420 4682; x_wconf 88' lang='lat' dir='ltr'><strong>ve-</strong></span> 
     </span>
    </p>
   </div>
   <div class='ocr_carea' id='block_1_96' title="bbox 1855 4720 3419 4793">
    <p class='ocr_par' dir='ltr' id='par_1_96' title="bbox 1855 4720 3419 4793">
     <span class='ocr_line' id='line_1_96' title="bbox 1855 4720 3419 4793; baseline -0.009 -9"><span class='ocrx_word' id='word_1_715' title='bbox 1855 4745 1978 4784; x_wconf 89' lang='lat' dir='ltr'><strong>rum</strong></span> <span class='ocrx_word' id='word_1_716' title='bbox 2010 4729 2099 4783; x_wconf 87' lang='lat' dir='ltr'><strong>sit.</strong></span> <span class='ocrx_word' id='word_1_717' title='bbox 2119 4726 2458 4782; x_wconf 87' lang='lat' dir='ltr'><strong>Describitur</strong></span> <span class='ocrx_word' id='word_1_718' title='bbox 2476 4739 2712 4793; x_wconf 83' lang='lat' dir='ltr'><strong>namque</strong></span> <span class='ocrx_word' id='word_1_719' title='bbox 2744 4739 2851 4778; x_wconf 86' lang='lat' dir='ltr'><strong>non</strong></span> <span class='ocrx_word' id='word_1_720' title='bbox 2874 4723 3049 4777; x_wconf 93' lang='lat' dir='ltr'><strong>solum</strong></span> <span class='ocrx_word' id='word_1_721' title='bbox 3086 4720 3179 4790; x_wconf 87' lang='lat' dir='ltr'><strong>qui</strong></span> <span class='ocrx_word' id='word_1_722' title='bbox 3200 4720 3419 4776; x_wconf 84' lang='lat' dir='ltr'><strong>adultus</strong></span> 
     </span>
    </p>
   </div>
   <div class='ocr_carea' id='block_1_97' title="bbox 179 4808 1747 4888">
    <p class='ocr_par' dir='ltr' id='par_1_97' title="bbox 179 4815 1747 4886">
     <span class='ocr_line' id='line_1_97' title="bbox 179 4815 1747 4886; baseline 0 -18"><span class='ocrx_word' id='word_1_723' title='bbox 179 4815 415 4883; x_wconf 82' lang='grc' dir='ltr'>γεγονὸς</span> <span class='ocrx_word' id='word_1_724' title='bbox 435 4856 450 4879; x_wconf 91' lang='grc'><strong>,</strong></span> <span class='ocrx_word' id='word_1_725' title='bbox 481 4816 878 4886; x_wconf 86' lang='grc' dir='ltr'>προστέτακται</span> <span class='ocrx_word' id='word_1_726' title='bbox 906 4815 963 4868; x_wconf 86' lang='grc' dir='ltr'>δὲ</span> <span class='ocrx_word' id='word_1_727' title='bbox 1021 4816 1132 4879; x_wconf 77' lang='grc' dir='ltr'>ὅτι,</span> <span class='ocrx_word' id='word_1_728' title='bbox 1171 4816 1277 4867; x_wconf 81' lang='grc' dir='ltr'><strong>πᾶν</strong></span> <span class='ocrx_word' id='word_1_729' title='bbox 1313 4815 1504 4884; x_wconf 77' lang='grc' dir='ltr'>ἄρσεν.</span> <span class='ocrx_word' id='word_1_730' title='bbox 1550 4815 1621 4867; x_wconf 84' lang='grc' dir='ltr'><strong>Ἦ</strong></span> <span class='ocrx_word' id='word_1_731' title='bbox 1649 4815 1747 4868; x_wconf 84' lang='grc' dir='ltr'><strong>οὐκ</strong></span> 
     </span>
    </p>
   </div>
   <div class='ocr_carea' id='block_1_98' title="bbox 1859 4808 3417 4888">
    <p class='ocr_par' dir='ltr' id='par_1_98' title="bbox 1859 4808 3417 4888">
     <span class='ocr_line' id='line_1_98' title="bbox 1859 4808 3417 4888; baseline -0.01 -11"><span class='ocrx_word' id='word_1_732' title='bbox 1859 4829 1954 4884; x_wconf 81' lang='lat' dir='ltr'><strong>est,</strong></span> <span class='ocrx_word' id='word_1_733' title='bbox 1969 4826 2126 4888; x_wconf 91' lang='lat' dir='ltr'><strong>atque</strong></span> <span class='ocrx_word' id='word_1_734' title='bbox 2138 4831 2340 4871; x_wconf 86' lang='lat' dir='ltr'><strong>annum</strong></span> <span class='ocrx_word' id='word_1_735' title='bbox 2354 4824 2515 4870; x_wconf 87' lang='lat' dir='ltr'><strong>natus</strong></span> <span class='ocrx_word' id='word_1_736' title='bbox 2530 4814 2873 4886; x_wconf 86' lang='lat' dir='ltr'><strong>vigesimum,</strong></span> <span class='ocrx_word' id='word_1_737' title='bbox 2886 4812 2981 4867; x_wconf 90' lang='lat' dir='ltr'><strong>sed</strong></span> <span class='ocrx_word' id='word_1_738' title='bbox 2998 4810 3176 4865; x_wconf 88' lang='lat' dir='ltr'><strong>omnis</strong></span> <span class='ocrx_word' id='word_1_739' title='bbox 3190 4808 3417 4863; x_wconf 89' lang='lat' dir='ltr'><strong>masculi</strong></span> 
     </span>
    </p>
   </div>
   <div class='ocr_carea' id='block_1_99' title="bbox 177 4905 643 4976">
    <p class='ocr_par' dir='ltr' id='par_1_99' title="bbox 177 4905 643 4976">
     <span class='ocr_line' id='line_1_99' title="bbox 177 4905 643 4976; baseline 0 -18"><span class='ocrx_word' id='word_1_740' title='bbox 177 4908 388 4968; x_wconf 78' lang='grc' dir='ltr'>ἐννοεῖς</span> <span class='ocrx_word' id='word_1_741' title='bbox 417 4905 453 4958; x_wconf 79' lang='grc' dir='ltr'><strong>ἃ.</strong></span> <span class='ocrx_word' id='word_1_742' title='bbox 472 4905 643 4976; x_wconf 77' lang='grc' dir='ltr'>λέγω;</span> 
     </span>
    </p>
   </div>
   <div class='ocr_carea' id='block_1_100' title="bbox 254 5082 736 5153">
    <p class='ocr_par' dir='ltr' id='par_1_100' title="bbox 254 5082 736 5153">
     <span class='ocr_line' id='line_1_100' title="bbox 254 5082 736 5153; baseline 0.006 -21"><span class='ocrx_word' id='word_1_743' title='bbox 254 5082 461 5136; x_wconf 81' lang='grc' dir='ltr'><strong>ΠΑΛΛ.</strong></span> <span class='ocrx_word' id='word_1_744' title='bbox 486 5083 736 5153; x_wconf 78' lang='grc' dir='ltr'>Συνίημι.</span> 
     </span>
    </p>
   </div>
   <div class='ocr_carea' id='block_1_101' title="bbox 253 5180 1752 5253">
    <p class='ocr_par' dir='ltr' id='par_1_101' title="bbox 253 5180 1752 5253">
     <span class='ocr_line' id='line_1_101' title="bbox 253 5180 1752 5253; baseline 0.002 -22"><span class='ocrx_word' id='word_1_745' title='bbox 253 5180 418 5233; x_wconf 81' lang='grc' dir='ltr'><strong>ΚΥΡ.</strong></span> <span class='ocrx_word' id='word_1_746' title='bbox 455 5182 697 5247; x_wconf 78' lang='grc' dir='ltr'>Οὐκοῦν,</span> <span class='ocrx_word' id='word_1_747' title='bbox 737 5184 785 5236; x_wconf 79' lang='grc' dir='ltr'><strong>εί</strong></span> <span class='ocrx_word' id='word_1_748' title='bbox 833 5183 930 5253; x_wconf 87' lang='grc' dir='ltr'><strong>μέν</strong></span> <span class='ocrx_word' id='word_1_749' title='bbox 957 5181 1054 5253; x_wconf 83' lang='grc' dir='ltr'>τῆς</span> <span class='ocrx_word' id='word_1_750' title='bbox 1101 5183 1158 5234; x_wconf 88' lang='grc' dir='ltr'><strong>ἐν</strong></span> <span class='ocrx_word' id='word_1_751' title='bbox 1192 5181 1414 5252; x_wconf 82' lang='grc' dir='ltr'>Χριστῷ</span> <span class='ocrx_word' id='word_1_752' title='bbox 1458 5180 1752 5251; x_wconf 82' lang='grc' dir='ltr'>νοουμένης</span> 
     </span>
    </p>
   </div>
   <div class='ocr_carea' id='block_1_102' title="bbox 178 5270 1752 5344">
    <p class='ocr_par' dir='ltr' id='par_1_102' title="bbox 178 5270 1752 5344">
     <span class='ocr_line' id='line_1_102' title="bbox 178 5270 1752 5344; baseline 0.002 -23"><span class='ocrx_word' id='word_1_753' title='bbox 178 5270 424 5340; x_wconf 82' lang='grc' dir='ltr'>ἀνδρίας,</span> <span class='ocrx_word' id='word_1_754' title='bbox 455 5273 551 5325; x_wconf 75' lang='grc' dir='ltr'><strong>καὶ</strong></span> <span class='ocrx_word' id='word_1_755' title='bbox 573 5276 600 5326; x_wconf 88' lang='grc' dir='ltr'>ὁ</span> <span class='ocrx_word' id='word_1_756' title='bbox 621 5274 728 5327; x_wconf 86' lang='grc' dir='ltr'><strong>τῶν</strong></span> <span class='ocrx_word' id='word_1_757' title='bbox 757 5274 1076 5344; x_wconf 86' lang='grc' dir='ltr'>ἐπιτηδείων</span> <span class='ocrx_word' id='word_1_758' title='bbox 1099 5275 1176 5336; x_wconf 81' lang='grc' dir='ltr'><strong>είς</strong></span> <span class='ocrx_word' id='word_1_759' title='bbox 1193 5273 1254 5325; x_wconf 85' lang='grc' dir='ltr'><strong>τὸ</strong></span> <span class='ocrx_word' id='word_1_760' title='bbox 1275 5271 1531 5326; x_wconf 87' lang='grc' dir='ltr'>δύνασθαι</span> <span class='ocrx_word' id='word_1_761' title='bbox 1555 5290 1752 5342; x_wconf 83' lang='grc' dir='ltr'>κατορ-</span> 
     </span>
    </p>
   </div>
   <div class='ocr_carea' id='block_1_103' title="bbox 180 5359 1747 5435">
    <p class='ocr_par' dir='ltr' id='par_1_103' title="bbox 180 5359 1747 5435">
     <span class='ocr_line' id='line_1_103' title="bbox 180 5359 1747 5435; baseline 0.003 -22"><span class='ocrx_word' id='word_1_762' title='bbox 180 5361 311 5414; x_wconf 83' lang='grc' dir='ltr'>θοῦν</span> <span class='ocrx_word' id='word_1_763' title='bbox 362 5359 420 5416; x_wconf 79' lang='grc' dir='ltr'><strong>εὖ</strong></span> <span class='ocrx_word' id='word_1_764' title='bbox 478 5364 624 5433; x_wconf 80' lang='grc' dir='ltr'>μάλα</span> <span class='ocrx_word' id='word_1_765' title='bbox 670 5365 769 5435; x_wconf 85' lang='grc' dir='ltr'><strong>τὴν</strong></span> <span class='ocrx_word' id='word_1_766' title='bbox 813 5366 1016 5435; x_wconf 80' lang='grc' dir='ltr'>ἀρετὴν</span> <span class='ocrx_word' id='word_1_767' title='bbox 1061 5364 1474 5435; x_wconf 80' lang='grc' dir='ltr'>περιεργάζοιτο</span> <span class='ocrx_word' id='word_1_768' title='bbox 1517 5365 1747 5433; x_wconf 72' lang='grc' dir='ltr'>τρόπος,</span> 
     </span>
    </p>
   </div>
   <div class='ocr_carea' id='block_1_104' title="bbox 1855 4900 3417 4980">
    <p class='ocr_par' dir='ltr' id='par_1_104' title="bbox 1855 4900 3417 4980">
     <span class='ocr_line' id='line_1_104' title="bbox 1855 4900 3417 4980; baseline -0.006 -16"><span class='ocrx_word' id='word_1_769' title='bbox 1855 4910 2119 4980; x_wconf 88' lang='lat' dir='ltr'><strong>imperata</strong></span> <span class='ocrx_word' id='word_1_770' title='bbox 2155 4915 2241 4962; x_wconf 90' lang='lat' dir='ltr'><strong>cst</strong></span> <span class='ocrx_word' id='word_1_771' title='bbox 2263 4906 2582 4978; x_wconf 83' lang='lat' dir='ltr'><strong>descriptio.</strong></span> <span class='ocrx_word' id='word_1_772' title='bbox 2621 4905 2706 4960; x_wconf 84' lang='lat' dir='ltr'><strong>An</strong></span> <span class='ocrx_word' id='word_1_773' title='bbox 2746 4912 2805 4959; x_wconf 93' lang='lat' dir='ltr'><strong>tu</strong></span> <span class='ocrx_word' id='word_1_774' title='bbox 2839 4917 3030 4974; x_wconf 88' lang='lat' dir='ltr'><strong>parum</strong></span> <span class='ocrx_word' id='word_1_775' title='bbox 3071 4900 3203 4971; x_wconf 89' lang='lat' dir='ltr'><strong>quid</strong></span> <span class='ocrx_word' id='word_1_776' title='bbox 3239 4901 3417 4956; x_wconf 90' lang='lat' dir='ltr'><strong>dicam</strong></span> 
     </span>
    </p>
   </div>
   <div class='ocr_carea' id='block_1_105' title="bbox 1853 5000 2159 5070">
    <p class='ocr_par' dir='ltr' id='par_1_105' title="bbox 1853 5000 2159 5070">
     <span class='ocr_line' id='line_1_105' title="bbox 1853 5000 2159 5070; baseline -0.007 -14"><span class='ocrx_word' id='word_1_777' title='bbox 1853 5001 2116 5070; x_wconf 83' lang='lat' dir='ltr'><strong>intelligis</strong></span> <span class='ocrx_word' id='word_1_778' title='bbox 2135 5000 2159 5054; x_wconf 86' lang='lat'><strong>?</strong></span> 
     </span>
    </p>
   </div>
   <div class='ocr_carea' id='block_1_106' title="bbox 1923 5088 2410 5161">
    <p class='ocr_par' dir='ltr' id='par_1_106' title="bbox 1923 5088 2410 5161">
     <span class='ocr_line' id='line_1_106' title="bbox 1923 5088 2410 5161; baseline -0.004 -16"><span class='ocrx_word' id='word_1_779' title='bbox 1923 5090 2119 5145; x_wconf 84' lang='lat' dir='ltr'><strong>PALL.</strong></span> <span class='ocrx_word' id='word_1_780' title='bbox 2143 5088 2410 5161; x_wconf 85' lang='lat' dir='ltr'><strong>Intelligo.</strong></span> 
     </span>
    </p>
   </div>
   <div class='ocr_carea' id='block_1_107' title="bbox 1922 5173 3417 5253">
    <p class='ocr_par' dir='ltr' id='par_1_107' title="bbox 1922 5173 3417 5253">
     <span class='ocr_line' id='line_1_107' title="bbox 1922 5173 3417 5253; baseline -0.007 -15"><span class='ocrx_word' id='word_1_781' title='bbox 1922 5182 2079 5238; x_wconf 67' lang='grc' dir='ltr'><strong>ΟΥΕ.</strong></span> <span class='ocrx_word' id='word_1_782' title='bbox 2121 5182 2177 5237; x_wconf 90' lang='lat' dir='ltr'><strong>Si</strong></span> <span class='ocrx_word' id='word_1_783' title='bbox 2215 5182 2383 5253; x_wconf 84' lang='lat' dir='ltr'><strong>igitur</strong></span> <span class='ocrx_word' id='word_1_784' title='bbox 2415 5196 2540 5236; x_wconf 90' lang='lat' dir='ltr'><strong>cum</strong></span> <span class='ocrx_word' id='word_1_785' title='bbox 2565 5175 2908 5234; x_wconf 84' lang='lat' dir='ltr'><strong>fortitudinis</strong></span> <span class='ocrx_word' id='word_1_786' title='bbox 2959 5173 3220 5232; x_wconf 79' lang='lat' dir='ltr'><strong>duntaxat</strong></span> <span class='ocrx_word' id='word_1_787' title='bbox 3272 5174 3417 5230; x_wconf 88' lang='lat' dir='ltr'><strong>illius</strong></span> 
     </span>
    </p>
   </div>
   <div class='ocr_carea' id='block_1_108' title="bbox 1849 5269 3417 5342">
    <p class='ocr_par' dir='ltr' id='par_1_108' title="bbox 1849 5269 3417 5342">
     <span class='ocr_line' id='line_1_108' title="bbox 1849 5269 3417 5342; baseline -0.005 -15"><span class='ocrx_word' id='word_1_788' title='bbox 1849 5288 1971 5342; x_wconf 78' lang='lat' dir='ltr'><strong>quae</strong></span> <span class='ocrx_word' id='word_1_789' title='bbox 1990 5273 2045 5326; x_wconf 92' lang='lat' dir='ltr'><strong>in</strong></span> <span class='ocrx_word' id='word_1_790' title='bbox 2059 5272 2278 5327; x_wconf 90' lang='lat' dir='ltr'><strong>Christo</strong></span> <span class='ocrx_word' id='word_1_791' title='bbox 2301 5271 2646 5341; x_wconf 86' lang='lat' dir='ltr'><strong>intelligitur,</strong></span> <span class='ocrx_word' id='word_1_792' title='bbox 2675 5278 2732 5323; x_wconf 88' lang='lat' dir='ltr'><strong>et</strong></span> <span class='ocrx_word' id='word_1_793' title='bbox 2752 5284 2944 5324; x_wconf 90' lang='lat' dir='ltr'><strong>eorum</strong></span> <span class='ocrx_word' id='word_1_794' title='bbox 2968 5269 3061 5338; x_wconf 89' lang='lat' dir='ltr'><strong>qui</strong></span> <span class='ocrx_word' id='word_1_795' title='bbox 3091 5269 3272 5323; x_wconf 86' lang='lat' dir='ltr'><strong>idonei</strong></span> <span class='ocrx_word' id='word_1_796' title='bbox 3289 5278 3417 5321; x_wconf 84' lang='lat' dir='ltr'><strong>sunt</strong></span> 
     </span>
    </p>
   </div>
   <div class='ocr_carea' id='block_1_109' title="bbox 1850 5359 3411 5431">
    <p class='ocr_par' dir='ltr' id='par_1_109' title="bbox 1850 5359 3411 5431">
     <span class='ocr_line' id='line_1_109' title="bbox 1850 5359 3411 5431; baseline -0.006 -12"><span class='ocrx_word' id='word_1_797' title='bbox 1850 5365 1918 5419; x_wconf 92' lang='lat' dir='ltr'><strong>ad</strong></span> <span class='ocrx_word' id='word_1_798' title='bbox 1939 5380 2161 5419; x_wconf 87' lang='lat' dir='ltr'><strong>munera</strong></span> <span class='ocrx_word' id='word_1_799' title='bbox 2196 5363 2421 5418; x_wconf 88' lang='lat' dir='ltr'><strong>virtutis</strong></span> <span class='ocrx_word' id='word_1_800' title='bbox 2457 5361 2807 5431; x_wconf 83' lang='lat' dir='ltr'><strong>exsequenda</strong></span> <span class='ocrx_word' id='word_1_801' title='bbox 2843 5361 3040 5417; x_wconf 90' lang='lat' dir='ltr'><strong>modus</strong></span> <span class='ocrx_word' id='word_1_802' title='bbox 3074 5359 3411 5429; x_wconf 86' lang='lat' dir='ltr'><strong>exquiritur,</strong></span> 
     </span>
    </p>
   </div>
   <div class='ocr_carea' id='block_1_110' title="bbox 184 5448 1747 5525">
    <p class='ocr_par' dir='ltr' id='par_1_110' title="bbox 184 5452 1747 5525">
     <span class='ocr_line' id='line_1_110' title="bbox 184 5452 1747 5525; baseline 0.001 -20"><span class='ocrx_word' id='word_1_803' title='bbox 184 5452 327 5505; x_wconf 81' lang='grc' dir='ltr'>ίδίαν</span> <span class='ocrx_word' id='word_1_804' title='bbox 355 5453 536 5517; x_wconf 72' lang='grc' dir='ltr'>ἕξουσι</span> <span class='ocrx_word' id='word_1_805' title='bbox 587 5455 687 5522; x_wconf 77' lang='grc' dir='ltr'>τὴν</span> <span class='ocrx_word' id='word_1_806' title='bbox 730 5456 1090 5525; x_wconf 81' lang='grc' dir='ltr'>ἀπογραφὴν,</span> <span class='ocrx_word' id='word_1_807' title='bbox 1123 5456 1173 5507; x_wconf 82' lang='lat' dir='ltr'><strong>oi</strong></span> <span class='ocrx_word' id='word_1_808' title='bbox 1219 5455 1355 5524; x_wconf 77' lang='grc' dir='ltr'>πρὸς</span> <span class='ocrx_word' id='word_1_809' title='bbox 1405 5454 1563 5506; x_wconf 86' lang='grc' dir='ltr'>τοῦτο</span> <span class='ocrx_word' id='word_1_810' title='bbox 1591 5454 1747 5524; x_wconf 84' lang='grc' dir='ltr'>δόξης</span> 
     </span>
    </p>
   </div>
   <div class='ocr_carea' id='block_1_111' title="bbox 1859 5448 3414 5525">
    <p class='ocr_par' dir='ltr' id='par_1_111' title="bbox 1859 5448 3414 5524">
     <span class='ocr_line' id='line_1_111' title="bbox 1859 5448 3414 5524; baseline -0.006 -12"><span class='ocrx_word' id='word_1_811' title='bbox 1859 5473 1999 5512; x_wconf 72' lang='lat' dir='ltr'><strong>suam</strong></span> <span class='ocrx_word' id='word_1_812' title='bbox 2027 5455 2545 5524; x_wconf 90' lang='lat' dir='ltr'><strong>illidescriptionem</strong></span> <span class='ocrx_word' id='word_1_813' title='bbox 2580 5453 2825 5508; x_wconf 89' lang='lat' dir='ltr'><strong>habituri</strong></span> <span class='ocrx_word' id='word_1_814' title='bbox 2863 5461 3010 5518; x_wconf 92' lang='lat' dir='ltr'><strong>sunt,</strong></span> <span class='ocrx_word' id='word_1_815' title='bbox 3046 5451 3139 5521; x_wconf 88' lang='lat' dir='ltr'><strong>qui</strong></span> <span class='ocrx_word' id='word_1_816' title='bbox 3177 5448 3243 5503; x_wconf 85' lang='lat' dir='ltr'><strong>ad</strong></span> <span class='ocrx_word' id='word_1_817' title='bbox 3275 5449 3414 5503; x_wconf 89' lang='lat' dir='ltr'><strong>hanc</strong></span> 
     </span>
    </p>
   </div>
   <div class='ocr_carea' id='block_1_112' title="bbox 184 5537 1747 5620">
    <p class='ocr_par' dir='ltr' id='par_1_112' title="bbox 184 5546 1746 5620">
     <span class='ocr_line' id='line_1_112' title="bbox 184 5546 1746 5620; baseline -0.001 -20"><span class='ocrx_word' id='word_1_818' title='bbox 184 5546 499 5613; x_wconf 72' lang='grc' dir='ltr'>ἐλάσαντες,</span> <span class='ocrx_word' id='word_1_819' title='bbox 531 5549 608 5612; x_wconf 87' lang='grc' dir='ltr'><strong>ώς</strong></span> <span class='ocrx_word' id='word_1_820' title='bbox 631 5550 860 5620; x_wconf 74' lang='grc' dir='ltr'>ἀνδρεῖοί</span> <span class='ocrx_word' id='word_1_821' title='bbox 885 5568 943 5602; x_wconf 87' lang='grc' dir='ltr'><strong>τε</strong></span> <span class='ocrx_word' id='word_1_822' title='bbox 984 5549 1084 5620; x_wconf 71' lang='grc' dir='ltr'>ἤδη</span> <span class='ocrx_word' id='word_1_823' title='bbox 1108 5549 1200 5601; x_wconf 78' lang='grc' dir='ltr'><strong>καὶ</strong></span> <span class='ocrx_word' id='word_1_824' title='bbox 1231 5546 1623 5619; x_wconf 85' lang='grc' dir='ltr'>μαχιμώτατοι,</span> <span class='ocrx_word' id='word_1_825' title='bbox 1654 5547 1746 5600; x_wconf 76' lang='grc' dir='ltr'>καὶ</span> 
     </span>
    </p>
   </div>
   <div class='ocr_carea' id='block_1_113' title="bbox 1859 5537 3411 5620">
    <p class='ocr_par' dir='ltr' id='par_1_113' title="bbox 1859 5537 3411 5619">
     <span class='ocr_line' id='line_1_113' title="bbox 1859 5537 3411 5619; baseline -0.005 -18"><span class='ocrx_word' id='word_1_826' title='bbox 1859 5549 2070 5619; x_wconf 71' lang='lat' dir='ltr'><strong>gloriam</strong></span> <span class='ocrx_word' id='word_1_827' title='bbox 2090 5544 2665 5617; x_wconf 86' lang='lat' dir='ltr'><strong>pervenerint,quippe</strong></span> <span class='ocrx_word' id='word_1_828' title='bbox 2684 5545 2779 5615; x_wconf 91' lang='lat' dir='ltr'><strong>qui</strong></span> <span class='ocrx_word' id='word_1_829' title='bbox 2800 5544 3093 5614; x_wconf 88' lang='lat' dir='ltr'><strong>fortesjam</strong></span> <span class='ocrx_word' id='word_1_830' title='bbox 3115 5541 3244 5609; x_wconf 90' lang='lat' dir='ltr'><strong>sint,</strong></span> <span class='ocrx_word' id='word_1_831' title='bbox 3267 5547 3322 5596; x_wconf 88' lang='lat' dir='ltr'><strong>ct</strong></span> <span class='ocrx_word' id='word_1_832' title='bbox 3341 5537 3411 5595; x_wconf 85' lang='lat' dir='ltr'><strong>ad</strong></span> 
     </span>
    </p>
   </div>
   <div class='ocr_carea' id='block_1_114' title="bbox 256 5724 2790 5798">
    <p class='ocr_par' dir='ltr' id='par_1_114' title="bbox 256 5724 2790 5798">
     <span class='ocr_line' id='line_1_114' title="bbox 256 5724 2790 5798; baseline -0 -17"><span class='ocrx_word' id='word_1_833' title='bbox 256 5724 461 5781; x_wconf 73' lang='lat' dir='ltr'><strong>“Psal.</strong></span> <span class='ocrx_word' id='word_1_834' title='bbox 494 5741 684 5791; x_wconf 71' lang='lat' dir='ltr'><strong>xxxui,</strong></span> <span class='ocrx_word' id='word_1_835' title='bbox 723 5725 772 5780; x_wconf 91' lang='lat'><strong>8.</strong></span> <span class='ocrx_word' id='word_1_836' title='bbox 853 5728 893 5759; x_wconf 74' lang='grc'><strong>⁵⁷</strong></span> <span class='ocrx_word' id='word_1_837' title='bbox 926 5725 1112 5781; x_wconf 86' lang='lat' dir='ltr'><strong>Daniel</strong></span> <span class='ocrx_word' id='word_1_838' title='bbox 1146 5742 1243 5792; x_wconf 83' lang='lat' dir='ltr'><strong>vn,</strong></span> <span class='ocrx_word' id='word_1_839' title='bbox 1289 5726 1479 5795; x_wconf 75' lang='lat'><strong>10,15,</strong></span> <span class='ocrx_word' id='word_1_840' title='bbox 1511 5729 1594 5783; x_wconf 76' lang='lat' dir='ltr'><strong>li.</strong></span> <span class='ocrx_word' id='word_1_841' title='bbox 1672 5729 1714 5761; x_wconf 73' lang='grc'><strong>⁸⁸</strong></span> <span class='ocrx_word' id='word_1_842' title='bbox 1753 5729 1893 5785; x_wconf 85' lang='lat' dir='ltr'><strong>Psal.</strong></span> <span class='ocrx_word' id='word_1_843' title='bbox 1933 5743 2111 5797; x_wconf 80' lang='lat' dir='ltr'><strong>vam,</strong></span> <span class='ocrx_word' id='word_1_844' title='bbox 2137 5728 2222 5784; x_wconf 73' lang='lat'><strong>29.</strong></span> <span class='ocrx_word' id='word_1_845' title='bbox 2300 5728 2342 5761; x_wconf 82' lang='grc'><strong>⁶⁹</strong></span> <span class='ocrx_word' id='word_1_846' title='bbox 2373 5727 2506 5782; x_wconf 90' lang='lat' dir='ltr'><strong>Luc.</strong></span> <span class='ocrx_word' id='word_1_847' title='bbox 2554 5745 2660 5798; x_wconf 72' lang='lat' dir='ltr'><strong>XIV,</strong></span> <span class='ocrx_word' id='word_1_848' title='bbox 2699 5727 2790 5783; x_wconf 72' lang='lat'><strong>20.</strong></span> 
     </span>
    </p>
   </div>
  </div>
