3968 6300
517 297 624 355 515

1511 294 1566 351 S.
1604 296 1878 353 CYRELLI
1916 295 2387 355 ALEXANDRINI
2424 300 2739 358 ARCHI‘EP.

3657 296 3765 354 διεδ

520 423 753 480 pugnam
775 406 1189 477 promptissimi,
1231 416 1287 461 et
1319 422 1539 462 sensum
1569 410 1836 478 puerilem
1875 422 2098 479 supera-

2208 412 2539 483 μειρακιώδη
2586 415 2845 485 φρόνησιν
2890 411 3347 483 ὑπερϐεϐηκότες,
3396 413 3516 484 οὐχὶ
3551 413 3766 485 ἑκάστῳ

520 497 651 563 rint,
674 498 1106 563 nonne,Palladi,
1130 497 1379 568 quisquis
1398 498 1572 553 nostri
1608 499 1801 554 similis
1830 499 2016 563 fuerit,
2037 498 2089 552 ei

517 604 736 659 quoque
762 589 916 645 locus
937 589 1136 658 aliquis
1155 589 1541 659 descriptionis
1558 597 1614 644 et
1634 591 1821 660 gloria:
1838 591 2094 662 proprius

518 695 584 734 ac
638 680 840 735 decens
886 680 1198 745 conveniet,
1260 681 1354 751 qui
1392 695 1518 735 eum
1564 690 1838 751 gestarum
1906 696 2093 736 rerum

519 770 816 841 splendore
852 772 1200 841 coaaquctur?

590 861 784 915 PALL.
808 862 1021 916 Fateor.

494 986 507 995 -
588 950 746 1006 CYR.
774 952 961 1023 Neque
987 952 1133 1007 enim
1156 952 1213 1006 in
1251 962 1563 1007 sanctorum
1584 952 1956 1022 apostolorum
1984 966 2090 1005 nu-

521 1057 673 1097 mero
715 1059 959 1114 unquam
1019 1044 1128 1100 erit
1166 1044 1262 1115 qui
1303 1044 1526 1101 illorum
1572 1044 1859 1101 dissimilis
1895 1043 2090 1109 fuerit;

520 1134 764 1200 minime,
788 1135 1029 1206 inquam.

592 1226 789 1281 PALL.
812 1227 892 1282 Ita
927 1235 1030 1282 est.

592 1315 750 1372 CYR.
788 1317 977 1387 Neque
1015 1331 1146 1371 vero
1177 1315 1312 1370 illud
1344 1331 1538 1371 rursus
1573 1314 1891 1378 asserimus,
1927 1327 2093 1382 quem

522 1407 751 1475 gradum
779 1408 1015 1462 assecuti
1053 1414 1184 1463 sunt
1209 1408 1387 1462 sancti
1416 1407 1669 1462 homines
1689 1406 1749 1469 ii,
1788 1404 1884 1475 qui
1904 1403 2096 1458 multis

521 1498 787 1551 virtutum
810 1499 1104 1569 generibus
1127 1498 1375 1552 illustres
1400 1496 1695 1552 admodum
1744 1495 1987 1560 fuerint,
2030 1509 2095 1548 ac

521 1590 741 1645 vivendi
782 1591 1048 1646 rationem
1071 1591 1178 1662 legi
1198 1592 1399 1645 divina:
1418 1590 1652 1644 maxime
1671 1594 2093 1643 consentaneam

520 1679 809 1743 coluerint,
830 1681 1081 1735 eumdem
1115 1680 1344 1750 gradum
1382 1685 1758 1733 assecuturum
1788 1690 1914 1730 eum
1954 1693 2094 1746 quo-

2194 502 2304 555 τῶν
2345 504 2464 557 καθ’
2487 505 2633 574 ἡμᾶς
2677 504 2967 575 ἀρμόσειεν
3008 504 3110 569 ἂν,
3144 499 3188 558 ὦ
3234 504 3448 573 ἑταῖρε,
3485 503 3651 568 τόπος
3682 522 3767 569 τις

2197 593 2326 657 ἴδιός
2354 611 2415 648 τε
2458 595 2553 648 καὶ
2599 594 2824 665 πρέπων
2857 594 3185 666 ἀπογραφῆς
3222 594 3318 647 καὶ
3344 593 3522 664 δόξης,
3556 597 3622 665 τῇ
3655 595 3766 648 τῶν

2196 683 2488 755 δρωμένων
2524 685 2866 756 λαμπρότητι
2901 684 3407 756 συμμετρούμενος;

2271 864 2480 917 ΠΑΛΛ.
2510 864 2675 936 Φημί.
3594 907 3605 918 .

2267 954 2430 1008 ΚΥΡ.
2464 956 2538 1008 Οὐ
2570 955 2678 1026 γὰρ
2708 954 2766 1009 ἐν
2812 972 2876 1024 γε
2916 958 3029 1019 τοῖς
3074 955 3247 1024 ἁγίοις
3281 954 3595 1019 ἀποστόλοις
3621 955 3651 1008 ό
3690 952 3768 1025 μὴ

2198 1044 2319 1096 κατ’
2348 1044 2550 1108 αὐτοὺς
2570 1043 2721 1099 ἔσται
2752 1045 2935 1099 ποθέν·
2983 1044 3180 1099 πολλοῦ
3205 1062 3270 1114 γε
3297 1044 3391 1098 καὶ
3416 1044 3515 1098 δεῖ.

2264 1232 2473 1286 ΠΑΛΛ.
2526 1232 2768 1305 Ἀληθές.

2264 1324 2429 1378 ΚΥΡ.
2471 1322 2596 1378 Οὐδ’
2629 1322 2698 1380 αὖ
2728 1326 2902 1382 ἐκεῖνό
2939 1344 3138 1398 φαμεν,
3172 1327 3249 1391 ὡς
3291 1329 3403 1392 τοῖς
3436 1328 3577 1397 ἄγαν
3607 1328 3768 1384 ἐκλε-

2193 1410 2636 1483 λαμπρυσμένοις
2679 1415 2744 1467 ἐκ
2777 1413 3085 1479 πολυειδοῠς
3117 1417 3340 1486 ἀρετῆς,
3365 1418 3458 1471 καὶ
3484 1417 3598 1487 βίου
3632 1435 3768 1474 κατ-

2194 1501 2427 1572 όρθωσιν
2488 1501 2588 1572 τὴν
2665 1504 3047 1575 ὲννομωτάτην
3117 1506 3517 1575 ἐπησκηκόσιν,
3590 1511 3619 1561 ό
3689 1507 3767 1579 μὴ

2192 1587 2433 1654 τοιοῦτος
2463 1590 2871 1656 συντετάξεται,
2896 1593 3295 1666 κληρονομήσει
3327 1596 3383 1648 δὲ
3412 1596 3514 1664 ὅτι,
3538 1596 3680 1650 κατά
3706 1596 3767 1649 τὸ

2195 1678 2325 1733 ῐδιον
2352 1681 2550 1751 μέτρον
2565 1721 2581 1745 ,
2598 1683 2699 1734 οὐκ
2724 1683 3062 1753 ἀσυμφανές.

521 1786 629 1841 que
659 1771 753 1841 qui
791 1772 1016 1830 minime
1054 1772 1322 1841 ejusmodi
1372 1770 1571 1835 fuerit;
1610 1769 1705 1825 sed
1741 1783 1861 1824 eam
1905 1776 2087 1825 tamen
2126 1771 2313 1843 gloria:
2332 1774 2645 1843 portionem
2665 1775 3000 1842 habiturum,
3024 1793 3146 1847 quae
3186 1794 3299 1834 sua:
3351 1795 3621 1835 mensurae
3673 1796 3761 1836 τε·

519 1864 805 1933 spondeat,
829 1878 939 1917 non
958 1871 1042 1917 est
1061 1865 1377 1918 obscurum.

592 1952 787 2007 PALL.
832 1954 998 2007 Recte
1035 1953 1192 2008 dicis.

590 2043 747 2099 CYR.
778 2044 952 2114 Igitur
989 2045 1043 2098 in
1065 2060 1131 2099 eo
1168 2043 1316 2113 quod
1353 2042 1630 2098 credimus
1665 2042 1720 2096 in
1759 2041 2096 2098 Salvatorem

521 2136 906 2192 universorum
954 2153 1016 2192 ac
1054 2138 1498 2206 Redemptorem,
1538 2144 1596 2191 et
1628 2151 1728 2206 per
1763 2136 2096 2205 baptismum

522 2228 668 2284 illam
698 2229 916 2301 caelitus
934 2244 998 2283 ac
1027 2244 1268 2299 superne
1286 2228 1468 2283 datam
1490 2226 1870 2282 fortitudinem
1906 2242 2098 2282 conse-

523 2321 636 2373 cuti
695 2335 939 2384 sumus;
979 2320 1155 2374 induti
1220 2334 1457 2389 namque
1521 2334 1713 2373 sumus
1771 2317 1978 2373 virtute
2030 2333 2099 2372 ex

522 2411 633 2466 alto
665 2412 749 2477 ⁷ο,
791 2410 1039 2480 (Spiritu
1090 2410 1301 2465 scilicet
1347 2409 1519 2464 notati
1575 2416 1739 2487 atque
1791 2406 2093 2478 insigniti),

524 2509 752 2558 eatenus
772 2505 927 2558 relati
949 2519 1051 2559 nos
1064 2520 1282 2574 quoque
1316 2519 1509 2558 sumus
1528 2503 1585 2557 in
1626 2502 1989 2557 masculorum
2010 2517 2101 2555 or-

525 2592 710 2647 dinem
729 2609 793 2648 ac
811 2610 1123 2660 numerum,
1146 2605 1203 2650 et
1222 2596 1275 2650 in
1295 2596 1391 2650 Dei
1413 2595 1558 2650 libro
1592 2594 1868 2649 recensiti.
1890 2594 1988 2648 Est
2023 2601 2101 2648 ta-

527 2697 652 2736 men
674 2685 934 2739 nonnulla
955 2686 1045 2740 hic
1064 2701 1280 2756 quoque
1315 2684 1599 2740 distinctio
1622 2703 1635 2737 :
1660 2684 1822 2755 primi
1859 2698 2098 2753 namque

527 2773 932 2842 quodammodo
958 2776 1015 2830 in
1044 2777 1148 2831 hac
1196 2776 1565 2845 descriptione
1593 2775 1847 2831 collocati
1879 2783 2006 2830 sunt
2034 2790 2101 2830 ac

528 2862 775 2933 proxime
794 2864 862 2919 ad
882 2866 1055 2919 Deum
1098 2866 1373 2921 accedunt
1407 2866 1502 2935 qui
1525 2865 1849 2921 sacratiores
1879 2874 2007 2920 sunt
2037 2880 2103 2920 ac

527 2954 850 3010 sanctiores.
883 2954 1141 3022 Quamvis
1157 2957 1304 3012 enim
1326 2974 1434 3012 una
1457 2958 1530 3013 sit
1565 2955 1919 3012 inChristum
1942 2956 2098 3022 ﬁdes,

527 3061 637 3100 non
663 3061 854 3102 omnes
870 3053 1051 3102 tamen
1076 3048 1264 3103 ﬁdeles
1282 3065 1440 3117 pares
1458 3056 1585 3103 sunt
1628 3063 1843 3103 morum
1880 3062 1944 3102 ac
1976 3047 2103 3102 vitae

527 3147 757 3202 genere;
785 3133 879 3188 sed
903 3134 996 3189 alii
1036 3135 1258 3205 quidem
1277 3136 1379 3201 sic,
1409 3137 1502 3191 alii
1538 3152 1669 3192 vero
1689 3137 1787 3201 sic,
1826 3143 1887 3190 ut
1907 3136 2102 3191 beatus

527 3225 729 3281 Paulus
747 3227 907 3280 ait“.
947 3228 1118 3298 Igitur
1138 3229 1232 3298 qui
1266 3230 1391 3283 vita:
1419 3230 1684 3299 gravitate
1719 3228 1932 3284 caeteris
1958 3244 2099 3297 pra:-

2122 1960 2165 2015 B
2264 1952 2471 2007 ΠΑΛΛ.
2525 1950 2729 2027 Ὀρθῶς
2759 1954 2914 2024 ἔφης.

2269 2043 2434 2098 ΚΥΡ.
2468 2043 2700 2108 Οὐκοῦν,
2739 2043 2872 2098 καθὸ
2918 2043 3358 2115 πεπιστεύκαμεν
3404 2046 3486 2108 είς
3529 2043 3621 2098 τὸν
3655 2042 3770 2099 τῶν

2198 2135 2336 2189 ὅλων
2369 2136 2601 2208 Σωτῆρα
2621 2137 2717 2190 καὶ
2757 2136 3070 2208 Λυτρωτὴν,
3102 2136 3198 2190 καὶ
3222 2136 3309 2189 διά
3329 2136 3422 2190 τοῦ
3454 2134 3769 2205 βαπτίσμα-

2197 2245 2289 2291 τος
2310 2229 2411 2298 τὴν
2453 2228 2511 2295 ἐξ
2550 2226 2781 2299 οὐρανοῦ
2825 2228 3161 2283 καὶ-ἀνωθεν
3189 2229 3342 2298 ἰσχὺν
3383 2226 3766 2297 πεπλουτήκα-

2199 2335 2297 2389 μεν
2323 2334 2338 2349 ο
2399 2317 2769 2388 ὲνεδυσάμεθα
2803 2318 2912 2390 γὰρ
2957 2320 3057 2390 τὴν
3097 2319 3156 2385 ἐξ
3193 2318 3361 2389 ὕψους
3424 2319 3659 2389 δύναμιν
3686 2318 3773 2389 τῷ

2199 2410 2372 2481 ἀγίῳο
2415 2410 2947 2481 κατεσφραγισμένα
2987 2410 3285 2483 Πνεύματι,
3343 2411 3639 2482 τεθείμεϐα
3675 2412 3775 2466 καὶ

2201 2502 2364 2572 ἡμεῖς
2385 2502 2462 2566 ὡς
2490 2503 2547 2555 tv
2584 2502 2830 2573 ἀρσένων
2853 2503 3003 2568 τάξει
3025 2520 3085 2556 τε
3119 2504 3214 2558 καὶ
3240 2503 3405 2574 λόγῳ,
3428 2502 3525 2555 καὶ
3548 2503 3778 2556 κατελο-

2200 2594 2468 2665 γίσθημεν
2494 2594 2552 2673 ἐν
2596 2594 2762 2664 βίϐλῳ
2786 2594 2942 2649 Θεοῦ.
2978 2595 3122 2666 Πλὴν
3151 2595 3263 2648 ἔστι
3284 2613 3367 2659 τις
3403 2596 3631 2650 κάνθάδε
3661 2596 3778 2649 δια-

2201 2684 2361 2756 φορά.
2408 2684 2623 2755 Πρῶτοι
2665 2684 2775 2755 γάρ
2796 2683 2986 2755 ὥσπερ
3015 2686 3072 2738 tv
3112 2685 3442 2756 ἀπογραφῇ,
3474 2686 3570 2738 καί⁵
3597 2684 3776 2755 ἀγχοῦ

2200 2774 2335 2829 Θεοῦ
2384 2775 2584 2845 μᾶλλον
2628 2777 2677 2828 oi
2727 2774 3006 2846 ίερὼτεροί
3053 2791 3111 2827 τε
3155 2776 3251 2828 καὶ
3293 2771 3602 2846 ἁγιώτεροι.
3654 2773 3819 2828 Μίαν

2205 2867 2305 2938 μὲν
2335 2868 2367 2938 ή
2401 2867 2583 2930 πίστις
2626 2868 2660 2937 ἡ
2712 2868 2791 2930 είς
2832 2867 3085 2938 Χριστόν⁸
3118 2865 3291 2937 πλὴν,
3318 2867 3414 2936 οὐχ
3442 2867 3680 2928 ἅπαντες
3718 2868 3781 2918 oi

2202 2960 2625 3023 πεπιστευκότες
2652 2960 2712 3012 ὲν
2755 2959 2925 3030 ὁμοίῳ
2955 2960 3049 3013 καὶ
3091 2960 3189 3029 ῑσῳ
3217 2959 3405 3031 τρόπῳ
3448 2958 3507 3011 τέ
3538 2959 3644 3010 είσι
3677 2957 3785 3009 καὶ

2205 3052 2324 3125 βίῳ,
2349 3052 2463 3106 ἀλλ’
2495 3053 2545 3105 οἱ
2578 3052 2706 3122 μὲν,
2736 3051 2929 3115 οὕτως·
2958 3053 3007 3104 οἱ
3055 3051 3110 3104 δὲ
3148 3050 3339 3115 οὕτως,
3371 3048 3511 3104 κατά
3546 3049 3646 3121 τὴν
3674 3049 3779 3102 τοῦ

2205 3143 2476 3215 μακαρίου
2506 3142 2719 3196 Παύλου
2746 3144 2948 3213 φωνήν.
2976 3142 3203 3207 Οὐκοῦν,
3226 3143 3275 3195 οί
3309 3142 3405 3213 μὲν
3430 3140 3543 3211 βίου
3577 3139 3781 3209 σεμνό-

2202 3252 2326 3305 τητι
2369 3233 2729 3305 προῦχοντες,
2774 3234 3062 3305 ἀγιώτεροι
3107 3234 3165 3287 δὲ
3207 3233 3294 3287 διὰ
3336 3233 3514 3295 τοῦτο,
3547 3231 3782 3302 πρώτην

527 3325 692 3383 stant,
731 3318 965 3389 ideoque
1002 3327 1130 3374 sunt
1162 3321 1489 3386 sanctiores,
1531 3321 1771 3390 primum
1808 3319 1864 3373 in
1892 3318 2099 3374 descri-

2208 3302 2545 3395 tx'onatrt'hvv
2579 3325 2733 3391 τάξιν
2789 3327 2847 3377 tv
2896 3302 3190 3396 ἀπογραφῇ
3242 3327 3306 3395 τῇ
3361 3324 3513 3394 θείᾳ,
3566 3322 3662 3375 καὶ
3711 3323 3783 3376 ἐν

527 3409 715 3477 ptione
736 3411 920 3466 divina
939 3428 1004 3466 ac
1039 3412 1137 3468 Dei
1176 3413 1552 3467 monumentis
1575 3413 1755 3467 locum
1782 3419 2003 3466 tenent:
2048 3419 2099 3465 at

2208 3418 2389 3487 μνήμῃ
2446 3414 2603 3467 Θεοῦ·
2641 3419 2690 3469 oi
2735 3413 2792 3466 δὲ
2815 3415 2875 3467 τὸ
2916 3418 3063 3485 μεῖον
3116 3414 3348 3484 ἔχοντες,
3382 3415 3441 3466 tv
3482 3407 3781 3480 ἁγιασμῷ,

528 3499 583 3554 in
604 3502 806 3571 quibus
830 3504 1012 3558 minor
1031 3513 1116 3559 est
1129 3504 1410 3568 sanctitas,
1429 3519 1496 3559 eo
1516 3505 1635 3573 ipso
1653 3503 1797 3573 quod
1818 3502 2099 3557 inferiores

2208 3506 2287 3558 5ιά
2313 3506 2374 3559 τὸ
2419 3507 2568 3576 μεῖον
2599 3507 2654 3560 tv
2686 3506 2878 3577 ἀρετῇ,
2912 3504 3152 3576 δεύτεροί
3187 3522 3288 3560 που
3329 3505 3547 3567 πάντως
3588 3503 3686 3557 καὶ⁹
3714 3503 3787 3554 ὲν

527 3592 728 3649 virtute
750 3602 896 3657 sunt,
920 3595 1222 3649 secundum
1240 3596 1431 3664 procul
1453 3594 1621 3649 dubio
1643 3595 1702 3650 in
1723 3593 2105 3662 descriptioni-

528 3684 633 3739 bus
651 3685 832 3738 locum
851 3685 1121 3740 obtinent.
1904 3746 1911 3753 ,

602 3775 796 3830 PALL.
817 3775 924 3830 Sed
943 3791 1053 3844 qua
1073 3775 1283 3832 ratione
1323 3776 1431 3831 hoc
1455 3775 1588 3830 item
1635 3773 1791 3844 115
1830 3772 1948 3830 ﬁeri
1980 3788 2105 3843 per-

532 3867 784 3935 spicuum
804 3866 1018 3935 potest?

599 3957 756 4013 CYB.
786 3958 866 4013 Ab
889 3959 1006 4028 ipso
1029 3959 1289 4015 nimirum
1313 3959 1485 4030 ipsius
1503 3959 1800 4030 Scriptura:
1846 3960 2098 4021 testimo—

532 4049 664 4104 nio:
700 4065 877 4119 neque
904 4053 1050 4105 enim
1097 4051 1153 4106 id
1201 4058 1407 4107 temere
1463 4052 1735 4108 dicimus:
1792 4069 1915 4109 nam
1979 4062 2103 4124 post

533 4138 679 4192 illam
711 4140 1204 4205 enumerationem,
1263 4156 1373 4210 qua
1414 4141 1686 4196 masculos
1733 4148 1899 4211 atque
1937 4156 2099 4212 vege-

533 4231 691 4286 tioris
712 4232 889 4286 aetatis
919 4232 1167 4288 homines
1198 4235 1497 4299 recensuit,
1539 4233 1765 4288 modum
1807 4236 1969 4290 nobis
2013 4236 2096 4290 al-

533 4328 710 4375 terum
752 4319 1139 4392 descriptionis
1197 4323 1399 4379 iterum
1443 4323 1749 4393 designavit
1793 4325 1884 4380 ille
1910 4341 2099 4380 rerum

532 4409 913 4466 universarum
937 4412 1103 4469 Deus.
1128 4412 1181 4468 Is
1205 4421 1389 4468 autem
1413 4412 1682 4483 ejusmodi
1702 4422 1788 4469 est
1817 4433 1830 4468 :
1871 4434 1889 4465 ι
1922 4415 1992 4471 Et
2016 4415 2100 4468 lo-

464 4530 473 4535 -
530 4510 692 4557 cutus
714 4512 801 4558 est
823 4503 1090 4560 Dominus
1111 4505 1180 4560 ad
1213 4506 1435 4577 Moysen
1458 4504 1516 4559 in
1541 4505 1762 4560 deserto
1789 4506 1960 4571 Sinai,
2011 4506 2099 4559 di-

2202 3597 2575 3667 ἀπογραφαῖς.

2275 3774 2484 3828 ΠΑΛΛ.
2522 3772 2633 3827 Καὶ
2660 3773 2778 3835 πῶς
2816 3771 2882 3827 ἂν
2909 3771 3117 3839 γένοιτο
3147 3772 3240 3824 καὶ
3266 3769 3424 3824 τοῦτο
3455 3768 3627 3839 σαφές
3652 3786 3669 3836 ;

2272 3951 2437 4004 ΚΥΡ.
2480 3947 2615 4001 Ἀπὸ
2643 3963 2707 4014 γε
2736 3944 2844 3998 τῶν
2873 3940 3293 4014 Γεγραμμένων.
3326 3942 3483 3993 Ἔστι
3512 3943 3623 4014 γὰρ
3647 3943 3783 4012 ἡμῖν

2202 4046 2261 4098 οὐ
2293 4041 2531 4113 προαλὴς
2565 4041 2594 4093 ὁ
2621 4039 2777 4108 λόγος
2798 4054 2813 4070 ο
2852 4022 2988 4109 μετά
3021 4037 3128 4107 γάρ
3160 4053 3241 4090 τοι
3272 4037 3371 4105 τὴν
3396 4038 3781 4107 ὲπαρίομησιν

2201 4135 2267 4204 ἢν
2299 4133 2393 4186 ἐπὶ
2415 4134 2526 4195 τοῖς
2562 4131 2755 4202 ἄρρεσί
2788 4148 2848 4184 τε
2887 4130 2983 4184 καὶ
3019 4128 3408 4199 ἀκμαιοτάτοις
3440 4129 3743 4199 ἐποιήσατο
3765 4170 3779 4187 .

2201 4222 2398 4293 τρόπον
2427 4222 2558 4291 ἡμῖν
2582 4219 2768 4290 ἕτερον
2791 4217 3117 4289 ἀπογραφῆς
3139 4214 3391 4269 διετύπου
3425 4214 3585 4267 πάλιν
3614 4217 3641 4266 ό
3669 4215 3785 4267 τῶν

2200 4315 2333 4392 όλων
2364 4313 2517 4376 Θεός.
2551 4314 2705 4383 Ἔχει
2732 4312 2787 4366 δὲ
2811 4311 3003 4373 οὕτως·
3045 4328 3064 4361 ι
3113 4308 3373 4377 Ἐλάλησε
3407 4307 3610 4377 Κύριος
3637 4306 3783 4376 πρὸς

2201 4406 2407 4477 Μωσῆν
2451 4407 2510 4458 tv
2554 4408 2619 4476 τῇ
2654 4405 2847 4476 ἐρήμῳ
2870 4404 3000 4475 Σινᾷ
3030 4402 3223 4470 λέγων’
3270 4400 3595 4470 Ἑπίσκεψαι
3647 4400 3784 4463 τοὺς

2204 4499 2351 4559 υἱοὺς
2381 4497 2512 4550 Λευὶ
2545 4497 2664 4549 κατ’
2693 4495 2873 4557 οἴκους
2902 4494 3144 4563 πατριῶν
3176 4491 3374 4554 αὐτῶν,
3406 4489 3548 4543 κατά
3577 4506 3785 4557 συγγε-

531 4606 663 4646 cens
690 4609 705 4645 :
735 4591 976 4649 Numera
1022 4594 1163 4651 ﬁlios
1210 4596 1341 4651 Levi
1391 4610 1490 4665 per
1530 4596 1724 4651 domos
1771 4597 2099 4651 familiarum

2208 4587 2349 4647 νείας
2383 4583 2596 4649 αὐτῶν,
2642 4582 2784 4637 κατά
2813 4584 3037 4653 δήμους.
3074 4582 3189 4634 Πᾶν
3214 4578 3497 4649 ἀρσενικὸν
3524 4578 3632 4631 ἀπὸ
3666 4595 3784 4648 μη-

531 4693 775 4746 suarum,
804 4696 905 4751 per
930 4684 1286 4753 cognationes
1328 4700 1477 4750 suas,
1501 4700 1600 4755 per
1623 4685 1890 4755 populos;
1936 4700 2099 4741 omne

532 4768 896 4824 masculinum
913 4771 982 4825 ab
1006 4788 1116 4826 uno
1140 4787 1323 4827 mense
1344 4782 1401 4828 et
1445 4790 1610 4844 supra
1630 4775 1952 4829 numerabis
1976 4790 2094 4830 eos.

533 4859 940 4916 Etnumeravit
964 4878 1060 4916 eos
1086 4864 1297 4933 Moyses
1335 4871 1392 4918 et
1414 4863 1599 4919 Aaron
1632 4880 1730 4933 per
1785 4879 1974 4919 vocem
1997 4865 2103 4919 Do-

530 4950 688 5015 mini,
737 4952 1197 5019 quemadmodnm
1242 4955 1497 5025 praecepit
1540 4956 1622 5009 eis
1669 4954 1932 5009 Dominus
1973 4956 2037 5008 τ’.
2072 4974 2090 5006 ι

532 5040 644 5094 llac
668 5040 1037 5112 descriptione
1090 5043 1228 5098 facta
1280 5062 1378 5114 per
1413 5048 1645 5117 populos
1681 5055 1739 5100 et
1782 5061 1880 5114 per
1904 5045 2098 5099 domos

532 5130 886 5199 familiarum,
938 5141 1105 5190 totam
1167 5137 1429 5192 continuo
1473 5150 1742 5191 summam
1785 5133 1972 5199 infert,
2018 5134 2101 5188 di-

531 5236 695 5277 cens:
727 5241 745 5274 ι
767 5222 955 5281 Omnis
986 5229 1294 5284 numeratio
1326 5228 1563 5282 ﬁliorum
1607 5224 1761 5287 Levi,
1818 5239 1960 5292 quos
1991 5242 2099 5280 nu-

530 5315 761 5369 meravit
788 5316 997 5390 Moyses
1043 5328 1100 5375 et
1127 5319 1310 5376 Aaron
1363 5333 1462 5386 per
1506 5330 1691 5370 vocem
1746 5315 1963 5369 Domini
2006 5332 2104 5386 per

414 5452 417 5457 .
530 5405 763 5475 populos
789 5424 1001 5475 eorum,
1024 5426 1187 5465 omne
1210 5407 1573 5462 masculinum
1598 5406 1666 5461 ab
1689 5421 1799 5460 uno
1826 5421 2014 5460 mense
2046 5414 2104 5461 et

531 5510 716 5565 supra,
742 5499 851 5555 duo
874 5509 931 5556 et
967 5501 1157 5571 viginti
1191 5498 1359 5553 millia
1390 5500 1476 5552 7".
1511 5520 1528 5549 ι
1566 5500 1660 5554 llis
1692 5499 1834 5553 illico
1858 5498 2104 5569 adjnngit

608 5678 650 5707 "'
678 5676 807 5730 Luc.
843 5693 984 5739 xxn',
1022 5679 1105 5731 49.
1186 5677 1227 5710 ⁷⁸
1262 5677 1425 5733 lCor.
1450 5695 1541 5743 vn,
1568 5680 1617 5732 7.
1696 5682 1739 5712 "
1768 5680 1929 5735 Num.
1959 5697 1994 5745 ι,
2042 5681 2089 5744 I,
2114 5679 2166 5731 2.

2206 4676 2378 4728 νιαίου
2408 4675 2503 4729 καὶ
2532 4675 2717 4730 ἐπάνω
2758 4673 3029 4744 ἐπισκέψῃ
3056 4671 3271 4735 αὐτούς.
3296 4672 3405 4724 Καὶ
3431 4669 3786 4739 ἐπεσκέψατο

2207 4765 2403 4829 αὐτοὺς
2434 4766 2462 4818 ὁ
2488 4764 2690 4833 Μωσῆς
2735 4763 2832 4816 καὶ
2886 4761 3091 4832 Ἀαρὼν
3124 4760 3211 4815 διὰ
3242 4760 3425 4829 φωνῆς
3459 4758 3688 4829 Κυρίου,
3718 4760 3786 4813 δν

2204 4856 2402 4925 τρόπον
2428 4851 2711 4916 συνέταξεν
2731 4853 2911 4914 αὐτοῖς
2932 4852 3154 4922 Κύριος.
3186 4869 3204 4902 ι
3236 4849 3537 4920 Γενομένης
3556 4848 3612 4901 δὲ
3631 4848 3788 4901 οὕτω

2204 4946 2303 5016 τῆς
2339 4946 2665 5015 ἀπογραφῆς
2708 4942 2849 4997 κατά
2889 4943 3125 5013 δήμους,
3160 4944 3252 4996 καὶ⁵
3287 4943 3408 4994 κατ’
3444 4941 3625 5002 οἴκους
3663 4957 3786 4993 πα-

2202 5041 2389 5112 τριῶν,
2420 5040 2540 5094 ὅλον
2569 5038 2730 5101 εὐθὺς
2764 5038 2856 5091 τὸν
2889 5035 3211 5106 ἐκλογισμὸν
3251 5034 3522 5104 ἐπιφέρει,
3555 5032 3738 5100 λέγων
3767 5052 3781 5065 ·

2208 5153 2227 5184 ι
2271 5133 2430 5186 Πᾶσα
2454 5134 2488 5200 ἡ
2516 5129 2801 5200 ἐπίσκεψις
2827 5128 2935 5183 τῶν
2967 5128 3098 5181 υἱῶν
3128 5126 3281 5191 Λευὶ,
3307 5125 3400 5189 οὓς
3430 5124 3787 5192 ἐπεσκέψατο

2202 5225 2406 5294 Μωσῆς
2441 5223 2535 5276 καὶ
2574 5220 2780 5293 Ἀαρὼν
2807 5220 2894 5274 διὰ
2923 5220 3107 5289 φωνῆς
3147 5218 3351 5289 Κυρίου
3386 5218 3526 5271 κατά
3564 5215 3784 5287 δήμους

2204 5314 2401 5373 αὐτῶν.
2437 5315 2544 5367 πᾶν
2573 5310 2854 5381 ἀρσενικὸν
2883 5310 2989 5364 ἀπὸ
3024 5309 3272 5380 μηνιαίου
3306 5309 3396 5361 καὶ
3426 5308 3630 5371 ἐπάνω,
3660 5306 3788 5361 δύω

2205 5407 2297 5459 καὶ
2322 5406 2491 5457 εἴκοσι
2513 5403 2761 5474 χιλιάδες.
2777 5421 2794 5452 ι
2816 5401 3198 5457 Ἐπισυνάπτει
3215 5401 3272 5453 δὲ
3295 5399 3653 5471 παραχρῆμα,
3678 5399 3786 5452 καί

2205 5514 2356 5567 φησι’
2417 5517 2435 5548 ι
2499 5496 2608 5549 Καὶ
2657 5492 2774 5548 εἷπε
2832 5495 3033 5564 Κύριος
3077 5495 3211 5565 πρὸς
3271 5494 3494 5562 Μωσῆν,
3549 5490 3787 5559 λέγων’

2245 5679 2305 5709 ⁷⁸⁸
2346 5676 2505 5731 Num.
2551 5691 2645 5740 ιιι,
2687 5673 2778 5729 28.
