3968 6300
122 319 327 426 ,51⁸1

967 362 1053 419 DE
1087 363 1525 421 ADORATIONE
1563 365 1631 421 IN
1662 363 1930 423 SPIRITU
1969 364 2057 421 ET
2098 365 2464 425 VEBITATE.
2507 370 2633 425 LIB.
2670 371 2756 426 IV.

3359 372 3464 429 518

235 481 567 553 Ἐπίσκεψαι
599 481 705 536 πᾶν
730 470 1073 550 πρωτότοκον
1099 482 1265 551 ἄρσεν
1291 480 1400 534 τῶν
1422 481 1554 535 υἱῶν
1584 480 1798 553 Ἰσραὴλ

1903 491 1956 538 et
1978 484 2080 538 ait:
2117 504 2134 535 ι
2162 485 2230 539 Ει
2251 485 2468 541 locutus
2499 493 2583 539 est
2604 482 2869 539 Dominus
2902 482 2966 538 ad
2992 485 3210 557 Moysen
3232 486 3456 543 dicens:

220 573 331 627 ἀπὸ
361 573 614 644 μηνιαίου
643 571 737 626 καὶ
767 571 952 624 ἐπάνω
974 610 989 634 ,
1022 573 1116 625 καὶ
1149 570 1279 625 λάϐε
1306 570 1402 624 τὸν
1420 571 1656 643 ἀριθμὸν
1688 572 1790 624 αύ-

218 664 328 717 τῶν
358 663 420 728 ἐξ
450 664 713 733 ὀνόματος
741 704 757 730 ,
783 662 878 716 καὶ
908 661 1050 733 λήψῃ
1085 664 1208 726 τοὺς
1236 664 1467 727 Λευίτας
1506 663 1651 732 ἐμοὶ,
1684 661 1795 731 ἐγὼ

218 753 426 825 Κύριος
452 793 468 819 ,
502 755 623 807 ἀντὶ
676 755 893 808 πάντων
939 754 1047 807 τῶν
1091 753 1453 824 πρωτοτόκων
1497 754 1605 808 τῶν
1662 752 1794 805 υἱῶν

230 845 465 918 Ἰσραὴλ,
494 847 588 901 καὶ
616 846 683 899 τὰ
703 848 872 918 κτήνη
894 845 1000 900 τῶν
1022 846 1260 900 Λευιτῶν
1289 847 1411 899 ἀντὶ
1442 845 1661 900 πάντων
1686 843 1795 898 τῶν

217 940 582 1011 πρωτοτόκων
614 939 673 992 ὲν
714 939 827 1001 τοῖς
852 938 1071 1008 κτήνεσι
1098 935 1208 989 τῶν
1244 935 1371 990 υἱῶν
1418 936 1652 1008 Ἰσραήλ.
1687 936 1796 988 Καὶ

215 1028 564 1100 ἐπεσκέψατο
610 1027 816 1097 Μωσῆς
839 1064 856 1089 ,
901 1026 961 1079 ὃν
1007 1025 1206 1096 τρόπον
1254 1025 1555 1080 ἐνετείλατο
1591 1024 1795 1098 Κύριος

215 1121 372 1193 αὑτῷ
404 1121 500 1175 καὶ
529 1120 747 1190 ἐγένετο
778 1118 956 1173 πάντα
983 1118 1054 1172 τὰ
1085 1116 1409 1190 πρωτότοκα
1436 1117 1504 1171 τά
1529 1117 1795 1189 ἀρσενικὰ

215 1212 363 1266 κατὰ
390 1211 621 1283 ἀριθμὸν
652 1208 715 1276 ἐξ
742 1210 1007 1280 ὀνόματος
1039 1209 1149 1263 ἀπὸ
1184 1208 1436 1281 μηνιαίου
1466 1210 1562 1262 καὶ
1586 1208 1792 1275 ἐπάνω,

213 1306 284 1357 ὲκ
319 1304 421 1375 τῆς
450 1302 791 1372 ἐπισκέψεως
823 1301 1030 1367 αὐτῶν,
1067 1300 1160 1353 δύο
1205 1300 1300 1354 καὶ
1330 1299 1502 1353 εἴκοσι
1535 1300 1792 1370 χιλιάδες,

212 1398 366 1467 τρεῖς
398 1395 491 1450 καὶ
521 1393 896 1463 ἑϐδομήκοντα
939 1393 1033 1445 καὶ
1077 1391 1360 1445 διακόσιοι.
1408 1392 1519 1445 Καὶ
1566 1391 1794 1461 ὲλάλησε

210 1486 423 1557 Κύριος
452 1485 586 1557 πρὸς
611 1484 835 1553 Μωσῆν,
864 1483 1063 1551 λέγων·
1095 1482 1244 1536 Λάϐε
1276 1483 1401 1546 τοὺς
1423 1482 1651 1545 Λευίτας
1675 1483 1796 1536 ἀντὶ

214 1574 440 1628 πάντων
474 1573 581 1627 τῶν
615 1573 974 1645 πρωτοτόκων
1005 1571 1113 1625 τῶν
1146 1570 1277 1625 υίῶν
1325 1571 1563 1643 Ἰσραὴλ,
1603 1571 1697 1624 καὶ⁵
1726 1571 1796 1624 τά

211 1667 394 1737 κτήνη
443 1664 551 1719 τῶν
596 1664 839 1719 Λευιτῶν
875 1662 998 1716 ἀντὶ¹
1045 1662 1151 1716 τῶν
1190 1662 1406 1734 κτηνῶν
1451 1661 1650 1728 αὐτῶν,
1701 1663 1795 1715 καὶ

208 1756 433 1810 ἔσονται
465 1756 588 1828 ἐμοὶ
610 1758 658 1808 oi
688 1756 945 1809 Λευῖται·
982 1752 1093 1821 ἐγὼ
1127 1752 1366 1824 Κύριοςο
1413 1753 1508 1809 καὶ
1530 1752 1595 1806 τὰ
1626 1753 1794 1824 λύτρα

1894 574 2135 629 Numera
2174 591 2336 631 omne
2384 574 2810 647 primogenitum
2863 578 3167 631 masculum
3224 579 3459 634 ﬁliorum

1893 667 2058 723 Israel
2088 668 2158 722 ab
2184 684 2295 722 uno
2327 684 2517 724 mense
2542 677 2599 724 et
2627 683 2812 737 supra,
2846 678 2903 723 et
2942 669 3127 739 accipe
3167 688 3462 727 numerum

1893 772 2085 812 eorum
2108 772 2175 812 ex
2212 758 2454 823 nomine,
2490 767 2545 814 et
2598 759 2835 829 accipies
2896 758 3113 813 Levitas
3157 760 3293 814 mihi
3341 763 3462 833 (ego

1892 846 2176 921 Dominus)
2204 864 2305 919 pro
2326 849 2583 904 omnibus
2608 848 2986 920 primogenitis
3003 848 3241 904 ﬁliorum
3272 851 3459 916 Israel,

1892 943 1950 990 et
1996 938 2245 1008 jumenta
2287 938 2603 993 Levitarum
2642 954 2742 1008 pro
2784 939 3041 993 omnibus
3085 939 3464 1009 primogenitis

1887 1028 2263 1098 jumentorum
2287 1028 2524 1084 ﬁliorum
2547 1031 2733 1085 Israel.
2782 1030 2851 1085 Et
2881 1031 3191 1085 numeravit
3228 1031 3460 1102 Moyses,

1892 1119 2351 1188 quemadmodum
2383 1129 2718 1192 praeceperat
2739 1123 2791 1177 ei
2830 1123 3113 1188 Dominus,
3163 1138 3324 1178 omne
3346 1122 3462 1193 pri-

1892 1211 2229 1279 mogenitum
2254 1212 2311 1265 in
2372 1213 2501 1267 ﬁliis
2533 1214 2731 1280 Israel;
2772 1220 2829 1268 et
2850 1213 3078 1269 fuerunt
3107 1214 3293 1269 omnia
3351 1214 3464 1285 pri-

1892 1302 2168 1373 mogenita
2198 1305 2502 1359 masculina
2544 1305 2844 1360 secundum
2874 1321 3165 1360 numerum
3190 1321 3258 1359 ex
3280 1305 3461 1359 nomi—

1891 1407 1962 1446 ne
2012 1392 2081 1446 ab
2135 1408 2247 1447 uno
2320 1410 2509 1450 mense
2583 1402 2640 1450 et
2697 1410 2900 1464 supra,
2954 1412 3023 1451 ex
3082 1396 3462 1450 numeratione

1892 1495 2116 1549 eorum,
2178 1484 2370 1554 viginti
2425 1486 2536 1540 duo
2585 1485 2774 1550 millia,
2810 1495 2923 1541 tres
2979 1495 3035 1541 et
3093 1486 3458 1557 septuaginta,

1892 1577 1949 1624 et
1972 1571 2215 1625 ducenti.
2244 1572 2314 1626 Et
2336 1572 2554 1628 locutus
2591 1581 2676 1629 est
2706 1574 2971 1629 Dominus
3018 1575 3085 1629 ad
3139 1576 3357 1646 Moysen
3380 1575 3464 1631 di-

1892 1673 2061 1713 cens:
2096 1659 2295 1731 Accipe
2328 1662 2544 1718 Levitas
2571 1679 2670 1734 pro
2691 1665 2949 1719 omnibus
2988 1665 3370 1736 primogenitis
3398 1665 3462 1718 ﬁ-

1891 1749 2093 1804 liorum
2118 1751 2304 1818 Israel,
2335 1755 2652 1825 etjumenta
2690 1755 3006 1810 Levitarum
3056 1772 3157 1825 pro
3201 1756 3465 1826 jumentis

209 1845 385 1915 τριῶν
423 1845 517 1899 καὶ
547 1844 926 1916 ἑϐδομήκοντα
958 1842 1051 1897 καὶ
1079 1842 1368 1897 διακοσίων
1394 1843 1444 1896 οἱ
1476 1841 1794 1906 πλεονάζον-

1903 1855 2117 1896 eorum:
2150 1852 2207 1898 et
2243 1852 2410 1899 erunt
2434 1846 2569 1899 mihi
2591 1846 2795 1903 Levita:
2822 1847 2943 1919 (ego
2965 1848 3253 1918 Dominus)
3273 1858 3329 1905 et
3375 1861 3463 1903 re-

209 1954 310 1999 τες
346 1936 499 2006 παρὰ
543 1937 670 2000 τοὺς
710 1935 942 1998 Λευίτας
988 1934 1095 1989 ἀπὸ
1139 1935 1248 1988 τῶν
1296 1934 1654 2005 πρωτοτόκων
1685 1926 1793 1985 τῶν

1903 1930 2240 2001 demptiones
2274 1934 2441 1988 trium
2469 1942 2543 1990 -et
2593 1938 2935 2007 septuaginta
2969 1947 3024 1992 et
3074 1938 3460 2001 ducentorum,

212 2029 349 2098 υἱῶν
383 2027 603 2099 Ἰσραήλ
619 2042 632 2057 ·
666 2027 762 2081 καὶ
785 2026 1125 2098 λήψῃ’πέντε
1150 2026 1366 2088 σίκλους
1385 2027 1526 2080 κατά
1557 2024 1796 2093 κεφαλὰς

1903 2023 1989 2092 qui
2013 2034 2311 2094 supersunt
2338 2041 2502 2097 supra
2552 2026 2771 2082 Levitas
2793 2028 2861 2081 de
2892 2028 3275 2098 primogenitis
3327 2026 3467 2080 ﬁlio-

214 2116 360 2171 κατὰ
395 2117 461 2170 τὸ
512 2117 785 2189 δίδραχμα
814 2117 875 2170 τὸ
912 2116 1065 2187 ἅγιον
1088 2133 1101 2147 ·
1146 2116 1292 2189 λήψῃ
1344 2118 1547 2170 εἴκοσιν
1578 2115 1797 2179 ὀϐολοὺς

1903 2132 2020 2170 rum
2062 2117 2261 2184 Israel;
2290 2125 2341 2173 et
2368 2118 2604 2189 accipies
2654 2119 2898 2188 quinque
2934 2119 3098 2174 siclos
3138 2135 3237 2189 per
3281 2125 3464 2187 caput,

215 2207 312 2261 τοῦ
341 2207 526 2261 σίκλου
545 2246 561 2271 ,
589 2208 682 2261 καὶ
709 2207 899 2271 δώσεις
923 2207 985 2261 τὸ
1015 2205 1276 2278 ἀργύριον
1318 2206 1525 2278 Ἀαρὼν
1562 2205 1659 2259 καὶ
1686 2208 1795 2268 τοῖς

212 2299 355 2361 υἱοῖς
390 2296 557 2350 αὑτοῦ
579 2337 594 2362 ,
640 2296 811 2367 λύτρα
840 2296 948 2351 τῶν
995 2296 1395 2361 πλεοναζόντων
1429 2297 1488 2349 ὲν
1523 2296 1726 2360 αὐτοῖς.
1770 2312 1789 2345 ι

228 2388 319 2453 Ὦς
355 2386 490 2458 βαθὺ
531 2386 593 2440 τὸ
621 2386 810 2457 χρῆμα
842 2386 936 2439 καὶ
962 2386 1302 2455 δυσέφικτον,
1344 2379 1389 2439 ὧ
1422 2385 1709 2449 Παλλάδιε,
1736 2384 1798 2438 τὸ

216 2478 547 2549 προσϐαλεῖν
565 2476 845 2543 δύνασθαι,
875 2477 1017 2548 φημὶ
1039 2476 1103 2547 δὴ
1123 2478 1235 2539 τοῖς
1256 2469 1359 2530 ὧδε
1375 2475 1794 2546 διεσταλμένοις,

216 2569 433 2634 λεπτῶς
463 2585 523 2623 τε
551 2569 645 2623 καὶ
677 2567 938 2641 ἀκριϐῶς.

291 2745 500 2801 ΠΑΛΛ.
535 2740 608 2797 Εὖ
640 2744 840 2812 λέγεις’
882 2744 1061 2797 καθίει
1088 2743 1133 2798 δ’
1151 2738 1243 2798 οὗν
1270 2744 1419 2813 ὅμως
1443 2743 1532 2798 τὸν
1569 2742 1690 2796 νοῦν
1718 2743 1797 2806 εἰς

221 2836 483 2907 βάσανον,
517 2834 736 2908 Χριστῷ
764 2833 843 2906 τῷ
870 2835 1069 2900 παντὸς
1095 2833 1303 2903 ἀγαθοῦ
1331 2834 1518 2905 δοτῆρι
1554 2834 1794 2897 πίσυνος.

291 3011 458 3067 ΚΥΡ.
503 3011 668 3077 Σύνες
695 3012 781 3084 δὴ,
812 3013 892 3067 ὅτι
921 3013 980 3069 ἐν
1011 3014 1305 3085 ἀπογραφῇ
1339 3015 1405 3086 τῇ
1438 3013 1652 3085 πρώτῃ,
1675 2984 1799 3067 -πᾶν

223 3103 327 3173 μὲν
363 3098 434 3175 ἦν
465 3103 653 3175 ἄρσεν,
700 3106 795 3159 καὶ
823 3107 1127 3169 εἰκοσαετὲς
1167 3107 1229 3160 τὸ
1271 3106 1618 3178 ζητούμενον,
1647 3122 1802 3159 τουτ-

1891 2209 2044 2280 juxta
2072 2209 2392 2265 didrachma
2425 2218 2674 2265 sanctum
2708 2228 2722 2264 :
2761 2211 2999 2281 accipies
3029 2211 3227 2280 viginti
3275 2210 3468 2265 obolos

1897 2318 1997 2373 per
2020 2304 2237 2369 siclum,
2268 2314 2325 2359 et
2346 2305 2504 2360 dabis
2547 2315 2834 2376 argentum
2862 2306 3043 2360 Aaron
3076 2314 3133 2361 et
3163 2306 3289 2361 ﬁliis
3325 2309 3466 2378 ejus,

1897 2392 2306 2461 redemptiones
2374 2408 2566 2447 eorum
2619 2396 2715 2463 qui
2767 2404 3062 2464 supersunt
3114 2396 3171 2448 in
3229 2396 3311 2450 cis
3353 2396 3460 2449 ⁷³.»

1896 2471 2070 2548 Quam
2102 2483 2330 2539 minime
2378 2483 2434 2538 in
2466 2492 2729 2554 promptu
2787 2492 2892 2551 est,
2925 2486 3152 2549 Palladi,
3196 2501 3471 2556 quamque

1897 2573 2137 2639 difﬁcile,
2170 2590 2258 2630 res
2282 2584 2391 2629 tam
2419 2576 2570 2631 tenui
2595 2577 2892 2646 subtilique
2924 2577 3244 2632 discrimine
3270 2578 3468 2633 distin-

1899 2673 2016 2722 ctas
2042 2682 2203 2736 posse
2239 2667 2442 2721 intueri
2460 2671 2475 2721 l

1970 2756 2169 2813 PALL.
2196 2757 2361 2811 Recte
2387 2757 2526 2813 dicis
2553 2774 2566 2811 :
2600 2766 2782 2812 tamen
2804 2757 2977 2828 adjice
3014 2758 3276 2825 animum,
3319 2774 3471 2829 quaa-

1901 2864 1981 2914 so,
2009 2848 2076 2903 ad
2112 2863 2205 2902 eas
2232 2864 2320 2903 res
2343 2848 2740 2919 exquirendas,
2770 2848 2992 2904 Christo
3033 2849 3307 2905 bonorum
3350 2866 3472 2906 om~

1898 2942 2051 2996 nium
2076 2941 2266 2995 datore
2294 2940 2486 2996 fretus.

1976 3032 2136 3102 116
2163 3030 2323 3086 CYR.
2358 3030 2747 3086 Animadverte
2799 3031 2969 3102 igitur
3028 3049 3085 3086 ιιι
3150 3031 3334 3102 priore
3379 3031 3477 3086 de~

1899 3120 2195 3189 scriptione
2220 3134 2332 3173 non
2357 3119 2467 3173 nisi
2492 3119 2816 3183 masculum,
2848 3126 2905 3172 et
2949 3118 3043 3187 qui
3081 3125 3229 3171 esset
3277 3115 3473 3185 viginti

224 3195 347 3249 ἐστι
387 3194 452 3247 τὸ
476 3194 685 3266 ἔμφρον
710 3213 773 3248 τε
804 3197 897 3250 καὶ⁹
937 3196 1201 3267 ἀνδρεῖον,
1228 3197 1323 3250 καὶ
1361 3198 1419 3250 ὲν
1463 3197 1667 3266 ἀκμαῖς
1701 3195 1795 3250 τοῦ

1903 3225 2069 3265 annos
2122 3218 2303 3274 natus,
2359 3209 2604 3279 requiri,
2654 3208 2709 3261 id
2766 3218 2872 3273 est,
2930 3208 3024 3277 qui
3072 3215 3131 3261 et
3180 3205 3476 3276 prudentia

220 3285 481 3341 δύνασθαι
501 3287 816 3359 κατορθοῦν,
833 3287 869 3342 ἀ
894 3288 961 3342 ἂν
980 3287 1219 3358 βούλοιτο
1233 3288 1383 3351 Θεός.
1402 3287 1602 3357 Ἐχέτω
1612 3287 1668 3339 δὲ
1683 3286 1802 3350 ἃλις

220 3377 357 3447 ἡμῖν
375 3378 404 3429 ὁ
427 3375 556 3448 περὶ
578 3376 730 3430 τοῦδε
756 3375 932 3445 λόγος.
964 3377 1262 3448 Πεποίηται
1287 3375 1417 3447 γὰρ,
1467 3376 1543 3439 ὡς
1587 3371 1801 3446 ἐγῷμαι

220 3468 347 3523 λίαν
378 3468 743 3539 ἀποχρώντως
790 3468 948 3539 ἔχων.
988 3468 1086 3522 Ἕν
1117 3485 1183 3537 γε
1216 3468 1464 3522 ταυταινὶ
1507 3470 1629 3523 ταῖν
1648 3468 1802 3522 δυαῖν

221 3561 599 3632 ἀπογραφαῖν,
635 3559 778 3614 ἅπαν
805 3561 904 3630 μὲν
932 3559 1098 3628 ἄρσεν
1125 3554 1187 3613 τδ
1211 3562 1275 3613 ὲκ
1307 3559 1479 3629 φυλῆς
1507 3556 1659 3624 Λευτ,
1681 3560 1802 3621 ταῖς

223 3652 401 3717 θείαις
425 3668 487 3706 τε
520 3653 612 3705 καὶ
641 3653 810 3723 ἱεραῖς
830 3651 1144 3705 ὲντάττεται
1171 3650 1394 3722 ψήφοις.
1437 3651 1665 3718 Ἀπό⁶γε
1702 3649 1804 3718 τῆς

224 3744 419 3816 ἑτέρας
456 3742 723 3815 πληθύος,
757 3743 938 3796 οὐκέτι
986 3744 1094 3797 πᾶν
1139 3742 1305 3812 ἄρσεν
1342 3740 1549 3805 ἁπλῶς,
1580 3740 1716 3794 ἀλλὰ
1742 3739 1805 3792 τὸ

224 3835 591 3905 πρωτότοκον,
608 3835 715 3889 ἀπὸ
733 3833 979 3905 μηνιαὶου
1000 3832 1055 3887 δὲ
1071 3832 1289 3903 σύμπαν
1302 3832 1394 3887 καὶ⁵
1414 3833 1597 3887 ἐπάνω
1610 3833 1670 3886 τὸ
1683 3834 1805 3903 ἀρι-

227 3927 558 3999 θμούμενον.
587 3928 746 3997 Καὶὴ
776 3926 874 3997 μὲν
886 3926 993 3980 τῶν
1009 3924 1307 3979 Λευιτικῶν
1336 3925 1549 3997 βρεφῶν
1569 3916 1805 3995 ἀπαρίθὲ

231 4034 422 4088 μησις,
456 4016 551 4070 δύο
579 4016 674 4069 καὶ
696 4016 868 4069 εἴκοσι
893 4016 1131 4086 χιλιάδες
1147 4032 1161 4045 ο
1181 4017 1214 4086 ἡ
1238 4015 1295 4068 δὲ
1310 4015 1418 4069 τῶν
1447 4015 1804 4085 πρωτοτόκων

226 4107 324 4162 δύο
365 4108 461 4161 καὶ
504 4107 677 4160 εῐκοσι
711 4105 950 4176 χιλιάδες
987 4104 1084 4158 καὶ
1109 4109 1257 4176 τρεῖς
1295 4105 1390 4159 καὶ
1421 4105 1682 4159 διακόσιοι
1709 4105 1805 4158 καὶ

226 4197 624 4268 ἐϐδομήκοντα.
648 4191 782 4251 Εἶτα
807 4196 1050 4261 Θεσπίζει
1078 4197 1231 4260 Θεὸς,
1261 4197 1382 4251 ἀντὶ
1400 4196 1507 4249 τῶν
1531 4196 1805 4268 πρωτοτό-

228 4306 345 4342 κων
366 4290 492 4352 τοὺς
510 4287 741 4351 Λευίτας
760 4286 1106 4341 ἀνατίθεσθαι
1134 4289 1263 4340 δεῖν.
1306 4287 1521 4358 Ἐπειδὴ
1549 4286 1606 4339 δὲ
1634 4288 1806 4356 ὑπερ-

225 4380 427 4451 τεροῦν
450 4381 567 4450 ἦτοι
595 4378 876 4444 πλεονάζοι
905 4378 1123 4449 ἀριθμῶ
1147 4379 1208 4431 τὸ
1240 4379 1529 4450 δημοτικὸν
1556 4377 1805 4449 εὑρίσκε-

225 4487 367 4534 ται,
402 4469 698 4533 διακοσίαις
750 4470 1124 4541 ἑϐδομήκοντα
1177 4469 1273 4523 καὶ
1320 4471 1468 4540 τρισὶ
1520 4468 1805 4537 κεφαλαῖς,

224 4559 587 4616 δεδικαίωκεν
625 4564 653 4614 ό
695 4562 1008 4631 νομοθέτης,
1041 4561 1502 4632 προσκομίζεσθαι
1530 4562 1640 4614 δεῖν
1666 4561 1805 4630 ὑπὲρ

225 4653 418 4709 αὐτῶν
446 4652 515 4706 τὰ
536 4652 705 4724 λύτρα
726 4655 793 4724 τῇ
819 4652 958 4725 φυλῇ
973 4655 1039 4723 τῇ
1061 4654 1340 4722 Λευιτικῇ,
1367 4651 1441 4714 ὡς
1462 4652 1528 4705 ἂν
1547 4652 1641 4722 καὶ
1662 4651 1802 4721 ὑπὲρ
1848 4686 1853 4691 -

225 4746 415 4800 αὐτῶν
443 4744 675 4800 ποιοῖντο
703 4748 798 4809 τὰς
834 4744 1172 4814 λειτουργίας
1191 4784 1205 4806 ,
1241 4745 1336 4799 καὶ
1362 4744 1681 4815 ἀναιρέροιεν
1708 4744 1807 4807 τὰς

225 4837 533 4907 λατρείας,
607 4836 795 4907 μισθὸν
838 4835 1026 4905 ὥσπερ
1075 4835 1197 4888 τινὰ
1244 4834 1342 4906 τὴν
1395 4836 1806 4905 ἀπερισπάστου

229 4928 594 4999 προσεδρείας
626 4928 833 4981 τουτονὶ
856 4927 1213 4998 κομιζόμενος
1246 4928 1373 4996 παρ’
1399 4927 1595 4979 αὐτῶν.
1623 4928 1690 5016 ᾚ
1707 4926 1807 4979 οὐκ

228 5022 296 5074 ἐν
318 5019 530 5084 τούτοις
557 5020 662 5090 φὴς
683 5019 779 5090 τὴν
805 5019 910 5073 τῶν
944 5018 1318 5090 προκειμένων
1336 5019 1659 5092 ,περίνοιανς

1899 3308 2044 3356 esset
2066 3307 2125 3377 et
2149 3298 2474 3353 fortitudine
2493 3298 2757 3366 praeditus
2788 3305 2844 3349 et
2867 3297 3082 3350 viribus
3122 3296 3357 3349 maxime
3395 3293 3476 3349 vi-

1901 3396 2055 3460 geret
2083 3389 2152 3443 ad
2178 3404 2242 3443 ea
2294 3387 2646 3457 exsequenda
2683 3401 2806 3455 quae
2857 3386 3003 3439 Deus
3051 3385 3256 3439 vellet:
3289 3383 3385 3438 sed
3407 3382 3477 3439 de

1901 3479 2003 3533 hac
2032 3493 2091 3533 re
2128 3479 2422 3543 hactenus;
2463 3476 2597 3530 satis
2630 3475 2801 3539 enim,
2854 3482 2916 3528 ut
2948 3482 3102 3544 puto,
3135 3482 3219 3528 est
3256 3489 3284 3527 τι.
3315 3473 3478 3527 nobis

1900 3567 2129 3622 dictum.
2157 3567 2217 3623 In
2254 3566 2342 3621 his
2372 3579 2508 3619 vero
2542 3564 2760 3619 duabus
2803 3563 3273 3632 descriptionibus
3315 3576 3479 3617 omne

1900 3657 2123 3726 quidem
2149 3656 2513 3711 masculinum
2540 3672 2608 3711 ex
2635 3655 2784 3710 tribu
2810 3654 2943 3709 Levi
2966 3652 3173 3707 divinis
3198 3650 3478 3721 sacrisque

1901 3746 2174 3816 suﬁ‘ragiis
2187 3747 2478 3801 asciscitur
2495 3764 2508 3800 :
2526 3747 2596 3801 ab
2621 3747 2794 3801 altera
2818 3760 2950 3800 vero
2972 3743 3348 3806 multitudine,
3366 3756 3475 3796 non

1900 3852 2060 3892 omne
2113 3836 2475 3891 masculinum
2502 3836 2836 3906 promiscue,
2868 3834 2965 3889 sed
3004 3833 3430 3905 primogenitum
3462 3850 3476 3885 :

1902 3928 2037 3983 illud
2065 3937 2249 3983 tamen
2290 3927 2551 3982 omnibus
2581 3942 2876 3983 commune
2922 3935 3025 3990 est,
3080 3924 3228 3995 quod
3273 3924 3343 3978 ab
3369 3937 3480 3979 uno

1902 4034 2089 4073 mense
2114 4025 2170 4073 et
2186 4033 2351 4088 supra
2377 4016 2840 4072 recensentur.Ac
2863 4006 3232 4071 Levitieorum
3257 4015 3480 4083 quidem

1903 4123 2194 4180 puerorum
2208 4122 2418 4162 summa
2436 4106 2546 4161 duo
2572 4115 2629 4161 et
2652 4106 2847 4176 viginti
2870 4106 3041 4160 millia
3075 4102 3479 4172 complectitur;

1903 4208 1960 4254 at
2004 4198 2502 4269 primogenitorum
2553 4211 2767 4250 summa
2808 4194 2920 4247 duo
2964 4202 3019 4248 et
3065 4192 3261 4262 viginti
3310 4190 3482 4243 millia

1903 4300 2018 4345 tres
2045 4290 2270 4357 insuper
2292 4296 2349 4341 et
2366 4287 2636 4340 ducentos
2667 4283 3032 4353 septuaginta.
3084 4280 3292 4335 Deinde
3324 4279 3484 4349 jubet

1904 4382 2049 4435 Deus
2085 4380 2207 4433 loco
2233 4375 2727 4448 primogenitorum
2748 4372 2968 4427 Levitas
2989 4370 3093 4425 sibi
3146 4369 3339 4425 dicari.
3376 4370 3471 4423 γε.

1907 4487 2051 4535 rum,
2087 4469 2218 4539 quia
2246 4467 2527 4538 popularis
2556 4479 2757 4520 census
2795 4476 3029 4518 numero
3071 4459 3321 4531 superior
3362 4474 3483 4514 esse

1838 4545 1881 4599 θ
1912 4560 2311 4632 reperiebatur,
2348 4557 2739 4625 abundareque
2795 4554 3069 4623 capitibus
3110 4550 3362 4607 ducentis
3399 4566 3486 4606 sc-

1908 4653 2188 4723 ptuaginta
2208 4648 2587 4714 tribus,sanxit
2601 4647 2736 4717 legis
2756 4646 3094 4711 conditor,ut
3118 4646 3336 4699 illorum
3365 4643 3486 4699 vice

1908 4744 2083 4815 pretia
2116 4743 2184 4796 ad
2214 4741 2416 4795 tribum
2446 4739 2746 4794 chiticam
2774 4738 3142 4801 deferrentur,
3166 4745 3227 4789 ut
3248 4749 3347 4804 pro
3376 4734 3487 4788 illis

1907 4836 2090 4890 cultus
2122 4833 2338 4888 divinos
2370 4831 2715 4893 exhiberem,
2757 4838 2814 4884 et
2863 4827 3130 4883 sacriﬁcia
3180 4825 3484 4890 offerrent;

1908 4928 2010 4982 hac
2053 4926 2219 4982 veluti
2284 4922 2537 4979 mercede
2581 4922 2650 4977 ab
2696 4921 2804 4976 illis
2853 4926 3095 4988 accepta,
3127 4917 3401 4988 quonulla
3427 4931 3486 4970 re

1897 5019 2096 5075 divulsi
2148 5017 2523 5086 distractique,
2573 5012 2792 5069 assidue
2834 5010 3084 5080 religioni
3125 5009 3483 5065 deservirem.

227 5116 323 5172 An
371 5114 601 5169 minime
650 5113 842 5168 fateris
896 5114 985 5167 his
1048 5113 1235 5168 verbis
1284 5112 1529 5168 breviter
1578 5114 2039 5184 comprehensum
2061 5129 2182 5169 esse
2203 5110 2496 5182 propositae
2516 5106 2813 5177 Scriptura:
2844 5105 3105 5159 sensum?

308 5212 519 5265 ΠΑΑΔ.
546 5211 712 5281 Φημί.

310 5302 476 5355 ΚΥΡ.
514 5299 725 5354 Οὐκοῦν
755 5302 930 5355 ἐκεῖνο
956 5300 1066 5372 ἐρῶ
1092 5318 1106 5331 ·
1138 5300 1231 5354 καί
1263 5317 1352 5372 μοι
1392 5301 1549 5355 πάλιν
1596 5304 1626 5356 ὁ
1653 5301 1811 5369 λόγος

1962 5210 2187 5266 -PALL.
2209 5209 2431 5265 Fateor.

1986 5301 2143 5355 CYR.
2172 5297 2314 5352 Illud
2357 5295 2526 5365 igitur
2567 5291 2702 5349 mihi
2751 5290 3050 5347 dicendum
3108 5288 3349 5351 videtur,
3385 5300 3487 5341 nec

237 5389 339 5443 οὐκ
365 5389 475 5443 ἀπὸ
505 5388 711 5443 σκοποῦ
747 5388 1030 5458 βαδιεῖται,
1062 5390 1205 5444 κατά
1231 5406 1293 5459 γε
1321 5390 1383 5443 τὸ
1410 5391 1556 5453 εἰκὸς
1589 5391 1684 5445 καὶ
1712 5391 1800 5443 οὐκ

1917 5405 2038 5445 mea
2060 5387 2235 5443 oratio
2257 5402 2286 5440 a
2313 5382 2591 5455 proposita
2623 5397 2684 5436 re
2702 5382 3022 5447 eritaliena,
3055 5388 3325 5450 quatenus
3347 5390 3485 5430 con-

232 5480 522 5544 ἀπιθάνως
562 5479 713 5551 ἔχον
759 5481 855 5550 ἥτε
907 5480 1003 5550 μὲν
1032 5481 1143 5552 γὰρ
1187 5480 1404 5552 ἀνδρίας
1451 5498 1511 5534 τε
1550 5479 1686 5550 ὁμοῦ
1720 5482 1800 5534 καί

1916 5486 2180 5553 gruenter
2208 5487 2374 5546 atque
2400 5473 2763 5543 probabiliter
2808 5472 2917 5527 dici
2946 5472 3159 5541 possit:
3201 5467 3294 5521 ubi
3333 5466 3482 5521 enim

236 5574 555 5646 φρονήσεως
587 5571 688 5639 τῆς
720 5572 776 5624 ὲν
808 5571 1028 5642 Χριστῷ
1058 5573 1353 5643 νοουμένης
1382 5572 1690 5645 ἀνάμνησις
1721 5568 1800 5642 ἦν,

1920 5566 2267 5625 fortitudinis
2285 5563 2445 5619 simul
2467 5569 2523 5615 et
2544 5560 2870 5629 prudentize,
2909 5575 3030 5628 qua:
3062 5558 3117 5611 in
3137 5556 3357 5611 Christo
3391 5553 3478 5606 in—

236 5666 335 5719 καὶ
357 5665 434 5729 ὡς
453 5668 514 5719 ὲν
538 5664 697 5732 τύπῳ
732 5663 976 5734 ζήτησις,
1025 5665 1376 5737 ἀπεγράφετο
1406 5665 1464 5717 τὸ
1498 5666 1684 5735 ἄρσεν,
1714 5666 1800 5717 οὐ)

1918 5660 2203 5729 tclligitur,
2226 5653 2434 5710 mcntio
2456 5650 2843 5720 ﬁebat,'_atquc,
2877 5649 3012 5703 utin
3038 5647 3229 5716 ﬁgura,
3259 5646 3486 5715 qttmstlo

238 5781 287 5815 "
308 5781 468 5838 Num.
505 5794 588 5843 ιιι,
618 5776 683 5832 i0
711 5792 856 5848 seqq.
