3968 6300
488 317 596 377 319

1474 322 1530 379 S.
1570 322 1844 383 CYRILLI
1882 324 2350 382 ALEXANDRINI
2383 325 2700 382 ARCIIIEP.

3053 248 3122 262 ’.ν
3147 249 3156 255 '

3629 325 3738 384 390

490 449 630 502 erat,
685 443 798 490 tum
855 437 1270 495 describebatur
1314 442 1654 498 masculinus
1712 459 1878 500 sexus
1908 484 1922 509 ,
1967 443 2062 514 qui

2172 445 2344 515 ἀφανῆ
2382 444 2479 516 τὴν
2520 443 2612 497 τοῦ
2663 443 2911 514 σώματος
2962 443 3174 513 ἡλικίαν
3207 443 3350 513 ἔχον.
3412 445 3632 515 Ἐπειδὴ
3673 448 3734 501 δὲ

492 528 639 584 haud
663 526 940 584 imbecilla
963 539 1108 587 esset
1132 532 1379 603 corporis
1413 540 1596 589 aetate.
1629 533 1738 590 Sed
1762 536 1892 605 quia
1923 549 2061 606 pra:-

492 628 643 674 terea
676 635 816 690 opus
840 628 960 676 erat
983 621 1132 676 illam
1157 638 1376 692 quoque
1440 623 1890 694 descriptionem,
1941 639 2064 696 quae

491 726 589 780 per
613 710 772 765 ﬁdem
797 719 854 766 et
880 712 1204 768 charitatem
1230 714 1287 767 in
1311 712 1592 769 Christum
1625 714 1707 780 ﬁt,
1759 725 1946 785 aperte
1985 715 2062 770 si—

493 799 764 870 gniﬁcari,
797 800 957 855 simul
994 801 1396 872 comprehenso
1423 803 1518 858 illo
1546 803 1892 871 discrimine,
1912 806 2062 876 quod

493 892 550 946 in
579 891 646 947 iis
678 891 773 962 qui
821 891 1057 946 credunt
1100 893 1451 964 perspicitur,
1486 911 1555 950 ex
1604 895 1806 965 quibus
1859 897 1952 951 alii
1981 898 2062 952 εὶς-

494 985 609 1038 mul
659 993 821 1054 atque
865 983 1031 1038 ﬁdem
1068 992 1420 1055 acceperunt,
1468 986 1640 1042 sacris
1689 987 1952 1057 operibus
1999 1002 2064 1044 ac

495 1073 589 1130 Dei
621 1076 901 1146 obsequiis
941 1077 1285 1142 incumbunt,
1318 1076 1413 1132 alii
1444 1091 1503 1132 se
1528 1093 1640 1132 non
1680 1077 1922 1149 integros
1950 1079 2067 1134 Deo

493 1165 699 1232 dicant,
739 1168 836 1222 sed
864 1168 1027 1223 divisi
1051 1177 1199 1234 sunt,
1227 1183 1292 1224 ac
1313 1169 1397 1224 sui
1430 1176 1643 1239 partem
1689 1172 1857 1227 rebus
1898 1187 2066 1228 saecu-

494 1257 706 1312 laribus
746 1258 1036 1326 tribuunt;
1080 1275 1147 1314 ea
1205 1259 1274 1315 de
1324 1275 1490 1315 causa
1515 1261 1641 1331 jure
1689 1262 1898 1332 optimo
1931 1263 2069 1334 legis

494 1348 747 1404 conditor
770 1365 984 1404 sacrum
1010 1350 1146 1405 illud
1171 1351 1457 1406 hominum
1482 1334 1804 1419 discrimen,
1829 1353 1977 1424 quod
2009 1355 2068 1409 iu

494 1456 697 1512 genere
731 1440 977 1496 Levitico
1007 1451 1266 1513 tanquam
1305 1445 1361 1497 in
1388 1443 1563 1516 ﬁgura
1611 1445 1957 1516 intelligitur,
2008 1457 2071 1503 ut

495 1533 654 1587 alteri
697 1532 1055 1598 anteferatur,
1081 1534 1283 1605 jussit;
1309 1533 1661 1605 primumque
1695 1536 1878 1591 locum
1904 1545 1966 1591 ut
2011 1537 2070 1590 in

495 1624 862 1695 descriptione
891 1633 1092 1691 teneat,
1115 1625 1541 1695 imperavit.llae
1565 1627 1633 1682 de
1649 1643 1812 1682 causa
1829 1628 2070 1698 primum

498 1715 728 1770 Levitici
770 1717 990 1786 generis
1019 1717 1354 1772 mentionem
1379 1716 1528 1772 fecit.
1571 1716 1832 1788 Sequitur
1859 1727 2067 1782 autem,
2125 1761 2127 1764 .

2170 533 2305 606 πρὸς
2316 532 2525 598 τούτοις
2550 533 2717 605 ἐχρῆν
2744 534 2838 586 καὶ
2860 532 2957 604 τὴν
2979 532 3054 596 ὡς
3073 533 3130 586 ὲν
3143 533 3324 586 πίστει
3352 549 3414 586 τε
3433 535 3526 587 καὶ
3547 535 3737 610 ἀγάπῃ

2167 625 2235 694 τῇ
2286 625 2366 688 εἰς
2400 623 2632 692 Χριστὸν
2663 622 2960 694 γενομένην
2992 624 3322 694 ἀπογραφὴν
3362 618 3428 676 εὗ-
3456 624 3602 694 μάλα
3633 642 3736 678 κα-

2165 731 2303 787 ταση
2312 715 2614 786 μαίνεσθαι,
2631 714 3124 786 συμπεπλεγμένης
3135 715 3413 786 διαφορᾶς,
3429 715 3495 786 ἦν
3507 717 3584 780 ὡς
3599 716 3656 769 ἐν
3678 733 3737 786 γε

2166 814 2278 875 τοῖς
2330 811 2676 866 πιστεύουσιν
2708 811 2854 864 ἐστιν
2902 811 3049 864 ίδεῖν.
3087 812 3148 864 Ol
3183 811 3279 881 μὲν
3318 813 3447 882 γὰρ,
3477 813 3615 881 όμοῦ
3657 811 3738 882 τῷ

2170 900 2568 972 παραδέχεσθαι
2595 901 2694 970 τὴν
2720 901 2918 964 πίστιν,
2948 901 3041 954 καὶ
3063 901 3122 953 τὸ
3151 901 3210 954 ἑν
3231 901 3411 972 ἔργοις
3447 902 3614 972 ἱερὸν,
3642 904 3738 955 καὶ

2167 990 2266 1062 τὴν
2316 991 2420 1044 ὑπὸ
2461 991 2580 1061 θεῷ
2624 991 2864 1045 δουλείαν
2918 990 3367 1062 ἐπιτηδεύουσιν·
3423 993 3472 1045 oi
3530 992 3588 1045 δὲ
3636 994 3736 1062 οὐχ

2165 1082 2455 1153 ὀλόκληρον
2499 1082 2775 1136 ποιοῦνται
2823 1083 2923 1155 τὴν
2966 1082 3303 1154 ἀφιέρωσιν,
3346 1084 3740 1155 μεμερισμένοι

2168 1173 2306 1244 πρὸς
2336 1175 2406 1228 τὰ
2454 1176 2511 1228 ἐν
2560 1175 2748 1246 κόσμῳ
2773 1191 2787 1205 ·
2817 1173 2991 1247 ταύτῃ
3015 1191 3098 1226 τοι
3130 1173 3354 1237 δικαίως
3385 1177 3414 1227 ό
3439 1174 3738 1245 νομοθέτης

2169 1263 2539 1334 προτιμᾶσθαι
2567 1263 2796 1334 θατέρου
2845 1264 3056 1317 κελεύει
3085 1264 3144 1318 τὺ
3182 1264 3346 1334 ἱερὸν,
3379 1265 3455 1328 ὡς
3497 1264 3555 1319 ἀν
3580 1266 3740 1335 τύπῳ

2169 1355 2460 1424 νοούμενον
2485 1355 2634 1424 γένει
2662 1354 2741 1426 τῷ
2767 1353 3036 1424 Λευιτικῷ
3059 1373 3069 1385 ·
3101 1356 3192 1408 καὶ
3220 1355 3311 1410 τὸν
3346 1355 3562 1426 πρῶτον
3592 1356 3680 1427 ἔχε
3691 1374 3738 1410 ιν

2169 1448 2226 1500 ἑν
2259 1449 2574 1518 ἀπογραφῇ,
2607 1446 2940 1518 προστέταχε
2968 1446 3150 1499 τόπον.
3180 1445 3404 1518 Πρώτου
3435 1447 3498 1517 δὴ
3523 1445 3616 1500 οὖν
3649 1448 3741 1501 διὰ

2169 1535 2325 1589 τοῦτο
2361 1535 2687 1607 μνημονεύει
2715 1534 2812 1589 τοῦ
2835 1534 3141 1600 Λευιπκοῦ,
3168 1536 3359 1588 ἕπεται
3389 1535 3446 1590 δὲ
3475 1536 3623 1607 αὐτῷ
3644 1539 3739 1590 καὶ

2173 1625 2537 1697 παρέζευκταί
2569 1624 2698 1690 ’πως
2722 1666 2737 1692 ,
2765 1627 2827 1678 τὸ
2853 1626 3016 1696 ἄρσεν
3041 1643 3102 1678 τε
3135 1626 3228 1678 καὶ
3271 1626 3330 1678 τὺ
3360 1628 3700 1697 πρωτότοκον
3721 1666 3737 1682 .

2185 1718 2563 1788 Ἐκτετίμηται
2595 1718 2706 1789 γὰρ
2737 1717 2888 1788 παρά
2914 1715 3031 1787 Θεῷ
3057 1716 3196 1782 λίαν,
3231 1717 3290 1770 τὸ
3329 1717 3404 1780 ὡς
3435 1719 3497 1771 ὲν.
3520 1718 3742 1789 ἀνδρείᾳ

500 1805 691 1876 illique
724 1807 981 1877 adjuncta
1009 1815 1095 1862 est
1144 1809 1515 1864 masculorum
1553 1825 1616 1864 ac
1675 1810 2070 1881 primogenito-

2174 1810 2238 1879 τῇ
2293 1798 2634 1881 πνευματικῇ
2685 1809 2780 1864 και
2834 1811 2892 1863 ἐν
2944 1809 3268 1880 συμμορφίᾳ
3311 1810 3617 1881 νοούμενον,
3671 1813 3739 1881 τῇ

497 1911 624 1952 rum
652 1899 921 1952 recensio.
963 1900 1120 1969 117
1150 1899 1372 1955 Etenim
1397 1899 1455 1954 in
1489 1901 1671 1970 pretio
1718 1900 1864 1970 apud
1893 1902 2071 1956 Deum

497 1990 733 2044 estillud
767 1991 1050 2068 hominum
1081 2007 1276 2062 genus,
1312 1992 1459 2061 quod
1506 2001 1765 2063 tanquam
1797 1993 2071 2064 spirituali

498 2081 820 2137 fortitudine
848 2083 1158 2152 praeditum,
1189 2091 1244 2138 et
1273 2083 1516 2148 Christo,
1543 2086 1636 2154 qui
1683 2093 1768 2139 est
1791 2087 2070 2156 primoge—

496 2173 666 2240 nitus,
695 2173 974 2229 conforme
1004 2184 1300 2244 spectatur.
1330 2175 1518 2244 Itaque
1542 2175 1736 2230 beatus
1778 2176 1979 2231 Paulus
2003 2177 2072 2231 ad

497 2266 786 2335 quosdam,
813 2268 905 2337 qui
934 2267 1309 2321 claudicarent
1330 2267 1476 2321 circa
1507 2267 1689 2332 ﬁdem,
1719 2275 1775 2322 et
1824 2268 1881 2323 in
1914 2267 2071 2339 frigi—

497 2359 595 2412 das
619 2359 912 2428 opiniones
958 2358 1258 2412 cﬁ‘eminati
1311 2365 1517 2421 essent,
1569 2358 1794 2412 scribit:
1841 2379 1858 2409 ι
1891 2359 2072 2414 Filioli

496 2450 626 2514 mei,
652 2465 789 2518 quos
810 2451 1010 2503 iterum
1037 2449 1308 2520 parturio,
1363 2449 1542 2502 donec
1589 2448 1861 2504 formetur
1905 2449 2072 2505 Chri-

451 2595 456 2600 ,
495 2549 614 2595 stus
649 2541 706 2594 in
727 2541 885 2595 vobis
900 2539 988 2593 "'.
1012 2559 1030 2590 ι
1060 2539 1387 2594 Admittitur
1409 2553 1542 2609 ergo
1593 2539 1652 2593 in
1690 2539 1788 2594 Dei
1838 2540 2071 2607 librum,

495 2628 748 2697 quisquis
792 2628 1191 2698 primogenitus
1247 2628 1433 2694 fuerit,
1488 2636 1551 2682 ut
1595 2629 1691 2698 qui
1739 2629 1810 2684 sit
1849 2629 2075 2687 Christo

495 2716 795 2771 conformis
828 2733 840 2769 :
889 2718 1165 2772 masculus
1196 2716 1330 2772 item
1377 2726 1434 2773 et
1467 2718 1760 2788 prudentia
1818 2727 2066 2776 ornatus.

496 2808 635 2862 lllud
656 2824 788 2863 vero
818 2807 1420 2875 animadvertasvelim,
1448 2810 1519 2865 ab
1563 2811 1688 2865 aliis
1717 2810 1940 2881 quidem
1969 2813 2070 2866 tri-

498 2901 700 2966 bubus,
740 2910 801 2954 ut
824 2901 988 2956 modo
1022 2900 1158 2966 dixi,
1183 2916 1298 2956 non
1324 2916 1543 2957 omnem
1581 2903 1883 2957 masculum
1917 2903 2074 2956 nullo

384 3013 395 3019 -
496 2989 813 3044 discrimine
839 2989 1136 3054 recenseri,
1153 2991 1249 3045 sed
1271 2990 1448 3046 solum
1473 2993 1899 3062 primogenitum
1925 3009 1939 3045 :
1969 3008 2069 3047 ne—

2173 1899 2312 1953 κατά
2345 1900 2598 1969 Χριστὸν,
2642 1902 2701 1964 ὅς
2728 1902 2843 1953 ἔστι
2868 1901 3234 1971 πρωτότοκος.
3271 1901 3383 1954 Καὶ
3415 1901 3542 1970 γοῦν
3571 1905 3598 1956 ὀ
3624 1903 3747 1955 θεσ-

2171 1988 2356 2051 πέσιος
2387 1988 2596 2053 Παῦλος
2624 1990 2928 2044 ἐπιστέλλει
2955 1991 3066 2043 τισὶ
3096 1992 3206 2044 τῶν
3243 1989 3578 2054 ὀκλαζόντων
3611 1994 3742 2065 περὶ

2169 2079 2269 2150 τὴν
2304 2080 2507 2147 πίστιν,
2531 2081 2625 2134 καὶ
2650 2083 2728 2146 είς
2751 2082 2961 2147 ἐννοίας
2982 2082 3737 2156 ψυχρὰς-ὲκτεθηλυμμένων·

2177 2191 2196 2224 ι
2237 2172 2435 2225 Τεκνία
2481 2189 2608 2242 μου,
2652 2173 2744 2238 ob;
2778 2175 2940 2228 πάλιν
2963 2173 3167 2242 ὠδίνω,
3195 2175 3353 2246 ἄχρις
3381 2170 3441 2230 οὗ
3481 2176 3742 2247 μορφωθῇ

2171 2265 2405 2338 Χριστὸς
2435 2266 2496 2318 ἐν
2521 2265 2668 2337 ὑμῖν.
2703 2286 2721 2318 ι
2749 2267 2946 2331 Δεκτὸς
2970 2263 3065 2322 οὖν
3083 2269 3189 2338 ἄρα
3210 2270 3300 2320 καὶ
3330 2270 3389 2319 ἐν
3416 2266 3586 2335 βίῦλῳ
3608 2267 3748 2320 Θεοῦ

2172 2358 2302 2420 πᾶς,
2325 2359 2354 2409 ό
2379 2356 2455 2420 ὡς
2469 2359 2527 2410 ὲν
2563 2357 2839 2428 μορφώσει
2866 2361 2933 2428 τῇ
2958 2359 3098 2412 κατά
3118 2356 3344 2429 Χριστὸν
3375 2357 3746 2427 πρωτότοκος,

2170 2447 2346 2519 ἄρσην
2367 2465 2426 2500 τε
2459 2449 2551 2501 καὶ
2579 2448 3036 2520 ἐμφρονέστατος.
3079 2450 3356 2520 Ἐπιτήρει
3384 2449 3439 2501 δὲ
3461 2449 3543 2500 ὅτι
3575 2448 3748 2501 καθά-

2173 2555 2277 2610 περ
2317 2537 2452 2608 ἔφην
2484 2538 2704 2609 ἀρτίως,
2744 2540 2851 2593 ἀπὸ
2885 2541 2984 2610 μὲν
3011 2540 3120 2593 τῶν
3158 2540 3513 2610 ὲτεροφύλων,
3541 2540 3601 2592 οὐ
3636 2541 3753 2592 πᾶν

2171 2630 2335 2701 ἄρσεν
2366 2632 2548 2695 ἁπλῶς
2577 2631 2912 2703 ἐναρίθμιον,
2940 2633 3075 2686 ἀλλά
3097 2633 3257 2702 μόνον
3287 2633 3348 2685 τὸ
3377 2633 3742 2704 πρωτότοκον·

2171 2719 2230 2773 οὐ
2261 2721 2368 2792 γάρ
2395 2739 2478 2774 τοι
2515 2722 2622 2784 πᾶς
2653 2721 2939 2792 ἄνθρωπος
2985 2723 3042 2774 ὲν
3072 2721 3253 2774 πίστει
3283 2722 3615 2794 διαπρεπὴς,
3647 2725 3749 2776 καὶ

2170 2812 2230 2864 ὲν
2261 2813 2582 2884 συμμορφία
2620 2814 2690 2884 τῇ
2730 2812 2874 2867 κατά
2906 2814 3164 2885 Χριστὸν,
3199 2814 3384 2868 πολλοὶ
3433 2815 3540 2884 γὰρ
3569 2816 3619 2868 οἱ
3669 2816 3748 2885 μὴ

2171 2901 2588 2967 πιστεύσαντες,
2625 2901 2973 2971 ἀνάγραπτον
3007 2903 3063 2956 δὲ
3100 2904 3194 2957 καὶ
3224 2904 3280 2956 ὲν
3310 2904 3527 2975 ἀριθμῷ
3583 2906 3753 2974 μόνον

2168 2990 2284 3043 ἐστὶ
2298 2990 2357 3043 τὸ
2371 2991 2734 3060 πρωτότοκον,
2752 2990 2841 3044 διὰ
2854 2990 2942 3044 τὸν
2958 2993 3016 3043 ὲν
3033 2992 3165 3062 ἡμῖν
3182 2993 3543 3062 πρωτότοκον,
3567 2994 3662 3047 καὶ
3689 2997 3748 3046 ἐν

495 3098 604 3150 que
655 3081 804 3136 enim
847 3096 1039 3137 omnes
1094 3081 1346 3136 homines
1383 3081 1490 3137 ﬁde
1543 3082 1785 3153 insignes
1815 3094 1962 3147 sunt,
2013 3093 2070 3140 et

2172 3079 2387 3144 πολλοῖς
2409 3079 2678 3148 ἀδελφοῖς.
2705 3081 2884 3134 ’Ἀπαν
2909 3081 2964 3134 δὲ
2986 3081 3153 3152 ἄρσεν
3177 3083 3363 3145 ἀπλῶς
3388 3084 3479 3137 καὶ
3500 3083 3753 3154 ἀδιακρί-

495 3172 715 3227 Christo
746 3172 1090 3240 conformes;
1155 3181 1285 3228 sunt
1314 3174 1460 3227 enim
1485 3152 1740 3244 plerique
1779 3173 2063 3230 inﬁdeles:

2172 3189 2278 3236 τως
2310 3171 2367 3225 ἐν
2400 3189 2463 3240 γε
2491 3175 2604 3235 τοῖς
2637 3173 2941 3235 Λευιτικοῖς
2971 3173 3030 3226 ὲν
3054 3163 3345 3244 ἀπογραφῇ
3377 3173 3471 3226 καὶ
3508 3174 3566 3228 ἐν
3593 3152 3751 3228 ἐκλο-

497 3263 592 3318 sed
630 3262 720 3317 ille
777 3262 1112 3318 describitur
1163 3265 1342 3319 solum
1374 3273 1539 3334 atque
1585 3274 1930 3331 numeratur,
1973 3267 2068 3336 qui

498 3344 898 3424 primogenitus
917 3355 1106 3420 fuerit,
1133 3362 1358 3425 propter
1395 3372 1543 3421 eum,
1577 3357 1673 3426 qui
1714 3356 1772 3412 in
1819 3357 1982 3412 nobis
2015 3359 2072 3413 in

497 3442 791 3514 multisque
812 3444 1078 3501 fratribus
1099 3445 1506 3517 Primogenitus
1529 3455 1615 3502 est
1637 3447 1704 3501 ⁷⁸.
1756 3446 1826 3502 At
1854 3463 1987 3503 vero
2013 3449 2071 3503 in

499 3535 812 3590 Levitarum
862 3551 1032 3594 censu
1074 3553 1239 3592 omne
1297 3539 1666 3594 masculinum
1718 3542 2068 3609 promiscue,

498 3626 648 3680 nullo
680 3626 895 3681 delectu
918 3627 974 3681 in
1009 3627 1416 3697 descriptiones
1439 3629 1704 3694 refertur,
1731 3639 1788 3684 et
1813 3631 1870 3684 in
1919 3646 2072 3685 surn-

499 3731 669 3770 mamo
686 3716 995 3786 colligitur:
1021 3733 1171 3783 nam,
1222 3719 1372 3788 quod
1416 3730 1668 3775 sanetum
1694 3729 1800 3786 est,
1830 3722 1886 3776 id
1924 3723 2073 3776 omni

498 3827 566 3865 ex
595 3821 750 3882 parte
792 3818 877 3866 est
923 3813 1038 3867 Deo
1063 3820 1376 3882 cognatum.
1401 3812 1484 3868 Ab
1509 3829 1620 3868 uno
1642 3829 1778 3868 vero
1801 3829 1990 3868 mense
2018 3822 2075 3868 et

501 3915 668 3971 supra
699 3900 1089 3982 describuntur
1132 3905 1406 3974 :ejusque
1454 3904 1534 3958 rei
1579 3919 1830 3974 quanam
1888 3904 2074 3960 afferri

501 3994 641 4048 ratio
666 3995 882 4064 potest?
908 3995 987 4049 Ea
1011 4011 1230 4066 nempe,
1267 3997 1414 4066 quod
1434 3998 1524 4052 illa
1551 3996 1794 4052 ﬁdelium
1818 3998 1875 4052 in
1913 3997 2074 4052 Chri-

499 4092 584 4139 sto
607 4085 834 4139 infantia
860 4085 1086 4140 minime
1115 4103 1146 4140 a
1178 4088 1291 4142 Deo
1314 4088 1601 4158 rejicitur;
1651 4104 1778 4143 nam
1820 4088 1913 4143 illa
1938 4097 2071 4145 seta-

499 4175 570 4228 tis
607 4176 876 4246 exiguitas
903 4178 1072 4232 veluti
1098 4186 1228 4232 nota
1266 4187 1350 4233 est
1397 4180 1544 4235 illius
1590 4180 1646 4235 in
1690 4179 1913 4235 Christo
1942 4181 2074 4236 sim-

497 4268 758 4337 plicitatis
781 4284 846 4325 ac
860 4270 1164 4340 spiritualis
1196 4270 1457 4327 infantize.
1482 4271 1555 4327 Ut
1578 4272 1725 4326 enim
1751 4272 2072 4327 dicebamus

497 4367 752 4430 tanquam
778 4375 990 4426 eorum,
1034 4363 1129 4432 qui
1163 4369 1350 4418 essent
1379 4363 1447 4417 ad
1485 4377 1720 4434 pugnam
1769 4363 2068 4433 promptis-

2171 3264 2390 3333 γισμοῖς
2409 3279 2424 3293 ’
2459 3261 2580 3332 θεῷ
2611 3261 2721 3333 γὰρ
2747 3264 2946 3316 οἰκεῖον
2976 3261 3284 3334 ὁλοκλήρως
3322 3263 3380 3315 τὸ
3410 3263 3584 3331 ἀγιον.
3621 3266 3748 3334 Μη-

2171 3355 2315 3405 νιαῖα
2329 3352 2387 3404 δὲ
2419 3351 2511 3404 καὶ
2539 3350 2722 3404 ἐπάνω
2742 3350 2810 3404 τὰ
2838 3352 3291 3423 ἀπογραφόμεναο
3323 3353 3414 3406 καὶ
3440 3353 3525 3418 τίς
3558 3356 3594 3424 ἡ
3619 3356 3755 3424 πρό-

2174 3460 2374 3512 φασις;
2413 3443 2535 3496 Ὅτι
2556 3442 2663 3494 τῶν
2693 3430 3134 3496 πεπιστευκότων
3164 3445 3196 3512 ἡ
3225 3445 3286 3496 ὲν
3304 3443 3522 3515 Χριστῷ
3553 3445 3752 3516 νηπιό-

2173 3550 2299 3604 της,
2335 3535 2434 3586 οὐκ
2463 3533 2767 3605 ἀπόϐλητος
2806 3519 2958 3605 παρά
2985 3534 3124 3605 Θεῷ,
3165 3535 3432 3605 σύμϐολος
3470 3537 3528 3590 δὲ
3557 3537 3755 3609 ὥσπερ

2173 3628 2273 3696 τῆς
2308 3626 2610 3696 ἁπλότητος
2637 3627 2738 3696 τῆς
2767 3627 2826 3678 ἐν
2858 3627 3100 3698 Χριστῷ,
3132 3627 3224 3679 καὶ
3254 3628 3634 3698 πνευματικῆς
3661 3647 3755 3698 νη-

2174 3718 2448 3788 πιότητος,
2478 3718 2538 3771 τδ
2572 3719 2672 3787 τῆς
2708 3717 2924 3789 ἡλικίας
2944 3718 3134 3788 κομιδῆ
3165 3718 3358 3789 βραχύ.
3398 3720 3615 3788 Ὥσπερ
3647 3721 3760 3790 γὰρ

2175 3811 2434 3880 ἐλέγομεν
2475 3810 2551 3872 ὡς
2591 3811 2651 3863 ὲν
2697 3812 2808 3872 τοῖς
2855 3809 3266 3879 μαχιμωτάτοις
3290 3848 3305 3872 ,
3340 3810 3516 3872 καλῶς
3558 3827 3621 3862 τε
3660 3811 3753 3864 καὶ

2175 3903 2491 3974 ἀμωμήτως
2516 3901 2840 3971 γεγενῆσθαι
2877 3900 2974 3970 τὴν
3003 3900 3324 3970 ἀπογραφὴν
3354 3901 3464 3954 ἀπὸ
3498 3903 3753 3956 εἰκοσαεο

2174 3995 2300 4057 τοῦς
2325 3995 2420 4047 καὶ
2441 3993 2644 4056 ἐπάνω,
2677 3991 2818 4044 οὕτω
2842 3991 3041 4062 φαμὲν,
3076 3993 3158 4044 ὅτι
3186 3991 3284 4060 τῆς
3309 3992 3366 4043 ἐν
3395 3993 3625 4064 Χριστῷ
3657 4013 3750 4064 νη-

2177 4086 2425 4156 πιότητος
2450 4123 2464 4146 ,
2503 4085 2728 4152 σημεῖον
2762 4082 2827 4136 ἀν
2856 4083 3064 4151 γένοιτο
3102 4083 3304 4152 σαφὲς,
3331 4084 3360 4136 ὁ
3394 4084 3458 4136 ἐκ
3491 4087 3758 4154 μηνιαίου

2174 4176 2381 4246 καιρός.
2412 4173 2686 4226 Τοιουτονὶ
2713 4173 2770 4226 δὲ
2787 4173 2882 4226 καὶ
2909 4175 2937 4226 ό
2967 4172 3178 4238 Παῦλός
3205 4191 3390 4245 φησιν’
3419 4193 3437 4226 ι
3476 4175 3750 4245 Ἀδελφοὶ,

2175 4265 2250 4336 μὴ
2271 4263 2460 4317 παιδία
2492 4261 2707 4331 γίνεσθε
2732 4266 2849 4328 ταῖς
2873 4266 3086 4336 φρεσὶν,
3111 4264 3248 4316 ἀλλά
3267 4268 3333 4336 τῇ
3359 4267 3525 4336 κακίᾳ
3555 4267 3756 4338 νηπιά-

2173 4357 2320 4418 ζετε·
2359 4356 2475 4418 ταῖς
2499 4353 2556 4406 δὲ
2588 4353 2800 4424 φρεσὶν,
2826 4354 3021 4407 τέλειοι
3052 4356 3286 4423 γίνεσθε.
3322 4374 3340 4407 ι

442 4457 444 4460 ’
496 4456 619 4510 simi
647 4464 793 4512 recte
821 4466 984 4528 atque
1020 4459 1229 4514 ratione
1253 4459 1449 4513 factam
1477 4473 1598 4513 esse
1631 4458 2057 4530 descriptionem
2085 4469 2115 4509 a
2138 4449 2399 4522 vigesimo
2445 4465 2590 4503 anno
2639 4456 2696 4503 et
2727 4464 2910 4518 supra,
2967 4450 3047 4503 sic
3103 4449 3338 4505 dicimus
3377 4451 3508 4505 illud
3541 4454 3753 4510 mensis

498 4549 661 4604 unius
697 4557 932 4620 tempus,
979 4552 1126 4606 illius
1163 4553 1219 4606 in
1270 4552 1494 4607 Christo
1544 4552 1786 4609 infantize
1839 4554 2053 4623 signum
2088 4562 2208 4604 esse
2265 4544 2639 4615 perspicuum.
2671 4546 2800 4600 Tale
2858 4544 3118 4614 quiddam
3175 4549 3339 4602 etiam
3373 4549 3564 4603 beatus
3608 4551 3754 4604 Pau-

499 4638 584 4693 lus
607 4640 722 4694 ait:
755 4641 1030 4707 cFratres,
1060 4643 1228 4699 nolite
1260 4645 1418 4713 pueri
1461 4643 1600 4700 eﬁici
1648 4647 1923 4711 sensibus,
1959 4643 2055 4700 sed
2096 4641 2304 4696 malitia
2330 4639 2542 4709 parvuli
2576 4647 2775 4704 estote,
2809 4638 3066 4693 sensibus
3125 4649 3308 4695 autem
3373 4642 3600 4713 perfecti
3633 4645 3702 4697 ⁷³.
3726 4663 3744 4692 ι

569 4732 764 4787 PALL.
802 4733 894 4790 Sic
919 4735 1086 4806 igitur
1108 4735 1215 4790 erit
1238 4736 1402 4791 nobis
1445 4738 1890 4804 existimandum,
1939 4755 2069 4809 par—

2245 4732 2450 4785 ΠΑΛΛ.
2485 4729 2794 4800 Οίησόμεθα
2834 4727 2896 4799 δὴ
2935 4724 3051 4794 οὖν,
3088 4729 3163 4793 ὡς
3193 4731 3606 4801 συμμεθέξομεν
3639 4737 3754 4795 τοῖς

499 4826 692 4897 ticipes
719 4843 821 4882 nos
842 4828 1058 4882 futuros
1079 4842 1268 4882 eorum
1309 4845 1430 4899 qua:
1452 4832 1626 4885 sancti
1658 4833 1763 4888 viri
1781 4847 1881 4887 suo
1912 4831 2068 4900 quis-

2172 4823 2379 4890 ἀγίοις,
2443 4815 2626 4891 ὦνπερ
2670 4821 2738 4874 ἂν
2781 4820 2967 4885 αὐτοὶ,
3008 4824 3129 4883 ταῖς
3158 4837 3221 4890 γε
3269 4821 3334 4892 δὴ
3367 4823 3518 4892 σφῶν
3563 4823 3750 4876 αὐτῶν

496 4934 602 4987 que
629 4919 874 4988 periculo
890 4919 1128 4975 feliciter
1148 4922 1436 4990 gesserint,
1473 4923 1530 4978 in
1551 4939 1620 4979 co
1655 4924 1803 4994 quod
1827 4925 1977 4978 viros
2007 4937 2066 4978 se

2172 4913 2575 4986 κατορθώσειαν
2605 4912 2671 4968 ἂν
2703 4913 2994 4982 κεφαλαῖς,
3028 4913 3402 4985 ἀνδριζόμενοι
3432 4930 3492 4966 τε
3532 4916 3629 4968 διαὶ
3659 4915 3747 4966 εύσ

498 5007 877 5076 praestiterint,
928 5024 1253 5082 summoque
1297 5014 1489 5070 studio
1509 5015 1777 5078 curarint,
1843 5023 1904 5068 ut
1947 5014 2067 5068 lau-

2172 5006 2410 5077 δοκιμεῖν
2437 5006 2520 5060 ὃτι
2552 5004 2789 5075 μάλιστα
2817 5003 3282 5068 διεσπουδακότες.

498 5095 623 5149 dem
648 5097 847 5151 mereri
873 5108 1114 5167 possent.

566 5183 723 5239 CYR.
759 5185 988 5244 Maxime
1015 5204 1147 5245 vero
1186 5209 1197 5242 :
1235 5189 1486 5261 quamvis
1533 5186 1681 5240 enim
1731 5199 1922 5239 revera
1962 5186 2065 5254 ipsi

2240 5182 2401 5237 ΚΥΡ.
2447 5183 2594 5236 Πάνυ
2652 5183 2749 5254 μὲν
2781 5177 2873 5235 οὖν
2895 5223 2909 5248 ,
2946 5181 3103 5252 εἴπερ
3133 5183 3267 5234 εἰσὶν
3297 5180 3546 5250 ἀληθῶς,
3589 5181 3744 5234 αὐτοὶ

497 5275 698 5332 divinis
719 5279 866 5348 pleni
892 5288 1022 5335 sunt
1042 5280 1410 5341 charismatis,
1450 5275 1840 5344 laboribusque
1879 5291 1944 5330 ac
1973 5292 2065 5331 su-

498 5364 848 5424 doribusboc
872 5370 1077 5425 donum
1116 5367 1482 5438 perceperint,
1517 5363 1837 5434 infinitaque
1888 5376 2066 5421 certa-

499 5457 644 5512 mina
670 5462 1055 5530 percurrerint
1083 5477 1096 5524 ;
1145 5466 1324 5511 tamen
1352 5456 1407 5509 in
1437 5471 1538 5510 nos
1571 5471 1790 5526 quoque
1831 5473 1898 5514 ex
1937 5458 2067 5512 cha-

499 5549 659 5604 ritatc
698 5552 792 5604 Dei
830 5568 926 5606 sua
953 5551 1096 5605 dona
1129 5546 1449 5601 refundunt.
1493 5548 1680 5618 Itaque
1705 5548 1897 5604 beatus
1923 5551 2067 5606 Pau-

567 5730 629 5768 ⁷³⁸
667 5728 840 5782 Gal-al.
884 5744 954 5792 iv,
1012 5728 1091 5781 19.
1171 5728 1394 5784 7"Rom.
1455 5745 1569 5796 vni,
1609 5729 1701 5785 29.

2174 5274 2270 5343 μὲν
2291 5273 2450 5328 θείων
2474 5274 2766 5346 ἀνάμεστοι
2795 5275 3167 5344 χαρισμάτων,
3197 5271 3377 5334 πόνοις
3403 5271 3496 5324 καὶ
3524 5270 3748 5342 ἱδρῶσιν

2174 5366 2382 5429 ἑλόντες
2407 5365 2468 5419 τὸ
2501 5365 2690 5436 δῶρον,
2726 5367 2817 5418 καὶ
2849 5366 2936 5418 διὰ
2969 5365 3176 5435 μυρίων
3197 5367 3336 5417 ὅσων
3368 5362 3596 5430 ἀγώνων
3618 5362 3745 5414 ἐλά.-

2180 5474 2366 5518 σαντες
2387 5474 2399 5486 ·
2441 5456 2822 5525 ἀναπιμπλᾶσι
2855 5455 2910 5508 δὲ
2950 5455 3040 5508 καὶ
3071 5455 3215 5524 ἡμᾶς
3257 5453 3366 5505 τῶν
3396 5453 3547 5522 σφίσι
3582 5452 3746 5505 δεδω-

2184 5549 2429 5620 ρημένων
2478 5549 2536 5614 ἐξ
2579 5550 2796 5619 ἀγάπης
2835 5549 2986 5602 Θεοῦ.
3041 5548 3148 5601 Καὶ
3200 5548 3328 5615 γοῦν
3377 5549 3406 5599 ὁ
3455 5546 3743 5607 θεσπέσιος

1808 5732 1852 5763 ⁷⁸
1875 5731 1895 5787 ι
1916 5731 2040 5786 Cor.
2070 5744 2178 5795 xiv,
2201 5727 2286 5780 ‘20.
