3968 6300
153 292 249 347 321

899 286 988 342 DE
1027 281 1470 341 ADORATIONE
1510 283 1578 339 IN
1614 281 1885 339 SPIRITU
1927 281 2015 337 ΕΤ
2053 282 2430 338 VERITATE.
2460 284 2588 338 LIB.
2614 286 2699 341 ιν.

3303 251 3420 344 ω’

157 410 367 472 Παῦλος
387 406 727 477 προσεφώνει
751 406 861 460 τισὶ
885 405 994 458 τῶν
1013 407 1456 461 πεπιστευκότων
1479 424 1492 437 ·
1521 423 1540 456 ι
1583 405 1733 458 Ἐπι-

1859 417 1922 456 us
1945 401 2231 472 quosdam,
2277 401 2372 470 qui
2395 400 2768 465 crediderant,
2796 401 3177 472 alloquebatur
3206 425 3218 459 τ
3260 425 3279 459 ι
3308 406 3412 464 De-

156 501 310 556 mOtIi
335 500 446 573 γάρ
494 500 624 554 ίδεῖν
659 499 803 570 ὑμᾶς
843 499 930 553 ἴνα
977 517 1029 552 τι
1068 498 1284 569 μεταδῶ
1327 499 1454 568 ὑμῖν
1485 498 1734 567 χάρισμα

158 593 548 661 πνευματικόν.
590 609 609 643 ι
656 591 725 643 Ἢ
755 590 865 662 γὰρ
888 629 904 654 ,
935 589 1060 660 οὐχὶ
1107 588 1283 654 ξένιον
1322 587 1593 660 οὐράνιον,
1638 587 1735 656 χά-

1836 493 2021 549 sidero
2043 493 2192 547 enim
2214 493 2403 548 videre
2424 509 2546 559 vos,
2575 501 2637 548 ut
2688 492 2910 563 aliquod
2942 495 3098 551 vobis
3127 497 3412 569 impertiar

1835 586 2118 641 charisma
2169 583 2462 655 spirituale
2509 585 2574 640 ".
2637 605 2654 637 ι
2701 585 2783 639 An
2815 593 2873 640 tu
2948 588 3170 642 caeleste
3211 607 3414 648 munus

159 684 333 758 ρισμά
370 701 430 737 τε
457 680 827 753 πνευματικὸν
857 675 998 734 εἶναι
1037 680 1165 752 φὴς,
1199 680 1300 750 τὴν
1342 677 1643 750 ἀμώμητόν
1674 693 1734 730 τε

1858 678 2217 747 :harismaque
2263 677 2545 747 spirituale
2569 691 2689 732 esse
2717 692 2884 748 negas
2932 677 3081 732 illam
3112 681 3414 748 reprehen-

158 777 250 830 καὶ
277 775 492 845 ἀπλανῆ
517 775 646 846 περὶ
666 772 802 827 Θεοῦ
823 772 1045 842 γνῶσιν,
1068 773 1164 826 καὶ
1188 773 1288 842 τὴν
1311 771 1397 840 ἐφ’
1421 770 1594 826 ἅπασι
1623 771 1735 833 τοῖς

154 866 396 938 ἀρίστοις
431 866 633 937 εἴδησιν
652 864 854 937 ἀκριὸἦ
875 882 890 931 ἲ

226 1044 436 1097 ΠΔΛΛ.
469 1042 598 1096 Ναί.
631 1040 804 1111 Εἴπερ
834 1041 953 1094 ἐστὶ
987 1040 1050 1093 τὸ
1082 1039 1271 1112 χρῆμα
1301 1038 1582 1105 ζωοποιόν.
1613 1039 1738 1092 Τοι-

151 1136 348 1205 γάρτοι
371 1134 555 1203 σαφῶς
581 1132 828 1187 διειδέναι
856 1131 942 1195 τίς
970 1133 1068 1202 μὲν
1095 1131 1296 1200 ὁφύσει
1319 1148 1377 1184 τε
1402 1131 1494 1185 καὶ
1523 1129 1738 1201 ἀληθῶς

152 1227 264 1279 τῶν
282 1226 419 1280 ὅλων
437 1225 784 1297 δημιουργὸς,
813 1223 908 1277 καὶ
929 1223 1081 1288 Θεὸς,
1109 1223 1236 1275 ποία
1259 1221 1314 1275 δὲ
1330 1221 1466 1294 ζωὴ,
1489 1223 1521 1292 ἡ
1539 1221 1733 1292 ἀρίστη
1755 1227 1766 1237 ⁹

150 1318 362 1389 τρίϐος,
394 1320 472 1381 εἰς
501 1316 826 1389 μακραίωνά
853 1333 912 1369 τε
946 1316 1038 1369 καὶ
1073 1313 1431 1386 ἀτελεύτητον
1463 1311 1736 1383 ἀποκομί-

187 1427 239 1463 ει
277 1412 444 1464 (mhi).

187 1427 212 1461 ε
309 1412 444 1464 ω’ν.

149 1410 185 1473 ζ
436 1497 637 1571 Ὀρθῶς
661 1498 817 1569 ἔφης.
851 1497 1038 1553 Ταῦτά
1060 1517 1140 1551 τοι
1165 1497 1436 1552 διδάσκων
1464 1497 1614 1567 ἡμᾶς
1644 1497 1738 1550 καὶ

148 1590 321 1653 αὐτὸς
350 1593 378 1643 ό
404 1588 658 1660 Χριστὸς,
687 1593 800 1654 τοῖς
831 1591 1006 1659 ἁγίοις
1035 1589 1350 1652 ἀποστόλοις
1383 1588 1734 1655 διεκελεύετο,

1836 769 1988 824 sione
2061 783 2355 838 errareque
2400 777 2687 824 vacantem
2745 769 2813 824 de
2848 769 2960 823 Deo
3023 770 3411 840 cognitionem.

1835 858 2319 930 certissimamque
2369 859 2438 914 de
2497 858 2667 915 rebus
2737 859 3206 932 przestantissimis
3256 861 3418 934 118

1836 951 2298 1022 intelligentiam?

1901 1044 2101 1100 PALL.
2133 1045 2249 1099 lmo
2275 1043 2484 1100 fateor:
2513 1043 2785 1114 siquidem
2807 1052 2894 1099 est
2917 1058 2983 1100 ea
3013 1059 3102 1100 res
3125 1045 3250 1101 vitae
3278 1045 3416 1102 επε-

1841 1137 2006 1191 ctrix.
2032 1137 2250 1192 Etenim
2272 1152 2434 1193 nosse
2479 1137 2605 1207 quis
2635 1146 2834 1192 natura
2881 1152 2944 1192 ac
2999 1153 3190 1192 revera
3238 1139 3310 1193 sit
3334 1154 3421 1194 re-

1837 1243 1962 1283 rum
1985 1229 2231 1283 omnium
2270 1228 2456 1298 opifex
2480 1243 2543 1283 ac
2569 1229 2736 1300 Deus,
2758 1227 2908 1298 quod
2959 1227 3092 1282 item
3149 1229 3418 1298 optimum

1837 1319 1966 1383 iter,
1995 1318 2049 1373 id
2083 1334 2216 1374 vero
2243 1319 2310 1373 ad
2353 1327 2680 1389 perpetuam
2735 1319 2884 1372 illam
2914 1323 3288 1388 aeternamque
3338 1318 3421 1372 vi-

1837 1422 1949 1468 tam
1977 1413 2248 1482 perducit.

1907 1502 2066 1557 CYR.
2093 1503 2262 1557 Recte
2293 1502 2394 1557 ais.
2441 1502 2622 1573 Atque
2649 1503 2756 1557 hoc
2795 1517 2898 1557 nos
2940 1501 3130 1556 docuit
3167 1499 3421 1557 Christus

1839 1593 1978 1662 ipse,
2015 1608 2140 1647 cum
2168 1594 2373 1648 sanctis
2397 1595 2660 1665 apostolis
2675 1593 2954 1664 praecepit,
2990 1593 3215 1648 dicens:
3247 1612 3266 1644 ‹
3287 1592 3421 1649 Gra-

147 1684 332 1752 λέγων
359 1699 372 1714 ·
414 1703 432 1736 ι
473 1683 690 1754 Δωρεὰν
727 1682 970 1748 ἐλάϐετε,
1001 1682 1207 1753 δωρεὰν
1238 1683 1376 1735 δότε.
1417 1700 1434 1732 ι
1471 1681 1572 1750 Εῖη
1594 1681 1638 1733 δ’
1671 1680 1739 1734 ἂν

1858 1687 1915 1741 .is
1943 1685 2255 1755 accepistis,
2293 1685 2462 1756 gratis
2481 1685 2608 1740 date
2632 1685 2698 1738 τ’.
2730 1704 2749 1736 ι
2783 1684 2904 1739 Alia
2937 1697 3159 1754 quoque
3209 1682 3420 1738 ratione

146 1775 248 1828 καὶ
291 1775 495 1846 ἑτέρως
528 1775 628 1828 οὐκ
674 1773 911 1846 ἀκερδὴς
961 1778 1074 1838 τοῖς
1107 1774 1288 1842 ἄλλοις
1328 1776 1362 1846 ἡ
1406 1775 1516 1829 τῶν
1569 1775 1737 1844 ἁγίων

147 1865 578 1935 λαμπρότηςνὲν
595 1865 703 1935 γάρ
721 1867 840 1928 ταῖς
861 1864 1084 1918 ἐκείνων
1100 1865 1734 1936 εύδοκιμήσεσινρφανβ

147 1956 308 2020 ζεταί
329 1973 434 2009 που
457 1955 524 2009 τὰ
543 1957 700 2026 ἡμῶν
718 1957 854 2028 ήττή
864 1973 1028 2027 ματα,
1050 1957 1143 2010 καὶ
1162 1960 1284 2021 ταῖς
1301 1958 1408 2010 τῶν
1430 1957 1716 2010 εὑκλεεστέ
1730 1989 1744 1999 -

146 2065 268 2120 ρων
291 2046 690 2118 προσέσχηκὼς
716 2047 1022 2117 εὐψυχίαις,
1043 2048 1074 2100 δ
1100 2047 1390 2119 φιλάρετος
1413 2049 1567 2120 ἡμῶν
1587 2049 1742 2115 Θεὸς,

157 2142 282 2203 τοῖς
307 2139 730 2210 ἀσθενεστέροις
769 2139 951 2210 ἀνίησι
980 2139 1050 2194 τὰ
1091 2139 1435 2211 ἐγκλήματα.
1475 2141 1585 2194 Καὶ
1614 2140 1745 2209 γοῦν

147 2233 207 2284 oi
235 2232 296 2298 ὲξ
326 2230 547 2302 Ἰσραὴλ
564 2231 1313 2296 ἀκαθέκτωςάπονενευκότες
1334 2235 1412 2297 είς
1438 2234 1743 2304 παρακοὴν,

149 2324 254 2377 καὶ
281 2323 396 2375 τῶν
429 2320 650 2392 φαύλων
679 2321 833 2375 οὐδὲν
867 2320 1067 2385 ἐῶντες
1125 2323 1561 2394 ἀνεπιτήδευτον,
1607 2341 1747 2394 παρ-

152 2414 409 2486 ώτρυναν
435 2412 748 2480 ἀναγκαίως
766 2413 856 2466 τὸν
876 2411 1168 2484 νομοθέτην
1192 2412 1275 2482 ἐφ’
1299 2413 1528 2476 ἑαυτοῖς·
1560 2414 1746 2487 ἐπειδὴ

151 2507 215 2559 δὲ
238 2506 403 2568 δίκας
431 2504 532 2574 ήδη
556 2503 664 2557 τῶν
692 2503 1112 2575 τετολμημένων
1139 2504 1400 2574 πράττειν
1432 2503 1589 2574 ἧθελε
1620 2505 1749 2568 τοὺς

153 2597 372 2668 ἀγρίως
405 2594 544 2648 οὕτω
569 2593 961 2665 λελυπηκὸτας,
993 2594 1356 2664 προσεκόμιζε
1394 2594 1492 2665 μὲν
1513 2593 1610 2658 τὰς
1637 2597 1746 2647 ίκε-

155 2689 364 2760 τηρίας
416 2689 444 2740 ὁ
492 2686 776 2758 προφήτης
842 2685 1135 2757 Ἱερεμίας.
1189 2688 1254 2740 Τί
1301 2687 1357 2740 δὲ
1401 2687 1537 2758 πρὸς
1593 2685 1750 2740 τοῦτο

153 2780 337 2842 Θεός;
372 2796 393 2830 ι
447 2777 823 2848 Περιδράμετε
846 2821 861 2845 ,
899 2778 1083 2848 φησιν,
1125 2779 1184 2831 ἐν
1212 2780 1335 2841 ταῖς
1370 2780 1507 2842 ὁδοῖς
1551 2778 1748 2850 Ἰερου-

159 2872 380 2941 σαλὴμ,
427 2870 520 2923 καὶ
567 2868 709 2922 ἴδετε
757 2870 853 2923 καὶ
886 2869 1084 2938 γνῶτε,
1119 2871 1212 2922 καὶ
1245 2870 1511 2942 ζητήσατε
1544 2872 1601 2923 ὲν
1632 2872 1750 2933 ταῖς

159 2964 460 3026 πλατείαις
494 2962 696 3032 αὐτῆς,
730 2962 826 3015 saw
879 2961 1075 3033 εὕρητε
1129 2963 1295 3034 ἀνδρα
1342 2965 1388 3015 εί
1419 2961 1532 3014 ἔστι
1583 2962 1750 3016 ποιῶν

1842 1792 1955 1830 non
1983 1776 2193 1830 inutilis
2225 1784 2310 1831 est
2348 1777 2560 1831 caeteris
2589 1776 2911 1831 hominibus
2948 1775 3043 1832 ille
3102 1780 3420 1830 sanctorum

1846 1871 2096 1925 virorum
2129 1868 2420 1938 splendor:
2441 1868 2662 1922 illorum
2695 1883 2930 1938 namque
2972 1868 3140 1922 rebus
3161 1867 3302 1922 bene
3326 1881 3420 1938 ge—

1845 1960 1966 2023 stis,
2004 1965 2208 2014 nostrae
2241 1958 2536 2013 infeliciter
2586 1967 2751 2028 gestae
2803 1958 3137 2024 obruuntur,
3189 1967 3246 2012 et
3297 1973 3424 2013 cum

1846 2050 2178 2105 nobiliorum
2231 2049 2479 2104 virorum
2537 2050 2706 2105 animi
2765 2049 3145 2104 fortitudinem
3188 2049 3424 2104 attendit

1846 2151 2036 2197 noster
2065 2141 2156 2196 ille
2183 2141 2409 2196 virtutis
2432 2150 2649 2196 amator
2694 2142 2860 2206 Deus.
2895 2140 3293 2197 inﬁrmioribus
3313 2141 3424 2195 cri-

1848 2233 1999 2287 mina
2032 2232 2325 2288 condonat.
2355 2232 2549 2304 Itaque
2586 2233 2866 2298 lsraelitaz,
2903 2249 3026 2287 cum
3067 2233 3330 2288 effrenate
3357 2231 3424 2286 ad

1848 2324 2252 2379 contemnenda
2291 2324 2477 2380 divina
2508 2325 2764 2380 mandala
2800 2325 3072 2397 proclives
3118 2325 3424 2390 ferrentur,

1848 2415 2165 2484 nullamque
2190 2415 2448 2486 nequitiae
2503 2426 2717 2486 partem
2763 2417 3102 2480 omitterent,
3161 2417 3216 2471 in
3260 2430 3426 2485 quam

1848 2523 1958 2562 non
1981 2507 2225 2563 studium
2251 2507 2658 2578 impenderent,
2704 2507 3038 2578 legislatoris
3061 2508 3197 2562 iram
3229 2508 3427 2562 adver-

1849 2610 1970 2650 sum
2002 2611 2060 2651 se
2091 2597 2409 2652 necessario
2454 2605 2898 2653 commoverunt:
2936 2597 3030 2668 qui
3075 2612 3200 2663 eum
3239 2612 3429 2667 pinnas

1849 2686 2156 2742 facinorum
2184 2688 2251 2744 ab
2282 2687 2370 2752 iis,
2403 2688 2498 2758 qui
2524 2704 2581 2744 se
2635 2689 2774 2744 adeo
2804 2688 3120 2745 immaniter
3162 2687 3428 2742 offendis-

1846 2787 1993 2842 sent,
2018 2794 2239 2834 sumere
2270 2778 2457 2842 vellet,
2489 2778 2924 2849 supplicationes
2973 2777 3026 2832 ei
3054 2777 3253 2832 detulit
3295 2792 3429 2846 pro-

1849 2863 2016 2940 pheta
2043 2870 2330 2925 Jeremias.
2357 2870 2498 2936 Quid
2522 2885 2655 2924 vero
2683 2869 2749 2928 ad
2775 2870 2891 2924 haec
2907 2869 3091 2924 Deus?
3127 2889 3144 2919 ι
3163 2867 3429 2934 Circuite,

1852 2962 2049 3032 inquit,
2091 2962 2146 3015 in
2174 2962 2277 3016 viis
2297 2962 2623 3027 Jerusalem,
2652 2970 2707 3015 et
2741 2960 2924 3014 videte
2952 2969 3008 3014 et
3034 2957 3346 3029 intelligite,
3375 2965 3434 3012 et

161 3055 368 3126 κρίμα,
407 3055 503 3108 καὶ
530 3053 708 3124 ζητῶν
759 3054 962 3119 πίστιν,
997 3054 1092 3108 καὶ
1132 3055 1292 3117 ἵλεως
1321 3054 1513 3124 ἔσομαι
1544 3055 1747 3120 αὐτοῖς,

1858 3051 2080 3119 quaerite
2112 3050 2169 3104 in
2199 3049 2397 3119 plateis
2447 3051 2602 3125 ejus;
2645 3055 2722 3114 et,
2753 3048 2798 3103 si
2839 3047 3164 3104 inveneritis
3212 3045 3430 3112 virum;

162 3145 319 3214 λέγει
365 3143 590 3214 Κύριος.
634 3162 651 3195 ι
697 3144 941 3215 Ἀνήσειν
981 3144 1039 3196 δὲ
1085 3145 1176 3197 καὶ
1228 3143 1481 3214 Σοδόμοις
1532 3143 1630 3215 τὴν
1663 3143 1752 3198 διὰ

163 3239 345 3309 πυρὸς
368 3237 477 3306 ἔφη
517 3236 697 3308 δίκην,
728 3238 776 3289 εί
816 3235 975 3290 πέντε
1003 3237 1150 3299 τινὲς
1180 3231 1292 3289 εἶεν
1317 3236 1374 3290 ἐν
1400 3236 1583 3300 αὐτοῖς
1613 3236 1751 3289 ὅσιοι

163 3325 264 3377 καὶ
286 3324 504 3393 ἀγαθοί.
527 3324 736 3379 Οὐκοῦν
763 3325 920 3396 ἡτῶν
950 3324 1121 3392 ἁγίων
1147 3325 1489 3396 λαμπρότης,
1523 3327 1617 3380 καὶ
1639 3327 1752 3391 τοῖς

164 3418 313 3484 ἄγαν
355 3416 698 3488 ἁμαρτωλοῖς
717 3457 734 3483 ,
782 3415 896 3470 ἐσθ’
923 3417 1013 3470 ὅτε
1036 3456 1050 3479 ,
1078 3417 1143 3469 τὸ
1174 3417 1249 3486 μὴ
1289 3416 1612 3480 κολάζεσθαι
1643 3418 1750 3474 δεῖν

164 3508 520 3580 παραχρῆμα
550 3507 831 3580 προξενεῖ,
857 3507 950 3560 τὸν
974 3507 1116 3561 θεῖον
1153 3508 1340 3580 ὥσπερ
1364 3508 1754 3562 ὲκδυσωποῦσα

163 3599 346 3668 θυμὸν
400 3600 495 3653 καὶ
541 3597 974 3667 ἀνασειράζουσα
1013 3599 1108 3670 τὴν
1148 3599 1320 3671 ὀργήν
1343 3615 1358 3630 ·
1401 3601 1517 3664 τοῖς
1557 3599 1615 3654 δὲ
1650 3600 1753 3672 τὴν

163 3693 359 3745 πίστιν
387 3690 627 3762 γνησίως
674 3690 1118 3762 είσδεδεγμένοις,
1151 3691 1411 3764 εὐψυχίας
1434 3709 1498 3760 γε
1530 3692 1637 3763 μὴν
1670 3693 1751 3758 είς

164 3780 334 3834 τοῦτο
356 3781 494 3835 ἱέναι
521 3781 594 3852 μὴ
623 3780 963 3852 δυναμένοις,
993 3781 1068 3844 ὡς
1097 3782 1278 3844 πόνοις
1306 3780 1448 3835 ἑλεῖν
1473 3781 1750 3852 δύνασθαι,

166 3873 270 3936 τὸ,
326 3873 424 3942 καὶ
478 3873 640 3928 θείων
702 3874 899 3937 αὐτοὺς
955 3872 1324 3945 ἐμπίπλασθαι
1375 3875 1752 3946 χαρισμάτων,

171 3966 467 4036 μονονουχὶ
519 3965 950 4036 συμμερίζονται
982 3966 1081 4028 τὰς
1115 3966 1495 4037 εὐδοκιμήσεις
1517 4007 1532 4031 ,
1562 3967 1754 4021 παιδαο

166 4055 507 4124 γωγοῦντες,
534 4055 611 4120 ὡς
630 4055 729 4120 ενι,
757 4057 852 4110 ιιιαῆ⁸
870 4056 1010 4127 πρὸς
1039 4057 1146 4109 πᾶν
1184 4056 1360 4110 ὁτιοῦν
1391 4057 1754 4128 ἀποφέροντες

165 4146 287 4198 τῶν
323 4145 672 4217 ἀρεσκόντων
703 4145 859 4216 Θεῷ,
891 4147 988 4198 καὶ
1011 4144 1123 4197 τῶν
1155 4145 1304 4199 ίδίων
1327 4146 1531 4209 αὐτοὺς
1555 4148 1753 4220 ἀνδρα-

166 4236 518 4305 γαθημάτων
563 4235 956 4305 ἀποφαίνοντες
999 4235 1291 4301 κοινωνούς
1316 4254 1329 4268 ·
1380 4239 1474 4292 καὶ
1515 4239 1553 4293 ἀ
1603 4239 1755 4309 μόλις

168 4329 334 4382 αὐτοὶ
363 4328 452 4381 διὰ
484 4328 755 4382 πλείστων
804 4329 946 4381 δσων
981 4326 1296 4399 εὑρίσκουσι
1340 4328 1540 4394 πόνων,
1581 4329 1758 4384 ταῦτα

1857 3142 1902 3197 si
1941 3140 2108 3196 fuerit
2134 3142 2230 3210 qui
2255 3139 2729 3212 faciatjudicium,
2764 3143 2821 3192 et
2852 3151 3104 3208 qumrens
3149 3135 3308 3190 ﬁdem
3340 3143 3436 3199 ;et

1856 3231 2132 3302 propitius
2178 3247 2276 3285 ero
2310 3230 2463 3300 ipsis,
2522 3229 2660 3283 dicit
2702 3229 2970 3282 Dominus
3013 3225 3078 3278 τ’.
3112 3245 3130 3275 ι
3182 3223 3436 3280 Sodomis

1857 3336 2077 3391 quoque
2117 3321 2558 3375 condonaturum
2598 3334 2656 3374 se
2697 3332 2888 3388 pmnas
2949 3316 3158 3388 ignium
3200 3315 3356 3378 dixit,
3387 3313 3435 3369 si

1859 3415 2105 3483 quinque
2119 3411 2281 3466 modo
2302 3411 2378 3469 ibi
2405 3417 2590 3466 essent
2611 3409 2686 3482 pii
2713 3419 2882 3478 atque
2906 3407 3063 3480 probi
3088 3406 3433 3462 homines’”.

1857 3503 2004 3574 Ergo
2029 3509 2363 3557 sanctorum
2384 3501 2630 3558 virorum
2656 3501 2918 3556 nobilitas
2938 3496 3191 3555 maximis
3217 3511 3436 3567 quoque

1857 3591 2241 3668 peccatoribus
2262 3589 2611 3660 quandoque,
2630 3604 2700 3644 ne
2753 3588 2939 3644 statim
2982 3585 3305 3659 puniantur,
3330 3585 3437 3641 im-

1859 3692 2060 3756 petrat,
2085 3700 2210 3739 cum
2234 3683 2477 3742 divinam
2528 3685 2962 3756 indignationem
2990 3682 3174 3737 ﬂectat
3197 3689 3254 3736 et
3298 3682 3437 3738 iram

1861 3785 2118 3834 revocet:
2155 3793 2278 3832 cum
2307 3777 2374 3834 iis
2404 3793 2559 3844 vero,
2587 3780 2680 3850 qui
2713 3778 2875 3834 fidem
2919 3779 3134 3835 sincere
3177 3795 3438 3852 suscepe-

1861 3877 2012 3934 runt,
2039 3884 2144 3925 nec
2175 3877 2356 3926 tamen
2382 3868 2451 3924 ad
2501 3885 2623 3924 eam
2648 3871 3090 3942 magnitudinem
3143 3873 3439 3943 pervenire

1859 3971 2180 4034 potuerunt,
2232 3971 2294 4018 ut
2338 3962 2530 4018 labore
2564 3963 2878 4020 divinorum
2923 3963 3320 4022 charismatum
3342 3979 3440 4018 co-
3524 3994 3528 3998 -

1861 4057 2004 4127 piam
2027 4056 2132 4111 sibi
2164 4063 2566 4126 compararent,
2590 4055 2988 4126 propemodum
3005 4070 3229 4113 suarum
3253 4071 3439 4111 rerum

1861 4156 2135 4218 gestarum
2160 4147 2379 4201 laudem
2403 4147 2831 4213 communicant,
2857 4145 2916 4204 in
2938 4161 3006 4201 eo
3037 4144 3187 4214 quod
3219 4159 3335 4209 eos,
3379 4154 3442 4200 ut

1863 4237 1982 4292 ﬁeri
2006 4244 2206 4308 potest,
2233 4237 2546 4301 instituunt,
2576 4236 2644 4292 ad
2665 4252 2836 4305 eaque
2861 4235 3066 4304 omnia,
3091 4250 3438 4306 quaecunque

1862 4332 1974 4388 Deo
1998 4330 2235 4401 placent,
2262 4327 2605 4398 perducunt;
2661 4334 2824 4394 atque
2860 4325 2915 4384 in
2957 4325 3278 4385 societatem
3309 4339 3441 4380 suo-

163 4421 299 4482 ταῖς
331 4418 539 4488 ἑτέρων
562 4419 792 4482 ἐνιέντες
820 4417 1038 4488 ψυχαῖς.
1066 4418 1186 4471 ’Ὁτι
1215 4417 1324 4489 γὰρ
1353 4419 1748 4493 συμμεθέξομεη

1870 4432 1993 4472 rum
2014 4414 2239 4473 fortium
2263 4415 2531 4476 factorum
2577 4414 2701 4474 illos
2745 4413 3065 4480 asciscant;
3096 4421 3153 4468 et
3178 4428 3300 4484 quae
3335 4413 3438 4484 ipsi

163 4513 294 4573 τοῖς
327 4511 505 4578 ἀγίοις
526 4511 621 4564 καὶ
645 4513 747 4580 τῆς
779 4509 1006 4580 ἐνούσης
1033 4509 1220 4572 αὐτοῖς
1241 4509 1643 4581 λαμπρότητος,
1668 4515 1748 4568 κα¹

1865 4511 1956 4565 vix
1991 4509 2221 4568 summis
2257 4507 2541 4566 laboribus
2595 4515 2950 4580 pepererunt.
2997 4521 3062 4564 ea
3109 4505 3166 4563 in
3204 4505 3440 4563 aliorum

163 4602 290 4656 τῶν
321 4603 834 4672 ἀνδραγαθημάτων
877 4599 1118 4672 ἐσόμεθὰ
1150 4600 1397 4655 κοινωνοὶ
1423 4643 1438 4667 ,
1480 4601 1539 4666 ἐξ
1568 4604 1767 4676 ἡμερό.

162 4711 342 4763 τητος
384 4693 481 4747 καὶ
523 4692 963 4765 φιλανθρωπίας,
1011 4691 1079 4746 τὰ
1126 4693 1282 4764 ἡμῶν
1315 4695 1602 4768 ήττήματα
1651 4699 1764 4763 τοῖς

1871 4602 2158 4656 hominum
2177 4599 2375 4656 animis
2397 4598 2666 4655 inserunt.
2695 4596 2834 4655 Fore
2861 4605 3069 4662 autem,
3088 4605 3150 4654 ut
3179 4610 3286 4655 una
3315 4609 3439 4654 cum

1864 4694 2070 4754 sanctis
2101 4691 2234 4746 viris
2255 4691 2581 4755 claritatem,
2611 4705 2732 4761 quae
2768 4689 2878 4746 illis
2927 4689 3092 4753 inest,
3143 4686 3440 4760 participe-
3471 4757 3474 4761 _

161 4785 408 4840 ἐκείνων
452 4785 894 4856 κατορθώμασιν,
935 4785 1098 4838 οἱονεὶ
1157 4785 1533 4857 συμφύροντός
1577 4805 1635 4841 τε
1668 4791 1748 4846 καί

1867 4800 2008 4850 mus,
2034 4791 2307 4842 eteorum
2336 4782 2593 4853 praeclare
2613 4791 2896 4855 gestorum
2937 4779 3072 4840 socii
3104 4779 3296 4844 sinus,
3330 4777 3442 4836 Deo

165 4875 585 4946 ἀνακιρνῶντος
618 4875 759 4929 Θεοῦ
782 4917 796 4938 ,
838 4878 933 4929 καὶ
975 4876 1035 4929 τὸ
1089 4876 1269 4939 ἐνδεὲς
1316 4876 1392 4948 τῷ
1443 4877 1748 4950 τελειοτέρη

1867 4891 1935 4930 ex
1962 4875 2303 4946 benignitate
2323 4885 2487 4944 atque
2520 4874 2807 4936 clementia
2824 4880 3042 4932 nostras
3063 4871 3252 4940 culpas
3282 4877 3338 4923 et
3357 4869 3446 4926 in-

168 4967 557 5039 συνείροντος,
588 4967 655 5019 ἶν’
679 4967 772 5037 εἴη
816 4967 1002 5020 δεκτόν
1030 4983 1043 4998 ο
1079 4968 1250 5036 σαφὲς
1306 4967 1372 5021 ἂν
1400 4965 1612 5036 γένοιτο
1669 4968 1748 5022 xa‘

1869 4967 2155 5027 ﬁrmitates
2177 4985 2299 5025 cum
2325 4969 2543 5028 illorum
2566 4975 2712 5028 recte
2729 4966 2867 5027 actis
2885 4963 3055 5024 veluti
3070 4961 3443 5028 confundente

163 5060 267 5111 διὰ
297 5059 491 5112 τούτου
518 5058 706 5112 πάλιν.

1870 5075 1934 5114 ac
1960 5061 2351 5132 permiscente,
2385 5061 2547 5133 idque
2585 5058 2733 5132 quod
2766 5056 3084 5118 inchoatam
3131 5061 3305 5116 estet
3334 5054 3439 5112 ἰωη

168 5149 513 5220 perfectum,
551 5166 678 5205 cum
742 5166 809 5205 eo
869 5149 1017 5220 quod
1069 5159 1153 5205 est
1193 5148 1511 5220 perfectius,
1551 5158 1612 5206 ut
1643 5159 1856 5222 gratum
1914 5160 2307 5228 acceptumque
2364 5151 2478 5217 fiat,
2547 5149 2907 5218 conferente;
2939 5146 2996 5210 id
3063 5148 3171 5208 hoc
3221 5159 3443 5226 quoque

168 5242 506 5298 testimonio
545 5241 707 5312 119
731 5241 1079 5296 manifestum
1119 5240 1238 5296 ﬁeri
1275 5243 1474 5311 potest.

250 5335 465 5386 IIAAA.
505 5332 666 5385 Ποίου
686 5333 752 5405 δή
777 5350 917 5396 τινος
943 5333 1078 5404 (MC;

251 5426 424 5478 ΚΥΡ.
455 5424 746 5478 Μωαϐῖται
772 5424 865 5477 καὶ
913 5422 1254 5494 Μαδιηναῖοι,
1305 5421 1432 5491 ἔθνη
1469 5422 1566 5491 μὲν
1597 5422 1767 5493 ἤστην

1950 5328 2150 5385 PALL.
2186 5326 2408 5399 Ecquod
2443 5323 2577 5382 illud
2605 5323 2727 5378 est?
3515 5376 3518 5380 ,

1948 5421 2105 5478 CYR.
2158 5419 2405 5474 Moabitae
2455 5432 2517 5472 ac
2567 5415 2893 5482 Madianitae,
2949 5415 3133 5486 impia
3194 5405 3460 5486 quadam.

169 5518 376 5574 ἀνόσιά
397 5534 458 5570 τε
471 5519 568 5570 καὶ
587 5516 857 5587 βάρϐαρα,
876 5483 1232 5586 κατενέμοντο
1257 5515 1312 5568 δὲ
1327 5483 1748 5584 τῆςίὲπαγγελίαι

1876 5520 2037 5568 erant
2087 5527 2151 5566 ac
2183 5511 2430 5566 barbarae
2473 5516 2689 5579 gentes;
2739 5483 3054 5566 incolebant
3081 5511 3270 5562 autem
3309 5483 3464 5574 pro-ﬁ

255 5697 302 5728 τ’
333 5695 497 5751 Rom.
521 5711 560 5760 ι,
591 5693 680 5748 11.
757 5694 800 5733 ⁷⁷
840 5692 1031 5758 Matth,
1055 5706 1104 5756 κ,
1129 5690 1179 5744 8.
1257 5691 1304 5723 ⁷⁸
1323 5691 1502 5757 Jer.v,
1535 5692 1586 5748 1.

1684 5692 1752 5725 ⁷⁸·
1807 5691 2230 5754 Gen.xvul,52.
2339 5756 2344 5760 κ
