3968 6300
534 318 638 373 325

1551 313 1607 369 S.
1646 311 1922 369 CYRILLI
1965 307 2438 363 ALEXANDRINI
2476 305 2793 362 ARCHIEP.

3676 296 3790 353 32}

536 430 815 489 missionis
831 437 1053 494 terram,
1072 445 1233 499 quam
1255 439 1412 486 erant
1434 427 1531 482 ﬁlii
1555 428 1720 483 Israel
1742 424 2050 495 possessuri
2084 440 2097 476 :

2225 422 2302 493 τὴν
2325 421 2466 491 γῆν,
2500 423 2565 492 ἣν
2608 416 3021 490 κληρονομίζειν
3053 414 3274 486 ἔμελλον
3316 411 3367 466 οἱ
3392 412 3499 466 υἱοὶ
3538 411 3787 482 Ἰσραήλ.

534 538 773 594 cumque
800 523 1110 593 proximum
1158 530 1305 578 esset
1332 524 1445 593 jam
1495 522 1851 589 vicinumque
1879 519 2104 593 benum,

538 629 601 670 ac
629 629 791 684 quam
810 615 1049 684 primum
1082 622 1263 669 essent
1287 615 1542 685 perituri,
1565 622 1621 669 et
1649 613 1717 667 ad
1747 611 2108 682 congredien-

2207 600 2276 677 ἦν
2308 605 2409 675 ἤδη
2450 620 2567 666 πως
2591 642 2604 667 ,

2221 511 2440 581 Ἐπειδὴ
2471 511 2529 563 δὲ
2565 508 2734 580 άγχοῦ
2778 526 2838 561 τε
2893 507 3079 586 λοιπὸν
3125 506 3220 559 καὶ
3259 504 3454 573 γείτων
3488 504 3518 555 6
3546 502 3790 571 πόλεμος

2656 601 2731 665 ὡς
2759 600 2957 655 αὐτίκα
2989 597 3055 669 δὴ
3087 597 3232 667 μάλα
3264 592 3626 665 ἀπολούμενοι
3670 593 3788 664 (1),

538 703 665 760 dum
686 719 808 759 cum
829 703 1193 758 lsraelitarum
1210 705 1451 760 exercitu
1473 706 1728 774 impares,
1757 709 2111 758 tentaverunt

2225 696 2306 749 :al
2332 697 2450 760 ταῖς
2483 692 2576 747 τοῦ
2613 690 2829 763 Ἰσραὴλ
2856 691 3148 760 δυνάμεσιν
3189 686 3504 754 ἀντεξάγειν
3550 684 3650 755 οὐχ
3682 678 3790 737 οἷοί

537 795 762 865 magicis
802 793 1035 858 artibus,
1087 794 1423 863 nefariisque
1473 794 1690 858 studiis,
1748 792 1952 862 quibus
2006 789 2110 859 ipsi

2225 805 2292 851 ιε,
2320 785 2757 859 προσεπειρῶντο
2784 782 2909 854 μὲν,
2941 781 3131 853 μάγων
3158 779 3341 849 τέχνῃ,
3370 780 3468 831 καὶ
3498 779 3609 839 τοῖς
3634 776 3790 845 παρὰ

534 885 706 941 dediti
733 893 890 940 erant
911 926 925 950 ,
960 885 1171 941 hostem
1206 885 1551 955 propulsare.
1590 884 1728 940 Cum
1759 898 1890 940 vero
1927 880 2113 938 omnia

536 975 876 1039 molirentur,
912 976 1158 1046 nihilque
1184 975 1656 1030 incommodarent
1698 974 1844 1030 hosti
1888 972 2112 1046 (quippe

534 1069 690 1139 cujus
739 1068 885 1123 Deus
922 1076 1067 1124 esset
1123 1080 1515 1140 propugnator,
1576 1069 1893 1139 falsumque
1929 1074 2113 1121 vatem

535 1158 773 1223 Balaam,
796 1158 911 1227 qui,
934 1166 993 1211 ut
1009 1160 1148 1213 male
1168 1167 1508 1230 precaretur,
1531 1160 1835 1214 conductus
1858 1156 2115 1212 mercede

535 1248 734 1313 fuerat,
780 1249 847 1302 ad
874 1249 1313 1305 benedicendum
1360 1248 1767 1320 convertisset),
1807 1258 1869 1303 ut
1907 1248 2001 1319 qui
2043 1247 2114 1303 ad

537 1354 808 1393 summam
833 1339 1048 1393 consilii
1077 1339 1317 1410 inopiam
1348 1349 1533 1395 essent
1550 1342 1663 1411 jam
1696 1340 1942 1405 adducti,
1974 1340 2117 1394 hanc

491 1472 504 1485 .
537 1429 640 1499 ipsi
665 1444 852 1483 secum
882 1431 1149 1485 rationem
1177 1432 1439 1496 inierunt,
1480 1447 1590 1485 non
1624 1447 1681 1486 se
1713 1432 1819 1485 alia
1842 1432 1930 1485 via
1952 1446 2114 1499 posse

535 1519 809 1574 lsraelitas
837 1519 1054 1587 laedere,
1082 1521 1187 1576 nisi
1208 1521 1400 1587 Deum,
1424 1521 1481 1575 in
1508 1537 1617 1591 quo
1638 1520 1951 1592 praesidium
1981 1520 2115 1591 ipsis

535 1618 657 1663 erat
690 1612 1087 1675 constitutum,
1132 1611 1515 1676 offendissent,
1556 1626 1621 1666 ac
1651 1611 1845 1665 nudati
1878 1626 2117 1681 superno

540 1701 769 1766 auxilio,
788 1717 1026 1771 pugnam
1047 1701 1312 1757 adversus
1335 1702 1483 1772 ipsos
1506 1701 1803 1755 ineundam
1818 1700 2112 1755 ducerent.

537 1791 748 1862 Itaque,
768 1807 891 1846 cum
911 1791 1115 1846 scirent
1133 1790 1405 1846 fervidum
1427 1807 1545 1845 csse
1568 1790 1927 1845 masculinum
1945 1805 2117 1860 genus

540 1896 604 1935 ac
631 1896 871 1950 praeceps
894 1881 951 1934 in
969 1879 1201 1935 feminas
1222 1897 1236 1945 ;
1261 1888 1317 1933 et
1342 1879 1606 1933 adversus
1629 1877 1898 1950 ejusmodi
1921 1878 2116 1933 obsce-

539 1971 796 2025 nissimas
828 1971 1139 2041 voluptates
1172 1985 1283 2024 non
1307 1985 1428 2024 esse
1466 1977 1636 2024 tutam
1667 1967 2115 2033 adolescentiam,

541 2060 897 2116 mulierculas
942 2060 1318 2115 submiserunt
1373 2067 1686 2124 exornatas,
1731 2074 1851 2129 quae
1878 2057 2117 2113 ﬁliosls-

541 2152 653 2205 rael
680 2150 747 2204 ad
789 2159 1005 2221 turpem
1034 2149 1489 2206 consuetudinem
1519 2149 1935 2219 pertraherent;
1979 2163 2117 2219 qua-

549 2259 673 2298 rum
737 2242 920 2314 specie
972 2242 1229 2297 facillime
1277 2241 1637 2313 capiebantur
1688 2240 2001 2312 quicunque
2049 2238 2119 2293 ad

542 2334 723 2391 carnis
751 2333 884 2388 vitia
923 2332 1195 2404 proclives
1220 2340 1414 2400 erant;
1450 2341 1507 2387 et
1532 2332 1752 2386 illarum
1787 2330 2119 2386 sententiam

544 2433 837 2495 sequentes
856 2423 1059 2478 sensim
1086 2438 1116 2477 a
1144 2422 1241 2477 Dei
1272 2423 1427 2477 cultu
1463 2421 1895 2477 deducebantur.
1931 2420 2119 2490 Itaque

545 2516 652 2570 illis
698 2515 766 2570 ad
816 2513 1197 2569 fornicationis
1253 2513 1508 2568 morbum
1552 2512 1837 2583 apostasia:
1890 2512 2119 2581 languor

545 2604 857 2660 accedebat.
888 2603 1165 2674 Scriptum
1188 2612 1272 2657 est
1294 2602 1442 2657 enim
1469 2620 1483 2656 :
1515 2586 1624 2657 '«Et
1647 2601 1898 2656 initiatus
1919 2610 2003 2657 est
2020 2617 2120 2673 po-

547 2697 708 2767 pulus
729 2696 1065 2766 Beclphegor
1089 2696 1154 2749 ".
1170 2714 1187 2746 ι
1215 2695 1273 2750 ld
1301 2696 1480 2767 ipsum
1503 2695 1894 2767 prophetarum
1907 2710 2124 2765 quoque

547 2800 681 2839 voce
719 2785 797 2838 sic
823 2783 959 2838 dixit
995 2784 1139 2838 Deus
1176 2801 1189 2835 :
1230 2802 1248 2836 ι
1282 2784 1350 2839 Ει
1385 2785 1621 2856 populus
1650 2783 1957 2856 intelligens
1990 2799 2123 2838 con-

545 2879 767 2950 junctus
792 2886 1011 2932 estcum
1028 2878 1312 2934 meretrice
1330 2880 1393 2932 9°.
1406 2899 1423 2930 ι
1444 2879 1569 2935 Haec
1586 2878 1786 2950 ﬂagitia
1803 2878 2121 2950 gravissime

550 2970 697 3037 tulit,
751 2984 856 3025 nec
899 2969 1211 3034 immerito,
1262 2969 1574 3041 legislator;
1629 2984 1807 3039 neque
1855 2968 2120 3039 impunita

2214 878 2394 946 σφίσιν
2428 877 2665 936 ἀνοσίοις
2688 871 3100 943 ἐπιτηδεύμασι,
3135 866 3633 940 προσαποσείεσθαι
3659 865 3789 927 τοὺς

2213 968 2459 1039 ἐχθρούς.
2506 965 2724 1037 Ἐπειδὴ
2752 964 2809 1018 δὲ
2841 963 3017 1017 πάντα
3057 960 3293 1033 δρῶντες
3318 997 3333 1021 ,
3364 957 3584 1027 ἠδίκουν
3611 957 3787 1019 οὐδὲν,

2213 1060 2346 1114 Θεοῦ
2389 1057 2854 1130 προασπίζοντος,
2903 1056 2995 1109 καὶ
3024 1053 3117 1107 τδν
3162 1050 3525 1121 ψευδόμαντιν
3555 1048 3791 1117 Βαλαάμ

2214 1149 2295 1212 εἱς
2323 1147 2384 1200 τὸ
2417 1148 2659 1215 εὐλογεῖν
2686 1144 3129 1215 περιτρέποντος,
3167 1139 3262 1193 καί
3283 1156 3367 1192 τοι
3393 1138 3528 1208 πρὸς
3559 1137 3621 1191 τὸ
3650 1138 3790 1190 ἑπα-

2180 1263 2195 1277 ·
2218 1241 2414 1313 ρᾶσθαι
2447 1240 2557 1292 δεῖν
2593 1234 3077 1310 μεμισθαρνηκότα
3100 1232 3175 1295 ὡς
3195 1232 3253 1284 ὲν
3280 1230 3539 1301 ἀπορίαις
3568 1229 3673 1299 ἤδη
3703 1245 3792 1296 γε-

2215 1334 2429 1404 νόμενοι
2460 1334 2578 1395 ταῖς
2603 1330 2880 1400 ἐσχάταις,
2908 1323 3214 1395 ἐλογίζοντο
3239 1323 3384 1377 κατά
3409 1324 3550 1391 σφᾶς
3567 1321 3787 1386 αὐτοὺς,

2221 1426 2296 1496 μὴ
2325 1424 2389 1478 ἂν
2418 1422 2617 1494 ἑτέρως
2649 1419 2888 1490 ἰσχύσειν
2914 1417 3168 1487 ἀδικῆσαι
3206 1414 3297 1467 τὸν
3342 1411 3581 1484 Ἰσραὴλ,
3627 1412 3677 1464 εἱ
3715 1410 3790 1481 μὴ

2219 1514 2339 1584 Θεῷ
2366 1512 2443 1583 τῷ
2465 1510 2825 1582 προεστηκότι
2852 1505 3305 1578 προσκρούσειαν,
3336 1502 3431 1556 καὶ
3457 1502 3657 1572 γυμνοὶ
3689 1504 3789 1570 τῆς

2218 1604 2423 1661 ἄνωθεν
2459 1600 2776 1672 ἐπικουρίας
2803 1599 2903 1669 τῆς
2935 1597 3072 1671 πρὸς
3112 1595 3309 1658 αὐτοὺς
3333 1636 3347 1659 ,
3379 1594 3536 1664 εἴπερ
3561 1593 3785 1656 ἕλοιντο,

2220 1696 2566 1764 συγκροτοῖεν
2608 1691 2806 1764 μάχην.
2861 1690 3074 1752 Εἱδότες
3130 1688 3175 1742 δ’
3211 1688 3294 1740 ὅτι
3342 1686 3544 1757 θερμόν
3590 1702 3651 1738 τε
3696 1685 3788 1737 καὶ

2219 1788 2453 1859 προαλὲς
2483 1787 2562 1850 είς
2598 1802 2661 1855 γε
2688 1784 2753 1838 τὸ
2779 1781 2910 1854 θῆλυ
2940 1780 3002 1835 τὸ
3029 1780 3217 1852 ἄρσεν,
3247 1781 3342 1834 καὶ
3381 1781 3498 1841 ταῖς
3526 1779 3606 1841 εἱς
3632 1776 3789 1830 τοῦτο

2221 1878 2638 1951 μυσαρωτάταις
2666 1875 2881 1946 ἡδοναῖς
2909 1874 3008 1927 οὐκ
3030 1871 3276 1941 ἀσφαλὴς
3297 1873 3330 1941 ἠ
3356 1870 3561 1940 νεότης,
3592 1868 3789 1937 γύναια

2218 1970 2479 2025 καθίεσαν
2517 1967 2927 2040 ὲξωραῖσμένα,
2974 1965 3111 2037 πρὸς
3150 1962 3369 2034 ὁμιλίαν
3399 1960 3499 2015 οὐκ
3537 1960 3790 2031 εὐπρεπῆ

2218 2064 2335 2125 τοῖς
2367 2059 2431 2125 ἔξ
2474 2059 2710 2131 Ἰσραὴλ,
2751 2052 2826 2112 ὧν
2855 2060 2978 2121 ταῖς
3023 2056 3193 2128 ὥραις
3226 2054 3550 2124 ἑτοιμότατα
3588 2068 3790 2122 συνηρ-

2220 2151 2422 2217 πάζετο
2444 2152 2551 2204 πᾶν
2575 2151 2698 2202 ὅσον
2718 2144 2785 2218 ῆν
2810 2147 3033 2210 εὐπετὲς
3066 2147 3145 2208 είς
3172 2145 3235 2198 τὸ
3268 2146 3444 2198 νοσεῖν
3470 2142 3539 2197 τά
3566 2142 3788 2213 σαρκὸς,

2220 2241 2618 2314 παρεκομίζετό
2640 2257 2700 2293 τε
2734 2238 2876 2294 κατά
2897 2238 3071 2310 βραχὺ
3109 2236 3210 2307 τῆς
3234 2237 3313 2298 εἱς
3351 2235 3482 2289 Θεὸν
3512 2233 3790 2305 λατρείας,

2218 2335 2339 2398 ταῖς
2365 2333 2588 2386 ἐκείνων
2614 2332 2868 2402 ἑπόμενοι
2897 2328 3163 2399 γνώμαις.
3188 2326 3622 2399 Συνηῤῥώστουν
3641 2341 3701 2377 τε
3722 2325 3790 2395 τῇ

2228 2425 2451 2496 πορνείᾳ
2499 2424 2598 2494 τὴν
2627 2422 2947 2476 ἀπόστασιν.
2976 2421 3287 2491 Γέγραπται
3307 2419 3413 2487 γάρ
3435 2431 3449 2445 ⁸
3485 2434 3505 2467 ι
3538 2416 3654 2469 Καὶ
3675 2416 3793 2468 ἑτε-

2225 2516 2392 2587 λέσθη
2422 2518 2449 2567 6
2475 2514 2603 2578 λαὸς
2628 2513 2706 2584 τῷ
2733 2512 3073 2583 Βεελφεγώρ.
3104 2531 3122 2565 ι
3158 2509 3298 2564 Αὐτὸ
3326 2508 3383 2561 δὲ
3406 2506 3557 2561 τουτὶ
3583 2507 3681 2560 καὶ
3706 2506 3797 2560 διά

2223 2608 2407 2678 φωνῆς
2439 2606 2737 2678 προφητῶν
2785 2604 2889 2675 ἔφη
2926 2603 3057 2668 Θεός
3077 2618 3092 2634 ο
3127 2621 3146 2655 ι
3187 2601 3298 2656 Καὶ
3328 2603 3356 2655 6
3381 2598 3508 2663 λαὸς
3531 2600 3560 2652 6
3594 2597 3795 2652 συνιὼν

2225 2699 2581 2754 συνεπλέκετο
2617 2696 2755 2769 μετά
2782 2696 3007 2768 πόρνης.
3042 2713 3062 2747 ι
3112 2693 3438 2763 Ἤγανάκτει
3461 2693 3559 2763 μὲν
3579 2685 3675 2744 οὖν
3699 2688 3797 2744 καὶ

2226 2791 2463 2863 μάλιστα
2495 2791 2720 2854 εἰκότως
2755 2789 2845 2842 ἐπὶ
2870 2787 3082 2850 τούτοις
3112 2788 3141 2839 6
3165 2784 3492 2856 νομοθέτης,
3524 2782 3620 2836 καὶ⁵
3639 2776 3711 2850 ῆν
3732 2778 3798 2832 τδ

2229 2884 2418 2956 χρῆμα
2442 2884 2554 2945 τοῖς
2582 2881 2643 2947 ἐξ
2692 2879 2908 2951 Ἰσραὴλ
2935 2879 3035 2932 οὐκ
3077 2877 3330 2947 ἀζήμιον.
3374 2875 3462 2929 Ἐν
3496 2873 3798 2944 άφορήτοις

2228 2974 2337 3044 γάρ
2369 2970 2509 3044 ἦσαν
2552 2972 2710 3036 εὐθὺς
2743 2972 2830 3026 διά
2859 2969 3017 3026 τοῦτο
3065 2971 3403 3041 συμφοραῖς,
3433 2964 3667 3035 ἀδελφοῦ
3700 2964 3799 3018 καὶ

550 3062 806 3118 lsraelitis
825 3077 886 3118 ea
908 3077 995 3117 res
1028 3060 1165 3127 fuit;
1196 3060 1340 3115 illico
1354 3076 1589 3131 namque
1613 3061 1733 3132 ejus
1748 3060 1937 3131 flagitii
1959 3075 2122 3115 causa

2226 3066 2467 3135 γείτονος
2516 3064 2919 3135 δαπανωμένων
2969 3062 3113 3133 χειρὶ
3159 3062 3268 3115 τῶν
3324 3057 3798 3131 πεπορνευκότων.

552 3154 692 3209 mala
737 3153 882 3224 passi
925 3160 1054 3209 sunt
1098 3169 1211 3207 non
1254 3151 1514 3207 ferenda:
1568 3164 1691 3204 cum
1728 3150 1823 3220 qui
1868 3148 2122 3203 fornicati

2228 3155 2511 3228 Αίρεῖσθαι
2547 3155 2604 3208 δὲ
2636 3154 2772 3225 πρὸς
2809 3152 3174 3226 Μαδιηναίους
3207 3150 3368 3215 εὐθὺς
3397 3149 3653 3203 διετύπου
3698 3149 3802 3228 πό-

550 3244 804 3309 fuissent,
827 3244 1013 3299 fratris
1049 3259 1112 3299 ac
1133 3241 1368 3314 proximi
1392 3241 1477 3296 sui
1496 3240 1728 3311 quisque
1763 3254 1929 3294 manu
1959 3239 2126 3293 inter-

2229 3222 2393 3319 λεμον
2445 3246 2622 3316 λέγων
2661 3222 2797 3318 πρὸς
2824 3246 2917 3299 τὸν
2956 3222 3278 3317 ἱεροφάντην
3325 3242 3528 3299 Μωσέα
3562 3222 3736 3305 Θεόςί

552 3335 859 3391 licerentur.
893 3335 1155 3406 Praecepit
1184 3342 1367 3390 autem
1400 3334 1544 3388 Deus
1557 3333 1817 3390 continuo
1837 3340 1899 3389 ut
1930 3332 2122 3387 adver-

2225 3341 2475 3395 ιἘκδίκει
2517 3340 2620 3411 τὴν
2668 3338 2946 3410 ἐκδίκησιν
2981 3338 3087 3393 τῶν
3141 3337 3272 3392 υἱῶν
3312 3334 3528 3408 Ἰσραὴλ
3579 3336 3644 3388 ὲκ
3690 3333 3806 3387 τῶν

552 3441 645 3480 sus
673 3425 991 3480 Madianitas
1014 3424 1216 3479 bellum
1248 3422 1640 3494 susciperetur,
1663 3422 1853 3477 dicens
1886 3420 1955 3477 ad
1974 3421 2125 3494 Moy-

553 3529 669 3579 sen,
706 3514 859 3571 illum
888 3531 1168 3569 sacrorum
1192 3514 1549 3585 interpretem
1575 3532 1588 3568 :
1617 3534 1634 3564 ‹
1662 3513 1941 3571 Ulciscere
1964 3514 2128 3568 ultio—

553 3621 678 3660 nem
700 3604 937 3658 ﬁliorum
959 3605 1122 3659 Israel
1147 3605 1215 3659 de
1249 3604 1595 3672 Madianitis;
1632 3612 1688 3659 et
1719 3605 1788 3659 ad
1816 3613 2127 3661 extremum

555 3682 775 3752 adderis
800 3695 867 3750 ad
888 3696 1149 3765 populum
1180 3703 1355 3749 tuum.
1393 3694 1462 3750 Et
1485 3696 1702 3751 locutus
1721 3704 1805 3752 est
1826 3696 2037 3768 Moyses
2058 3696 2126 3753 ad

557 3786 842 3856 populum,
862 3784 1052 3838 dicens
1077 3801 1087 3835 :
1112 3782 1333 3839 Armate
1355 3799 1424 3838 ex
1442 3784 1600 3840 vobis
1625 3786 1793 3851 viros,
1825 3793 2127 3857 etpugnate

557 3888 742 3927 coram
777 3872 1009 3927 Domino
1053 3881 1245 3927 contra
1272 3873 1504 3939 Madian,
1550 3873 1782 3930 reddere
1827 3875 2125 3932 vindictam

559 3963 791 4018 Domino
813 3963 880 4017 de
902 3962 1137 4029 Madian,
1160 3963 1309 4018 mille
1338 3979 1408 4018 ex
1434 3964 1604 4031 tribu,
1633 3973 1689 4020 et
1708 3965 1858 4021 mille
1880 3981 1947 4021 ex
1978 3967 2126 4022 tribu

448 4078 453 4083 -
558 4070 625 4109 ex
646 4053 900 4108 omnibus
924 4052 1179 4107 tribubus
1212 4052 1376 4108 Israel
1414 4054 1616 4109 mittite
1655 4054 1723 4108 ad
1752 4057 2123 4127 pugnandum.

563 4142 723 4213 120
736 4144 803 4197 Et
816 4150 1175 4197 numerarunt
1194 4157 1260 4197 ex
1276 4143 1519 4197 millibus
1537 4142 1701 4198 Israel
1715 4143 1863 4200 mille
1874 4160 1940 4200 ex
1958 4147 2126 4216 tribu,

558 4233 850 4288 duodecim
903 4232 1074 4288 millia
1114 4240 1449 4288 armatorum
1485 4233 1541 4287 in
1586 4248 1851 4305 pugnam,
1886 4243 1944 4292 et
1979 4237 2129 4292 misit

557 4338 654 4378 eos
704 4324 918 4395 Moyses
957 4322 1106 4378 mille
1147 4323 1216 4378 de
1249 4323 1419 4388 tribu,
1457 4330 1514 4378 et
1544 4323 1694 4379 mille
1738 4324 1806 4380 de
1828 4325 1974 4382 tribu
2002 4343 2126 4382 cum

2229 3431 2572 3487 Μαδιανιτῶν
2595 3471 2611 3497 ,
2644 3430 2740 3484 καὶ
2784 3429 3006 3502 ἔσχατον
3054 3428 3335 3502 προσθήσῃ
3378 3425 3513 3498 πρὸς
3552 3425 3644 3480 τὸν
3671 3424 3808 3479 λαόν

2234 3540 2349 3577 σου.
2379 3523 2490 3576 Kal
2520 3521 2748 3593 ὲλάλησε
2768 3523 2971 3594 Μωσῆς
3002 3522 3139 3593 πρὸς
3159 3522 3248 3574 τὸν
3268 3520 3413 3585 λαὸν,
3441 3519 3637 3587 λέγων·
3655 3516 3809 3582 Ἐξο-

2233 3612 2461 3666 πλίσατε
2506 3612 2633 3677 τοὺς
2678 3612 2877 3685 ἄνδρας
2931 3611 2991 3677 ἐξ
3037 3611 3210 3683 ὑμῶν,
3259 3610 3354 3665 καὶ
3411 3605 3810 3679 παρατάξασθε

2232 3703 2413 3759 ἔναντι
2450 3704 2653 3775 Κυρίου
2698 3705 2788 3757 ἐπὶ
2815 3702 3064 3774 Μαδιάμ,
3099 3700 3387 3756 ἀποδοῦναι
3416 3697 3697 3771 ἐκδίκησιν
3729 3698 3811 3769 τῷ

2232 3794 2423 3867 Κυρίῳ
2454 3797 2519 3866 τῇ
2554 3793 2780 3865 Μαδιάμ
2802 3832 2818 3857 ,
2852 3794 3056 3864 χιλίους
3085 3793 3151 3845 ὲκ
3181 3790 3356 3861 φυλῆς
3381 3831 3397 3857 ,
3449 3790 3546 3843 καὶ
3593 3789 3810 3860 χιλίους

2234 3887 2298 3939 ὲκ
2323 3885 2513 3956 φυλῆς,
2548 3884 2613 3937 ὲκ
2650 3882 2840 3935 πασῶν
2879 3878 3059 3948 φυλῶν
3087 3878 3219 3931 υἱῶν
3265 3876 3503 3948 Ἰσραὴλ,
3545 3876 3811 3930 ἀποστεί-

2231 3975 2361 4030 λατε
2407 3972 2841 4046 παρατάξασθαι.
2893 3971 3002 4025 Καὶ
3051 3968 3427 4041 ἐξηρίθμησαν
3476 3969 3543 4021 ἐκ
3578 3967 3695 4021 τῶν
3727 3986 3810 4039 χι-

2232 4068 2427 4123 λιάδων
2462 4065 2678 4137 Ἰσραὴλ
2727 4064 2933 4135 χιλίους
2981 4064 3048 4117 ὲκ
3088 4061 3260 4132 φυλῆς
3301 4059 3511 4113 δώδεκα
3556 4059 3809 4130 χιλιάδας

2232 4155 2667 4227 ἐνωπλισμένους
2693 4157 2773 4219 εἱς
2794 4153 3121 4227 παράταξιν,
3142 4153 3237 4208 καὶ
3261 4151 3583 4207 ἀπέστειλεν
3604 4151 3809 4214 αὐτοὺς

2230 4246 2434 4316 Μωσῆς
2460 4244 2664 4316 χιλίους
2691 4246 2755 4299 ὲκ
2789 4245 2986 4314 φυλῆς,
3015 4245 3108 4299 καὶ
3134 4243 3339 4316 χιλίους
3376 4243 3441 4297 ὲκ
3477 4243 3675 4314 φυλῆς,
3713 4245 3812 4298 σὺν

2230 4336 2456 4408 δυνάμει
2502 4336 2681 4390 αὐτῶν
2704 4353 2719 4367 ο
2752 4337 2847 4391 καὶ
2889 4336 2980 4391 τὸν
3022 4336 3207 4399 Φινεὲς
3234 4334 3348 4390 υίὺν
3389 4332 3654 4404 Ἐλεάζαρ
3690 4332 3810 4387 υἱοῦ

558 4413 802 4470 exercitu
859 4429 1051 4469 eorum
1094 4431 1108 4468 :
1166 4422 1223 4470 et
1259 4414 1502 4470 Phinees
1552 4413 1697 4472 illius
1760 4417 1986 4474 Eleazar
2030 4418 2122 4473 filii

2247 4426 2458 4500 ’Δαρὼν
2484 4426 2579 4481 τοῦ
2614 4428 2838 4500 ἱερέως,
2874 4428 2967 4483 καὶ
3011 4426 3082 4482 τά
3115 4428 3283 4499 σκεύη
3316 4428 3383 4482 τά
3417 4427 3583 4495 ἅγια,
3619 4427 3726 4480 καὶ
3752 4425 3812 4478 αἱ

568 4508 749 4562 Aaron
776 4507 1095 4573 sacerdotis,
1136 4514 1195 4561 et
1214 4522 1342 4561 vasa
1370 4514 1575 4573 sancta,
1609 4515 1663 4563 et
1690 4510 1833 4565 tuba:
1853 4511 2122 4583 signorum

2238 4519 2537 4590 σάλπιγγες
2556 4520 2666 4574 τῶν
2696 4521 2980 4593 σημασιῶν
3012 4520 3071 4575 ὲν
3097 4521 3218 4583 ταῖς
3251 4520 3438 4590 χερσὶν
3463 4516 3644 4571 αὐτῶν
3663 4557 3682 4581 ,
3713 4517 3812 4571 καὶ

560 4597 619 4652 in
645 4598 899 4653 manibus
928 4612 1143 4652 eorum.
1177 4597 1245 4652 Et
1272 4609 1654 4669 pugnaverunt
1672 4612 1862 4656 contra
1892 4600 2127 4667 Madian,

560 4688 703 4744 sicut
739 4687 1002 4759 praecepit
1032 4687 1297 4743 Dominus
1323 4689 1512 4761 Moysi,
1536 4699 1593 4746 et
1617 4691 1942 4747 occiderunt
1966 4706 2131 4747 omne

560 4780 945 4845 masculinum,
988 4787 1046 4836 et
1094 4794 1250 4849 reges
1316 4780 1532 4837 Madian
1596 4783 1918 4839 occiderunt
1967 4783 2131 4839 simul

560 4870 1001 4927 cumvulneratis
1023 4885 1236 4935 eorum,
1265 4881 1323 4928 et
1350 4873 1470 4938 Evi,
1501 4881 1557 4928 et
1586 4875 1814 4941 Rocom,
1842 4883 1898 4931 et
1926 4875 2051 4941 Sus,
2075 4883 2132 4931 et

560 4961 660 5025 Ur,
703 4970 761 5016 et
808 4962 1019 5027 Roboc,
1064 4960 1308 5033 quinque
1358 4979 1517 5036 reges
1550 4965 1782 5031 Madian,
1821 4973 1875 5019 et
1920 4964 2137 5019 Balaam

562 5051 738 5105 ﬁlium
774 5050 915 5106 Beor
943 5051 1271 5108 occiderunt
1303 5054 1484 5125 gladio
1511 5055 1673 5109 simul
1694 5069 1819 5109 eum
1835 5054 2140 5110 vulneratis

563 5155 791 5209 eorum;
839 5150 897 5197 et
923 5142 1165 5214 captivas
1205 5144 1481 5201 duxerunt
1522 5144 1781 5199 mulieres
1821 5144 2053 5209 Madian,
2082 5153 2139 5199 et

566 5232 958 5302 supellectilem
990 5249 1205 5302 eorum,
1237 5245 1293 5292 et
1320 5249 1518 5307 pecora
1550 5247 1762 5298 eorum,
1786 5248 1919 5303 opes
1940 5250 2131 5290 eorum

563 5333 620 5381 et
645 5324 955 5383 facultatem
998 5343 1191 5385 eorum
1219 5324 1532 5398 depopulati
1575 5331 1722 5388 sunt,
1749 5331 1805 5379 et
1828 5339 2020 5381 omnes
2050 5327 2130 5381 ci-

568 5417 762 5478 vitates
781 5438 994 5493 eorum,
1016 5438 1140 5495 quae
1154 5425 1314 5479 amnt
1344 5416 1400 5469 in
1433 5414 1869 5471 habitationibus
1907 5432 2125 5487 eorum,

637 5559 682 5591 ⁷⁸
700 5560 861 5617 Num.
903 5578 1030 5628 xxv,
1050 5562 1103 5615 '5.
1179 5559 1225 5592 '°
1241 5556 1381 5612 Osee
1403 5571 1478 5620 v1,
1504 5555 1592 5610 14.

640 5702 716 5772 (l)
744 5702 876 5758 Cod.
910 5701 1120 5765 Vatic.,
1157 5693 1571 5766 πολεμούμενοι,
1612 5693 1879 5751 bellaturi.

2235 4607 2612 4678 παρετάξαντο
2644 4608 2737 4661 ὲπὶ
2789 4608 3049 4679 Μαδιάμ,
3085 4607 3229 4662 καθά
3261 4606 3564 4662 ἐνετείλατο
3595 4604 3810 4676 Κύριος

2234 4697 2313 4769 τῷ
2339 4698 2548 4764 Μωσεϊ,
2586 4698 2681 4754 καὶ⁸
2713 4698 3041 4755 ἀπέκτειναν
3070 4700 3177 4752 πᾶν
3207 4698 3516 4769 ἀρσενικὸν,
3553 4696 3649 4750 καὶ
3679 4696 3810 4759 τοὺς

2235 4787 2473 4859 βασιλεῖς
2507 4788 2734 4860 Μαδιάμ
2757 4828 2773 4853 ,
2804 4788 3133 4843 ἀπέκτειναν
3161 4788 3275 4858 ἅμα
3306 4791 3416 4852 τοῖς
3437 4787 3813 4859 τραυματίαις

2234 4879 2432 4935 αὐτῶνθ
2462 4879 2667 4933 καὶτὸν
2691 4880 2907 4945 Νευεὶν,
2931 4881 3025 4934 καὶ⁸
3048 4881 3140 4935 τὸν
3171 4880 3377 4946 Ῥοκδν,
3401 4879 3494 4933 καὶ
3519 4878 3610 4933 τὸν
3637 4880 3809 4950 Σοὺρ,

2234 4969 2330 5025 xal
2354 4969 2444 5025 τὸν
2466 4969 2600 5042 Οὓρ,
2631 4972 2831 5026 καὶτὸν
2870 4972 3083 5037 Ῥοὸδκ,
3113 4972 3275 5026 πέντε
3305 4971 3540 5042 βασιλεῖς
3554 4970 3810 5041 Μαδιάμ,

2234 5061 2330 5114 καὶ
2361 5061 2453 5115 τὸν
2484 5061 2713 5132 Βαλαάμ
2747 5062 2863 5116 υίὺν
2892 5061 3066 5133 Βεὼρ,
3107 5061 3433 5116 ἀπέκτειναν
3462 5060 3522 5113 ἐν
3554 5059 3814 5131 ῥομφαίᾳ

2238 5148 2337 5201 σὺν
2369 5152 2482 5214 τοῖς
2512 5150 2878 5221 τραυματίαις
2907 5149 3083 5204 αὐτῶν
3105 5167 3118 5180 ⁸
3150 5150 3243 5203 καὶ
3266 5139 3675 5220 προενόμευσαν
3712 5149 3813 5210 τὰς

2237 5242 2503 5308 γυναῖκας
2532 5241 2778 5313 Μαδιάμ,
2811 5242 2905 5296 καὶ
2928 5240 3026 5311 τὴν
3050 5241 3360 5309 ἀποσκευὴν
3386 5239 3565 5292 αὐτῶν
3584 5280 3599 5303 ,
3622 5239 3720 5292 καὶ
3741 5240 3812 5291 τά

2237 5330 2407 5402 κτήνη
2433 5330 2634 5397 αὐτῶν,
2658 5333 2752 5386 καὶ
2773 5333 2948 5387 πάντα
2984 5332 3052 5386 τά
3079 5331 3319 5401 ἔγκτητα
3350 5328 3550 5398 αὐτῶν,
3581 5328 3679 5382 καὶ
3708 5330 3812 5397 τὴν

2235 5419 2462 5492 δύναμιν
2496 5422 2675 5479 αὐτῶν
2709 5423 3130 5496 προενόμευσαν,
3163 5422 3256 5477 καὶ
3282 5421 3459 5485 πάσας
3488 5420 3589 5485 τάς
3619 5421 3816 5488 πόλεις
