3968 6300
206 316 316 375 525

955 321 1043 376 DE
1085 321 1524 379 ADORATIONE
1564 319 1629 376 IN
1665 314 1934 375 SPIRITU
1976 316 2062 372 ΕΤ
2101 296 2473 373 VERITATE.
2507 314 2635 371 LIB.
2671 315 2757 371 IV.

3355 316 3461 375 526

207 433 392 488 αὐτῶν
424 430 520 494 τὰς
554 431 612 484 ἐν
646 432 764 496 ταῖς
793 434 1099 498 κατοικίαις
1124 435 1323 496 αὐτῶν,
1364 435 1459 488 καὶ
1486 434 1584 498 τὰς
1617 432 1778 487 ὲπαύε

1891 441 1946 487 ct
1964 430 2115 484 vicos
2133 444 2327 483 eorum
2347 428 2769 484 combusscrunt
2791 428 2921 499 igni,
2951 439 3007 484 et
3036 438 3301 501 ceperunt
3324 447 3455 487 om-

208 524 322 586 λεις
342 521 522 575 αὐτῶν
542 520 850 592 ἐνέπρησαν
879 524 937 576 ἐν
960 524 1127 594 πυρὶ,
1148 526 1241 579 καὶ
1261 523 1450 578 ἔλαϐον
1486 525 1665 577 πᾶσαν
1692 525 1790 593 τὴν

209 609 494 683 προνομὴν
525 609 703 664 αὐτῶν
720 627 732 640 ·
759 612 850 664 καὶ
880 613 1055 666 πάντα
1074 612 1141 666 τά
1163 613 1334 668 σκῦλα
1356 614 1536 668 αὐτῶν
1562 612 1671 667 ἀπὸ
1699 614 1792 668 ἅν-

209 701 432 770 θρὼπου
449 700 553 762 ἕως
571 702 817 772 κτήνους,
838 703 930 755 καὶ
952 703 1154 773 ἤγαγον
1167 705 1304 777 πρὸς
1321 704 1523 775 Μωσῆν
1544 704 1638 759 καὶ
1654 704 1790 776 πρὸς

220 791 486 863 Ἐλεάζαρ
513 792 604 846 τὸν
636 788 805 863 ίέρέα,
834 794 926 847 καὶ
951 794 1088 865 πρὸς
1120 795 1328 859 πάντας
1351 797 1477 859 τοὺς
1504 796 1651 859 υἱοὺς
1689 796 1789 848 Ίσ-

207 882 351 953 ραὴλ
365 882 464 952 τὴν
475 882 849 951 αἰχμαλωσίαν
868 884 967 940 καὶ
994 884 1062 939 τά
1080 884 1251 938 σκῦλα
1277 885 1370 938 καὶ
1390 886 1487 956 τὴν
1508 885 1788 956 προνομὴν

205 977 286 1039 είς
301 974 401 1045 τὴν
418 972 765 1044 παρεμϐολὴν
779 976 858 1037 είς
890 974 1134 1045 ’Ᾱραῦὼθ
1151 974 1341 1039 Μωὰϐ,
1361 977 1396 1047 ἦ
1418 977 1564 1029 ἐστιν
1588 976 1681 1029 ἐπὶ
1691 972 1785 1030 τοῦ

220 1066 486 1135 Ἰορδάνου
509 1064 649 1118 κατὰ
673 1064 898 1135 Ἱεριχὼ.
919 1066 1029 1119 Καὶ
1051 1064 1238 1137 ἐξῆλθε
1254 1068 1457 1138 Μωσῆς
1474 1067 1568 1120 καὶ
1606 1066 1787 1122 Ἐλεά-

206 1154 310 1222 ζαρ
331 1159 362 1210 ὁ
383 1157 561 1226 ἱερεὺς
584 1196 599 1222 ,
638 1157 729 1210 καὶ
755 1157 955 1220 πάντες
973 1158 1025 1210 οἱ
1058 1157 1315 1228 ἄρχοντες
1336 1159 1434 1228 τῆς
1465 1159 1784 1231 συναγωγῆς

206 1249 286 1310 εἰς
302 1249 625 1319 συνάντησιν
636 1247 817 1312 αὐτοῖς
829 1247 854 1300 ἔ
860 1246 935 1312 ξω
947 1248 1043 1318 τῆς
1060 1265 1200 1319 παρε
1208 1248 1379 1319 μδολῆ
1387 1248 1529 1315 ς,καὶ
1538 1248 1781 1320 ὠργίσθη

207 1340 417 1408 Μωσῆς
440 1339 533 1392 ἐπὶ
568 1342 682 1402 τοῖς
710 1340 1025 1403 ἐπισκόποις
1054 1343 1151 1411 τῆς
1183 1339 1464 1411 δυνάμεως
1482 1340 1813 1410 χιλιάρχοιςκ

128 1450 133 1463 ι
211 1431 309 1484 καὶ
360 1431 781 1503 ἑκατοντάρχοις
811 1434 923 1494 τοῖς
964 1432 1280 1503 ἐρχομένοις
1309 1433 1376 1484 ὲκ
1412 1434 1509 1503 τῆς
1538 1431 1784 1501 παρατά-

210 1518 344 1583 ξεως
378 1520 474 1572 τοῦ
506 1520 747 1591 πολέμου
767 1536 780 1550 °
837 1521 932 1576 καὶ
961 1517 1115 1574 εἶπεν
1158 1523 1341 1585 αὐτοῖς
1370 1522 1574 1592 Μωσῆς
1596 1538 1609 1553 ·
1664 1524 1780 1575 Ἴνα

204 1612 259 1664 τί
281 1613 635 1683 ἐζωγρήσατε
676 1613 783 1667 πᾶν
813 1612 945 1683 θῆλυ
974 1631 988 1679 ;
1016 1607 1174 1667 αὗται
1202 1614 1310 1686 7&9
1338 1608 1479 1683 ἦσαν
1504 1615 1613 1676 τοῖς
1645 1614 1780 1677 υἱοῖς

219 1701 437 1771 Ἰσραὴλ
467 1701 607 1755 κατὰ
629 1701 689 1755 τὸ
712 1702 861 1772 ῥῆμα
886 1702 1133 1772 Βαλαὰμ,
1162 1702 1253 1757 τοῦ
1279 1703 1654 1773 ἀποστατήσω
1683 1702 1779 1757 καὶ¹

1892 537 2018 576 nem
2068 521 2309 592 praedam
2355 536 2567 585 eorum,
2615 530 2671 575 et
2706 521 2890 575 omnia
2930 523 3103 591 spolia
3142 540 3334 580 eorum
3390 526 3459 580 ab

1892 611 2112 666 homine
2138 624 2309 679 usque
2331 608 2399 665 ad
2438 624 2626 679 pecus,
2651 617 2710 663 et
2749 608 3027 663 duxerunt
3062 610 3131 664 ad
3164 612 3383 685 Moysen
3403 628 3462 670 et

1890 700 1959 756 ad
2003 701 2227 755 Eleazar
2263 699 2627 764 sacerdotem,
2668 706 2726 753 et
2769 698 2836 752 ad
2877 713 3070 754 omnes
3110 700 3250 757 ﬁlios
3293 705 3458 760 Israel

1890 791 2283 870 captivitatem,
2303 800 2362 846 et
2383 790 2555 860 spolia
2579 797 2636 844 et
2657 790 2897 860 praedam
2928 790 2984 844 in
3011 800 3208 857 castra,
3232 793 3285 847 in
3320 795 3458 850 Ara-
3562 792 3571 800 ’

1888 883 2024 939 both
2051 884 2228 947 Moab,
2269 898 2391 953 quas
2420 892 2506 937 est
2531 883 2587 936 in
2617 883 2855 939 Jordane
2899 892 3091 938 contra
3113 883 3354 940 Iericho.
3390 887 3460 942 Et

1885 976 2024 1031 exiit
2045 974 2254 1047 Moyses
2277 984 2333 1030 et
2348 976 2574 1031 Eleazar
2596 973 2870 1040 sacerdos,
2888 982 2945 1030 et
2973 991 3164 1031 omnes
3182 976 3458 1046 principes

1885 1082 2167 1139 synagoga:
2195 1065 2251 1120 in
2275 1081 2566 1121 occursum
2579 1081 2771 1121 eorum
2806 1073 2959 1121 extra
2983 1075 3182 1133 castra,
3208 1074 3264 1122 et
3288 1068 3459 1123 iratus

1883 1163 1968 1212 est
1996 1154 2177 1209 furore
2207 1154 2415 1227 Moyses
2434 1163 2625 1210 contra
2649 1155 3006 1225 imperatores
3024 1158 3300 1212 exercitus
3330 1159 3457 1213 mil-

1882 1245 2125 1301 lenarios
2156 1252 2213 1300 et
2241 1246 2595 1301 centuriones
2630 1247 2923 1302 venientes
2966 1263 3035 1302 ex
3065 1265 3246 1319 pugna
3286 1249 3453 1315 belli;

1881 1346 1937 1394 et
1972 1336 2113 1393 dixit
2140 1337 2221 1393 eis
2266 1338 2503 1409 Moyses:
2540 1339 2610 1394 Ut
2658 1338 2791 1408 quid
2816 1338 3000 1393 vivum
3030 1341 3253 1410 cepistis
3294 1357 3457 1397 omne
3510 1344 3529 1360 ’

1880 1429 2249 1485 femininum?
2282 1430 2546 1487 Haa'enim
2568 1430 2794 1486 fuerunt
2819 1431 2946 1485 ﬁliis
2982 1431 3145 1485 Israel
3163 1434 3314 1502 juxta
3333 1448 3457 1488 ver-

1892 1520 2023 1576 bum
2079 1522 2319 1589 Balaam,
2376 1530 2438 1578 ut
2492 1524 2894 1593 apostataretis,
2926 1532 2983 1579 et
3033 1527 3456 1582 contemneretis

1880 1618 2109 1673 verbum
2144 1613 2361 1669 Domini
2392 1610 2619 1684 propter
2655 1614 2905 1686 Phogor:
2942 1621 2999 1669 et
3021 1613 3162 1670 facta
3195 1623 3279 1670 est
3298 1615 3453 1686 plaga

1882 1710 1935 1763 in
1961 1722 2228 1779 synagoga
2250 1704 2465 1760 Domini
2491 1723 2505 1758 :
2528 1714 2583 1760 et
2610 1720 2757 1760 nunc
2791 1705 3024 1760 occidite
3052 1720 3213 1762 omne
3237 1722 3453 1761 mascu-

207 1790 483 1860 ὑπεριδεῖν
506 1790 566 1843 τὸ
605 1790 757 1862 ῥῆμα
789 1792 990 1863 Κυρίου
1011 1830 1025 1855 ,
1050 1792 1234 1844 ἕνεκεν
1266 1790 1458 1862 Φογώρ
1478 1805 1492 1819 ⁸
1522 1793 1616 1845 καὶ
1652 1792 1777 1860 ιγέ-

1882 1800 2056 1854 linum
2090 1801 2146 1853 in
2166 1799 2314 1853 omni
2341 1812 2554 1876 summa
2574 1803 2633 1851 et
2655 1812 2873 1852 omnem
2896 1798 3332 1868 mulierem,qua3
3351 1814 3452 1853 no-

207 1899 325 1935 νετο
366 1883 614 1954 ήπληγὴ
652 1885 711 1935 ὲν
749 1886 815 1953 τῇ
856 1886 1145 1954 συναγωγῇ
1193 1885 1403 1954 Κυρίου
1426 1902 1440 1916 ’
1501 1883 1597 1938 νῦν
1637 1885 1777 1938 ἀπο-

208 1975 454 2027 κτείνατε
472 1977 584 2028 πᾶν
612 1974 919 2046 ἀρσενικὸν,
941 1977 1000 2028 ὲν
1026 1977 1175 2045 πάσῃ
1195 1975 1464 2046 ἀπαρτίᾳ,
1480 1974 1576 2030 καὶ
1597 1977 1776 2031 πᾶσαν

206 2064 463 2131 γυναῖκα,
487 2064 609 2134 ἥτις
639 2063 779 2131 ἔγνω
800 2065 986 2134 κοίτην
1002 2064 1245 2136 ἄρσενος,
1276 2063 1653 2118 ἀποκτείνατε·
1682 2065 1778 2119 καὶ

207 2153 382 2206 πᾶσαν
430 2151 532 2223 τὴν
580 2153 853 2224 ἁπαρτίαν
886 2152 992 2206 τῶν
1020 2153 1321 2221 γυναικῶν,
1361 2154 1485 2225 ἥτις
1527 2155 1628 2208 οὐκ
1671 2150 1777 2209 οἶδε

204 2244 391 2314 κοίτην
435 2243 709 2314 ἄρσενος,
755 2243 1072 2315 ζωγρήσατε
1123 2245 1313 2310 αὑτάς.
1359 2264 1379 2297 ι
1426 2246 1611 2300 Ταῦτα
1642 2246 1777 2302 Θεοῦ

202 2333 766 2405 κεχρησμῳδηκότος,
805 2334 1098 2389 ἀπόλεκτοι
1134 2337 1341 2391 νεανίαι
1374 2338 1513 2409 πρὸς
1542 2339 1643 2410 τὴν
1679 2337 1775 2393 τοῦ

199 2426 443 2497 πολέμου
478 2424 896 2496 συνεκομίζοντο
928 2427 1117 2498 χρείαν
1138 2444 1153 2459 ·
1188 2430 1284 2482 καὶ
1303 2430 1412 2483 ἀπὸ
1433 2430 1615 2500 πάσης
1647 2448 1775 2485 συν-

199 2521 350 2591 ἐρρει
386 2518 561 2588 φυλῆς
583 2559 598 2582 ,
624 2518 797 2599 τδρὄι
831 2519 1070 2589 μάλιστα
1119 2519 1393 2591 τληπαθὲς
1422 2523 1516 2575 καὶ
1543 2522 1776 2593 δοκιμώ-

199 2628 383 2676 τατον,
420 2611 506 2664 ἵνα
523 2612 582 2663 τὸ
609 2609 702 2678 ἀφ’
728 2609 965 2681 ἑκάστης
995 2612 1332 2684 εὐδοκιμοῦν,
1364 2612 1588 2685 αὔχημα
1613 2615 1774 2688 γένη-

198 2720 289 2756 ται
331 2702 428 2756 τοῦ
472 2702 709 2767 παντὸς,
757 2703 854 2757 καὶ
885 2704 919 2773 ἠ
963 2703 1058 2756 τοῦ
1096 2705 1293 2776 μέρους
1341 2705 1664 2777 λαμπρότης
1695 2709 1776 2771 εἰς

199 2795 321 2848 ελον
351 2794 424 2848 τοι
459 2794 520 2847 τὸ
548 2792 844 2865 πλήρωμα,
878 2794 1018 2848 κατά
1048 2811 1111 2863 γε
1136 2796 1197 2848 τὸ
1227 2796 1332 2850 ὑπὸ
1360 2797 1573 2851 Παύλου
1599 2798 1776 2868 σοφῶς

201 2885 522 2956 εἰρημένον⁹
565 2904 585 2937 ‹
629 2886 754 2938 Ehe
787 2886 898 2954 7&9
933 2885 1131 2956 πάσχει
1163 2886 1221 2940 ἓν
1247 2888 1428 2958 μέλος,
1465 2889 1775 2960 συμπάσχει

204 2978 389 3032 πάντα
430 2977 500 3031 τὰ
531 2977 703 3048 μέλη·
735 2978 845 3031 εἴτε
869 2978 1149 3044 δοξάζεται
1175 2978 1233 3033 ἓν
1268 2979 1448 3051 μέλος,
1486 2982 1770 3054 συγχαίρει

198 3069 385 3124 πάντα
415 3069 485 3124 τὰ
509 3070 666 3142 μέλη.

273 3161 488 3215 ΠΛΛΛ.
530 3161 735 3233 Ὀρθῶς
761 3163 966 3234 διανοῇ.

270 3253 442 3306 ΚιῬ.
485 3253 963 3324 Κατεστρατεύετο
993 3253 1176 3308 τοίνυν
1212 3253 1322 3307 τῶν
1355 3252 1705 3325 Μαδιηναίων
1740 3256 1776 3326 ἠ

196 3348 312 3400 τῶν
346 3347 663 3402 άπολέκτων
712 3349 1067 3420 ἁλκιμωτάτη
1106 3347 1318 3419 πληθὺς
1340 3388 1354 3411 ,
1394 3348 1644 3410 συνόντος
1679 3347 1779 3402 αὕη

199 3443 320 3502 τοῖς
350 3439 535 3504 Φινεές
563 3458 624 3493 τε
656 3441 750 3494 τοῦ
780 3442 969 3513 ἱερέως
988 3481 1003 3504 ,
1055 3439 1149 3494 καὶ
1185 3439 1294 3492 τῶν
1326 3439 1496 3507 ἁγίων
1525 3439 1733 3492 σκευῶν
1761 3477 1776 3504 ,

198 3534 298 3586 καὶ
328 3533 434 3604 μὴν
466 3534 561 3587 καὶ
591 3534 923 3603 σαλπίγγων,
958 3532 1066 3587 τῶν
1094 3532 1440 3603 καλουμένων
1470 3530 1775 3602 σημασιῶν.

202 3625 316 3678 Καὶ
348 3623 459 3695 γάρ
497 3625 643 3677 ἐστιν
676 3623 763 3677 ἀεὶ
798 3622 1059 3685 σύνοπλός
1090 3638 1150 3674 τε
1185 3621 1280 3675 καὶ
1313 3618 1779 3690 συμπαραστάτης

200 3720 316 3781 τοῖς
349 3716 754 3789 ἀνδριζομένοις
779 3717 807 3769 ό
842 3714 1075 3787 Χριστὸς
1100 3754 1115 3778 ,
1150 3715 1178 3766 ὁ
1209 3712 1383 3784 μέγας
1414 3711 1569 3782 ήμῶν
1594 3711 1781 3782 ἀρχιε-

202 3810 356 3878 ρεύς·
394 3808 717 3862 συναθλοῦσι
741 3807 796 3861 δὲ
819 3808 913 3860 καὶ
930 3806 1174 3876 ἄγγελοι,
1205 3805 1453 3874 καθάπερ
1478 3805 1537 3856 ὲν
1561 3804 1778 3856 σκεύεσι

196 3904 316 3963 τοῖς
347 3900 525 3968 ἁγίοις
554 3898 995 3970 ὑποδηλούμενοι.
1038 3897 1217 3968 Σκεύη
1247 3897 1353 3968 γὰρ
1383 3896 1513 3965 ἆγια
1542 3895 1636 3949 καὶ
1666 3893 1777 3947 λει-

201 3993 493 4065 τουργικὰ,
535 3991 604 4045 τὰ
633 3995 691 4046 ὲν
719 3991 934 4065 οὐρανῷ
960 3990 1153 4058 λογικὰ
1184 3987 1490 4058 πνεύματα·
1521 3986 1776 4040 τέτακται

200 4085 311 4156 7&9
350 4083 507 4156 παρὰ
544 4082 679 4136 Θεοῦ
726 4083 865 4151 πρὸς
896 4081 1215 4153 ἐπικουρίαν
1246 4079 1423 4151 ἡμῶν.
1460 4077 1689 4149 Πάρεισι
1719 4074 1776 4127 δὲ

197 4178 354 4231 οὐδὲν
391 4172 554 4248 ἦττον
592 4176 685 4230 καὶ
714 4176 769 4228 αί
807 4172 1106 4241 σάλπιγγες
1133 4169 1243 4224 τῶν
1269 4168 1588 4240 σημασιῶν,
1620 4182 1777 4219 τουτ-

200 4270 319 4323 έστι
357 4269 470 4322 τῶν
506 4267 785 4339 θεηγόρων
826 4266 875 4319 οί
923 4264 1104 4332 λόγοι,
1156 4260 1218 4315 τὸ
1256 4260 1379 4313 τίνα
1423 4259 1535 4330 χρὴ
1575 4257 1774 4328 τρόπον

199 4359 665 4431 κατανδρίζεσθαι
696 4357 806 4410 τῶν
828 4355 1060 4428 ἐχθρῶν,
1089 4354 1209 4424 ἤτοι
1228 4351 1337 4405 τῶν
1360 4351 1416 4404 ὲν
1444 4351 1575 4420 ἡμῖν
1605 4347 1773 4400 ὄντων

1884 1892 1965 1946 vit
2000 1892 2207 1946 lectum
2242 1890 2510 1955 masculi;
2554 1891 2791 1946 occidite
2829 1898 2886 1944 et
2936 1905 3152 1945 omnem
3185 1906 3452 1947 summam

1883 1984 2215 2039 feminarum
2239 2023 2254 2047 ,
2285 1986 2417 2052 quasi
2445 1998 2558 2037 non
2589 1982 2743 2037 novit
2778 1983 2981 2038 lectum
3013 1984 3262 2048 masculi,
3302 1985 3454 2039 vivas

1885 2077 2072 2147 capite
2091 2090 2185 2130 eas
2217 2074 2284 2128 ".
2315 2072 2441 2135 Haec
2460 2088 2585 2128 cum
2605 2073 2856 2144 iussisset
2878 2074 3042 2139 Deus,
3064 2074 3190 2129 lecti
3224 2075 3455 2145 juvenes

1883 2168 1953 2224 ad
1998 2168 2210 2224 bellum
2262 2164 2561 2237 gerendum
2615 2164 3033 2229 conveniebant,
3065 2174 3121 2219 et
3160 2181 3192 2220 a
3229 2165 3454 2236 singulis

1903 2261 2183 2325 tribubus,
2227 2259 2321 2330 qui
2353 2258 2587 2313 maxime
2613 2257 2895 2312 laboribus
2925 2257 3221 2312 tolerandis
3249 2259 3449 2312 assueti

1884 2361 2063 2417 erant,
2099 2360 2155 2406 et
2183 2350 2249 2405 ad
2287 2349 2639 2421 pugnandum
2665 2348 3054 2418 probatissimi,
3083 2348 3449 2404 confluebant.

1884 2448 1947 2495 ut
1985 2440 2302 2509 quicunque
2324 2440 2392 2494 de
2434 2439 2663 2509 singulis
2697 2439 2952 2493 tribubus
2979 2439 3386 2503 excelluissent,
3414 2441 3452 2495 ii

1882 2531 2069 2601 gloriae
2090 2531 2293 2601 pepnlo
2325 2530 2582 2584 universo
2601 2536 2805 2593 essent,
2827 2536 2884 2584 et
2903 2530 3077 2598 partis
3105 2530 3270 2585 unius
3288 2530 3451 2586 nobi-

1882 2622 2010 2676 litas
2042 2621 2111 2676 ad
2156 2620 2557 2691 plenitudinem
2601 2626 2769 2674 totam
2811 2621 3145 2689 pertineret;
3196 2620 3452 2677 similiter

1881 2720 2047 2782 atque
2080 2720 2169 2767 est
2216 2727 2248 2766 a
2296 2712 2464 2766 Paulo
2511 2710 2912 2780 sapientissime
2956 2711 3210 2767 dictum:
3267 2731 3287 2765 ι
3322 2711 3451 2769 Sive

1880 2802 2028 2855 enim
2047 2801 2254 2871 patitur
2277 2815 2447 2855 unum
2468 2799 2797 2863 membrum,
2826 2802 3234 2870 compatiuntur
3266 2802 3450 2858 omnia

1883 2893 2161 2959 membra;
2203 2893 2318 2947 sive
2364 2891 2702 2963 gloriﬁcatur
2746 2906 2916 2945 unum
2950 2893 3277 2958 membrum,
3315 2909 3449 2949 con-

1881 2982 2119 3051 gaudent
2150 2982 2304 3050 121
2330 2983 2512 3035 omnia
2546 2981 2793 3036 membra
2818 2981 2884 3034 θ’.
2920 3000 2938 3032 ι

1953 3069 2151 3125 PALL.
2174 3071 2341 3125 Recte
2365 3070 2640 3141 intelligis.

1803 3128 1846 3187 ϐ
1946 3161 2104 3218 CYR.
2161 3128 2569 3217 Contendebatv
2598 3161 2764 3231 igitur
2819 3162 3078 3218 adversus
3134 3164 3450 3221 Madianitas

1876 3254 2175 3309 fortissima
2201 3253 2622 3308 lectissimorum
2646 3255 2909 3322 iuvenum
2947 3254 3094 3309 acies
3112 3295 3126 3319 ,
3154 3253 3449 3325 aderatque

1877 3364 1988 3403 una
2008 3346 2245 3401 Phlnees
2281 3344 2545 3399 sacerdos
2563 3383 2578 3408 ,
2609 3343 2839 3398 aderant
2857 3345 3023 3400 etiam
3050 3359 3180 3399 vasa
3208 3359 3362 3399 sacra
3386 3361 3451 3400 ac

1879 3438 2043 3501 tuba,
2074 3450 2196 3505 quae
2223 3434 2504 3504 signorum
2531 3432 2875 3487 dicebantur.
2911 3433 3139 3503 Semper
3168 3434 3314 3488 enim
3340 3452 3450 3491 una

1878 3543 2003 3584 cum
2030 3528 2117 3591 iis,
2141 3526 2235 3595 qui
2261 3540 2319 3579 se
2340 3523 2557 3578 fortiter
2581 3530 2797 3594 gerunt,
2823 3524 2986 3577 simul
3013 3524 3070 3578 in
3097 3524 3282 3589 armis,
3301 3533 3357 3580 et
3380 3526 3448 3581 ad

1877 3635 2038 3691 opem
2089 3617 2367 3673 ferendam
2399 3624 2600 3685 praesto
2638 3624 2725 3670 est
2773 3613 3044 3680 Christus,
3086 3630 3314 3686 magnus
3358 3617 3448 3672 ille

1876 3708 2122 3782 pontifex
2166 3714 2388 3767 noster:
2424 3706 2588 3761 simul
2626 3719 2844 3775 quoque
2876 3704 3054 3775 angeli
3087 3712 3330 3770 certant,
3352 3706 3448 3776 qui

1877 3800 2047 3857 sacris
2067 3799 2214 3855 vasis
2243 3797 2639 3869 significantur.
2661 3795 2859 3851 Sancta
2891 3795 3094 3866 quippe
3124 3810 3249 3850 vasa
3271 3835 3287 3861 ,
3311 3795 3451 3851 divi-

1876 3894 2073 3962 nisque
2106 3889 2427 3945 ministeriis
2447 3895 2593 3959 apta,
2620 3895 2748 3944 sunt
2787 3887 3081 3943 rationales
3114 3887 3193 3942 illi
3226 3888 3281 3942 in
3309 3889 3450 3944 caelo

1876 3983 2100 4054 spiritus
2128 3999 2141 4035 :
2174 3989 2302 4037 sunt
2330 3980 2475 4035 enim
2499 3995 2531 4034 a
2556 3979 2668 4034 Deo
2693 3979 2760 4035 ad
2787 3993 2948 4049 opem
2978 3979 3139 4034 nobis
3166 3978 3447 4037 ferendam

1874 4073 2143 4130 collocati.
2161 4070 2373 4129 Adsunt
2390 4070 2553 4124 etiam
2577 4068 2936 4123 nihilominus
2976 4068 3119 4122 tuba:
3145 4068 3443 4137 signorum,

1876 4166 1933 4221 id
1953 4173 2039 4221 est
2059 4164 2371 4219 divinorum
2390 4158 2809 4230 praedicatorum
2832 4173 3135 4221 sermones,
3166 4158 3260 4227 qui
3283 4173 3445 4227 aper-

1875 4257 2084 4313 tissime
2111 4252 2439 4324 signiﬁcent,
2465 4249 2924 4320 quemadmodum
2953 4248 3216 4302 adversus
3238 4247 3443 4313 hostes,

1874 4348 1931 4403 id
1965 4356 2049 4402 est
2068 4361 2182 4409 eas,
2212 4357 2335 4413 qua:
2354 4341 2516 4396 nobis
2541 4340 2718 4394 insitae
2746 4346 2906 4402 sunt,
2947 4336 3114 4392 animi
3152 4337 3444 4407 perturba-

197 4454 417 4516 παθῶν,
439 4448 497 4505 εὖ
525 4451 668 4522 μάλα
698 4448 1216 4521 κατασημαίνοντες.
1249 4442 1459 4498 Οὐκοῦν
1487 4440 1772 4495 ὑποτύπω-

1880 4439 2074 4501 tiones,
2110 4445 2332 4491 strenue
2358 4429 2706 4511 pugnandum
2742 4429 2833 4484 sit.
2867 4428 3008 4498 Ergo
3032 4426 3286 4482 sacerdos
3318 4427 3443 4497 qui-

200 4562 288 4608 σις
320 4541 559 4613 Χριστοῦ
595 4541 713 4611 μὲν,
746 4541 774 4592 ό
802 4538 1017 4608 ἱερεὺς,
1043 4536 1339 4598 τουτέστιν,
1370 4534 1399 4586 ὁ
1434 4531 1640 4592 Φινεὲς,
1670 4529 1771 4595 ἀγ-

196 4633 379 4704 γέλων
411 4633 504 4695 δὲ,
549 4630 717 4701 σκεύη
752 4629 819 4682 τὰ
871 4629 1035 4696 ἅγια·
1074 4625 1185 4680 τῶν
1214 4624 1273 4679 δὲ
1317 4623 1410 4677 τὸν
1457 4620 1600 4674 θεῖον
1639 4620 1773 4690 ἡμῖν

193 4719 648 4791 διακεκραγότων
689 4717 871 4787 λόγον,
903 4717 958 4770 αἱ
991 4715 1291 4783 σάλπιγγες
1317 4711 1426 4765 τῶν
1465 4707 1771 4780 σημασιῶν.

197 4810 365 4865 Οὕτω
397 4808 509 4880 γὰρ
542 4807 781 4879 ἀμογητὶ
813 4803 1182 4877 περιεσόμεθα
1226 4801 1337 4855 τῶν
1364 4797 1773 4868 ἀνθεστηκότων

194 4903 261 4956 ἄν
289 4899 533 4971 Χριστῷ,
564 4898 814 4966 λέγοντες
840 4897 901 4949 τὸ
930 4897 989 4948 ὲν
1026 4894 1278 4964 Ψαλμοῖς
1309 4892 1586 4963 ᾀδόμενονο
1618 4908 1637 4939 ι
1685 4888 1774 4941 Ἐν

197 4994 287 5047 σοὶ
317 4993 447 5055 τοὺς
484 4990 712 5062 ἐχθροὺς
741 4988 900 5061 ἡμῶν
927 4984 1309 5058 κερατιοῦμεν,
1346 4984 1439 5037 καὶ
1466 4985 1523 5035 ὲν
1554 4979 1630 5051 τῷ
1654 4979 1774 5033 ὀνό-

199 5085 338 5158 ματί
366 5100 461 5137 σου
484 5081 909 5150 ὲξουδενώσομεν
933 5080 1058 5142 τοὺς
1080 5074 1541 5144 ἐπανισταμένους
1561 5073 1711 5143 ἡμῖν.
1748 5089 1766 5121 ι

200 5182 275 5231 Ὃ
307 5177 375 5247 δὴ
418 5175 515 5229 καὶ
567 5172 916 5261 ⁸τξεπράχασιν
959 5170 1009 5223 οἱ
1052 5168 1122 5261 ιξ
1154 5166 1379 5261 -Ἱσραήλ
1401 5182 1415 5196 ·
1448 5165 1631 5261 πᾶσαν
1665 5163 1773 5233 7&9

190 5269 308 5323 τῶν
335 5254 687 5335 Μαδιηναίων
708 5262 864 5315 πόλιν
889 5277 951 5314 τε
978 5260 1074 5314 καὶ
1097 5259 1283 5330 χώραν
1307 5254 1774 5342 κατῴῃώσαντες,

195 5357 648 5430 παρεκομίζοντο
694 5353 832 5425 πρὸς
876 5349 1138 5420 Ἐλεάζαρ
1164 5349 1256 5403 τὸν
1299 5346 1445 5418 ἱερέα
1466 5387 1482 5413 ,
1511 5345 1608 5399 καὶ
1640 5344 1776 5416 πρὸς

199 5450 279 5502 πᾶ
287 5465 388 5501 σαν
404 5447 508 5517 τὴν
522 5443 844 5514 συναγωγὴν
859 5441 991 5496 υἱῶν
1027 5440 1245 5511 Ἰσραὴλ
1259 5439 1357 5508 τὴν
1376 5439 1467 5507 αἰχ
1475 5436 1770 5507 μαλωσίαψ

198 5539 327 5610 ἱερὰ
359 5540 470 5608 γὰρ
495 5536 688 5607 ὥσπερ
721 5533 1045 5604 ἀναθήματα
1072 5529 1152 5600 τῷ
1194 5528 1414 5600 Χριστῷ
1441 5527 1519 5598 τῷ
1561 5528 1777 5581 πάντων

275 5721 322 5757 ⁸¹
348 5722 517 5781 Num.
545 5735 624 5785 III,
652 5719 674 5772 I
719 5733 868 5790 seqq.

1871 4531 2018 4595 dem,
2046 4527 2283 4583 Phinees
2302 4525 2547 4595 inquam,
2575 4521 2779 4578 Christi
2808 4520 2980 4593 ﬁgura
3005 4528 3108 4587 est,
3130 4520 3443 4592 angelorum

1870 4639 2003 4679 vero
2029 4635 2185 4677 sacra
2203 4633 2350 4683 vasa,
2372 4629 2562 4672 eorum
2594 4628 2780 4685 porro,
2802 4613 2897 4684 qui
2917 4613 3078 4669 nobis
3100 4612 3196 4668 Dei
3214 4612 3442 4668 verbum

1872 4715 2209 4787 praedicant,
2233 4711 2513 4782 signorum
2539 4707 2701 4763 tubas.
2730 4705 2810 4762 Ita
2841 4706 3047 4777 quippe
3080 4704 3233 4759 nullo
3259 4704 3443 4759 labore

1872 4807 2085 4861 hostem
2114 4804 2169 4858 in
2190 4801 2410 4858 Christo
2434 4799 2833 4870 superabimus,
2868 4796 3000 4852 illud
3017 4796 3281 4860 dicentes,
3298 4796 3443 4866 quod

1879 4896 1936 4951 in
1957 4892 2187 4950 Psalmis
2200 4892 2447 4947 canitur:
2473 4909 2492 4942 ι
2516 4890 2577 4945 In
2596 4899 2651 4946 te
2686 4889 2938 4945 inimicos
2963 4894 3182 4942 nostros
3213 4886 3445 4943 ventila-

1879 4984 2062 5039 bimus
2098 4996 2291 5045 cornu,
2334 4987 2392 5035 et
2428 4980 2484 5035 in
2523 4979 2744 5035 nomine
2784 4984 2876 5032 tuo
2908 4990 3228 5047 spememus
3262 4976 3446 5032 insur-

1878 5083 2068 5144 gentes
2094 5073 2150 5127 in
2170 5072 2331 5128 nobis
2343 5071 2407 5127 ⁸⁸.
2438 5092 2457 5124 ι
2484 5069 2640 5138 Quod
2668 5070 2844 5139 ipsum
2883 5067 3139 5123 Israelita:
3158 5066 3442 5124 fecerunt:

1878 5178 2025 5228 nam,
2064 5177 2190 5217 cum
2225 5161 2508 5217 universas
2540 5160 2734 5224 urbes,
2765 5158 3092 5228 omnemque
3123 5155 3443 5213 Madianita—

1876 5270 1997 5309 rum
2066 5254 2345 5325 regionem
2407 5251 2681 5306 hostiliter
2737 5250 3151 5315 devastassent,
3203 5249 3446 5319 captivos

1875 5361 2067 5401 omnes
2116 5345 2185 5400 ad
2234 5345 2552 5399 Eleazarum
2597 5342 2968 5406 sacerdotem,
3005 5350 3063 5397 et
3110 5340 3177 5395 ad
3225 5352 3444 5394 omnem

1876 5434 2352 5506 congregationem
2391 5432 2629 5487 ﬁliorum
2656 5432 2817 5488 Israel
2835 5433 3142 5488 attulerunt
3157 5447 3169 5481 :
3184 5427 3442 5498 praelata

1879 5541 2114 5595 namque
2138 5532 2449 5579 sanctorum
2480 5524 2719 5580 virorum
2743 5533 2894 5596 gesta
2919 5524 3069 5580 velut
3096 5533 3248 5576 sacra
3273 5518 3442 5579 lecta-

946 5717 991 5750 “
1032 5714 1212 5770 ICor.
1258 5730 1352 5777 xu,
1403 5713 1493 5770 26.
1568 5712 1613 5745 ⁸³
1635 5712 1773 5767 Psal.
1818 5725 1963 5779 mn,
1990 5710 2051 5765 ϐε
