3968 6300
559 304 663 364 527

1542 327 1545 334 ·
1581 305 1636 361 S.
1677 306 1966 396 (ΣΥΜΕμί
2006 310 2479 372 ALEXANDRINI
2517 317 2833 376 ARCHIEP.

3702 329 3808 384 59.8

561 435 670 493 que
698 418 840 476 dona
883 419 1104 476 Christo
1149 417 1393 473 omnium
1429 419 1674 484 pontiﬁci
1717 421 1992 486 dicantur,
2032 438 2124 478 nec

2235 428 2500 499 ἀρχιερεῖ,
2528 433 2621 486 καὶ
2639 435 2737 486 οὐκ
2766 434 3064 505 ἀσυμφανῆ
3088 436 3199 498 τοῖς
3223 435 3372 499 λαοῖς
3399 435 3466 489 τὰ
3500 436 3610 490 τῶν
3639 439 3811 509 ἁγίων

561 513 780 584 populis
804 513 1037 566 obscura
1075 517 1224 575 sunt,
1255 511 1406 581 juxta
1432 510 1604 565 illud:
1645 531 1663 563 ι
1699 512 1819 567 Νοιι
1841 521 1925 569 est
1953 515 2136 570 occul-

562 602 869 674 tum,quod
918 617 1028 656 non
1072 600 1480 665 manifestetur;
1521 617 1699 671 neque
1743 602 2128 659 absconditum

562 695 706 762 quod
732 709 841 747 non
865 700 1243 762 cognoscatur,
1267 700 1324 746 et
1343 693 1398 746 in
1420 700 1669 762 apertum
1683 694 1868 748 veniat
1883 694 1948 746 ⁸⁸.
1974 713 1991 746 ι
2021 695 2134 749 Du-

563 786 708 839 citur
732 785 914 852 itaque
942 782 996 836 in
1023 789 1374 851 conspectum
1399 781 1716 848 sacerdotis,
1740 783 2019 854 totiusque
2039 798 2136 853 po-

563 875 676 944 puli
701 873 881 927 omnis
910 872 1001 926 illa
1048 887 1116 926 ex
1137 871 1452 940 captivitate
1473 873 1676 942 praeda,
1707 873 1934 944 ﬁgurate
1971 882 2135 944 atque

560 963 793 1034 sapienti
820 962 1310 1018 administratione.
1341 963 1611 1019 Caeterum
1655 964 1865 1036 Moyses
1900 967 2134 1022 victores

559 1053 888 1124 objurgavit,
914 1053 1062 1122 quod
1089 1069 1200 1108 non
1226 1062 1479 1110 accurata
1509 1055 1638 1110 satis
1672 1056 1902 1121 ratione,
1926 1063 1984 1110 et
2013 1070 2136 1126 quae

503 1213 510 1224 '
558 1145 887 1215 reprehendi
924 1146 1075 1214 nullo
1110 1145 1273 1201 modo
1311 1155 1532 1216 posset,
1572 1162 1689 1202 rem
1738 1147 2130 1203 confecissent:

557 1249 734 1304 neque
754 1233 903 1288 enim
927 1233 1194 1306 oportuit,
1217 1233 1416 1304 inquit,
1441 1234 1596 1289 vivos
1625 1248 1820 1304 capere
1839 1235 2131 1300 masculos,

555 1342 733 1396 neque
756 1327 884 1380 item
911 1325 1162 1390 feminas,
1186 1342 1307 1397 quae
1330 1327 1552 1398 nuptias
1578 1335 1764 1385 essent
1783 1335 2042 1397 expertae.
2058 1326 2135 1384 Ac

556 1419 695 1473 ratio
729 1417 950 1488 quidem
979 1417 1223 1472 historia:
1248 1417 1552 1488 probabilis
1575 1427 1696 1474 est:
1727 1418 1951 1473 omnino
1975 1433 2134 1472 nam-

555 1525 662 1580 que
684 1525 824 1579 opus
843 1517 981 1575 erat,
1017 1517 1081 1564 ut
1108 1509 1176 1564 ab
1197 1524 1262 1565 ea
1291 1512 1535 1581 regione,
1572 1524 1692 1580 quae
1725 1509 1890 1580 paulo
1927 1517 2051 1579 post
2076 1509 2134 1564 in

553 1615 746 1654 eorum
769 1601 976 1656 ditione
1012 1600 1198 1657 futura
1236 1611 1380 1668 erat,
1410 1602 1566 1658 virile
1600 1600 2133 1672 genusexscindere-

555 1700 666 1756 tur,
726 1692 874 1762 quod
919 1682 1076 1748 brevi
1110 1703 1355 1761 tempore
1412 1708 1537 1748 cum
1586 1692 1644 1746 in
1706 1691 1946 1746 adultam
1999 1699 2132 1748 aeta-

2241 521 2659 592 κατορθώματα,
2685 524 2828 578 κατά
2856 542 2921 594 γε
2951 526 3011 578 τό
3042 543 3054 556 ·
3084 527 3187 580 «Οὐ
3216 527 3326 598 γάρ
3353 528 3470 580 ἐστι
3488 529 3752 600 κρυπτὸν,
3782 533 3812 586 ὃ

2238 608 2300 660 ού
2357 610 2431 679 μὴ
2487 613 2952 685 φανερωθήσεται,
2990 616 3111 669 οὐδὲ
3152 617 3490 688 ἀπόκρυφον,
3553 620 3582 672 ὃ
3638 623 3698 675 οὐ
3737 624 3811 694 μὴ

2240 699 2489 770 γνωσθῇ,
2522 704 2617 755 ml
2648 705 2729 767 εἰς
2751 706 2985 772 φανερὸν
3014 704 3165 776 ἔλθῃ.
3208 725 3226 756 ι
3273 709 3501 775 Ἀγεται
3529 711 3712 764 τοίνυν
3755 715 3812 765 ὲν

2239 788 2360 857 ὕψει
2392 790 2486 844 τοῦ
2533 793 2746 865 ίερέως,
2799 797 2895 848 ml
2925 795 3124 859 παντὸς
3151 795 3246 850 τοῦ
3275 798 3407 852 λαοῦ
3432 839 3445 864 ,
3486 801 3554 854 τὰ
3600 802 3666 854 ὲκ
3713 803 3810 875 τῆς

2241 880 2639 950 αἰχμαλωσίας,
2695 887 2942 949 τυπικῶς
2976 887 3034 939 δὲ
3072 889 3166 939 καὶ
3204 890 3586 960 οἰκονομικῶς.
3639 893 3808 964 Πλὴν,

2240 967 2473 1039 ἐπετίμα
2509 971 2714 1042 Μωσῆς
2743 976 2856 1036 τοῖς
2895 977 3242 1046 νενικηκόσιν
3284 977 3359 1041 ῶς
3391 980 3452 1032 οὐ
3485 981 3628 1035 κατὰ
3655 982 3811 1050 λόγον

2237 1055 2330 1111 τὸν
2371 1060 2570 1132 ἀκριϐῆ
2605 1064 2702 1116 καί¹
2752 1065 3071 1136 ἀδιάϐλητον
3120 1068 3400 1133 παντελῶς
3424 1110 3439 1134 ,
3472 1072 3533 1125 τὸ
3579 1075 3811 1144 πρᾶγμα

2243 1149 2643 1206 συντεθεικόσιν
2667 1169 2680 1182 ·
2714 1154 2776 1208 οὐ
2811 1155 2917 1227 γὰρ
2947 1156 3075 1222 εδει,
3113 1157 3267 1228 φησὶ,
3300 1159 3586 1231 ζωγρῆσαι
3617 1164 3678 1216 τὸ
3713 1164 3810 1234 ἀρα

2242 1257 2354 1308 σεν,
2386 1241 2493 1295 οὐδ’
2525 1241 2593 1297 ἀν
2621 1241 2686 1298 αὖ
2715 1245 2851 1316 θῆλυ
2894 1248 2956 1300 τὸ
2983 1250 3413 1321 έμπειρόγαμον.
3451 1253 3554 1308 Καὶ
3587 1256 3808 1320 πιθανὸς

2241 1331 2341 1400 μὲν
2361 1332 2460 1402 τῆς
2501 1333 2736 1404 ἱστορίας
2790 1338 2820 1389 ό
2865 1337 3022 1404 λόγος
3045 1356 3060 1371 ·
3089 1339 3196 1392 ἔδει
3246 1340 3376 1411 γὰρ,
3408 1341 3517 1396 ἔδει
3559 1344 3656 1413 τῆς
3686 1347 3807 1399 ὅσον

2237 1418 2450 1475 οὐδέπω
2486 1422 2788 1495 μελλούσης
2820 1425 2925 1481 ὑπὸ
2957 1429 3142 1492 αὐτοῖς
3181 1430 3398 1483 ἔσεσθαι
3432 1433 3554 1503 γῆς,
3586 1435 3807 1488 ἀποκεί-

2239 1511 2432 1584 ρεσθαι
2462 1512 2526 1566 τὸ
2568 1513 2758 1586 ἄρσεν,
2797 1517 2874 1582 ὡς
2919 1514 3047 1592 ἦξον
3083 1522 3219 1592 μετὰ
3259 1522 3433 1594 βραχὺ
3487 1526 3622 1597 πρὸς
3668 1528 3804 1600 ἥϐην

2237 1618 2296 1654 τε
2329 1603 2424 1658 καὶ
2452 1603 2644 1677 ἀλκὴν,
2683 1607 2779 1662 ml
2811 1609 3067 1680 πολέμιον
3094 1611 3353 1682 ἐσόμενον
3395 1615 3472 1684 τῷ
3501 1615 3614 1685 λαῷ
3634 1632 3648 1646 ·
3687 1634 3804 1670 συν-

2236 1697 2577 1766 αναιρεῖσθαι
2608 1698 2666 1752 δὲ
2711 1701 2808 1754 καὶ
2855 1701 2915 1754 τὸ
2957 1700 3112 1773 θῆλυ,
3147 1704 3450 1758 σκανδάλου
3508 1707 3798 1776 παραίτιον

555 1791 665 1838 tem
728 1800 789 1838 ac
810 1785 978 1840 robur
1024 1788 1387 1857 pervenisset,
1417 1786 1802 1853 hostile,esset
1831 1785 1910 1840 illi
1933 1787 2124 1857 populc

2239 1784 2494 1852 γεγονὸς,
2523 1787 2616 1840 ml
2648 1788 2697 1841 εἰ
2731 1788 2992 1855 σέσωστο,
3020 1791 3161 1861 τάχα
3188 1809 3292 1845 που
3328 1793 3488 1848 πάλιν
3527 1796 3799 1866 ἐσόμενον·

550 1871 838 1927 futurum:
885 1875 1152 1930 muliebre
1187 1892 1408 1946 quoque
1453 1876 1615 1931 simul
1654 1875 1959 1931 tollendum
1986 1884 2128 1942 erat,

550 1965 697 2032 quod
723 1967 1066 2021 occasionem
1097 1968 1343 2023 scandali
1395 1968 1719 2038 praebuisset
1743 1986 1756 2021 :
1793 1969 1951 2038 122
1977 1978 2054 2034 et,
2083 1970 2130 2024 si

550 2065 882 2122 servaretur,
907 2059 1106 2114 iterum
1137 2059 1366 2115 fortasse
1387 2070 1532 2115 esset
1561 2060 1940 2130 praebiturum.
1973 2058 2132 2126 Quod

2235 1877 2358 1930 ὅσον
2399 1877 2460 1932 δὲ
2487 1872 2623 1950 ἦκον
2650 1882 2732 1944 είς
2765 1880 2997 1953 Θεωρίαν
3043 1883 3141 1955 τὴν
3172 1888 3568 1957 πνευματικὴν,
3626 1891 3798 1941 ἐκεῖνο

2236 1963 2387 2039 οἶμαι
2419 1984 2522 2021 που
2551 1971 2759 2026 κατίδοι
2793 1990 2877 2036 τις
2913 1973 2978 2027 ἂν
3006 1973 3063 2027 ἓν
3095 1991 3160 2043 γε
3186 1976 3252 2044 δὴ
3296 1977 3504 2041 τούτοις
3535 1980 3666 2048 ἡμῖν
3711 1982 3802 2033 ἀσ-

2236 2060 2398 2125 τείως
2432 2061 2888 2135 ύποδηλούμενον.

549 2156 731 2203 autem
784 2149 852 2204 ad
884 2153 1401 2222 contemplationem
1437 2154 1717 2224 pertinent
1749 2153 2124 2226 spiritualem,
2165 2152 2321 2221 illud,
2356 2156 2464 2212 nisi
2494 2155 2676 2224 fallor,
2707 2159 2938 2232 intelligi
2969 2163 3148 2232 possit
3176 2163 3232 2216 in
3275 2163 3377 2218 hac
3423 2179 3482 2219 re
3545 2180 3654 2218 non
3717 2163 3805 2221 in-

547 2243 832 2298 commode
865 2245 1180 2315 signiﬁcari.

618 2331 815 2385 PALL.
843 2331 984 2400 Quid
1018 2333 1190 2387 illud?

615 2423 774 2479 CYR.
816 2423 969 2478 Lecti
997 2424 1077 2478 illi
1109 2439 1139 2478 a
1176 2423 1429 2480 tribubus
1453 2424 1676 2489 milites,
1699 2423 1950 2494 quamvis
1975 2434 2130 2495 parta

545 2513 798 2581 victoria,
833 2517 1050 2585 culpam
1087 2523 1270 2570 tamen
1301 2531 1411 2569 non
1437 2515 1782 2586 effugerunt:
1817 2531 1926 2586 quo
1959 2517 2128 2588 signi-

545 2605 760 2670 ﬁcatur,
785 2613 948 2674 atque
979 2605 1116 2660 adeo
1142 2605 1452 2671 manifeste,
1479 2621 1548 2660 ne
1585 2605 1718 2676 ipsis
1748 2607 1971 2676 quidem
1994 2608 2123 2674 illis,

545 2696 641 2765 qui
677 2711 735 2749 se
771 2694 992 2750 fortiter
1011 2703 1225 2766 gerunt,
1250 2697 1569 2767 contingere
1593 2712 1856 2767 unquam,
1886 2707 1948 2752 ut
1975 2700 2125 2754 omni

545 2801 611 2840 ex
650 2795 805 2855 parte
834 2787 1263 2856 reprehensione
1286 2797 1499 2842 vacent.
1525 2789 1743 2843 Etenim
1791 2789 1897 2844 hoc
1921 2789 2121 2859 ipsum,

545 2879 692 2947 quod
737 2887 882 2934 recte
927 2878 1122 2934 fecisse
1161 2880 1436 2946 videmur,
1483 2881 1639 2935 nullo
1679 2881 1843 2935 modo
1886 2881 1996 2936 erit
2033 2895 2122 2934 re-

545 2969 929 3040 prehensionis
979 2977 1036 3024 et
1071 2971 1246 3041 culpae
1290 2986 1514 3042 expers,
1555 2972 1601 3026 si
1656 2987 1770 3026 rem
1809 2972 2126 3044 diligentius

541 3061 799 3130 exquirat
823 3068 880 3113 et
911 3060 1202 3131 investiget
1231 3061 1397 3114 Deus.
1432 3061 1667 3130 Ideoque
1702 3062 1968 3132 scriptum
1997 3071 2115 3117 est:

549 3167 568 3199 ι
597 3149 653 3203 Si
684 3149 999 3220 iniquitates
1022 3149 1418 3214 observaveris,
1438 3149 1690 3214 Domine,
1720 3150 1973 3217 Domine,
1997 3152 2122 3220 quis

556 3240 954 3295 sustinebit“?
984 3257 1003 3291 ι
1063 3242 1239 3310 Atque
1272 3240 1506 3295 iterum:
1546 3258 1564 3290 ι
1601 3239 1684 3295 Ab
1722 3240 1952 3296 occultis
1983 3240 2120 3296 meis

2303 2333 2514 2387 IIAAA.
2554 2331 2768 2388 Ὀποῖον
2797 2334 2850 2388 τί
2879 2336 3014 2406 φής;

2301 2423 2465 2478 ΚΥΡ.
2493 2423 2609 2478 Οὐκ
2637 2425 3011 2481 ἀκαταιτίατοι
3036 2429 3408 2500 μεμενήκασιν
3431 2431 3481 2483 οἰ
3514 2431 3805 2489 ἀπόλεκτοι

2226 2513 2338 2568 τῶν
2371 2513 2574 2583 φυλῶν,
2613 2515 2706 2568 καί
2743 2534 2826 2570 τοι
2871 2518 2971 2588 τὴν
3005 2519 3160 2591 νίκην
3190 2521 3489 2591 ἀράμενοι·
3520 2522 3587 2576 δι’
3613 2518 3675 2576 οὗ
3711 2543 3808 2598 ση-

2234 2603 2500 2674 μαίνεται,
2525 2606 2621 2660 καὶ
2643 2607 2788 2677 μάλα
2811 2608 3017 2677 σαφῶς,
3049 2612 3124 2672 ὡς
3140 2611 3199 2664 τὸ
3222 2614 3455 2669 εἰσάπαν
3482 2613 3805 2687 ἀμώμητον,

2229 2694 2338 2748 οὐδ’
2374 2695 2440 2749 ἂν
2467 2695 2650 2760 αὐτοῖς
2681 2700 2794 2761 τοῖς
2823 2699 3230 2771 ἀνδριζομένοις
3261 2703 3474 2775 ὑπάρξῃ
3506 2707 3659 2758 ποτέ.
3694 2709 3808 2762 Καὶ

2229 2786 2360 2841 αὐτὸ
2392 2787 2500 2858 γὰρ
2535 2789 2691 2859 ἡμῶν
2721 2789 2782 2842 τὸ
2810 2791 2983 2862 ὀρθῶς
3015 2794 3302 2865 εἰργάσθαι
3335 2795 3547 2861 δοκοῦν,
3582 2800 3809 2870 μομφῆς

2243 2879 2337 2931 καὶ
2373 2878 2553 2942 αἰτίας
2578 2881 2931 2952 ἀμοιρήσειεν
2965 2883 3030 2937 ἂν
3057 2884 3172 2941 οὔτι
3211 2903 3337 2951 που,
3371 2891 3808 2961 περιεργαζομέ-

2230 2985 2322 3024 νου
2337 2988 2398 3024 τε
2423 2974 2516 3026 ml
2552 2973 2932 3044 βασανίζοντος
2954 2976 3110 3031 Θεοῦ.
3153 2979 3441 3050 Τοιγάρτοι
3477 2982 3571 3034 ml
3604 2982 3806 3053 γέγρα-

2235 3077 2368 3114 πται
2388 3078 2401 3092 ’
2433 3081 2451 3114 ι
2496 3063 2622 3118 Ἐὰν
2654 3065 2884 3136 ἀνομίας
2918 3070 3338 3140 παρατηρήσῃς,
3366 3069 3559 3141 Κύριε,
3602 3073 3803 3144 Κύριε,

2226 3149 2310 3213 τίς
2341 3150 2740 3224 ύποστήσεται;
2785 3174 2804 3207 ι
2845 3157 2955 3210 Καὶ
2983 3157 3146 3212 πάλιν
3170 3175 3183 3188 ο
3223 3176 3242 3210 ι
3293 3159 3388 3213 Ἐκ
3414 3161 3522 3216 τῶν
3555 3164 3808 3234 κρυφίων

2230 3255 2331 3308 μου
2352 3241 2648 3312 καθάρισόν
2678 3259 2767 3313 με,
2797 3246 2892 3298 καὶ
2918 3247 3026 3300 ἀπὸ
3047 3247 3340 3320 ἀλλοτρίων
3361 3254 3539 3320 φεῖσαι
3565 3253 3660 3306 τοῦ
3685 3254 3810 3308 δού-

541 3331 743 3386 munda
770 3347 878 3397 me,
899 3341 956 3386 et
973 3331 1044 3387 ab
1071 3331 1263 3386 alienis
1279 3343 1443 3401 parce
1475 3346 1634 3386 servo
1657 3339 1783 3398 tuo;
1808 3331 1853 3387 si
1882 3333 1988 3387 mei
2010 3348 2121 3387 non

2231 3328 2318 3384 λου
2349 3347 2441 3384 σου
2467 3348 2482 3364 ·
2515 3331 2613 3386 ἐὰν
2643 3335 2716 3404 μή
2759 3351 2860 3406 μου
2894 3339 3389 3409 κατακυριεύσωσι,
3418 3340 3538 3396 τότε
3570 3344 3808 3414 ἄμωμος

539 3423 750 3478 fuerint
801 3420 1089 3487 dominati,
1140 3429 1273 3476 tunc
1317 3422 1700 3477 immaculatus
1743 3423 1918 3477 ero“.
1960 3441 1978 3474 ι
2027 3423 2125 3479 Est

541 3513 706 3583 igitur
731 3511 1060 3582 quandoque
1091 3511 1148 3564 in
1176 3511 1312 3581 ipsis
1349 3526 1568 3581 quoque
1596 3511 1941 3581 egregiorum
1973 3511 2122 3568 viro-

542 3620 664 3658 rum
705 3604 940 3658 fortibus
977 3603 1162 3669 factusj
1182 3603 1341 3672 justas
1370 3601 1704 3660 accusationi
1734 3601 1923 3669 locus,
1957 3619 2121 3673 quem

542 3695 870 3764 lcgislatoris
907 3693 1200 3763 prudentia
1246 3693 1542 3762 perspicit,
1591 3694 1842 3764 quamvis
1881 3702 2124 3750 nostram

542 3789 717 3842 aciem
755 3787 1015 3857 eﬂ'ugiat:
1052 3801 1231 3855 neque
1258 3785 1406 3848 enim
1441 3786 1496 3840 id
1522 3786 1986 3856 deprehendimus
2012 3790 2123 3845 ullo

543 3877 706 3931 modo
753 3880 908 3948 juxta
955 3877 1136 3930 illud:
1196 3894 1213 3926 ι
1248 3875 1458 3930 Delicta
1511 3877 1640 3946 quis
1687 3878 2054 3950 intelliget"?
2097 3899 2115 3932 ›

542 3969 854 4036 Quinetiam
878 3968 1048 4022 lsaias
1097 3967 1174 4022 ait
1199 3982 1416 4022 omnem
1435 3969 1704 4040 justitiam
1742 3979 1984 4025 nostram
2002 3986 2122 4028 esse

542 4061 696 4131 quasi
744 4075 987 4131 pannum
1032 4066 1386 4114 menstruatae
1438 4060 1708 4115 mulieris.
1765 4059 1900 4116 Nam
1961 4062 2120 4129 illud,

543 4153 692 4207 omni
723 4168 791 4208 ex
832 4159 987 4221 parte
1046 4150 1339 4220 puritatem
1384 4150 1865 4221 integritatemque
1901 4167 2123 4210 servare

542 4261 700 4315 posse
723 4285 736 4309 ,
779 4243 1003 4298 minime
1038 4241 1198 4296 nobis
1240 4242 1525 4312 contingit.
1552 4242 1753 4298 Paulus
1783 4259 2001 4314 quoque
2038 4245 2122 4300 vir

545 4334 1001 4403 sapientissimus,
1041 4331 1290 4402 quamvis
1311 4331 1569 4386 dixisset:
1599 4351 1619 4383 ι
1658 4333 1805 4390 Nihil
1827 4335 1962 4388 mihi
1985 4349 2120 4389 con-

545 4425 690 4480 scius
745 4440 904 4490 sum;
959 4443 978 4475 ι
1023 4423 1237 4478 addidit
1283 4431 1492 4480 tamen:
1550 4443 1568 4474 ι
1609 4423 1705 4478 sed
1742 4439 1852 4479 non
1909 4424 1967 4478 in
2013 4424 2121 4479 hoc

540 4517 868 4586 justifieatus
898 4531 1053 4581 sum;
1100 4515 1195 4585 qui
1235 4524 1414 4568 autem
1445 4515 1655 4586 judicat
1694 4531 1815 4581 me,
1855 4514 2119 4591 Dominus

544 4608 714 4661 est".
749 4625 766 4658 )
814 4607 910 4660 Illa
943 4621 1111 4676 porro
1157 4605 1326 4675 Moysi
1382 4605 1736 4678 reprehensio
1764 4621 1875 4661 non
1927 4621 2119 4663 omnes

2237 3419 2459 3492 ἔσομαι.
2499 3442 2517 3475 ι
2575 3424 2790 3478 Ἔνεστι
2820 3425 2883 3496 δὴ
2913 3422 3005 3481 οὖν
3035 3428 3147 3483 ἔσθ’
3195 3431 3281 3484 ὅτε
3316 3433 3408 3486 ml
3450 3435 3506 3487 ὲν
3541 3437 3664 3498 ταῖς
3693 3435 3810 3490 τῶν

2225 3511 2544 3567 ἀπολέκτων
2583 3514 2878 3584 ἀνδρείαις,
2911 3519 3131 3591 μομφὴν
3165 3521 3320 3576 ὁσίαν
3357 3523 3502 3594 ἰδεῖν,
3537 3525 3604 3593 ἣν
3631 3527 3665 3596 ή
3704 3525 3805 3580 τοῦ

2224 3603 2514 3674 νομοθέτου
2533 3605 2730 3674 γνῶσις
2747 3607 2974 3682 καθορᾷ,
3008 3614 3340 3683 παρατρέχει
3368 3615 3426 3666 δὲ
3453 3617 3598 3686 ἡμᾶς
3621 3633 3637 3647 ·
3675 3635 3812 3672 συν-

2229 3693 2379 3764 ίεμεν
2431 3694 2540 3767 γὰρ
2579 3694 2696 3750 οὔτι
2747 3715 2850 3754 που
2877 3740 2892 3765 ,
2933 3701 3077 3755 κατὰ
3123 3703 3220 3758 τό·
3298 3725 3318 3758 ι
3371 3705 3812 3778 Παραπτώματα

2223 3785 2308 3849 τίς
2339 3787 2598 3858 συνήσει;
2641 3806 2660 3840 ι
2700 3790 2809 3846 Καὶ
2853 3791 3078 3856 Ἡσαΐας
3098 3793 3155 3846 δέ
3196 3793 3297 3847 πού
3334 3813 3519 3866 φησιν,
3547 3799 3628 3852 ὃτι
3652 3803 3810 3855 πᾶσα

2225 3877 2384 3947 ήμῶν
2404 3880 2437 3947 ἡ
2471 3878 2780 3949 δικαιοσύνη
2798 3918 2812 3942 ,
2835 3879 2910 3942 ὡς
2933 3881 3096 3950 ῥάκος
3124 3882 3574 3957 ἀποκαθημένης.
3591 3889 3694 3943 Διά
3721 3908 3805 3946 τοι

2223 3965 2286 4019 τὸ
2309 3969 2389 4030 εἰς
2411 3966 2549 4034 ἄγαν
2576 3967 2806 4030 ἀστείως
2833 3968 2926 4023 ml
2953 3970 3290 4041 ἀμωμήτως,
3324 3973 3399 4045 μὴ
3422 3974 3490 4028 ἂν
3527 3979 3678 4047 ἔχειν
3709 3980 3807 4034 δύ..

2226 4057 2418 4110 νασθαί
2462 4075 2614 4112 ποτε.
2643 4057 2854 4123 Παῦλος
2881 4060 2938 4114 δὲ
2965 4062 2994 4114 ὁ
3033 4062 3372 4132 σοφώτατος,
3427 4085 3445 4117 ι
3481 4069 3656 4122 Οὐδὲν
3695 4072 3808 4141 γὰρ

2224 4148 2445 4220 ἐμαυτῷ
2489 4149 2702 4207 σύνοιδα
2732 4169 2755 4207 ,ι
2804 4152 3098 4223 γεγραφὼς
3121 4195 3138 4221 ,
3174 4173 3193 4205 ι
3241 4155 3381 4209 Ἀλλ’
3414 4157 3514 4211 οὐκ
3542 4161 3598 4213 ὲν
3625 4161 3807 4230 τούτῳ

2223 4241 2607 4310 δεδικαίωμαι,
2647 4243 2811 4313 φησίν
2835 4259 2849 4274 ⁸
2873 4247 2901 4297 ό
2929 4245 2986 4298 δὲ
3014 4246 3321 4318 ἀνακρίνων
3350 4265 3418 4319 με
3439 4289 3453 4313 ,
3487 4250 3697 4320 Κύριός
3725 4255 3812 4306 sa-

2223 4347 2326 4385 τιν.
2367 4347 2390 4384 ι
2435 4329 2500 4384 Ἦ
2522 4330 2579 4385 δὲ
2624 4330 2829 4402 μέμψις
2855 4335 2889 4404 ἡ
2923 4334 3073 4406 παρὰ
3101 4335 3344 4398 Μωσέως
3377 4337 3437 4389 οὐ
3463 4338 3598 4408 πρὸς
3631 4340 3810 4393 ᾶπαν-

2223 4439 2322 4485 τας
2374 4421 2559 4485 ἁπλῶς
2579 4462 2594 4488 ,
2629 4423 2766 4477 ἀλλὰ
2809 4425 2944 4495 πρὸς
2995 4425 3189 4496 μόνους
3214 4426 3513 4498 ἐπράττετο
3539 4427 3668 4491 τοὺς
3699 4429 3809 4499 τῆς

2220 4511 2504 4584 δυνάμεως
2526 4514 2876 4581 ἐπισκόπους,
2896 4517 2992 4570 καὶ
3021 4515 3158 4586 πρὸς
3187 4516 3507 4587 χιλιάρχους
3537 4519 3640 4573 καὶ
3671 4521 3809 4574 ἑκα-

2221 4606 2546 4679 τοντάρχους
2567 4625 2582 4641 ο
2611 4625 2630 4659 ι
2667 4607 2891 4663 Δυνατοί
2911 4607 3042 4678 γὰρ,
3063 4607 3298 4670 δυνατῶς
3324 4608 3737 4676 ὲτασθήσονται,
3782 4628 3804 4661 ι

543 4699 662 4754 sine
703 4697 1021 4753 discrimine
1072 4697 1506 4769 perstringebat,
1547 4697 1643 4752 sed
1685 4699 1861 4753 solum
1900 4697 2116 4768 episco-

2231 4699 2318 4752 καί
2338 4701 2457 4753 κατ’
2479 4699 2658 4752 αὐτῶν
2703 4699 2936 4770 μάλιστα
2965 4700 3026 4753 τὺ
3059 4699 3285 4771 ἀκριϐὲς
3309 4700 3404 4754 τοῦ
3425 4700 3590 4772 νόμου
3611 4717 3628 4731 ·
3671 4719 3692 4754 ι
3734 4695 3810 4775 ’ᾩ

540 4804 642 4859 pos
687 4805 749 4845 ac
807 4789 974 4843 duces
1012 4787 1285 4842 exercitus
1319 4796 1376 4842 et
1412 4788 1769 4853 milienarios,
1809 4804 1872 4843 ac
1914 4797 2107 4844 centu-

539 4880 763 4934 riones:
822 4899 838 4929 ι
881 4879 959 4933 De
1013 4878 1328 4949 potentibus
1377 4879 1525 4934 enim
1573 4887 1826 4949 potenter
1881 4880 2108 4948 quastio

542 4970 720 5035 ﬁet”,
755 4990 772 5020 ι
810 4985 874 5024 ac
911 4984 1125 5023 summo
1148 4971 1269 5040 jure
1301 4985 1424 5024 cum
1470 4970 1578 5025 illis
1610 4970 1843 5025 maxime
1893 4971 1975 5040 agi
2014 4985 2112 5039 par

543 5051 662 5115 est:
698 5079 717 5111 ‹
759 5060 917 5131 Apud
945 5075 1107 5130 quem
1131 5061 1299 5126 enim,
1340 5061 1540 5130 inquit,
1571 5061 1803 5114 multum
1842 5060 2114 5130 deposue-

543 5159 693 5216 runt,
716 5152 948 5209 multum
977 5151 1045 5207 ab
1067 5167 1132 5206 eo
1162 5153 1488 5222 quaerent”.
1519 5171 1536 5202 ι
1580 5151 1814 5220 Ideoque
1853 5153 2117 5223 scriptum

544 5242 770 5312 reliquit
806 5242 898 5298 ille
940 5241 1237 5298 Salvatoris
1290 5240 1465 5295 nostri
1504 5237 1840 5307 discipulus:
1891 5259 1909 5290 α
1942 5241 2120 5297 Nolite

542 5337 730 5404 plures
758 5334 1003 5408 magistri
1037 5333 1176 5397 ﬁeri,
1193 5331 1389 5384 fratres
1417 5328 1548 5394 mei,
1566 5329 1804 5385 scientes
1827 5332 1973 5400 quod
2002 5348 2119 5388 ma-

537 5426 630 5497 jus
662 5425 934 5498 judicium
968 5435 1248 5480 sumemus
1268 5420 1335 5472 “.
1362 5438 1379 5470 ι
1421 5419 1484 5474 In
1518 5420 1809 5491 episcopos
1837 5421 2026 5493 igitur,
2066 5431 2122 5478 et

540 5530 656 5581 eos,
685 5518 779 5586 qui
803 5515 1091 5570 ordinibus
1111 5519 1369 5582 praesunt,
1395 5512 1700 5568 communis
1722 5513 1880 5584 culpa
1904 5513 2120 5570 confer-

611 5630 661 5662 “
681 5628 816 5682 Luc.
860 5643 974 5691 vni,
1018 5628 1104 5680 17.
1207 5626 1252 5658 ⁸³
1292 5627 1711 5696 Psal.cxx1x,5.

544 5698 602 5756 ’1.
675 5698 721 5729 ⁹⁰
749 5697 883 5755 Luc.
904 5712 1001 5762 xu,
1025 5697 1113 5751 48.
1190 5697 1232 5730 "
1256 5696 1370 5754 Jac.
1399 5712 1478 5762 ιιι,
1513 5698 1562 5754 1.

1818 5632 1863 5663 ⁸⁸
1899 5631 2042 5689 Psal.
2087 5648 2238 5700 mu,
2275 5632 2480 5700 ‘15,”.
2558 5633 2601 5667 δ’
2626 5633 2761 5688 ibid.
2804 5635 2890 5689 15.

2217 4790 2326 4860 γὰρ
2359 4790 2494 4844 πολὺ
2532 4789 2829 4861 παρέθεντο
2854 4831 2869 4855 ,
2921 4793 3055 4860 φησί
3079 4830 3094 4855 ,
3132 4791 3267 4844 πολὺ
3315 4789 3641 4861 ζητήσουσιν
3702 4794 3788 4846 ἀπ

2219 4881 2404 4936 αὐτοῦ.
2454 4901 2472 4932 ι
2507 4881 2793 4955 Τοιγάρτοι
2821 4883 2914 4936 καὶ
2955 4883 3198 4952 γέγραφε
3227 4881 3318 4935 τοῦ
3357 4883 3605 4954 Σωτῆρος
3637 4885 3667 4936 ό
3697 4901 3811 4953 μα-

2221 4971 2389 5042 θητής
2417 4989 2430 5002 ο
2459 4991 2477 5022 «
2505 4973 2596 5042 Μὴ
2628 4972 2810 5025 πολλοὶ
2843 4973 3147 5027 διδάσκαλοι
3176 4972 3637 5042 γίνεσθε,ἀδελφοί
3669 4992 3808 5044 μου,

2225 5062 2426 5126 εἰδότες
2453 5064 2534 5117 ὅτι
2560 5063 2745 5133 μεῖζον
2773 5066 2943 5134 κρῖμα
2965 5062 3268 5132 ληψόμεθα.
3305 5082 3324 5114 ›
3353 5063 3581 5133 Φέρεται
3613 5065 3809 5118 τοίνυν

2227 5153 2320 5205 ἐπὶ
2347 5151 2476 5215 τοὺς
2504 5153 2834 5214 ἐπισκόπους
2863 5151 2959 5206 ml
2987 5151 3096 5210 τῶν
3126 5152 3420 5221 ταγμάτων
3463 5155 3815 5224 προεστηκό-

2221 5258 2319 5304 τας
2356 5243 2390 5311 ἡ
2419 5242 2560 5297 κατὰ
2588 5243 2806 5298 πάντων
2834 5242 3088 5303 αἰτίασις.
3137 5242 3248 5296 ’Δεὶ
3267 5241 3376 5312 γάρ
3407 5259 3511 5296 που
3545 5246 3666 5306 ταῖς
3702 5246 3810 5314 νή-

2220 5328 2346 5399 ψεσι
2378 5329 2486 5385 τῶν
2515 5330 2938 5402 καθηγουμένων
2984 5331 3261 5400 εὐδοκιμεῖ
3286 5331 3345 5384 τὸ
3379 5331 3640 5402 ὑπήκοον.
3677 5331 3810 5386 Τοι-

2222 5419 2416 5491 γάρτοι
2435 5421 2530 5474 ml
2547 5421 2853 5493 γέγραπται
2877 5424 2991 5486 τοῖς
3008 5421 3113 5475 ὑπὸ
3136 5424 3291 5493 χεῖρα
3309 5421 3478 5485 λαοίςο
3504 5441 3520 5473 ι
3534 5423 3813 5479 Πείθεσθε

2223 5517 2336 5577 τοῖς
2367 5514 2691 5585 ἡγουμένοις
2715 5516 2867 5586 ὑμῶν
2884 5515 2980 5572 ml
3013 5516 3284 5570 ὑπείκετε·
3309 5515 3463 5569 αὐτοὶ
3485 5516 3592 5590 γὰρ
3621 5521 3818 5591 ἀγρυ-

2995 5634 3224 5691 "ICor.
3256 5649 3326 5700 Iv,
3352 5635 3404 5689 4.
3481 5635 3526 5667 ⁸⁸
3567 5634 3702 5713 Sap.
3734 5654 3816 5708 vt,
