3968 6300
224 264 324 321 5'39

965 264 1054 319 DE
1094 259 1534 318 ADORATIONE
1573 259 1639 314 IN
1681 248 1951 314 SPIRITU
1993 254 2079 311 ET
2125 256 2487 312 VERITATE.
2515 257 2643 312 LIB.
2688 257 2773 313 IV.

3376 257 3480 317 εδο

221 384 447 441 ⁴ιιι-δοῦσιν
481 382 619 454 ὑπὲρ
654 380 760 435 τῶν
788 378 976 451 ψυχῶν
1006 379 1181 450 ὑμῶν,
1207 377 1281 443 ὡς
1303 377 1460 447 λόγον
1497 374 1796 429 ἀποδώσον-

1912 387 2005 427 :ur.
2031 372 2259 441 Semper
2286 372 2433 426 enim
2455 371 2568 426 fere
2597 371 2906 441 principum
2943 373 3220 445 vigilantia
3249 375 3308 432 iit
3342 390 3400 435 ut
3442 383 3479 436 ii

220 496 332 543 τες.
383 493 403 528 ι
452 472 611 529 Μετά
645 471 702 527 δὲ
746 472 845 543 τὴν
888 471 998 526 τῶν
1042 470 1316 539 γυναικῶν
1344 486 1405 522 τε
1445 468 1540 522 καὶ
1577 466 1802 520 παιδίων

221 568 527 641 ἀναίρεσιν,
572 564 978 626 ἀναπονίπτους
1011 557 1109 617 οὐκ
1138 563 1205 633 ἐᾷ
1246 561 1372 624 τοὺς
1404 557 1737 629 πολεμιστὰς
1775 557 1805 609 6

223 657 512 719 θεσπέσιος
547 657 752 727 Μωσῆς
780 653 1155 718 ἐναυλίζεσθαι
1183 653 1250 723 τῇ
1274 649 1596 722 παρεμϐολῇ
1623 689 1639 713 ,
1671 665 1805 717 προ-

222 748 700 819 αποκαθαίρεσθαι
720 747 779 800 δὲ
800 746 911 800 δεῖν
932 745 1232 812 ἐπιτάττει,
1249 743 1421 812 λέγων
1440 759 1453 772 ·
1467 762 1486 794 ι
1519 742 1629 795 Καὶ
1648 741 1805 811 ὑμεῖς

223 841 634 914 παρεμϐαλεὴε
694 839 799 905 ἔξω
830 839 930 910 τῆς
974 836 1330 910 παρεμϐολῆς
1373 835 1513 889 έπτά
1561 833 1803 906 ἠμέρας’

222 937 331 997 πᾶς
354 936 384 988 6
404 933 610 988 ἀνελὼν
630 933 726 986 καὶ
745 934 774 986 6
802 931 1106 1001 ἁπτόμενος
1132 929 1228 983 τοῦ
1256 927 1599 999 τετρωμένου
1656 926 1808 994 ἀγνι-

225 1022 485 1096 φθήσεται
514 1025 582 1094 τῇ
615 1024 802 1094 ἡμέρᾳ
834 1021 1021 1094 τρίτην
1055 1022 1150 1076 καὶ
1186 1022 1253 1092 τῇ
1298 1019 1482 1092 ἡμέρᾳ
1506 1020 1571 1090 τῇ
1600 1017 1806 1089 ἐϐδόμῃ

224 1118 383 1187 ὑμεῖς
417 1116 515 1170 καὶ
542 1117 576 1187 ἡ
608 1114 957 1186 αίχμαλωσία
983 1113 1160 1185 ὑμῶν,
1190 1113 1285 1168 καὶ
1324 1114 1433 1167 πᾶν
1457 1110 1803 1184 περίϐλημα,

226 1206 324 1261 καὶ
370 1207 482 1259 πᾶν
530 1203 725 1268 σκεῦος
774 1205 1119 1276 δερμάτινον,
1159 1205 1256 1258 καὶ
1293 1204 1479 1257 πᾶσαν
1541 1200 1806 1271 ἐργασίαν

222 1297 283 1363 ἐξ
320 1297 565 1366 αίγείας,
604 1298 701 1350 καὶ
747 1298 856 1351 πᾶν
900 1297 1093 1361 σκεῦος
1118 1296 1326 1364 ξύλινον
1368 1292 1739 1364 ἀφαγνιεϊσθε.
1781 1310 1799 1344 ι

235 1384 404 1460 Ὁρᾷς
442 1387 525 1441 ὅτι
564 1386 661 1441 καὶ
700 1386 762 1439 τὸ
798 1387 1021 1459 ἄριστόν
1055 1403 1115 1441 τε
1144 1387 1239 1440 καὶ
1282 1385 1565 1455 εὐδόκιμον
1591 1385 1648 1437 ὲν
1672 1384 1806 1454 ἡμῖν

220 1480 333 1533 τῶν
383 1478 701 1533 ἀπολέκτων
754 1479 911 1548 γένος
964 1479 1065 1532 οὐκ
1120 1475 1421 1548 ἀμώμητον
1488 1473 1769 1537 παντελῶς
1788 1487 1801 1504 ·

228 1591 250 1627 ι
288 1572 550 1644 Καθαρδς
578 1571 689 1644 γὰρ
716 1571 892 1635 οὐδεὶς
937 1570 1047 1625 ἀπὸ
1084 1568 1256 1639 ῥύπου
1277 1608 1291 1633 ,
1331 1587 1349 1619 ι
1384 1568 1476 1623 καὶ
1514 1569 1568 1625 εἰ
1591 1565 1797 1636 σφόδρα

221 1678 307 1730 τις
331 1663 419 1737 εἴη
440 1665 550 1719 τῶν
590 1664 902 1734 εὐδοκιμεῖν
930 1661 1200 1716 εἰωθότων
1221 1676 1234 1692 ’
1266 1661 1562 1732 τετήρηται
1607 1657 1717 1729 γὰρ
1744 1657 1805 1711 τὸ

206 1756 442 1820 τελείως
478 1756 632 1825 ἀγιον
664 1755 743 1817 εἰς
770 1751 941 1807 αίῶνα
972 1753 1064 1805 τὸν
1098 1750 1379 1822 μέλλοντα.
1401 1749 1548 1816 Ἔξω
1585 1764 1805 1818 τοιγαρ-

218 1847 315 1902 οῦν
392 1848 609 1912 καθίζει
671 1846 772 1916 τῆς
840 1843 1198 1916 παρεμϐολῆς
1248 1843 1376 1906 τοὺς
1431 1840 1804 1911 νενικηκότας,

219 1940 314 1995 καὶ.
360 1938 765 2009 ἀφαγνίζεσθαι
807 1936 918 1989 δεῖν
966 1936 1162 1998 αὐτοὺς
1212 1937 1270 1989 ὲν
1318 1933 1501 2005 ἡμέρᾳ
1556 1931 1691 2003 φησὶ
1737 1933 1803 2001 τῇ

231 2031 392 2104 τρίτῃ
438 2031 533 2085 καὶ
572 2032 641 2101 τῇ
688 2027 918 2099 ἐϐδόμῃ.
956 2028 1069 2098 Τῆς
1103 2024 1203 2097 μὲν
1232 2025 1443 2097 ἡμέρας
1482 2024 1582 2095 τῆς
1619 2023 1809 2095 τρίτης

217 2123 368 2193 ἢτὸν
409 2121 594 2192 τρίτον
629 2121 764 2191 ἡμῖν
799 2116 1180 2189 σημαινούσης
1211 2117 1301 2169 τὸν
1331 2114 1545 2186 καιρὸν,
1593 2112 1715 2167 καθ’
1748 2112 1807 2165 ὃν

218 2217 252 2286 ἡ
284 2215 374 2268 διὰ
400 2211 644 2284 Χριστοῦ
666 2214 859 2280 γέγονε
890 2209 1158 2280 κάθαρσις
1186 2207 1321 2278 μετά
1342 2207 1530 2278 χρόνον
1550 2206 1640 2259 τὸν
1666 2206 1808 2260 κατά

217 2306 429 2362 Μωσέα
450 2346 464 2370 ,
495 2303 590 2358 καὶ
615 2301 737 2356 καθ’
761 2300 820 2355 ὃν
841 2301 870 2352 6
895 2300 1004 2354 τῶν
1024 2300 1195 2368 ἁγίων
1214 2298 1512 2369 προφητῶν
1523 2296 1805 2369 ἀνεδείχθη

220 2399 382 2471 χορὸς
408 2438 424 2463 ,
465 2394 584 2466 ἦτοι
611 2393 704 2447 τὸν
748 2394 846 2463 τῆς
886 2384 1274 2454 ἀναστᾶσεως,
1325 2389 1448 2443 καθ’
1493 2388 1551 2442 ὃν
1606 2389 1807 2443 ἀνεϐίω

217 2488 476 2563 Χριστὸς,
509 2483 871 2558 προσηλώσας
889 2483 968 2556 τῷ
987 2485 1155 2554 τιμίῳ
1177 2481 1394 2554 σταυρῷ
1410 2482 1475 2535 τὸ
1499 2482 1623 2537 καθ’
1651 2481 1805 2553 ἡμῶν

217 2580 619 2656 χειρόγραφον,
678 2577 778 2632 καὶ
833 2572 1049 2630 λυτικὺν
1100 2574 1377 2646 ἁμαρτίας
1424 2573 1488 2627 τὸ
1530 2574 1598 2627 δι’
1656 2576 1807 2645 ἡμᾶς

220 2673 523 2746 ὑπομείνας
557 2668 749 2734 πάθος.
784 2668 898 2740 Τῆς
946 2684 1010 2736 γε
1066 2667 1173 2739 μὴν
1204 2666 1442 2737 ἑϐδόμης
1486 2666 1577 2719 τὸν
1609 2668 1703 2719 ἐπὶ
1737 2668 1804 2739 τῇ

218 2763 503 2833 συντελείᾳ
530 2760 626 2817 τοῦ
656 2759 922 2833 παρόντος
951 2758 1143 2823 αἰῶνος
1174 2757 1366 2829 καιρὸν
1404 2756 1807 2829 ἁναπειθούσης

219 2861 383 2923 νοεῖν,
424 2857 546 2911 καθ’
595 2855 654 2909 ὃν
698 2853 1007 2925 ὁλοτρόπως
1059 2851 1122 2905 τὸ
1169 2851 1268 2920 τῆς
1326 2849 1600 2922 ἁμαρτίας
1646 2849 1808 2920 ἄχθος

221 2950 677 3019 ἀποσεισάμενοι,
717 2946 814 2999 καὶ
839 2945 919 3007 είς
948 2942 1100 3014 λῆξιν
1146 2942 1316 3006 ίόντες
1346 2940 1643 3011 ἀγιασμοῦ,
1684 2957 1809 2995 συν-

1903 466 1996 536 qui
2026 474 2239 535 parent,
2265 462 2612 518 laudabiliter
2640 478 2698 517 se
2722 473 2939 533 gerant;
2965 465 3196 538 ideoque
3214 471 3481 543 scriptum

1901 564 1987 611 est
2019 555 2237 626 populis
2269 555 2361 625 qui
2392 555 2495 610 sub
2533 553 2764 624 imperio
2794 563 2983 610 erant:
3017 575 3035 607 ι
3067 557 3297 617 Obedite
3334 578 3480 633 pm-

1902 649 2097 718 positis
2136 646 2354 711 vestris,
2377 654 2434 701 et
2465 645 2743 716 subjaeete
2781 645 2895 712 eis;
2924 646 3025 716 ipsi
3073 650 3221 703 enim
3254 652 3484 722 vigilant

1903 754 2003 808 pro
2051 738 2339 793 animabus
2383 735 2614 800 vestris,
2660 744 2916 806 tanquam
2973 737 3241 793 rationem
3294 742 3482 797 reddi-

1906 832 2092 888 turi".
2119 850 2137 882 ›
2178 832 2307 886 Post
2333 845 2527 886 necem
2562 844 2695 885 vero
2740 829 3036 885 mulierum
3087 844 3152 884 ac
3184 846 3483 899 puerorum

1905 940 2015 980 non
2044 922 2315 995 permittit
2342 922 2535 977 beatus
2564 922 2774 993 Moyses
2815 928 2873 976 ut
2910 921 3112 977 milites
3154 921 3294 977 illoti
3331 938 3390 978 se
3428 926 3485 979 in

1906 1023 2084 1071 castra
2109 1014 2405 1084 recipiant;
2436 1013 2532 1069 sed
2563 1020 2623 1068 ut
2655 1013 2809 1084 prius
2846 1013 3151 1069 lustrentur
3177 1013 3367 1084 jubet,
3396 1014 3485 1069 di—

1906 1119 2067 1161 cens:
2101 1104 2258 1175 123
2286 1122 2304 1155 ι
2334 1105 2405 1160 Et
2440 1118 2539 1159 vos
2572 1105 3096 1160 castrametabimini
3131 1114 3286 1162 extra
3308 1117 3486 1163 castra

1907 1204 2116 1266 septem
2169 1196 2316 1251 dies:
2363 1195 2546 1251 omnis
2584 1196 2679 1266 qui
2719 1196 3060 1255 interfecerit
3110 1199 3346 1255 animam
3370 1241 3385 1266 ,
3416 1210 3487 1256 .et

1906 1289 2085 1345 omnis
2127 1289 2220 1359 qui
2262 1288 2505 1359 tetigerit
2544 1289 2924 1354 vulneratum,
2964 1290 3292 1346 lustrabitur
3323 1291 3486 1347 tertio

1906 1382 1996 1437 die
2044 1389 2101 1437 et
2125 1381 2214 1437 die
2243 1382 2496 1452 septimo,
2523 1396 2619 1437 vos
2638 1389 2695 1437 et
2717 1383 3001 1453 captivitas
3021 1393 3225 1450 vestra,
3245 1393 3301 1440 et
3322 1400 3485 1440 omne

1907 1466 2309 1537 indumentum,
2350 1475 2408 1526 et
2429 1485 2592 1527 omne
2614 1487 2709 1527 vas
2732 1472 3044 1542 pelliceum,
3072 1482 3129 1530 et
3156 1490 3318 1533 omne
3347 1490 3489 1546 opus

1906 1578 1972 1618 ex
2005 1564 2227 1634 caprina
2242 1564 2405 1634 pelle,
2418 1573 2476 1621 et
2495 1579 2659 1620 omne
2678 1581 2773 1621 vas
2803 1566 3046 1638 ligneum
3073 1569 3365 1638 expiabitis
3379 1570 3447 1623 “.
3461 1592 3478 1622 ι

1906 1651 2073 1708 Vides
2089 1652 2253 1708 etiam
2276 1654 2607 1710 selectorum
2632 1670 2826 1726 genus,
2859 1657 3008 1726 quod
3045 1657 3190 1727 apud
3211 1674 3314 1714 nos
3338 1661 3486 1729 opti-

1910 1760 2059 1799 mum
2100 1759 2164 1800 ac
2214 1746 2723 1815 praestantissimum
2776 1747 3039 1814 habetur,
3088 1765 3199 1804 non
3258 1752 3488 1807 omnino

1907 1838 2068 1908 culpa
2099 1852 2291 1892 vacare
2319 1855 2331 1890 :
2360 1857 2378 1889 ι
2400 1838 2572 1892 Nemo
2594 1838 2743 1893 enim
2772 1840 3012 1897 mundus
3041 1856 3072 1894 a
3100 1841 3261 1899 sorde
3277 1844 3345 1909 9‘,
3380 1863 3398 1895 ι
3426 1853 3488 1899 ut

1906 1930 2141 1986 maxime
2194 1928 2322 2000 quis
2358 1929 2501 1984 inter
2539 1931 2957 2000 probatissimos
3008 1935 3279 1991 habeatur
3315 1955 3329 1991 :
3394 1938 3488 1993 illa

1907 2035 2144 2091 namque
2175 2021 2416 2091 perfecta
2438 2022 2697 2077 sanctitas
2731 2022 2788 2078 in
2822 2022 3070 2079 futurum
3109 2028 3370 2083 saeculum
3396 2044 3487 2084 re—

1908 2124 2123 2168 servata
2143 2122 2247 2168 est.
2274 2113 2445 2184 Igitur
2462 2120 2619 2169 extra
2636 2121 2813 2169 castra
2836 2115 3073 2172 victores
3093 2119 3379 2175 considere
3395 2120 3487 2191 ju-

1907 2204 2022 2271 bet,
2054 2218 2259 2274 eosque
2298 2204 2522 2259 lustrari
2564 2211 2819 2274 oportere
2851 2206 3031 2276 inquit
3081 2209 3247 2264 tertio
3297 2210 3388 2265 die
3425 2225 3492 2266 ac

1907 2297 2163 2368 septimo.
2185 2297 2264 2351 Ac
2301 2296 2500 2352 tertius
2520 2296 2743 2367 quidem
2772 2297 2892 2353 dies
2937 2305 3030 2353 aut
3064 2301 3286 2359 tertium
3316 2303 3488 2374 signi-

1908 2390 2035 2446 ficat
2062 2399 2308 2465 tempus,
2343 2403 2454 2459 quo
2486 2390 2576 2444 illa
2613 2404 2714 2460 per
2748 2389 3026 2446 Christum
3054 2395 3307 2464 purgatio
3348 2395 3492 2452 facta

1905 2489 2011 2548 est,
2038 2488 2164 2553 post
2192 2481 2360 2553 Moysi
2394 2490 2632 2551 tempus,
2665 2489 2722 2536 et
2748 2489 2876 2550 post
2908 2482 3044 2536 illud
3080 2493 3344 2554 praeterea
3379 2502 3490 2556 quo

1906 2574 2107 2631 claruit
2130 2584 2443 2631 sanctorum
2472 2574 2862 2644 prophetarum
2884 2575 3114 2630 chorus:
3150 2587 3246 2632 aut
3275 2587 3493 2649 tempus

1906 2666 2369 2732 resurrectionis,
2420 2679 2531 2736 quo
2565 2665 2820 2722 Christus
2860 2669 3093 2733 revixit,
3124 2684 3250 2725 cum
3288 2670 3492 2727 allixis-

1907 2769 1993 2816 set
2027 2760 2353 2816 venerandae
2388 2759 2540 2815 cruci
2571 2759 2997 2833 chirographum
3035 2762 3183 2832 quod
3215 2770 3341 2817 erat
3391 2762 3491 2817 ad-

1910 2865 2134 2906 versum
2156 2865 2288 2915 nos,
2321 2866 2385 2905 ac
2410 2851 2742 2921 passionem,
2775 2869 2898 2923 quae
2927 2862 3213 2923 peccatum
3244 2854 3488 2915 sustulit,

1911 2943 2087 2997 nostri
2121 2957 2286 2997 causa
2328 2943 2606 2999 subiisset.
2645 2944 2923 3015 Septimus
2958 2962 3091 3001 vero
3128 2947 3248 3001 dies
3278 2954 3495 3016 tempus

223 3040 467 3114 εσόμεθα
492 3039 571 3111 τῷ
600 3035 843 3110 Χριστῷ,
890 3034 1140 3106 καθαρὰν
1186 3035 1283 3087 καὶ
1315 3033 1649 3104 ἠγνισμένην
1670 3075 1684 3099 ,
1714 3034 1807 3087 καὶ

1912 3033 2047 3089 illud
2072 3034 2219 3105 quod
2240 3034 2348 3089 erit
2378 3035 2436 3089 in
2467 3038 2937 3092 consummatione
2962 3037 3247 3106 praesentis
3284 3038 3492 3099 saeculi,

230 3135 288 3190 ἒν
319 3132 690 3206 μακαριότητι
725 3131 791 3201 τῇ
825 3126 971 3183 κατὰ
1010 3124 1244 3198 Χριστὸν
1273 3123 1550 3195 τρίϐοντες
1576 3123 1745 3194 ζωήν.

1923 3140 2027 3181 nos
2061 3124 2322 3181 admonet
2348 3126 2691 3198 intelligere;
2728 3144 2876 3194 cum,
2909 3130 3061 3183 omni
3080 3144 3150 3184 ex
3188 3136 3345 3198 parte
3373 3144 3495 3182 sar-

220 3228 351 3285 cina
401 3233 758 3296 peccatorum
796 3235 1060 3285 excussa,
1096 3231 1367 3275 summam
1412 3216 1525 3287 jam
1577 3215 2063 3273 sanctiﬁcationem
2111 3218 2371 3284 assecuti,
2433 3220 2594 3274 simul
2632 3236 2759 3275 eum
2794 3220 3013 3277 Christo
3070 3221 3302 3285 erimus,
3342 3231 3401 3277 et
3437 3223 3493 3279 in

222 3316 607 3392 purgatissima
639 3315 733 3371 illa
762 3312 1235 3382 mundissimaque
1262 3311 1400 3375 vita,
1421 3316 1478 3364 et
1502 3308 1599 3363 Dei
1633 3308 1977 3366 beatitudine
2001 3310 2318 3367 felicissima
2340 3312 2708 3366 versabimur.

293 3410 503 3467 ΠΑΛΛ.
534 3404 609 3464 Εὖ
634 3408 767 3479 ἔχει,
802 3407 947 3461 κατά
972 3423 1035 3474 γε
1063 3405 1124 3457 τὸ
1153 3404 1276 3475 ἐμοὶ
1302 3403 1511 3457 δοκοῦν.

293 3591 462 3645 ΚΥΡ.
507 3566 827 3659 Θαυμάσαῖις
870 3587 916 3641 δ’
955 3584 1022 3640 ἂν
1053 3585 1149 3638 καὶ
1195 3582 1332 3655 πρὸς
1361 3578 1574 3645 τούτοις
1622 3581 1701 3634 ἔτι
1745 3581 1805 3634 τὸ

224 3677 425 3749 ἑφεξῆς
445 3679 618 3750 μυστή
628 3689 762 3749 ριονο
792 3676 1095 3748 διαδέχεται
1117 3673 1227 3746 γὰρ
1248 3672 1413 3736 εὐθὺς
1438 3671 1538 3742 τὴν
1565 3670 1809 3734 Μωσέως

225 3770 416 3825 λαλιὰν
456 3768 719 3840 Ἐλεάζαρ
748 3770 777 3822 6
799 3770 997 3840 ἱερεὺς,
1022 3767 1116 3822 καί
1138 3782 1272 3838 φησι
1294 3764 1431 3837 πρὸς
1459 3763 1587 3828 τοὺς
1608 3762 1809 3833 ἄνδρας

226 3861 335 3931 τῆς
363 3860 649 3930 δυνάμεως
681 3859 807 3923 τοὺς
851 3858 1177 3929 ἐρχομένους
1224 3859 1291 3910 ὲκ
1320 3858 1420 3927 τῆς
1452 3852 1811 3926 παρατάξεως

226 3954 319 4009 τοῦ
350 3953 626 4025 πολέμου·
654 3973 672 4005 ι
706 3952 878 4006 Τοῦτο
898 3952 959 4005 τὸ
981 3951 1254 4023 δικαίωμα
1277 3948 1372 4004 τοῦ
1398 3948 1563 4020 νόμου
1592 3947 1649 4000 ὃν
1685 3962 1810 3999 συν-

226 4048 383 4114 έταξε
413 4047 620 4119 Κύριος
658 4045 739 4117 τῷ
767 4046 965 4115 Μωσῇ,
1008 4043 1147 4114 πλὴν
1189 4041 1285 4095 τοῦ
1313 4041 1537 4112 χρυσίου
1573 4039 1668 4093 καὶ
1716 4036 1811 4092 τοῦ

227 4139 515 4214 ἀργυρίου,
549 4139 644 4192 καὶ
663 4134 887 4208 χαλκοῦ,
911 4135 1006 4188 καὶ
1029 4134 1269 4204 σιδήρου,
1294 4133 1390 4186 καὶ
1416 4132 1685 4203 μολίϐδου,
1719 4128 1814 4184 καὶ

228 4231 586 4304 κασσιτέρου,
619 4232 731 4285 πᾶν
765 4230 998 4300 πρᾶγμα
1023 4227 1051 4279 6
1089 4225 1421 4279 διελεύσεται
1461 4226 1518 4278 ἐν
1562 4224 1694 4293 πυρὶ
1722 4222 1816 4276 καί⁸

229 4322 699 4395 καθαρισθήσεται
720 4362 734 4386 ,
780 4319 894 4374 ἀλλ’
923 4317 957 4389 ἢ
986 4317 1063 4389 τῷ
1093 4316 1247 4370 ῦδατι
1279 4315 1375 4368 τοῦ
1421 4315 1687 4385 ἁγνισμοῦ
1720 4314 1819 4381 ἁγ-

227 4412 544 4482 νισθήσεται
572 4426 585 4440 ·
634 4412 729 4465 καί⁹
770 4408 950 4462 πάντα
989 4409 1090 4461 ὅσα
1146 4405 1219 4477 μὴ
1268 4404 1685 4475 διαπορεύσεταί
1731 4402 1822 4456 διὰ

229 4503 427 4575 πυρὸς,
460 4503 791 4558 διελεύσεται
831 4501 897 4555 δι’
935 4499 1129 4562 ’ὕδατος
1158 4515 1170 4528 ·
1201 4499 1294 4552 καὶ⁸
1317 4497 1565 4550 πλυνεῖτε
1595 4494 1663 4547 τὰ
1699 4494 1821 4564 ίμά·

1980 3402 2178 3460 PALL.
2199 3403 2346 3458 Bene
2389 3417 2448 3459 se
2481 3403 2649 3458 habet
2678 3404 2876 3469 oratio,
2898 3410 2957 3459 ut
2978 3404 3117 3459 mihi
3151 3405 3375 3475 quidem
3406 3408 3494 3462 vi-

1984 3504 2090 3549 tur.

2045 3510 2090 3547 ι’.

1908 3495 2137 3642 deam.
2160 3585 2238 3641 Ad
2260 3586 2375 3642 haec
2406 3586 2727 3658 mysterium
2755 3586 2903 3657 quod
2935 3589 3198 3645 continuo
3223 3592 3497 3661 sequitur,

1910 3676 2156 3749 proiecto
2184 3676 2454 3734 mirabere
2479 3688 2492 3732 :‘
2516 3679 2722 3750 excipit
2752 3680 2902 3735 enim
2926 3680 3077 3735 illico
3088 3682 3256 3754 Moysi
3281 3699 3502 3739 sermo-

1912 3786 2038 3827 nem
2063 3771 2320 3827 sacerdos
2349 3766 2593 3836 Eleazar,
2635 3781 2690 3829 et
2722 3774 2800 3829 ait
2823 3776 2893 3830 ad
2923 3777 3073 3832 viros
3101 3777 3377 3833 exercitus
3399 3778 3494 3849 qui

1911 3856 2207 3914 veniebant
2252 3873 2321 3913 ex
2355 3859 2473 3914 acie
2502 3859 2667 3915 belli:
2719 3880 2738 3913 ι
2776 3863 2971 3920 Nonne
3024 3866 3142 3920 haec
3174 3874 3260 3921 est
3292 3868 3499 3938 justiti—

1914 3951 2058 4007 catio
2080 3952 2217 4024 legis
2239 3968 2404 4023 quam
2441 3956 2703 4025 praecepit
2746 3957 3015 4014 Dominus
3038 3959 3252 4031 Moysi?
3297 3973 3499 4032 praeter
3589 3995 3594 3999 ~

1915 4056 2133 4109 aurum,
2154 4052 2211 4099 et
2236 4054 2547 4116 argentum,
2579 4054 2635 4101 et
2655 4063 2748 4112 aes,
2780 4056 2836 4102 et
2865 4049 3093 4115 ferrum,
3125 4060 3180 4107 et
3213 4053 3500 4121 plumbum

1916 4142 1970 4190 ct
1997 4144 2277 4201 stannum,
2325 4136 2506 4192 omnis
2546 4153 2637 4192 res
2659 4154 2784 4206 qua:
2819 4141 3077 4194 transibit
3106 4140 3161 4194 in
3200 4141 3348 4211 igne,
3394 4143 3504 4196 du-

1918 4233 2074 4280 cetur
2102 4242 2203 4295 per
2230 4225 2411 4295 ignem
2446 4234 2503 4281 et
2548 4229 2897 4298 purgabitur,
2926 4240 3023 4284 aut
3060 4247 3201 4299 aqua
3225 4233 3499 4301 expiatio~

1919 4317 2006 4370 nis
2041 4316 2351 4385 expiabitur
2392 4335 2404 4368 :
2444 4326 2501 4371 et
2542 4319 2727 4372 omnia
2764 4336 2886 4388 qua:
2927 4336 3039 4377 non
3082 4329 3368 4377 transeunt
3401 4343 3502 4395 per

1924 4405 2104 4476 ignem
2152 4406 2461 4460 transibunt
2508 4423 2608 4477 per
2652 4422 2891 4477 aquam:
2927 4415 2985 4463 et
3037 4409 3294 4465 lavabitis
3331 4415 3500 4469 vesti-

1923 4504 2110 4551 menta
2143 4503 2326 4551 vestra
2359 4497 2448 4552 die
2475 4499 2725 4568 septima,
2748 4508 2803 4555 et
2837 4500 3260 4568 mundabimini,
3303 4512 3502 4576 etpost

224 4612 319 4652 τια
335 4598 491 4668 ὑμῶν
508 4600 573 4668 τῇ
588 4598 769 4667 ἡμέρᾳ
785 4598 850 4666 τῇ
869 4593 1093 4667 ἑϐδόμῃ,
1111 4592 1205 4646 καὶ
1224 4589 1710 4661 καθαρισθήσεσθε,
1732 4588 1807 4639 κα¹

1926 4590 2043 4644 haec
2062 4589 2356 4645 introibitis
2378 4591 2432 4645 in
2453 4600 2629 4646 castra
2648 4594 2714 4647 9°.
2727 4612 2745 4643 ι
2770 4591 2907 4649 Illud
2928 4594 3094 4665 igitur
3128 4596 3388 4655 observes
3406 4616 3502 4655 ve-

230 4690 372 4762 μετά
390 4667 569 4744 ταῦτα
589 4688 960 4743 είσελεύσεσθε
980 4689 1059 4750 εἰς
1075 4681 1174 4756 τὴν
1196 4682 1569 4755 παρεμϐολήν.
1607 4700 1625 4732 ι
1648 4681 1807 4734 ζΕπι-

1915 4680 2031 4746 lim,
2066 4680 2284 4752 Moysen
2334 4682 2489 4751 prius
2533 4683 2842 4740 victoribus
2873 4694 3089 4756 tempus
3129 4687 3351 4756 quidem
3389 4706 3500 4759 quo

224 4782 468 4853 τήρησον
488 4782 569 4834 ὅτι
594 4780 799 4850 Μωσῆς
827 4780 926 4851 μὲν
977 4778 1241 4852 πρότερος
1255 4777 1368 4839 τοῖς
1391 4771 1701 4845 νενικηκόσι
1727 4770 1816 4824 τὸν

224 4874 323 4931 τοῦ
354 4872 750 4945 διασμήχεσθαι
766 4872 1063 4943 κατεδήλου
1084 4869 1299 4941 καιρὸν,
1320 4868 1502 4922 οὐκέτι
1529 4866 1584 4919 δὲ
1605 4866 1700 4949 καὶ
1726 4865 1818 4918 τὸν

226 4967 454 5040 τρόπον.
477 4964 964 5038 Προανακηρύττει
979 4964 1088 5034 γὰρ
1104 4962 1134 5014 6
1159 4960 1323 5031 νόμος
1348 4958 1447 5029 τῆς
1466 4957 1556 5011 διά
1582 4954 1816 5028 Χριστοῦ

228 5058 556 5130 καθάρσεως
577 5056 670 5111 τὸν
700 5056 921 5127 καιρόν⁸
954 5054 1206 5125 δεύτερος
1231 5051 1286 5105 δὲ
1313 5050 1415 5105 καὶ·
1433 5050 1572 5122 μετὰ
1611 5048 1816 5103 Μωσέα

232 5149 708 5224 προσπεφώνηκεν
754 5152 784 5202 6
831 5149 1044 5219 ἱερεὺς,
1097 5146 1401 5207 τουτέστιν,
1452 5144 1481 5196 6
1525 5141 1811 5212 Ἐλεάζαρ.

230 5241 518 5295 Διατάττει
551 5239 652 5312 μὲν
683 5238 794 5311 γὰρ
837 5237 976 5309 μετὰ
1012 5235 1219 5290 Μωσέα
1268 5231 1541 5305 Χριστὸς,
1583 5229 1679 5284 καὶ
1722 5229 1814 5282 τὸν

231 5332 427 5403 καιρὸν
449 5333 550 5403 μὲν
566 5331 753 5385 οὐκέτι
776 5329 872 5383 τοῦ
894 5326 1235 5401 καθαρισμοῦ
1264 5329 1378 5390 τοῖς
1413 5323 1815 5397 ἀνδριζομένοις

230 5426 560 5497 καταδηλοῖ·
608 5425 770 5490 αὐτὸς
806 5423 918 5496 γὰρ
949 5417 1018 5494 ἦν
1056 5422 1084 5475 6
1127 5420 1320 5493 καιρός
1340 5436 1354 5450 ο
1385 5418 1476 5473 τὸν
1502 5418 1559 5472 δὲ
1614 5417 1816 5489 τρόπον

230 5520 572 5592 εἰσηγεῖται,
608 5518 703 5573 καὶ
738 5517 869 5571 αὑτό
899 5534 1016 5579 πως
1049 5516 1149 5588 ἤδη
1182 5513 1368 5568 λοιπὸν
1396 5512 1453 5566 ὲν
1476 5510 1597 5583 ὄψει
1635 5505 1815 5580 τίθησι

1920 4774 2299 4841 abluerentur,
2339 4777 2679 4845 exposuisse,
2719 4794 2828 4832 non
2870 4778 3036 4833 etiam
3074 4778 3319 4834 modum.
3361 4781 3509 4836 Prm-

1921 4864 2067 4920 dicat
2086 4881 2322 4937 namque
2353 4867 2442 4923 lex
2465 4876 2677 4940 tempus
2705 4870 3044 4941 purgationis
3072 4885 3194 4940 quae
3220 4887 3321 4942 per
3338 4871 3499 4928 Chri-

1923 4966 2067 5013 stum
2086 4959 2334 5015 l‘acienda
2353 4970 2503 5016 erat:
2528 4963 2831 5033 posteriore
2854 4971 3035 5017 autem
3066 4964 3188 5018 loco
3209 4974 3333 5034 post
3352 4964 3502 5037 Moy-

1923 5064 2021 5104 sen
2056 5052 2310 5108 sacerdos
2343 5053 2616 5124 loquitur,
2650 5057 2698 5110 is
2732 5066 2815 5111 est
2835 5056 3077 5111 Eleazar.
3122 5056 3281 5131 125.
3314 5058 3505 5115 Tradit

1922 5142 2070 5198 enim
2089 5153 2360 5215 praecepta
2380 5155 2504 5215 post
2526 5148 2699 5217 legem
2733 5146 3008 5212 Christus,
3045 5163 3108 5204 ac
3133 5156 3347 5220 tempus
3381 5150 3512 5219 qui-

1914 5234 2046 5314 dem
2066 5237 2407 5307 purgationis
2440 5238 2682 5292 strenuis
2700 5237 3044 5310 fortibusque
3071 5240 3209 5296 viris
3236 5255 3347 5294 non
3381 5255 3501 5293 am-

1916 5326 2061 5396 plius
2079 5327 2349 5382 declarat:
2387 5327 2524 5382 illud
2558 5329 2703 5383 enim
2738 5329 2919 5399 ipsum
2954 5338 3073 5386 erat
3112 5338 3364 5400 tempus:
3402 5328 3501 5384 sed

1916 5415 2141 5471 modum
2162 5417 2403 5486 exponit,
2423 5425 2587 5488 atque
2608 5418 2807 5488 ipsum,
2824 5436 2994 5492 pr0pe
3013 5408 3266 5485 diierim,
3281 5418 3354 5475 ob
3373 5434 3505 5475 ocuo

1915 5508 1999 5563 los
2015 5508 2169 5578 ponit
2184 5510 2659 5581 mysterium,cum
2674 5513 2806 5583 quid
2819 5514 3092 5585 praecipue
3111 5513 3198 5571 lex
3211 5519 3477 5584 Spectaret
3487 5551 3504 5578 ,

299 5707 347 5740 ⁹¹
370 5706 544 5763 Ilebr.
568 5719 685 5769 xm,
708 5703 796 5756 l7.
852 5704 899 5739 ’³
918 5680 1081 5759 Num.
1102 5716 1250 5765 χχχι,
1275 5699 1362 5766 19,
1381 5697 1473 5755 20.
1546 5699 1593 5735 ⁸⁸
1630 5697 1756 5754 Job.
1784 5712 1807 5752 ι

1923 5696 1978 5751 4.
2054 5695 2101 5743 ’³
2119 5694 2328 5753 Coloss.
2369 5713 2427 5764 η,
2457 5696 2544 5753 14.
2623 5695 2669 5729 ’⁸
2684 5697 2848 5754 Num.
2876 5692 3254 5761 χχχι,“21-24.

549 5799 830 5861 ΡΑτιιοι.
873 5798 990 5868 Gn.
1034 5795 1301 5876 LXVIII._

2914 5786 2976 5845 11
