3968 6300
524 239 615 294 δτι

1548 238 1602 293 S.
1645 237 1919 294 CYRILLl
1959 237 2427 298 ALEXANDRINI
2468 243 2785 300 ARCHIEP.
2875 194 2877 196 1

3676 247 3778 303 332

525 357 932 425 interpretatur.
958 359 1222 428 Praecepit
1241 373 1473 427 namque
1501 369 1558 412 ut
1580 375 1726 423 vasa,
1759 375 2090 431 quacunque

2207 364 2268 418 τὸ
2321 365 2646 435 μυστήριον,
2680 367 2771 418 τὸν
2819 366 3019 438 ἀκριϐῆ
3062 367 3155 420 τοῦ
3200 367 3362 438 νόμου
3411 367 3782 440 διερμηνεύων

521 449 628 502 vim
653 449 794 519 ignis
814 451 923 519 pati
945 459 1185 520 possent,
1207 465 1271 503 ea
1301 465 1399 518 per
1420 449 1600 520 ignem
1635 450 2095 518 traducerentur;

519 554 858 610 quaecunque
871 550 1052 594 autem
1075 539 1388 594 ﬁrmitatem
1410 555 1438 594 a
1460 549 1656 596 natura
1677 557 1788 596 non
1807 542 2096 610 haberent,

518 619 614 688 scd
636 631 906 686 imbecilla
927 638 1128 696 essent,
1150 639 1206 686 et
1241 647 1360 702 qua:
1391 631 1549 688 facile
1569 634 1847 704 corrumpi
1881 635 2101 705 penitus

517 728 759 795 possent,
796 722 986 787 vestis,
1025 723 1180 778 verbi
1203 724 1396 794 gratia,
1433 733 1489 780 et
1510 725 1777 795 quidquid
1800 741 1830 781 e
1865 727 2100 797 pellibus

517 818 774 886 lignoque
809 816 1118 870 confectum
1151 824 1319 881 esset,
1341 832 1405 870 ea
1440 833 1538 886 per
1571 833 1768 888 aquam
1789 817 2095 886 ferrentur;

514 907 773 961 videlicet
790 906 1013 962 nomine
1034 922 1290 961 vasorum
1311 922 1604 963 aureorum
1626 917 1790 978 atque
1807 919 2098 980 argenteo-

515 1015 657 1063 rum,
680 1004 736 1052 et
770 1013 893 1068 quae
927 1013 958 1052 e
977 996 1191 1052 caeteris
1223 997 1460 1052 metallis
1480 996 1746 1053 fabricata
1763 1006 1970 1065 essent,
1994 1015 2096 1054 nos

515 1089 742 1160 ﬁgurate
762 1087 1095 1159 signiﬁcans,
1118 1087 1213 1157 qui
1247 1087 1569 1158 purgatione
1593 1087 1682 1142 illa
1703 1103 1801 1158 per
1817 1087 2097 1145 Christum

513 1182 674 1248 facta,
695 1181 944 1236 mundati
985 1195 1176 1236 sumus
1198 1188 1456 1250 tanquam
1487 1179 1604 1250 igni
1623 1188 1679 1234 et
1697 1196 1838 1250 aqua
1869 1197 1882 1232 :
1915 1180 2097 1250 bapti-

513 1274 618 1329 zati
638 1274 842 1328 etenim
862 1289 1053 1329 sumus
1089 1273 1145 1326 in
1185 1272 1392 1343 Spiritu
1428 1282 1619 1328 sancto
1639 1282 1696 1328 ct
1717 1273 1827 1343 igni
1849 1275 1914 1326 ⁵⁷.
1941 1273 2097 1340 Quod

512 1365 679 1436 igitur
709 1380 774 1420 ca
800 1379 921 1434 quae
958 1380 1026 1418 ex
1061 1363 1377 1433 captivitate
1397 1363 1626 1417 collecta
1663 1371 1868 1428 essent,
1889 1378 1988 1433 per
2015 1364 2097 1435 ig-

511 1474 635 1514 nem
671 1468 729 1514 et
765 1473 962 1528 aquam
1017 1457 1416 1520 traducuntur,
1459 1463 1701 1510 nostram
1755 1456 1920 1525 paulo
1971 1463 2097 1510 ante

511 1550 707 1604 factam
741 1550 1127 1621 purgationem
1149 1555 1274 1618 apte
1305 1546 1593 1618 signiﬁcat,
1617 1561 1755 1616 quos
1786 1548 1940 1602 velut
1966 1562 2098 1617 opes

509 1643 774 1712 quasdam
796 1641 1096 1697 diabolicas
1125 1639 1232 1694 sibi
1251 1639 1504 1695 Christus
1521 1639 1840 1705 vindicavit,
1865 1655 1990 1694 cum
2014 1639 2098 1694 in-

2205 455 2423 508 σκοπόν.
2455 456 2795 526 Προστέταχε
2814 456 2918 525 γὰρ
2933 457 3030 510 ὃσα
3051 457 3148 528 μὲν
3165 452 3230 528 ἦν
3248 458 3305 510 ἑν
3320 461 3431 522 τοῖς
3447 460 3666 514 σκεύεσι
3685 463 3782 532 τὴν

2202 545 2374 616 πυρὸς
2390 545 2574 615 ἀκμὴν
2595 545 2821 615 διήκειν,
2844 539 2932 600 οἷά
2954 563 3011 598 τε
3040 546 3441 617 παρενεχθῆναι
3460 548 3548 602 διὰ
3577 551 3749 620 πυρός
3765 566 3778 580 °

2199 636 2268 689 τά
2295 635 2350 688 δὲ
2377 636 2477 688 ὅσα
2509 635 2606 705 μὲν
2630 635 2940 690 εύσθὲνειαν
2962 638 3062 690 οὐκ
3091 637 3282 708 ἔχοντα
3303 639 3560 710 φυσικὴν,
3593 642 3779 712 ’σαθρά

2199 725 2256 779 δὲ
2303 725 2398 779 καὶ
2431 725 2750 797 ἑτοιμότερά
2782 745 2902 792 πως
2947 729 3026 792 είς
3061 728 3122 782 τὸ
3156 728 3350 782 παθεῖν
3398 730 3660 784 δύνασθαι
3691 732 3778 786 τὸν

2199 814 2431 869 είσάπαν
2458 816 2782 886 ἀφανισμὸν,
2811 817 3010 888 ἑσθῆτα
3043 817 3100 870 δὲ
3128 818 3322 888 λέγων,
3357 819 3450 873 καὶ
3478 821 3539 874 τὸ
3561 824 3626 875 ἑκ
3657 821 3776 895 δερ-

2202 904 2387 976 μάτων
2432 907 2528 960 καὶ
2562 906 2734 974 ξύλων
2763 908 2828 962 δι’
2857 906 3050 973 ὕδατος
3085 910 3370 981 φέρεσθαι,
3393 911 3468 977 ὼς
3496 915 3555 966 ἑν
3589 915 3778 969 σκεύεα

2200 1014 2284 1050 σιν
2320 999 2468 1069 ἡμᾶς
2499 1001 2811 1071 χρυσοῖς-τε
2848 1001 2942 1053 καὶ
2973 1002 3238 1073 ἀργυροῖς
3291 1004 3388 1056 καὶ
3423 1005 3482 1058 ἑν
3513 1009 3630 1070 τοῖς
3664 1007 3770 1060 ἑτέο

2200 1106 2317 1160 ροις
2366 1089 2781 1159 αἰνιγματωδῶς
2830 1091 3169 1160 ὑποφαίνων,
3209 1088 3291 1158 οἷς
3337 1095 3372 1165 ἡ
3403 1095 3492 1149 διὰ
3537 1097 3775 1168 Χριστοῦ

2197 1175 2386 1244 γέγονε
2414 1176 2679 1248 κάθαρσις
2708 1178 2782 1242 ὼς
2822 1180 2880 1232 ἑν
2919 1179 3053 1251 πυρί
3083 1198 3142 1233 τε
3171 1183 3266 1235 καὶ
3301 1183 3469 1238 ῦδατι.
3503 1185 3774 1240 Βεϐαπτὶ-

2200 1267 2373 1366 σμεθσ
2409 1269 2517 1340 γάρ
2561 1270 2618 1322 ἑν
2660 1269 2938 1340 Πνεύματι
2990 1273 3130 1344 άγίῳ
3161 1274 3254 1327 καὶ
3286 1275 3437 1346 πυρί.
3477 1277 3691 1366 Οςιοῦν
3719 1281 3776 1333 τὸ

2204 1357 2620 1429 διακομίζεσθαι
2655 1360 2742 1414 διὰ
2793 1361 2963 1430 πυρός
3011 1380 3071 1415 τε
3107 1364 3202 1417 καὶ
3245 1363 3437 1430 ὕδατος
3467 1357 3549 1420 τά’
3569 1366 3634 1422 ἑκ
3682 1371 3776 1441 τῆς

2197 1450 2576 1521 αἰχμαλωσίας
2609 1453 3020 1525 συνειλεγμένα,
3063 1456 3165 1526 τὴν
3210 1458 3366 1527 ἡμῶν
3411 1460 3614 1530 ἀρτίως
3650 1463 3775 1516 ὐπο-

2195 1542 2346 1614 δηλοῖ
2375 1543 2661 1614 κάθαρσιν,
2693 1544 2784 1608 οὓς
2811 1545 2970 1611 ὄντας
3016 1548 3148 1601 ποτὲ
3181 1547 3414 1604 πλοῦτον
3447 1550 3638 1627 ὥσπερ
3659 1554 3774 1607 τινὰ

2196 1633 2498 1687 διαϐολικὸν
2529 1635 2708 1706 ἑαυτῷ
2741 1639 3171 1709 περιεποιήσατο
3200 1637 3466 1711 Χριστὸς,
3517 1643 3773 1698 εἰσελθὼν

509 1723 729 1806 gressus
749 1735 971 1789 domum
1008 1733 1185 1800 fortis,
1205 1747 1334 1787 vasa
1365 1733 1484 1802 ejus
1515 1732 1746 1802 diripuit
1797 1747 1860 1786 ac
1895 1731 2090 1786 fortem

2197 1724 2277 1786 εἰς
2320 1723 2418 1796 τὴν
2457 1725 2634 1778 οἰκίαν
2688 1726 2783 1780 τοῦ
2841 1728 3064 1799 ἰσχυροῦ
3095 1768 3111 1793 ,
3146 1731 3241 1785 καὶ
3288 1733 3358 1786 τά
3391 1733 3559 1806 σκεύη
3607 1736 3771 1790 αὐτοῦ

510 1827 750 1898 alligavit
768 1827 833 1880 ’⁸.
873 1826 1012 1881 Tum
1047 1841 1178 1880 vero
1201 1823 1419 1879 tandem
1462 1823 1673 1894 ingredi
1713 1823 1882 1878 licere
1917 1829 2096 1877 castra

508 1918 815 1974 victoribus
854 1918 1081 1972 Eleazar
1123 1915 1321 1985 inquit,
1355 1929 1480 1968 cum
1521 1915 1753 1984 septima
1789 1913 1879 1969 die
1914 1923 2096 1970 vestes

509 2010 846 2065 abluissent:
882 2017 1045 2078 atque
1084 2007 1158 2062 ita
1189 2006 1425 2076 denique
1447 2021 1616 2076 puros
1653 2005 1792 2061 fore.
1816 2006 1912 2061 [lla
1947 2007 2096 2060 enim

508 2094 752 2171 perfecta
781 2101 1032 2172 purgatio
1079 2108 1136 2156 et
1162 2098 1526 2153 immunditiae
1545 2099 1725 2154 omnis
1746 2098 2018 2170 depositio
2039 2097 2096 2154 in

505 2195 768 2250 extremis
786 2195 893 2249 erit
918 2191 1405 2249 consummationis
1433 2191 1618 2247 saeculi
1650 2176 2012 2262 temporibus,
2033 2197 2096 2246 ut

506 2287 670 2342 modo
691 2286 836 2353 dixi;
873 2301 1020 2351 cum,
1043 2285 1257 2341 sublato
1290 2284 1438 2340 omni
1474 2299 1543 2338 ex
1567 2293 1722 2354 parte
1742 2288 1968 2354 peccato
1989 2325 2004 2349 ,
2025 2283 2096 2340 ad

505 2390 748 2436 veterem
793 2380 942 2435 illam
989 2378 1390 2449 pristinamque
1420 2376 1888 2447 pulchritudinem
1913 2375 2094 2430 homi-

503 2473 592 2530 nis
624 2481 819 2526 natura
855 2470 1223 2525 revocabitur.
1273 2487 1292 2518 ι
1319 2467 1606 2522 Eritenim
1649 2475 1798 2532 tunc,
1826 2485 1845 2518 ι
1891 2465 2092 2537 inquit,

513 2585 530 2615 ι
552 2564 640 2618 via
660 2561 888 2626 munda,
908 2569 965 2615 et
981 2561 1275 2616 via-sancta
1292 2559 1597 2623 vocabitur,
1617 2573 1721 2612 nec
1737 2557 2096 2627 pertransibit

504 2671 604 2724 per
623 2669 742 2710 eam
764 2651 1081 2707 immundus
1095 2652 1317 2722 aliquis,
1340 2650 1435 2706 sed
1456 2649 1817 2704 ambuiahunt
1835 2649 1891 2704 in
1923 2665 1988 2705 ea
2008 2664 2095 2704 re-

505 2745 711 2815 dempti
735 2760 766 2798 a
784 2744 1093 2799 Domino”.
1123 2763 1140 2795 ι
1167 2743 1318 2798 Hanc
1338 2750 1522 2797 autem
1549 2742 1964 2812 explicationem
1985 2741 2092 2796 hu-

501 2839 593 2908 jus
625 2837 734 2892 loci
770 2853 880 2891 non
916 2851 1039 2892 esse
1076 2851 1107 2890 a
1138 2835 1422 2905 proposito
1458 2834 1691 2890 alienam
1721 2842 1872 2905 puto.
1897 2833 2010 2889 Sed
2045 2833 2093 2889 si

505 2929 632 2999 quis
669 2929 828 2983 aliter
863 2927 1283 2997 intelligendum
1324 2927 1620 2992 existimet,
1663 2926 1798 2982 illud
1835 2925 2088 2991 dicimus,

503 3023 770 3093 cujusque
792 3021 1017 3076 victoris
1035 3035 1150 3084 vas,
1166 3019 1280 3074 sive
1301 3019 1436 3074 illud
1455 3035 1684 3074 aureum
1706 3018 1956 3082 fortasse,
1977 3017 2092 3073 sive

2195 1811 2523 1884 διαρπάσας,
2553 1816 2648 1869 καὶ
2673 1814 2842 1887 δήὸ-ας
2875 1817 2966 1871 τὸν
2999 1818 3238 1892 ἰσχυρόν.
3282 1819 3768 1879 Είσελεύσεσθαιδὲ

2195 1903 2317 1958 τότε
2368 1905 2523 1974 μόλις
2549 1908 2631 1971 είς
2660 1907 2758 1980 τὴν
2806 1911 3158 1982 παρεμϐολὴν
3192 1913 3320 1978 τοὺς
3363 1917 3718 1988 νενικηκότας
3746 1921 3772 1971 ό

2209 1996 2470 2068 Ἐλεάζαρ
2537 1999 2721 2068 φησὶν,
2774 1999 2905 2055 ὅταν
2951 2001 3322 2058 ἀποπλύνειαν
3360 2008 3427 2077 τῇ
3471 2008 3661 2080 ἡμέρᾳ
3708 2011 3770 2080 τῇ

2196 2087 2399 2159 ἑϐδόμῃ
2441 2088 2510 2143 τά
2569 2091 2798 2160 ἱμάτια,
2838 2092 2934 2146 καὶ
2978 2093 3151 2158 οὕτως
3201 2095 3421 2150 ἔσεσθαι
3478 2099 3770 2172 καθαρούς.

2208 2178 2273 2232 Ἠ
2321 2181 2433 2252 γάρ
2457 2181 2638 2234 τελεία
2669 2181 2956 2255 κάθαρσις,
2986 2186 3082 2239 καὶ
3125 2186 3299 2257 ῥύπου
3334 2191 3536 2256 παντὸς
3567 2194 3768 2248 ἀπόθε-

2197 2287 2320 2355 σις,
2362 2274 2421 2326 ἑν
2478 2275 2728 2345 ἐσχάτοις
2779 2275 2934 2330 ἔσται
2995 2280 3095 2350 τῆς
3149 2281 3457 2347 συντελείας
3523 2289 3771 2359 καιροῖς,

2197 2365 2444 2437 καθάπερ
2488 2366 2624 2438 ἔφην
2669 2368 2923 2439 άρτίως,⁹
2953 2371 3349 2444 ἀναιρουμένης
3382 2376 3619 2431 είσάπαν
3673 2380 3773 2450 τῆς

2194 2455 2503 2528 ἁμαρτίας,
2548 2460 2645 2513 καὶ
2695 2462 2776 2525 είς
2804 2462 2865 2515 τὸ
2910 2462 3115 2543 άνωθέν
3154 2482 3215 2518 τε
3263 2466 3358 2519 καὶ
3397 2468 3776 2538 πρεσϐύτατον

2194 2547 2390 2612 κάλλος
2410 2549 2508 2620 τῆς
2525 2549 2814 2623 ἀνθρώπου
2832 2553 3048 2624 φύσεως
3068 2556 3500 2630 ἀναφερομένης.
3528 2580 3547 2614 ι
3581 2563 3776 2618 Ἔσται

2193 2639 2302 2711 γάρ
2324 2641 2466 2708 τότε,
2495 2661 2512 2693 ι
2540 2644 2724 2713 φησὶν,
2748 2664 2768 2697 ι
2788 2645 2904 2710 ὁδὸς
2920 2646 3155 2721 καθαρὰ,
3175 2651 3265 2705 καὶ
3282 2651 3399 2716 ὁδὸς
3425 2653 3557 2722 άγία
3571 2654 3776 2729 κληθήο

2196 2749 2366 2788 σεται.
2400 2735 2510 2788 Καὶ
2538 2735 2598 2788 οὐ
2631 2735 2705 2807 μὴ
2736 2737 2984 2810 παρέλθῃ
3012 2741 3200 2813 ἐκείνῃ
3227 2743 3402 2808 οὐδεὶς
3426 2746 3739 2818 ἀκάθαρτος
3757 2789 3774 2814 ,

2195 2821 2330 2876 ἀλλά
2350 2824 2701 2894 πορεύσονται
2724 2829 2780 2881 ἑν
2801 2831 2937 2900 αὐτῇ
2965 2829 3463 2904 λελυτρωμένοιδιὰ
3493 2839 3723 2910 Κυρίου.
3753 2861 3769 2892 ι

2194 2909 2361 2986 Οἶμαι
2400 2916 2499 2987 μὲν
2549 2914 2642 2973 οῦν
2674 2919 2851 2989 ἔγωγε
2882 2923 2983 2991 τῆς
3018 2926 3320 2994 σαφηνείας
3347 2926 3437 2980 τὸν
3491 2909 3647 2998 λόγον
3675 2933 3776 2984 οὐκ

2194 3003 2298 3069 ἔξω
2327 3007 2590 3078 φέρεσθαι
2624 3009 2718 3063 τοῦ
2751 3011 2977 3066 σκοποῦ.
3005 3014 3174 3086 Πλὴν,
3203 3016 3252 3068 εἰ
3277 3015 3453 3070 ἑλοιτό
3476 3035 3559 3082 τις
3590 3021 3650 3072 τὸ
3681 3033 3776 3074 και

505 3122 843 3184 argenteum,
866 3113 981 3168 sive
1010 3115 1176 3168 etiam
1212 3128 1282 3167 ex
1318 3127 1460 3177 aere,
1484 3119 1580 3166 aut
1615 3127 1681 3166 ex
1717 3111 1824 3166 alia
1860 3110 2090 3164 materia

2196 3096 2397 3168 ἑτέρως
2425 3098 2624 3170 χρῆναι
2655 3102 2796 3154 νοεῖν
2819 3143 2834 3167 ,
2874 3103 3050 3156 ἐκεῖνό
3079 3121 3278 3175 φαμεν,
3316 3107 3375 3159 τὸ
3398 3107 3630 3162 ἑκάστου
3663 3110 3776 3164 τῶν

504 3201 832 3265 confectum,
856 3216 954 3270 per
975 3201 1154 3272 ignem
1174 3201 1408 3256 transire
1424 3201 1587 3271 jussit
1607 3217 1620 3253 :
1644 3207 1704 3256 ut
1721 3199 1869 3256 enim
1891 3199 2085 3254 scribit

505 3293 696 3347 beatus
744 3292 966 3357 Paulus,
1027 3311 1045 3343 ‹
1091 3292 1535 3362 Uniuscujusque
1586 3306 1724 3362 opus
1773 3291 1934 3361 quale
1988 3291 2079 3356 sit,

502 3389 644 3459 ignis
673 3387 928 3458 probabit
949 3389 987 3441 ¹.
1029 3407 1047 3439 ι
1089 3387 1257 3444 Jussit
1287 3386 1454 3442 etiam
1475 3395 1654 3457 utper
1674 3401 1870 3456 aquam
1899 3393 2078 3440 trans-

502 3480 677 3547 irent;
700 3495 879 3551 neque
904 3479 1051 3534 enim
1074 3479 1234 3533 aliter
1252 3477 1472 3548 probari
1493 3484 1808 3532 sanctorum
1830 3475 2080 3530 virorum

501 3571 709 3626 animas
727 3570 1114 3626 Psalmi'verba
1130 3571 1289 3624 nobis
1310 3571 1608 3634 insinuant,
1629 3568 1736 3622 nisi
1759 3567 2088 3638 quibusdam

501 3662 777 3716 similibus
812 3662 1007 3717 modis.
1041 3662 1229 3731 itaque
1255 3661 1425 3715 David
1455 3648 1754 3731 psallebat:
1787 3679 1804 3710 ι
1833 3656 2090 3714 Probasti

504 3766 624 3814 nos,
642 3752 813 3816 Deus;
836 3750 960 3820 igne
980 3765 1082 3803 nos
1100 3749 1443 3814 examinasti,
1469 3749 1613 3804 sicut
1633 3747 1982 3802 examinatur
1999 3761 2089 3800 ar-

502 3847 724 3912 gentum
749 3858 764 3906 ;
802 3839 1152 3895 transivimus
1173 3855 1270 3910 per
1303 3840 1482 3911 ignem
1509 3846 1562 3896 et
1596 3853 1818 3909 aquam,
1845 3840 1888 3908 ι
1908 3837 2014 3909 25
2029 3845 2092 3893 et

504 3932 706 3986 duxisti
729 3947 829 3986 nos
849 3931 904 3986 in
925 3931 1268 4002 refrigerium
1291 3934 1331 3984 '.
1363 3951 1380 3983 ι

2198 3189 2568 3260 νενικηκότων
2618 3192 2845 3256 σκεῦος,
2876 3193 2985 3246 εἴτε
3027 3195 3263 3267 χρυσοῦν
3298 3196 3384 3268 εἴη
3427 3200 3622 3270 τυχὸν,
3661 3199 3775 3254 εἴτε

2187 3280 2482 3351 ἀργυροῦν,
2531 3282 2642 3336 εἴτε
2694 3283 2790 3337 καὶ
2827 3283 2891 3337 ἑκ
2928 3285 3153 3356 χαλκοῦ,
3193 3289 3288 3341 καὶ
3324 3289 3383 3354 ἑξ
3410 3289 3600 3362 ἑτέρας
3640 3291 3778 3364 ὕλης

2187 3374 2576 3445 πεποιημένον,
2627 3375 2714 3429 διὰ
2741 3377 2914 3450 πυρδς
2941 3378 3081 3432 ἱέναι
3114 3381 3510 3453 προστέταχενο
3553 3383 3627 3446 ὡς
3662 3384 3776 3456 γάρ

2184 3463 2212 3514 ὁ
2257 3463 2528 3535 μακάριος
2568 3465 2770 3536 γράφει
2823 3468 3058 3534 Παῦλος,
3102 3489 3121 3522 ι
3173 3471 3439 3525 Ἐκάστου
3487 3473 3547 3526 τὸ
3603 3473 3773 3546 ἔργον

2192 3554 2377 3608 ὁποῖόν
2434 3556 2572 3622 ἑστι,
2621 3557 2682 3610 τὸ
2747 3557 2861 3630 πῦρ
2909 3560 3216 3632 δοκιμάσει.
3275 3583 3294 3614 ι
3334 3565 3682 3636 Προστὲταχε
3715 3568 3774 3622 δὲ

2191 3647 2285 3700 καὶ
2329 3647 2397 3701 δι’
2450 3648 2642 3714 ὓδατος
2695 3649 2954 3722 ἔρχεσθαί
3014 3647 3169 3708 τινα·
3216 3655 3605 3728 δοκιμάζεσθαι
3657 3661 3773 3733 γάρ

2189 3739 2287 3810 οὐχ
2315 3740 2517 3812 ἑτέρως
2541 3742 2568 3795 ὁ
2597 3742 2698 3812 τῆς
2738 3742 3060 3816 ψαλμῳδίας
3101 3749 3232 3820 ἡμῖν
3267 3750 3651 3805 ύπαινίττεται
3687 3752 3778 3807 λό-

2191 3847 2286 3900 γος
2307 3871 2319 3894 ,
2342 3831 2440 3900 τᾲς
2469 3831 2576 3886 τῶν
2609 3833 2780 3902 ἁγίων
2825 3834 3045 3905 ψυχάς,¹
3071 3839 3212 3908 πλὴν
3239 3840 3323 3894 ὅτι
3355 3841 3496 3895 κατά
3529 3843 3780 3898 τοιούσδε

2187 3923 2342 3986 τινάς
2362 3923 2613 3994 τρόπους.
2639 3925 2750 3978 Καὶ
2780 3925 2910 3995 γοῦν
2934 3929 2962 3980 ό
2984 3929 3146 3982 Δαϐὶδ
3172 3931 3418 4000 ἔψαλλεν,
3452 3935 3535 3988 ὅτι
3569 3954 3588 3987 σ
3629 3936 3778 3989 Ἐδο-

505 4023 746 4092 κὶμασας
789 4021 956 4093 ἡμᾶς,
983 4014 1028 4075 ὦ
1061 4021 1231 4085 Θεὸς,
1275 4018 1564 4091 ἑπύρωσας
1625 4022 1803 4093 ἡμᾶς,
1845 4019 1922 4086 ὡς
1989 4013 2258 4092 πυροῦται
2323 4013 2384 4067 τὸ
2428 4014 2718 4088 ἀργύριον·
2749 4016 3035 4090 διήλθομεν
3079 4021 3167 4076 διὰ
3217 4024 3387 4095 πυρὸς
3417 4027 3511 4080 καὶ
3557 4027 3774 4099 ὓδατος,

504 4117 598 4171 καί
635 4115 901 4186 ἐξήγαγες
935 4113 1081 4184 ἡμᾶς
1111 4114 1190 4176 είς
1219 4111 1520 4183 ἀναψυχήν.

575 4206 773 4263 PALL.
799 4205 926 4272 Sed,
957 4205 1151 4260 amabo
1171 4215 1242 4271 te,
1266 4205 1452 4261 dicent
1469 4204 1700 4262 fortasse
1735 4207 1830 4278 qui
1865 4206 2081 4262 studio-

504 4301 680 4358 siores
715 4305 879 4354 sunt:
905 4297 1190 4365 Quomodo
1227 4313 1352 4352 cum
1398 4297 1706 4352 Madianitis
1739 4297 2085 4353 conﬂixerint

503 4399 668 4461 atque
704 4389 941 4444 vicerint
973 4389 1101 4445 lecti
1150 4388 1230 4442 illi
1269 4403 1369 4459 per
1407 4388 1585 4442 tribus
1631 4388 1772 4453 viri,
1809 4387 2083 4458 quomodo

503 4481 670 4535 etiam
707 4479 947 4534 maculas
993 4494 1060 4532 ex
1109 4494 1289 4550 pugna
1331 4485 1640 4533 contractas
1687 4478 2083 4550 absterserint,

505 4571 724 4626 abunde
745 4569 904 4624 nobis
922 4579 1016 4623 tua
1043 4569 1436 4624 demonstravit
1454 4569 1626 4623 oratio
1650 4586 1662 4621 :
1689 4569 1783 4623 sed
1799 4569 1910 4639 jam
1930 4569 2086 4623 locus

506 4671 592 4719 est
611 4669 673 4717 ut
700 4661 919 4732 probes,
957 4676 1089 4714 num
1121 4675 1312 4714 revera
1334 4668 1682 4714 strenuorum
1701 4661 1943 4715 virorum
1970 4659 2084 4713 for-

507 4750 759 4808 titudinis
779 4749 1075 4821 participes
1103 4748 1271 4803 futuri
1310 4750 1482 4804 simus
1497 4791 1510 4815 ,
1531 4766 1596 4804 ac
1616 4751 1870 4821 praeclare
1902 4756 2084 4820 gesto-

509 4861 629 4899 rum
648 4843 1066 4914 socii,quamvis
1085 4858 1183 4912 par
1203 4842 1426 4896 omnino
1447 4843 1502 4897 in
1521 4844 1724 4908 virtute
1745 4850 2082 4897 momentum

507 4935 734 4990 minime
771 4934 1104 4997 habeamus,
1144 4947 1444 5002 eorumque
1493 4933 1660 4987 animi
1709 4932 2083 5003 magnitudine

509 5026 668 5094 longe
689 5023 976 5078 inferiores
995 5023 1197 5078 simus:
1222 5022 1274 5078 id
1302 5023 1448 5078 enim
1478 5033 1568 5079 tua
1589 5023 1750 5080 nobis
1771 5023 1946 5078 oratio
1964 5023 2082 5092 pol-

512 5115 799 5171 licebatur.
1105 5161 1112 5169 .

579 5205 906 5276 CYR.Atqui
928 5205 1173 5276 proxime
1185 5207 1454 5277 sequitur,
1467 5205 1788 5277 etadjuncta
1800 5203 1997 5258 esthac
2009 5203 2078 5258 de

513 5312 568 5351 re
606 5297 901 5352 constituta
922 5297 1027 5362 lex,
1062 5297 1526 5352 evidentissimam
1549 5309 1678 5350 sane
1702 5293 2078 5363 probationem

510 5388 740 5455 habens,
764 5404 944 5460 neque
972 5389 1198 5444 arduam
1235 5405 1297 5444 ac
1332 5386 1607 5442 difﬁcilem
1629 5385 2076 5457 intelligentiam:

515 5499 536 5533 ι
570 5480 640 5538 Et
666 5481 882 5537 locutus
899 5489 1004 5546 est,
1032 5501 1048 5531 ι
1079 5480 1276 5550 inquit,
1305 5497 1323 5530 ι
1362 5477 1625 5532 Dominus
1645 5475 1713 5531 ad
1735 5475 1974 5548 Moysen,
1993 5475 2081 5529 di-

2262 4193 2469 4248 ΠΑΛΛ.
2519 4193 2680 4262 Ἀλλ’,
2731 4189 2777 4249 ὧ
2807 4199 3044 4265 γενναῖε,
3077 4202 3235 4268 φαῖεν
3277 4201 3345 4256 ἂν
3389 4202 3517 4269 ἴσως
3559 4207 3698 4278 ἡμῖν
3727 4211 3776 4262 οἱ

2189 4285 2642 4358 φιλομαθέστεροι
2665 4303 2677 4318 ·
2714 4287 2787 4343 Τὸ
2824 4291 2922 4362 μὲν
2945 4291 3055 4365 γὰρ
3087 4293 3236 4357 ὅπως
3266 4296 3379 4359 τοῖς
3412 4297 3777 4369 Μαδιηναίοις

2189 4378 2568 4450 παρετάξαντό
2595 4397 2726 4434 ποτε
2771 4383 2866 4436 καὶ
2899 4385 3254 4456 νενικήκασιν
3295 4388 3345 4440 οἱ
3379 4387 3773 4459 ἑξειλεγμῶιοι,

2189 4471 2310 4524 τίνα
2338 4488 2397 4524 τε
2429 4471 2630 4542 τρόπον
2661 4473 2751 4527 τὸν
2774 4474 2839 4528 ἑκ
2871 4475 2966 4528 τοῦ
3004 4477 3240 4548 πολέμου
3271 4479 3628 4551 διεσμήξαντο
3676 4501 3777 4552 μο-

2189 4563 2410 4632 λυσμὸν,
2448 4563 2690 4635 διαρκῶς
2728 4567 2862 4637 ἡμῖν
2892 4565 2921 4618 ὁ
2955 4567 3113 4636 λόγος
3151 4570 3450 4640 ἑκδέδειχεο
3493 4573 3688 4643 καιρὸς
3718 4576 3776 4628 δὲ

2184 4655 2285 4726 ἤδη
2317 4655 2700 4727 πληροφορεῖν,
2733 4659 2781 4711 εί
2818 4661 2914 4713 καὶ
2935 4661 3152 4738 μέτοχοι
3187 4663 3329 4716 κατά
3355 4662 3415 4716 τὸ
3445 4664 3639 4735 ἀληθὲς
3669 4666 3776 4736 τῆς

2183 4746 2291 4799 τῶν
2315 4746 2714 4818 ἀνδριζομένων
2744 4749 3035 4822 εὐτολμίας
3064 4753 3323 4825 ἐσόμεθα,
3365 4755 3461 4807 καὶ
3485 4758 3773 4826 συμμεθέ-

2186 4836 2347 4908 ξομεν
2368 4837 2552 4902 αὐτοῖς
2594 4839 2702 4893 τῶν
2736 4843 3200 4916 κατορθωμάτων,
3231 4846 3409 4900 καίτοι
3439 4847 3499 4900 τὺ
3531 4849 3776 4904 είσάπαν

2187 4928 2505 4982 ίσοστατοῦν
2530 4931 2630 4984 ούκ
2659 4933 2873 5004 ἔχοντες
2903 4937 2961 4990 ἑν
2990 4938 3181 5009 ἀρετῇ,
3213 4940 3685 5011 μειονεκτούμενοι
3713 4945 3773 4997 δέ

2189 5036 2306 5081 πως
2332 5019 2432 5090 τῆς
2478 5021 2704 5078 ἐκείνων
2748 5026 3030 5097 εὐψυχίας.
3077 5029 3247 5084 Ταυτὶ
3287 5031 3396 5102 γάρ
3441 5033 3573 5102 ἡμῖν
3601 5035 3630 5086 ό
3679 5036 3776 5100 σὸς

2189 5109 2530 5180 ὑπισχνεῖται
2567 5114 2744 5184 λόγος.

2257 5201 2418 5257 ΚΥΡ.
2450 5205 2560 5257 Καὶ
2596 5207 2702 5278 μὴν
2729 5208 2897 5278 ἀγχοῦ
2931 5211 2991 5263 τέ
3025 5211 3141 5264 ἑστι
3185 5213 3278 5266 καὶ
3317 5215 3514 5282 γείτων
3547 5217 3715 5282 εὐθὺς
3744 5222 3775 5274 ὁ

2187 5294 2278 5347 ἐπὶ
2306 5294 2440 5364 τῷδε
2476 5297 2659 5367 νόμος,
2705 5301 3106 5374 ἐναργεστάτην
3139 5300 3197 5358 εὖ
3242 5306 3384 5375 μάλα
3423 5308 3522 5380 τὴν
3554 5309 3777 5366 ἀπόδει-

2189 5385 2269 5449 ξιν
2304 5385 2461 5454 ἔχων,
2499 5389 2593 5442 καὶ
2645 5391 2744 5444 ούκ
2795 5393 2999 5463 ἀνάντη
3053 5395 3151 5466 τὴν
3202 5398 3541 5471 προσϐολήν·
3580 5422 3598 5453 ι
3655 5404 3776 5458 Καὶ

2188 5477 2416 5546 nam:
2441 5480 2693 5552 Κύριος,ι
2731 5484 2884 5554 φησὶ,
2912 5486 3099 5557 ι”πρὸς
3131 5489 3360 5560 Μωσῆν,
3394 5491 3588 5562 λέγων’
3621 5498 3775 5549 {tif};

629 5655 671 5684 ⁷
695 5660 884 5716 Matth.
908 5676 984 5726 ιιι,
1015 5661 1097 5712 ll.
1159 5662 1202 5692 9”
1245 5659 1432 5714 Matth.
1459 5675 1553 5725 xu,
1581 5659 1669 5712 29.
1727 5661 1770 5692 π’
1811 5659 1910 5713 isa.
1942 5673 2090 5722 xxxv,

2273 5657 2288 5688 ¹
2317 5656 2481 5713 ICor.
2512 5677 2588 5725 ιιι,
2619 5662 2700 5715 l5.
2765 5666 2782 5693 '
2824 5665 2963 5719 Psal.
2991 5682 3109 5730 va,
3146 5665 3331 5720 lO-lﬂ.
