  <div class='ocr_page' id='page_1' title='image "/cluster/home/n/w/nwhite01/storage/ocr_20150623/68/pst.000005712694/178.png"; bbox 0 0 3968 6300; ppageno 0'>
   <div class='ocr_carea' id='block_1_1' title="bbox 196 246 388 303">
    <p class='ocr_par' dir='ltr' id='par_1_1' title="bbox 196 246 388 303">
     <span class='ocr_line' id='line_1_1' title="bbox 196 246 388 303; baseline 0 -1"><span class='ocrx_word' id='word_1_1' title='bbox 196 278 208 292; x_wconf 67' lang='grc' dir='ltr'><strong>ι</strong></span> <span class='ocrx_word' id='word_1_2' title='bbox 279 246 388 303; x_wconf 72' lang='grc'><strong>555</strong></span> 
     </span>
    </p>
   </div>
   <div class='ocr_carea' id='block_1_2' title="bbox 1029 229 2842 336">
    <p class='ocr_par' dir='ltr' id='par_1_2' title="bbox 1029 229 2842 336">
     <span class='ocr_line' id='line_1_2' title="bbox 1029 229 2842 336; baseline 0.001 -39"><span class='ocrx_word' id='word_1_3' title='bbox 1029 229 1120 298; x_wconf 85' lang='lat' dir='ltr'><strong>DE</strong></span> <span class='ocrx_word' id='word_1_4' title='bbox 1156 236 1600 297; x_wconf 80' lang='lat' dir='ltr'><strong>ADORA&#39;I‘IONE</strong></span> <span class='ocrx_word' id='word_1_5' title='bbox 1635 240 1704 297; x_wconf 83' lang='lat' dir='ltr'><strong>IN</strong></span> <span class='ocrx_word' id='word_1_6' title='bbox 1744 232 2019 297; x_wconf 80' lang='lat' dir='ltr'><strong>SPIRITU</strong></span> <span class='ocrx_word' id='word_1_7' title='bbox 2058 238 2147 296; x_wconf 86' lang='lat' dir='ltr'><strong>ET</strong></span> <span class='ocrx_word' id='word_1_8' title='bbox 2170 238 2538 336; x_wconf 77' lang='lat' dir='ltr'><strong>VERITATE.</strong></span> <span class='ocrx_word' id='word_1_9' title='bbox 2581 240 2709 296; x_wconf 88' lang='lat' dir='ltr'><strong>LIB.</strong></span> <span class='ocrx_word' id='word_1_10' title='bbox 2751 236 2842 299; x_wconf 81' lang='lat' dir='ltr'><strong>IV.</strong></span> 
     </span>
    </p>
   </div>
   <div class='ocr_carea' id='block_1_3' title="bbox 3448 230 3551 295">
    <p class='ocr_par' dir='ltr' id='par_1_3' title="bbox 3448 230 3551 295">
     <span class='ocr_line' id='line_1_3' title="bbox 3448 230 3551 295; baseline -0.01 -1"><span class='ocrx_word' id='word_1_11' title='bbox 3448 230 3551 295; x_wconf 58' lang='grc' dir='ltr'>δτι</span> 
     </span>
    </p>
   </div>
   <div class='ocr_carea' id='block_1_4' title="bbox 282 348 1862 431">
    <p class='ocr_par' dir='ltr' id='par_1_4' title="bbox 282 353 1862 431">
     <span class='ocr_line' id='line_1_4' title="bbox 282 353 1862 431; baseline -0.008 -12"><span class='ocrx_word' id='word_1_12' title='bbox 282 364 346 419; x_wconf 78' lang='grc' dir='ltr'><strong>τὸ</strong></span> <span class='ocrx_word' id='word_1_13' title='bbox 390 358 689 431; x_wconf 81' lang='grc' dir='ltr'>κεφάλαιον</span> <span class='ocrx_word' id='word_1_14' title='bbox 722 354 829 410; x_wconf 77' lang='grc' dir='ltr'><strong>τῶν</strong></span> <span class='ocrx_word' id='word_1_15' title='bbox 862 356 1073 410; x_wconf 80' lang='grc' dir='ltr'>σκύλων</span> <span class='ocrx_word' id='word_1_16' title='bbox 1106 356 1204 425; x_wconf 79' lang='grc' dir='ltr'><strong>τῆς</strong></span> <span class='ocrx_word' id='word_1_17' title='bbox 1232 354 1607 425; x_wconf 79' lang='grc' dir='ltr'><strong>αἰχμαλωσίας</strong></span> <span class='ocrx_word' id='word_1_18' title='bbox 1637 353 1746 409; x_wconf 80' lang='grc' dir='ltr'><strong>άπὸ</strong></span> <span class='ocrx_word' id='word_1_19' title='bbox 1769 355 1862 407; x_wconf 85' lang='grc' dir='ltr'>άν-</span> 
     </span>
    </p>
   </div>
   <div class='ocr_carea' id='block_1_5' title="bbox 1969 348 3551 431">
    <p class='ocr_par' dir='ltr' id='par_1_5' title="bbox 1969 348 3551 421">
     <span class='ocr_line' id='line_1_5' title="bbox 1969 348 3551 421; baseline 0 -14"><span class='ocrx_word' id='word_1_20' title='bbox 1969 367 2096 407; x_wconf 89' lang='lat' dir='ltr'><strong>cens</strong></span> <span class='ocrx_word' id='word_1_21' title='bbox 2118 370 2132 404; x_wconf 89' lang='lat'><strong>:</strong></span> <span class='ocrx_word' id='word_1_22' title='bbox 2154 351 2355 421; x_wconf 77' lang='lat' dir='ltr'><strong>Accipe</strong></span> <span class='ocrx_word' id='word_1_23' title='bbox 2376 366 2644 406; x_wconf 84' lang='lat' dir='ltr'><strong>summam</strong></span> <span class='ocrx_word' id='word_1_24' title='bbox 2668 352 2966 421; x_wconf 90' lang='lat' dir='ltr'><strong>spoliorum</strong></span> <span class='ocrx_word' id='word_1_25' title='bbox 2987 348 3317 420; x_wconf 82' lang='lat' dir='ltr'><strong>captivitatis</strong></span> <span class='ocrx_word' id='word_1_26' title='bbox 3346 351 3413 407; x_wconf 90' lang='lat' dir='ltr'><strong>ab</strong></span> <span class='ocrx_word' id='word_1_27' title='bbox 3450 352 3551 408; x_wconf 76' lang='lat' dir='ltr'><strong>bo-1</strong></span> 
     </span>
    </p>
   </div>
   <div class='ocr_carea' id='block_1_6' title="bbox 284 445 1868 525">
    <p class='ocr_par' dir='ltr' id='par_1_6' title="bbox 284 445 1868 525">
     <span class='ocr_line' id='line_1_6' title="bbox 284 445 1868 525; baseline -0.007 -16"><span class='ocrx_word' id='word_1_28' title='bbox 284 451 510 525; x_wconf 77' lang='grc' dir='ltr'>θρώπου</span> <span class='ocrx_word' id='word_1_29' title='bbox 539 450 645 513; x_wconf 78' lang='grc' dir='ltr'>ἓως</span> <span class='ocrx_word' id='word_1_30' title='bbox 685 449 936 520; x_wconf 71' lang='grc' dir='ltr'>κτήνους,</span> <span class='ocrx_word' id='word_1_31' title='bbox 968 448 1033 501; x_wconf 79' lang='grc' dir='ltr'><strong>σὺ</strong></span> <span class='ocrx_word' id='word_1_32' title='bbox 1061 447 1155 500; x_wconf 76' lang='grc' dir='ltr'><strong>καὶ</strong></span> <span class='ocrx_word' id='word_1_33' title='bbox 1195 446 1458 517; x_wconf 76' lang='grc' dir='ltr'>Ἐλεάζαρ</span> <span class='ocrx_word' id='word_1_34' title='bbox 1485 447 1514 499; x_wconf 99' lang='lat'><strong>6</strong></span> <span class='ocrx_word' id='word_1_35' title='bbox 1544 446 1742 515; x_wconf 73' lang='grc' dir='ltr'>ἱερεὺς,</span> <span class='ocrx_word' id='word_1_36' title='bbox 1774 445 1868 499; x_wconf 76' lang='grc' dir='ltr'><strong>καὶ</strong></span> 
     </span>
    </p>
   </div>
   <div class='ocr_carea' id='block_1_7' title="bbox 283 525 1882 612">
    <p class='ocr_par' dir='ltr' id='par_1_7' title="bbox 283 525 1882 612">
     <span class='ocr_line' id='line_1_7' title="bbox 283 525 1882 612; baseline -0.006 -16"><span class='ocrx_word' id='word_1_37' title='bbox 283 547 333 599; x_wconf 79' lang='lat' dir='ltr'><strong>ot</strong></span> <span class='ocrx_word' id='word_1_38' title='bbox 357 543 618 612; x_wconf 70' lang='grc' dir='ltr'>ἄρχοντες</span> <span class='ocrx_word' id='word_1_39' title='bbox 640 537 749 591; x_wconf 81' lang='grc' dir='ltr'><strong>τῶν</strong></span> <span class='ocrx_word' id='word_1_40' title='bbox 770 537 1017 609; x_wconf 77' lang='grc' dir='ltr'>πατριῶν</span> <span class='ocrx_word' id='word_1_41' title='bbox 1036 537 1136 607; x_wconf 89' lang='grc' dir='ltr'><strong>τῆς</strong></span> <span class='ocrx_word' id='word_1_42' title='bbox 1165 536 1505 606; x_wconf 78' lang='grc' dir='ltr'><strong>συναγωγῆς,</strong></span> <span class='ocrx_word' id='word_1_43' title='bbox 1531 533 1627 588; x_wconf 78' lang='grc' dir='ltr'>καὶ</span> <span class='ocrx_word' id='word_1_44' title='bbox 1646 525 1882 589; x_wconf 71' lang='grc' dir='ltr'>διελεῖτέ</span> 
     </span>
    </p>
   </div>
   <div class='ocr_carea' id='block_1_8' title="bbox 283 625 1870 708">
    <p class='ocr_par' dir='ltr' id='par_1_8' title="bbox 283 625 1870 701">
     <span class='ocr_line' id='line_1_8' title="bbox 283 625 1870 701; baseline -0.008 -12"><span class='ocrx_word' id='word_1_45' title='bbox 283 635 350 690; x_wconf 86' lang='grc' dir='ltr'><strong>τά</strong></span> <span class='ocrx_word' id='word_1_46' title='bbox 385 631 558 697; x_wconf 78' lang='grc' dir='ltr'>σκῦλα</span> <span class='ocrx_word' id='word_1_47' title='bbox 591 628 696 684; x_wconf 86' lang='grc' dir='ltr'>ἀνὰ</span> <span class='ocrx_word' id='word_1_48' title='bbox 722 630 886 701; x_wconf 83' lang='grc' dir='ltr'>μέσον</span> <span class='ocrx_word' id='word_1_49' title='bbox 907 628 1016 681; x_wconf 87' lang='grc' dir='ltr'><strong>τῶν</strong></span> <span class='ocrx_word' id='word_1_50' title='bbox 1039 625 1380 698; x_wconf 83' lang='grc' dir='ltr'><strong>πολεμιστῶν</strong></span> <span class='ocrx_word' id='word_1_51' title='bbox 1396 625 1505 680; x_wconf 88' lang='grc' dir='ltr'><strong>τῶν</strong></span> <span class='ocrx_word' id='word_1_52' title='bbox 1533 626 1870 696; x_wconf 68' lang='grc' dir='ltr'><strong>ὶκττετιιορευ⁶</strong></span> 
     </span>
    </p>
   </div>
   <div class='ocr_carea' id='block_1_9' title="bbox 287 717 1869 795">
    <p class='ocr_par' dir='ltr' id='par_1_9' title="bbox 287 717 1869 795">
     <span class='ocr_line' id='line_1_9' title="bbox 287 717 1869 795; baseline -0.005 -18"><span class='ocrx_word' id='word_1_53' title='bbox 287 724 468 795; x_wconf 84' lang='grc' dir='ltr'>μένων</span> <span class='ocrx_word' id='word_1_54' title='bbox 507 722 591 785; x_wconf 88' lang='grc' dir='ltr'><strong>είς</strong></span> <span class='ocrx_word' id='word_1_55' title='bbox 637 720 971 791; x_wconf 74' lang='grc' dir='ltr'><strong>παράταξιν,</strong></span> <span class='ocrx_word' id='word_1_56' title='bbox 1018 718 1112 773; x_wconf 75' lang='grc' dir='ltr'><strong>καὶ</strong></span> <span class='ocrx_word' id='word_1_57' title='bbox 1160 718 1265 772; x_wconf 87' lang='grc' dir='ltr'><strong>ἀνά</strong></span> <span class='ocrx_word' id='word_1_58' title='bbox 1321 717 1484 789; x_wconf 83' lang='grc' dir='ltr'>μέσον</span> <span class='ocrx_word' id='word_1_59' title='bbox 1542 717 1725 786; x_wconf 77' lang='grc' dir='ltr'>πάσης</span> <span class='ocrx_word' id='word_1_60' title='bbox 1769 717 1869 784; x_wconf 84' lang='grc' dir='ltr'><strong>τῆς</strong></span> 
     </span>
    </p>
   </div>
   <div class='ocr_carea' id='block_1_10' title="bbox 284 802 1870 883">
    <p class='ocr_par' dir='ltr' id='par_1_10' title="bbox 284 802 1870 883">
     <span class='ocr_line' id='line_1_10' title="bbox 284 802 1870 883; baseline -0.006 -18"><span class='ocrx_word' id='word_1_61' title='bbox 284 812 637 883; x_wconf 81' lang='grc' dir='ltr'>συναγωγῆς,</span> <span class='ocrx_word' id='word_1_62' title='bbox 662 809 757 863; x_wconf 80' lang='grc' dir='ltr'>καὶ</span> <span class='ocrx_word' id='word_1_63' title='bbox 786 808 1038 878; x_wconf 83' lang='grc' dir='ltr'>ἀφελεῖτε</span> <span class='ocrx_word' id='word_1_64' title='bbox 1069 807 1132 860; x_wconf 73' lang='grc' dir='ltr'>τὸ</span> <span class='ocrx_word' id='word_1_65' title='bbox 1156 806 1308 868; x_wconf 82' lang='grc' dir='ltr'>τέλος</span> <span class='ocrx_word' id='word_1_66' title='bbox 1336 803 1546 877; x_wconf 75' lang='grc' dir='ltr'>Κυρίῳ,</span> <span class='ocrx_word' id='word_1_67' title='bbox 1577 802 1730 881; x_wconf 79' lang='grc' dir='ltr'>παρὰ</span> <span class='ocrx_word' id='word_1_68' title='bbox 1759 802 1870 856; x_wconf 83' lang='grc' dir='ltr'><strong>τῶν</strong></span> 
     </span>
    </p>
   </div>
   <div class='ocr_carea' id='block_1_11' title="bbox 284 895 1869 978">
    <p class='ocr_par' dir='ltr' id='par_1_11' title="bbox 284 895 1869 978">
     <span class='ocr_line' id='line_1_11' title="bbox 284 895 1869 978; baseline -0.009 -16"><span class='ocrx_word' id='word_1_69' title='bbox 284 905 591 978; x_wconf 82' lang='grc' dir='ltr'>ἀνθρώπων</span> <span class='ocrx_word' id='word_1_70' title='bbox 621 903 737 958; x_wconf 86' lang='grc' dir='ltr'><strong>τῶν</strong></span> <span class='ocrx_word' id='word_1_71' title='bbox 769 899 1133 972; x_wconf 71' lang='grc' dir='ltr'>πολεμιστῶν,</span> <span class='ocrx_word' id='word_1_72' title='bbox 1148 898 1259 952; x_wconf 87' lang='grc' dir='ltr'><strong>τῶν</strong></span> <span class='ocrx_word' id='word_1_73' title='bbox 1311 895 1756 968; x_wconf 68' lang='grc' dir='ltr'><strong>ἐκπορευομένων</strong></span> <span class='ocrx_word' id='word_1_74' title='bbox 1789 895 1869 958; x_wconf 89' lang='grc' dir='ltr'><strong>είς</strong></span> 
     </span>
    </p>
   </div>
   <div class='ocr_carea' id='block_1_12' title="bbox 282 985 1870 1071">
    <p class='ocr_par' dir='ltr' id='par_1_12' title="bbox 282 985 1870 1071">
     <span class='ocr_line' id='line_1_12' title="bbox 282 985 1870 1071; baseline -0.009 -18"><span class='ocrx_word' id='word_1_75' title='bbox 282 1002 383 1071; x_wconf 59' lang='grc' dir='ltr'><strong>⁸ἑὴν</strong></span> <span class='ocrx_word' id='word_1_76' title='bbox 412 997 746 1070; x_wconf 77' lang='grc' dir='ltr'>παράταξιν,</span> <span class='ocrx_word' id='word_1_77' title='bbox 780 996 909 1067; x_wconf 88' lang='grc' dir='ltr'>μίαν</span> <span class='ocrx_word' id='word_1_78' title='bbox 950 994 1133 1066; x_wconf 77' lang='grc' dir='ltr'>ψυχὴν</span> <span class='ocrx_word' id='word_1_79' title='bbox 1164 992 1271 1046; x_wconf 73' lang='grc' dir='ltr'><strong>ἀπὸ</strong></span> <span class='ocrx_word' id='word_1_80' title='bbox 1301 989 1691 1045; x_wconf 82' lang='grc' dir='ltr'>πεντακοσίων.</span> <span class='ocrx_word' id='word_1_81' title='bbox 1738 985 1870 1041; x_wconf 80' lang='grc' dir='ltr'><strong>Ἀπὸ</strong></span> 
     </span>
    </p>
   </div>
   <div class='ocr_carea' id='block_1_13' title="bbox 283 1078 1870 1162">
    <p class='ocr_par' dir='ltr' id='par_1_13' title="bbox 283 1078 1870 1162">
     <span class='ocr_line' id='line_1_13' title="bbox 283 1078 1870 1162; baseline -0.009 -16"><span class='ocrx_word' id='word_1_82' title='bbox 283 1092 393 1145; x_wconf 67' lang='grc' dir='ltr'>’τῶν</span> <span class='ocrx_word' id='word_1_83' title='bbox 429 1090 734 1162; x_wconf 84' lang='grc' dir='ltr'>ἀνθρώπων</span> <span class='ocrx_word' id='word_1_84' title='bbox 779 1088 873 1142; x_wconf 77' lang='grc' dir='ltr'><strong>καὶ</strong></span> <span class='ocrx_word' id='word_1_85' title='bbox 917 1086 1026 1141; x_wconf 83' lang='grc' dir='ltr'><strong>ἀπὸ</strong></span> <span class='ocrx_word' id='word_1_86' title='bbox 1075 1084 1185 1138; x_wconf 89' lang='grc' dir='ltr'><strong>τῶν</strong></span> <span class='ocrx_word' id='word_1_87' title='bbox 1225 1082 1460 1155; x_wconf 78' lang='grc' dir='ltr'>κτηνῶν,</span> <span class='ocrx_word' id='word_1_88' title='bbox 1491 1080 1587 1135; x_wconf 77' lang='grc' dir='ltr'>καὶ</span> <span class='ocrx_word' id='word_1_89' title='bbox 1626 1079 1735 1133; x_wconf 80' lang='grc' dir='ltr'><strong>ἀπὸ</strong></span> <span class='ocrx_word' id='word_1_90' title='bbox 1760 1078 1870 1133; x_wconf 89' lang='grc' dir='ltr'><strong>τῶν</strong></span> 
     </span>
    </p>
   </div>
   <div class='ocr_carea' id='block_1_14' title="bbox 287 1166 1871 1256">
    <p class='ocr_par' dir='ltr' id='par_1_14' title="bbox 287 1166 1871 1256">
     <span class='ocr_line' id='line_1_14' title="bbox 287 1166 1871 1256; baseline -0.008 -18"><span class='ocrx_word' id='word_1_91' title='bbox 287 1181 428 1256; x_wconf 81' lang='grc' dir='ltr'>βοῶν</span> <span class='ocrx_word' id='word_1_92' title='bbox 484 1166 584 1236; x_wconf 64' lang='grc' dir='ltr'>καὶ</span> <span class='ocrx_word' id='word_1_93' title='bbox 610 1182 720 1236; x_wconf 79' lang='grc' dir='ltr'><strong>ἀπὸ</strong></span> <span class='ocrx_word' id='word_1_94' title='bbox 747 1181 856 1234; x_wconf 84' lang='grc' dir='ltr'><strong>τῶν</strong></span> <span class='ocrx_word' id='word_1_95' title='bbox 885 1178 1195 1250; x_wconf 74' lang='grc' dir='ltr'>προϐάτων,</span> <span class='ocrx_word' id='word_1_96' title='bbox 1219 1177 1313 1230; x_wconf 76' lang='grc' dir='ltr'><strong>καὶ</strong></span> <span class='ocrx_word' id='word_1_97' title='bbox 1334 1175 1441 1229; x_wconf 82' lang='grc' dir='ltr'><strong>ἀπὸ</strong></span> <span class='ocrx_word' id='word_1_98' title='bbox 1466 1173 1574 1226; x_wconf 87' lang='grc' dir='ltr'><strong>τῶν</strong></span> <span class='ocrx_word' id='word_1_99' title='bbox 1602 1172 1741 1225; x_wconf 75' lang='grc' dir='ltr'>ὄνων</span> <span class='ocrx_word' id='word_1_100' title='bbox 1774 1171 1871 1226; x_wconf 63' lang='grc' dir='ltr'><strong>καὶ⁵</strong></span> 
     </span>
    </p>
   </div>
   <div class='ocr_carea' id='block_1_15' title="bbox 286 1262 1870 1346">
    <p class='ocr_par' dir='ltr' id='par_1_15' title="bbox 286 1262 1870 1346">
     <span class='ocr_line' id='line_1_15' title="bbox 286 1262 1870 1346; baseline -0.008 -16"><span class='ocrx_word' id='word_1_101' title='bbox 286 1277 394 1331; x_wconf 83' lang='grc' dir='ltr'><strong>ἀπὸ</strong></span> <span class='ocrx_word' id='word_1_102' title='bbox 412 1275 506 1338; x_wconf 55' lang='grc' dir='ltr'><strong>*αὖ</strong></span> <span class='ocrx_word' id='word_1_103' title='bbox 524 1264 758 1346; x_wconf 81' lang='grc' dir='ltr'>ἡμίσους</span> <span class='ocrx_word' id='word_1_104' title='bbox 768 1272 949 1326; x_wconf 81' lang='grc' dir='ltr'>αὐτῶν</span> <span class='ocrx_word' id='word_1_105' title='bbox 969 1268 1208 1342; x_wconf 78' lang='grc' dir='ltr'>λήψεσθε</span> <span class='ocrx_word' id='word_1_106' title='bbox 1230 1286 1243 1299; x_wconf 77' lang='grc' dir='ltr'><strong>ο</strong></span> <span class='ocrx_word' id='word_1_107' title='bbox 1269 1268 1363 1321; x_wconf 70' lang='grc' dir='ltr'><strong>καὶ</strong></span> <span class='ocrx_word' id='word_1_108' title='bbox 1383 1266 1576 1330; x_wconf 80' lang='grc' dir='ltr'><strong>δώσεις</strong></span> <span class='ocrx_word' id='word_1_109' title='bbox 1608 1262 1870 1336; x_wconf 78' lang='grc' dir='ltr'><strong>Ἐλεάζαρ</strong></span> 
     </span>
    </p>
   </div>
   <div class='ocr_carea' id='block_1_16' title="bbox 285 1355 1869 1439">
    <p class='ocr_par' dir='ltr' id='par_1_16' title="bbox 285 1355 1869 1439">
     <span class='ocr_line' id='line_1_16' title="bbox 285 1355 1869 1439; baseline -0.009 -17"><span class='ocrx_word' id='word_1_110' title='bbox 285 1368 363 1439; x_wconf 83' lang='grc' dir='ltr'><strong>τῷ</strong></span> <span class='ocrx_word' id='word_1_111' title='bbox 399 1369 538 1439; x_wconf 79' lang='grc' dir='ltr'>ἱερεῖ</span> <span class='ocrx_word' id='word_1_112' title='bbox 558 1367 658 1430; x_wconf 83' lang='grc' dir='ltr'>τὰς</span> <span class='ocrx_word' id='word_1_113' title='bbox 691 1365 945 1436; x_wconf 82' lang='grc' dir='ltr'>ἀπαρχὰς</span> <span class='ocrx_word' id='word_1_114' title='bbox 982 1363 1212 1436; x_wconf 80' lang='grc' dir='ltr'>Κυρίου,</span> <span class='ocrx_word' id='word_1_115' title='bbox 1252 1360 1347 1415; x_wconf 72' lang='grc' dir='ltr'><strong>καὶ</strong></span> <span class='ocrx_word' id='word_1_116' title='bbox 1382 1358 1490 1413; x_wconf 88' lang='grc' dir='ltr'><strong>ἀπὸ</strong></span> <span class='ocrx_word' id='word_1_117' title='bbox 1521 1357 1615 1410; x_wconf 82' lang='grc' dir='ltr'>τοῦ</span> <span class='ocrx_word' id='word_1_118' title='bbox 1639 1355 1869 1429; x_wconf 75' lang='grc' dir='ltr'><strong>ἡμίσους</strong></span> 
     </span>
    </p>
   </div>
   <div class='ocr_carea' id='block_1_17' title="bbox 286 1449 1865 1528">
    <p class='ocr_par' dir='ltr' id='par_1_17' title="bbox 286 1449 1865 1528">
     <span class='ocr_line' id='line_1_17' title="bbox 286 1449 1865 1528; baseline -0.006 -17"><span class='ocrx_word' id='word_1_119' title='bbox 286 1457 381 1511; x_wconf 81' lang='grc' dir='ltr'>τοῦ</span> <span class='ocrx_word' id='word_1_120' title='bbox 407 1458 520 1511; x_wconf 85' lang='grc' dir='ltr'><strong>τῶν</strong></span> <span class='ocrx_word' id='word_1_121' title='bbox 551 1457 685 1511; x_wconf 87' lang='grc' dir='ltr'>υίῶν</span> <span class='ocrx_word' id='word_1_122' title='bbox 710 1455 930 1527; x_wconf 79' lang='grc' dir='ltr'>Ἰσραὴλ</span> <span class='ocrx_word' id='word_1_123' title='bbox 955 1454 1101 1528; x_wconf 79' lang='grc' dir='ltr'><strong>λήψῃ</strong></span> <span class='ocrx_word' id='word_1_124' title='bbox 1123 1453 1218 1507; x_wconf 64' lang='grc' dir='ltr'>ἕνα</span> <span class='ocrx_word' id='word_1_125' title='bbox 1235 1452 1343 1506; x_wconf 79' lang='grc' dir='ltr'><strong>ἀπὸ</strong></span> <span class='ocrx_word' id='word_1_126' title='bbox 1381 1449 1491 1503; x_wconf 83' lang='grc' dir='ltr'><strong>τῶν</strong></span> <span class='ocrx_word' id='word_1_127' title='bbox 1508 1451 1865 1519; x_wconf 84' lang='grc' dir='ltr'>πεντήκοντα,</span> 
     </span>
    </p>
   </div>
   <div class='ocr_carea' id='block_1_18' title="bbox 286 1539 1869 1621">
    <p class='ocr_par' dir='ltr' id='par_1_18' title="bbox 286 1539 1869 1621">
     <span class='ocr_line' id='line_1_18' title="bbox 286 1539 1869 1621; baseline -0.008 -17"><span class='ocrx_word' id='word_1_128' title='bbox 286 1550 394 1605; x_wconf 80' lang='grc' dir='ltr'><strong>ἀπὸ</strong></span> <span class='ocrx_word' id='word_1_129' title='bbox 419 1549 531 1602; x_wconf 85' lang='grc' dir='ltr'><strong>τῶν</strong></span> <span class='ocrx_word' id='word_1_130' title='bbox 559 1548 886 1621; x_wconf 77' lang='grc' dir='ltr'>ἀνθρώπων,</span> <span class='ocrx_word' id='word_1_131' title='bbox 929 1549 1024 1601; x_wconf 80' lang='grc' dir='ltr'>καὶ</span> <span class='ocrx_word' id='word_1_132' title='bbox 1054 1545 1162 1600; x_wconf 77' lang='grc' dir='ltr'><strong>ἀπὸ</strong></span> <span class='ocrx_word' id='word_1_133' title='bbox 1182 1543 1289 1598; x_wconf 87' lang='grc' dir='ltr'><strong>τῶν</strong></span> <span class='ocrx_word' id='word_1_134' title='bbox 1311 1542 1470 1613; x_wconf 72' lang='grc' dir='ltr'>βοῶν,</span> <span class='ocrx_word' id='word_1_135' title='bbox 1503 1541 1597 1595; x_wconf 79' lang='grc' dir='ltr'><strong>καὶ</strong></span> <span class='ocrx_word' id='word_1_136' title='bbox 1629 1539 1737 1594; x_wconf 80' lang='grc' dir='ltr'><strong>ἀπὸ</strong></span> <span class='ocrx_word' id='word_1_137' title='bbox 1760 1540 1869 1593; x_wconf 84' lang='grc' dir='ltr'><strong>τῶν</strong></span> 
     </span>
    </p>
   </div>
   <div class='ocr_carea' id='block_1_19' title="bbox 286 1631 1867 1713">
    <p class='ocr_par' dir='ltr' id='par_1_19' title="bbox 286 1631 1867 1713">
     <span class='ocr_line' id='line_1_19' title="bbox 286 1631 1867 1713; baseline -0.008 -17"><span class='ocrx_word' id='word_1_138' title='bbox 286 1642 597 1713; x_wconf 80' lang='grc' dir='ltr'>προϐάτων,</span> <span class='ocrx_word' id='word_1_139' title='bbox 639 1640 734 1695; x_wconf 72' lang='grc' dir='ltr'>καὶ</span> <span class='ocrx_word' id='word_1_140' title='bbox 764 1639 874 1693; x_wconf 76' lang='grc' dir='ltr'><strong>ἀπὸ</strong></span> <span class='ocrx_word' id='word_1_141' title='bbox 912 1637 1022 1691; x_wconf 86' lang='grc' dir='ltr'><strong>τῶν</strong></span> <span class='ocrx_word' id='word_1_142' title='bbox 1050 1637 1209 1701; x_wconf 75' lang='grc' dir='ltr'>ὄνων,</span> <span class='ocrx_word' id='word_1_143' title='bbox 1253 1636 1349 1689; x_wconf 77' lang='grc' dir='ltr'>καὶ</span> <span class='ocrx_word' id='word_1_144' title='bbox 1372 1633 1481 1688; x_wconf 83' lang='grc' dir='ltr'><strong>ἀπὸ</strong></span> <span class='ocrx_word' id='word_1_145' title='bbox 1501 1633 1718 1687; x_wconf 86' lang='grc' dir='ltr'>πάντων</span> <span class='ocrx_word' id='word_1_146' title='bbox 1751 1631 1867 1690; x_wconf 76' lang='grc' dir='ltr'>,τῶν</span> 
     </span>
    </p>
   </div>
   <div class='ocr_carea' id='block_1_20' title="bbox 1970 441 3554 515">
    <p class='ocr_par' dir='ltr' id='par_1_20' title="bbox 1970 441 3554 515">
     <span class='ocr_line' id='line_1_20' title="bbox 1970 441 3554 515; baseline 0.003 -20"><span class='ocrx_word' id='word_1_147' title='bbox 1970 442 2119 496; x_wconf 92' lang='lat' dir='ltr'><strong>mine</strong></span> <span class='ocrx_word' id='word_1_148' title='bbox 2140 456 2311 511; x_wconf 87' lang='lat' dir='ltr'><strong>usque</strong></span> <span class='ocrx_word' id='word_1_149' title='bbox 2331 441 2399 497; x_wconf 89' lang='lat' dir='ltr'><strong>ad</strong></span> <span class='ocrx_word' id='word_1_150' title='bbox 2418 456 2606 512; x_wconf 91' lang='lat' dir='ltr'><strong>pecus,</strong></span> <span class='ocrx_word' id='word_1_151' title='bbox 2630 449 2689 495; x_wconf 94' lang='lat' dir='ltr'><strong>tu</strong></span> <span class='ocrx_word' id='word_1_152' title='bbox 2708 448 2764 495; x_wconf 89' lang='lat' dir='ltr'><strong>et</strong></span> <span class='ocrx_word' id='word_1_153' title='bbox 2783 441 3008 496; x_wconf 81' lang='lat' dir='ltr'><strong>Eleazar</strong></span> <span class='ocrx_word' id='word_1_154' title='bbox 3027 442 3304 508; x_wconf 81' lang='lat' dir='ltr'><strong>sacerdos,</strong></span> <span class='ocrx_word' id='word_1_155' title='bbox 3327 451 3383 498; x_wconf 83' lang='lat' dir='ltr'><strong>et</strong></span> <span class='ocrx_word' id='word_1_156' title='bbox 3399 445 3554 515; x_wconf 72' lang='lat' dir='ltr'><strong>prin-</strong></span> 
     </span>
    </p>
   </div>
   <div class='ocr_carea' id='block_1_21' title="bbox 1968 526 3553 609">
    <p class='ocr_par' dir='ltr' id='par_1_21' title="bbox 1968 526 3553 609">
     <span class='ocr_line' id='line_1_21' title="bbox 1968 526 3553 609; baseline 0.004 -22"><span class='ocrx_word' id='word_1_157' title='bbox 1968 532 2119 603; x_wconf 90' lang='lat' dir='ltr'><strong>cipes</strong></span> <span class='ocrx_word' id='word_1_158' title='bbox 2149 532 2483 587; x_wconf 78' lang='lat' dir='ltr'><strong>familiarum</strong></span> <span class='ocrx_word' id='word_1_159' title='bbox 2508 531 2978 603; x_wconf 78' lang='lat' dir='ltr'><strong>congregationis:</strong></span> <span class='ocrx_word' id='word_1_160' title='bbox 3016 542 3073 587; x_wconf 92' lang='lat' dir='ltr'><strong>et</strong></span> <span class='ocrx_word' id='word_1_161' title='bbox 3102 526 3359 593; x_wconf 89' lang='lat' dir='ltr'><strong>dividetis</strong></span> <span class='ocrx_word' id='word_1_162' title='bbox 3380 540 3553 609; x_wconf 85' lang='lat' dir='ltr'><strong>spolia</strong></span> 
     </span>
    </p>
   </div>
   <div class='ocr_carea' id='block_1_22' title="bbox 1969 609 3553 696">
    <p class='ocr_par' dir='ltr' id='par_1_22' title="bbox 1969 609 3553 696">
     <span class='ocr_line' id='line_1_22' title="bbox 1969 609 3553 696; baseline 0.005 -17"><span class='ocrx_word' id='word_1_163' title='bbox 1969 624 2114 681; x_wconf 91' lang='lat' dir='ltr'><strong>inter</strong></span> <span class='ocrx_word' id='word_1_164' title='bbox 2139 624 2432 681; x_wconf 79' lang='lat' dir='ltr'><strong>bellatores</strong></span> <span class='ocrx_word' id='word_1_165' title='bbox 2457 639 2709 696; x_wconf 83' lang='lat' dir='ltr'><strong>egressos</strong></span> <span class='ocrx_word' id='word_1_166' title='bbox 2733 623 2801 679; x_wconf 86' lang='lat' dir='ltr'><strong>ad</strong></span> <span class='ocrx_word' id='word_1_167' title='bbox 2821 609 3048 689; x_wconf 80' lang='lat' dir='ltr'><strong>beilum,</strong></span> <span class='ocrx_word' id='word_1_168' title='bbox 3073 634 3129 680; x_wconf 91' lang='lat' dir='ltr'><strong>et</strong></span> <span class='ocrx_word' id='word_1_169' title='bbox 3163 622 3307 683; x_wconf 85' lang='lat' dir='ltr'><strong>inter</strong></span> <span class='ocrx_word' id='word_1_170' title='bbox 3333 646 3553 687; x_wconf 90' lang='lat' dir='ltr'><strong>omnem</strong></span> 
     </span>
    </p>
   </div>
   <div class='ocr_carea' id='block_1_23' title="bbox 1970 698 3555 786">
    <p class='ocr_par' dir='ltr' id='par_1_23' title="bbox 1970 698 3555 786">
     <span class='ocr_line' id='line_1_23' title="bbox 1970 698 3555 786; baseline 0.004 -17"><span class='ocrx_word' id='word_1_171' title='bbox 1970 715 2450 786; x_wconf 76' lang='lat' dir='ltr'><strong>congregationem</strong></span> <span class='ocrx_word' id='word_1_172' title='bbox 2482 732 2494 768; x_wconf 94' lang='lat'><strong>:</strong></span> <span class='ocrx_word' id='word_1_173' title='bbox 2521 721 2577 769; x_wconf 87' lang='lat' dir='ltr'><strong>et</strong></span> <span class='ocrx_word' id='word_1_174' title='bbox 2595 704 2925 785; x_wconf 85' lang='lat' dir='ltr'><strong>separabitis</strong></span> <span class='ocrx_word' id='word_1_175' title='bbox 2943 698 3209 769; x_wconf 80' lang='lat' dir='ltr'><strong>tributum</strong></span> <span class='ocrx_word' id='word_1_176' title='bbox 3229 704 3460 775; x_wconf 86' lang='lat' dir='ltr'><strong>Domino</strong></span> <span class='ocrx_word' id='word_1_177' title='bbox 3482 713 3555 776; x_wconf 80' lang='lat' dir='ltr'><strong>ab</strong></span> 
     </span>
    </p>
   </div>
   <div class='ocr_carea' id='block_1_24' title="bbox 1970 789 3551 878">
    <p class='ocr_par' dir='ltr' id='par_1_24' title="bbox 1970 789 3551 878">
     <span class='ocr_line' id='line_1_24' title="bbox 1970 789 3551 878; baseline 0.003 -17"><span class='ocrx_word' id='word_1_178' title='bbox 1970 805 2292 863; x_wconf 86' lang='lat' dir='ltr'><strong>hominibus</strong></span> <span class='ocrx_word' id='word_1_179' title='bbox 2333 792 2691 862; x_wconf 83' lang='lat' dir='ltr'><strong>bellatoribus</strong></span> <span class='ocrx_word' id='word_1_180' title='bbox 2741 789 3152 878; x_wconf 79' lang='lat' dir='ltr'><strong>egredientibus</strong></span> <span class='ocrx_word' id='word_1_181' title='bbox 3200 807 3270 863; x_wconf 85' lang='lat' dir='ltr'><strong>ad</strong></span> <span class='ocrx_word' id='word_1_182' title='bbox 3311 799 3551 877; x_wconf 85' lang='lat' dir='ltr'><strong>bellum,</strong></span> 
     </span>
    </p>
   </div>
   <div class='ocr_carea' id='block_1_25' title="bbox 1970 885 3557 975">
    <p class='ocr_par' dir='ltr' id='par_1_25' title="bbox 1970 885 3557 975">
     <span class='ocr_line' id='line_1_25' title="bbox 1970 885 3557 975; baseline 0.003 -22"><span class='ocrx_word' id='word_1_183' title='bbox 1970 913 2136 953; x_wconf 88' lang='lat' dir='ltr'><strong>unam</strong></span> <span class='ocrx_word' id='word_1_184' title='bbox 2169 898 2407 955; x_wconf 89' lang='lat' dir='ltr'><strong>animam</strong></span> <span class='ocrx_word' id='word_1_185' title='bbox 2437 915 2469 954; x_wconf 90' lang='lat' dir='ltr'><strong>a</strong></span> <span class='ocrx_word' id='word_1_186' title='bbox 2500 898 2814 971; x_wconf 85' lang='lat' dir='ltr'><strong>quingentis</strong></span> <span class='ocrx_word' id='word_1_187' title='bbox 2837 917 2850 953; x_wconf 91' lang='lat'><strong>:</strong></span> <span class='ocrx_word' id='word_1_188' title='bbox 2870 898 2940 954; x_wconf 91' lang='lat' dir='ltr'><strong>ab</strong></span> <span class='ocrx_word' id='word_1_189' title='bbox 2969 885 3290 955; x_wconf 85' lang='lat' dir='ltr'><strong>hominibus</strong></span> <span class='ocrx_word' id='word_1_190' title='bbox 3318 907 3374 955; x_wconf 91' lang='lat' dir='ltr'><strong>et</strong></span> <span class='ocrx_word' id='word_1_191' title='bbox 3402 905 3435 957; x_wconf 89' lang='lat' dir='ltr'><strong>a</strong></span> <span class='ocrx_word' id='word_1_192' title='bbox 3467 903 3557 975; x_wconf 41' lang='lat' dir='ltr'><strong>jus</strong></span> 
     </span>
    </p>
   </div>
   <div class='ocr_carea' id='block_1_26' title="bbox 1971 980 3555 1059">
    <p class='ocr_par' dir='ltr' id='par_1_26' title="bbox 1971 980 3555 1059">
     <span class='ocr_line' id='line_1_26' title="bbox 1971 980 3555 1059; baseline 0.003 -13"><span class='ocrx_word' id='word_1_193' title='bbox 1971 990 2192 1057; x_wconf 87' lang='lat' dir='ltr'><strong>mentis,</strong></span> <span class='ocrx_word' id='word_1_194' title='bbox 2214 999 2271 1046; x_wconf 91' lang='lat' dir='ltr'><strong>et</strong></span> <span class='ocrx_word' id='word_1_195' title='bbox 2305 1006 2337 1045; x_wconf 93' lang='lat' dir='ltr'><strong>a</strong></span> <span class='ocrx_word' id='word_1_196' title='bbox 2363 990 2561 1057; x_wconf 87' lang='lat' dir='ltr'><strong>bobus,</strong></span> <span class='ocrx_word' id='word_1_197' title='bbox 2580 1000 2637 1046; x_wconf 92' lang='lat' dir='ltr'><strong>et</strong></span> <span class='ocrx_word' id='word_1_198' title='bbox 2672 991 2741 1047; x_wconf 89' lang='lat' dir='ltr'><strong>ab</strong></span> <span class='ocrx_word' id='word_1_199' title='bbox 2777 991 2992 1058; x_wconf 90' lang='lat' dir='ltr'><strong>ovibus,</strong></span> <span class='ocrx_word' id='word_1_200' title='bbox 3033 999 3091 1047; x_wconf 90' lang='lat' dir='ltr'><strong>et</strong></span> <span class='ocrx_word' id='word_1_201' title='bbox 3123 992 3193 1047; x_wconf 90' lang='lat' dir='ltr'><strong>ab</strong></span> <span class='ocrx_word' id='word_1_202' title='bbox 3222 980 3413 1059; x_wconf 85' lang='lat' dir='ltr'><strong>asinis,</strong></span> <span class='ocrx_word' id='word_1_203' title='bbox 3444 1003 3499 1050; x_wconf 89' lang='lat' dir='ltr'><strong>et</strong></span> <span class='ocrx_word' id='word_1_204' title='bbox 3522 998 3555 1051; x_wconf 81' lang='lat' dir='ltr'><strong>a</strong></span> 
     </span>
    </p>
   </div>
   <div class='ocr_carea' id='block_1_27' title="bbox 1971 1078 3555 1155">
    <p class='ocr_par' dir='ltr' id='par_1_27' title="bbox 1971 1078 3555 1155">
     <span class='ocr_line' id='line_1_27' title="bbox 1971 1078 3555 1155; baseline 0.001 -16"><span class='ocrx_word' id='word_1_205' title='bbox 1971 1083 2159 1149; x_wconf 88' lang='lat' dir='ltr'><strong>mulis,</strong></span> <span class='ocrx_word' id='word_1_206' title='bbox 2174 1090 2232 1138; x_wconf 92' lang='lat' dir='ltr'><strong>et</strong></span> <span class='ocrx_word' id='word_1_207' title='bbox 2266 1083 2336 1138; x_wconf 90' lang='lat' dir='ltr'><strong>ab</strong></span> <span class='ocrx_word' id='word_1_208' title='bbox 2373 1083 2633 1139; x_wconf 89' lang='lat' dir='ltr'><strong>omnibus</strong></span> <span class='ocrx_word' id='word_1_209' title='bbox 2664 1082 2932 1155; x_wconf 88' lang='lat' dir='ltr'><strong>jumentis</strong></span> <span class='ocrx_word' id='word_1_210' title='bbox 2965 1083 3283 1155; x_wconf 87' lang='lat' dir='ltr'><strong>accipietis;</strong></span> <span class='ocrx_word' id='word_1_211' title='bbox 3307 1082 3364 1140; x_wconf 82' lang='lat' dir='ltr'><strong>et</strong></span> <span class='ocrx_word' id='word_1_212' title='bbox 3398 1078 3555 1142; x_wconf 81' lang='lat' dir='ltr'><strong>dabis</strong></span> 
     </span>
    </p>
   </div>
   <div class='ocr_carea' id='block_1_28' title="bbox 1971 1164 3553 1246">
    <p class='ocr_par' dir='ltr' id='par_1_28' title="bbox 1971 1164 3553 1246">
     <span class='ocr_line' id='line_1_28' title="bbox 1971 1164 3553 1246; baseline 0.002 -17"><span class='ocrx_word' id='word_1_213' title='bbox 1971 1174 2233 1229; x_wconf 88' lang='lat' dir='ltr'><strong>Eleazaro</strong></span> <span class='ocrx_word' id='word_1_214' title='bbox 2262 1174 2535 1230; x_wconf 89' lang='lat' dir='ltr'><strong>sacerdoti</strong></span> <span class='ocrx_word' id='word_1_215' title='bbox 2572 1174 2844 1246; x_wconf 87' lang='lat' dir='ltr'><strong>primitias</strong></span> <span class='ocrx_word' id='word_1_216' title='bbox 2880 1164 3132 1230; x_wconf 87' lang='lat' dir='ltr'><strong>Domini:</strong></span> <span class='ocrx_word' id='word_1_217' title='bbox 3160 1169 3217 1231; x_wconf 81' lang='lat' dir='ltr'><strong>et</strong></span> <span class='ocrx_word' id='word_1_218' title='bbox 3254 1192 3285 1231; x_wconf 89' lang='lat' dir='ltr'><strong>a</strong></span> <span class='ocrx_word' id='word_1_219' title='bbox 3321 1176 3553 1233; x_wconf 92' lang='lat' dir='ltr'><strong>dimidio</strong></span> 
     </span>
    </p>
   </div>
   <div class='ocr_carea' id='block_1_29' title="bbox 1973 1252 3553 1341">
    <p class='ocr_par' dir='ltr' id='par_1_29' title="bbox 1973 1252 3553 1341">
     <span class='ocr_line' id='line_1_29' title="bbox 1973 1252 3553 1341; baseline 0.003 -21"><span class='ocrx_word' id='word_1_220' title='bbox 1973 1264 2210 1321; x_wconf 83' lang='lat' dir='ltr'><strong>filiorum</strong></span> <span class='ocrx_word' id='word_1_221' title='bbox 2249 1267 2416 1322; x_wconf 86' lang='lat' dir='ltr'><strong>Israel</strong></span> <span class='ocrx_word' id='word_1_222' title='bbox 2447 1252 2706 1338; x_wconf 86' lang='lat' dir='ltr'><strong>accipies,</strong></span> <span class='ocrx_word' id='word_1_223' title='bbox 2729 1283 2903 1323; x_wconf 90' lang='lat' dir='ltr'><strong>unum</strong></span> <span class='ocrx_word' id='word_1_224' title='bbox 2941 1253 3009 1323; x_wconf 88' lang='lat' dir='ltr'><strong>de</strong></span> <span class='ocrx_word' id='word_1_225' title='bbox 3032 1268 3452 1341; x_wconf 82' lang='lat' dir='ltr'><strong>quinquaginta,</strong></span> <span class='ocrx_word' id='word_1_226' title='bbox 3483 1270 3553 1325; x_wconf 85' lang='lat' dir='ltr'><strong>ab</strong></span> 
     </span>
    </p>
   </div>
   <div class='ocr_carea' id='block_1_30' title="bbox 1971 1344 3553 1429">
    <p class='ocr_par' dir='ltr' id='par_1_30' title="bbox 1971 1344 3553 1429">
     <span class='ocr_line' id='line_1_30' title="bbox 1971 1344 3553 1429; baseline 0.004 -15"><span class='ocrx_word' id='word_1_227' title='bbox 1971 1359 2315 1425; x_wconf 90' lang='lat' dir='ltr'><strong>hominibus,</strong></span> <span class='ocrx_word' id='word_1_228' title='bbox 2351 1368 2407 1414; x_wconf 92' lang='lat' dir='ltr'><strong>et</strong></span> <span class='ocrx_word' id='word_1_229' title='bbox 2426 1376 2459 1415; x_wconf 92' lang='lat' dir='ltr'><strong>a</strong></span> <span class='ocrx_word' id='word_1_230' title='bbox 2477 1344 2676 1425; x_wconf 82' lang='lat' dir='ltr'><strong>bobus,</strong></span> <span class='ocrx_word' id='word_1_231' title='bbox 2701 1368 2757 1415; x_wconf 90' lang='lat' dir='ltr'><strong>et</strong></span> <span class='ocrx_word' id='word_1_232' title='bbox 2778 1360 2846 1415; x_wconf 91' lang='lat' dir='ltr'><strong>ab</strong></span> <span class='ocrx_word' id='word_1_233' title='bbox 2867 1346 3085 1428; x_wconf 82' lang='lat' dir='ltr'><strong>ovibus,</strong></span> <span class='ocrx_word' id='word_1_234' title='bbox 3111 1356 3166 1418; x_wconf 83' lang='lat' dir='ltr'><strong>et</strong></span> <span class='ocrx_word' id='word_1_235' title='bbox 3185 1358 3253 1416; x_wconf 88' lang='lat' dir='ltr'><strong>ab</strong></span> <span class='ocrx_word' id='word_1_236' title='bbox 3277 1363 3466 1429; x_wconf 89' lang='lat' dir='ltr'><strong>asinis,</strong></span> <span class='ocrx_word' id='word_1_237' title='bbox 3497 1371 3553 1420; x_wconf 91' lang='lat' dir='ltr'><strong>et</strong></span> 
     </span>
    </p>
   </div>
   <div class='ocr_carea' id='block_1_31' title="bbox 1971 1437 3554 1524">
    <p class='ocr_par' dir='ltr' id='par_1_31' title="bbox 1971 1437 3554 1524">
     <span class='ocr_line' id='line_1_31' title="bbox 1971 1437 3554 1524; baseline 0.003 -17"><span class='ocrx_word' id='word_1_238' title='bbox 1971 1451 2042 1507; x_wconf 89' lang='lat' dir='ltr'><strong>ab</strong></span> <span class='ocrx_word' id='word_1_239' title='bbox 2076 1448 2336 1507; x_wconf 86' lang='lat' dir='ltr'><strong>omnibus</strong></span> <span class='ocrx_word' id='word_1_240' title='bbox 2348 1437 2614 1524; x_wconf 81' lang='lat' dir='ltr'><strong>jumentis</strong></span> <span class='ocrx_word' id='word_1_241' title='bbox 2634 1471 2648 1519; x_wconf 91' lang='lat'><strong>;</strong></span> <span class='ocrx_word' id='word_1_242' title='bbox 2672 1462 2728 1508; x_wconf 91' lang='lat' dir='ltr'><strong>et</strong></span> <span class='ocrx_word' id='word_1_243' title='bbox 2750 1439 2906 1509; x_wconf 87' lang='lat' dir='ltr'><strong>dabis</strong></span> <span class='ocrx_word' id='word_1_244' title='bbox 2924 1470 2988 1509; x_wconf 90' lang='lat' dir='ltr'><strong>ea</strong></span> <span class='ocrx_word' id='word_1_245' title='bbox 3009 1445 3216 1510; x_wconf 77' lang='lat' dir='ltr'><strong>Levitis</strong></span> <span class='ocrx_word' id='word_1_246' title='bbox 3237 1444 3554 1513; x_wconf 84' lang='lat' dir='ltr'><strong>custodien-</strong></span> 
     </span>
    </p>
   </div>
   <div class='ocr_carea' id='block_1_32' title="bbox 1972 1531 3553 1605">
    <p class='ocr_par' dir='ltr' id='par_1_32' title="bbox 1972 1531 3553 1605">
     <span class='ocr_line' id='line_1_32' title="bbox 1972 1531 3553 1605; baseline 0.004 -7"><span class='ocrx_word' id='word_1_247' title='bbox 1972 1544 2123 1599; x_wconf 90' lang='lat' dir='ltr'><strong>tibus</strong></span> <span class='ocrx_word' id='word_1_248' title='bbox 2179 1544 2462 1599; x_wconf 83' lang='lat' dir='ltr'><strong>custodias</strong></span> <span class='ocrx_word' id='word_1_249' title='bbox 2511 1544 2568 1599; x_wconf 91' lang='lat' dir='ltr'><strong>in</strong></span> <span class='ocrx_word' id='word_1_250' title='bbox 2617 1546 2969 1601; x_wconf 89' lang='lat' dir='ltr'><strong>tabernaculo</strong></span> <span class='ocrx_word' id='word_1_251' title='bbox 3024 1531 3262 1602; x_wconf 80' lang='lat' dir='ltr'><strong>Domini.</strong></span> <span class='ocrx_word' id='word_1_252' title='bbox 3306 1536 3376 1604; x_wconf 78' lang='lat' dir='ltr'><strong>Et</strong></span> <span class='ocrx_word' id='word_1_253' title='bbox 3422 1548 3553 1605; x_wconf 77' lang='lat' dir='ltr'><strong>fecit</strong></span> 
     </span>
    </p>
   </div>
   <div class='ocr_carea' id='block_1_33' title="bbox 1970 1623 3554 1710">
    <p class='ocr_par' dir='ltr' id='par_1_33' title="bbox 1970 1623 3554 1710">
     <span class='ocr_line' id='line_1_33' title="bbox 1970 1623 3554 1710; baseline 0.003 -18"><span class='ocrx_word' id='word_1_254' title='bbox 1970 1637 2271 1710; x_wconf 83' lang='lat' dir='ltr'><strong>Moyses,et</strong></span> <span class='ocrx_word' id='word_1_255' title='bbox 2294 1638 2520 1694; x_wconf 86' lang='lat' dir='ltr'><strong>Eleazar</strong></span> <span class='ocrx_word' id='word_1_256' title='bbox 2540 1638 2816 1702; x_wconf 87' lang='lat' dir='ltr'><strong>sacerdos,</strong></span> <span class='ocrx_word' id='word_1_257' title='bbox 2839 1637 2984 1693; x_wconf 88' lang='lat' dir='ltr'><strong>sicut</strong></span> <span class='ocrx_word' id='word_1_258' title='bbox 3004 1623 3260 1708; x_wconf 81' lang='lat' dir='ltr'><strong>praecepit</strong></span> <span class='ocrx_word' id='word_1_259' title='bbox 3287 1640 3554 1696; x_wconf 89' lang='lat' dir='ltr'><strong>Dominus</strong></span> 
     </span>
    </p>
   </div>
   <div class='ocr_carea' id='block_1_34' title="bbox 283 1718 1862 1804">
    <p class='ocr_par' dir='ltr' id='par_1_34' title="bbox 283 1722 1862 1804">
     <span class='ocr_line' id='line_1_34' title="bbox 283 1722 1862 1804; baseline -0.006 -19"><span class='ocrx_word' id='word_1_260' title='bbox 283 1733 521 1804; x_wconf 84' lang='grc' dir='ltr'>κτηνῶν,</span> <span class='ocrx_word' id='word_1_261' title='bbox 557 1733 655 1787; x_wconf 71' lang='grc' dir='ltr'><strong>καὶ</strong></span> <span class='ocrx_word' id='word_1_262' title='bbox 681 1730 876 1795; x_wconf 82' lang='grc' dir='ltr'>δώσεις</span> <span class='ocrx_word' id='word_1_263' title='bbox 902 1731 1040 1784; x_wconf 79' lang='grc' dir='ltr'>αὺτά</span> <span class='ocrx_word' id='word_1_264' title='bbox 1080 1731 1194 1793; x_wconf 80' lang='grc' dir='ltr'>τοῖς</span> <span class='ocrx_word' id='word_1_265' title='bbox 1224 1727 1482 1790; x_wconf 72' lang='grc' dir='ltr'>Λευῒταις</span> <span class='ocrx_word' id='word_1_266' title='bbox 1513 1725 1626 1788; x_wconf 81' lang='grc' dir='ltr'>τοῖς</span> <span class='ocrx_word' id='word_1_267' title='bbox 1660 1722 1862 1793; x_wconf 81' lang='grc' dir='ltr'>φυλάσ-</span> 
     </span>
    </p>
   </div>
   <div class='ocr_carea' id='block_1_35' title="bbox 1969 1718 3551 1804">
    <p class='ocr_par' dir='ltr' id='par_1_35' title="bbox 1969 1718 3551 1802">
     <span class='ocr_line' id='line_1_35' title="bbox 1969 1718 3551 1802; baseline 0.002 -18"><span class='ocrx_word' id='word_1_268' title='bbox 1969 1730 2140 1801; x_wconf 81' lang='lat' dir='ltr'><strong>Moysi</strong></span> <span class='ocrx_word' id='word_1_269' title='bbox 2164 1730 2205 1783; x_wconf 87' lang='grc'><strong>³.</strong></span> <span class='ocrx_word' id='word_1_270' title='bbox 2244 1749 2261 1781; x_wconf 75' lang='grc' dir='ltr'><strong>ι</strong></span> <span class='ocrx_word' id='word_1_271' title='bbox 2304 1718 2580 1785; x_wconf 88' lang='lat' dir='ltr'><strong>Continuo</strong></span> <span class='ocrx_word' id='word_1_272' title='bbox 2616 1730 2855 1801; x_wconf 81' lang='lat' dir='ltr'><strong>namque</strong></span> <span class='ocrx_word' id='word_1_273' title='bbox 2908 1733 3055 1800; x_wconf 88' lang='lat' dir='ltr'><strong>quod</strong></span> <span class='ocrx_word' id='word_1_274' title='bbox 3103 1724 3293 1786; x_wconf 87' lang='lat' dir='ltr'><strong>divino</strong></span> <span class='ocrx_word' id='word_1_275' title='bbox 3335 1733 3551 1802; x_wconf 87' lang='lat' dir='ltr'><strong>jussum</strong></span> 
     </span>
    </p>
   </div>
   <div class='ocr_carea' id='block_1_36' title="bbox 285 1813 1866 1892">
    <p class='ocr_par' dir='ltr' id='par_1_36' title="bbox 285 1813 1866 1892">
     <span class='ocr_line' id='line_1_36' title="bbox 285 1813 1866 1892; baseline -0.008 -15"><span class='ocrx_word' id='word_1_276' title='bbox 285 1841 439 1877; x_wconf 89' lang='grc' dir='ltr'>σουσι</span> <span class='ocrx_word' id='word_1_277' title='bbox 465 1823 566 1886; x_wconf 83' lang='grc' dir='ltr'>τὰς</span> <span class='ocrx_word' id='word_1_278' title='bbox 593 1822 841 1892; x_wconf 84' lang='grc' dir='ltr'>φυλακάς</span> <span class='ocrx_word' id='word_1_279' title='bbox 860 1824 926 1876; x_wconf 72' lang='grc' dir='ltr'>ὲν</span> <span class='ocrx_word' id='word_1_280' title='bbox 939 1824 1007 1891; x_wconf 82' lang='grc' dir='ltr'>τῇ</span> <span class='ocrx_word' id='word_1_281' title='bbox 1041 1822 1215 1891; x_wconf 82' lang='grc' dir='ltr'>σκηνῇ</span> <span class='ocrx_word' id='word_1_282' title='bbox 1247 1817 1472 1889; x_wconf 81' lang='grc' dir='ltr'>Κυρίου.</span> <span class='ocrx_word' id='word_1_283' title='bbox 1509 1816 1622 1870; x_wconf 72' lang='grc' dir='ltr'><strong>Καὶ</strong></span> <span class='ocrx_word' id='word_1_284' title='bbox 1641 1813 1866 1882; x_wconf 78' lang='grc' dir='ltr'>ἐποίησε</span> 
     </span>
    </p>
   </div>
   <div class='ocr_carea' id='block_1_37' title="bbox 282 1907 1868 1987">
    <p class='ocr_par' dir='ltr' id='par_1_37' title="bbox 282 1907 1868 1987">
     <span class='ocr_line' id='line_1_37' title="bbox 282 1907 1868 1987; baseline -0.006 -17"><span class='ocrx_word' id='word_1_285' title='bbox 282 1914 490 1987; x_wconf 81' lang='grc' dir='ltr'>Μωσῆς</span> <span class='ocrx_word' id='word_1_286' title='bbox 513 1916 609 1969; x_wconf 71' lang='grc' dir='ltr'>καὶ</span> <span class='ocrx_word' id='word_1_287' title='bbox 645 1915 912 1986; x_wconf 77' lang='grc' dir='ltr'>Ἐλεάζαρ</span> <span class='ocrx_word' id='word_1_288' title='bbox 933 1916 963 1968; x_wconf 91' lang='lat'><strong>6</strong></span> <span class='ocrx_word' id='word_1_289' title='bbox 985 1915 1029 1967; x_wconf 75' lang='lat' dir='ltr'><strong>is</strong></span> <span class='ocrx_word' id='word_1_290' title='bbox 1039 1915 1184 1984; x_wconf 77' lang='grc' dir='ltr'>ρεὺς,</span> <span class='ocrx_word' id='word_1_291' title='bbox 1214 1910 1360 1966; x_wconf 85' lang='grc' dir='ltr'><strong>καθά</strong></span> <span class='ocrx_word' id='word_1_292' title='bbox 1381 1909 1639 1974; x_wconf 73' lang='grc' dir='ltr'>συνέταξε</span> <span class='ocrx_word' id='word_1_293' title='bbox 1663 1907 1868 1979; x_wconf 81' lang='grc' dir='ltr'>Κύριος</span> 
     </span>
    </p>
   </div>
   <div class='ocr_carea' id='block_1_38' title="bbox 279 2001 1860 2078">
    <p class='ocr_par' dir='ltr' id='par_1_38' title="bbox 279 2001 1860 2078">
     <span class='ocr_line' id='line_1_38' title="bbox 279 2001 1860 2078; baseline -0.002 -19"><span class='ocrx_word' id='word_1_294' title='bbox 279 2005 358 2077; x_wconf 82' lang='grc' dir='ltr'>τῷ</span> <span class='ocrx_word' id='word_1_295' title='bbox 407 2008 608 2078; x_wconf 76' lang='grc' dir='ltr'>Μωσῇ.</span> <span class='ocrx_word' id='word_1_296' title='bbox 649 2020 668 2061; x_wconf 74' lang='grc' dir='ltr'><strong>ι</strong></span> <span class='ocrx_word' id='word_1_297' title='bbox 713 2007 1098 2077; x_wconf 84' lang='grc' dir='ltr'>Διεπεραίνετο</span> <span class='ocrx_word' id='word_1_298' title='bbox 1135 2003 1244 2075; x_wconf 87' lang='lat'><strong>7&amp;9</strong></span> <span class='ocrx_word' id='word_1_299' title='bbox 1265 2003 1427 2066; x_wconf 75' lang='grc' dir='ltr'>εὐθὺς</span> <span class='ocrx_word' id='word_1_300' title='bbox 1464 2001 1526 2055; x_wconf 85' lang='grc' dir='ltr'>τὺ</span> <span class='ocrx_word' id='word_1_301' title='bbox 1557 2002 1700 2055; x_wconf 89' lang='grc' dir='ltr'>θεῖον</span> <span class='ocrx_word' id='word_1_302' title='bbox 1731 2017 1860 2072; x_wconf 82' lang='grc' dir='ltr'>χρη-</span> 
     </span>
    </p>
   </div>
   <div class='ocr_carea' id='block_1_39' title="bbox 285 2091 1867 2170">
    <p class='ocr_par' dir='ltr' id='par_1_39' title="bbox 285 2091 1867 2170">
     <span class='ocr_line' id='line_1_39' title="bbox 285 2091 1867 2170; baseline -0.002 -19"><span class='ocrx_word' id='word_1_303' title='bbox 285 2099 589 2170; x_wconf 83' lang='grc' dir='ltr'>σμῴδημα,</span> <span class='ocrx_word' id='word_1_304' title='bbox 642 2099 849 2170; x_wconf 81' lang='grc' dir='ltr'>λεπτῆς</span> <span class='ocrx_word' id='word_1_305' title='bbox 889 2116 951 2152; x_wconf 91' lang='grc' dir='ltr'><strong>τε</strong></span> <span class='ocrx_word' id='word_1_306' title='bbox 993 2098 1090 2152; x_wconf 80' lang='grc' dir='ltr'><strong>καὶ</strong></span> <span class='ocrx_word' id='word_1_307' title='bbox 1136 2094 1397 2168; x_wconf 80' lang='grc' dir='ltr'>ἀκριόοὖς</span> <span class='ocrx_word' id='word_1_308' title='bbox 1441 2094 1742 2166; x_wconf 81' lang='grc' dir='ltr'>γενομένης</span> <span class='ocrx_word' id='word_1_309' title='bbox 1768 2091 1867 2163; x_wconf 80' lang='grc' dir='ltr'><strong>τῆς</strong></span> 
     </span>
    </p>
   </div>
   <div class='ocr_carea' id='block_1_40' title="bbox 282 2185 1869 2263">
    <p class='ocr_par' dir='ltr' id='par_1_40' title="bbox 282 2185 1869 2263">
     <span class='ocr_line' id='line_1_40' title="bbox 282 2185 1869 2263; baseline -0.006 -17"><span class='ocrx_word' id='word_1_310' title='bbox 282 2192 720 2263; x_wconf 77' lang='grc' dir='ltr'>ἀπαριθμήσεως</span> <span class='ocrx_word' id='word_1_311' title='bbox 752 2191 864 2247; x_wconf 85' lang='grc' dir='ltr'><strong>τῶν</strong></span> <span class='ocrx_word' id='word_1_312' title='bbox 879 2190 1115 2257; x_wconf 84' lang='grc' dir='ltr'>σκύλων,</span> <span class='ocrx_word' id='word_1_313' title='bbox 1145 2189 1365 2260; x_wconf 76' lang='grc' dir='ltr'>καὶτῆς</span> <span class='ocrx_word' id='word_1_314' title='bbox 1389 2189 1447 2241; x_wconf 79' lang='grc' dir='ltr'>ἐν</span> <span class='ocrx_word' id='word_1_315' title='bbox 1478 2186 1668 2259; x_wconf 80' lang='grc' dir='ltr'>ἡμίσει</span> <span class='ocrx_word' id='word_1_316' title='bbox 1694 2185 1869 2239; x_wconf 87' lang='grc' dir='ltr'>διανο-</span> 
     </span>
    </p>
   </div>
   <div class='ocr_carea' id='block_1_41' title="bbox 286 2276 1866 2356">
    <p class='ocr_par' dir='ltr' id='par_1_41' title="bbox 286 2276 1866 2356">
     <span class='ocr_line' id='line_1_41' title="bbox 286 2276 1866 2356; baseline -0.008 -15"><span class='ocrx_word' id='word_1_317' title='bbox 286 2283 419 2356; x_wconf 85' lang='grc' dir='ltr'>μῆς,</span> <span class='ocrx_word' id='word_1_318' title='bbox 451 2284 548 2338; x_wconf 69' lang='grc' dir='ltr'><strong>καὶ</strong></span> <span class='ocrx_word' id='word_1_319' title='bbox 577 2284 951 2338; x_wconf 84' lang='grc' dir='ltr'>ἀποδοθέντων</span> <span class='ocrx_word' id='word_1_320' title='bbox 978 2281 1087 2336; x_wconf 87' lang='grc' dir='ltr'><strong>τῶν</strong></span> <span class='ocrx_word' id='word_1_321' title='bbox 1119 2280 1536 2352; x_wconf 78' lang='grc' dir='ltr'>ἀφαιρεμάτων,</span> <span class='ocrx_word' id='word_1_322' title='bbox 1578 2279 1700 2350; x_wconf 74' lang='grc' dir='ltr'>ἦτοι</span> <span class='ocrx_word' id='word_1_323' title='bbox 1755 2276 1866 2329; x_wconf 88' lang='grc' dir='ltr'><strong>τῶν</strong></span> 
     </span>
    </p>
   </div>
   <div class='ocr_carea' id='block_1_42' title="bbox 283 2367 1868 2446">
    <p class='ocr_par' dir='ltr' id='par_1_42' title="bbox 283 2367 1868 2446">
     <span class='ocr_line' id='line_1_42' title="bbox 283 2367 1868 2446; baseline -0.006 -16"><span class='ocrx_word' id='word_1_324' title='bbox 283 2373 550 2446; x_wconf 81' lang='grc' dir='ltr'>ἀπαρχῶν</span> <span class='ocrx_word' id='word_1_325' title='bbox 589 2374 799 2446; x_wconf 82' lang='grc' dir='ltr'>Κυρίῳ,</span> <span class='ocrx_word' id='word_1_326' title='bbox 843 2372 924 2445; x_wconf 83' lang='grc' dir='ltr'><strong>τῷ</strong></span> <span class='ocrx_word' id='word_1_327' title='bbox 967 2374 1107 2446; x_wconf 77' lang='grc' dir='ltr'>ἱερεῖ</span> <span class='ocrx_word' id='word_1_328' title='bbox 1130 2371 1209 2443; x_wconf 85' lang='grc' dir='ltr'>τῷ</span> <span class='ocrx_word' id='word_1_329' title='bbox 1248 2370 1535 2441; x_wconf 75' lang='grc' dir='ltr'>Ἐλεάζαρ,</span> <span class='ocrx_word' id='word_1_330' title='bbox 1573 2370 1738 2440; x_wconf 74' lang='grc' dir='ltr'>φημὶ,</span> <span class='ocrx_word' id='word_1_331' title='bbox 1773 2367 1868 2422; x_wconf 73' lang='grc' dir='ltr'>καὶ</span> 
     </span>
    </p>
   </div>
   <div class='ocr_carea' id='block_1_43' title="bbox 282 2460 1862 2536">
    <p class='ocr_par' dir='ltr' id='par_1_43' title="bbox 282 2460 1862 2536">
     <span class='ocr_line' id='line_1_43' title="bbox 282 2460 1862 2536; baseline -0.003 -16"><span class='ocrx_word' id='word_1_332' title='bbox 282 2468 396 2531; x_wconf 81' lang='grc' dir='ltr'>τοῖς</span> <span class='ocrx_word' id='word_1_333' title='bbox 424 2468 490 2520; x_wconf 70' lang='grc' dir='ltr'>ὲκ</span> <span class='ocrx_word' id='word_1_334' title='bbox 531 2464 705 2535; x_wconf 85' lang='grc' dir='ltr'>φυλῆς</span> <span class='ocrx_word' id='word_1_335' title='bbox 732 2464 865 2518; x_wconf 79' lang='grc' dir='ltr'><strong>Λευῖ</strong></span> <span class='ocrx_word' id='word_1_336' title='bbox 884 2481 896 2494; x_wconf 91' lang='grc'><strong>·</strong></span> <span class='ocrx_word' id='word_1_337' title='bbox 924 2460 1038 2536; x_wconf 78' lang='grc' dir='ltr'>ἆρά</span> <span class='ocrx_word' id='word_1_338' title='bbox 1072 2480 1153 2517; x_wconf 84' lang='grc' dir='ltr'><strong>σοι</strong></span> <span class='ocrx_word' id='word_1_339' title='bbox 1184 2461 1357 2534; x_wconf 80' lang='grc' dir='ltr'>λήθης</span> <span class='ocrx_word' id='word_1_340' title='bbox 1390 2461 1633 2532; x_wconf 86' lang='grc' dir='ltr'>ἀμείνων</span> <span class='ocrx_word' id='word_1_341' title='bbox 1655 2464 1686 2514; x_wconf 93' lang='lat'><strong>6</strong></span> <span class='ocrx_word' id='word_1_342' title='bbox 1717 2460 1862 2525; x_wconf 83' lang='grc' dir='ltr'>νοῦς,</span> 
     </span>
    </p>
   </div>
   <div class='ocr_carea' id='block_1_44' title="bbox 282 2550 1764 2634">
    <p class='ocr_par' dir='ltr' id='par_1_44' title="bbox 282 2550 1764 2634">
     <span class='ocr_line' id='line_1_44' title="bbox 282 2550 1764 2634; baseline -0.002 -24"><span class='ocrx_word' id='word_1_343' title='bbox 282 2556 379 2610; x_wconf 73' lang='grc' dir='ltr'>καὶ</span> <span class='ocrx_word' id='word_1_344' title='bbox 404 2557 487 2621; x_wconf 83' lang='grc' dir='ltr'><strong>είς</strong></span> <span class='ocrx_word' id='word_1_345' title='bbox 512 2557 650 2630; x_wconf 81' lang='grc' dir='ltr'>ὅπερ</span> <span class='ocrx_word' id='word_1_346' title='bbox 678 2553 889 2626; x_wconf 72' lang='grc' dir='ltr'>ἔφαμεν</span> <span class='ocrx_word' id='word_1_347' title='bbox 909 2554 965 2610; x_wconf 77' lang='grc' dir='ltr'>ὲν</span> <span class='ocrx_word' id='word_1_348' title='bbox 991 2555 1189 2634; x_wconf 82' lang='grc' dir='ltr'>ἀρχαῖς</span> <span class='ocrx_word' id='word_1_349' title='bbox 1216 2552 1434 2608; x_wconf 78' lang='grc' dir='ltr'>ἀναθεῖν</span> <span class='ocrx_word' id='word_1_350' title='bbox 1463 2550 1764 2623; x_wconf 82' lang='grc' dir='ltr'>εὐσθενής;</span> 
     </span>
    </p>
   </div>
   <div class='ocr_carea' id='block_1_45' title="bbox 352 2645 880 2712">
    <p class='ocr_par' dir='ltr' id='par_1_45' title="bbox 352 2645 880 2712">
     <span class='ocr_line' id='line_1_45' title="bbox 352 2645 880 2712; baseline -0.009 -12"><span class='ocrx_word' id='word_1_351' title='bbox 352 2646 565 2700; x_wconf 80' lang='grc' dir='ltr'><strong>ΠΔΛΛ.</strong></span> <span class='ocrx_word' id='word_1_352' title='bbox 592 2645 666 2699; x_wconf 86' lang='grc' dir='ltr'><strong>Τὸ</strong></span> <span class='ocrx_word' id='word_1_353' title='bbox 695 2647 846 2699; x_wconf 85' lang='grc' dir='ltr'>ποῖον</span> <span class='ocrx_word' id='word_1_354' title='bbox 864 2661 880 2712; x_wconf 79' lang='lat'><strong>;</strong></span> 
     </span>
    </p>
   </div>
   <div class='ocr_carea' id='block_1_46' title="bbox 352 2722 1864 2808">
    <p class='ocr_par' dir='ltr' id='par_1_46' title="bbox 352 2722 1864 2808">
     <span class='ocr_line' id='line_1_46' title="bbox 352 2722 1864 2808; baseline 0 -17"><span class='ocrx_word' id='word_1_355' title='bbox 352 2736 520 2792; x_wconf 80' lang='grc' dir='ltr'><strong>ΚΥΡ.</strong></span> <span class='ocrx_word' id='word_1_356' title='bbox 553 2738 629 2792; x_wconf 71' lang='grc' dir='ltr'><strong>οε</strong></span> <span class='ocrx_word' id='word_1_357' title='bbox 660 2736 770 2808; x_wconf 84' lang='grc' dir='ltr'>γὰρ</span> <span class='ocrx_word' id='word_1_358' title='bbox 795 2736 859 2808; x_wconf 81' lang='grc' dir='ltr'>δὴ</span> <span class='ocrx_word' id='word_1_359' title='bbox 887 2735 1091 2808; x_wconf 89' lang='grc' dir='ltr'>χιλίους</span> <span class='ocrx_word' id='word_1_360' title='bbox 1122 2737 1250 2800; x_wconf 80' lang='grc' dir='ltr'>τοὺς</span> <span class='ocrx_word' id='word_1_361' title='bbox 1293 2735 1387 2806; x_wconf 73' lang='grc' dir='ltr'>ἀφ’</span> <span class='ocrx_word' id='word_1_362' title='bbox 1415 2722 1657 2807; x_wconf 68' lang='grc' dir='ltr'>ἑκάστης</span> <span class='ocrx_word' id='word_1_363' title='bbox 1690 2722 1864 2808; x_wconf 81' lang='grc' dir='ltr'>φυλῆς</span> 
     </span>
    </p>
   </div>
   <div class='ocr_carea' id='block_1_47' title="bbox 284 2827 1863 2903">
    <p class='ocr_par' dir='ltr' id='par_1_47' title="bbox 284 2827 1863 2903">
     <span class='ocr_line' id='line_1_47' title="bbox 284 2827 1863 2903; baseline -0.001 -20"><span class='ocrx_word' id='word_1_364' title='bbox 284 2829 488 2903; x_wconf 73' lang='grc' dir='ltr'>ᾶίςτὴν</span> <span class='ocrx_word' id='word_1_365' title='bbox 522 2829 619 2884; x_wconf 83' lang='grc' dir='ltr'><strong>τοῦ</strong></span> <span class='ocrx_word' id='word_1_366' title='bbox 651 2829 890 2901; x_wconf 85' lang='grc' dir='ltr'>πολέμου</span> <span class='ocrx_word' id='word_1_367' title='bbox 931 2827 1367 2899; x_wconf 86' lang='grc' dir='ltr'>συγκεκομίσθαι</span> <span class='ocrx_word' id='word_1_368' title='bbox 1409 2827 1603 2901; x_wconf 80' lang='grc' dir='ltr'>χρείαν</span> <span class='ocrx_word' id='word_1_369' title='bbox 1648 2829 1678 2882; x_wconf 89' lang='lat'><strong>6</strong></span> <span class='ocrx_word' id='word_1_370' title='bbox 1720 2829 1863 2901; x_wconf 81' lang='grc' dir='ltr'>ἱερὸς</span> 
     </span>
    </p>
   </div>
   <div class='ocr_carea' id='block_1_48' title="bbox 283 2921 959 2997">
    <p class='ocr_par' dir='ltr' id='par_1_48' title="bbox 283 2921 959 2997">
     <span class='ocr_line' id='line_1_48' title="bbox 283 2921 959 2997; baseline 0.003 -23"><span class='ocrx_word' id='word_1_371' title='bbox 283 2921 386 2993; x_wconf 70' lang='grc' dir='ltr'>ἔφη</span> <span class='ocrx_word' id='word_1_372' title='bbox 412 2921 569 2990; x_wconf 85' lang='grc' dir='ltr'>λόγος</span> <span class='ocrx_word' id='word_1_373' title='bbox 596 2936 612 2986; x_wconf 90' lang='lat'><strong>;</strong></span> <span class='ocrx_word' id='word_1_374' title='bbox 952 2992 959 2997; x_wconf 29' lang='grc' dir='ltr'><strong><em>ι</em></strong></span> 
     </span>
    </p>
   </div>
   <div class='ocr_carea' id='block_1_49' title="bbox 353 3008 1028 3085">
    <p class='ocr_par' dir='ltr' id='par_1_49' title="bbox 353 3008 1028 3085">
     <span class='ocr_line' id='line_1_49' title="bbox 353 3008 1028 3085; baseline -0.003 -17"><span class='ocrx_word' id='word_1_375' title='bbox 353 3015 564 3069; x_wconf 79' lang='grc' dir='ltr'><strong>ΠΔΛΛ.</strong></span> <span class='ocrx_word' id='word_1_376' title='bbox 600 3015 746 3085; x_wconf 81' lang='grc' dir='ltr'>Ἔφη</span> <span class='ocrx_word' id='word_1_377' title='bbox 777 3012 887 3083; x_wconf 73' lang='grc' dir='ltr'>γὰρ</span> <span class='ocrx_word' id='word_1_378' title='bbox 914 3008 1028 3066; x_wconf 68' lang='grc' dir='ltr'>οὖν.</span> 
     </span>
    </p>
   </div>
   <div class='ocr_carea' id='block_1_50' title="bbox 350 3082 1917 3174">
    <p class='ocr_par' dir='ltr' id='par_1_50' title="bbox 350 3082 1917 3174">
     <span class='ocr_line' id='line_1_50' title="bbox 350 3082 1917 3174; baseline -0.003 -17"><span class='ocrx_word' id='word_1_379' title='bbox 350 3102 518 3157; x_wconf 77' lang='grc' dir='ltr'><strong>ΚΥΡ.</strong></span> <span class='ocrx_word' id='word_1_380' title='bbox 553 3101 665 3174; x_wconf 81' lang='grc' dir='ltr'><strong>Τὴν</strong></span> <span class='ocrx_word' id='word_1_381' title='bbox 686 3082 744 3155; x_wconf 69' lang='grc' dir='ltr'><strong>δέ</strong></span> <span class='ocrx_word' id='word_1_382' title='bbox 779 3117 845 3170; x_wconf 85' lang='grc' dir='ltr'><strong>γε</strong></span> <span class='ocrx_word' id='word_1_383' title='bbox 860 3082 959 3154; x_wconf 71' lang='grc' dir='ltr'>τοῦ</span> <span class='ocrx_word' id='word_1_384' title='bbox 991 3100 1191 3171; x_wconf 78' lang='grc' dir='ltr'>μέρους</span> <span class='ocrx_word' id='word_1_385' title='bbox 1217 3084 1579 3171; x_wconf 69' lang='grc' dir='ltr'>λαμπρότητα</span> <span class='ocrx_word' id='word_1_386' title='bbox 1593 3100 1689 3153; x_wconf 79' lang='grc' dir='ltr'>καὶ</span> <span class='ocrx_word' id='word_1_387' title='bbox 1718 3082 1861 3154; x_wconf 71' lang='grc' dir='ltr'>εὕδοο</span> <span class='ocrx_word' id='word_1_388' title='bbox 1886 3082 1917 3134; x_wconf 37' lang='grc' dir='ltr'>ν</span> 
     </span>
    </p>
   </div>
   <div class='ocr_carea' id='block_1_51' title="bbox 301 3188 1860 3267">
    <p class='ocr_par' dir='ltr' id='par_1_51' title="bbox 301 3188 1860 3267">
     <span class='ocr_line' id='line_1_51' title="bbox 301 3188 1860 3267; baseline -0.004 -18"><span class='ocrx_word' id='word_1_389' title='bbox 301 3193 535 3267; x_wconf 84' lang='grc' dir='ltr'>κίμησιν</span> <span class='ocrx_word' id='word_1_390' title='bbox 564 3195 645 3256; x_wconf 85' lang='grc' dir='ltr'><strong>είς</strong></span> <span class='ocrx_word' id='word_1_391' title='bbox 668 3193 789 3246; x_wconf 80' lang='grc' dir='ltr'>ὅλον</span> <span class='ocrx_word' id='word_1_392' title='bbox 825 3191 980 3264; x_wconf 78' lang='grc' dir='ltr'>ῆξειν</span> <span class='ocrx_word' id='word_1_393' title='bbox 1018 3190 1082 3244; x_wconf 82' lang='grc' dir='ltr'>τὸ</span> <span class='ocrx_word' id='word_1_394' title='bbox 1122 3190 1418 3264; x_wconf 87' lang='grc' dir='ltr'>πλήρωμα,</span> <span class='ocrx_word' id='word_1_395' title='bbox 1447 3188 1635 3259; x_wconf 85' lang='grc' dir='ltr'>σαφῶς</span> <span class='ocrx_word' id='word_1_396' title='bbox 1673 3206 1734 3244; x_wconf 89' lang='grc' dir='ltr'><strong>τε</strong></span> <span class='ocrx_word' id='word_1_397' title='bbox 1765 3188 1860 3244; x_wconf 79' lang='grc' dir='ltr'>καὶ</span> 
     </span>
    </p>
   </div>
   <div class='ocr_carea' id='block_1_52' title="bbox 282 3277 1861 3356">
    <p class='ocr_par' dir='ltr' id='par_1_52' title="bbox 282 3277 1861 3356">
     <span class='ocr_line' id='line_1_52' title="bbox 282 3277 1861 3356; baseline -0.003 -18"><span class='ocrx_word' id='word_1_398' title='bbox 282 3284 527 3356; x_wconf 74' lang='grc' dir='ltr'>ἒναργῶς</span> <span class='ocrx_word' id='word_1_399' title='bbox 560 3283 844 3353; x_wconf 66' lang='grc' dir='ltr'>ὶλέγομεν,</span> <span class='ocrx_word' id='word_1_400' title='bbox 879 3281 1216 3354; x_wconf 77' lang='grc' dir='ltr'>ἡμερότητος</span> <span class='ocrx_word' id='word_1_401' title='bbox 1243 3297 1304 3333; x_wconf 88' lang='grc' dir='ltr'><strong>τε</strong></span> <span class='ocrx_word' id='word_1_402' title='bbox 1326 3280 1420 3334; x_wconf 75' lang='grc' dir='ltr'><strong>καὶ</strong></span> <span class='ocrx_word' id='word_1_403' title='bbox 1449 3277 1861 3351; x_wconf 82' lang='grc' dir='ltr'>φιλανθρωπίας</span> 
     </span>
    </p>
   </div>
   <div class='ocr_carea' id='block_1_53' title="bbox 280 3370 1859 3446">
    <p class='ocr_par' dir='ltr' id='par_1_53' title="bbox 280 3370 1859 3446">
     <span class='ocr_line' id='line_1_53' title="bbox 280 3370 1859 3446; baseline -0.004 -15"><span class='ocrx_word' id='word_1_404' title='bbox 280 3377 419 3431; x_wconf 82' lang='grc' dir='ltr'>Θεοῦ</span> <span class='ocrx_word' id='word_1_405' title='bbox 474 3377 571 3431; x_wconf 79' lang='grc' dir='ltr'>καὶ</span> <span class='ocrx_word' id='word_1_406' title='bbox 600 3374 760 3429; x_wconf 80' lang='grc' dir='ltr'>τοῦτο</span> <span class='ocrx_word' id='word_1_407' title='bbox 782 3375 866 3444; x_wconf 73' lang='grc' dir='ltr'><strong>ἐφ’</strong></span> <span class='ocrx_word' id='word_1_408' title='bbox 892 3375 1025 3446; x_wconf 77' lang='grc' dir='ltr'>ἡμῖν</span> <span class='ocrx_word' id='word_1_409' title='bbox 1060 3370 1121 3428; x_wconf 85' lang='grc' dir='ltr'><strong>εὖ</strong></span> <span class='ocrx_word' id='word_1_410' title='bbox 1166 3373 1309 3444; x_wconf 87' lang='grc' dir='ltr'>μάλα</span> <span class='ocrx_word' id='word_1_411' title='bbox 1351 3372 1750 3444; x_wconf 77' lang='grc' dir='ltr'>διοικουμένης,</span> <span class='ocrx_word' id='word_1_412' title='bbox 1792 3370 1859 3424; x_wconf 80' lang='grc' dir='ltr'>ἵν’</span> 
     </span>
    </p>
   </div>
   <div class='ocr_carea' id='block_1_54' title="bbox 278 3463 1861 3540">
    <p class='ocr_par' dir='ltr' id='par_1_54' title="bbox 278 3463 1861 3540">
     <span class='ocr_line' id='line_1_54' title="bbox 278 3463 1861 3540; baseline -0.004 -17"><span class='ocrx_word' id='word_1_413' title='bbox 278 3468 470 3540; x_wconf 79' lang='grc' dir='ltr'>ὥσπερ</span> <span class='ocrx_word' id='word_1_414' title='bbox 487 3467 607 3531; x_wconf 70' lang='grc' dir='ltr'>ἐνὸς</span> <span class='ocrx_word' id='word_1_415' title='bbox 625 3466 723 3520; x_wconf 64' lang='grc' dir='ltr'><strong>κα)⁵</strong></span> <span class='ocrx_word' id='word_1_416' title='bbox 738 3465 1107 3536; x_wconf 78' lang='grc' dir='ltr'>εὐοσμοτάτου</span> <span class='ocrx_word' id='word_1_417' title='bbox 1121 3463 1487 3535; x_wconf 85' lang='grc' dir='ltr'>θυμιάματος,</span> <span class='ocrx_word' id='word_1_418' title='bbox 1501 3465 1567 3518; x_wconf 82' lang='grc' dir='ltr'>ὲκ</span> <span class='ocrx_word' id='word_1_419' title='bbox 1588 3463 1861 3534; x_wconf 83' lang='grc' dir='ltr'>διαφόρων</span> 
     </span>
    </p>
   </div>
   <div class='ocr_carea' id='block_1_55' title="bbox 278 3554 1859 3630">
    <p class='ocr_par' dir='ltr' id='par_1_55' title="bbox 278 3554 1859 3630">
     <span class='ocr_line' id='line_1_55' title="bbox 278 3554 1859 3630; baseline -0.006 -14"><span class='ocrx_word' id='word_1_420' title='bbox 278 3562 437 3617; x_wconf 73' lang='grc' dir='ltr'>εἰδῶν</span> <span class='ocrx_word' id='word_1_421' title='bbox 461 3559 855 3630; x_wconf 81' lang='grc' dir='ltr'>πεποιημένου,</span> <span class='ocrx_word' id='word_1_422' title='bbox 889 3558 988 3628; x_wconf 90' lang='grc' dir='ltr'><strong>μία</strong></span> <span class='ocrx_word' id='word_1_423' title='bbox 1023 3573 1108 3621; x_wconf 86' lang='grc' dir='ltr'><strong>τις</strong></span> <span class='ocrx_word' id='word_1_424' title='bbox 1141 3558 1172 3627; x_wconf 78' lang='grc' dir='ltr'>ἡ</span> <span class='ocrx_word' id='word_1_425' title='bbox 1209 3556 1429 3610; x_wconf 88' lang='grc' dir='ltr'>πάντων</span> <span class='ocrx_word' id='word_1_426' title='bbox 1451 3555 1649 3609; x_wconf 81' lang='grc' dir='ltr'>εὐωδία</span> <span class='ocrx_word' id='word_1_427' title='bbox 1674 3554 1859 3608; x_wconf 78' lang='grc' dir='ltr'>λοιπὸν</span> 
     </span>
    </p>
   </div>
   <div class='ocr_carea' id='block_1_56' title="bbox 277 3648 1861 3726">
    <p class='ocr_par' dir='ltr' id='par_1_56' title="bbox 277 3648 1861 3726">
     <span class='ocr_line' id='line_1_56' title="bbox 277 3648 1861 3726; baseline -0.007 -16"><span class='ocrx_word' id='word_1_428' title='bbox 277 3655 619 3726; x_wconf 75' lang='grc' dir='ltr'>ἀναφέρηται</span> <span class='ocrx_word' id='word_1_429' title='bbox 642 3651 722 3724; x_wconf 84' lang='grc' dir='ltr'>τῷ</span> <span class='ocrx_word' id='word_1_430' title='bbox 749 3650 889 3723; x_wconf 86' lang='grc' dir='ltr'>Θεῷ,</span> <span class='ocrx_word' id='word_1_431' title='bbox 919 3649 1015 3704; x_wconf 70' lang='grc' dir='ltr'>καὶ</span> <span class='ocrx_word' id='word_1_432' title='bbox 1038 3649 1117 3719; x_wconf 80' lang='grc' dir='ltr'>τῷ</span> <span class='ocrx_word' id='word_1_433' title='bbox 1142 3648 1261 3702; x_wconf 89' lang='grc' dir='ltr'>λίαν</span> <span class='ocrx_word' id='word_1_434' title='bbox 1291 3648 1710 3720; x_wconf 81' lang='grc' dir='ltr'>εὑδοκιμωτάτῳ</span> <span class='ocrx_word' id='word_1_435' title='bbox 1732 3664 1861 3718; x_wconf 84' lang='grc' dir='ltr'>συγ-</span> 
     </span>
    </p>
   </div>
   <div class='ocr_carea' id='block_1_57' title="bbox 277 3741 1713 3824">
    <p class='ocr_par' dir='ltr' id='par_1_57' title="bbox 277 3741 1713 3824">
     <span class='ocr_line' id='line_1_57' title="bbox 277 3741 1713 3824; baseline -0.004 -22"><span class='ocrx_word' id='word_1_436' title='bbox 277 3746 791 3818; x_wconf 73' lang='grc' dir='ltr'>καταλαμπρύνοιτό</span> <span class='ocrx_word' id='word_1_437' title='bbox 811 3762 930 3808; x_wconf 85' lang='grc' dir='ltr'><strong>πως</strong></span> <span class='ocrx_word' id='word_1_438' title='bbox 960 3743 1023 3797; x_wconf 83' lang='grc' dir='ltr'>τὺ</span> <span class='ocrx_word' id='word_1_439' title='bbox 1055 3742 1129 3815; x_wconf 81' lang='grc' dir='ltr'>μὴ</span> <span class='ocrx_word' id='word_1_440' title='bbox 1159 3741 1337 3824; x_wconf 76' lang='grc' dir='ltr'>οὕτως</span> <span class='ocrx_word' id='word_1_441' title='bbox 1367 3741 1713 3813; x_wconf 82' lang='grc' dir='ltr'>εὐδοκιμοῦν.</span> 
     </span>
    </p>
   </div>
   <div class='ocr_carea' id='block_1_58' title="bbox 344 3833 1859 3908">
    <p class='ocr_par' dir='ltr' id='par_1_58' title="bbox 344 3833 1859 3908">
     <span class='ocr_line' id='line_1_58' title="bbox 344 3833 1859 3908; baseline -0.004 -13"><span class='ocrx_word' id='word_1_442' title='bbox 344 3840 563 3896; x_wconf 84' lang='lat' dir='ltr'><strong>IIAAA.</strong></span> <span class='ocrx_word' id='word_1_443' title='bbox 598 3838 848 3908; x_wconf 77' lang='grc' dir='ltr'>Ἀληθές.</span> <span class='ocrx_word' id='word_1_444' title='bbox 880 3834 1052 3891; x_wconf 75' lang='grc' dir='ltr'>Ταυτὶ</span> <span class='ocrx_word' id='word_1_445' title='bbox 1078 3834 1190 3905; x_wconf 91' lang='lat'><strong>7&amp;9</strong></span> <span class='ocrx_word' id='word_1_446' title='bbox 1216 3835 1348 3905; x_wconf 81' lang='grc' dir='ltr'>ἡμῖν</span> <span class='ocrx_word' id='word_1_447' title='bbox 1369 3835 1399 3887; x_wconf 89' lang='grc' dir='ltr'><strong>ό</strong></span> <span class='ocrx_word' id='word_1_448' title='bbox 1438 3833 1592 3904; x_wconf 82' lang='grc' dir='ltr'>λόγος</span> <span class='ocrx_word' id='word_1_449' title='bbox 1621 3833 1859 3889; x_wconf 74' lang='grc' dir='ltr'>ἐκϐασα-</span> 
     </span>
    </p>
   </div>
   <div class='ocr_carea' id='block_1_59' title="bbox 276 3930 658 4002">
    <p class='ocr_par' dir='ltr' id='par_1_59' title="bbox 276 3930 658 4002">
     <span class='ocr_line' id='line_1_59' title="bbox 276 3930 658 4002; baseline -0.003 -17"><span class='ocrx_word' id='word_1_450' title='bbox 276 3931 444 3996; x_wconf 77' lang='grc' dir='ltr'>νίζειν</span> <span class='ocrx_word' id='word_1_451' title='bbox 473 3930 658 4002; x_wconf 74' lang='grc' dir='ltr'>ἡθελε.</span> 
     </span>
    </p>
   </div>
   <div class='ocr_carea' id='block_1_60' title="bbox 347 4013 1859 4092">
    <p class='ocr_par' dir='ltr' id='par_1_60' title="bbox 347 4013 1859 4092">
     <span class='ocr_line' id='line_1_60' title="bbox 347 4013 1859 4092; baseline -0.005 -15"><span class='ocrx_word' id='word_1_452' title='bbox 347 4023 517 4076; x_wconf 79' lang='grc' dir='ltr'><strong>ΚΥΡ.</strong></span> <span class='ocrx_word' id='word_1_453' title='bbox 559 4020 751 4092; x_wconf 77' lang='grc' dir='ltr'>Ἀθρει</span> <span class='ocrx_word' id='word_1_454' title='bbox 770 4019 836 4092; x_wconf 83' lang='grc' dir='ltr'><strong>δὴ</strong></span> <span class='ocrx_word' id='word_1_455' title='bbox 863 4015 956 4074; x_wconf 85' lang='grc' dir='ltr'><strong>οὗν</strong></span> <span class='ocrx_word' id='word_1_456' title='bbox 982 4016 1454 4089; x_wconf 81' lang='grc' dir='ltr'>ἀπημφιεσμένως</span> <span class='ocrx_word' id='word_1_457' title='bbox 1466 4014 1639 4070; x_wconf 79' lang='grc' dir='ltr'>ταῦτα</span> <span class='ocrx_word' id='word_1_458' title='bbox 1660 4017 1774 4080; x_wconf 83' lang='grc' dir='ltr'>τοῖς</span> <span class='ocrx_word' id='word_1_459' title='bbox 1797 4013 1859 4080; x_wconf 77' lang='grc' dir='ltr'><strong>ἐξ</strong></span> 
     </span>
    </p>
   </div>
   <div class='ocr_carea' id='block_1_61' title="bbox 288 4098 1855 4188">
    <p class='ocr_par' dir='ltr' id='par_1_61' title="bbox 288 4098 1855 4188">
     <span class='ocr_line' id='line_1_61' title="bbox 288 4098 1855 4188; baseline -0.006 -18"><span class='ocrx_word' id='word_1_460' title='bbox 288 4113 507 4188; x_wconf 77' lang='grc' dir='ltr'>Ἰσραὴλ</span> <span class='ocrx_word' id='word_1_461' title='bbox 546 4112 944 4186; x_wconf 73' lang='grc' dir='ltr'>νομοθετοῦντα</span> <span class='ocrx_word' id='word_1_462' title='bbox 987 4110 1150 4165; x_wconf 71' lang='grc' dir='ltr'><strong>Θεόν⁸</strong></span> <span class='ocrx_word' id='word_1_463' title='bbox 1179 4111 1231 4164; x_wconf 76' lang='grc' dir='ltr'>οἱ</span> <span class='ocrx_word' id='word_1_464' title='bbox 1281 4109 1381 4182; x_wconf 81' lang='grc' dir='ltr'>μὲν</span> <span class='ocrx_word' id='word_1_465' title='bbox 1419 4098 1530 4181; x_wconf 81' lang='grc' dir='ltr'><strong>γάρ</strong></span> <span class='ocrx_word' id='word_1_466' title='bbox 1566 4108 1855 4163; x_wconf 83' lang='grc' dir='ltr'>ἀπόλεκτοι</span> 
     </span>
    </p>
   </div>
   <div class='ocr_carea' id='block_1_62' title="bbox 276 4201 1853 4279">
    <p class='ocr_par' dir='ltr' id='par_1_62' title="bbox 276 4201 1853 4279">
     <span class='ocr_line' id='line_1_62' title="bbox 276 4201 1853 4279; baseline -0.004 -17"><span class='ocrx_word' id='word_1_467' title='bbox 276 4207 438 4279; x_wconf 81' lang='grc' dir='ltr'>χίλιοι</span> <span class='ocrx_word' id='word_1_468' title='bbox 465 4207 611 4261; x_wconf 86' lang='grc' dir='ltr'><strong>κατά</strong></span> <span class='ocrx_word' id='word_1_469' title='bbox 635 4206 808 4278; x_wconf 82' lang='grc' dir='ltr'>φυλὴν</span> <span class='ocrx_word' id='word_1_470' title='bbox 834 4202 1330 4277; x_wconf 78' lang='grc' dir='ltr'>κατεστρατεύοντο</span> <span class='ocrx_word' id='word_1_471' title='bbox 1349 4202 1459 4257; x_wconf 89' lang='grc' dir='ltr'><strong>τῶν</strong></span> <span class='ocrx_word' id='word_1_472' title='bbox 1477 4201 1823 4272; x_wconf 86' lang='grc' dir='ltr'>Μαδιηναίων</span> <span class='ocrx_word' id='word_1_473' title='bbox 1839 4219 1853 4233; x_wconf 89' lang='grc'><strong>·</strong></span> 
     </span>
    </p>
   </div>
   <div class='ocr_carea' id='block_1_63' title="bbox 278 4294 1857 4371">
    <p class='ocr_par' dir='ltr' id='par_1_63' title="bbox 278 4294 1857 4371">
     <span class='ocr_line' id='line_1_63' title="bbox 278 4294 1857 4371; baseline -0.004 -17"><span class='ocrx_word' id='word_1_474' title='bbox 278 4300 375 4354; x_wconf 72' lang='grc' dir='ltr'>καὶ</span> <span class='ocrx_word' id='word_1_475' title='bbox 393 4300 455 4354; x_wconf 84' lang='grc' dir='ltr'><strong>τδ</strong></span> <span class='ocrx_word' id='word_1_476' title='bbox 474 4301 654 4371; x_wconf 78' lang='grc' dir='ltr'>νικᾷν,</span> <span class='ocrx_word' id='word_1_477' title='bbox 683 4294 835 4370; x_wconf 79' lang='grc' dir='ltr'>οἶμαί</span> <span class='ocrx_word' id='word_1_478' title='bbox 862 4316 988 4366; x_wconf 91' lang='grc' dir='ltr'>που,</span> <span class='ocrx_word' id='word_1_479' title='bbox 1013 4298 1161 4369; x_wconf 85' lang='grc' dir='ltr'>πόνῳ</span> <span class='ocrx_word' id='word_1_480' title='bbox 1200 4298 1296 4351; x_wconf 79' lang='grc' dir='ltr'><strong>καὶ</strong></span> <span class='ocrx_word' id='word_1_481' title='bbox 1339 4294 1521 4367; x_wconf 81' lang='grc' dir='ltr'>ἱδρῶτι</span> <span class='ocrx_word' id='word_1_482' title='bbox 1552 4294 1857 4365; x_wconf 87' lang='grc' dir='ltr'>κερδαίνον-</span> 
     </span>
    </p>
   </div>
   <div class='ocr_carea' id='block_1_64' title="bbox 275 4384 1935 4463">
    <p class='ocr_par' dir='ltr' id='par_1_64' title="bbox 275 4384 1935 4463">
     <span class='ocr_line' id='line_1_64' title="bbox 275 4384 1935 4463; baseline -0.005 -17"><span class='ocrx_word' id='word_1_483' title='bbox 275 4402 386 4457; x_wconf 80' lang='grc' dir='ltr'>τες,</span> <span class='ocrx_word' id='word_1_484' title='bbox 433 4391 775 4463; x_wconf 78' lang='grc' dir='ltr'>διενείμαντο</span> <span class='ocrx_word' id='word_1_485' title='bbox 814 4390 885 4445; x_wconf 84' lang='grc' dir='ltr'>τὰ</span> <span class='ocrx_word' id='word_1_486' title='bbox 927 4392 993 4445; x_wconf 77' lang='grc' dir='ltr'>ὲκ</span> <span class='ocrx_word' id='word_1_487' title='bbox 1036 4389 1132 4444; x_wconf 71' lang='grc' dir='ltr'>τοῦ</span> <span class='ocrx_word' id='word_1_488' title='bbox 1175 4387 1417 4459; x_wconf 75' lang='grc' dir='ltr'>πολέμου</span> <span class='ocrx_word' id='word_1_489' title='bbox 1466 4384 1859 4456; x_wconf 82' lang='grc' dir='ltr'>συνειλεγμένα</span> <span class='ocrx_word' id='word_1_490' title='bbox 1885 4399 1935 4458; x_wconf 76' lang='grc' dir='ltr'><strong>ι)</strong></span> 
     </span>
    </p>
   </div>
   <div class='ocr_carea' id='block_1_65' title="bbox 276 4477 1854 4556">
    <p class='ocr_par' dir='ltr' id='par_1_65' title="bbox 276 4477 1854 4556">
     <span class='ocr_line' id='line_1_65' title="bbox 276 4477 1854 4556; baseline -0.005 -19"><span class='ocrx_word' id='word_1_491' title='bbox 276 4484 415 4556; x_wconf 81' lang='grc' dir='ltr'>πρὸς</span> <span class='ocrx_word' id='word_1_492' title='bbox 457 4485 642 4539; x_wconf 81' lang='grc' dir='ltr'>πᾶσαν</span> <span class='ocrx_word' id='word_1_493' title='bbox 679 4482 844 4547; x_wconf 80' lang='grc' dir='ltr'>εὐθὺς</span> <span class='ocrx_word' id='word_1_494' title='bbox 888 4482 990 4554; x_wconf 80' lang='grc' dir='ltr'>τὴν</span> <span class='ocrx_word' id='word_1_495' title='bbox 1047 4480 1395 4550; x_wconf 83' lang='grc' dir='ltr'>συναγωγὴν,</span> <span class='ocrx_word' id='word_1_496' title='bbox 1443 4479 1537 4531; x_wconf 77' lang='grc' dir='ltr'><strong>καὶ</strong></span> <span class='ocrx_word' id='word_1_497' title='bbox 1580 4480 1695 4541; x_wconf 76' lang='grc' dir='ltr'>τοῖς</span> <span class='ocrx_word' id='word_1_498' title='bbox 1745 4477 1854 4530; x_wconf 83' lang='grc' dir='ltr'><strong>τῶν</strong></span> 
     </span>
    </p>
   </div>
   <div class='ocr_carea' id='block_1_66' title="bbox 274 4568 1852 4648">
    <p class='ocr_par' dir='ltr' id='par_1_66' title="bbox 274 4568 1852 4648">
     <span class='ocr_line' id='line_1_66' title="bbox 274 4568 1852 4648; baseline -0.006 -18"><span class='ocrx_word' id='word_1_499' title='bbox 274 4575 679 4648; x_wconf 76' lang='grc' dir='ltr'>ἀνδριζομένων</span> <span class='ocrx_word' id='word_1_500' title='bbox 730 4572 1152 4644; x_wconf 78' lang='grc' dir='ltr'>κατορθώμασιν</span> <span class='ocrx_word' id='word_1_501' title='bbox 1183 4575 1216 4645; x_wconf 84' lang='grc' dir='ltr'><strong>ή</strong></span> <span class='ocrx_word' id='word_1_502' title='bbox 1246 4572 1407 4640; x_wconf 79' lang='grc' dir='ltr'>ἑτέρα</span> <span class='ocrx_word' id='word_1_503' title='bbox 1452 4568 1665 4639; x_wconf 72' lang='grc' dir='ltr'>πληθὺς</span> <span class='ocrx_word' id='word_1_504' title='bbox 1718 4585 1852 4622; x_wconf 92' lang='grc' dir='ltr'>κατ-</span> 
     </span>
    </p>
   </div>
   <div class='ocr_carea' id='block_1_67' title="bbox 273 4657 1853 4736">
    <p class='ocr_par' dir='ltr' id='par_1_67' title="bbox 273 4657 1853 4736">
     <span class='ocr_line' id='line_1_67' title="bbox 273 4657 1853 4736; baseline -0.005 -16"><span class='ocrx_word' id='word_1_505' title='bbox 273 4665 622 4736; x_wconf 73' lang='grc' dir='ltr'>εσεμνύνετοο</span> <span class='ocrx_word' id='word_1_506' title='bbox 644 4684 663 4717; x_wconf 76' lang='grc' dir='ltr'><strong>ι</strong></span> <span class='ocrx_word' id='word_1_507' title='bbox 683 4663 917 4717; x_wconf 83' lang='grc' dir='ltr'>Διελεῖτε</span> <span class='ocrx_word' id='word_1_508' title='bbox 937 4662 1068 4733; x_wconf 91' lang='lat'><strong>7&amp;9,</strong></span> <span class='ocrx_word' id='word_1_509' title='bbox 1099 4681 1118 4713; x_wconf 74' lang='grc' dir='ltr'><strong>ι</strong></span> <span class='ocrx_word' id='word_1_510' title='bbox 1140 4662 1295 4733; x_wconf 80' lang='grc' dir='ltr'>φησὶ,</span> <span class='ocrx_word' id='word_1_511' title='bbox 1327 4681 1344 4712; x_wconf 81' lang='grc' dir='ltr'><strong>ι</strong></span> <span class='ocrx_word' id='word_1_512' title='bbox 1367 4660 1436 4714; x_wconf 82' lang='grc' dir='ltr'><strong>τά</strong></span> <span class='ocrx_word' id='word_1_513' title='bbox 1451 4657 1647 4725; x_wconf 81' lang='grc' dir='ltr'>σκῦλα,</span> <span class='ocrx_word' id='word_1_514' title='bbox 1674 4660 1738 4712; x_wconf 79' lang='grc' dir='ltr'><strong>σὺ</strong></span> <span class='ocrx_word' id='word_1_515' title='bbox 1757 4659 1853 4713; x_wconf 78' lang='grc' dir='ltr'>καὶ</span> 
     </span>
    </p>
   </div>
   <div class='ocr_carea' id='block_1_68' title="bbox 286 4751 1853 4829">
    <p class='ocr_par' dir='ltr' id='par_1_68' title="bbox 286 4751 1853 4829">
     <span class='ocr_line' id='line_1_68' title="bbox 286 4751 1853 4829; baseline 0.016 -37"><span class='ocrx_word' id='word_1_516' title='bbox 286 4759 553 4829; x_wconf 70' lang='grc' dir='ltr'><strong>Ἐλεάζαρ</strong></span> <span class='ocrx_word' id='word_1_517' title='bbox 576 4760 604 4812; x_wconf 71' lang='grc' dir='ltr'><strong>ὁ</strong></span> <span class='ocrx_word' id='word_1_518' title='bbox 635 4756 834 4828; x_wconf 68' lang='grc' dir='ltr'>ἱερεὺς,</span> <span class='ocrx_word' id='word_1_519' title='bbox 868 4756 963 4809; x_wconf 74' lang='grc' dir='ltr'><strong>καὶ</strong></span> <span class='ocrx_word' id='word_1_520' title='bbox 990 4756 1041 4807; x_wconf 81' lang='grc' dir='ltr'>οἱ</span> <span class='ocrx_word' id='word_1_521' title='bbox 1070 4754 1330 4826; x_wconf 76' lang='grc' dir='ltr'>ἄρχοντες</span> <span class='ocrx_word' id='word_1_522' title='bbox 1349 4754 1457 4807; x_wconf 88' lang='grc' dir='ltr'><strong>τῶν</strong></span> <span class='ocrx_word' id='word_1_523' title='bbox 1480 4751 1724 4824; x_wconf 84' lang='grc' dir='ltr'>πατριῶν</span> <span class='ocrx_word' id='word_1_524' title='bbox 1751 4752 1853 4822; x_wconf 78' lang='grc' dir='ltr'>τῆς</span> 
     </span>
    </p>
   </div>
   <div class='ocr_carea' id='block_1_69' title="bbox 275 4845 1853 4922">
    <p class='ocr_par' dir='ltr' id='par_1_69' title="bbox 275 4845 1853 4922">
     <span class='ocr_line' id='line_1_69' title="bbox 275 4845 1853 4922; baseline -0.003 -17"><span class='ocrx_word' id='word_1_525' title='bbox 275 4851 605 4922; x_wconf 81' lang='grc' dir='ltr'>συναγωγῆς</span> <span class='ocrx_word' id='word_1_526' title='bbox 626 4866 641 4881; x_wconf 88' lang='grc'><strong>·</strong></span> <span class='ocrx_word' id='word_1_527' title='bbox 697 4850 790 4904; x_wconf 80' lang='grc' dir='ltr'>καὶ</span> <span class='ocrx_word' id='word_1_528' title='bbox 832 4848 1058 4903; x_wconf 85' lang='grc' dir='ltr'>διελεῖτε</span> <span class='ocrx_word' id='word_1_529' title='bbox 1087 4847 1159 4901; x_wconf 82' lang='grc' dir='ltr'>τὰ</span> <span class='ocrx_word' id='word_1_530' title='bbox 1208 4847 1381 4900; x_wconf 81' lang='grc' dir='ltr'>σκῦλα</span> <span class='ocrx_word' id='word_1_531' title='bbox 1419 4845 1693 4917; x_wconf 82' lang='grc' dir='ltr'>ἀναμέσον</span> <span class='ocrx_word' id='word_1_532' title='bbox 1744 4845 1853 4900; x_wconf 88' lang='grc' dir='ltr'><strong>τῶν</strong></span> 
     </span>
    </p>
   </div>
   <div class='ocr_carea' id='block_1_70' title="bbox 273 4936 1852 5014">
    <p class='ocr_par' dir='ltr' id='par_1_70' title="bbox 273 4936 1852 5014">
     <span class='ocr_line' id='line_1_70' title="bbox 273 4936 1852 5014; baseline -0.006 -15"><span class='ocrx_word' id='word_1_533' title='bbox 273 4940 623 5014; x_wconf 79' lang='grc' dir='ltr'>πολεμιστῶν</span> <span class='ocrx_word' id='word_1_534' title='bbox 655 4940 764 4995; x_wconf 88' lang='grc' dir='ltr'><strong>τῶν</strong></span> <span class='ocrx_word' id='word_1_535' title='bbox 798 4937 1248 5011; x_wconf 71' lang='grc' dir='ltr'>ἐκπορευομένων</span> <span class='ocrx_word' id='word_1_536' title='bbox 1283 4938 1362 5000; x_wconf 87' lang='grc' dir='ltr'><strong>είς</strong></span> <span class='ocrx_word' id='word_1_537' title='bbox 1395 4936 1495 5007; x_wconf 82' lang='grc' dir='ltr'>τὴν</span> <span class='ocrx_word' id='word_1_538' title='bbox 1523 4936 1852 5008; x_wconf 81' lang='grc' dir='ltr'>παράταξιν,</span> 
     </span>
    </p>
   </div>
   <div class='ocr_carea' id='block_1_71' title="bbox 272 5026 1852 5103">
    <p class='ocr_par' dir='ltr' id='par_1_71' title="bbox 272 5026 1852 5103">
     <span class='ocr_line' id='line_1_71' title="bbox 272 5026 1852 5103; baseline -0.004 -15"><span class='ocrx_word' id='word_1_539' title='bbox 272 5035 371 5088; x_wconf 76' lang='grc' dir='ltr'><strong>καὶ</strong></span> <span class='ocrx_word' id='word_1_540' title='bbox 405 5031 513 5086; x_wconf 89' lang='grc' dir='ltr'><strong>ἀνά</strong></span> <span class='ocrx_word' id='word_1_541' title='bbox 544 5030 709 5103; x_wconf 77' lang='grc' dir='ltr'>μέσον</span> <span class='ocrx_word' id='word_1_542' title='bbox 735 5030 833 5101; x_wconf 81' lang='grc' dir='ltr'><strong>τῆς</strong></span> <span class='ocrx_word' id='word_1_543' title='bbox 860 5028 1205 5099; x_wconf 85' lang='grc' dir='ltr'>συναγωγῆς.</span> <span class='ocrx_word' id='word_1_544' title='bbox 1237 5045 1256 5078; x_wconf 73' lang='grc' dir='ltr'><strong>ι</strong></span> <span class='ocrx_word' id='word_1_545' title='bbox 1296 5028 1420 5080; x_wconf 78' lang='grc' dir='ltr'>Ὀτι</span> <span class='ocrx_word' id='word_1_546' title='bbox 1458 5026 1569 5098; x_wconf 81' lang='grc' dir='ltr'><strong>γὰρ</strong></span> <span class='ocrx_word' id='word_1_547' title='bbox 1601 5027 1852 5082; x_wconf 86' lang='grc' dir='ltr'>συνευδο-</span> 
     </span>
    </p>
   </div>
   <div class='ocr_carea' id='block_1_72' title="bbox 274 5116 1853 5193">
    <p class='ocr_par' dir='ltr' id='par_1_72' title="bbox 274 5116 1853 5193">
     <span class='ocr_line' id='line_1_72' title="bbox 274 5116 1853 5193; baseline -0.003 -17"><span class='ocrx_word' id='word_1_548' title='bbox 274 5123 503 5193; x_wconf 81' lang='grc' dir='ltr'>κιμήσει</span> <span class='ocrx_word' id='word_1_549' title='bbox 534 5122 647 5183; x_wconf 83' lang='grc' dir='ltr'>τοῖς</span> <span class='ocrx_word' id='word_1_550' title='bbox 667 5119 806 5189; x_wconf 81' lang='grc' dir='ltr'>ἄγαν</span> <span class='ocrx_word' id='word_1_551' title='bbox 830 5116 1227 5189; x_wconf 68' lang='grc' dir='ltr'>ὲξειλεγμένοις</span> <span class='ocrx_word' id='word_1_552' title='bbox 1250 5118 1341 5170; x_wconf 75' lang='grc' dir='ltr'>καὶ</span> <span class='ocrx_word' id='word_1_553' title='bbox 1368 5116 1853 5189; x_wconf 85' lang='grc' dir='ltr'>περιφανεστέροις</span> 
     </span>
    </p>
   </div>
   <div class='ocr_carea' id='block_1_73' title="bbox 272 5208 1850 5286">
    <p class='ocr_par' dir='ltr' id='par_1_73' title="bbox 272 5208 1850 5286">
     <span class='ocr_line' id='line_1_73' title="bbox 272 5208 1850 5286; baseline -0.003 -18"><span class='ocrx_word' id='word_1_554' title='bbox 272 5216 336 5269; x_wconf 87' lang='grc' dir='ltr'><strong>τὸ</strong></span> <span class='ocrx_word' id='word_1_555' title='bbox 364 5213 537 5286; x_wconf 85' lang='grc' dir='ltr'>βραχύ</span> <span class='ocrx_word' id='word_1_556' title='bbox 565 5230 621 5267; x_wconf 90' lang='grc' dir='ltr'><strong>τι</strong></span> <span class='ocrx_word' id='word_1_557' title='bbox 657 5211 935 5275; x_wconf 79' lang='grc' dir='ltr'>καταδεὲς,</span> <span class='ocrx_word' id='word_1_558' title='bbox 978 5210 1075 5264; x_wconf 76' lang='grc' dir='ltr'>καὶ</span> <span class='ocrx_word' id='word_1_559' title='bbox 1116 5210 1345 5263; x_wconf 80' lang='grc' dir='ltr'>κατόπιν</span> <span class='ocrx_word' id='word_1_560' title='bbox 1391 5209 1468 5263; x_wconf 83' lang='grc' dir='ltr'><strong>ίὸν</strong></span> <span class='ocrx_word' id='word_1_561' title='bbox 1497 5211 1598 5281; x_wconf 75' lang='grc' dir='ltr'><strong>τῆς</strong></span> <span class='ocrx_word' id='word_1_562' title='bbox 1624 5208 1850 5264; x_wconf 75' lang='grc' dir='ltr'>ἐκείνων</span> 
     </span>
    </p>
   </div>
   <div class='ocr_carea' id='block_1_74' title="bbox 280 5300 1853 5379">
    <p class='ocr_par' dir='ltr' id='par_1_74' title="bbox 280 5300 1853 5379">
     <span class='ocr_line' id='line_1_74' title="bbox 280 5300 1853 5379; baseline -0.005 -17"><span class='ocrx_word' id='word_1_563' title='bbox 280 5306 678 5379; x_wconf 56' lang='grc' dir='ltr'>μεγαλοφυὴς,</span> <span class='ocrx_word' id='word_1_564' title='bbox 709 5300 1115 5375; x_wconf 84' lang='grc' dir='ltr'>ὑπεσημαίνετό</span> <span class='ocrx_word' id='word_1_565' title='bbox 1167 5318 1284 5365; x_wconf 88' lang='grc' dir='ltr'><strong>πως</strong></span> <span class='ocrx_word' id='word_1_566' title='bbox 1339 5300 1435 5356; x_wconf 77' lang='grc' dir='ltr'>καὶ</span> <span class='ocrx_word' id='word_1_567' title='bbox 1487 5303 1517 5355; x_wconf 93' lang='lat'><strong>6</strong></span> <span class='ocrx_word' id='word_1_568' title='bbox 1564 5300 1853 5366; x_wconf 84' lang='grc' dir='ltr'>θεσπέσιος</span> 
     </span>
    </p>
   </div>
   <div class='ocr_carea' id='block_1_75' title="bbox 276 5392 1852 5466">
    <p class='ocr_par' dir='ltr' id='par_1_75' title="bbox 276 5392 1852 5466">
     <span class='ocr_line' id='line_1_75' title="bbox 276 5392 1852 5466; baseline -0.004 -13"><span class='ocrx_word' id='word_1_569' title='bbox 276 5396 509 5461; x_wconf 78' lang='grc' dir='ltr'>Παῦλος.</span> <span class='ocrx_word' id='word_1_570' title='bbox 568 5393 1119 5466; x_wconf 73' lang='grc' dir='ltr'>’Δπαριθμησάμενος</span> <span class='ocrx_word' id='word_1_571' title='bbox 1160 5392 1270 5464; x_wconf 84' lang='grc' dir='ltr'><strong>γὰρ</strong></span> <span class='ocrx_word' id='word_1_572' title='bbox 1315 5392 1427 5446; x_wconf 87' lang='grc' dir='ltr'><strong>τῶν</strong></span> <span class='ocrx_word' id='word_1_573' title='bbox 1479 5392 1852 5464; x_wconf 87' lang='grc' dir='ltr'>ἀρχαιοτέρων</span> 
     </span>
    </p>
   </div>
   <div class='ocr_carea' id='block_1_76' title="bbox 277 5477 1853 5562">
    <p class='ocr_par' dir='ltr' id='par_1_76' title="bbox 277 5477 1853 5562">
     <span class='ocr_line' id='line_1_76' title="bbox 277 5477 1853 5562; baseline -0.006 -15"><span class='ocrx_word' id='word_1_574' title='bbox 277 5491 451 5562; x_wconf 86' lang='grc' dir='ltr'>ἀγίων</span> <span class='ocrx_word' id='word_1_575' title='bbox 469 5489 600 5552; x_wconf 76' lang='grc' dir='ltr'>τοὺς</span> <span class='ocrx_word' id='word_1_576' title='bbox 615 5486 707 5542; x_wconf 82' lang='grc' dir='ltr'><strong>διά</strong></span> <span class='ocrx_word' id='word_1_577' title='bbox 720 5486 955 5552; x_wconf 86' lang='grc' dir='ltr'>πίστεως</span> <span class='ocrx_word' id='word_1_578' title='bbox 970 5483 1402 5557; x_wconf 82' lang='grc' dir='ltr'>εὐδοκιμηκότας</span> <span class='ocrx_word' id='word_1_579' title='bbox 1431 5484 1528 5541; x_wconf 73' lang='grc' dir='ltr'><strong>καὶ</strong></span> <span class='ocrx_word' id='word_1_580' title='bbox 1550 5477 1634 5550; x_wconf 78' lang='grc' dir='ltr'>οἷς</span> <span class='ocrx_word' id='word_1_581' title='bbox 1661 5485 1697 5556; x_wconf 74' lang='grc' dir='ltr'>ἡ</span> <span class='ocrx_word' id='word_1_582' title='bbox 1726 5483 1853 5550; x_wconf 81' lang='grc' dir='ltr'>δόξα</span> 
     </span>
    </p>
   </div>
   <div class='ocr_carea' id='block_1_77' title="bbox 348 5669 1705 5734">
    <p class='ocr_par' dir='ltr' id='par_1_77' title="bbox 348 5669 1705 5734">
     <span class='ocr_line' id='line_1_77' title="bbox 348 5669 1705 5734; baseline 0.001 -11"><span class='ocrx_word' id='word_1_583' title='bbox 348 5670 375 5705; x_wconf 72' lang='grc'><strong><em>⁵</em></strong></span> <span class='ocrx_word' id='word_1_584' title='bbox 403 5670 574 5725; x_wconf 74' lang='lat' dir='ltr'><strong>Num.</strong></span> <span class='ocrx_word' id='word_1_585' title='bbox 605 5685 729 5724; x_wconf 69' lang='lat' dir='ltr'><strong>xxx:</strong></span> <span class='ocrx_word' id='word_1_586' title='bbox 753 5708 764 5729; x_wconf 93' lang='lat'><strong>,</strong></span> <span class='ocrx_word' id='word_1_587' title='bbox 788 5671 976 5725; x_wconf 63' lang='lat'><strong>“24-51.</strong></span> <span class='ocrx_word' id='word_1_588' title='bbox 1054 5669 1071 5698; x_wconf 72' lang='grc'>⁸</span> <span class='ocrx_word' id='word_1_589' title='bbox 1095 5669 1257 5723; x_wconf 74' lang='lat' dir='ltr'><strong>Num.</strong></span> <span class='ocrx_word' id='word_1_590' title='bbox 1305 5686 1449 5732; x_wconf 68' lang='lat' dir='ltr'><strong>xxxx,</strong></span> <span class='ocrx_word' id='word_1_591' title='bbox 1489 5671 1579 5734; x_wconf 68' lang='grc' dir='ltr'><strong>εδ.</strong></span> <span class='ocrx_word' id='word_1_592' title='bbox 1615 5670 1705 5725; x_wconf 68' lang='lat'><strong>97.</strong></span> 
     </span>
    </p>
   </div>
   <div class='ocr_carea' id='block_1_78' title="bbox 1968 1821 3553 1894">
    <p class='ocr_par' dir='ltr' id='par_1_78' title="bbox 1968 1821 3553 1894">
     <span class='ocr_line' id='line_1_78' title="bbox 1968 1821 3553 1894; baseline 0.004 -19"><span class='ocrx_word' id='word_1_593' title='bbox 1968 1828 2088 1875; x_wconf 88' lang='lat' dir='ltr'><strong>erat</strong></span> <span class='ocrx_word' id='word_1_594' title='bbox 2115 1821 2359 1886; x_wconf 89' lang='lat' dir='ltr'><strong>oraculo,</strong></span> <span class='ocrx_word' id='word_1_595' title='bbox 2383 1821 2794 1891; x_wconf 86' lang='lat' dir='ltr'><strong>perﬁciebatur.</strong></span> <span class='ocrx_word' id='word_1_596' title='bbox 2826 1823 2988 1894; x_wconf 90' lang='lat' dir='ltr'><strong>Ergo,</strong></span> <span class='ocrx_word' id='word_1_597' title='bbox 3018 1828 3144 1878; x_wconf 85' lang='lat' dir='ltr'><strong>cum</strong></span> <span class='ocrx_word' id='word_1_598' title='bbox 3180 1824 3553 1882; x_wconf 82' lang='lat' dir='ltr'><strong>minutissima</strong></span> 
     </span>
    </p>
   </div>
   <div class='ocr_carea' id='block_1_79' title="bbox 1968 1902 3550 1994">
    <p class='ocr_par' dir='ltr' id='par_1_79' title="bbox 1968 1902 3550 1994">
     <span class='ocr_line' id='line_1_79' title="bbox 1968 1902 3550 1994; baseline 0.003 -26"><span class='ocrx_word' id='word_1_599' title='bbox 1968 1921 2134 1983; x_wconf 86' lang='lat' dir='ltr'><strong>atque</strong></span> <span class='ocrx_word' id='word_1_600' title='bbox 2150 1912 2566 1984; x_wconf 85' lang='lat' dir='ltr'><strong>diligentissima</strong></span> <span class='ocrx_word' id='word_1_601' title='bbox 2584 1913 2724 1969; x_wconf 92' lang='lat' dir='ltr'><strong>facta</strong></span> <span class='ocrx_word' id='word_1_602' title='bbox 2741 1907 2885 1969; x_wconf 79' lang='lat' dir='ltr'><strong>esset</strong></span> <span class='ocrx_word' id='word_1_603' title='bbox 2898 1902 3206 1994; x_wconf 81' lang='lat' dir='ltr'><strong>numeratio</strong></span> <span class='ocrx_word' id='word_1_604' title='bbox 3225 1917 3550 1987; x_wconf 89' lang='lat' dir='ltr'><strong>spoliorum,</strong></span> 
     </span>
    </p>
   </div>
   <div class='ocr_carea' id='block_1_80' title="bbox 1968 2004 3556 2076">
    <p class='ocr_par' dir='ltr' id='par_1_80' title="bbox 1968 2004 3556 2076">
     <span class='ocr_line' id='line_1_80' title="bbox 1968 2004 3556 2076; baseline 0.003 -16"><span class='ocrx_word' id='word_1_605' title='bbox 1968 2020 2033 2060; x_wconf 91' lang='lat' dir='ltr'><strong>ac</strong></span> <span class='ocrx_word' id='word_1_606' title='bbox 2060 2005 2241 2060; x_wconf 87' lang='lat' dir='ltr'><strong>media</strong></span> <span class='ocrx_word' id='word_1_607' title='bbox 2270 2020 2339 2060; x_wconf 79' lang='lat' dir='ltr'><strong>ex</strong></span> <span class='ocrx_word' id='word_1_608' title='bbox 2374 2013 2530 2075; x_wconf 90' lang='lat' dir='ltr'><strong>parte</strong></span> <span class='ocrx_word' id='word_1_609' title='bbox 2558 2004 2913 2073; x_wconf 85' lang='lat' dir='ltr'><strong>distributio;</strong></span> <span class='ocrx_word' id='word_1_610' title='bbox 2948 2021 3184 2076; x_wconf 92' lang='lat' dir='ltr'><strong>cumque</strong></span> <span class='ocrx_word' id='word_1_611' title='bbox 3218 2020 3403 2066; x_wconf 88' lang='lat' dir='ltr'><strong>essent</strong></span> <span class='ocrx_word' id='word_1_612' title='bbox 3432 2010 3556 2065; x_wconf 82' lang='lat' dir='ltr'><strong>red-</strong></span> 
     </span>
    </p>
   </div>
   <div class='ocr_carea' id='block_1_81' title="bbox 1969 2085 3549 2168">
    <p class='ocr_par' dir='ltr' id='par_1_81' title="bbox 1969 2085 3549 2168">
     <span class='ocr_line' id='line_1_81' title="bbox 1969 2085 3549 2168; baseline 0.004 -16"><span class='ocrx_word' id='word_1_613' title='bbox 1969 2097 2098 2152; x_wconf 70' lang='lat' dir='ltr'><strong>dita:</strong></span> <span class='ocrx_word' id='word_1_614' title='bbox 2148 2097 2523 2168; x_wconf 86' lang='lat' dir='ltr'><strong>separationes</strong></span> <span class='ocrx_word' id='word_1_615' title='bbox 2557 2112 2655 2152; x_wconf 87' lang='lat' dir='ltr'><strong>seu</strong></span> <span class='ocrx_word' id='word_1_616' title='bbox 2694 2098 2951 2167; x_wconf 64' lang='lat' dir='ltr'><strong>primitiae</strong></span> <span class='ocrx_word' id='word_1_617' title='bbox 3001 2085 3241 2166; x_wconf 86' lang='lat' dir='ltr'><strong>Domini,</strong></span> <span class='ocrx_word' id='word_1_618' title='bbox 3279 2093 3549 2159; x_wconf 72' lang='lat' dir='ltr'><strong>sacerdoti</strong></span> 
     </span>
    </p>
   </div>
   <div class='ocr_carea' id='block_1_82' title="bbox 1967 2188 3554 2260">
    <p class='ocr_par' dir='ltr' id='par_1_82' title="bbox 1967 2188 3554 2260">
     <span class='ocr_line' id='line_1_82' title="bbox 1967 2188 3554 2260; baseline 0.004 -15"><span class='ocrx_word' id='word_1_619' title='bbox 1967 2190 2249 2256; x_wconf 86' lang='lat' dir='ltr'><strong>Eleazaro,</strong></span> <span class='ocrx_word' id='word_1_620' title='bbox 2287 2189 2533 2260; x_wconf 86' lang='lat' dir='ltr'><strong>inquam,</strong></span> <span class='ocrx_word' id='word_1_621' title='bbox 2570 2199 2627 2245; x_wconf 88' lang='lat' dir='ltr'><strong>et</strong></span> <span class='ocrx_word' id='word_1_622' title='bbox 2659 2188 2894 2256; x_wconf 82' lang='lat' dir='ltr'><strong>Levitis;</strong></span> <span class='ocrx_word' id='word_1_623' title='bbox 2929 2206 3061 2245; x_wconf 92' lang='lat' dir='ltr'><strong>num</strong></span> <span class='ocrx_word' id='word_1_624' title='bbox 3100 2192 3200 2246; x_wconf 89' lang='lat' dir='ltr'><strong>tibi</strong></span> <span class='ocrx_word' id='word_1_625' title='bbox 3233 2202 3317 2249; x_wconf 92' lang='lat' dir='ltr'><strong>est</strong></span> <span class='ocrx_word' id='word_1_626' title='bbox 3336 2194 3554 2251; x_wconf 87' lang='lat' dir='ltr'><strong>animus</strong></span> 
     </span>
    </p>
   </div>
   <div class='ocr_carea' id='block_1_83' title="bbox 1967 2272 3549 2361">
    <p class='ocr_par' dir='ltr' id='par_1_83' title="bbox 1967 2272 3549 2361">
     <span class='ocr_line' id='line_1_83' title="bbox 1967 2272 3549 2361; baseline 0.003 -23"><span class='ocrx_word' id='word_1_627' title='bbox 1967 2282 2107 2338; x_wconf 87' lang='lat' dir='ltr'><strong>adeo</strong></span> <span class='ocrx_word' id='word_1_628' title='bbox 2125 2298 2339 2338; x_wconf 91' lang='lat' dir='ltr'><strong>memor</strong></span> <span class='ocrx_word' id='word_1_629' title='bbox 2357 2291 2420 2337; x_wconf 90' lang='lat' dir='ltr'><strong>ut</strong></span> <span class='ocrx_word' id='word_1_630' title='bbox 2442 2282 2774 2338; x_wconf 84' lang='lat' dir='ltr'><strong>oblivionem</strong></span> <span class='ocrx_word' id='word_1_631' title='bbox 2796 2283 3001 2350; x_wconf 87' lang='lat' dir='ltr'><strong>vincat,</strong></span> <span class='ocrx_word' id='word_1_632' title='bbox 3022 2293 3185 2356; x_wconf 86' lang='lat' dir='ltr'><strong>atque</strong></span> <span class='ocrx_word' id='word_1_633' title='bbox 3218 2286 3286 2342; x_wconf 92' lang='lat' dir='ltr'><strong>ad</strong></span> <span class='ocrx_word' id='word_1_634' title='bbox 3316 2272 3371 2342; x_wconf 86' lang='lat' dir='ltr'><strong>id</strong></span> <span class='ocrx_word' id='word_1_635' title='bbox 3402 2276 3549 2361; x_wconf 73' lang='lat' dir='ltr'><strong>quod</strong></span> 
     </span>
    </p>
   </div>
   <div class='ocr_carea' id='block_1_84' title="bbox 1969 2373 3071 2455">
    <p class='ocr_par' dir='ltr' id='par_1_84' title="bbox 1969 2373 3071 2455">
     <span class='ocr_line' id='line_1_84' title="bbox 1969 2373 3071 2455; baseline 0.002 -27"><span class='ocrx_word' id='word_1_636' title='bbox 1969 2373 2128 2449; x_wconf 90' lang='lat' dir='ltr'><strong>initio</strong></span> <span class='ocrx_word' id='word_1_637' title='bbox 2157 2374 2496 2439; x_wconf 89' lang='lat' dir='ltr'><strong>dicebamus,</strong></span> <span class='ocrx_word' id='word_1_638' title='bbox 2529 2390 2817 2432; x_wconf 88' lang='lat' dir='ltr'><strong>recurrere</strong></span> <span class='ocrx_word' id='word_1_639' title='bbox 2850 2376 3071 2455; x_wconf 66' lang='lat' dir='ltr'><strong>valeat&quot;?</strong></span> 
     </span>
    </p>
   </div>
   <div class='ocr_carea' id='block_1_85' title="bbox 2036 2620 2808 2707">
    <p class='ocr_par' dir='ltr' id='par_1_85' title="bbox 2036 2620 2808 2707">
     <span class='ocr_line' id='line_1_85' title="bbox 2036 2620 2808 2707; baseline -0.003 -15"><span class='ocrx_word' id='word_1_640' title='bbox 2036 2620 2235 2693; x_wconf 62' lang='lat' dir='ltr'><strong>ﬁALL.</strong></span> <span class='ocrx_word' id='word_1_641' title='bbox 2268 2620 2497 2707; x_wconf 82' lang='lat' dir='ltr'><strong>Ecquod</strong></span> <span class='ocrx_word' id='word_1_642' title='bbox 2527 2620 2662 2691; x_wconf 75' lang='lat' dir='ltr'><strong>illud</strong></span> <span class='ocrx_word' id='word_1_643' title='bbox 2691 2626 2808 2691; x_wconf 80' lang='lat' dir='ltr'><strong>est?</strong></span> 
     </span>
    </p>
   </div>
   <div class='ocr_carea' id='block_1_86' title="bbox 2032 2712 3552 2802">
    <p class='ocr_par' dir='ltr' id='par_1_86' title="bbox 2032 2712 3552 2802">
     <span class='ocr_line' id='line_1_86' title="bbox 2032 2712 3552 2802; baseline 0.003 -17"><span class='ocrx_word' id='word_1_644' title='bbox 2032 2728 2192 2785; x_wconf 83' lang='lat' dir='ltr'><strong>CYR.</strong></span> <span class='ocrx_word' id='word_1_645' title='bbox 2224 2727 2368 2783; x_wconf 88' lang='lat' dir='ltr'><strong>Num</strong></span> <span class='ocrx_word' id='word_1_646' title='bbox 2401 2727 2549 2783; x_wconf 89' lang='lat' dir='ltr'><strong>enim</strong></span> <span class='ocrx_word' id='word_1_647' title='bbox 2575 2728 2828 2784; x_wconf 89' lang='lat' dir='ltr'><strong>millenos</strong></span> <span class='ocrx_word' id='word_1_648' title='bbox 2852 2728 2883 2784; x_wconf 83' lang='lat' dir='ltr'><strong>a</strong></span> <span class='ocrx_word' id='word_1_649' title='bbox 2928 2712 3156 2802; x_wconf 82' lang='lat' dir='ltr'><strong>singulis</strong></span> <span class='ocrx_word' id='word_1_650' title='bbox 3193 2716 3448 2789; x_wconf 76' lang='lat' dir='ltr'><strong>tribubus</strong></span> <span class='ocrx_word' id='word_1_651' title='bbox 3479 2728 3552 2790; x_wconf 81' lang='lat' dir='ltr'><strong>ad</strong></span> 
     </span>
    </p>
   </div>
   <div class='ocr_carea' id='block_1_87' title="bbox 1963 2821 3548 2896">
    <p class='ocr_par' dir='ltr' id='par_1_87' title="bbox 1963 2821 3548 2896">
     <span class='ocr_line' id='line_1_87' title="bbox 1963 2821 3548 2896; baseline 0.001 -17"><span class='ocrx_word' id='word_1_652' title='bbox 1963 2821 2173 2878; x_wconf 86' lang='lat' dir='ltr'><strong>bellum</strong></span> <span class='ocrx_word' id='word_1_653' title='bbox 2204 2821 2506 2893; x_wconf 84' lang='lat' dir='ltr'><strong>gerendum</strong></span> <span class='ocrx_word' id='word_1_654' title='bbox 2547 2823 2872 2879; x_wconf 79' lang='lat' dir='ltr'><strong>convenisse</strong></span> <span class='ocrx_word' id='word_1_655' title='bbox 2905 2837 3075 2879; x_wconf 75' lang='lat' dir='ltr'><strong>sacra:</strong></span> <span class='ocrx_word' id='word_1_656' title='bbox 3100 2824 3322 2881; x_wconf 69' lang='lat' dir='ltr'><strong>Littera:</strong></span> <span class='ocrx_word' id='word_1_657' title='bbox 3358 2826 3548 2896; x_wconf 50' lang='lat' dir='ltr'><strong>prodi:</strong></span> 
     </span>
    </p>
   </div>
   <div class='ocr_carea' id='block_1_88' title="bbox 1963 2912 2899 2994">
    <p class='ocr_par' dir='ltr' id='par_1_88' title="bbox 1963 2912 2899 2994">
     <span class='ocr_line' id='line_1_88' title="bbox 1963 2912 2899 2994; baseline -0.009 -25"><span class='ocrx_word' id='word_1_658' title='bbox 1963 2912 2205 2969; x_wconf 82' lang='lat' dir='ltr'><strong>derunt?</strong></span> <span class='ocrx_word' id='word_1_659' title='bbox 2856 2986 2862 2994; x_wconf 75' lang='lat'>_</span> <span class='ocrx_word' id='word_1_660' title='bbox 2894 2988 2899 2993; x_wconf 18' lang='grc' dir='ltr'><strong>η</strong></span> 
     </span>
    </p>
   </div>
   <div class='ocr_carea' id='block_1_89' title="bbox 2032 3000 3018 3077">
    <p class='ocr_par' dir='ltr' id='par_1_89' title="bbox 2032 3000 3018 3077">
     <span class='ocr_line' id='line_1_89' title="bbox 2032 3000 3018 3077; baseline 0.006 -21"><span class='ocrx_word' id='word_1_661' title='bbox 2032 3000 2229 3056; x_wconf 81' lang='lat' dir='ltr'><strong>PALL.</strong></span> <span class='ocrx_word' id='word_1_662' title='bbox 2256 3001 2624 3059; x_wconf 88' lang='lat' dir='ltr'><strong>Prodiderunt</strong></span> <span class='ocrx_word' id='word_1_663' title='bbox 2650 3005 2756 3061; x_wconf 67' lang='lat' dir='ltr'><strong>illae</strong></span> <span class='ocrx_word' id='word_1_664' title='bbox 2775 3005 3018 3077; x_wconf 75' lang='lat' dir='ltr'><strong>Quidem.</strong></span> 
     </span>
    </p>
   </div>
   <div class='ocr_carea' id='block_1_90' title="bbox 2032 3083 3542 3173">
    <p class='ocr_par' dir='ltr' id='par_1_90' title="bbox 2032 3083 3542 3173">
     <span class='ocr_line' id='line_1_90' title="bbox 2032 3083 3542 3173; baseline 0.006 -24"><span class='ocrx_word' id='word_1_665' title='bbox 2032 3091 2191 3149; x_wconf 81' lang='lat' dir='ltr'><strong>CYR.</strong></span> <span class='ocrx_word' id='word_1_666' title='bbox 2222 3094 2401 3150; x_wconf 88' lang='lat' dir='ltr'><strong>Partis</strong></span> <span class='ocrx_word' id='word_1_667' title='bbox 2419 3095 2553 3173; x_wconf 82' lang='lat' dir='ltr'><strong>item</strong></span> <span class='ocrx_word' id='word_1_668' title='bbox 2571 3098 2737 3153; x_wconf 87' lang='lat' dir='ltr'><strong>unius</strong></span> <span class='ocrx_word' id='word_1_669' title='bbox 2766 3083 3117 3170; x_wconf 86' lang='lat' dir='ltr'><strong>splendorem</strong></span> <span class='ocrx_word' id='word_1_670' title='bbox 3144 3115 3206 3157; x_wconf 91' lang='lat' dir='ltr'><strong>ac</strong></span> <span class='ocrx_word' id='word_1_671' title='bbox 3238 3084 3455 3157; x_wconf 79' lang='lat' dir='ltr'><strong>laudaui</strong></span> <span class='ocrx_word' id='word_1_672' title='bbox 3474 3098 3542 3159; x_wconf 81' lang='lat' dir='ltr'><strong>ad</strong></span> 
     </span>
    </p>
   </div>
   <div class='ocr_carea' id='block_1_91' title="bbox 1963 3182 3547 3262">
    <p class='ocr_par' dir='ltr' id='par_1_91' title="bbox 1963 3182 3547 3262">
     <span class='ocr_line' id='line_1_91' title="bbox 1963 3182 3547 3262; baseline 0.008 -24"><span class='ocrx_word' id='word_1_673' title='bbox 1963 3182 2275 3241; x_wconf 83' lang='lat' dir='ltr'><strong>universam</strong></span> <span class='ocrx_word' id='word_1_674' title='bbox 2311 3186 2712 3256; x_wconf 89' lang='lat' dir='ltr'><strong>plenitudinem</strong></span> <span class='ocrx_word' id='word_1_675' title='bbox 2748 3188 2866 3245; x_wconf 91' lang='lat' dir='ltr'><strong>fore</strong></span> <span class='ocrx_word' id='word_1_676' title='bbox 2905 3198 2966 3245; x_wconf 93' lang='lat' dir='ltr'><strong>ut</strong></span> <span class='ocrx_word' id='word_1_677' title='bbox 3003 3193 3323 3262; x_wconf 84' lang='lat' dir='ltr'><strong>pertineret,</strong></span> <span class='ocrx_word' id='word_1_678' title='bbox 3363 3208 3547 3249; x_wconf 86' lang='lat' dir='ltr'><strong>annon</strong></span> 
     </span>
    </p>
   </div>
   <div class='ocr_carea' id='block_1_92' title="bbox 1959 3264 3547 3359">
    <p class='ocr_par' dir='ltr' id='par_1_92' title="bbox 1959 3264 3547 3359">
     <span class='ocr_line' id='line_1_92' title="bbox 1959 3264 3547 3359; baseline 0.011 -30"><span class='ocrx_word' id='word_1_679' title='bbox 1959 3283 2152 3345; x_wconf 81' lang='lat' dir='ltr'><strong>aperte</strong></span> <span class='ocrx_word' id='word_1_680' title='bbox 2183 3291 2246 3331; x_wconf 89' lang='lat' dir='ltr'><strong>ac</strong></span> <span class='ocrx_word' id='word_1_681' title='bbox 2278 3278 2568 3335; x_wconf 86' lang='lat' dir='ltr'><strong>manifeste</strong></span> <span class='ocrx_word' id='word_1_682' title='bbox 2609 3264 2968 3337; x_wconf 77' lang='lat' dir='ltr'><strong>dicebamus?</strong></span> <span class='ocrx_word' id='word_1_683' title='bbox 3021 3271 3180 3355; x_wconf 73' lang='lat'><strong>126</strong></span> <span class='ocrx_word' id='word_1_684' title='bbox 3210 3282 3547 3359; x_wconf 81' lang='lat' dir='ltr'><strong>benignitate</strong></span> 
     </span>
    </p>
   </div>
   <div class='ocr_carea' id='block_1_93' title="bbox 1959 3365 3548 3453">
    <p class='ocr_par' dir='ltr' id='par_1_93' title="bbox 1959 3365 3548 3453">
     <span class='ocr_line' id='line_1_93' title="bbox 1959 3365 3548 3453; baseline 0.01 -30"><span class='ocrx_word' id='word_1_685' title='bbox 1959 3367 2055 3423; x_wconf 89' lang='lat' dir='ltr'><strong>Dei</strong></span> <span class='ocrx_word' id='word_1_686' title='bbox 2077 3377 2242 3438; x_wconf 90' lang='lat' dir='ltr'><strong>atque</strong></span> <span class='ocrx_word' id='word_1_687' title='bbox 2277 3370 2570 3427; x_wconf 88' lang='lat' dir='ltr'><strong>clementia</strong></span> <span class='ocrx_word' id='word_1_688' title='bbox 2607 3371 2712 3427; x_wconf 88' lang='lat' dir='ltr'><strong>hoc</strong></span> <span class='ocrx_word' id='word_1_689' title='bbox 2746 3388 2966 3453; x_wconf 86' lang='lat' dir='ltr'><strong>quoque</strong></span> <span class='ocrx_word' id='word_1_690' title='bbox 2997 3374 3054 3430; x_wconf 91' lang='lat' dir='ltr'><strong>in</strong></span> <span class='ocrx_word' id='word_1_691' title='bbox 3091 3377 3251 3433; x_wconf 90' lang='lat' dir='ltr'><strong>nobis</strong></span> <span class='ocrx_word' id='word_1_692' title='bbox 3270 3365 3548 3451; x_wconf 85' lang='lat' dir='ltr'><strong>sapienter</strong></span> 
     </span>
    </p>
   </div>
   <div class='ocr_carea' id='block_1_94' title="bbox 1960 3457 3548 3549">
    <p class='ocr_par' dir='ltr' id='par_1_94' title="bbox 1960 3457 3548 3549">
     <span class='ocr_line' id='line_1_94' title="bbox 1960 3457 3548 3549; baseline 0.01 -37"><span class='ocrx_word' id='word_1_693' title='bbox 1960 3457 2400 3549; x_wconf 85' lang='lat' dir='ltr'><strong>administrante,</strong></span> <span class='ocrx_word' id='word_1_694' title='bbox 2434 3470 2496 3517; x_wconf 91' lang='lat' dir='ltr'><strong>ut</strong></span> <span class='ocrx_word' id='word_1_695' title='bbox 2518 3470 2776 3534; x_wconf 85' lang='lat' dir='ltr'><strong>tanquam</strong></span> <span class='ocrx_word' id='word_1_696' title='bbox 2817 3465 2983 3543; x_wconf 82' lang='lat' dir='ltr'><strong>unius</strong></span> <span class='ocrx_word' id='word_1_697' title='bbox 3019 3457 3389 3549; x_wconf 81' lang='lat' dir='ltr'><strong>odoratissimi</strong></span> <span class='ocrx_word' id='word_1_698' title='bbox 3426 3474 3548 3548; x_wconf 78' lang='lat' dir='ltr'><strong>thy-</strong></span> 
     </span>
    </p>
   </div>
   <div class='ocr_carea' id='block_1_95' title="bbox 1960 3548 3549 3624">
    <p class='ocr_par' dir='ltr' id='par_1_95' title="bbox 1960 3548 3549 3624">
     <span class='ocr_line' id='line_1_95' title="bbox 1960 3548 3549 3624; baseline 0.011 -22"><span class='ocrx_word' id='word_1_699' title='bbox 1960 3548 2254 3617; x_wconf 90' lang='lat' dir='ltr'><strong>miamatis,</strong></span> <span class='ocrx_word' id='word_1_700' title='bbox 2294 3566 2363 3605; x_wconf 85' lang='lat' dir='ltr'><strong>ex</strong></span> <span class='ocrx_word' id='word_1_701' title='bbox 2399 3550 2569 3609; x_wconf 89' lang='lat' dir='ltr'><strong>variis</strong></span> <span class='ocrx_word' id='word_1_702' title='bbox 2603 3554 2942 3611; x_wconf 88' lang='lat' dir='ltr'><strong>aromatibus</strong></span> <span class='ocrx_word' id='word_1_703' title='bbox 2970 3548 3225 3624; x_wconf 81' lang='lat' dir='ltr'><strong>confecti,</strong></span> <span class='ocrx_word' id='word_1_704' title='bbox 3260 3577 3403 3618; x_wconf 92' lang='lat' dir='ltr'><strong>unus</strong></span> <span class='ocrx_word' id='word_1_705' title='bbox 3431 3578 3549 3618; x_wconf 92' lang='lat' dir='ltr'><strong>om-</strong></span> 
     </span>
    </p>
   </div>
   <div class='ocr_carea' id='block_1_96' title="bbox 1959 3631 3550 3724">
    <p class='ocr_par' dir='ltr' id='par_1_96' title="bbox 1959 3631 3550 3724">
     <span class='ocr_line' id='line_1_96' title="bbox 1959 3631 3550 3724; baseline 0.011 -30"><span class='ocrx_word' id='word_1_706' title='bbox 1959 3640 2111 3718; x_wconf 84' lang='lat' dir='ltr'><strong>nium</strong></span> <span class='ocrx_word' id='word_1_707' title='bbox 2130 3641 2267 3698; x_wconf 90' lang='lat' dir='ltr'><strong>odor</strong></span> <span class='ocrx_word' id='word_1_708' title='bbox 2280 3644 2393 3700; x_wconf 89' lang='lat' dir='ltr'><strong>Deo</strong></span> <span class='ocrx_word' id='word_1_709' title='bbox 2411 3644 2693 3713; x_wconf 82' lang='lat' dir='ltr'><strong>oll‘eratur,</strong></span> <span class='ocrx_word' id='word_1_710' title='bbox 2712 3656 2768 3703; x_wconf 91' lang='lat' dir='ltr'><strong>et</strong></span> <span class='ocrx_word' id='word_1_711' title='bbox 2784 3631 2946 3704; x_wconf 86' lang='lat' dir='ltr'><strong>simul</strong></span> <span class='ocrx_word' id='word_1_712' title='bbox 2965 3665 3088 3706; x_wconf 90' lang='lat' dir='ltr'><strong>cum</strong></span> <span class='ocrx_word' id='word_1_713' title='bbox 3110 3641 3263 3722; x_wconf 77' lang='lat' dir='ltr'><strong>parte</strong></span> <span class='ocrx_word' id='word_1_714' title='bbox 3277 3654 3550 3724; x_wconf 86' lang='lat' dir='ltr'><strong>probatis-</strong></span> 
     </span>
    </p>
   </div>
   <div class='ocr_carea' id='block_1_97' title="bbox 1960 3728 3544 3818">
    <p class='ocr_par' dir='ltr' id='par_1_97' title="bbox 1960 3728 3544 3818">
     <span class='ocr_line' id='line_1_97' title="bbox 1960 3728 3544 3818; baseline 0.013 -31"><span class='ocrx_word' id='word_1_715' title='bbox 1960 3732 2099 3788; x_wconf 88' lang='lat' dir='ltr'><strong>sima</strong></span> <span class='ocrx_word' id='word_1_716' title='bbox 2117 3733 2336 3791; x_wconf 89' lang='lat' dir='ltr'><strong>laudem</strong></span> <span class='ocrx_word' id='word_1_717' title='bbox 2367 3737 2618 3807; x_wconf 91' lang='lat' dir='ltr'><strong>acquirat</strong></span> <span class='ocrx_word' id='word_1_718' title='bbox 2637 3754 2701 3794; x_wconf 89' lang='lat' dir='ltr'><strong>ea</strong></span> <span class='ocrx_word' id='word_1_719' title='bbox 2731 3756 2852 3811; x_wconf 70' lang='lat' dir='ltr'><strong>quae</strong></span> <span class='ocrx_word' id='word_1_720' title='bbox 2879 3758 2988 3798; x_wconf 90' lang='lat' dir='ltr'><strong>non</strong></span> <span class='ocrx_word' id='word_1_721' title='bbox 3023 3728 3160 3802; x_wconf 84' lang='lat' dir='ltr'><strong>adeo</strong></span> <span class='ocrx_word' id='word_1_722' title='bbox 3184 3748 3416 3818; x_wconf 83' lang='lat' dir='ltr'><strong>probata</strong></span> <span class='ocrx_word' id='word_1_723' title='bbox 3436 3760 3544 3808; x_wconf 92' lang='lat' dir='ltr'><strong>est.</strong></span> 
     </span>
    </p>
   </div>
   <div class='ocr_carea' id='block_1_98' title="bbox 2032 3824 3548 3931">
    <p class='ocr_par' dir='ltr' id='par_1_98' title="bbox 2032 3824 3548 3931">
     <span class='ocr_line' id='line_1_98' title="bbox 2032 3824 3548 3931; baseline 0.014 -53"><span class='ocrx_word' id='word_1_724' title='bbox 2032 3824 2229 3931; x_wconf 66' lang='lat' dir='ltr'><strong>PALL.</strong></span> <span class='ocrx_word' id='word_1_725' title='bbox 2254 3826 2334 3931; x_wconf 68' lang='lat' dir='ltr'><strong>Ita</strong></span> <span class='ocrx_word' id='word_1_726' title='bbox 2354 3836 2458 3883; x_wconf 91' lang='lat' dir='ltr'><strong>est.</strong></span> <span class='ocrx_word' id='word_1_727' title='bbox 2480 3828 2539 3884; x_wconf 90' lang='lat' dir='ltr'><strong>Id</strong></span> <span class='ocrx_word' id='word_1_728' title='bbox 2574 3830 2755 3901; x_wconf 88' lang='lat' dir='ltr'><strong>ipsum</strong></span> <span class='ocrx_word' id='word_1_729' title='bbox 2782 3849 3017 3906; x_wconf 88' lang='lat' dir='ltr'><strong>namque</strong></span> <span class='ocrx_word' id='word_1_730' title='bbox 3036 3836 3548 3931; x_wconf 35' lang='lat' dir='ltr'><strong>nestrfdisputatio</strong></span> 
     </span>
    </p>
   </div>
   <div class='ocr_carea' id='block_1_99' title="bbox 1959 3914 2751 3993">
    <p class='ocr_par' dir='ltr' id='par_1_99' title="bbox 1959 3914 2751 3993">
     <span class='ocr_line' id='line_1_99' title="bbox 1959 3914 2751 3993; baseline 0.01 -25"><span class='ocrx_word' id='word_1_731' title='bbox 1959 3914 2397 3989; x_wconf 87' lang='lat' dir='ltr'><strong>investigandum</strong></span> <span class='ocrx_word' id='word_1_732' title='bbox 2416 3926 2751 3993; x_wconf 85' lang='lat' dir='ltr'><strong>susceperat.</strong></span> 
     </span>
    </p>
   </div>
   <div class='ocr_carea' id='block_1_100' title="bbox 2027 4006 3546 4098">
    <p class='ocr_par' dir='ltr' id='par_1_100' title="bbox 2027 4006 3546 4098">
     <span class='ocr_line' id='line_1_100' title="bbox 2027 4006 3546 4098; baseline 0.014 -36"><span class='ocrx_word' id='word_1_733' title='bbox 2027 4006 2184 4064; x_wconf 81' lang='lat' dir='ltr'><strong>CYR.</strong></span> <span class='ocrx_word' id='word_1_734' title='bbox 2198 4010 2333 4067; x_wconf 82' lang='lat' dir='ltr'><strong>Vide</strong></span> <span class='ocrx_word' id='word_1_735' title='bbox 2352 4010 2519 4083; x_wconf 90' lang='lat' dir='ltr'><strong>igitur</strong></span> <span class='ocrx_word' id='word_1_736' title='bbox 2538 4014 2644 4070; x_wconf 82' lang='lat' dir='ltr'><strong>lioc</strong></span> <span class='ocrx_word' id='word_1_737' title='bbox 2671 4015 2814 4071; x_wconf 91' lang='lat' dir='ltr'><strong>idem</strong></span> <span class='ocrx_word' id='word_1_738' title='bbox 2836 4016 2963 4074; x_wconf 84' lang='lat' dir='ltr'><strong>filiis</strong></span> <span class='ocrx_word' id='word_1_739' title='bbox 2980 4019 3145 4078; x_wconf 90' lang='lat' dir='ltr'><strong>Israel</strong></span> <span class='ocrx_word' id='word_1_740' title='bbox 3164 4008 3338 4080; x_wconf 87' lang='lat' dir='ltr'><strong>Deum</strong></span> <span class='ocrx_word' id='word_1_741' title='bbox 3357 4026 3546 4098; x_wconf 87' lang='lat' dir='ltr'><strong>aperte</strong></span> 
     </span>
    </p>
   </div>
   <div class='ocr_carea' id='block_1_101' title="bbox 1957 4099 3544 4185">
    <p class='ocr_par' dir='ltr' id='par_1_101' title="bbox 1957 4099 3544 4185">
     <span class='ocr_line' id='line_1_101' title="bbox 1957 4099 3544 4185; baseline 0.013 -33"><span class='ocrx_word' id='word_1_742' title='bbox 1957 4099 2294 4170; x_wconf 72' lang='lat' dir='ltr'><strong>praecipere:</strong></span> <span class='ocrx_word' id='word_1_743' title='bbox 2336 4101 2414 4156; x_wconf 92' lang='lat' dir='ltr'><strong>illi</strong></span> <span class='ocrx_word' id='word_1_744' title='bbox 2439 4118 2675 4174; x_wconf 85' lang='lat' dir='ltr'><strong>namque</strong></span> <span class='ocrx_word' id='word_1_745' title='bbox 2695 4106 2825 4162; x_wconf 89' lang='lat' dir='ltr'><strong>lecti</strong></span> <span class='ocrx_word' id='word_1_746' title='bbox 2847 4109 3048 4166; x_wconf 88' lang='lat' dir='ltr'><strong>milites</strong></span> <span class='ocrx_word' id='word_1_747' title='bbox 3069 4113 3277 4168; x_wconf 90' lang='lat' dir='ltr'><strong>milleni</strong></span> <span class='ocrx_word' id='word_1_748' title='bbox 3300 4132 3399 4185; x_wconf 90' lang='lat' dir='ltr'><strong>per</strong></span> <span class='ocrx_word' id='word_1_749' title='bbox 3426 4118 3544 4173; x_wconf 87' lang='lat' dir='ltr'><strong>sin—</strong></span> 
     </span>
    </p>
   </div>
   <div class='ocr_carea' id='block_1_102' title="bbox 1958 4191 3540 4276">
    <p class='ocr_par' dir='ltr' id='par_1_102' title="bbox 1958 4191 3540 4276">
     <span class='ocr_line' id='line_1_102' title="bbox 1958 4191 3540 4276; baseline 0.012 -31"><span class='ocrx_word' id='word_1_750' title='bbox 1958 4191 2115 4263; x_wconf 91' lang='lat' dir='ltr'><strong>gulas</strong></span> <span class='ocrx_word' id='word_1_751' title='bbox 2169 4192 2348 4276; x_wconf 81' lang='lat' dir='ltr'><strong>tribus</strong></span> <span class='ocrx_word' id='word_1_752' title='bbox 2393 4194 2660 4276; x_wconf 84' lang='lat' dir='ltr'><strong>adversus</strong></span> <span class='ocrx_word' id='word_1_753' title='bbox 2720 4198 3046 4276; x_wconf 85' lang='lat' dir='ltr'><strong>llladianitas</strong></span> <span class='ocrx_word' id='word_1_754' title='bbox 3098 4194 3540 4276; x_wconf 79' lang='lat' dir='ltr'><strong>contendebant;</strong></span> 
     </span>
    </p>
   </div>
   <div class='ocr_carea' id='block_1_103' title="bbox 1958 4274 3544 4358">
    <p class='ocr_par' dir='ltr' id='par_1_103' title="bbox 1958 4274 3544 4358">
     <span class='ocr_line' id='line_1_103' title="bbox 1958 4274 3544 4358; baseline 0.013 -21"><span class='ocrx_word' id='word_1_755' title='bbox 1958 4284 2195 4354; x_wconf 87' lang='lat' dir='ltr'><strong>cumque</strong></span> <span class='ocrx_word' id='word_1_756' title='bbox 2241 4274 2529 4341; x_wconf 84' lang='lat' dir='ltr'><strong>victoriam</strong></span> <span class='ocrx_word' id='word_1_757' title='bbox 2580 4290 2773 4358; x_wconf 87' lang='lat' dir='ltr'><strong>procul</strong></span> <span class='ocrx_word' id='word_1_758' title='bbox 2810 4274 2981 4346; x_wconf 84' lang='lat' dir='ltr'><strong>dubio</strong></span> <span class='ocrx_word' id='word_1_759' title='bbox 3014 4276 3204 4351; x_wconf 81' lang='lat' dir='ltr'><strong>labore</strong></span> <span class='ocrx_word' id='word_1_760' title='bbox 3241 4313 3305 4353; x_wconf 88' lang='lat' dir='ltr'><strong>ac</strong></span> <span class='ocrx_word' id='word_1_761' title='bbox 3342 4274 3544 4358; x_wconf 83' lang='lat' dir='ltr'><strong>sudore</strong></span> 
     </span>
    </p>
   </div>
   <div class='ocr_carea' id='block_1_104' title="bbox 1959 4371 3544 4461">
    <p class='ocr_par' dir='ltr' id='par_1_104' title="bbox 1959 4371 3544 4461">
     <span class='ocr_line' id='line_1_104' title="bbox 1959 4371 3544 4461; baseline 0.014 -36"><span class='ocrx_word' id='word_1_762' title='bbox 1959 4371 2144 4442; x_wconf 83' lang='lat' dir='ltr'><strong>adepti</strong></span> <span class='ocrx_word' id='word_1_763' title='bbox 2176 4382 2382 4439; x_wconf 88' lang='lat' dir='ltr'><strong>essent,</strong></span> <span class='ocrx_word' id='word_1_764' title='bbox 2395 4390 2519 4461; x_wconf 70' lang='lat' dir='ltr'><strong>qua:</strong></span> <span class='ocrx_word' id='word_1_765' title='bbox 2535 4391 2605 4430; x_wconf 82' lang='lat' dir='ltr'><strong>ex</strong></span> <span class='ocrx_word' id='word_1_766' title='bbox 2623 4376 2768 4432; x_wconf 91' lang='lat' dir='ltr'><strong>bello</strong></span> <span class='ocrx_word' id='word_1_767' title='bbox 2789 4380 3121 4451; x_wconf 79' lang='lat' dir='ltr'><strong>collegerant</strong></span> <span class='ocrx_word' id='word_1_768' title='bbox 3140 4399 3265 4439; x_wconf 88' lang='lat' dir='ltr'><strong>cum</strong></span> <span class='ocrx_word' id='word_1_769' title='bbox 3284 4388 3544 4447; x_wconf 89' lang='lat' dir='ltr'><strong>universa</strong></span> 
     </span>
    </p>
   </div>
   <div class='ocr_carea' id='block_1_105' title="bbox 1962 4462 3542 4545">
    <p class='ocr_par' dir='ltr' id='par_1_105' title="bbox 1962 4462 3542 4545">
     <span class='ocr_line' id='line_1_105' title="bbox 1962 4462 3542 4545; baseline 0.011 -25"><span class='ocrx_word' id='word_1_770' title='bbox 1962 4465 2144 4520; x_wconf 90' lang='lat' dir='ltr'><strong>statim</strong></span> <span class='ocrx_word' id='word_1_771' title='bbox 2163 4467 2432 4538; x_wconf 82' lang='lat' dir='ltr'><strong>synagoga</strong></span> <span class='ocrx_word' id='word_1_772' title='bbox 2454 4467 2782 4537; x_wconf 87' lang='lat' dir='ltr'><strong>diviserunt,</strong></span> <span class='ocrx_word' id='word_1_773' title='bbox 2802 4462 2966 4543; x_wconf 82' lang='lat' dir='ltr'><strong>atque</strong></span> <span class='ocrx_word' id='word_1_774' title='bbox 2992 4475 3270 4545; x_wconf 69' lang='lat' dir='ltr'><strong>praeclaris</strong></span> <span class='ocrx_word' id='word_1_775' title='bbox 3298 4479 3405 4536; x_wconf 88' lang='lat' dir='ltr'><strong>illis</strong></span> <span class='ocrx_word' id='word_1_776' title='bbox 3426 4481 3542 4538; x_wconf 87' lang='lat' dir='ltr'><strong>for-</strong></span> 
     </span>
    </p>
   </div>
   <div class='ocr_carea' id='block_1_106' title="bbox 1962 4544 3537 4638">
    <p class='ocr_par' dir='ltr' id='par_1_106' title="bbox 1962 4544 3537 4638">
     <span class='ocr_line' id='line_1_106' title="bbox 1962 4544 3537 4638; baseline 0.013 -28"><span class='ocrx_word' id='word_1_777' title='bbox 1962 4557 2101 4638; x_wconf 81' lang='lat' dir='ltr'><strong>tium</strong></span> <span class='ocrx_word' id='word_1_778' title='bbox 2136 4558 2382 4613; x_wconf 85' lang='lat' dir='ltr'><strong>virorum</strong></span> <span class='ocrx_word' id='word_1_779' title='bbox 2400 4559 2558 4616; x_wconf 86' lang='lat' dir='ltr'><strong>factis</strong></span> <span class='ocrx_word' id='word_1_780' title='bbox 2576 4570 2774 4618; x_wconf 72' lang='lat' dir='ltr'><strong>caetera</strong></span> <span class='ocrx_word' id='word_1_781' title='bbox 2796 4544 3091 4623; x_wconf 77' lang='lat' dir='ltr'><strong>multitudo</strong></span> <span class='ocrx_word' id='word_1_782' title='bbox 3112 4568 3398 4627; x_wconf 88' lang='lat' dir='ltr'><strong>honestata</strong></span> <span class='ocrx_word' id='word_1_783' title='bbox 3427 4576 3537 4630; x_wconf 83' lang='lat' dir='ltr'><strong>est:</strong></span> 
     </span>
    </p>
   </div>
   <div class='ocr_carea' id='block_1_107' title="bbox 1968 4649 3539 4731">
    <p class='ocr_par' dir='ltr' id='par_1_107' title="bbox 1968 4649 3539 4731">
     <span class='ocr_line' id='line_1_107' title="bbox 1968 4649 3539 4731; baseline 0.015 -31"><span class='ocrx_word' id='word_1_784' title='bbox 1968 4668 1987 4700; x_wconf 81' lang='grc' dir='ltr'><strong>ι</strong></span> <span class='ocrx_word' id='word_1_785' title='bbox 2022 4649 2290 4706; x_wconf 87' lang='lat' dir='ltr'><strong>Dividctis</strong></span> <span class='ocrx_word' id='word_1_786' title='bbox 2306 4652 2475 4731; x_wconf 86' lang='lat' dir='ltr'><strong>enim,</strong></span> <span class='ocrx_word' id='word_1_787' title='bbox 2498 4673 2514 4704; x_wconf 76' lang='grc' dir='ltr'><strong>ι</strong></span> <span class='ocrx_word' id='word_1_788' title='bbox 2549 4654 2749 4725; x_wconf 91' lang='lat' dir='ltr'><strong>inquit,</strong></span> <span class='ocrx_word' id='word_1_789' title='bbox 2784 4676 2803 4709; x_wconf 76' lang='grc' dir='ltr'><strong>ι</strong></span> <span class='ocrx_word' id='word_1_790' title='bbox 2829 4660 3023 4730; x_wconf 90' lang='lat' dir='ltr'><strong>spolia,</strong></span> <span class='ocrx_word' id='word_1_791' title='bbox 3042 4668 3101 4715; x_wconf 89' lang='lat' dir='ltr'><strong>tu</strong></span> <span class='ocrx_word' id='word_1_792' title='bbox 3121 4672 3175 4718; x_wconf 85' lang='lat' dir='ltr'><strong>et</strong></span> <span class='ocrx_word' id='word_1_793' title='bbox 3197 4663 3425 4722; x_wconf 90' lang='lat' dir='ltr'><strong>Eleazar</strong></span> <span class='ocrx_word' id='word_1_794' title='bbox 3451 4682 3539 4723; x_wconf 88' lang='lat' dir='ltr'><strong>sa-</strong></span> 
     </span>
    </p>
   </div>
   <div class='ocr_carea' id='block_1_108' title="bbox 1960 4732 3543 4824">
    <p class='ocr_par' dir='ltr' id='par_1_108' title="bbox 1960 4732 3543 4824">
     <span class='ocr_line' id='line_1_108' title="bbox 1960 4732 3543 4824; baseline 0.012 -28"><span class='ocrx_word' id='word_1_795' title='bbox 1960 4742 2175 4808; x_wconf 89' lang='lat' dir='ltr'><strong>cerdos,</strong></span> <span class='ocrx_word' id='word_1_796' title='bbox 2191 4751 2248 4799; x_wconf 91' lang='lat' dir='ltr'><strong>et</strong></span> <span class='ocrx_word' id='word_1_797' title='bbox 2261 4745 2542 4816; x_wconf 90' lang='lat' dir='ltr'><strong>principes</strong></span> <span class='ocrx_word' id='word_1_798' title='bbox 2560 4732 2890 4805; x_wconf 83' lang='lat' dir='ltr'><strong>familiarum</strong></span> <span class='ocrx_word' id='word_1_799' title='bbox 2920 4767 3204 4824; x_wconf 61' lang='lat' dir='ltr'><strong>synagogas</strong></span> <span class='ocrx_word' id='word_1_800' title='bbox 3220 4796 3234 4820; x_wconf 90' lang='lat'><strong>,</strong></span> <span class='ocrx_word' id='word_1_801' title='bbox 3253 4763 3309 4811; x_wconf 88' lang='lat' dir='ltr'><strong>et</strong></span> <span class='ocrx_word' id='word_1_802' title='bbox 3332 4758 3543 4816; x_wconf 51' lang='lat' dir='ltr'><strong>divide.</strong></span> 
     </span>
    </p>
   </div>
   <div class='ocr_carea' id='block_1_109' title="bbox 1960 4836 3541 4919">
    <p class='ocr_par' dir='ltr' id='par_1_109' title="bbox 1960 4836 3541 4919">
     <span class='ocr_line' id='line_1_109' title="bbox 1960 4836 3541 4919; baseline 0.011 -29"><span class='ocrx_word' id='word_1_803' title='bbox 1960 4836 2031 4891; x_wconf 89' lang='lat' dir='ltr'><strong>tis</strong></span> <span class='ocrx_word' id='word_1_804' title='bbox 2061 4836 2235 4908; x_wconf 90' lang='lat' dir='ltr'><strong>spolia</strong></span> <span class='ocrx_word' id='word_1_805' title='bbox 2254 4837 2398 4894; x_wconf 91' lang='lat' dir='ltr'><strong>inter</strong></span> <span class='ocrx_word' id='word_1_806' title='bbox 2420 4839 2715 4897; x_wconf 86' lang='lat' dir='ltr'><strong>bellatores</strong></span> <span class='ocrx_word' id='word_1_807' title='bbox 2733 4857 2985 4914; x_wconf 86' lang='lat' dir='ltr'><strong>egressos</strong></span> <span class='ocrx_word' id='word_1_808' title='bbox 3002 4845 3068 4900; x_wconf 91' lang='lat' dir='ltr'><strong>ad</strong></span> <span class='ocrx_word' id='word_1_809' title='bbox 3086 4862 3345 4919; x_wconf 83' lang='lat' dir='ltr'><strong>pugnam,</strong></span> <span class='ocrx_word' id='word_1_810' title='bbox 3371 4859 3429 4905; x_wconf 86' lang='lat' dir='ltr'><strong>et</strong></span> <span class='ocrx_word' id='word_1_811' title='bbox 3458 4852 3541 4907; x_wconf 83' lang='lat' dir='ltr'><strong>in-</strong></span> 
     </span>
    </p>
   </div>
   <div class='ocr_carea' id='block_1_110' title="bbox 1960 4933 3538 5011">
    <p class='ocr_par' dir='ltr' id='par_1_110' title="bbox 1960 4933 3538 5011">
     <span class='ocr_line' id='line_1_110' title="bbox 1960 4933 3538 5011; baseline 0.012 -29"><span class='ocrx_word' id='word_1_812' title='bbox 1960 4936 2045 5007; x_wconf 81' lang='lat' dir='ltr'><strong>ter</strong></span> <span class='ocrx_word' id='word_1_813' title='bbox 2077 4944 2295 4984; x_wconf 90' lang='lat' dir='ltr'><strong>omnem</strong></span> <span class='ocrx_word' id='word_1_814' title='bbox 2334 4933 2864 5011; x_wconf 67' lang='lat' dir='ltr'><strong>congregationem‘.</strong></span> <span class='ocrx_word' id='word_1_815' title='bbox 2896 4955 2913 4987; x_wconf 75' lang='grc' dir='ltr'><strong>ι</strong></span> <span class='ocrx_word' id='word_1_816' title='bbox 2954 4936 3092 4993; x_wconf 90' lang='lat' dir='ltr'><strong>Fore</strong></span> <span class='ocrx_word' id='word_1_817' title='bbox 3125 4948 3309 4996; x_wconf 89' lang='lat' dir='ltr'><strong>autem</strong></span> <span class='ocrx_word' id='word_1_818' title='bbox 3331 4951 3538 5000; x_wconf 88' lang='lat' dir='ltr'><strong>utcum</strong></span> 
     </span>
    </p>
   </div>
   <div class='ocr_carea' id='block_1_111' title="bbox 1958 5019 3537 5106">
    <p class='ocr_par' dir='ltr' id='par_1_111' title="bbox 1958 5019 3537 5106">
     <span class='ocr_line' id='line_1_111' title="bbox 1958 5019 3537 5106; baseline 0.011 -32"><span class='ocrx_word' id='word_1_819' title='bbox 1958 5019 2273 5078; x_wconf 88' lang='lat' dir='ltr'><strong>lectissimis</strong></span> <span class='ocrx_word' id='word_1_820' title='bbox 2310 5023 2728 5095; x_wconf 87' lang='lat' dir='ltr'><strong>illustribusque</strong></span> <span class='ocrx_word' id='word_1_821' title='bbox 2764 5025 2898 5081; x_wconf 86' lang='lat' dir='ltr'><strong>viris</strong></span> <span class='ocrx_word' id='word_1_822' title='bbox 2932 5026 3155 5084; x_wconf 88' lang='lat' dir='ltr'><strong>laudem</strong></span> <span class='ocrx_word' id='word_1_823' title='bbox 3204 5030 3285 5087; x_wconf 92' lang='lat' dir='ltr'><strong>illi</strong></span> <span class='ocrx_word' id='word_1_824' title='bbox 3313 5049 3537 5106; x_wconf 86' lang='lat' dir='ltr'><strong>quoque</strong></span> 
     </span>
    </p>
   </div>
   <div class='ocr_carea' id='block_1_112' title="bbox 1959 5117 3537 5194">
    <p class='ocr_par' dir='ltr' id='par_1_112' title="bbox 1959 5117 3537 5194">
     <span class='ocr_line' id='line_1_112' title="bbox 1959 5117 3537 5194; baseline 0.011 -26"><span class='ocrx_word' id='word_1_825' title='bbox 1959 5124 2388 5186; x_wconf 89' lang='lat' dir='ltr'><strong>consequantur,</strong></span> <span class='ocrx_word' id='word_1_826' title='bbox 2421 5117 2623 5187; x_wconf 89' lang='lat' dir='ltr'><strong>quibus</strong></span> <span class='ocrx_word' id='word_1_827' title='bbox 2644 5118 2893 5174; x_wconf 83' lang='lat' dir='ltr'><strong>nonnihil</strong></span> <span class='ocrx_word' id='word_1_828' title='bbox 2914 5119 2980 5176; x_wconf 93' lang='lat' dir='ltr'><strong>ad</strong></span> <span class='ocrx_word' id='word_1_829' title='bbox 3000 5122 3262 5181; x_wconf 90' lang='lat' dir='ltr'><strong>virtutem</strong></span> <span class='ocrx_word' id='word_1_830' title='bbox 3281 5127 3457 5194; x_wconf 88' lang='lat' dir='ltr'><strong>deest,</strong></span> <span class='ocrx_word' id='word_1_831' title='bbox 3479 5136 3537 5185; x_wconf 87' lang='lat' dir='ltr'><strong>et</strong></span> 
     </span>
    </p>
   </div>
   <div class='ocr_carea' id='block_1_113' title="bbox 1959 5196 3538 5289">
    <p class='ocr_par' dir='ltr' id='par_1_113' title="bbox 1959 5196 3538 5289">
     <span class='ocr_line' id='line_1_113' title="bbox 1959 5196 3538 5289; baseline 0.011 -28"><span class='ocrx_word' id='word_1_832' title='bbox 1959 5208 2180 5264; x_wconf 89' lang='lat' dir='ltr'><strong>illorum</strong></span> <span class='ocrx_word' id='word_1_833' title='bbox 2215 5196 2381 5264; x_wconf 89' lang='lat' dir='ltr'><strong>animi</strong></span> <span class='ocrx_word' id='word_1_834' title='bbox 2404 5210 2747 5266; x_wconf 87' lang='lat' dir='ltr'><strong>nobilitatem</strong></span> <span class='ocrx_word' id='word_1_835' title='bbox 2766 5227 2795 5267; x_wconf 92' lang='lat' dir='ltr'><strong>a</strong></span> <span class='ocrx_word' id='word_1_836' title='bbox 2820 5221 2971 5287; x_wconf 85' lang='lat' dir='ltr'><strong>tergo</strong></span> <span class='ocrx_word' id='word_1_837' title='bbox 2988 5229 3319 5289; x_wconf 86' lang='lat' dir='ltr'><strong>sequuntur,</strong></span> <span class='ocrx_word' id='word_1_838' title='bbox 3340 5222 3538 5278; x_wconf 87' lang='lat' dir='ltr'><strong>beatus</strong></span> 
     </span>
    </p>
   </div>
   <div class='ocr_carea' id='block_1_114' title="bbox 1958 5303 3534 5374">
    <p class='ocr_par' dir='ltr' id='par_1_114' title="bbox 1958 5303 3534 5374">
     <span class='ocr_line' id='line_1_114' title="bbox 1958 5303 3534 5374; baseline 0.008 -18"><span class='ocrx_word' id='word_1_839' title='bbox 1958 5317 2178 5374; x_wconf 87' lang='lat' dir='ltr'><strong>quoque</strong></span> <span class='ocrx_word' id='word_1_840' title='bbox 2209 5303 2410 5358; x_wconf 86' lang='lat' dir='ltr'><strong>Paulus</strong></span> <span class='ocrx_word' id='word_1_841' title='bbox 2429 5303 2664 5359; x_wconf 91' lang='lat' dir='ltr'><strong>latenter</strong></span> <span class='ocrx_word' id='word_1_842' title='bbox 2681 5303 2962 5363; x_wconf 90' lang='lat' dir='ltr'><strong>indicavit.</strong></span> <span class='ocrx_word' id='word_1_843' title='bbox 2984 5310 3121 5365; x_wconf 89' lang='lat' dir='ltr'><strong>Nam</strong></span> <span class='ocrx_word' id='word_1_844' title='bbox 3150 5327 3274 5367; x_wconf 87' lang='lat' dir='ltr'><strong>cum</strong></span> <span class='ocrx_word' id='word_1_845' title='bbox 3305 5328 3534 5370; x_wconf 62' lang='lat' dir='ltr'><strong>enume«</strong></span> 
     </span>
    </p>
   </div>
   <div class='ocr_carea' id='block_1_115' title="bbox 1958 5391 3532 5473">
    <p class='ocr_par' dir='ltr' id='par_1_115' title="bbox 1958 5391 3532 5473">
     <span class='ocr_line' id='line_1_115' title="bbox 1958 5391 3532 5473; baseline 0.008 -25"><span class='ocrx_word' id='word_1_846' title='bbox 1958 5402 2131 5450; x_wconf 85' lang='lat' dir='ltr'><strong>rasset</strong></span> <span class='ocrx_word' id='word_1_847' title='bbox 2144 5394 2355 5465; x_wconf 87' lang='lat' dir='ltr'><strong>priscos</strong></span> <span class='ocrx_word' id='word_1_848' title='bbox 2369 5393 2493 5450; x_wconf 90' lang='lat' dir='ltr'><strong>illos</strong></span> <span class='ocrx_word' id='word_1_849' title='bbox 2514 5403 2838 5469; x_wconf 86' lang='lat' dir='ltr'><strong>sanctosque</strong></span> <span class='ocrx_word' id='word_1_850' title='bbox 2854 5401 3004 5458; x_wconf 87' lang='lat' dir='ltr'><strong>viros</strong></span> <span class='ocrx_word' id='word_1_851' title='bbox 3026 5403 3120 5473; x_wconf 89' lang='lat' dir='ltr'><strong>qui</strong></span> <span class='ocrx_word' id='word_1_852' title='bbox 3138 5391 3243 5459; x_wconf 84' lang='lat' dir='ltr'><strong>fide</strong></span> <span class='ocrx_word' id='word_1_853' title='bbox 3259 5420 3532 5461; x_wconf 63' lang='lat' dir='ltr'><strong>commen4</strong></span> 
     </span>
    </p>
   </div>
   <div class='ocr_carea' id='block_1_116' title="bbox 1959 5485 3527 5571">
    <p class='ocr_par' dir='ltr' id='par_1_116' title="bbox 1959 5485 3527 5571">
     <span class='ocr_line' id='line_1_116' title="bbox 1959 5485 3527 5571; baseline 0.008 -29"><span class='ocrx_word' id='word_1_854' title='bbox 1959 5485 2073 5542; x_wconf 84' lang='lat' dir='ltr'><strong>dati</strong></span> <span class='ocrx_word' id='word_1_855' title='bbox 2100 5485 2351 5552; x_wconf 81' lang='lat' dir='ltr'><strong>fuissent,</strong></span> <span class='ocrx_word' id='word_1_856' title='bbox 2372 5487 2578 5559; x_wconf 89' lang='lat' dir='ltr'><strong>quique</strong></span> <span class='ocrx_word' id='word_1_857' title='bbox 2597 5493 2878 5561; x_wconf 61' lang='lat' dir='ltr'><strong>praestanti</strong></span> <span class='ocrx_word' id='word_1_858' title='bbox 2914 5493 2969 5550; x_wconf 83' lang='lat' dir='ltr'><strong>in</strong></span> <span class='ocrx_word' id='word_1_859' title='bbox 2996 5496 3167 5552; x_wconf 87' lang='lat' dir='ltr'><strong>Deum</strong></span> <span class='ocrx_word' id='word_1_860' title='bbox 3186 5496 3386 5568; x_wconf 88' lang='lat' dir='ltr'><strong>pietate</strong></span> <span class='ocrx_word' id='word_1_861' title='bbox 3415 5497 3527 5571; x_wconf 69' lang='grc' dir='ltr'>αισι</span> 
     </span>
    </p>
   </div>
  </div>
