3968 6300
446 260 554 315 ἱέἷῦ

1483 257 1536 311 S.
1578 256 1852 313 CYRiLLl
1896 256 2368 313 ALEXANDRINI
2410 254 2728 311 ARCHIEP.

3630 256 3737 315 536

451 372 589 426 riam
607 371 877 427 illustrem
900 368 1003 424 sibi
1026 368 1494 439 comparavissent
1514 388 1525 423 :
1542 371 1649 426 «Ex
1680 371 1809 438 ﬁde,
1834 371 2027 443 inquit,

2144 371 2471 443 περιφανὴς,
2495 371 2601 426 ἀπό
2628 388 2692 439 γε
2719 371 2819 441 τῆς
2848 371 2929 434 είς
2949 369 3081 424 Θεὸν
3115 368 3378 442 duplici;
3410 371 3695 436 εὐσεεείας
3719 380 3732 392 ’

447 465 654 521 mortui
688 470 819 520 sunt
852 463 909 518 hi
939 478 1150 528 omnes,
1184 472 1241 517 et
1260 465 1370 517 no'n
1391 472 1724 535 acceperunt
1743 467 2041 537 repromis-

445 557 631 614 siones
653 599 666 624 ,
690 557 804 612 Deo
837 570 939 626 pro
961 555 1123 610 nobis
1142 554 1351 626 aliquid
1386 555 1586 612 melius
1602 557 1949 628 providente,
1972 574 2041 614 ne

446 651 565 707 sine
585 650 748 706 nobis
766 655 1222 705 consummentur
1241 647 1282 701 ³.
1322 666 1340 699 ›
1368 646 1575 704 Scribit
1592 649 1760 704 etiam
1781 650 1849 705 ad
1862 648 2000 706 alias
2024 668 2037 704 :

452 764 469 796 ι
496 745 617 801 Jam
653 742 884 814 perfecti
907 740 1066 806 estis,
1093 740 1214 796 sine
1233 740 1394 795 nobis
1428 741 1729 811 regnastis,
1753 751 1810 798 et
1826 742 2039 797 utinam

442 835 794 908 regnassetis,
817 840 880 889 ut
896 840 953 888 et
988 849 1089 888 nos
1111 848 1218 887 una
1237 847 1362 888 cum
1383 832 1540 887 vobis
1561 849 1923 905 regnaremus
1942 833 1963 865 ⁶
1987 835 2032 888 li

441 928 608 984 Vides
639 943 736 983 eos
764 926 860 997 qui
890 925 1086 981 Ordine
1115 933 1243 980 sunt
1281 925 1553 990 inferiori,
1576 925 1740 981 simul
1759 940 1884 981 cum
1908 941 2038 995 per-

439 1021 599 1076 fectis
632 1018 996 1091 perficiendos
1029 1032 1186 1084 esse;
1227 1032 1353 1072 cum
1390 1017 1610 1072 selectis
1646 1032 1865 1087 quoque
1902 1016 2040 1072 viris

441 1110 879 1176 benedicuntur,
907 1108 1003 1179 qui
1032 1122 1144 1162 non
1175 1122 1331 1177 teque
1359 1106 1574 1160 viribus
1615 1106 1813 1161 valent.
1850 1106 2039 1161 Psallit

437 1218 638 1277 nempe
676 1205 874 1259 beatus
892 1201 1093 1257 David:
1125 1220 1143 1252 ι
1172 1200 1454 1255 Benedicti
1476 1216 1577 1256 vos
1609 1215 1639 1255 a
1662 1199 1916 1263 Domino,
1941 1200 2037 1268 qui

438 1298 572 1354 fecit
601 1297 801 1353 etelum
838 1302 895 1350 et
932 1303 1169 1361 terram;
1213 1292 1495 1348 benedixit
1540 1291 1810 1347 Dominus
1847 1290 2037 1346 domui

439 1399 623 1445 Aaron
649 1407 663 1457 ;
693 1386 975 1444 benedixit
1007 1385 1273 1440 Dominus
1296 1384 1486 1439 domui
1523 1384 1692 1439 Israel
1716 1401 1731 1450 ;
1754 1383 2037 1439 benedixit

439 1482 706 1538 Dominus
728 1481 795 1536 iis
827 1479 920 1549 qui
949 1479 1143 1535 timent
1162 1493 1240 1542 se,
1259 1476 1475 1547 pusillis
1493 1493 1620 1533 cum
1643 1478 2028 1549 majoribus".i

439 1574 615 1630 Simul
649 1574 795 1629 enim
819 1588 943 1626 cum
970 1568 1271 1641 majoribus
1301 1567 1708 1624 benedicuntur
1736 1567 1769 1620 ii
1806 1567 1899 1638 qui
1934 1582 2037 1637 pu—

438 1667 547 1723 silli
585 1670 876 1728 vocantur,
912 1662 1005 1733 qui
1032 1660 1101 1715 de
1140 1660 1260 1730 pari
1304 1657 1628 1714 fortitudine
1665 1658 1888 1730 gloriari
1922 1673 2032 1712 non

2152 485 2169 515 (
2199 465 2357 518 Κατὰ
2380 463 2585 528 πίστιν,
2611 482 2629 514 ›
2657 465 2843 535 φησὶν,
2873 483 2891 515 ι
2920 463 3192 518 ἀπέθανον
3216 456 3360 516 οῦτοι
3384 462 3609 528 πάντες,
3644 466 3739 518 καὶ

2144 557 2243 610 οὐκ
2277 557 2605 628 ἐκομίσαντο
2633 556 2733 620 τὰς
2757 557 3112 625 ἐπαγγελίας,
3152 554 3249 610 τοῦ
3274 555 3411 610 Θεοῦ
3437 558 3735 630 περιὴμῶν

2144 647 2393 717 κρεῖττόν
2442 664 2494 701 τι
2549 646 3026 719 προϐλεψαμένου,
3087 646 3176 700 ῖνα
3234 646 3311 718 μὴ
3366 649 3538 719 χωρὶς
3575 649 3734 720 ἡμῶν

2140 739 2525 794 τελειωθῶσιν.
2566 760 2584 792 ι
2636 724 2973 795 Ἐπιστέλλει
3015 741 3074 794 δὲ
3110 740 3206 795 καὶ
3236 739 3478 811 ἑτέρως’
3532 760 3553 797 ‹
3590 743 3732 814 Ἤδη

2141 833 2551 935 τετελειωμένοι
2581 834 2706 887 ἐστέ
2728 851 2742 866 ·
2774 832 2946 906 χωρὶς
2989 832 3147 905 ἡμῶν
3180 833 3597 900 ἐϐασιλεύσατε,
3639 837 3734 890 καὶ

2142 924 2349 993 ὤφελόν
2379 924 2443 993 γὲ
2478 924 2872 980 ἐϐασιλεύσατε
2894 965 2908 988 ,
2941 925 3029 978 ἵνα
3058 925 3153 978 καὶ
3185 925 3348 995 ἡμεῖς
3374 926 3503 996 ὑμῖν
3531 926 3716 998 συμὸα

2145 1017 2501 1089 σιλεύσωμεν.
2546 1037 2564 1070 ι
2606 1019 2772 1089 Ὁρᾷς
2831 1018 2983 1081 ὅπως
3026 1015 3574 1086 συντελειωθήσονται
3622 1021 3733 1080 τοῖς

2141 1111 2198 1162 ἐν
2222 1108 2390 1173 τέλει,
2422 1112 2517 1164 καὶ
2544 1112 2593 1163 οἱ
2622 1110 2776 1176 τάξιν
2798 1110 3015 1181 ἔχοντες
3041 1110 3142 1182 τὴν
3177 1108 3416 1163 καταδεᾶ
3437 1147 3453 1172 ,
3483 1110 3577 1163 καὶ
3606 1120 3731 1163 συν-

2152 1198 2502 1269 ευλογοῦνται
2546 1203 2660 1264 τοῖς
2697 1199 3096 1272 ὲξειλεγμένοις
3135 1200 3186 1252 οἱ
3243 1199 3317 1270 μὴ
3370 1198 3493 1251 κατ’
3534 1199 3731 1263 αὐτοὺς

2138 1293 2446 1359 εύσθενεῖςς
2483 1294 2690 1348 Ψάλλει
2723 1295 2781 1348 δέ
2831 1312 2934 1348 που
2983 1293 3080 1348 καί
3125 1294 3153 1346 6
3205 1291 3493 1356 θεσπέσιος
3524 1291 3726 1368 δαϐίδ·

2145 1402 2164 1435 ι
2201 1382 2574 1454 Εύλογημένοι
2592 1385 2751 1453 ὑμεῖς
2774 1383 2851 1456 τῷ
2872 1383 3084 1456 Κυρίῳ,
3111 1381 3188 1452 τῷ
3205 1382 3490 1453 ποιήσαντι
3522 1382 3614 1435 τὸν
3640 1382 3728 1434 οὺς

2141 1470 2303 1543 ρανὸν
2341 1473 2437 1525 κα)⁸
2475 1475 2576 1544 τὴν
2603 1475 2709 1543 γῆν
2733 1490 2747 1504 ο
2778 1473 3044 1544 εὐλόγησε
3073 1473 3279 1542 Κύριος
3301 1471 3393 1526 τὸν
3419 1470 3564 1525 οἷκον
3605 1473 3725 1527 Ἀα-

2142 1564 2250 1634 ρών
2269 1580 2285 1595 ο
2314 1564 2578 1636 εὐλόγησε
2607 1566 2816 1638 Κύριος
2842 1566 2936 1620 τὸν
2972 1561 3122 1620 οἷκον
3173 1564 3390 1635 Ἰσραήλ
3419 1581 3431 1595 ·
3465 1565 3727 1636 εὐλόγησε

2144 1654 2356 1728 Κύριος
2397 1656 2526 1721 τοὺς
2560 1657 2931 1728 φοϐουμένους
2958 1657 3142 1721 αὐτὸν,
3173 1657 3301 1721 τοὺς
3328 1659 3558 1729 μικροὺς
3590 1658 3727 1728 μετὰ

438 1765 708 1827 possunt,
747 1753 953 1825 quique
991 1760 1122 1806 sunt
1170 1748 1337 1804 animi
1376 1749 1659 1803 alacritate
1703 1748 1770 1803 ad
1814 1748 2027 1804 labores

2137 1748 2249 1801 τῶν
2292 1749 2565 1819 μεγάλων.
2628 1769 2647 1801 ι
2698 1748 3158 1819 Συνευλογοῦνται
3205 1753 3319 1814 τοῖς
3372 1750 3632 1821 μεγάλοις
3678 1752 3726 1804 οἱ

439 1844 755 1901 tolerandos
816 1840 1129 1905 inferiores,
1187 1844 1305 1892 zelo
1363 1851 1496 1891 vero
1551 1843 1608 1891 et
1644 1836 1751 1892 fide
1806 1838 2035 1893 forsitan

437 1933 677 2004 :equales
698 1973 711 1998 ,
732 1939 896 2001 atque
931 1927 1252 1985 fortitudine
1290 1942 1389 1998 pro
1414 1942 1528 1981 suae
1567 1926 1845 1985 facultatis
1874 1930 2037 1985 modo

441 2026 600 2095 127
618 2023 899 2081 Christum
921 2021 1250 2078 exhilarant.
1266 2021 1340 2074 Ac
1365 2019 1574 2090 Moyses
1595 2032 1650 2075 et
1683 2020 1907 2076 Eleazar
1926 2037 2033 2077 non

436 2117 675 2173 absurde
698 2117 928 2188 ﬁguram
950 2123 1141 2170 tenent
1159 2111 1386 2177 Christi,
1411 2111 1503 2182 qui
1536 2111 1681 2166 idem
1705 2122 1759 2168 et
1779 2114 2036 2170 sacerdos

435 2218 520 2266 est
550 2218 604 2267 et
631 2209 933 2282 legislator,
970 2207 1365 2276 distribuitque
1389 2206 1590 2276 populo
1612 2206 1807 2277 spolia,
1831 2207 2036 2263 sanctis

436 2304 645 2375 angelis
662 2302 826 2357 simul
843 2299 1150 2356 astantibus
1173 2341 1185 2365 ,
1211 2313 1446 2369 quorum
1470 2299 1698 2370 figuram
1719 2307 1917 2369 gerunt
1954 2298 2033 2353 illi

438 2395 716 2469 principes
744 2391 1080 2446 familiarum
1109 2404 1414 2461 synagogae.
1437 2389 1516 2442 An
1543 2398 1598 2442 tu
1621 2385 1849 2444 minime
1874 2397 2032 2458 putas

436 2489 638 2543 multos
655 2501 778 2542 esse
798 2485 851 2539 in
875 2484 1038 2538 terris
1072 2488 1293 2536 sanctos
1314 2482 1538 2550 angelos
1561 2496 1591 2533 a
1614 2480 1723 2534 Deo
1759 2480 2029 2535 constitu-

439 2590 523 2636 tos
571 2578 641 2633 ad
677 2590 839 2646 opem
876 2573 1161 2630 ferendam
1205 2570 1482 2633 fidelibus,
1521 2586 1584 2624 ac
1622 2571 1852 2642 populos
1887 2586 2030 2643 quo-

432 2673 497 2730 da
510 2671 730 2727 mmodo
754 2667 1158 2725 moderandos?

507 2933 707 2989 PALL.
750 2933 864 3004 Ego
885 2945 1018 2986 vero
1046 2930 1221 3009 fateor
1254 2947 1265 2981 :
1298 2944 1398 2983 cur
1436 2928 1585 2983 enim
1617 2928 1852 2999 negem?

503 3026 663 3083 CYR.
700 3026 977 3081 Venturus
1003 3038 1035 3079 e
1064 3023 1205 3079 cmlo
1233 3018 1584 3092 exspeCtatur
1616 3020 1868 3077 Christus
1901 3035 2022 3077 cum

434 3119 641 3177 sanctis
675 3118 913 3190 angelis;
949 3126 1008 3173 et
1048 3116 1266 3173 sedebit
1308 3116 1365 3170 in
1400 3116 1529 3171 sede
1565 3114 1753 3183 gloriae
1796 3130 1929 3183 suae,
1961 3130 2027 3171 ac

433 3213 732 3270 distri‘buet
782 3210 946 3283 digna
995 3210 1196 3281 cuique
1246 3208 1488 3277 praemia.
1535 3212 1880 3279 honoresque
1928 3224 2026 3278 pro

431 3314 583 3364 recte
637 3305 913 3363 factorum
968 3305 1184 3359 ratione
1231 3302 1517 3373 rependet.
1578 3301 1812 3373 Ideoque
1860 3301 2026 3357 Isaias

430 3400 522 3456 ille
553 3398 773 3469 sapiens
800 3397 868 3452 de
897 3395 1118 3459 Christo
1155 3394 1329 3451 dicit:
1370 3413 1389 3447 ι
1436 3395 1731 3465 Propterea
1770 3394 1886 3465 ipse
1922 3394 2022 3450 do-

430 3491 735 3547 minabitur
777 3488 987 3556 multis,
1029 3497 1086 3544 et
1124 3486 1349 3542 fortium
1404 3485 1613 3541 dividet
1657 3485 1851 3555 spolia,
1892 3499 2021 3555 pro-

414 3580 621 3656 pterea
652 3566 801 3654 quod
841 3580 1044 3639 tradita
1083 3588 1170 3636 est
1210 3579 1263 3634 in
1312 3590 1541 3633 mortem
1577 3577 1756 3632 anima
1791 3578 1931 3650 ejus,
1967 3586 2024 3634 et

428 3691 556 3734 cum
602 3673 788 3745 nnpiis
832 3679 1119 3742 reputatus
1146 3679 1230 3725 est
1260 3671 1301 3724 ⁸.
1338 3690 1357 3722 ι
1400 3670 1504 3725 Per
1544 3668 1822 3724 Christum
1857 3669 2024 3741 igitur

430 3768 786 3838 prmmiorum
823 3764 1142 3818 distributio
1178 3766 1286 3829 tiet,
1319 3763 1412 3833 qui
1451 3772 1707 3831 tanquam
1748 3778 1845 3833 per
1875 3763 2022 3836 Moy-

429 3874 530 3915 sen
567 3867 624 3913 et
659 3858 886 3913 Eleazar
931 3854 1217 3927 figuratur.
1262 3855 1514 3910 Christus
1552 3854 1698 3910 enim
1745 3855 2020 3929 legislator

429 3960 517 4006 est
546 3950 709 4005 simul
739 3956 793 4004 et
830 3946 1094 4018 pontifex.

421 4040 429 4061 ’
499 4042 712 4098 PALL.
740 4038 958 4111 Optime
989 4039 1216 4094 dictum.
1259 4033 1267 4042 ’

500 4135 654 4191 (ΝΗ.
699 4132 767 4189 Si
803 4140 987 4188 autem
1022 4132 1495 4188 animadvertatur
1538 4149 1659 4203 quae
1696 4143 1909 4190 servata
1947 4135 2018 4191 sit

429 4231 486 4284 in
520 4226 907 4284 distribuendo
954 4226 1114 4293 ratio,
1147 4242 1216 4280 an
1257 4242 1363 4282 non
1400 4227 1760 4285 admiratione
1804 4228 2014 4301 dignis-

430 4321 567 4376 sima
603 4318 975 4392 judicabitur?

2141 1838 2466 1910 καλούμενοι
2491 1841 2698 1912 μικροὶ,
2731 1844 2790 1900 ὲν
2819 1839 2979 1913 ῥώμῃ
3003 1842 3102 1912 μὲν
3123 1843 3384 1913 ἐπαυχεῖν
3400 1843 3500 1896 οὐκ
3514 1842 3728 1914 ἔχοντες

2143 1928 2254 2001 ἴσῃ,
2307 1930 2403 1984 καὶ
2445 1934 2569 1995 ταῖς
2613 1934 2694 1996 είς
2744 1931 2807 1985 τὸ
2861 1933 3063 2003 χρῆναι
3096 1932 3397 2002 τληπαθεῖν
3425 1934 3726 2006 ἡττώμενοι

2140 2022 2494 2094 προθυμίαις,
2527 2024 2677 2096 ζήλῳ
2716 2024 2773 2078 δὲ
2806 2026 2950 2095 τάχα
2975 2026 3071 2079 καὶ
3099 2024 3278 2079 πίστει
3311 2027 3725 2097 παρισούμενοι,

2138 2116 2230 2168 καὶ
2254 2118 2375 2180 ταῖς
2392 2116 2537 2171 κατὰ
2556 2116 2784 2188 δύναμιν
2801 2117 2859 2170 εὑ
2868 2116 3134 2180 σθενείαις
3147 2119 3381 2188 Χριστὸν
3410 2119 3725 2192 εὐφραίνον-

2139 2222 2252 2270 τες.
2289 2208 2401 2260 Καὶ
2424 2207 2598 2272 τύπος
2631 2208 2697 2263 ἂν
2721 2204 2830 2263 εἷεν
2858 2210 3066 2279 Μωσῆς
3096 2227 3156 2263 τε
3187 2211 3282 2265 καὶ
3319 2210 3586 2284 Ἐλεάζαρ
3609 2212 3725 2276 ἐνὸς

2135 2295 2230 2349 τοῦ
2257 2297 2562 2370 ἀρχιερέως
2580 2315 2638 2352 τε
2661 2299 2757 2352 καὶ
2776 2299 3073 2370 νομοθέτου
3102 2301 3359 2373 Χριστοῦ,
3377 2301 3724 2373 διανέμοντος

2134 2388 2212 2460 τῷ
2238 2389 2352 2462 λαῷ
2381 2390 2451 2444 τά
2470 2390 2665 2455 σκῦλα,
2699 2408 2762 2444 συ
2771 2392 3239 2463 μπαρεστηκότων
3261 2394 3504 2463 ἀγγέλων
3525 2396 3721 2464 ἁγίων,

2134 2477 2211 2536 ὧν
2234 2482 2327 2536 καὶ
2359 2482 2530 2547 τύπος
2560 2478 2671 2536 εἷεν
2700 2482 2769 2536 ἂν
2804 2485 2854 2537 οἱ
2887 2484 3149 2554 ἄρχοντες
3190 2485 3296 2538 τῶν
3345 2486 3593 2558 πατριῶν
3626 2488 3723 2559 τῆς

2134 2576 2490 2647 συναγωγῆς.
2523 2577 2594 2628 Ἢ
2639 2577 2743 2631 οὐκ
2769 2573 2910 2630 εἶναι
2946 2579 3053 2650 φὴς
3081 2576 3308 2641 πολλοὺς
3340 2580 3445 2633 ,ἐπὶ
3484 2581 3588 2652 γῆς
3613 2581 3723 2636 τῶν

2132 2666 2303 2735 ἁγίων
2351 2667 2622 2737 ἀγγέλων,
2669 2668 2822 2739 παρὰ
2865 2668 3002 2722 Θεοῦ
3028 2670 3417 2741 τεταγμένους,
3464 2672 3547 2735 είς
3566 2688 3631 2742 γε
3660 2674 3720 2726 τὸ

2129 2760 2243 2812 δεῖν
2271 2764 2386 2825 τοῖς
2445 2763 2870 2817 πεπιστευκόσιν
2903 2763 3237 2834 ἐπικουρεῖν,
3271 2764 3364 2817 καὶ
3396 2764 3560 2818 οἱονεὶ
3589 2766 3717 2819 καθ-

2130 2852 2381 2923 ηγεῖσθαι
2412 2853 2558 2908 λαῶν
2584 2873 2598 2920 ;
2954 2912 2955 2915 η
3398 2863 3403 2867 ’

2204 2943 2415 2997 ΠΑΛΛ.
2453 2944 2622 3014 Φημί·
2662 2944 2780 3008 πῶς
2806 2945 2915 3016 γὰρ
2938 2944 3031 3010 ob;

2196 3033 2364 3087 ΚΥΡ.
2412 3034 2603 3101 Ἥξειν
2648 3034 2744 3088 ἀπ’
2794 3033 3029 3107 ούρανοῦ
3079 3037 3446 3108 προσδοκᾶται
3484 3038 3718 3109 Χριστὸς

2132 3123 2269 3194 μετὰ
2292 3124 2404 3178 τῶν
2433 3124 2604 3193 ἁγίων
2634 3125 2903 3194 ἀγγέλων,
2932 3126 3028 3179 καὶ
3056 3127 3329 3182 καθιεῖται
3358 3128 3455 3199 μὲν
3475 3130 3568 3184 ἐπὶ
3595 3129 3718 3202 096-

2128 3232 2218 3268 νου
2265 3214 2426 3286 δόξης
2476 3215 2664 3283 αὐτοῦ,
2724 3216 3062 3288 διανεμεῖται
3095 3218 3152 3272 δὲ
3206 3218 3422 3290 ἑκάστῳ
3462 3220 3534 3275 τὰ
3568 3222 3717 3294 αὐτῷ

2128 3309 2413 3381 πρέποντα
2434 3310 2594 3382 γέρα,
2620 3310 2715 3364 καὶ
2747 3310 3029 3380 ἀναλόγως
3055 3314 3169 3376 τοῖς
3203 3311 3593 3383 κατορθώμασι
3619 3313 3716 3376 τὰς

2125 3403 2329 3474 τιμάς⁸
2361 3402 2642 3474 τοιγάρτοι
2703 3406 2800 3457 καὶ
2843 3403 2871 3455 6
2916 3404 3079 3474 σοφὸς
3128 3405 3261 3476 ἡμῖν
3312 3406 3541 3471 Ἡσαΐας
3586 3409 3715 3479 περὶ

2124 3497 2366 3568 Χριστοῦ
2400 3514 2536 3567 φησι
2557 3515 2570 3528 ·
2607 3517 2625 3550 ι
2655 3497 2755 3552 Διὰ
2780 3497 2940 3552 τοῦτο
2967 3500 3133 3566 αὐτὸς
3166 3501 3443 3575 κυριεύσει
3483 3503 3714 3572 πολλῶν,

2126 3590 2221 3644 καὶ
2241 3588 2351 3645 τῶν
2380 3590 2615 3662 ἰσχυρῶν
2649 3593 2829 3661 μεριεῖ
2860 3590 3052 3658 σκῦλα,
3077 3592 3193 3647 ἀνθ’
3220 3587 3295 3650 ὧν
3322 3595 3599 3668 παρεδόθη
3631 3598 3713 3661 είς

2125 3680 2355 3737 θάνατον
2383 3682 2588 3755 ἡψυχὴ
2611 3682 2796 3747 αὑτοῦ,
2817 3685 2911 3738 καὶ
2939 3685 2996 3739 ὲν
3007 3688 3123 3751 τοῖς
3145 3687 3370 3759 ἀνόμοις
3388 3690 3664 3764 ἐλογίσθη.
3691 3712 3708 3743 ι

2137 3776 2228 3827 Ἑν
2251 3773 2476 3846 Χριστῷ
2497 3774 2788 3846 τοιγαροῦν
2831 3776 2864 3847 ή
2902 3776 3011 3831 τῶν
3037 3777 3259 3846 ἀγαθῶν
3278 3779 3714 3853 διανέμησις,ὡς

2122 3864 2181 3918 ὲν
2210 3864 2384 3936 Μωσῇ
2418 3881 2479 3917 τε
2530 3862 2626 3917 καὶ
2668 3863 2932 3936 Ἐλεάζαρ
2978 3867 3424 3938 ἐκτυπουμένων.
3466 3870 3709 3943 Νομοθέ-

2120 3975 2222 4030 της
2260 3959 2369 4029 γὰρ
2406 3960 2465 4012 ἐν
2486 3956 2667 4027 ταυτῷ
2701 3958 2794 4010 καὶ
2823 3958 3110 4029 ἀρχιερεὺς
3139 3961 3167 4012 6
3195 3960 3450 4032 Χριστός.

2193 4051 2410 4106 ΠΑΛΔ.
2452 4051 2689 4122 Ἀριστα
2721 4049 2880 4121 ἔφης.

2184 4142 2353 4195 ΚΥΡ.
2392 4141 2490 4204 Τίς
2521 4141 2578 4195 δὲ
2606 4140 2669 4212 δὴ
2694 4141 2787 4193 καὶ
2812 4141 2975 4206 αὐτὸς
2998 4143 3028 4194 6
3059 4142 3152 4197 τοῦ
3177 4145 3562 4218 διανείμασθαι
3588 4150 3709 4222 τρό-

2120 4251 2239 4300 πος,
2276 4230 2363 4306 ἆρ’
2398 4233 2522 4305 οὐχὶ
2548 4231 2851 4304 θαυμάζειν
2880 4233 3060 4302 ἄξιονς

496 4412 694 4469 PALL.
738 4412 881 4468 Sane
908 4414 1168 4483 quidem:
1194 4428 1349 4483 aequa
1379 4412 1526 4467 enim
1558 4424 1732 4484 parte,
1763 4415 1858 4484 qui
1894 4414 2014 4470 bel-

2184 4413 2394 4467 ΠΑΛΛ.
2430 4412 2582 4466 Πάνυ
2620 4412 2723 4484 μὲν
2754 4409 2869 4470 οὖν.
2912 4414 3002 4469 Ἑν
3033 4415 3121 4486 ἴσῃ
3152 4414 3262 4487 γὰρ
3289 4415 3454 4487 μοίρᾳ
3480 4417 3706 4489 τετίμηο

426 4503 541 4559 lum
574 4512 877 4574 gesserant,
910 4512 966 4559 et
995 4504 1089 4574 qui
1119 4503 1456 4566 resederant,
1492 4504 1677 4558 donati
1707 4513 1853 4559 sunt.

496 4594 655 4650 CYR.
690 4593 916 4649 Minime
952 4610 1085 4650 vero
1122 4610 1297 4663 aequa,
1324 4595 1571 4659 minime,
1595 4595 1854 4666 inquam;
1888 4595 2017 4651 licet

426 4684 626 4760 prada:
667 4686 837 4741 totius
884 4695 1097 4757 partem
1140 4686 1424 4741 dimidiam
1466 4686 1767 4753 habuerint
1803 4701 2013 4758 pugna-

428 4788 596 4845 tores,
637 4778 864 4834 alteram
898 4794 1030 4833 vero
1064 4778 1346 4833 dimidiam
1390 4787 1500 4833 tota
1543 4795 1813 4850 synagoga
1845 4798 1857 4832 :
1892 4779 2017 4833 uni—

425 4885 623 4928 versus
665 4886 903 4941 namque
949 4886 1216 4925 numerus
1259 4869 1498 4925 filiorum
1533 4872 1700 4926 Israel
1746 4887 2015 4926 summam

404 4971 812 5019 rsexcentorum
872 4964 1105 5018 millium
1164 4964 1473 5029 elliciebat,
1540 4965 1741 5020 additis
1793 4965 1861 5019 ad
1910 4964 2016 5019 tria

425 5056 599 5110 millia
652 5055 969 5126 quingentis
1019 5057 1450 5128 quinquaginta,
1503 5059 1750 5129 sejuneta
1795 5073 1863 5112 ex
1911 5058 2017 5113 hoc

425 5161 660 5201 numero
710 5156 872 5216 atque
921 5158 1173 5219 exempta
1220 5165 1431 5204 summa
1477 5150 1646 5205 sacris
1691 5148 2014 5204 ministeriis

400 5238 622 5293 dicatae
684 5239 917 5295 tribus:
972 5256 1238 5297 numerus
1294 5251 1476 5297 autem
1531 5251 1649 5295 erat
1701 5240 2020 5309 aptissimus

424 5345 623 5401 pugnre
652 5345 763 5386 non
794 5332 966 5403 major
991 5349 1154 5403 quam
1181 5334 1393 5389 milleni
1426 5349 1524 5404 per
1551 5332 1791 5402 singulas
1820 5331 2014 5388 tribus.

424 5422 628 5494 Spoliis
670 5424 836 5496 igitur
882 5426 939 5482 in
984 5442 1172 5497 aequas
1211 5428 1494 5498 portiones
1518 5424 1854 5491 distributis,
1889 5442 2016 5483 cum

424 5515 695 5574 universa:
730 5520 928 5588 praedae
971 5520 1198 5576 dimidia
1247 5535 1376 5588 pars
1410 5517 1633 5589 utrique
1673 5517 2016 5575 multitudini

2123 4522 2212 4559 ται
2243 4504 2321 4575 τῷ
2355 4504 2580 4576 μαχίμῳ
2609 4505 2670 4559 τὸ
2692 4504 2954 4577 ἠρεμοῦν.

2186 4599 2352 4653 ΚΥΡ.
2386 4600 2501 4651 Οὐκ
2534 4596 2624 4668 ἴση
2656 4598 2755 4668 μὲν
2783 4593 2898 4661 οῦν,
2938 4598 3137 4653 πολλοῦ
3168 4617 3233 4670 γε
3262 4599 3359 4655 καὶ
3387 4600 3489 4665 δεῖ,
3523 4599 3627 4655 κᾶν
3661 4600 3707 4654 εί

2119 4689 2220 4761 τὴν
2277 4689 2369 4743 τοῦ
2423 4688 2625 4752 παντὸς
2659 4689 2916 4759 ἡμίσειαν
2971 4690 3070 4762 ἔχῃ
3119 4691 3180 4745 τὸ
3226 4692 3485 4762 μάχιμον,
3523 4693 3626 4765 τὴν
3654 4693 3706 4747 δὲ

2120 4781 2312 4851 ἑτέραν
2333 4780 2588 4852 ἡμίσειαν
2616 4781 2648 4852 ή
2683 4781 2832 4834 πᾶσα
2866 4784 3185 4854 συναγωγή*
3218 4782 3439 4853 σύμπας
3472 4784 3572 4855 μὲν
3599 4783 3704 4856 γάρ

2119 4870 2228 4924 τῶν
2265 4870 2326 4936 ἐξ
2383 4870 2602 4943 Ἰσραὴλ
2637 4871 2665 4923 6
2698 4872 2929 4943 ἀριθμὸς
2976 4875 3055 4936 είς
3105 4874 3396 4941 ἑξακοσίας
3452 4876 3702 4946 χιλιάδας

2087 4999 2091 5003 ρ
2117 4959 2210 5035 ἦν,
2242 4964 2338 5018 καὶ
2370 4964 2763 5028 πεντακοσίους
2794 4966 3133 5036 πεντήκοντα
3174 4970 3309 5038 πρὸς
3349 4970 3699 5041 τρισχιλίους.

2118 5058 2221 5109 ἀνὰ
2253 5055 2419 5126 μέρος
2442 5054 2609 5126 οὔσης
2643 5057 2737 5109 καὶ
2769 5054 3118 5129 ἐξῃρημένης
3157 5057 3254 5112 τοῦ
3280 5059 3585 5129 καταλόγου
3611 5062 3703 5130 τῆς

2121 5147 2506 5218 ίερατευούσης
2539 5147 2730 5218 φυλῆς.
2765 5148 2982 5219 Πληθὺς
3008 5149 3066 5204 δὲ
3099 5147 3166 5221 ἦν
3196 5152 3583 5224 μαχιμωτάτη,
3621 5152 3701 5224 χί-

2116 5240 2220 5294 λιοι
2266 5240 2405 5294 κατὰ
2450 5240 2645 5312 φυλήν.
2709 5242 2798 5296 Ἐν
2850 5243 2950 5312 ἴσῳ
3001 5242 3065 5313 δὴ
3107 5240 3200 5297 οὖν
3239 5244 3700 5316 διαμοιρηθέντων

2114 5332 2223 5386 τῶν
2258 5331 2491 5395 σκύλων,
2524 5334 2618 5386 καὶ
2643 5334 2742 5405 τὴν
2767 5333 2862 5387 τοῦ
2908 5335 3106 5399 παντὸς
3139 5328 3395 5407 ἡμίσειαν
3435 5336 3699 5407 ἑκατέρας

2114 5425 2386 5498 λαχούσης
2422 5425 2685 5495 πληθύος,
2715 5428 2773 5482 ὲν
2812 5427 2994 5498 πολλῷ
3027 5428 3234 5483 πλείονι
3264 5424 3376 5494 τοῖς
3400 5430 3693 5489 ἐλάττοσιν.

2114 5522 2170 5573 αί
2207 5519 2389 5589 τιμαὶ,
2417 5519 2511 5573 καὶ
2543 5518 2666 5591 οὐχὶ
2686 5521 2801 5584 τοῖς
2823 5518 3035 5575 πλείοσι
3066 5522 3161 5577 καὶ
3192 5522 3614 5594 ὑπερκείμένοις
3640 5519 3705 5600 ἐν¹

493 5703 514 5734 ⁸
540 5702 712 5759 Hebr.
748 5718 823 5769 χι,
862 5702 951 5757 39.
1031 5702 1094 5756 ⁸1
1119 5700 1246 5758 Cor.
1272 5717 1345 5768 tv,
1383 5701 1435 5755 8.
1514 5704 1533 5736 τ
1560 5704 1702 5760 Psal.
1742 5720 1888 5774 cxnt,
1938 5706 2022 5774 l2,

2135 5753 2138 5764 .
2220 5712 2240 5743 ⁸
2281 5711 2383 5765 lsa.
2428 5725 2538 5776 Llll,
2584 5713 2670 5766 19..
