3968 6300
227 308 328 369 357

958 309 1019 365 1E
1058 308 1497 367 ADORATIONE
1534 313 1602 368 IN
1643 314 1831 371 SPIRI'

1953 314 2041 369 ΕΤ
2080 312 2447 368 νΕιιιΤΑΤΕ.
2487 314 2616 368 LIB.
2656 315 2744 370 IV.

3383 315 3485 369 I358

231 427 471 501 ἀριθμῷ.
506 424 716 482 Οὐκοῦν
749 427 870 498 ἥτις
918 429 1049 481 ποτέ
1091 430 1240 482 ἔστιν
1289 432 1322 500 ἡ
1376 431 1539 485 παντὶ
1585 430 1663 503 τῷ
1696 432 1809 503 λαῷ

1937 433 2245 506 :ontigisset,
2277 433 2452 488 multo
2489 432 2644 502 plura
2685 431 2906 500 praemia
2950 433 3235 501 pauciores
3276 432 3486 489 habue-

229 520 567 591 δοθησομένη
614 518 740 584 δόξα
794 518 937 573 κατά
981 522 1225 592 καιρούς,
1277 522 1372 575 καὶ
1416 522 1514 591 τῆς
1558 522 1808 593 οὐρανίου

231 606 441 677 δωρεᾶς
466 605 528 660 τὸ
552 606 768 677 μέτρον,
798 607 1002 679 ταύτης
1028 610 1061 678 ἡ
1082 608 1315 680 ἀκριϐὴς
1342 610 1505 664 οἱονεί
1534 628 1650 675 πως
1680 612 1810 681 ἡμί-

237 714 356 751 σεια
406 700 520 761 τοῖς
560 697 961 768 ὲξειλεγμένοις
1007 700 1509 773 άπονεμηθὴσεται,
1566 703 1664 756 καὶ
1711 694 1837 774 τῆς’

236 788 386 855 θείας
416 789 757 860 ἐπισκέψεως
775 791 957 855 ἀξίους
981 792 1139 854 ὄντας
1169 793 1393 858 ἑαυτοὺς
1419 791 1780 861 ἀποφαίνουσι
1798 809 1812 823 ⁸

235 880 333 950 τῆς
360 880 420 933 δὲ
454 881 649 952 ἑτέρας
674 882 930 952 ἡμισείας
982 881 1059 954 τῷ
1100 882 1263 937 παντὶ
1291 883 1486 954 πλήθει
1517 883 1816 955 δοθησομέ-

251 989 356 1042 mc,
374 972 554 1027 καίτοι
581 972 993 1027 πλεονεκτοῦντι
1008 974 1258 1029 τοσοῦτον
1273 976 1331 1029 ἐν
1356 974 1597 1048 ἀριθμῷο
1628 995 1647 1028 ι
1679 977 1817 1030 Πολ⁸
1850 985 1855 991 ⁷

238 1062 321 1116 λοὶ
335 1064 445 1135 γάρ
472 1065 578 1118 είσι
597 1063 807 1136 κλητοὶ,
827 1064 996 1135 ὀλίγοι
1016 1065 1072 1119 δὲ
1097 1065 1343 1121 ἐκλεκτοί
1367 1084 1389 1121 ι
1418 1104 1433 1122 .
1462 1106 1476 1121 .
1508 1107 1523 1122 .
1554 1107 1568 1123 .
1606 1108 1621 1125 .
1651 1068 1818 1140 βαθὺς

238 1153 349 1225 γὰρ
376 1156 406 1208 ό
435 1156 612 1225 λόγος.

1912 532 2062 590 runt,
2099 538 2264 594 quam
2294 523 2409 587 alii,
2441 523 2534 592 qui
2574 523 2760 592 plures
2786 531 2961 586 erant,
2988 530 3046 577 et
3072 538 3301 579 numero
3328 524 3487 594 longe

1914 615 2245 684 superiores.
2277 614 2447 685 Igitur
2484 628 2825 683 quaecunque.
2864 609 2953 666 illa
2990 621 3077 667 cst
3110 613 3280 683 gloria
3330 629 3486 668 men-

1915 720 2155 775 suraque
2197 705 2331 760 doni
2368 706 2625 771 cmlcstis,
2659 720 2781 775 quae
2816 718 2915 758 suo
2952 711 3198 774 tempore
3234 705 3490 759 universo

1914 797 2119 867 populo
2158 797 2402 864 dabitur,
2439 799 2560 869 ejus
2605 814 2730 867 pars
2769 795 2996 852 dimidia
3040 796 3192 851 velut
3242 793 3493 865 diligenti

1914 888 2128 944 ratione
2174 888 2347 944 divisa
2389 890 2607 945 selectis
2645 889 2778 944 viris
2828 888 2924 963 qui
2970 904 3030 943 se
3066 886 3252 943 divina
3307 887 3493 955 inspe-

1915 978 2097 1034 ctione
2140 979 2335 1051 dignos
2379 981 2772 1051 praestiterunt,
2818 981 3120 1047 tribuetur;
3161 979 3332 1034 altera
3370 992 3497 1048 pars

1917 1067 2146 1124 dimidia
2204 1070 2475 1127 universae
2539 1071 2878 1127 multitudini
2946 1071 3195 1137 dabitur,
3248 1067 3499 1141 quamvis

1917 1176 1984 1217 ea
2040 1162 2338 1218 multitudo
2390 1181 2622 1221 numero
2668 1166 2738 1219 sit
2776 1165 2937 1236 longe
2982 1165 3155 1235 major
3205 1181 3218 1217 :
3272 1183 3290 1214 ι
3342 1159 3499 1216 Multi

243 1247 391 1303 enim
446 1248 648 1315 vocati,
694 1250 853 1320 pauci
889 1266 1020 1307 vero
1054 1251 1216 1308 electi
1242 1251 1282 1306 '.
1321 1271 1341 1305 ι
1394 1251 1479 1307 An
1512 1268 1583 1308 ne
1645 1251 1903 1324 intelligis
1940 1255 2088 1325 quod
2144 1255 2301 1311 dico?
2356 1272 2481 1311 nam
2536 1257 2825 1314 obscurius
2869 1265 2953 1312 est
2994 1256 3295 1326 aliquanto,
3350 1251 3501 1325 quod

243 1339 501 1397 diximus.

312 1436 825 1509 ΠΑΛΛμΣυνίημι.
879 1439 944 1492 Ei
996 1438 1104 1510 γὰρ
1149 1441 1245 1495 καὶ
1306 1439 1522 1511 μέτοχοι
1578 1440 1678 1511 τῆς
1710 1439 1818 1493 τῶν

244 1527 415 1595 ἁγίων
451 1528 688 1599 ἐσόμεθα
715 1530 893 1601 δόξης,
932 1530 1049 1585 ἀλλ’
1098 1527 1192 1585 οὖν
1243 1533 1301 1587 ὲν
1359 1532 1567 1604 μείοσιν
1612 1532 1645 1602 ἢ
1697 1531 1820 1585 κατ’

247 1618 464 1685 αὐτούς’
511 1621 663 1675 τουτὶ
705 1621 816 1695 γὰρ
841 1624 975 1696 ἡμῖν
999 1625 1029 1679 ό
1062 1622 1219 1694 λόγος
1247 1625 1276 1677 ό
1314 1624 1404 1690 σὸς
1434 1624 1534 1679 οὐκ
1561 1622 1821 1696 ἀμυδρῶς

247 1714 643 1771 ύπαινίττεται.

314 1803 481 1858 ΚΥΡ.
523 1804 728 1878 Ὀρθῶς
749 1805 908 1877 ἔφης.
927 1806 1037 1863 Θέα
1060 1809 1117 1862 δὲ
1132 1808 1195 1880 δὴ
1212 1809 1349 1881 πρὸς
1372 1808 1582 1872 τούτοις
1611 1808 1817 1880 ἕτερον,

242 1895 311 1950 δι’
338 1890 399 1951 οὗ
430 1898 666 1968 μάλιστα
698 1899 808 1952 τῶν
830 1900 1229 1974 ἀνδριζομένων
1260 1900 1358 1975 τὴν
1404 1903 1483 1965 είς
1512 1901 1643 1955 Θεὸν
1677 1902 1824 1975 παρ-

246 1986 447 2057 ρησίαν
482 1987 706 2042 εὔκολον
743 1990 891 2046 ίδεϊν.
968 2030 976 2043 .

313 2078 527 2133 ΠΑΛΛ.
568 2081 642 2134 Τὸ
672 2081 723 2136 τί
755 2080 811 2135 δι
842 2082 989 2154 φήςς

313 2170 488 2224 ΚΥΡ.
524 2169 637 2236 Τάς
660 2172 758 2242 μὲν
786 2173 896 2245 γὰρ
920 2174 1244 2229 δυοκαίδεκα
1268 2174 1512 2245 χιλιάδας
1539 2175 1647 2230 τῶν
1677 2175 1831 2230 πολε-

250 2261 485 2330 μιστῶν,
514 2263 628 2318 ἀπὸ
655 2266 753 2335 τῆς
787 2265 883 2319 τοῦ
930 2267 1133 2341 παντὸς
1170 2268 1424 2339 ἡμισείας
1455 2268 1556 2338 τῆς
1590 2269 1827 2340 ὲκνεμη-

248 2353 438 2423 θείσης
466 2354 650 2417 αὐτοῖς
677 2356 1073 2426 προσκομίζειν
1101 2358 1438 2428 προστέταχε
1480 2358 1559 2429 τῷ
1583 2360 1832 2429 ἀρχιερεῖ

252 2447 386 2516 μίαν
440 2447 682 2520 κεφαλὴν
715 2449 824 2508 ἀπὸ
859 2449 1250 2514 πεντακοσίων,
1294 2450 1352 2503 ἐν
1378 2466 1439 2502 τε
1477 2453 1590 2514 τοῖς
1620 2449 1829 2520 ἀνθρώ-

250 2555 376 2602 ποις
407 2539 503 2593 καὶ
547 2542 605 2593 ὲν
638 2543 747 2605 τοῖς
804 2540 1029 2612 κτήνεσι
1050 2556 1064 2571 ·
1106 2541 1203 2595 καὶ
1251 2539 1412 2594 τοῦτο
1438 2536 1504 2612 ἦν
1535 2541 1717 2604 αὐτοῖς
1752 2539 1831 2610 τῷ

253 2630 445 2701 Κυρίῳ
483 2630 544 2684 τὸ
568 2631 739 2696 τέλος.
786 2631 1004 2703 Πληθύν
1046 2649 1109 2701 γε
1155 2632 1261 2704 μὴν
1291 2633 1389 2702 τὴν
1427 2632 1642 2704 ἑτέραν,
1701 2632 1831 2701 μίαν

249 2722 431 2793 ψυχὴν
474 2723 580 2776 ἀπὸ
628 2724 989 2795 πεντήκοντα,
1038 2726 1104 2795 τῇ
1137 2724 1265 2795 ἱερᾷ
1307 2723 1447 2795 φυλῇ
1496 2721 1829 2776 καταθέσθαι

246 2814 362 2869 δεῖν
397 2815 680 2869 ἐδικαίωσε
711 2816 936 2887 Κύριος.
981 2814 1407 2878 Ἀνατυποῦντος
1431 2814 1487 2868 δὲ
1510 2813 1674 2868 πάλιν
1696 2815 1830 2884 ἡμῖν

249 2906 349 2960 τοῦ
385 2906 648 2980 Ἐλεάζαρ
666 2910 750 2977 ἐφ’
777 2907 975 2980 ἑαυτῷ,
995 2907 1086 2961 τὸν
1111 2908 1206 2961 ἕνα
1225 2924 1283 2960 τε
1311 2909 1404 2961 καὶ
1435 2907 1501 2977 μό
1514 2923 1592 2959 δον
1615 2904 1829 2972 ἀληθῶς

251 2999 540 3070 ἀρχιερέα,
582 2999 836 3054 τουτέστι
864 2999 1123 3071 Χριστὸν,
1154 2998 1449 3068 ἐξαιρέτως
1488 2999 1586 3052 καὶ
1613 2995 1830 3068 ἀληθῶς

253 3090 350 3144 καὶ
381 3091 546 3146 οἱονεί
571 3109 689 3156 πως
710 3091 860 3162 αὐτῷ
884 3091 1026 3146 κατά
1054 3090 1347 3162 πρόσωπον
1379 3089 1580 3155 ίδικῶς,
1610 3088 1831 3143 ἀνακεί⁴

254 3199 410 3237 σεται
433 3181 543 3237 τῶν
558 3181 947 3253 ὲξειλεγμένων
964 3183 998 3253 ἡ
1017 3182 1345 3254 δωροφορία’
1366 3180 1517 3251 αὐτῷ
1530 3181 1639 3251 γὰρ
1661 3196 1831 3251 προσ-

252 3273 474 3345 ἁγουσι,
501 3273 928 3346 μεσολαϐοῦντος
968 3274 1214 3337 ούδενός’
1262 3273 1291 3327 ὃ
1337 3273 1401 3344 δὴ
1435 3272 1530 3326 καὶ
1571 3271 1740 3343 ἔδρων
1784 3271 1831 3323 οἱ

256 3363 522 3436 μακάριοι
566 3363 827 3435 μαθηταὶ,
872 3362 1041 3435 δρῶσι
1088 3362 1144 3415 δὲ
1185 3361 1264 3416 ἔτι
1319 3360 1415 3415 καὶ
1458 3360 1554 3413 νῦν
1599 3361 1649 3414 οί
1690 3358 1833 3412 λαῶν

252 3457 568 3529 ἡγούμενοι,
606 3460 734 3523 τοὺς
766 3458 859 3510 ἐπὶ
897 3458 973 3528 τῷ
1006 3456 1132 3524 θείῳ
1162 3455 1479 3527 κηρύγματι
1513 3454 1708 3518 πόνους
1740 3454 1836 3507 ἱει-

256 3550 350 3604 κὸν
380 3550 638 3621 ἀνάθημα
672 3549 987 3621 ποιούμενοι
1011 3548 1089 3619 τῷ
1119 3545 1373 3618 Χριστῷ·
1399 3547 1432 3616 ἡ
1461 3545 1519 3598 δὲ
1548 3544 1710 3614 ἑτέρα
1730 3542 1835 3598 τῶν

255 3642 688 3712 εὐδοκιμούντων
721 3642 931 3713 πληθὺς
962 3642 1198 3694 ποιεῖται
1240 3636 1338 3707 μὲν
1373 3636 1471 3700 τὰς
1496 3634 1836 3706 δωροφορίας

254 3734 334 3796 είς
348 3730 510 3797 δόξαν
540 3730 798 3804 Χριστοῦ,
826 3726 965 3801 πλὴν
997 3728 1088 3782 διὰ
1116 3727 1302 3798 μέσον,
1339 3725 1607 3795 κειμένων
1642 3723 1833 3790 ἁγίων,

256 3823 330 3888 ὡς
341 3823 400 3877 ἐν
419 3840 485 3893 γε
503 3826 568 3894 τῇ
590 3824 711 3894 ἱερᾷ
730 3822 870 3894 φυλῇ
893 3820 1217 3891 νοουμένων
1243 3818 1456 3888 εἴρηται
1486 3815 1593 3888 γάρ
1609 3833 1622 3847 ·
1637 3836 1655 3867 ι
1677 3816 1835 3879 Γένος

257 3913 536 3978 ἐκλεκτὸν,
578 3912 845 3982 βασίλειον
887 3912 1205 3984 ἱεράτευμα.
1245 3928 1265 3961 ι
1301 3906 1509 3963 Οὐκοῦν
1542 3906 1628 3960 διὰ
1658 3907 1835 3978 μέσων

256 4004 429 4075 ἁγίων
456 4007 490 4075 ἡ
516 4007 595 4069 είς
619 4004 750 4058 Θεὸν
795 4003 960 4066 αἰδὼς
990 4004 1084 4057 καὶ
1110 4000 1170 4056 τὸ
1197 4000 1360 4063 σέὸας
1392 3999 1595 4065 αὐτῶν,
1628 4015 1835 4069 καρπο-

257 4096 569 4167 φορούντων
606 4098 727 4168 μὲν,
763 4098 824 4150 ού
870 4095 977 4167 μὴν
1012 4095 1321 4165 ἀνήκουσαν
1353 4090 1538 4154 ίδικῶς
1574 4091 1653 4162 τῷ
1670 4107 1829 4164 προσ·

258 4187 392 4258 ὡπῳ
422 4187 660 4258 Χριστοῦ
712 4186 1053 4256 ποιουμένων
1092 4185 1190 4255 τὴν
1221 4182 1585 4255 δωροφορίαν.
1628 4181 1836 4235 ὐποῖόν

258 4297 309 4334 τι
339 4278 641 4352 κατορθοῦν
679 4278 1011 4342 ἐσπούδαζον
1041 4280 1091 4335 οἱ
1133 4279 1230 4341 τὰς
1261 4276 1603 4347 καλουμένας
1651 4275 1838 4344 λογίας

261 4370 659 4441 συμφέροντες,
696 4369 790 4423 καὶ
812 4353 1087 4432 διακονίας
1117 4367 1429 4437 πέμποντες
1457 4369 1568 4429 τοῖς
1588 4365 1762 4434 ἁγίοις
1781 4367 1838 4420 ὲν

270 4460 708 4534 Ίερουσαλὴμ,ἢ
741 4461 837 4514 καὶ¹
864 4460 933 4514 δι’
973 4458 1510 4530 ἡστινοσοῦνέτέρας
1544 4457 1839 4528 θεραπείας

255 4553 640 4623 ἀνακτώμενοι
682 4554 807 4621 τοὺς
859 4552 1252 4623 ἀνακειμένους
1310 4551 1448 4622 Θεῷ.
1512 4550 1702 4604 Ἰδικδν
1745 4546 1837 4605 οὖν

1990 1438 2189 1495 PALL.
2247 1438 2518 1511 Intelligo.
2573 1439 2710 1494 Nam
2777 1437 2881 1494 etsi
2937 1445 3253 1494 sanctorum
3317 1436 3503 1508 gloriae

1927 1529 2091 1600 128
2119 1545 2311 1587 sumus
2363 1530 2535 1586 futuri
2579 1530 2897 1601 participes,
2950 1536 3192 1586 attamen
3241 1530 3503 1600 pauciora

1920 1637 2083 1691 quam
2106 1622 2184 1677 illi
2204 1639 2607 1696 consequemur
2636 1643 2648 1677 :
2673 1624 2727 1679 id
2750 1624 2899 1680 enim
2925 1623 3085 1679 nobis
3106 1619 3250 1678 haud
3270 1622 3503 1677 obscure

1926 1721 2021 1771 tua
2049 1714 2292 1771 insinuat
2320 1718 2514 1772 oratio.

1999 1805 2157 1861 CYR.
2196 1807 2364 1863 Recte
2400 1808 2499 1864 ais.
2540 1808 2649 1864 Sed
2688 1808 2915 1864 adverte
2944 1806 3094 1864 aliud
3130 1815 3416 1877 praeterea,
3449 1802 3505 1856 in

1929 1913 2041 1966 quo
2090 1900 2325 1956 maxime
2374 1900 2619 1956 virorum
2656 1909 3010 1957 strenuorum
3060 1901 3120 1955 in
3161 1899 3337 1954 Deum
3367 1896 3508 1951 ﬁdu-

1930 1987 2071 2043 ciam
2110 1987 2299 2042 videre
2332 1988 2494 2045 facile
2532 1990 2730 2061 possis.

2000 2078 2199 2134 PALL.
2240 2080 2384 2147 Quid
2425 2082 2559 2138 illud
2595 2084 2713 2139 est?

1999 2171 2156 2229 CYR.
2197 2173 2312 2229 Illis
2356 2191 2596 2255 namque
2640 2175 2932 2232 duodecim
2976 2183 3345 2246 pugnatorum
3384 2171 3509 2225 mil-

1929 2263 2077 2319 libus
2125 2279 2201 2319 ex.
2248 2264 2343 2319 illa
2391 2267 2562 2321 totius
2612 2266 2808 2336 praedae
2872 2265 3101 2322 dimidia
3169 2272 3323 2336 parte
3392 2276 3514 2331 qua:

1931 2356 2066 2427 ipsis
2111 2356 2318 2411 tributa
2366 2356 2565 2422 fuerat,
2612 2357 2826 2430 singula
2877 2374 2909 2413 e
2963 2356 3280 2427 quingentis
3335 2352 3515 2423 capita

1933 2458 2042 2504 tam
2085 2465 2153 2504 ex
2196 2449 2518 2505 hominibus
2562 2466 2726 2520 quam
2761 2467 2831 2505 ex
2870 2449 3164 2521 pecoribus
3206 2446 3405 2502 all‘erre
3446 2443 3514 2499 ad

1931 2539 2249 2610 pentiﬁcem
2271 2540 2466 2611 jussit;
2503 2540 2560 2594 id
2588 2552 2708 2595 erat
2742 2540 2853 2595 illis
2894 2539 3086 2594 tributi
3123 2538 3244 2593 loco
3282 2535 3515 2590 Domino

1932 2629 2291 2684 solvendum:
2350 2630 2446 2685 sed
2508 2630 2919 2686 multitudinem
2977 2631 3205 2685 alteram
3242 2627 3452 2683 animas
3485 2641 3517 2681 θ

1933 2720 2337 2792 quinquagenis
2384 2722 2642 2793 singulas
2711 2722 2882 2777 tribui
2948 2737 3118 2777 sacrae
3164 2729 3227 2776 ut
3280 2719 3518 2774 solveret

1933 2802 2199 2868 Dominus
2241 2812 2421 2884 jussit.
2478 2813 2616 2869 Cum
2674 2814 2843 2886 igitur
2898 2814 2957 2869 in
3014 2830 3072 2870 se
3116 2814 3235 2883 ipso
3287 2812 3515 2867 Eleazar

1936 2902 2165 2975 ﬁguram
2211 2914 2389 2976 gerat
2418 2905 2568 2960 illius
2619 2906 2716 2976 qui
2773 2921 2916 2960 unus
2958 2913 3044 2960 est
3087 2919 3150 2958 ac
3197 2902 3348 2957 solus
3382 2916 3513 2957 vere

1936 3011 2184 3055 summus
2220 2997 2486 3067 pontifex,
2509 2998 2565 3052 id
2601 3006 2704 3064 est,
2744 2996 2971 3060 Christi,
2994 2996 3096 3066 ipsi
3133 2995 3408 3066 praecipue
3454 3010 3518 3051 ac

1936 3106 2086 3158 vere,
2122 3101 2181 3147 et
2213 3091 2618 3162 quodammodo
2671 3091 2916 3161 proxime
2958 3106 3022 3145 ac
3057 3090 3278 3160 proprie
3319 3104 3517 3145 conse-

1937 3190 2087 3239 erata
2111 3190 2240 3238 sunt
2263 3183 2565 3238 electorum
2595 3182 2839 3237 virorum
2865 3181 3009 3235 dona
3040 3198 3051 3234 :
3079 3180 3179 3249 ipsi
3207 3179 3356 3234 enim
3386 3180 3518 3236 οσο-

1937 3282 2088 3337 runt,
2113 3289 2222 3328 non
2252 3273 2379 3338 alio,
2403 3273 2498 3343 qui
2525 3271 2776 3342 accipiat,
2801 3270 3151 3341 interposito;
3175 3270 3322 3340 quod
3341 3270 3515 3340 ipsum

1937 3364 2085 3421 beati
2115 3363 2194 3418 illi
2218 3362 2472 3433 discipuli
2499 3363 2780 3428 fecerunt;
2813 3361 3023 3416 faciunt
3049 3361 3215 3417 etiam
3246 3361 3355 3417 hoc
3385 3371 3531 3417 tem-

1935 3468 2071 3527 pore
2100 3451 2430 3525 populorum
2461 3450 2758 3523 principes,
2790 3451 2899 3522 qui.
2925 3461 3209 3522 susceptos
3242 3452 3299 3506 in
3333 3451 3520 3508 divina

1937 3544 2326 3616 praedicatione
2372 3543 2593 3599 labores
2639 3543 2790 3598 velut
2830 3542 3036 3598 donum
3075 3542 3349 3613 quoddam
3391 3559 3518 3614 pro-

1937 3636 2120 3708 prium
2150 3635 2373 3697 Christo
2410 3636 2687 3695 dedicant.
2720 3636 2814 3691 Illa
2843 3651 3011 3707 porro
3050 3636 3222 3693 altera
3258 3637 3519 3708 probato-

1939 3746 2062 3785 rum
2104 3731 2391 3787 hominum
2439 3730 2754 3795 multitudo,
2794 3729 2955 3785 oﬂ‘ert
2998 3729 3223 3801 quidem
3273 3730 3417 3785 dona
3464 3729 3520 3786 in

1937 3820 2143 3877 Christi
2174 3822 2426 3894 gloriam,
2459 3838 2566 3878 non
2604 3831 2786 3879 tamen
2824 3823 2929 3878 nisi
2973 3838 3072 3894 per
3115 3832 3334 3880 sanctos
3372 3823 3538 3879 viros.

1938 3914 2312 3984 interpositos,
2345 3915 2449 3984 qui,
2468 3930 2567 3986 per
2602 3930 2811 3970 sacram
2852 3915 3054 3971 tribum
3089 3915 3471 3986 intelliguntur
3503 3935 3516 3968 :

1938 4007 2146 4063 dictum
2191 4022 2431 4077 namque
2469 4015 2554 4061 est
2586 4025 2598 4060 :
2639 4025 2656 4057 ι
2692 4006 2878 4062 Genus
2917 4008 3175 4073 electum,
3208 4008 3388 4078 regale
3429 4022 3518 4063 sa-

1938 4097 2244 4153 cerdotium
2279 4097 2342 4151 ‘°.
2387 4116 2403 4149 ι
2459 4096 2629 4167 Igitur
2677 4095 2989 4151 sanctorum
3045 4096 3291 4153 virorum
3341 4098 3518 4153 inter-

1933 4189 2083 4259 jectu
2142 4186 2435 4257 exhibetur
2492 4184 2715 4254 quidem
2775 4184 2844 4238 ab
2904 4184 3264 4239 offerentibus
3317 4184 3411 4238 illa
3460 4184 3519 4239 in

1938 4278 2111 4333 Deum
2160 4276 2473 4332 reverentia
2519 4289 2582 4330 ac
2626 4275 2944 4353 veneratio;
2990 4290 3102 4330 non
3144 4282 3328 4330 tamen
3367 4275 3517 4346 ejus-

1939 4368 2087 4425 modi
2120 4368 2325 4424 donum
2357 4367 2426 4423 ab
2456 4366 2524 4422 iis
2551 4366 2801 4432 offertur,
2836 4367 2983 4437 quod
3012 4367 3233 4439 proprie
3260 4366 3329 4423 ad
3357 4366 3518 4423 Chri-

1940 4461 2010 4516 sti
2057 4476 2347 4533 personam
2400 4460 2646 4532 proxime
2698 4460 2986 4530 pertineat.
3039 4461 3319 4533 Ejusmodi
3384 4461 3520 4516 illud

1940 4550 2077 4619 fuit,
2120 4551 2269 4623 quod
2312 4550 2531 4607 edicere
2576 4550 2872 4606 studebant
2919 4552 2957 4607 ii
3007 4553 3102 4623 qui
3146 4554 3401 4611 collectas
3439 4554 3521 4610 sic

256 4646 526 4718 ἀνάθημα
549 4646 628 4717 τῷ
655 4645 795 4719 Θεῷ.
824 4646 932 4699 τῶν
957 4645 1414 4717 ὲκπρεπεστέρων
1441 4644 1510 4699 τὰ
1543 4644 1715 4715 δῶραο
1750 4644 1831 4698 διὰ

1945 4655 2062 4701 tum
2115 4645 2415 4715 appellatas
2463 4644 2837 4711 conferebant,
2878 4655 2934 4701 et
2983 4646 3287 4703 ministeria
3335 4650 3519 4707 mitte-

261 4738 449 4809 μέσων
476 4738 522 4792 δ’
552 4737 740 4809 ὥσπερ
767 4738 959 4807 ἁγίων,
990 4737 1086 4791 καὶ
1110 4735 1185 4800 ὡς
1215 4739 1273 4791 ὲν
1293 4736 1522 4808 δευτέρᾳ
1540 4734 1712 4799 τάξει,
1747 4734 1843 4789 καὶ

256 4833 294 4902 ἡ
321 4830 434 4885 τῶν
474 4830 900 4901 ὑποδεεστέρων.
932 4830 1043 4883 Καὶ
1089 4831 1139 4882 οἱ
1171 4828 1269 4899 μὲν
1302 4828 1411 4882 ἀπὸ
1463 4827 1840 4881 πεντακοσίων

259 4922 397 4992 μίαν
440 4921 780 4993 προσάγουσι
818 4920 1016 4992 ψυχὴν,
1055 4921 1101 4973 οἱ
1131 4919 1190 4973 δὲ
1226 4917 1334 4973 ἀπὸ
1372 4920 1746 4989 πεντήκονταο
1786 4920 1843 4970 ὲν

257 5012 514 5068 ἐλάττοσι
538 5012 648 5084 γὰρ
672 5012 952 5083 ὀφλήμασι
985 5011 1046 5065 τὸ
1074 5012 1513 5084 εύδοκιμοῦν,διὸ
1545 5012 1640 5067 καὶ
1675 5012 1843 5082 μείων

257 5108 295 5177 ἡ
330 5105 645 5177 προσφορά.’
665 5107 725 5158 ὲν
749 5104 927 5176 πολλῷ
950 5105 1007 5160 δὲ
1044 5105 1254 5159 πλείοσι
1285 5105 1347 5158 τὸ
1371 5104 1617 5171 ύποδεὲς,
1649 5105 1731 5160 διὸ
1748 5105 1840 5160 καὶ⁵

255 5199 323 5250 ὲν
361 5196 587 5268 ἀριθμῷ
633 5195 838 5251 πλείονι
868 5195 937 5250 τὰ
963 5196 1443 5267 προσκομιζόμενα
1472 5197 1604 5270 παρ’
1639 5197 1841 5265 αὐτῶν,

255 5288 546 5359 ἀναλόγως
587 5292 699 5354 τοῖς
746 5289 978 5343 ἑκάστου
1012 5290 1336 5362 πταίσμασι,
1365 5290 1436 5344 τὰ
1475 5291 1616 5362 ὑπὲρ
1663 5290 1844 5345 αὐτῶν

264 5381 647 5453 προσφέρεται
670 5396 683 5410 ⁸
728 5400 746 5433 ι
781 5374 851 5453 τῼ
875 5381 985 5452 γὰρ
1014 5383 1195 5435 πλεῖον
1240 5382 1599 5453 ἀφεθήσεται,
1630 5400 1646 5433 ι
1682 5383 1838 5452 φησὶ,

261 5493 285 5523 ι
315 5471 501 5526 πλεῖον
523 5472 823 5543 ἅγαπὴσει’
851 5473 946 5526 καὶ
964 5466 1009 5541 ᾧ
1032 5472 1090 5526 τὸ
1111 5473 1330 5528 ἔλαττον
1351 5475 1588 5545 ἀφίεται,
1622 5473 1841 5528 ἔλαττον

256 5566 573 5636 ἀγαπήσει.
612 5585 631 5617 ι
661 5567 1074 5621 Δεκαπλασίονα
1112 5567 1403 5640 τοιγαροῦν
1473 5566 1841 5637 προσφέρουσι

373 5753 394 5786 ⁸
435 5748 627 5807 Matth.
655 5765 744 5814 xx,
774 5748 856 5803 16.

1947 4740 2081 4794 bant
2115 4737 2320 4793 sanctis
2350 4736 2445 4807 qui
2486 4749 2647 4793 erant
2685 4737 2740 4793 in
2769 4738 3069 4795 Jerusalem
3089 4780 3103 4803 ,
3151 4739 3238 4794 vel
3271 4756 3520 4811 quocun-

1945 4848 2053 4902 que
2089 4831 2197 4886 alio
2233 4830 2483 4901 obsequii
2523 4847 2723 4902 genere
2769 4831 3018 4887 homines
3055 4832 3275 4889 Christo
3313 4834 3523 4892 dicatos

1946 4922 2272 4978 recreabant
2303 4924 2365 4976 “.
2419 4923 2561 4994 Ergo
2613 4923 2834 4979 Christo
2887 4924 3109 4994 proprie
3166 4924 3345 4983 dicata
3393 4941 3524 4986 sunt

1945 5014 2390 5086 praestandorum
2445 5014 2731 5071 hominum
2779 5015 2969 5069 dona:
3016 5017 3113 5073 sed
3162 5017 3254 5075 illa
3303 5036 3522 5092 quoque

1949 5106 2273 5163 inferiorum
2314 5106 2520 5162 oblatio
2561 5123 2661 5177 per
2699 5117 2914 5162 sanctos
2947 5108 3117 5165 veluti
3154 5126 3253 5181 per
3285 5113 3519 5169 mediam

1946 5214 2169 5255 manum
2222 5199 2290 5254 ad
2340 5200 2594 5256 eumdem
2633 5199 2890 5268 pertinet,
2926 5216 2990 5256 ac
3037 5202 3217 5258 locum
3253 5204 3516 5273 quodam-

1947 5292 2111 5347 modo
2164 5290 2464 5347 secundum
2520 5296 2686 5345 tenet.
2739 5290 3005 5348 Praeterea
3056 5293 3134 5349 illi
3185 5293 3408 5363 quidem
3454 5311 3518 5352 ex

1945 5377 2281 5449 quingentis,
2314 5377 2369 5432 hi
2401 5393 2531 5432 vero
2567 5393 2634 5433 ex
2665 5378 3054 5452 quinquaginta
3088 5397 3252 5436 unam
3283 5385 3517 5441 animam

1946 5470 2186 5525 offerunt
2218 5486 2229 5521 :
2264 5468 2446 5525 minus
2477 5470 2680 5542 quippe
2718 5470 2919 5528 debent
2961 5472 3038 5527 illi
3070 5475 3516 5544 praestantiorem

1945 5562 2179 5629 ideoque
2210 5561 2390 5616 minor
2418 5572 2501 5617 est
2531 5578 2721 5618 eorum
2752 5563 2954 5618 oblatio
2989 5582 3000 5616 :
3037 5572 3094 5620 at
3128 5582 3258 5624 vero
3291 5567 3516 5622 inferio-

938 5751 977 5780 ¹⁰
1006 5749 1193 5805 IPctr.
1218 5764 1275 5817 ιι,
1298 5749 1351 5805 9.
1396 5750 1435 5781 ¹¹
1460 5750 1619 5805 Num.
1647 5764 1733 5813 xv,
1758 5745 1781 5799 l
1806 5762 1831 5801 s

1937 5784 1955 5814 _.
1980 5759 1994 5811 ;
2022 5744 2248 5813 lit-LM,
2280 5748 2358 5815 l7;
2389 5749 2431 5804 Il
2461 5750 2583 5803 Cor.
2608 5766 2679 5816 ις,
2711 5750 2733 5803 1
2768 5765 2919 5819 seqq.
