3968 6300
441 307 545 368 539
1437 309 1491 363 S.
1533 308 1807 365 CYRILLI
1845 310 2314 366 ALEXANDRINI
2353 311 2670 371 ARCIIIEP.
3590 311 3694 368 540

437 447 526 488 res
560 430 639 485 illi
669 430 827 500 longe
856 430 1012 498 plura
1051 429 1253 484 debent
1291 447 1302 482 :
1339 445 1449 500 quo
1482 431 1543 486 ﬁt
1589 440 1649 485 ut
1682 433 1837 502 plura
1874 448 2004 502 quo-

2127 435 2270 505 παρὰ
2301 436 2427 498 τοὺς
2458 435 2885 506 ἐξειλεγμένους,
2916 436 2963 489 οί
2986 437 3060 506 μὴ
3094 434 3214 488 κατ’
3243 434 3461 499 αὐτοὺς,
3485 435 3585 506 οὐχ
3620 437 3694 500 ὡς

433 537 540 592 que
568 523 678 576 sint
706 535 936 575 numero
987 536 1108 590 qua
1140 521 1208 575 ab
1241 522 1349 576 illis
1379 522 1714 589 offeruntur;
1745 524 2000 593 siquiden

2127 526 2498 598 εὐλαϐέστεροι
2557 528 2650 581 καὶ
2706 529 2904 593 ζῶντες
2952 526 3393 599 ἐπιεικέστερον,
3453 527 3569 580 ἀλλ’
3619 528 3694 592 ὡς

432 629 533 685 pro
573 616 839 685 cujusque
875 611 1206 667 offensarum
1246 613 1458 668 ratione
1493 613 1634 667 dona
1662 629 1882 683 quoque
1913 629 1999 683 prt

2128 616 2298 687 πολλῷ
2327 617 2569 672 πλείοσιν
2594 619 2900 690 ἐνεχόμενοι
2921 617 3246 689 πταίσμασι,
3270 619 3365 672 καὶ
3383 619 3695 672 πολλαπλα-

430 706 625 761 iisdem
651 706 990 760 offer-untur:
1020 725 1036 756 ι
1069 705 1169 760 Cui
1198 706 1342 760 enim
1374 707 1496 776 plus
1525 707 1841 772 dimittitur,
1880 726 1898 761 ι
1926 707 1997 760 in-

2126 706 2291 770 σίονος
2314 707 2617 777 ἀναγκαίας
2645 709 2888 779 δεόμενοι
2921 708 3014 764 τοῦ
3057 706 3424 780 καθαρισμοῦ.
3463 709 3554 772 Ὠς
3585 709 3693 780 γὰρ

428 799 568 866 quit,
608 817 625 848 ι
659 797 782 867 plus
811 798 1031 869 diliget;
1062 807 1118 853 et
1141 799 1230 854 cui
1261 799 1442 854 minus
1469 800 1790 865 dimittitur,
1823 802 1995 856 minus

2125 798 2333 868 εἴρηκεν
2359 801 2386 852 6
2424 800 2649 872 Σωτήρο
2688 821 2707 853 ‹
2757 803 2814 855 '0
2852 801 3172 870 λελουμένος
3227 802 3289 854 οὐ
3329 800 3518 871 χρείαν
3555 801 3692 870 ἔχει,

427 891 616 961 diliget
656 892 717 944 ”.
766 911 784 944 ι
856 892 1014 962 129
1062 894 1258 949 Decem
1321 895 1489 965 igitur
1545 895 1794 964 partibus
1848 895 1994 966 plura

2120 891 2160 942 εί
2191 889 2265 961 μὴ
2288 891 2415 955 τοὺς
2440 893 2605 956 πόδας
2630 893 2908 964 νίψασθαι,
2943 893 3058 948 ἀλλ’
3087 893 3202 946 ἐστι
3223 894 3461 964 καθαρὸς
3491 893 3630 957 ὅλος.
3668 911 3687 944 ι

427 998 590 1051 quam
627 983 704 1036 illi
744 984 930 1038 selecti
965 985 1205 1040 offerunt
1248 987 1286 1040 ii
1341 987 1434 1056 qui
1461 987 1686 1040 minime
1729 994 1858 1040 sunt
1899 984 1994 1039 illis

2121 983 2494 1055 Σμικροτάτης
2527 985 2584 1038 δὲ
2628 987 2822 1058 κομιδῇ
2849 989 2962 1050 τοῖς
3007 986 3185 1054 ἁγίοις
3220 984 3542 1055 καθάρσεως
3579 984 3688 1040 δεϊ⁴

423 1075 629 1130 virtute
661 1091 855 1146 pares:
889 1093 999 1131 non
1028 1078 1173 1148 quod
1193 1079 1560 1149 religiosiores
1594 1078 1722 1141 sint,
1756 1076 1990 1131 laudabi-

2126 1076 2258 1126 νοσεῖ
2283 1075 2392 1146 γὰρ
2431 1078 2465 1148 ἡ
2499 1077 2678 1146 φύσις,
2721 1079 2781 1132 τὸ
2823 1077 2897 1150 μὴ
2929 1077 3190 1132 δύνασθαι
3219 1075 3502 1138 παντελῶς
3535 1076 3693 1146 ἀμοι-

423 1166 639 1238 liusque
683 1170 889 1235 vivant,
928 1170 1023 1225 sed
1071 1171 1216 1240 quod
1269 1171 1442 1224 multo
1489 1169 1738 1241 pluribus
1791 1167 1990 1223 delicti:

991 1170 1023 1224 d
1071 1171 1216 1240 quod
1269 1171 1442 1224 multo
1489 1169 1738 1241 pluribus
1791 1167 2006 1223 delictis
2114 1170 2226 1238 ρείν
2267 1169 2555 1240 ἁμαρτίας.

424 1266 647 1321 obnoxii
684 1274 994 1331 teneantur,
1043 1266 1261 1336 illisque
1304 1266 1464 1336 longe
1515 1266 1721 1336 majore
1747 1262 2071 1334 purgatione
2110 1262 2181 1316 sit
2218 1278 2375 1332 opus.
2425 1265 2497 1320 Ut
2540 1266 2688 1320 enim
2737 1266 2814 1321 ait
2853 1265 3100 1321 Salvator
3135 1284 3148 1320 ι
3188 1284 3206 1316 ‹
3245 1265 3350 1332 Qui
3401 1266 3548 1320 lotus
3583 1270 3688 1328 est,

424 1376 535 1424 non
577 1360 786 1430 indiget
827 1361 932 1414 nisi
981 1368 1042 1413 ut
1083 1361 1251 1430 pedes
1289 1361 1466 1425 lavet;
1506 1359 1602 1413 sed
1641 1365 1726 1413 est
1760 1355 1999 1411 mundus
2035 1360 2185 1409 totus
2211 1355 2276 1410 ¹³.
2311 1377 2328 1408 ι
2366 1358 2574 1430 Exigua
2635 1373 2799 1429 porro
2859 1359 3183 1429 purgatione
3211 1358 3414 1413 sanctis
3442 1357 3578 1413 viris
3607 1367 3692 1413 est

422 1470 597 1526 opus;
628 1455 840 1510 laborat
876 1455 1024 1510 enim
1057 1471 1123 1510 eo
1155 1456 1349 1510 morbo
1389 1453 1674 1509 hominum
1719 1458 1934 1514 natura,
1970 1453 2032 1501 ut
2064 1449 2273 1516 peccati
2304 1465 2501 1521 expers
2527 1467 2647 1507 esse
2674 1453 2897 1508 omnino
2928 1468 3036 1506 non
3071 1450 3262 1520 possit.

491 1546 690 1601 PALL.
735 1547 904 1602 Recte
939 1546 1039 1602 ais.
2033 1544 2058 1600 I

2033 1544 2077 1600 Β
2183 1541 2388 1596 ΠΔΛΛ.
2417 1539 2486 1597 Εὖ
2519 1543 2719 1612 λέγεις.

490 1638 650 1705 CYR.
692 1639 774 1694 Illi
809 1640 974 1710 igitur
1019 1655 1050 1696 e
1090 1640 1347 1695 tribubus
1392 1639 1518 1694 lecti
1555 1638 1660 1693 viri
1696 1634 1898 1691 divinis
1924 1632 2007 1687 le-

2183 1636 2346 1690 ΚΥΡ.
2381 1638 2442 1690 Οί
2474 1637 2572 1708 μὲν
2595 1634 2687 1692 οὖν
2717 1639 3004 1694 ἀπόλεκτοι
3031 1636 3144 1691 τῶν
3173 1636 3356 1707 φυλῶν
3379 1638 3492 1698 τοῖς
3523 1635 3689 1699 θείοις

419 1730 582 1800 gibus
631 1731 909 1806 obsecuti,
957 1747 1081 1786 cum
1132 1740 1244 1797 tota
1291 1745 1558 1810 synagoga
1599 1727 1727 1782 belli
1766 1723 1986 1796 prmdau

2120 1725 2348 1790 εἴκοντες
2391 1728 2598 1799 νόμοις,
2648 1731 3062 1802 διεμοιρήσαντο
3109 1730 3178 1783 τὰ
3209 1731 3272 1782 ὲκ
3308 1729 3403 1782 τοῦ
3449 1728 3687 1798 πολέμου

420 1821 606 1889 partiti
639 1829 786 1885 sunt,
819 1821 1230 1890 oblationesque
1273 1822 1384 1874 Deo
1417 1819 1759 1881 obtulerunt,
1791 1823 1852 1868 ut
1888 1814 1987 1883 legi

2120 1818 2248 1891 πρὸς
2289 1821 2469 1874 πᾶσαν
2502 1823 2601 1892 τὴν
2653 1823 2996 1894 συναγωγὴν,
3035 1825 3127 1876 καὶ
3172 1822 3586 1894 προσαγηόχασι
3618 1821 3687 1874 τὰ

420 1911 779 1966 constitutum
807 1920 924 1966 erat
950 1930 962 1965 :
997 1921 1049 1966 at
1084 1927 1214 1966 vero
1244 1911 1572 1966 selectorum
1598 1909 1787 1971 duces,
1819 1915 1880 1962 ut
1911 1923 1982 1976 qu

2122 1912 2255 1984 δῶρα
2283 1915 2473 1986 Κυρίῳ
2511 1915 2655 1969 κατὰ
2681 1916 2778 1988 τὴν
2821 1918 2915 1971 τοῦ
2952 1919 3119 1988 νόμου
3157 1915 3406 1980 σύνταξιν
3429 1933 3442 1946 ·
3486 1913 3689 1985 ἀναθή-

418 2002 592 2072 gloria
647 2018 810 2073 quam
849 2005 1030 2058 catteri
1064 2011 1248 2059 essent
1283 2003 1632 2065 illustriores,
1669 2000 1829 2055 donis
1864 2013 1985 2068 quo-

2116 2022 2244 2076 μασι
2273 2006 2329 2059 δὲ
2363 2010 2476 2070 τοῖς
2495 2009 2955 2081 εὐπρεπεστέροις
2985 2008 3450 2080 καταγεραίρουσι
3480 2005 3614 2059 Θεὸν
3637 2007 3683 2058 οε

418 2110 524 2162 que
577 2097 1053 2164 praastantioribus
1095 2098 1268 2151 Deum
1320 2105 1672 2152 venerantur.
1722 2093 1812 2148 Sic
1855 2091 1985 2148 enin

2118 2097 2214 2150 τῶν
2259 2097 2573 2152 ἀπολέκτων
2628 2099 2944 2170 ἡγούμενοι,
2992 2100 3068 2163 ὡς
3122 2101 3216 2153 καὶ
3269 2096 3685 2169 ἐμφανεστέραν

417 2186 613 2241 scribit
651 2203 842 2243 rursus
878 2206 890 2242 :
931 2208 947 2240 ι
984 2189 1052 2244 Et
1081 2197 1432 2244 accesserunt
1461 2189 1528 2244 ad
1560 2188 1779 2258 Moysen
1812 2200 1984 2238 omne:

2116 2187 2318 2257 ἔχοντες
2356 2188 2389 2259 ἢ
2443 2188 2563 2243 κατ’
2617 2189 2812 2253 αὐτοὺς
2849 2189 2948 2260 τὴν
2985 2189 3162 2256 δόξαν.
3200 2189 3404 2260 Γράφει
3439 2186 3549 2257 γὰρ
3580 2179 3683 2239 ὧδε

415 2277 700 2331 constituti
761 2279 818 2332 in
881 2280 1165 2334 tribunatu
1225 2281 1533 2344 exercitus,
1595 2275 1886 2332 milienarii
1947 2289 1975 2328 e

2116 2275 2268 2330 πάλιν
2289 2294 2302 2316 θ
2337 2296 2354 2328 ι
2396 2278 2508 2331 Καὶ
2550 2278 2856 2349 προσῆλθον
2874 2281 3046 2350 Μωσῇ
3081 2277 3281 2342 πάντες
3316 2279 3364 2330 οί
3411 2277 3683 2330 καθεστα-

414 2369 805 2436 centuriones,
863 2379 918 2426 et
978 2371 1237 2426 dixerunt
1290 2372 1358 2426 ad
1417 2372 1686 2442 Moysen:
1726 2370 1878 2426 Servi
1921 2377 1974 2423 tu

2115 2367 2256 2435 aévm
2279 2368 2359 2433 είς
2388 2368 2488 2432 τὰς
2510 2369 2820 2440 χιλιαρχίας
2840 2372 2938 2442 τῆς
2968 2371 3270 2443 δυνάμεως,
3294 2369 3562 2442 χιλίαρχοι
3583 2370 3682 2423 καὶ

413 2468 746 2526 acceperunt
773 2475 1040 2514 summam
1067 2462 1314 2515 virorum
1354 2461 1680 2515 bellatorum
1729 2459 1822 2529 qui
1853 2474 1980 2528 aput

2113 2459 2510 2532 ἑκατόνταρχοι,
2539 2465 2633 2515 καὶ
2657 2459 2818 2517 εἶπαν
2843 2463 2978 2535 πρὸς
3010 2465 3214 2536 Μωσῆν
3239 2482 3251 2494 ”
3275 2465 3336 2518 Οἱ
3367 2463 3558 2528 παῖδές
3584 2480 3680 2517 σου

413 2563 518 2602 nos
547 2558 694 2614 sunt,
726 2559 783 2604 et
815 2567 926 2604 non
955 2551 1130 2606 defuit
1162 2552 1231 2606 ab
1264 2552 1371 2606 illis
1403 2568 1473 2608 ne
1503 2568 1645 2608 unus
1675 2552 1918 2622 quidem,
1942 2567 1980 2606 et

2112 2550 2356 2621 εἰλήφασι
2382 2552 2442 2605 τὸ
2469 2552 2763 2622 κεφάλαιον
2802 2553 2911 2607 τῶν
2948 2553 3156 2626 ἀνδρῶν
3184 2553 3291 2607 τῶν
3334 2553 3679 2622 πολεμιστῶν

412 2641 719 2697 obtulimus
767 2642 972 2698 donum
1024 2644 1286 2710 Domino,
1339 2645 1424 2699 vir
1479 2645 1574 2716 qui
1646 2643 1857 2700 invenit
1901 2659 1979 2698 va:

2185 2659 2207 2694 ν
2233 2642 2364 2714 παρ’
2398 2645 2555 2714 ἡμῖν,
2587 2646 2681 2698 καὶ
2714 2645 2773 2698 οὐ
2795 2646 3208 2718 διαπεφώνηκεν
3230 2645 3323 2699 ἀπ’
3344 2645 3524 2700 αὐτῶν
3553 2643 3679 2697 οὐδὲ
3743 2688 3752 2696 .

411 2747 664 2809 aureum,
695 2742 752 2789 et
775 2737 1119 2791 murenulam
1148 2745 1204 2792 et
1233 2737 1522 2801 armillam,
1554 2745 1610 2792 et
1639 2737 1906 2802 dextrale,
1940 2751 1970 2791 e

2108 2728 2199 2798 εἷς,
2235 2733 2332 2788 καὶ
2380 2736 2859 2808 προσενηνόχαμεν
2889 2738 2952 2790 τὸ
2979 2737 3152 2809 δῶρον
3185 2736 3397 2808 Κυρίῳ,
3448 2734 3588 2806 ἀνὴρ
3615 2735 3675 2799 ὃς

411 2833 686 2895 torquem,
735 2835 797 2881 ut
842 2827 915 2882 sit
956 2829 1273 2899 propitiatio
1309 2844 1410 2898 pro
1456 2829 1615 2884 nobis
1657 2845 1842 2884 coram
1883 2829 1978 2884 Do-

2108 2818 2224 2898 εὗρε
2265 2825 2460 2890 σκεῦος
2497 2827 2753 2898 χρυσοῦν,
2781 2829 2876 2883 καὶ
2909 2828 3160 2900 χλιδῶνα,
3199 2828 3295 2881 καὶ
3317 2826 3554 2897 ψέλλιον,
3579 2827 3675 2880 καὶ

409 2917 581 2972 mino.
611 2917 680 2973 Et
707 2920 921 2990 accepit
947 2887 1156 2992 May-ses
1181 2929 1236 2976 et
1262 2887 1488 2975 Eleazar
1514 2921 1771 2977 sacerdos
1795 2936 1976 2976 aurun

2108 2887 2405 2985 δακτύλιον,
2426 2887 2860 2991 καῖπεριδέξιον,
2887 2887 2982 2974 καὶ
2999 2887 3294 2992 ὲμπλόκιον
3316 2887 3675 2986 tamquam

409 3009 480 3065 ab
514 3009 643 3076 illis,
677 3027 840 3068 omne
884 3028 980 3068 vas
1030 3013 1392 3077 elaboratum,
1435 3022 1492 3069 et
1536 3013 1641 3068 fuit
1689 3028 1850 3067 omne
1891 3027 1976 3067 au-

2109 3011 2226 3082 περὶ
2256 3011 2414 3082 ἡμῶν
2465 3013 2648 3066 ἔναντι
2703 3013 2929 3085 Κυρίου.
2975 3014 3086 3068 Καὶ
3139 3013 3296 3066 ἔλαϐε
3340 3012 3548 3083 Μωσῆς
3578 3012 3676 3066 καὶ

409 3116 533 3156 rum
592 3102 898 3173 segregatio
941 3119 1103 3173 quam
1153 3113 1578 3176 segregaverunt
1609 3102 1862 3166 Domino,
1897 3117 1976 3157 se:

2107 3102 2371 3175 Ἐλεάζαρ
2402 3105 2430 3156 6
2461 3105 2638 3175 ἱερεὺς
2657 3104 2717 3157 τὸ
2747 3105 2965 3175 χρυσίον
2991 3106 3122 3176 παρ’
3143 3105 3320 3158 αὐτῶν
3345 3106 3451 3159 πᾶν
3477 3102 3673 3168 σκεῦος

408 3199 468 3246 et
495 3191 684 3248 decem
723 3194 891 3250 millia
913 3203 970 3250 et
995 3194 1322 3265 septingenti
1359 3193 1757 3265 quinquaginta
1788 3192 1929 3257 sicli,
1960 3206 1975 3246 ε

2106 3196 2484 3268 εἰργασμένον·
2523 3198 2614 3251 καὶ
2650 3197 2864 3266 ἐγένετο
2905 3199 3011 3252 πᾶν
3043 3199 3103 3251 τὸ
3133 3198 3357 3269 χρυσίον
3399 3197 3462 3250 τὸ
3503 3195 3673 3266 ἀφαί-

409 3284 646 3341 tribunis
672 3295 728 3341 et
757 3303 785 3340 a
813 3287 1230 3342 centurionibus
1261 3305 1274 3340 :
1308 3297 1364 3342 et
1391 3287 1497 3341 viri
1527 3287 1824 3342 bellatores
1849 3301 1976 3356 prae.

2105 3305 2237 3359 ρεμα
2269 3289 2296 3342 ὃ
2319 3288 2537 3359 ἀφεῖλον
2562 3289 2751 3360 Κυρίῳ
2775 3289 3068 3344 ἑκκαίδεκα
3102 3288 3334 3359 χιλιάδες
3365 3289 3459 3342 καὶ
3497 3290 3672 3341 ἐπτα-

407 3375 521 3431 dati
557 3385 685 3432 sunt
718 3378 950 3447 quilibet
991 3377 1115 3432 sibi.
1158 3378 1226 3432 Et
1257 3379 1470 3448 accepit
1501 3377 1712 3450 Moyses
1745 3386 1800 3432 et
1825 3377 1974 3432 Elea-

2108 3380 2263 3434 ιόσιοι
2300 3381 2394 3435 καὶ
2425 3383 2761 3453 πεντήκοντα
2809 3382 2981 3436 σίκλοι
3027 3381 3178 3451 παρὰ
3218 3380 3326 3433 τῶν
3373 3381 3675 3451 χιλιάρχων

404 3484 499 3523 zar
525 3470 782 3524 sacerdos
815 3485 1008 3524 aurum
1051 3485 1081 3522 a
1121 3469 1359 3525 tribunis
1390 3478 1446 3525 et
1478 3486 1508 3524 a
1548 3468 1971 3524 centurionibus.

2104 3471 2186 3524 καὶ
2226 3471 2376 3542 παρὰ
2402 3472 2511 3524 τῶν
2543 3474 2974 3544 ἑκατοντάρχων,
3008 3475 3102 3527 καὶ
3126 3475 3176 3526 οἱ
3205 3473 3396 3543 ἄνδρες
3429 3471 3478 3524 oi
3504 3469 3671 3524 πολετ

405 3569 460 3613 ct
488 3561 795 3615 intulerunt
820 3577 882 3616 ea
912 3563 966 3615 in
998 3562 1415 3616 tabernaculum
1445 3562 1746 3617 testimonii
1774 3577 1972 3616 memo-

2106 3567 2285 3618 ιισταὶ
2314 3565 2724 3635 ὲπρονόμευσαν
2743 3566 2972 3629 ἕκαστος
3009 3564 3174 3636 αὐτῷ.
3208 3565 3318 3618 Καὶ
3347 3562 3506 3616 ἔλαϐε
3532 3565 3673 3617 Μω-

403 3651 537 3705 riale
591 3651 829 3704 ﬁliorum
887 3651 1051 3705 lsrael
1115 3666 1297 3704 coram
1355 3652 1682 3706 Domino".
1731 3671 1749 3704 ›
1815 3651 1970 3706 Audi:

2106 3657 2187 3726 τῆς
2233 3656 2327 3711 καὶ
2377 3657 2640 3727 Ἐλεάζαρ
2686 3657 2714 3709 6
2767 3653 2945 3726 ἱερεὺς
2993 3656 3052 3708 τὸ
3087 3657 3310 3727 χρυσίον
3367 3654 3520 3725 παρὰ
3555 3655 3673 3707 τῶν

401 3759 567 3812 quam
598 3744 890 3813 diligenter
923 3742 1000 3796 ait
1027 3743 1327 3798 recensitos
1361 3759 1482 3798 esse
1521 3751 1873 3814 pugnatores,
1909 3743 1968 3798 it:

2108 3747 2380 3819 ίιλιάρχων
2435 3746 2528 3799 καὶ
2566 3746 2995 3816 ἑκατοντάρχων,
3029 3747 3121 3798 καὶ
3164 3746 3481 3816 εἰσήνεγκεν
3527 3745 3675 3800 αὐτὰ

400 3843 465 3890 ιιι
501 3850 664 3888 nemo
700 3833 959 3900 abfuerit,
1004 3834 1138 3905 quin
1175 3835 1400 3900 donum,
1433 3843 1495 3890 ut
1531 3837 1644 3890 Deo
1683 3835 1962 3905 placuerat

2106 3841 2166 3902 τίς
2194 3837 2292 3909 τὴν
2327 3836 2531 3908 σκηνὴν
2557 3836 2650 3888 τοῦ
2698 3835 2996 3906 μαρτυρίου
3029 3835 3373 3904 μνημόσυνον
3393 3834 3504 3887 τῶν
3531 3833 3673 3886 υἱῶν

397 3927 668 3981 all‘erret?
703 3927 771 3982 Se
795 3943 1014 3996 quoque
1058 3926 1410 3982 constituisse
1462 3925 1720 3996 inquiunt
1783 3925 1964 3979 offerri

2104 3928 2332 3999 Ἰσραὴλ,
2363 3928 2543 3981 ἔναντι
2563 3926 2792 3997 Κυρίου.
2829 3944 2849 3977 ι
2899 3923 3139 3988 Ἀκούεις
3156 3924 3303 3986 ὅπως
3330 3923 3536 3993 ἀκριϐῆ
3566 3924 3671 3994 μὲν

397 4019 631 4074 Domino
656 4020 820 4074 etiam
851 4037 971 4091 quae
1000 4022 1112 4088 ille,
1144 4031 1202 4075 ut
1230 4020 1581 4082 ollerrentur,
1611 4018 1836 4072 minime
1869 4019 1964 4088 jus-

2106 4019 2340 4086 γενέσθαι
2363 4019 2496 4089 φησὶ
2529 4017 2637 4071 τῶν
2671 4017 3070 4087 μεμαχημένων
3091 4015 3182 4068 τὸν
3215 4015 3562 4086 ἐκλογισμὸν,
3591 4017 3673 4080 ὡς

395 4113 577 4178 sisset,
616 4114 980 4179 murenulam,
1017 4115 1264 4183 inquam,
1297 4121 1352 4166 ct
1383 4111 1673 4174 armillam,
1707 4116 1762 4165 et
1801 4125 1962 4163 annu-

2100 4112 2374 4182 ὶπομεϊναι
2409 4111 2616 4182 μηδένα
2649 4109 2780 4180 παρ’
2805 4103 2864 4162 οὗ
2891 4107 2952 4161 τὸ
2980 4107 3152 4178 δῶρον
3193 4108 3253 4161 οὐ
3285 4108 3667 4180 προσκεκόμι-

393 4207 531 4272 lum,
569 4215 624 4261 et
656 4215 978 4261 ornamenta
1009 4215 1203 4261 caetera
1236 4221 1301 4258 ex
1331 4217 1467 4258 auro
1497 4201 1815 4256 fabrefacta.
1849 4186 1960 4257 Jus-

2102 4187 2227 4266 ιται,
2253 4202 2395 4254 κατά
2415 4218 2477 4269 γε
2511 4201 2572 4252 τὸ
2597 4201 2708 4263 τοῖς
2745 4198 2908 4262 θείοις
2946 4197 3177 4268 νεύμασι
3204 4197 3428 4263 δοκοῦν;
3459 4198 3669 4252 Βεϐου-

392 4304 541 4352 serat
587 4296 735 4351 enim
776 4296 1054 4367 legislator
1105 4303 1164 4349 ut
1206 4295 1274 4349 ab
1313 4294 1631 4349 hominibus
1659 4301 1714 4348 et
1747 4309 1776 4347 a
1805 4308 1959 4363 peco-

2100 4294 2276 4365 ιῆσθαι
2304 4293 2361 4346 δὲ
2388 4294 2481 4347 καὶ
2507 4292 2660 4345 αὐτοὶ
2689 4290 3057 4362 προσκομίσαι
3082 4290 3298 4358 λέγουσι
3323 4291 3531 4362 Κυρίῳ,
3563 4293 3667 4348 καὶ

391 4389 546 4445 ribus
587 4389 731 4443 dona
779 4389 1044 4459 legerent,
1085 4388 1241 4457 130
1291 4402 1463 4458 eaque
1494 4386 1627 4456 jam,
1675 4394 1738 4440 ut
1785 4385 1958 4439 divinc

2100 4387 2118 4438 ί
2155 4387 2230 4458 μὴ
2264 4385 2463 4456 χρῆναι
2495 4384 2792 4454 προσάγειν
2821 4382 3168 4436 δεδικαίωκεν
3194 4382 3374 4446 αὐτὸς,
3428 4382 3667 4453 χλιδῶνα

389 4480 712 4548 caelestique
757 4487 1029 4548 prazcepto
1062 4480 1274 4548 jussum
1315 4477 1511 4543 fuerat,
1543 4477 1725 4532 oblata
1764 4483 1924 4530 erant

2098 4480 2176 4535 cal.
2212 4477 2448 4549 ψέλλιον,
2494 4474 2588 4527 καὶ
2643 4471 2965 4544 περιδέξιον,
3011 4464 3344 4544 καὶ’ὃσαπερ
3367 4475 3426 4526 ὲν
3466 4475 3665 4546 κόσμῳ

389 4573 486 4628 sed
518 4571 679 4627 ex'iis
706 4579 970 4641 praeterea
999 4585 1120 4639 quae
1156 4586 1219 4624 ex
1260 4569 1442 4639 praeda
1494 4570 1766 4640 praecipua
1799 4568 1956 4623 habe-

2092 4569 2375 4639 πεποίηται
2424 4565 2628 4638 χρυσῷ.
2680 4563 3028 4635 Προστέταχε
3086 4564 3193 4636 γὰρ
3247 4567 3275 4618 6
3332 4565 3659 4637 νομοθέτης,

391 4661 542 4727 bant,
591 4660 898 4716 voluntaria
946 4659 1089 4714 dona
1136 4658 1378 4713 offerunt
1419 4662 1688 4714 lectorum
1734 4657 1958 4711 militum

2097 4662 2188 4716 ἱπὺ
2218 4661 2326 4715 τῶν
2351 4659 2653 4730 ἀνθρώπων
2683 4659 2777 4710 καὶ
2801 4655 2907 4709 ἀπὸ
2923 4656 3028 4710 τῶν
3051 4657 3265 4726 κτηνῶν
3291 4657 3558 4712 ποιεῖσθαι
3587 4660 3664 4714 τὰ

387 4755 578 4819 duces,
608 4752 1099 4823 prmscriptumque
1130 4749 1264 4820 legis
1293 4750 1585 4805 terminum
1620 4749 1954 4820 magniﬁcen-

2098 4753 2247 4825 ῑῶρα·
2283 4752 2377 4805 καὶ
2413 4751 2476 4821 δὴ
2510 4749 2980 4820 προσκεκὸμισται
3023 4749 3165 4802 κατὰ
3193 4749 3254 4802 τὸ
3289 4750 3429 4804 θεῖόν
3454 4768 3515 4804 τε
3557 4753 3665 4806 καὶ

387 4846 462 4900 tia
501 4845 750 4899 vincunt.
795 4844 983 4912 Itaque
1029 4856 1154 4895 eum
1204 4841 1544 4911 accepissent
1579 4857 1642 4896 ea
1680 4841 1891 4912 Moyses
1915 4851 1954 4894 el

2097 4847 2324 4909 ιὺρὰνιον
2349 4843 2632 4912 σύνταγμα
2652 4857 2664 4872 ’
2698 4840 3000 4894 ἐθελούσιον
3028 4841 3084 4894 δὲ
3109 4841 3388 4895 ποιοῦνται
3414 4861 3664 4913 προσκο-

384 4939 591 4998 Aaron,
622 4935 929 4989 intulerunt
956 4933 1010 4986 in
1041 4940 1288 4987 sanctum
1327 4933 1763 4996 tabernaculum,
1795 4947 1951 5001 eaqut

2088 4937 2238 5009 μιδὴν
2268 4936 2335 4990 τὰ
2368 4937 2424 4988 ὲν
2469 4933 2771 5004 κειμηλίοις
2803 4933 3056 5003 ἐξαίρετα
3080 4950 3095 4964 ·
3152 4935 3244 4986 καὶ
3299 4933 3491 4987 νικῶσι
3523 4939 3655 5000 ταῖς

387 5025 672 5083 recondita
701 5035 763 5080 ut
788 5033 1145 5079 monumenta
1179 5032 1364 5079 essent
1391 5033 1517 5080 ante
1549 5020 1840 5078 Dominum
1871 5037 1954 5075 cu-

2091 5027 2408 5098 ριλοτιμίαιις
2455 5025 2550 5079 τοῦ
2600 5026 2766 5095 νόμου
2799 5024 2890 5077 τὸν
2938 5027 3063 5097 ὅρον
3095 5025 3142 5077 οἱ
3176 5025 3282 5078 τῶν
3313 5025 3658 5080 μὰπολέκτων

387 5125 679 5184 raverunt;
716 5116 810 5188 qui
845 5114 993 5172 enim
1025 5116 1241 5186 populis
1275 5117 1515 5188 praefecti
1551 5122 1700 5178 sunt,
1731 5123 1787 5167 et
1816 5115 1954 5182 prin-

2091 5120 2387 5192 }yodttsvm.
2419 5120 2530 5172 Καὶ
2562 5119 2628 5189 δὴ
2657 5118 2915 5182 λαϐόντες
2939 5118 3145 5187 Μωσῆς
3178 5136 3234 5170 τε
3279 5120 3373 5172 καὶ
3412 5120 3658 5191 Ἀαρὼν,

388 5209 539 5282 cipes
582 5211 887 5275 constituti,
931 5210 1323 5265 illustrioribus
1366 5218 1529 5278 atque
1579 5207 1955 5276 insignioribu:

2094 5211 2487 5281 ;ίσκεκομίκασι
2521 5212 2616 5280 μὲν
2647 5211 2724 5272 είς
2749 5211 2847 5279 τὴν
2866 5211 3025 5278 ἁγίαν
3051 5211 3258 5281 σκηνήν
3281 5227 3295 5240 θ
3328 5211 3571 5264 ἀπόθετα
3595 5211 3661 5265 δὲ

388 5303 549 5362 donis
585 5305 756 5359 Deum
794 5305 1089 5366 honorant,
1125 5302 1560 5368 varietatemque
1605 5297 1828 5353 virtutis
1855 5300 1955 5354 vel-

2089 5301 2347 5366 τοιοῦντες
2407 5302 2746 5373 μνημόσυνον
2788 5299 2966 5354 ἔναντι
3016 5301 3253 5370 Κυρίου·
3299 5301 3347 5353 oi
3400 5301 3512 5371 γάρ
3563 5319 3656 5356 τοι.

387 5405 449 5450 ιιι
491 5406 875 5451 ornamentum
916 5395 1191 5464 quoddam
1243 5393 1325 5446 illi
1374 5391 1617 5445 oﬂ‘erunt
1660 5397 1826 5460 atque
1885 5391 1954 5445 di-

2088 5393 2224 5445 λαῶν
2288 5389 2620 5462 ἡγούμενοι,
2681 5390 2776 5442 καὶ.
2843 5391 2921 5452 είς
2973 5390 3238 5459 ἄρχοντας
3292 5391 3655 5460 τεταγμένοι,

386 5498 513 5552 cant
545 5506 558 5541 :
595 5504 828 5557 cumque
868 5487 1044 5555 ipsum
1089 5485 1224 5554 legis
1263 5483 1484 5539 modum
1527 5483 1857 5548 transiliant,
1896 5484 1953 5537 il-

2088 5485 2344 5553 ’.αμπροῖς
2405 5481 2499 5534 καὶ⁸
2568 5481 3028 5552 εὐπρεπεστέροις
3080 5480 3390 5552 ἀναθήμασι
3442 5483 3655 5553 τιμῶσι.

386 5581 700 5647 lustriorem
734 5578 952 5631 laudem
982 5583 1414 5645 consequuntur.

2086 5573 2222 5639 θεὸν,
2279 5571 2480 5642 κόσμον
2525 5570 2714 5645 ὥσπερ
2739 5569 2862 5624 τινὰ
2896 5569 3264 5640 προσάγοντες
3315 5573 3408 5625 καὶ
3451 5573 3653 5627 ἀνατι-

468 5761 506 5805 ".
536 5759 666 5826 Luc,
701 5777 791 5823 vn,
821 5761 908 5814 47.
991 5761 1030 5792 ¹³
1070 5762 1224 5818 Joan.
1273 5777 1384 5830 xm,
1413 5762 1494 5817 l0.
1573 5760 1614 5805 *ἓ
1644 5763 1804 5819 Num.
1838 5783 1981 5828 xxxi,
2008 5766 2190 5821 48-54.
