3968 6300
203 303 297 360 521

932 300 1023 356 DE
1059 295 1503 369 ADORATIONE
1541 294 1609 351 IN
1649 290 1918 358 SPIRITU
1961 289 2049 345 ET
2089 290 2459 347 VERITATE.
2503 292 2630 348 LIB.
2672 294 2761 349 IV.

3366 291 3472 346 31‘!

203 415 572 490 {text-regesti),
601 418 664 473 τὸ
711 414 989 482 πολυειδὲς
1026 419 1086 472 ἐν
1129 416 1324 490 ἀρετῇ,
1364 414 1461 471 καὶ
1490 412 1655 469 οίονεὶ
1690 410 1786 467 καὶ
1822 407 1957 463 αὐτὸ
1985 406 2078 461 τοῦ
2110 407 2274 479 νόμου
2313 408 2375 462 τὸ
2439 409 2641 482 μέτρον
2679 409 3059 481 ύπερθέοντες,
3125 410 3473 483 εὐδοκιμοῦσι

204 485 267 541 λα
276 485 606 560 μπρότερον.

275 580 488 636 IIAAA.
519 576 646 634 Οἷον
682 579 748 651 δὴ
764 578 818 634 τί
858 579 995 651 φής;

274 673 446 729 ΚΥΡ,
474 674 600 737 Τοῖς
628 672 688 726 τὸ
712 672 1050 742 Εύαγγέλιον
1080 669 1548 740 καταγγέλλουσιν
1595 667 1661 722 ἐκ
1686 666 1783 720 τοῦ

207 764 546 835 Εύαγγελίου
572 764 672 837 ζῇν
693 764 975 833 διετάξατο
1006 763 1265 836 Χριστὸς,
1290 761 1319 816 6
1344 762 1410 834 δὴ
1441 760 1535 817 καὶ
1558 763 1623 814 ἐκ
1646 776 1795 830 νομι-

220 858 326 928 κῆς
350 857 569 929 ἐντολῆς
611 856 861 929 βεϐαιοῦν
897 855 1195 921 ἐσπούδαζε
1226 856 1455 928 γράφων
1496 856 1525 909 6
1556 852 1791 921 Παῦλος,

208 949 342 1003 ποτὲ
372 951 491 1024 μὲν,
516 951 598 1006 ὅτι
630 969 649 1004 ι
682 952 743 1004 Ol
766 948 1036 1014 ἐσθίοντες
1055 949 1155 1013 τὰς
1182 947 1373 1013 θυσίας
1412 946 1661 1002 κοινωνοὶ
1684 944 1793 998 τῶν

209 1041 619 1114 θυσιαστηρίων
652 1041 759 1096 είσί
784 1058 800 1073 σ
839 1060 857 1095 ι
907 1042 1041 1096 ποτὲ
1081 1042 1140 1096 δὲ
1184 1042 1367 1109 πάλιν,
1404 1042 1481 1107 ὡς
1515 1041 1574 1108 ἐξ
1618 1041 1793 1109 ἀναγ-

213 1128 384 1183 καίων
438 1129 895 1202 παραδειγμάτων
934 1131 1317 1186 ἀκαταιτίατον
1363 1130 1645 1194 παντελῶς
1688 1130 1794 1184 ἀπ-

214 1222 482 1288 εδείκνυε,
516 1222 727 1292 λέγων·
769 1243 787 1277 ι
824 1223 922 1288 Τίς
972 1224 1197 1295 φυτεύει
1250 1222 1569 1295 ἀμπελῶνα,
1601 1223 1695 1277 καὶ
1730 1222 1796 1274 ἐκ

212 1313 305 1367 τοῦ
359 1314 576 1387 καρποῦ
640 1314 807 1370 αὐτοῦ
856 1315 957 1369 οὐκ
1009 1314 1214 1382 ἐσθίει;
1247 1312 1315 1367 Ἢ
1368 1312 1453 1377 τίς
1517 1311 1795 1383 ποιμαίνει

213 1404 472 1478 ποίμνην,
491 1407 587 1461 καὶ
606 1407 669 1460 ἐκ
690 1406 784 1461 τοῦ
809 1405 1079 1477 γάλακτος
1097 1407 1198 1477 τῆς
1219 1404 1454 1476 ποίμνης
1474 1403 1574 1457 ούκ
1590 1401 1758 1456 ἐσθίει
1779 1418 1794 1469 ;

212 1495 319 1568 Mi};
346 1496 488 1552 κατά
531 1496 818 1570 ἄνθρωπον
862 1498 1036 1552 ταῦτα
1078 1496 1265 1565 λαλῶ;
1304 1497 1375 1549 Ἦ
1409 1496 1529 1567 ούχὶ
1575 1497 1604 1550 6
1632 1494 1796 1566 νόμος

211 1586 391 1642 ταῦτα
412 1588 596 1659 λέγει;
644 1591 732 1644 Ἑν
755 1590 864 1662 γὰρ
897 1588 973 1660 τῷ
1011 1589 1258 1653 Μωσέως
1280 1589 1430 1660 νόμῳ
1463 1586 1794 1659 γέγραπται,

213 1679 298 1733 Οὐ
332 1679 604 1751 φιμώσεις
637 1680 765 1752 βοῦν
807 1680 1071 1737 ἀλοῶντα.
1102 1679 1194 1751 Μὴ
1232 1679 1341 1734 τῶν
1365 1678 1506 1750 βοῶν
1539 1678 1692 1748 μέλει
1720 1677 1799 1750 τῷ

210 1769 366 1841 Θεῷ;
410 1770 462 1843 ’ἢ
506 1771 575 1825 δι’
626 1773 778 1843 ἡμᾶς
837 1772 1053 1837 πάντως
1112 1771 1299 1841 λέγεις
1348 1771 1427 1826 Δι’
1489 1772 1641 1843 ἡμᾶς
1689 1770 1799 1842 γὰρ

210 1859 457 1930 ἐγράφη,
488 1860 572 1914 ὅτι
600 1861 686 1914 ἐπ’
704 1860 880 1914 ἐλπίδι
902 1861 1105 1930 ὀφείλει
1142 1862 1171 1914 6
1216 1861 1489 1932 ἀροτριῶν
1515 1861 1797 1932 ἀροτριᾷν,

210 1950 309 2004 καὶ
337 1952 367 2005 6
401 1950 578 2006 ἀλοῶν
620 1952 706 2005 ἐπ’
741 1951 916 2005 ἐλπίδι
938 1949 1034 2005 τοῦ
1070 1951 1341 2023 μετέχειν.
1374 1970 1393 2002 ι
1424 1946 1563 2005 Εἶτα
1584 1951 1797 2015 τούτοις

208 2046 526 2116 ἐπήνεγκεν
573 2043 761 2108 εύθύς·
795 2064 814 2097 ι
855 2045 919 2097 Εί
962 2045 1126 2116 ἡμεῖς
1164 2044 1294 2114 ύμῖν
1329 2042 1399 2097 τὰ
1448 2042 1796 2113 πνευματικά

212 2137 580 2206 ἐσπείραμεν,
602 2135 766 2206 μέγα,
798 2136 847 2189 εί
864 2136 1026 2207 ἡμεῖς
1050 2134 1204 2206 ὑμῶν
1232 2134 1301 2189 τά
1324 2135 1565 2207 σαρκικὰ
1588 2135 1799 2209 θερίσο-

213 2244 318 2297 μεν
339 2246 356 2296 ;
385 2228 449 2281 El
472 2226 625 2280 ἄλλοι
648 2229 743 2298 τῆς
771 2226 1021 2293 ἐξουσίας
1038 2228 1194 2300 ὑμῶν
1221 2229 1563 2301 μετέχουσιν,
1583 2229 1641 2284 οὐ
1663 2230 1800 2301 μᾶλ-

210 2319 306 2373 λον
337 2321 500 2392 ἡμεῖς
524 2336 538 2385 ;
585 2318 725 2373 Ἀλλ’
751 2320 852 2375 οὐκ
877 2321 1231 2394 ἐχρησάμεθα
1264 2324 1332 2394 τῇ
1360 2322 1579 2394 ἐξουσίᾳ
1600 2322 1796 2396 ταύτῃ,

210 2410 359 2465 ἀλλὰ
407 2412 591 2466 πάντα
630 2412 916 2483 στέγομεν,
951 2412 1040 2467 ἵνα
1082 2413 1157 2487 μὴ
1183 2414 1424 2485 ἐγκοπήν
1462 2430 1584 2468 τινα
1621 2415 1801 2487 δῶμεν

212 2501 295 2574 τῷ
331 2502 647 2574 Εύαγγελίῳ
673 2502 769 2557 τοῦ
808 2504 1072 2576 Χριστοῦ.
1114 2524 1135 2559 ι
1167 2501 1301 2558 Εἶτα
1331 2504 1492 2559 πάλιν
1517 2505 1802 2578 ἐπιστηρί-

215 2596 303 2661 {at
337 2595 456 2669 (1)⁶
494 2616 514 2650 ι
549 2596 647 2660 Τίς
667 2591 763 2651 οὖν
798 2596 901 2668 μού
933 2598 1082 2653 ἐστιν
1109 2599 1137 2652 6
1164 2596 1393 2669 μισθός;
1425 2598 1544 2652 Ἵνα
1570 2598 1802 2669 εύαγγε-

214 2686 505 2758 λιξὸμενος
537 2686 813 2742 ἀδάπανον
861 2687 1011 2761 θήσω
1041 2688 1103 2743 τὸ
1147 2688 1501 2758 Εύαγγέλιον.
1558 2707 1576 2742 ι
1638 2690 1802 2764 Ὁρᾷς

213 2778 370 2843 ὅπως
402 2778 543 2851 ὑπὲρ
565 2779 627 2834 τὸ
644 2779 836 2834 δοκοῦν
854 2778 932 2850 τῷ
950 2780 1174 2853 Χριστῷ
1203 2780 1298 2834 καὶ
1329 2779 1408 2851 τῷ
1434 2779 1604 2836 πάλαι
1629 2764 1801 2853 νόμῳ,

216 2870 475 2938 ἐξουσίαν
528 2871 667 2944 ἔχων
701 2873 777 2927 ’ἐκ
826 2872 921 2927 τοῦ
972 2873 1307 2942 Εύαγγελίου
1363 2872 1485 2946 ζῇν,
1530 2873 1803 2933 ἀδάπανον

219 2961 391 3016 ἐτίθει
418 2962 481 3017 τὺ
513 2965 870 3034 Εὐαγγέλιον,
903 2965 1075 3039 δῶρον
1122 2964 1311 3037 ὥσπερ
1352 2964 1597 3020 ἑκούσιον
1628 2966 1805 3022 ἀνατι-

219 3054 338 3118 θεὶς
368 3055 432 3109 τὸ
467 3056 656 3128 χρῆμα
698 3056 879 3129 αύτῷ;
925 3056 999 3112 Τὸ
1025 3057 1084 3111 δὲ
1123 3056 1188 3128 δὴ
1230 3056 1306 3128 μὴ
1344 3057 1545 3127 χρῆναι
1583 3057 1802 3127 γαμεῖν,

220 3144 349 3200 οὔτε
380 3148 409 3200 6
449 3147 682 3213 παλαιὸς
723 3148 910 3220 νόμος,
955 3146 1080 3202 οὔτε
1105 3148 1166 3202 τὸ
1195 3148 1315 3203 νέον
1352 3149 1486 3223 ἡμῖν
1518 3148 1807 3203 τεθέσπικε

1819 577 1865 637 Α
1963 572 2160 630 PALL.
2202 570 2261 626 Id
2288 584 2419 626 vero
2456 567 2619 639 quale
2650 566 2871 623 tandem
2900 568 3018 622 est?

1963 663 2121 720 (ΠΒ.
2154 661 2225 718 Iis
2259 660 2355 733 qui
2386 658 2740 731 Evangelium
2769 655 3178 723 annuntiarent,
3201 673 3268 714 ex
3290 657 3472 713 Evan-

1894 774 2038 847 gelio
2084 774 2272 829 vivere
2320 770 2605 828 constituit
2655 770 2910 827 Christus
2953 787 2966 824 :
3011 769 3067 825 id
3118 770 3298 840 ipsum
3341 770 3478 842 legis

1895 882 2113 938 quoque
2157 873 2433 937 praecepto
2476 862 2802 920 conﬁrmare
2841 861 3054 919 curavit
3087 861 3310 927 Paulus,
3349 876 3475 917 cum

1896 958 2154 1030 scripsit,
2205 972 2356 1014 nunc
2395 956 2620 1028 quidem
2656 972 2715 1009 ιι
2759 954 2864 1022 Qui
2914 954 3113 1011 hostiis
3155 963 3477 1019 vescuntur,

1895 1049 2032 1104 socii
2082 1063 2147 1104 ac
2194 1046 2492 1119 participes
2552 1055 2680 1102 sunt
2729 1045 2915 1100 altaris
2955 1045 3030 1112 ¹⁸;
3067 1064 3088 1097 ι
3146 1058 3297 1099 nunc
3345 1056 3480 1097 vero

1896 1155 2109 1206 rursus,
2143 1154 2269 1195 cum
2321 1138 2378 1194 id
2422 1137 2571 1194 omni
2622 1152 2849 1208 prorsus
2902 1151 3096 1192 vacare
3147 1135 3309 1206 culpa
3362 1143 3483 1189 tan-

1898 1247 2062 1302 quam
2097 1230 2426 1286 necessariis
2458 1229 2721 1300 exemplis
2745 1228 3006 1293 ostendit,
3033 1227 3263 1283 dicens:
3298 1245 3315 1278 ι
3342 1225 3483 1294 Quis

1896 1324 2109 1395 plantat
2155 1323 2396 1389 vineam,
2439 1330 2496 1378 et
2535 1322 2604 1378 de
2643 1321 2825 1377 fructu
2868 1321 2988 1393 ejus
3024 1336 3137 1375 non
3169 1318 3316 1375 edit?
3347 1316 3482 1385 Quis

1897 1413 2075 1483 pascit
2108 1428 2349 1484 gregem,
2378 1421 2435 1468 et
2479 1412 2548 1468 de
2591 1412 2733 1468 lacte
2780 1412 2959 1485 gregis
2995 1426 3108 1466 non
3149 1410 3490 1469 manducet?

1897 1504 1982 1560 An
2019 1503 2321 1561 secundum
2362 1504 2642 1561 hominem
2695 1505 2814 1565 haec
2866 1504 3031 1560 dico?
3075 1501 3343 1573 numquid
3369 1517 3484 1567 nox

1898 1596 2064 1652 etiam
2093 1595 2182 1651 lex
2204 1596 2312 1652 hoc
2331 1595 2501 1651 dicit?
2529 1597 2586 1658 In
2608 1596 2728 1669 lege
2755 1611 2994 1667 namque
3017 1594 3182 1666 Moysi
3214 1593 3483 1664 scriptum

1900 1694 1986 1743 est
2017 1706 2030 1741 :
2061 1688 2184 1743 Non
2223 1688 2470 1760 alligabis
2501 1705 2565 1745 os
2595 1690 2736 1752 bovi,
2758 1687 3056 1745 trituranti.
3097 1686 3362 1757 Nunquid
3413 1685 3483 1741 de

1901 1777 2083 1834 bobus
2120 1793 2253 1833 cura
2294 1787 2378 1835 est
2413 1780 2567 1841 Deo?
2604 1795 2673 1839 an
2712 1787 2938 1850 propter
2976 1794 3080 1834 nos
3121 1777 3346 1834 omnino
3377 1775 3485 1832 hoc

1902 1868 2075 1925 dicit?
2113 1868 2345 1941 Propter
2384 1885 2486 1929 nos
2527 1869 2677 1924 enim
2718 1870 2981 1940 scriptum
3016 1876 3122 1935 est,
3160 1868 3289 1938 quia
3322 1866 3489 1923 debet

1904 1960 1960 2016 in
1992 1976 2112 2032 spe,
2143 1961 2238 2032 qui
2271 1969 2408 2028 arat,
2439 1977 2626 2029 arare;
2657 1967 2714 2016 et
2738 1960 2830 2031 qui
2862 1960 3104 2026 triturat,
3137 1959 3197 2014 in
3235 1974 3331 2029 spe
3358 1973 3486 2029 par-

1904 2052 2172 2123 ticipandi
2203 2055 2277 2111 ¹⁶.,
2307 2073 2326 2106 ι
2367 2054 2463 2115 llis
2496 2053 2697 2109 deinde
2730 2052 2913 2117 dictis,
2953 2051 3144 2107 intulit
3180 2050 3443 2105 continuo
3472 2068 3485 2102 :

1913 2161 1933 2195 ι
1978 2141 2035 2198 Si
2078 2158 2182 2199 nos
2227 2143 2385 2199 vobis
2430 2143 2739 2214 spiritualia
2779 2142 3191 2208 seminavimus,
3231 2156 3489 2212 magnum

1905 2242 2010 2302 est,
2038 2235 2086 2290 si
2109 2251 2211 2292 nos
2235 2237 2479 2295 carnalia
2500 2245 2686 2299 vestra
2709 2235 3020 2296 metamus?
3041 2235 3098 2291 Si
3128 2234 3221 2290 alii
3253 2239 3494 2305 potesta-

1907 2325 1980 2382 tis
2017 2334 2215 2382 vestrae
2249 2327 2546 2398 participes
2589 2336 2738 2395 sunt,
2773 2343 2944 2399 quare
2987 2342 3098 2382 non
3138 2326 3325 2397 potius
3355 2325 3492 2380 nos?

1909 2416 2018 2473 Sed
2046 2422 2156 2472 non
2187 2418 2273 2473 usi
2302 2432 2493 2475 sumus
2519 2419 2623 2475 hac
2649 2427 2961 2490 potestate;
2983 2418 3081 2473 sed
3109 2418 3294 2477 omnia
3322 2417 3491 2474 susti-

1906 2521 2125 2572 nemus,
2164 2522 2236 2563 ne
2273 2506 2496 2577 aliquod
2538 2507 2993 2585 impedimentum
3024 2507 3219 2563 demus
3241 2508 3497 2579 Evange—

1906 2597 1984 2653 lio
2026 2596 2233 2654 Christi
2271 2599 2337 2654 ¹⁷.
2369 2618 2388 2651 ι
2439 2598 2650 2655 Deinde
2691 2598 2875 2657 denuo
2918 2598 3208 2656 conﬁrmat
3248 2616 3262 2654 :
3312 2617 3331 2650 ι
3362 2597 3493 2665 Qua:

1909 2687 2076 2760 igitur
2101 2696 2187 2745 est
2215 2705 2428 2749 merces
2458 2692 2620 2749 mea?
2655 2692 2726 2752 Ut
2766 2691 3123 2763 Evangelium
3164 2689 3492 2762 praedicans,

1910 2779 2029 2835 sine
2069 2789 2292 2852 sumptu
2331 2797 2532 2852 ponam
2572 2783 2930 2856 Evangelium
2954 2782 3019 2836 ι’.
3053 2801 3072 2835 ι
3116 2781 3286 2838 Vides
3325 2780 3496 2854 igitur

1910 2872 2395 2942 quemadmodum,
2453 2889 2621 2947 supra
2688 2891 2852 2945 quam
2907 2874 3162 2931 Christus
3204 2890 3270 2929 ac
3311 2873 3492 2945 prisca

1910 2964 2000 3021 lex
2050 2965 2419 3032 constituerit,
2467 2966 2719 3036 quamvis
2779 2966 3095 3022 facultatem
3146 2965 3378 3020 haberet
3425 2980 3497 3020 ex

1912 3056 2208 3130 Evangelio
2235 3057 2478 3124 vivendi,
2503 3059 2622 3115 sine
2648 3066 2868 3131 sumptu
2904 3067 3088 3113 tamen
3115 3065 3283 3128 ponat
3311 3057 3495 3111 Evan-

1913 3148 2147 3233 gelium;
2173 3148 2339 3219 idque
2377 3149 2581 3204 factum
2611 3150 2778 3205 veluti
2810 3148 3182 3204 voluntarium
3220 3145 3496 3217 quoddam

221 3242 513 3313 κήρυγμα.
548 3244 662 3297 Καὶ
699 3243 831 3312 γοῦν
858 3245 886 3297 6
913 3241 1129 3306 Παῦλός
1175 3259 1309 3313 φησι
1330 3255 1345 3271 ’
1383 3260 1402 3294 ι
1437 3241 1574 3313 Περὶ
1607 3241 1664 3295 δὲ
1693 3241 1805 3296 τῶν

1916 3240 2124 3296 donum
2171 3239 2253 3294 illi
2297 3240 2616 3295 consecret?
2653 3241 2730 3295 De
2780 3254 2952 3294 uxore
2991 3252 3212 3309 quoque
3248 3252 3359 3292 non
3396 3235 3500 3292 dun

222 3332 513 3404 παρθένων
560 3334 829 3405 ἐπιταγὴν
852 3333 1059 3405 Κυρίου
1094 3335 1195 3386 οὐκ
1219 3333 1347 3405 ἔχω.
1389 3352 1407 3386 ι
1440 3330 1580 3385 Ἀλλ’
1611 3333 1662 3385 οἱ
1688 3332 1814 3400 σφύ-

222 3427 330 3497 δρα
374 3427 617 3480 νεανικοὶ
665 3426 800 3499 πρὸς
839 3425 1157 3489 εὐσέϐειαν,
1204 3423 1669 3495 κατανεκροῦντες
1714 3423 1814 3493 τὴν

228 3514 434 3587 σάρκα,
462 3515 715 3590 λαμπρὸν
748 3516 1006 3587 ἀνάθημα
1053 3516 1389 3588 προσάγουσι
1426 3514 1505 3585 τῷ
1549 3513 1688 3585 Θεῷ,
1714 3512 1814 3581 τὴν

226 3607 371 3680 ὑπὲρ
400 3606 565 3678 νόμον
602 3603 951 3679 ἐγκράτειαν,
982 3608 1076 3660 καὶ
1104 3605 1295 3677 ὥσπερ
1325 3603 1449 3680 τινά
1477 3605 1683 3673 κόσμον
1724 3603 1815 3656 εύ-

226 3699 436 3770 τέχνως
469 3699 833 3772 εἰργασμένον
868 3698 967 3770 τὴν
996 3698 1055 3764 ἐξ
1080 3697 1241 3768 ἔργου
1278 3682 1466 3749 τεκαὶ
1494 3694 1655 3764 λόγου
1691 3682 1817 3748 συνῖ

227 3790 555 3862 τεθειμένην
589 3791 818 3862 ἀρίστην
837 3789 1006 3861 ζωήν.
1037 3786 1405 3859 Είσεκὸμισαν
1431 3786 1488 3840 δὲ
1514 3785 1724 3856 Μωσῆς
1755 3802 1817 3839 τε

230 3883 325 3936 καὶ
368 3882 582 3954 Ἀαρὼν
625 3885 706 3947 είς
741 3883 841 3955 τὴν
891 3881 1054 3950 ἁγίαν
1095 3879 1305 3951 σκηνὴν
1342 3878 1412 3932 τὰ
1451 3894 1819 3951 προσκεκομι-

233 3976 438 4047 σμένα·
481 3975 646 4030 δεκτά
676 3977 787 4047 γὰρ
823 3973 1068 4046 Χριστῷ,
1103 3972 1200 4027 καὶ
1243 3969 1473 4036 πλοῦτος
1501 3970 1728 4044 αὔχημά
1756 3987 1818 4024 τε

230 4069 511 4142 λαμπρὸν,
549 4071 620 4124 τὰ
644 4069 755 4123 τῶν
790 4067 959 4138 ἁγίων
1002 4065 1494 4138 ἀνδραγαθήματα,
1527 4064 1597 4118 δι’
1616 4057 1692 4118 ὧν
1723 4064 1821 4119 καὶ

236 4163 482 4237 μακρὰν,
507 4163 709 4237 μᾶλλον
744 4163 802 4216 δὲ
826 4160 1183 4230 ἀτελεύτητον
1213 4157 1666 4228 ἀποκερδαίνουσι
1685 4159 1822 4230 μνὴ-

237 4274 369 4328 μην,
398 4257 496 4310 καὶ⁵
526 4256 625 4327 τῆς
654 4256 808 4319 θείας
831 4254 1175 4325 ἐπισκέψεως
1198 4253 1383 4321 ἀξίους
1406 4252 1568 4315 ὄντας
1596 4251 1823 4316 ἑαυτοὺς

235 4347 604 4418 ἀποφαίνουσι
624 4361 639 4377 ⁸
668 4347 730 4401 τὸ
763 4345 873 4418 γάρ
902 4346 1083 4400 ἔναντι
1107 4344 1314 4417 Κυρίου
1333 4342 1609 4399 τεθεῖσθαι
1643 4342 1824 4411 λέγειν

234 4442 306 4497 τὰ
326 4442 681 4513 ἀναθήματα,
713 4440 956 4494 τοιοῦτόν
986 4457 1039 4494 τι
1072 4438 1240 4509 δηλοῖ.
1272 4436 1434 4506 Μέγα
1461 4435 1517 4489 δὲ
1551 4434 1646 4488 καὶ
1681 4435 1828 4502 ἐξαί-

241 4550 400 4605 ρετον
428 4533 489 4586 τὸ
518 4532 594 4597 ὡς
627 4534 685 4586 ἐν
735 4532 858 4602 ὕψει
898 4530 1114 4585 κεῖσθαι
1143 4527 1282 4583 Θεοῦ
1301 4546 1316 4560 ·
1344 4528 1481 4600 τιμᾷ
1518 4526 1629 4598 γὰρ
1660 4527 1827 4599 ὑπερ-

236 4622 412 4693 φυῶς,
452 4623 548 4687 οὓς
577 4624 668 4677 καὶ
701 4623 905 4694 ἐφορᾷν
935 4621 1099 4687 ἀξιοῖ.

1915 3332 2088 3387 cenda
2148 3345 2329 3401 neque
2376 3338 2537 3387 vetus
2577 3331 2666 3387 lex
2713 3330 2921 3401 aliquid
2969 3330 3151 3396 nobis,
3182 3345 3361 3401 neque
3406 3343 3497 3385 re-

1916 3439 2047 3479 cens
2094 3423 2376 3495 Evangelii
2430 3422 2749 3495 praedicatio
2799 3422 2999 3478 sanxit.
3052 3424 3241 3494 Itaque
3295 3422 3500 3480 Paulus

1914 3516 2027 3570 ait:
2063 3533 2082 3566 ι
2108 3514 2185 3570 De
2213 3514 2521 3585 virginibus
2553 3522 2739 3569 autem
2779 3522 3114 3586 praeceptum
3142 3514 3360 3570 Domini
3389 3530 3500 3569 non

1916 3606 2096 3663 habeo
2122 3608 2188 3661 ¹⁹.
2226 3626 2245 3659 ›
2280 3606 2369 3672 At,
2406 3606 2501 3678 qui
2543 3607 2840 3662 admodum
2880 3606 3090 3663 strenui
3127 3615 3257 3662 sunt
3285 3606 3352 3661 ad
3384 3614 3500 3662 stu-

1917 3699 2071 3755 dium
2109 3699 2349 3771 pietatis,
2387 3700 2541 3771 131
2567 3716 2790 3756 carnem
2824 3700 3125 3756 conﬁciunt
3160 3708 3324 3771 atque
3353 3715 3503 3755 mor-

1916 3790 2129 3847 tificant
2190 3810 2204 3846 :
2276 3793 2462 3863 itaque
2516 3800 2775 3863 tanquam
2838 3792 3049 3848 clarum
3119 3793 3234 3849 Deo
3297 3793 3506 3849 donum

1919 3884 2335 3952 continentiam,
2383 3900 2506 3956 qua:
2554 3887 2699 3940 ultra
2752 3885 2928 3957 legem
2966 3893 3072 3952 est,
3122 3886 3393 3959 et_vitam
3438 3901 3506 3941 ex

1918 3977 2089 4032 verbo
2126 3985 2183 4031 et
2213 3991 2378 4048 opere
2423 3977 2686 4047 praeclare
2731 3977 3110 4046 compositam,
3144 3978 3303 4032 velut
3339 3992 3506 4032 orna-

1920 4078 2168 4125 mentum
2201 4070 2498 4125 artiﬁciose
2526 4070 2870 4126 elaboratum
2903 4069 3163 4125 eﬁ'erunt.
3197 4069 3509 4143 Intulerunt

1922 4171 2105 4218 autem
2136 4161 2348 4232 Moyses
2376 4167 2434 4215 et
2461 4160 2642 4214 Aaron
2680 4159 2737 4213 in
2774 4167 3025 4221 sanctum
3068 4158 3505 4223 tabernaculum,

1922 4268 2045 4321 qua:
2097 4251 2278 4305 oblata
2330 4248 2549 4303 fuerant
2585 4265 2598 4300 :
2642 4263 2771 4310 nam
2812 4247 3036 4303 fortium
3070 4246 3316 4301 virorum
3364 4244 3509 4301 facta

1923 4342 2141 4399 Christo
2178 4348 2331 4412 grata
2369 4347 2519 4405 sunt,
2555 4347 2610 4395 et
2652 4346 2918 4410 praiterea
2952 4347 3210 4408 tanquam
3248 4335 3510 4392 Ecclesia:

1925 4449 2059 4505 opes
2094 4448 2160 4488 ac
2202 4432 2466 4504 praeclara
2507 4437 2848 4496 ornamenta,
2888 4445 2989 4500 per
3033 4443 3156 4500 qua:
3195 4428 3276 4483 illi
3313 4442 3507 4483 conse—

1927 4533 2173 4597 quuntur
2217 4531 2279 4583 ut
2326 4524 2618 4587 diuturnae,
2677 4523 2788 4578 imo
2822 4538 2959 4579 vero
3004 4521 3356 4592 sempiternae
3396 4535 3513 4581 me:

1854 4614 1899 4669 Ι)
1927 4618 2116 4677 moria:
2162 4622 2584 4683 consecrentur;
2639 4617 2886 4688 talesque
2936 4631 2995 4672 se
3036 4623 3297 4686 praestant
3324 4620 3386 4668 ut
3422 4612 3508 4667 in-

178 4730 195 4741 ’
236 4716 525 4786 spectlone
590 4715 773 4771 divina
826 4714 975 4784 digni
1020 4713 1327 4773 habeantur
1361 4729 1374 4765 :
1410 4726 1557 4777 nam,
1627 4710 1776 4782 quod
1843 4710 2050 4774 dictum
2084 4718 2188 4777 est,
2228 4710 2287 4765 in
2335 4717 2629 4780 conspectu
2680 4708 2899 4764 Domini
2941 4706 3118 4778 posita
3187 4721 3309 4762 esse
3342 4704 3507 4771 dona,

236 4810 560 4885 hujusmodi
618 4811 879 4883 quiddam
934 4807 1224 4880 signiﬁcat.
1282 4807 1535 4879 Magnum
1586 4823 1720 4864 vero
1771 4816 1829 4863 et
1859 4807 2124 4863 eximium
2172 4813 2278 4872 est,
2350 4806 2408 4861 in
2482 4804 2658 4861 oculis
2696 4804 2795 4860 Dei
2832 4798 3236 4875 quodammodo
3268 4798 3503 4872 positum

238 4921 364 4961 esse
395 4922 409 4958 :
446 4919 573 4959 nam
623 4919 721 4958 eos
754 4900 977 4973 plurimi
1015 4900 1108 4955 ille
1147 4899 1296 4964 facit,
1337 4914 1476 4969 quos
1512 4909 1732 4971 aspectu
1770 4913 1871 4960 suo
1907 4899 2183 4973 dignatur.

311 4997 526 5051 IIAAA.
564 4993 662 5049 Ἐκ
689 4992 900 5047 πολλῶν
941 4991 1039 5062 μὲν
1067 4991 1220 5062 ἡμῖν,
1239 4989 1313 5054 ὡς
1362 4988 1504 5042 ἔοικε
1523 5029 1538 5052 ,
1572 4989 1825 5061 σημαίνει

236 5090 439 5160 λέγων,
467 5087 530 5142 τὸ
561 5084 951 5142 ἀναπείθεσθαι
979 5085 1073 5139 καὶ
1103 5083 1351 5155 φρονεῖν,
1382 5079 1457 5144 ὡς
1483 5079 1551 5141 τά
1581 5098 1665 5143 τοι
1692 5080 1829 5151 χρῆ-

238 5200 331 5237 ναι
366 5181 740 5252 καρποφορεῖν
787 5177 985 5251 πρέπει
1027 5176 1094 5231 ἂν
1131 5176 1229 5246 οὐχ
1265 5173 1472 5245 ἑτέροις
1524 5172 1748 5244 μᾶλλον,
1793 5172 1826 5242 ἢ

238 5278 354 5340 τοῖς
386 5275 524 5346 ἄγαν
553 5272 960 5346 ἀνδριζομένοις
989 5269 1081 5325 καὶ
1118 5267 1363 5324 εἰωθόσιν
1392 5265 1720 5335 εὐδοκιμεῖν.

2008 4988 2209 5046 PALL.
2242 4986 2429 5043 Multis
2476 4985 2643 5058 igitur
2679 4983 2868 5040 verbis
2911 4982 2964 5038 id
2993 4981 3157 5038 nobis
3200 4982 3510 5054 signiﬁcare

1934 5082 2176 5147 videtur,
2225 5082 2302 5136 ita
2338 5094 2665 5151 persuasum
2698 5076 2861 5134 nobis
2891 5091 3013 5132 esse
3065 5075 3271 5132 debere
3325 5077 3512 5147 itaque

1939 5173 2311 5238 sentiendum,
2334 5172 2440 5227 hoc
2468 5171 2667 5241 ipsum,
2691 5169 2835 5225 dona
2864 5169 3067 5225 offerre
3084 5169 3219 5233 Deo,
3247 5183 3360 5223 non
3390 5168 3513 5223 aliis

1938 5267 2112 5339 magis
2142 5262 2439 5323 convenire
2477 5280 2641 5336 quam
2679 5265 2775 5334 qui
2821 5277 2882 5319 se
2924 5270 3149 5320 strenue
3191 5276 3256 5317 ac
3293 5260 3512 5315 fortiter

1937 5368 2148 5432 gerant,
2182 5369 2240 5415 et
2271 5373 2413 5429 saepe
2437 5372 2507 5413 ex
2556 5362 2705 5411 recte
2745 5354 2903 5414 factis
2930 5356 3150 5412 laudem
3192 5351 3298 5409 sibi
3341 5366 3510 5422 pene.

1936 5450 2128 5505 rerint.

320 5605 560 5662 "ICor.
603 5620 660 5670 κ,
686 5602 775 5658 I8.
858 5601 901 5633 “
924 5601 945 5655 I
969 5599 1095 5656 Cor.
1131 5615 1205 5665 Ix,
1236 5595 1389 5653 7-i0.
1468 5596 1508 5628 ”
1544 5594 1707 5662 Ibid.,
1745 5593 1802 5649 Il

1914 5591 1947 5645 Β.
2029 5591 2070 5623 ¹¹
2096 5590 2255 5655 lbid.,
2290 5589 2372 5643 l8.
2470 5588 2511 5619 "
2546 5587 2566 5641 Ι
2599 5586 2725 5642 Cur.
2758 5603 2851 5652 vn,
2904 5586 2991 5639 25S.

323 5744 402 5820 (Ι)
442 5743 581 5802 Cod.
619 5742 768 5808 νει,
804 5738 1120 5795 ἐπιστέλλει.
