3968 6300
423 328 530 385 5ίῦ

1423 324 1478 379 S.
1520 323 1799 380 CYRILLI
1838 322 2308 379 ALEXANDBINI
2342 320 2664 378 ARCHIEP.

3588 317 3699 379 554

492 444 651 501 CYR.
678 445 849 515 Euge,
880 444 1109 507 Palladi,
1139 452 1286 498 recte
1334 459 1570 513 namque
1622 445 1924 511 existimas,
1950 451 2008 499 et

2179 430 2344 499 KrP.
2377 439 2542 514 Εὖγε,
2572 438 2619 497 ὦ
2651 441 2938 510 Παλλάδιε,
2967 441 3151 513 διανοῇ
3175 441 3284 514 γάρ
3309 440 3503 514 ὀρθῶς.
3538 441 3697 512 Ἔχει
3732 516 3743 522 ι

421 552 535 592 non
566 535 730 590 modo
753 536 869 605 ipsa
893 549 981 588 res
1005 534 1080 589 ita
1105 550 1163 589 se
1195 534 1381 598 habet,
1399 534 1495 589 sed
1524 535 1691 590 etiam
1709 535 2005 607 Scripturze

421 644 590 684 sacrae
642 627 961 683 testimonio
1024 625 1408 683 conﬁrmatur.
1480 624 1619 683 Cum
1670 628 1820 685 enim
1880 627 2007 682 ﬁliis

421 722 589 777 Israel
610 720 793 776 adhuc
824 720 879 775 in
911 735 1099 774 eremo
1126 721 1597 777 commorantibus
1626 734 1843 777 sacrum
1869 721 2005 777 illud

423 813 841 869 tabernaculum
883 812 1095 885 erigere
1152 814 1319 869 vellet
1351 816 1517 878 Deus,
1560 815 1709 885 quOd
1748 814 2007 871 Ecclesiae

422 924 491 962 ex
528 907 785 977 gentibus
827 906 1072 962 collectae
1094 906 1323 978 ﬁguram
1360 915 1417 963 et
1444 908 1740 980 imaginem
1764 919 2002 979 gereret,

417 999 584 1069 jussit
619 1005 698 1064 ut,
727 1015 849 1069 quae
883 1000 940 1053 in
986 1016 1107 1055 eam
1140 1016 1261 1056 rem
1286 1017 1427 1072 opus
1460 1010 1665 1067 essent,
1708 1018 2008 1073 congrega-

421 1097 635 1146 rentur.
674 1090 863 1160 Itaque
910 1091 992 1146 sic
1023 1106 1309 1147 sacrorum
1363 1093 1730 1164 interpretem
1783 1093 2007 1165 Moysen

421 1192 508 1237 est
554 1184 859 1241 allocutus:
925 1205 943 1236 ι
977 1185 1034 1241 Si
1091 1187 1372 1257 acceperis
1430 1190 1703 1243 summam
1765 1186 2006 1241 ﬁliorum

423 1275 612 1342 Israel,
654 1277 711 1331 in
745 1280 1066 1335 recensione
1114 1295 1309 1334 eorum
1363 1280 1575 1335 dabunt
1625 1281 2007 1351 unusquisque

423 1368 602 1437 pretia
636 1369 1033 1440 redemptionis
1090 1372 1285 1427 animae
1327 1388 1439 1428 suae
1490 1371 1744 1438 Domino,
1801 1380 1857 1426 et
1894 1387 2007 1428 non

423 1459 533 1513 erit
562 1459 618 1515 in
643 1462 724 1516 cis
750 1477 909 1517 casus
936 1464 992 1518 in
1025 1466 1350 1520 recensione
1388 1480 1613 1533 eorum;
1644 1475 1702 1520 et
1744 1465 1852 1521 hoc
1874 1467 2004 1532 erit,

424 1551 572 1619 quod
618 1551 847 1619 dabunt,
890 1556 1207 1627 quicunque
1257 1566 1545 1613 transeunt
1586 1558 1653 1614 ad
1706 1559 2006 1630 inspectio-

422 1657 572 1707 nem,
600 1645 834 1700 mediam
881 1656 1093 1719 partem
1151 1650 1293 1715 sicli,
1354 1651 1451 1720 qui
1481 1659 1568 1708 est
1614 1653 1768 1723 juxta
1811 1652 2006 1706 siclum

426 1742 678 1790 sanctum
745 1738 957 1809 (viginti
1019 1740 1212 1797 obolos
1240 1742 1407 1796 habet
1439 1740 1653 1813 siolus),
1714 1742 2007 1798 dimidium

426 1836 613 1884 autem
669 1830 791 1887 sicli
826 1832 1094 1887 tributum
1149 1834 1400 1899 Domino.
1436 1830 1627 1894 Omnis
1669 1833 1764 1904 qui
1813 1835 2011 1892 transit

425 1920 484 1973 in
538 1920 938 1993 inspectionem
982 1940 1012 1979 a
1052 1924 1245 1996 viginti
1268 1925 1429 1980 annis
1458 1933 1516 1981 et
1565 1940 1752 1997 supra,
1798 1924 2011 1981 dabunt

422 2012 697 2069 tributum
741 2016 995 2071 Domino.
1044 2015 1209 2073 Dives
1247 2033 1357 2072 non
1412 2017 1656 2090 adjiciet,
1696 2025 2011 2091 etpauper

421 2120 537 2161 non
568 2107 785 2164 minuet
809 2125 839 2166 a
886 2108 1119 2166 dimidio
1156 2110 1300 2176 sicli,
1357 2125 1483 2165 eum
1519 2109 1684 2165 datur
1736 2111 2011 2166 tributum

421 2196 657 2255 Domino
682 2200 752 2255 ad
781 2202 1194 2273 propitiandum
1224 2217 1327 2273 pro
1361 2202 1653 2260 animabus
1691 2204 1925 2259 vestris:
1954 2213 2012 2260 et

419 2289 661 2361 accipies
706 2302 995 2362 argentum
1024 2292 1216 2349 tributi
1249 2309 1280 2349 a
1305 2293 1431 2350 ﬁliis
1469 2295 1656 2361 Israel,
1689 2303 1747 2351 et
1769 2295 1928 2350 dabis
1947 2296 2012 2350 il-

419 2379 518 2437 Iud
540 2381 609 2437 ad
622 2398 763 2454 opus
780 2385 1121 2441 tabernaculi
1140 2387 1473 2454 testimonii;
1501 2395 1557 2442 et
1573 2387 1682 2443 erit
1699 2387 1827 2466 ﬁliis
1840 2387 2009 2443 Israel

421 2483 849 2532 monumentum
903 2494 1090 2534 coram
1146 2480 1401 2545 Domino,
1453 2487 1515 2534 ut
1548 2480 1879 2553 propitietur
1907 2495 2011 2551 pro

424 2565 720 2621 animabus
744 2566 944 2621 vestris
961 2568 1061 2620 ²⁰.›
1109 2566 1267 2639 132
1295 2568 1437 2624 Ecce
1466 2569 1668 2627 iterum
1689 2569 2010 2641 diligentem

421 2655 802 2712 reeensionem
820 2658 1017 2713 conﬁci
1039 2669 1297 2728 oportere
1312 2660 1595 2731 legislator
1617 2661 1713 2727 ait,
1733 2660 2012 2717 conferre-

423 2762 532 2819 que
557 2749 724 2820 jussit
754 2750 898 2806 dona
921 2750 1157 2806 Domino
1199 2751 1492 2807 dimidium
1524 2753 1664 2809 sicli.
1691 2753 1795 2821 Qui
1824 2762 2009 2809 autem

423 2840 537 2898 sint
559 2842 655 2913 qui
685 2841 887 2899 oﬁ‘erre
911 2844 1169 2910 debeant,
1204 2852 1395 2915 aperte
1418 2844 1643 2912 deﬁnit;
1663 2862 1841 2917 neque
1863 2847 2011 2901 enim

422 2935 756 2991 mulieribus
780 2935 835 2990 id
869 2934 1074 3002 facere,
1126 2952 1306 3007 neque
1360 2937 1541 2992 adhuc
1577 2937 1769 3008 pueris
1803 2938 2010 3008 permi-

424 3026 499 3082 sit
523 3027 698 3082 Deus:
726 3028 782 3082 in
812 3044 943 3099 quo,
981 3030 1086 3085 nisi
1113 3029 1295 3096 fallor,
1323 3029 1655 3101 improbavit
1676 3031 1927 3087 imbelles
1949 3047 2013 3087 ac

2105 538 2163 591 δέ
2178 532 2281 591 ὧδε
2300 537 2361 590 τὸ
2382 536 2571 610 χρῆμα
2592 539 2659 608 τῇ
2684 534 2867 605 φύσει,
2891 535 2984 588 καὶ
3006 535 3348 605 μαρτυρήσει
3373 533 3436 587 τὸ
3457 534 3697 607 γράμμα

2105 630 2167 684 τὸ
2212 630 2374 701 ἱερόν.
2420 628 2637 700 Ἐπειδὴ
2681 628 2789 699 γὰρ
2832 629 2945 692 τοῖς
2979 628 3116 691 υἱοῖς
3159 625 3375 699 Ἰσραὴλ
3408 627 3702 699 αὐλιζομέο

2109 736 2219 783 νοις
2247 718 2327 772 ἐτι
2356 719 2498 775 κατά
2526 719 2624 790 τὴν
2656 717 2860 791 ἔρημον
2908 717 3006 787 τὴν
3039 716 3200 786 ἁγίαν
3232 717 3438 790 σκηνὴν
3465 718 3701 790 ἐγείρειν

2109 811 2361 866 ἐϐούλετο
2399 813 2427 865 ὁ
2452 811 2604 877 Θεὸς,
2650 813 2729 875 είς
2768 809 2953 863 εἰκόνα
2984 809 3080 863 καὶ
3113 808 3282 861 τύπον
3311 809 3410 880 τῆς
3439 808 3499 875 ἐξ
3529 809 3701 864 ἐθνῶν

2121 904 2467 976 Ἑκκλησίας,
2502 902 2918 974 συναγείρεσθαι
2937 901 3048 956 δεῖν
3072 900 3142 955 τὰ
3168 902 3248 965 είς
3270 900 3429 954 τοῦτο
3452 902 3700 974 χρήσιμα

2110 998 2363 1053 διετύπου
2396 997 2577 1052 πάλιν.
2616 998 2760 1066 Ἔφη
2797 1013 2855 1048 τε
2892 994 3036 1048 οὔτω
3077 995 3212 1067 πρὸς
3239 993 3329 1047 τὸν
3374 994 3701 1066 ἱεροφάντην
3812 1050 3815 1051 ν

2108 1090 2345 1145 Μωσέα’
2384 1109 2402 1141 ι
2472 1088 2596 1141 Ἐὰν
2652 1086 2823 1159 λάϐῃς
2868 1087 2960 1139 τὸν
2998 1084 3358 1156 συλλογισμὸν
3404 1084 3515 1138 τῶν
3566 1085 3701 1140 υίῶν

2124 1185 2337 1257 Ἰσραὴλ
2358 1187 2415 1238 ἐν
2438 1185 2503 1255 τῇ
2527 1184 2799 1255 ἐπισκοπῇ
2830 1182 3029 1251 αὐτῶν,
3056 1182 3151 1236 καὶ
3175 1181 3438 1236 δώσουσιν
3467 1182 3701 1248 ἕκαστος

2110 1276 2281 1346 λύτρα
2317 1277 2418 1346 τῆς
2462 1274 2643 1346 ψυχῆς
2694 1274 2859 1329 αὐτοῦ
2893 1274 3116 1347 Κυρίῳ,
3160 1274 3256 1327 καὶ
3297 1274 3398 1328 ούκ
3432 1272 3589 1328 ἔσται
3643 1277 3701 1328 ἐν

2111 1369 2297 1432 αὐτοῖς
2342 1367 2549 1430 πτῶσις
2596 1370 2654 1420 ἐν
2700 1368 2765 1437 τῇ
2810 1368 3083 1437 ἐπισκοπῇ
3129 1366 3347 1420 αὐτῶν
3398 1366 3494 1420 καὶ
3546 1366 3702 1419 τοῦτό

2111 1465 2258 1517 ἐστιν
2282 1460 2310 1514 ὃ
2329 1460 2611 1523 δώσουσιν,
2630 1460 2742 1514 ὅσοι
2771 1460 2867 1513 ἐάν
2897 1457 3236 1529 πορεύωνται
3259 1457 3357 1530 τὴν
3377 1457 3690 1528 ἐπίσκεψιν,
3763 1456 3769 1462 ’

2109 1555 2171 1608 τδ
2202 1555 2374 1626 ἥμισυ
2408 1551 2499 1606 τοῦ
2529 1551 2859 1624 διδράχμου,
2908 1552 2936 1605 ὃ
2983 1554 3098 1604 ἐστι
3133 1550 3277 1605 κατὰ
3318 1551 3615 1621 δίδραχμον
3641 1551 3701 1604 τὸ

2112 1647 2265 1715 ἅγιον
2291 1687 2305 1712 ,
2344 1645 2548 1699 εἴκοσιν
2592 1644 2771 1698 ὀϐολοὶ
2815 1645 2876 1698 τὸ
2929 1643 3254 1714 δίδραχμον,
3286 1642 3347 1696 τὸ
3395 1644 3569 1715 ἥμισυ
3607 1643 3699 1697 τοῦ

2112 1738 2410 1812 διδράχμου
2444 1737 2674 1810 εἰσφορὰ
2700 1736 2776 1808 τῷ
2806 1737 3014 1810 Κυρίῳ.
3049 1737 3163 1799 Πᾶς
3190 1738 3219 1789 ὁ
3246 1739 3704 1806 παραπορευόμεο

2045 1811 2084 1865 Β
2113 1811 2206 1896 νος
2246 1834 2324 1895 εἰς
2367 1830 2467 1903 τὴν
2507 1829 2815 1899 ἐπίσκεψιν,
2849 1829 2957 1883 ἀπὸ
2984 1826 3326 1891 εἰκοσαετοῦς
3373 1828 3469 1880 καὶ
3520 1827 3704 1883 ἐπάνω

2110 1922 2342 1978 δώσουσι
2392 1921 2492 1993 τὴν
2546 1914 2809 1992 είσφορὰν
2855 1918 2933 1990 τῷ
2974 1918 3188 1991 Κυρίῳ.
3235 1917 3297 1972 '0
3346 1916 3594 1971 πλουτῶν
3640 1916 3701 1970 οὐ

2112 2017 2432 2090 προσθήσει,
2465 2015 2558 2069 καὶ
2590 2014 2618 2067 ό
2652 2014 2950 2084 πενόμενος
2972 2013 3073 2066 οὐκ
3096 2011 3440 2082 ἐλαττονήσει
3465 2009 3576 2064 ἀπὸ
3606 2008 3701 2063 τοῦ

2111 2109 2342 2181 ἡμίσους
2367 2107 2462 2162 τοῦ
2496 2106 2793 2178 διδράχμου
2814 2147 2831 2173 ,
2859 2104 2952 2158 ἐπὶ
2979 2104 3039 2158 τὸ
3074 2103 3277 2157 διδόναι
3308 2102 3407 2174 τὴν
3442 2100 3701 2171 εἰσφορὰν

2087 2200 2188 2271 ,τῷ
2217 2200 2409 2272 Κυρίῳ
2433 2215 2446 2229 ·
2484 2196 2834 2263 ἐξιλάσασθαι
2863 2194 2993 2268 περὶ
3025 2194 3134 2247 τῶν
3161 2193 3350 2266 ψυχῶν
3383 2190 3540 2263 ὑμῶν
3560 2207 3574 2221 ·
3610 2190 3703 2244 καὶ

2110 2294 2258 2365 λήψῃ
2306 2293 2369 2346 τὸ
2418 2291 2679 2362 ἀργύριον
2731 2289 2831 2358 τῆς
2891 2287 3153 2357 εἰσφορᾶς
3200 2284 3349 2355 παρὰ
3397 2283 3506 2338 τῶν
3560 2282 3692 2338 υίῶν

2126 2385 2361 2457 Ἰσραὴλ,
2392 2385 2486 2439 καὶ
2520 2382 2710 2446 δώσεις
2735 2382 2919 2444 αὐτοῖς
2947 2379 3027 2443 είς
3067 2377 3331 2450 κάτεργον
3363 2375 3461 2446 τῆς
3493 2373 3706 2446 σκηνῆς

2111 2477 2205 2531 τοῦ
2253 2475 2577 2548 μαρτυρίου,
2610 2473 2702 2527 καὶ
2731 2470 2882 2525 ἔσται
2909 2472 3023 2534 τοῖς
3051 2470 3189 2531 υἱοῖς
3234 2465 3452 2537 Ἰσραὴλ
3491 2465 3703 2537 μνημό-

2115 2585 2274 2625 συνον
2304 2566 2544 2621 ἐναντίον
2575 2564 2783 2637 Κυρίου
2825 2558 3177 2628 ἐξιλάσασθαι
3220 2558 3350 2630 περὶ
3379 2557 3488 2610 τῶν
3516 2556 3703 2626 ψυχῶν

2115 2664 2289 2736 ὑμῶν.
2339 2682 2357 2715 ι
2403 2662 2535 2716 Ἰδοὺ
2577 2659 2642 2731 δὴ
2675 2658 2834 2713 πάλιν
2864 2655 3068 2729 ἀκριϐῆ
3100 2659 3192 2708 τὸν
3224 2650 3553 2722 ἐκλογισμὸν
3583 2650 3704 2704 δια-

2116 2754 2472 2831 περαίνεσθαι
2512 2754 2623 2808 δεῖν
2660 2754 2689 2807 ό
2719 2751 3016 2823 νομοθέτης
3054 2745 3223 2818 φησί·
3261 2744 3601 2812 συνενεγκεῖν
3646 2739 3705 2795 δὲ

2114 2849 2451 2923 προστέταχε
2489 2847 2559 2901 τὰ
2601 2846 2751 2918 δῶρα
2799 2842 3010 2915 Κυρίῳ,
3045 2841 3108 2895 τὸ
3144 2840 3317 2910 ἥμισυ
3359 2836 3453 2890 τοῦ
3486 2833 3707 2908 διδράχ-

2117 2962 2242 3015 μου.
2286 2942 2443 3007 Τίνες
2486 2941 2532 2994 δ’
2561 2937 2626 2997 ἂν
2674 2935 2783 2992 εἷεν
2825 2938 2874 2990 οἱ
2939 2931 3331 3006 προσκομίζειν
3375 2927 3704 2997 ὀφείλοντες,

2114 3033 2340 3108 διορίζει
2371 3032 2558 3104 σαφῶς
2577 3049 2592 3065 ο
2623 3032 2685 3084 ού
2710 3031 2825 3101 γάρ
2847 3028 2911 3100 δὴ
2941 3025 3188 3096 γυναίοις
3212 3022 3373 3077 τοῦτο
3401 3021 3555 3092 δρᾷν,
3580 3017 3707 3108 οὔτε

424 3115 641 3193 molles,
700 3122 757 3171 et
805 3118 896 3189 qui
942 3119 1238 3188 prudentia
1300 3120 1487 3177 minus
1528 3122 1773 3192 perfecta
1824 3130 1955 3177 sunt
1995 3141 2007 3175 :

2120 3104 2226 3200 μὴν
2249 3128 2363 3190 τοῖς
2394 3125 2475 3178 ἔτι
2503 3123 2719 3195 νηπίοις
2746 3121 2918 3192 ἐφῆκε
2952 3119 3086 3181 Θεός
3106 3136 3119 3149 ·
3147 3112 3589 3218 ἀποδοκιμάζων,
3619 3104 3708 3218 ρξε-

424 3206 794 3279 ascripsitque
821 3211 877 3265 in
911 3211 1263 3270 offerentium
1288 3230 1583 3270 numerum
1621 3215 1869 3271 adultum
1898 3215 2010 3286 jam

2120 3221 2218 3293 μαί
2243 3237 2367 3284 που,
2402 3217 2461 3272 τὸ
2499 3216 2692 3272 ἄναλκί
2716 3231 2776 3267 τε
2809 3214 2903 3268 καὶ
2939 3209 3216 3283 μαλθακὸν
3239 3248 3255 3274 ,
3289 3207 3385 3262 καὶ
3412 3205 3473 3258 τὸ
3520 3201 3710 3266 ἀτελὲς

424 3308 482 3354 et
505 3299 778 3372 vigentem
806 3303 1087 3373 juvenem,
1111 3315 1167 3361 et
1194 3308 1375 3378 quiad
1410 3307 1809 3379 inspectionem
1831 3315 2012 3362 trans-

424 3390 563 3459 iret,
601 3392 806 3463 quibus
832 3396 1011 3453 aetatis
1039 3413 1248 3453 annum
1295 3400 1607 3471 praescribit
1659 3400 2009 3455 vicesimum.

426 3480 542 3536 Soli
568 3484 716 3539 enim
752 3484 1064 3558 digni_sunt
1087 3489 1289 3545 oﬂ‘erre
1314 3491 1458 3547 dona
1493 3492 1727 3547 Domino
1751 3492 1905 3562 juxta
1931 3491 2013 3546 le—

428 3575 512 3646 gis
542 3579 947 3649 praescriptum,
982 3582 1076 3651 qui
1107 3582 1376 3652 puerilem
1418 3594 1643 3639 sensum
1691 3594 1854 3655 atque
1888 3601 2013 3640 mu-

426 3663 663 3721 liebrem
704 3668 951 3723 animum
1002 3670 1350 3737 transiliunt,
1397 3672 1619 3742 jamque
1672 3675 1740 3729 ad
1794 3675 2014 3729 virilem

429 3764 750 3805 mensuram
784 3762 1181 3820 pervenerunt,
1219 3768 1345 3808 cum
1372 3761 1533 3809 aetate
1561 3770 1685 3825 quae
1710 3755 1766 3810 in
1793 3756 2016 3815 Christo

434 3838 766 3910 intelligitur
818 3848 875 3895 et
927 3841 1234 3911 spiritualis
1273 3837 1378 3909 est,
1424 3844 1587 3914 plena
1626 3846 1737 3900 sint
1771 3854 1827 3902 et
1872 3847 2015 3906 inte-

382 3928 388 3934 ’
431 3947 549 4002 gra.
588 3932 654 3987 Hi
703 3940 993 3995 transeunt
1037 3934 1107 3990 ad
1153 3935 1570 4008 inspectionem,
1609 3937 1665 3991 id
1697 3946 1800 4003 est,
1837 3954 1897 3994 se
1928 3939 2015 3994 di-

431 4037 569 4092 gnos
600 4022 851 4092 praebent
897 4024 991 4095 qui
1026 4025 1084 4080 in
1136 4025 1314 4092 oculis
1353 4026 1451 4082 Dei
1497 4036 1811 4095 versentur,
1847 4036 1908 4084 ut
1960 4030 2017 4085 in

431 4112 664 4168 Psalmis
687 4114 938 4174 canitur:
983 4135 1001 4167 ι
1023 4114 1182 4171 Oculi
1235 4116 1454 4179 Domini
1488 4133 1657 4189 super
1690 4121 1869 4192 justos
1893 4123 1956 4176 ³⁸.
1990 4142 2009 4175 ι

431 4205 509 4258 Ea
534 4219 702 4275 porro
725 4206 1120 4277 redemptionis
1140 4209 1317 4279 pretia
1330 4225 1431 4280 pro
1447 4211 1623 4268 salute
1643 4212 2012 4280 offerentium,

431 4305 488 4351 et
509 4294 579 4351 ad
605 4297 783 4354 sancti
814 4299 1155 4355 tabernaculi
1179 4316 1380 4371 opera,
1410 4311 1467 4358 et
1507 4303 1566 4357 in
1597 4315 2015 4362 monumentum

431 4406 618 4446 coram
679 4392 913 4448 Domino
986 4395 1402 4453 offerebantur:
1467 4400 1735 4469 praeclara
1780 4416 2018 4472 namque

2117 3317 2196 3379 είς
2233 3312 2447 3367 σύνεσιν
2468 3328 2480 3341 ο
2512 3307 2950 3379 ἐγκαταγράφων
2993 3304 3051 3358 δέ
3082 3302 3271 3371 ῶσπερ
3297 3301 3410 3362 τοῖς
3432 3294 3710 3365 ὀφείλουσι

2104 3404 2491 3477 ,καρποφορεῖν
2511 3402 2602 3455 τὸν
2621 3399 2866 3472 ὴ6ηκότα
2888 3398 2993 3469 ἤδη
3013 3395 3110 3450 καὶ
3130 3392 3446 3465 σφριγῶντα
3466 3386 3707 3451 νεανίαν,

2118 3500 2213 3552 καὶ
2238 3496 2756 3569 παραπορευόμενον
2789 3491 2868 3554 εἰς
2894 3489 2990 3560 τὴν
3018 3486 3328 3556 ἐπίσκεψιν,
3362 3478 3443 3546 οἷς
3468 3481 3564 3535 καὶ
3592 3478 3713 3543 ἔτος

2117 3587 2289 3659 ὁρίζει
2319 3586 2378 3640 τὸ
2409 3584 2672 3639 εἰκοστόν.
2695 3581 2864 3637 Μόνοι
2895 3580 3003 3651 γὰρ
3027 3577 3166 3643 ἄξιοι
3195 3575 3290 3628 τοῦ
3316 3573 3515 3646 χρῆναι
3542 3586 3711 3641 προσ-

2118 3682 2270 3750 άγειν
2300 3678 2371 3732 τὰ
2400 3677 2548 3750 δῶρα
2591 3675 2818 3746 Κυρίῳ,
2855 3671 3000 3726 κατὰ
3053 3669 3146 3723 τὸν
3180 3669 3376 3739 νόμον,
3421 3665 3470 3717 οἱ
3518 3678 3716 3734 μειρα-

2080 3799 2091 3809 -
2119 3771 2285 3843 κιώδη
2321 3771 2583 3841 φρόνησιν
2609 3766 2704 3821 καὶ
2744 3764 3057 3837 θηλύφρονα
3088 3761 3215 3815 νοῦν
3243 3756 3714 3828 ἀναθρώσκοντες,

2119 3866 2213 3918 καὶ
2241 3861 2543 3934 είςκάνδρδς
2568 3860 2667 3932 ἤδη
2696 3857 2976 3920 τελοῦντες
3003 3855 3220 3928 μέτρον,
3248 3849 3472 3921 ἡλικίας.
3494 3847 3715 3919 ἔχοντες

2121 3957 2398 4029 πλήρωμα
2431 3954 2505 4026 (ί)
2540 3952 2639 4023 τῆς
2672 3953 2729 4005 ἐν
2760 3947 2984 4021 Χριστῷ
3022 3944 3316 4017 νοουμένης
3341 3941 3432 3995 καὶ⁵
3464 3955 3716 4012 πνευμαο

2119 4051 2298 4120 τικῆς.
2318 4039 2478 4100 Οὗτοι
2506 4040 2981 4115 παραπορεύονται
3003 4040 3081 4102 είς
3098 4036 3196 4108 τὴν
3219 4031 3530 4102 ἐπίσκεψιν,
3556 4047 3717 4084 τουτ-

2123 4143 2270 4202 έστιν
2293 4182 2307 4205 ,
2347 4138 2532 4205 ἀξίους
2566 4137 2796 4199 ἑαυτοὺς
2839 4130 3201 4204 ἀποφαίνουσι
3240 4126 3335 4181 τοῦ
3368 4126 3465 4179 καὶ
3500 4125 3558 4177 ἐν
3596 4123 3718 4194 ὄψει

2124 4232 2376 4305 γενέσθαι
2429 4228 2587 4295 Θεοῦ,
2641 4225 2785 4281 κατὰ
2833 4225 2896 4278 τὸ
2946 4225 3005 4278 ἐν
3050 4220 3301 4292 Ψαλμοῖς
3350 4212 3715 4305 ὑμνούμενον⁸

2131 4303 2150 4377 ι
2198 4318 2498 4391 Ὀφθαλμοὶ
2522 4315 2730 4387 Κυρίου
2753 4315 2845 4368 ἐπὶ
2871 4312 3131 4374 δικαίους.
3168 4328 3187 4362 ι
3233 4307 3403 4377 ’Υπὲρ
3437 4303 3718 4376 σωτηρίας

2124 4416 2182 4470 δέ
2209 4415 2307 4485 τῆς
2340 4411 2453 4466 τῶν
2488 4407 2875 4480 προσαγόντων
2918 4404 2986 4458 τὰ
3013 4403 3219 4475 λύτρα,
3254 4400 3351 4454 καὶ
3376 4400 3456 4460 εἰς
3482 4394 3553 4448 τὰ
3578 4394 3718 4448 κάτ-

432 4493 754 4540 sanctorum
776 4485 1061 4542 hominum
1084 4496 1237 4558 gesta
1279 4489 1543 4546 ecclesias
1566 4492 1934 4559 constituunt,
1962 4502 2010 4549 et

2126 4524 2264 4580 εργα
2297 4504 2397 4576 τῆς
2430 4502 2593 4571 ἁγίας
2629 4499 2854 4570 σκηνῆς,
2898 4497 2994 4553 καὶ
3029 4498 3109 4559 είς
3151 4493 3493 4566 μνημόσυνον
3528 4487 3712 4541 ἔναντι

433 4574 783 4631 adornatum
812 4578 954 4631 sacri
982 4578 1326 4636 tabernaculi
1361 4582 1518 4638 utilia
1552 4593 1699 4649 sunt,
1748 4595 1806 4640 et
1847 4586 2010 4640 simul

2116 4574 2365 4673 Κυρίου(
2402 4597 2682 4666 συνίστησι
2720 4593 2829 4662 γὰρ
2871 4588 3204 4661 ἐκκλησίας,
3252 4585 3346 4640 καὶ
3379 4585 3473 4647 εἰς’
3505 4581 3714 4652 κόσμον

434 4665 634 4722 animae
663 4667 895 4723 salutem
919 4669 1182 4737 efﬁciunt,
1236 4682 1295 4729 et
1326 4674 1512 4746 glorim
1544 4677 1896 4748 sempiternae
1918 4694 2015 4737 eo-

436 4772 572 4815 rona
606 4762 754 4817 viros
780 4762 951 4819 fortes
988 4776 1275 4829 exornant.
1316 4768 1396 4822 An
1423 4769 1519 4824 tibi
1549 4787 1745 4841 parum
1777 4787 1906 4827 vere
1931 4772 2016 4835 di-

435 4871 562 4911 cere
605 4856 859 4911 videmur
879 4858 902 4910 ?
1069 4853 1074 4858 ’

505 5124 705 5180 PALL.
731 5125 864 5181 Mihi
892 5128 1115 5198 quidem
1134 5130 1444 5187 verissime.

506 5218 665 5274 CYB.
683 5220 1100 5296 Redemptionis
1122 5227 1291 5299 igitur
1309 5228 1550 5294 pretium
1569 5243 1666 5284 seu
1691 5228 1887 5284 siclum
1906 5231 2017 5285 vel?

437 5313 515 5369 uti
556 5331 783 5371 censum
808 5320 1100 5389 quemdam
1128 5321 1273 5390 exigi
1316 5321 1483 5391 jussit
1511 5321 1677 5387 Deus,
1707 5320 1874 5391 idque
1896 5330 2017 5377 erat

436 5419 633 5462 eorum
658 5408 951 5476 tributum,
988 5410 1085 5480 qui
1116 5410 1182 5465 ad
1225 5410 1440 5466 virilem
1479 5420 1697 5467 aetatem
1731 5413 2017 5483 pervenis-

437 5508 576 5560 sent.
612 5501 681 5555 At
704 5517 834 5558 vero
856 5503 1137 5572 principes
1181 5502 1422 5558 tribuum
1465 5505 1781 5575 adjecerunt
1804 5506 1870 5561 iis
1897 5522 2017 5576 quae

514 5654 557 5682 ’θ
604 5651 777 5705 Exod.
809 5666 932 5703 xxx.
984 5651 1170 5705 12-16.
1250 5654 1290 5684 “
1320 5654 1460 5708 Psal.
1491 5672 1675 5709 xum.
1709 5657 1789 5711 Ili.

512 5784 588 5856 (Ι)
613 5784 795 5839 Sirlcti
839 5785 1030 5853 codex,
1070 5786 1376 5861 γνώρισμα.

2118 4694 2364 4764 χρήσιμα
2389 4690 2486 4760 τῆς
2516 4687 2676 4755 ἁγίας
2711 4684 2948 4755 σκηνῆς,
2982 4679 3051 4744 τὰ
3079 4678 3187 4776 τῶν
3216 4676 3405 4776 ’ἁγίων
3435 4673 3714 4776 ἀνδραγα;

2122 4763 2364 4851 σήματα,
2402 4776 2539 4848 μετά
2580 4774 2673 4827 τοῦ
2705 4774 2798 4828 καὶ
2832 4772 2928 4845 τὴν
2962 4771 3061 4843 τῆς
3101 4767 3282 4840 ψυχῆς
3319 4763 3599 4836 σωτηρίαν
3652 4763 3710 4814 εὗ

2133 4871 2278 4941 μάλα
2305 4865 2730 4939 συγκατορθοῦν,
2762 4866 2857 4918 καὶ
2888 4863 3229 4932 ἀτελευτήτῳ
3251 4859 3378 4937 δόξῃ
3406 4852 3713 4926 στεφανοῦν

2128 4964 2251 5025 τοὺς
2278 4960 2715 5032 ἀνδριζομένους.
2747 4958 2816 5014 Ἢ
2837 4959 2940 5021 οὐκ
2968 4954 3172 5027 ἀληθὴς
3201 4954 3229 5011 ό
3254 4951 3410 5021 λόγος
3448 4943 3595 5004 εἶναί
3629 4963 3712 5001 σοι

2127 5054 2276 5106 δοκεῖ
2294 5071 2308 5117 ;

2200 5146 2405 5199 ΠΑΛΛ.
2441 5146 2586 5199 Πάνυ
2622 5145 2718 5216 μέν
2756 5141 2869 5199 οὖν.

2191 5241 2359 5294 ΚΥΡ.
2387 5239 2459 5293 Τὸ
2480 5239 2579 5309 μὲν
2602 5235 2695 5292 οὖν
2727 5238 2943 5310 λύτρον,
2963 5237 3080 5306 ἤτοι
3098 5230 3484 5302 τὸδίδραχμον,
3501 5226 3709 5295 δασμο-

2117 5332 2396 5402 λογεῖσθαι
2424 5332 2536 5385 δεῖν
2566 5330 2997 5403 κεχρησμῳδηκε
3029 5325 3180 5416 Θεὸς,
3232 5321 3326 5416 καὶ
3617 5317 3713 5416 ἁν-

2119 5422 2452 5494 δριζομένων
2479 5423 2536 5475 ἐν
2561 5422 2735 5491 τούτῳ
2760 5420 2828 5474 τά
2859 5418 3008 5487 τέλη.
3034 5417 3098 5468 Oi
3127 5414 3184 5466 δὲ
3208 5410 3317 5464 τῶν
3342 5404 3525 5478 φυλῶν
3553 5404 3711 5474 ἡγού-

2125 5531 2295 5584 μενοι,
2331 5512 2712 5585 προστιθέντες
2745 5513 2858 5574 τοῖς
2886 5510 2949 5562 ἐκ
2978 5507 3145 5577 νόμου
3186 5494 3705 5575 προστεταγμένοις,
