3968 6300
236 361 338 419 διδ

958 366 1047 423 DE
1087 366 1530 424 ADORATIONE
1569 370 1636 425 IN
1678 369 1945 428 SPIRITU
1986 374 2079 431 ΕΤ
2115 377 2485 433 VERITATE.
2510 377 2640 433 LIB.
2665 378 2754 434 IV.

3394 372 3504 431 546

237 474 308 538 ea;
330 476 409 534 ἔτι
438 479 610 551 μείζω
638 482 732 537 καὶ
761 482 1159 559 άξιολογώτερα
1186 489 1261 561 (l)
1291 491 1682 564 προτεκόμιζόν
1704 509 1822 546 τινα

1933 495 2041 566 lege
2063 508 2335 568 praecepta
2354 508 2532 564 erant,
2563 513 2627 553 ac
2654 498 2858 567 majora
2886 495 3135 567 quaedam
3186 500 3244 551 et
3285 492 3498 565 pretio-

237 571 344 627 τῶν
396 571 549 643 παρὰ
595 572 746 642 σφίσι
793 574 862 629 τὰ
896 575 1171 649 ἐξαίρετα.
1214 578 1526 653 Γέγραπται
1562 580 1705 653 γὰρ,
1741 582 1822 635 δτι

243 685 262 717 ι
299 666 409 720 Kal
441 666 490 718 οί
524 665 784 737 ἄρχοντες
813 668 1049 740 ἤνεγκαν
1077 674 1202 737 τοὺς
1231 672 1413 738 λίθους
1438 674 1537 745 τῆς
1568 674 1822 746 σμαράγ-

238 754 364 819 δου,
397 756 491 809 καὶ¹
526 758 653 820 τοὺς
695 756 879 822 λίθους
920 760 1018 830 τῆς
1063 761 1545 833 συμπληρώσεως,
1602 764 1681 827 είς
1723 763 1823 834 τὴν

238 845 521 915 ἐπωμίδα,
552 847 647 899 καὶ
683 846 744 900 τὸ
780 847 992 917 λόγιον,
1029 850 1122 903 καὶ
1154 849 1253 914 τὰς
1296 849 1601 915 συνθέσεις,
1640 850 1734 904 καὶ
1763 850 1824 903 τὸ

239 938 418 995 ἔλαιον
445 939 542 1010 τῆς
577 938 812 1011 χρίσεως
833 980 846 1003 ,
878 942 972 995 καὶ
1006 941 1104 1014 τὴν
1145 941 1396 997 σύνθεσιν
1425 942 1521 996 τοῦ
1546 942 1824 1014 θυμιάμα-

239 1047 349 1093 τος.
388 1049 408 1083 δ
454 1026 585 1101 Ἆρ’
618 1026 709 1084 οὖν
738 1032 860 1103 οὐχὶ
900 1034 1013 1099 τοῖς
1054 1033 1230 1087 ὀπίσω
1269 1034 1442 1106 βραχὺ
1490 1034 1647 1088 ταυτὶ
1694 1051 1824 1103 συγο

239 1123 406 1193 γενῆς
466 1122 531 1177 Ἦ
573 1123 671 1195 μὲν
717 1123 826 1196 γὰρ
871 1124 981 1178 τῶν
1037 1125 1287 1198 μαχίμων
1332 1125 1542 1196 πληθὺς
1587 1126 1654 1179 τὰ
1722 1124 1824 1195 τῆς

239 1214 616 1287 αἰχμαλωσίας
658 1217 1056 1288 προσεκόμιζεν
1100 1218 1175 1289 τῷ
1220 1215 1377 1289 Θεῷ,
1427 1218 1568 1273 κατὰ
1606 1218 1704 1290 τὴν
1744 1218 1824 1272 δο-

239 1306 424 1362 θεῖσαν
469 1308 691 1379 ἐντολὴν
712 1350 726 1376 ,
761 1311 870 1363 ἀπὸ
899 1309 1193 1382 ἀνθρώπου
1245 1311 1351 1375 ἓως
1390 1312 1622 1382 κτήνους
1642 1326 1655 1340 ·
1683 1312 1731 1363 oi
1765 1309 1822 1362 δὲ

241 1399 516 1471 χιλίαρχοί
561 1417 621 1453 τε
665 1401 759 1455 καὶ
803 1402 1189 1474 ἑκατόνταρχοι
1233 1402 1571 1475 προσέθεσαν
1612 1400 1821 1465 τούτοις

237 1492 467 1563 χλιδῶνα
496 1493 591 1546 καὶ
626 1492 860 1563 ψέλλιον,
907 1495 1001 1548 καὶ
1031 1493 1345 1566 ὲμπλόκιον,
1386 1493 1480 1548 καὶ
1516 1492 1819 1559 δακτύλιον,

237 1582 331 1634 καὶ
356 1583 463 1635 πᾶν
489 1583 680 1647 σκεῦος
704 1583 940 1656 χρυσοῦν
966 1586 1345 1657 εἰργασμένον,
1383 1586 1419 1639 ἆ
1442 1586 1536 1638 καὶ
1554 1586 1631 1649 είς
1652 1583 1823 1655 αὐτὴν

236 1674 334 1743 τὴν
368 1674 531 1745 ἁγίαν
572 1675 738 1730 ἐτίθει
775 1675 979 1748 σκηνὴν
1031 1677 1293 1749 Ἐλεάζαρ
1321 1679 1350 1731 6
1393 1675 1590 1748 ἱερεύς.
1644 1677 1734 1729 Ἐν
1764 1675 1821 1729 δέ

1926 586 2094 652 siora,
2133 588 2296 644 exiis
2324 604 2522 661 nempe
2560 604 2684 659 qua:
2711 587 2855 658 apud
2890 602 2948 642 se
2975 585 3259 642 habebant
3304 584 3499 657 praeci-

1924 695 2053 750 pua,
2102 681 2444 737 obtulerunt.
2498 680 2777 751 Scriptum
2829 689 2913 734 est
2937 678 3117 732 enim:
3164 696 3182 728 ι
3214 677 3501 747 Principes

1925 771 2246 827 obtulerunt
2267 773 2478 844 lapides
2506 772 2799 843 smaragdi,
2832 779 2890 826 et
2920 768 3132 839 lapides
3172 768 3498 837 completio-

1924 862 2012 917 nis
2040 863 2107 917 ad
2135 862 2604 934 superhumerale,
2627 871 2684 917 et
2716 859 3004 922 rationale,
3039 867 3096 912 et
3142 857 3497 925 compositio-

1924 971 2045 1021 nes,
2076 966 2134 1012 et
2155 956 2336 1011 oleum
2368 955 2666 1019 unctionis,
2687 963 2744 1008 et
2774 951 3229 1023 compositionem
3260 948 3499 1020 thymia-

1924 1047 2085 1103 matis
2117 1049 2181 1102 ²².
2228 1066 2245 1098 ι
2282 1047 2479 1101 Annon
2516 1062 2643 1101 cum
2696 1046 2764 1101 iis
2798 1061 2919 1115 quae
2965 1044 3130 1115 paulo
3176 1050 3303 1097 ante
3353 1040 3500 1095 dicta

1924 1150 2072 1207 sunt,
2100 1141 2217 1197 hinc
2237 1141 2584 1211 congruunt?
2615 1140 2752 1195 Nam
2780 1138 2873 1193 illa
2902 1137 3199 1192 multitudo
3227 1119 3501 1207 pugnato-

1924 1248 2047 1287 rum
2077 1249 2143 1287 ex
2169 1231 2351 1302 prwda
2380 1231 2492 1285 Deo
2515 1230 2737 1295 obtulit,
2780 1236 2842 1283 ut
2888 1237 3223 1300 praeceptum
3258 1235 3398 1291 erat,
3429 1221 3502 1278 ab

1922 1327 2144 1382 homine
2171 1341 2344 1397 usque
2381 1325 2447 1380 ad
2478 1340 2681 1396 pecus:
2715 1323 2929 1378 tribuni
2982 1333 3165 1378 autem
3196 1329 3252 1376 et
3301 1328 3498 1375 centu-

1923 1420 2109 1475 riones
2137 1417 2225 1473 his
2252 1418 2572 1489 adjecerunt
2621 1416 2991 1479 murenulam,
3022 1422 3080 1470 et
3117 1412 3408 1475 armillam,
3442 1418 3499 1465 et

1924 1496 2198 1581 torquem,
2228 1518 2284 1564 et
2307 1510 2593 1573 annulum,
2624 1516 2681 1563 et
2707 1522 2871 1563 omne
2903 1522 2996 1562 vas
3026 1520 3254 1561 aureum
3309 1501 3496 1557 fabre-

1922 1601 2146 1665 factum,
2168 1615 2289 1669 quae
2316 1599 2482 1655 etiam
2532 1599 2589 1653 in
2624 1599 2742 1668 ipso
2783 1606 2977 1652 sancto
3004 1592 3364 1649 tabernaculo
3411 1604 3498 1645 re-

1922 1691 2105 1761 posuit
2121 1690 2377 1745 sacerdos
2404 1691 2649 1745 Eleazar.
2704 1689 2774 1744 Et
2802 1689 2896 1742 hic
2940 1701 3153 1749 rursus,
3197 1698 3324 1738 cum
3367 1681 3496 1736 uni-

244 1779 306 1831 γε
347 1764 558 1829 τούτοις
587 1769 620 1838 ἡ
655 1766 755 1837 μὲν
787 1770 937 1821 πᾶσα
965 1768 1075 1822 τῶν
1103 1768 1386 1839 ἡὸηκότων
1413 1766 1622 1837 πληθὺς
1649 1765 1820 1820 ἐτέλει

1933 1796 2083 1835 versa
2107 1780 2330 1850 quidem
2355 1780 2667 1838 adultorum
2695 1778 2994 1835 multitudo
3020 1778 3258 1833 solveret
3277 1774 3494 1838 siclum,

236 1855 297 1909 τὺ
376 1856 697 1928 δίδραχμον,
765 1858 1099 1929 προσάγουσι
1145 1859 1202 1913 δὲ
1252 1861 1417 1915 πάλιν
1467 1861 1515 1914 οἱ
1565 1858 1825 1931 ἄρχοντες

237 1944 418 2012 λίθους
449 1948 742 2012 ἐκλεκτοὺς
763 1990 777 2013 ,
822 1952 902 2013 είς
946 1951 1046 2021 τὴν
1075 1951 1355 2022 ἐπωμίδα,
1404 1952 1498 2006 καὶ
1524 1950 1584 2003 τὸ
1620 1949 1819 2019 λόγιον,

238 2036 383 2110 ἅπερ
410 2040 492 2103 εἰς
534 2040 735 2111 κόσμον
768 2041 1040 2094 συνετέλει
1075 2041 1171 2095 τοῦ
1204 2042 1537 2114 προῦχοντος
1572 2042 1631 2096 ἐν
1669 2042 1825 2112 ἱερωο

238 2128 397 2199 σύνῃ.
432 2129 781 2201 Προσάγουσι
812 2130 921 2203 γὰρ
956 2132 1203 2201 ἑαυτοὺς,
1233 2136 1314 2198 είς
1349 2133 1552 2205 κόσμον
1582 2130 1822 2204 Χριστῷ,

238 2217 491 2288 καθάπερ
522 2218 676 2282 τινας
717 2218 899 2284 λίθους
933 2220 1182 2292 τιμίους,
1225 2224 1274 2276 οἱ
1321 2221 1467 2275 λαῶν
1511 2220 1821 2292 ἡγούμενοι.

239 2306 528 2377 Τοιγάρτοι
562 2308 657 2361 καὶ
681 2308 710 2360 6
745 2314 1034 2381 προφήτης
1060 2312 1184 2374 τοὺς
1216 2312 1407 2381 ἁγίους
1428 2313 1558 2384 ἡμῖν
1591 2292 1826 2366 ἀποστό-

242 2401 365 2464 λους
391 2399 734 2470 καταδηλῶν,
771 2420 788 2453 ι
825 2402 998 2467 Λίθοι,
1027 2404 1211 2473 φησιν,
1250 2403 1397 2472 ἆγιοι
1429 2403 1702 2457 κυλίονται
1732 2403 1826 2457 ἐπὶ

243 2492 336 2563 τῆς
367 2493 489 2565 γῆς·
529 2513 549 2546 ι
584 2495 767 2559 ὁποῖός
795 2512 878 2560 τις
908 2492 977 2568 ἦν
1014 2499 1042 2551 6
1076 2497 1365 2561 θεσπέσιος
1401 2498 1635 2561 Παῦλος,
1662 2501 1691 2552 6
1716 2498 1825 2552 άπὸ

260 2585 619 2659 Ἰερουσαλὴμ
666 2588 763 2642 καὶ
804 2589 909 2653 ἕως
947 2587 1040 2643 τοῦ
1086 2588 1379 2662 Ἰλλυρικοῦ
1418 2590 1686 2663 περιθέων
1738 2590 1825 2645 διὰ

238 2682 299 2734 τὸ
318 2679 607 2752 κήρυγμα.
641 2681 794 2735 Λίθοι
827 2682 1118 2753 τοιγαροῦν
1152 2684 1201 2736 οί
1241 2680 1411 2754 τίμιοι
1438 2683 1532 2737 καὶ
1560 2684 1640 2747 είς
1667 2681 1825 2748 δόξαν

238 2769 476 2842 Χριστοῦ
496 2811 512 2837 ,
541 2770 649 2824 τῶν
677 2771 846 2840 ἁγίων
877 2771 937 2825 τὸ
970 2774 1177 2841 στῖφος.
1209 2767 1334 2825 Εἶεν
1366 2771 1411 2825 δ’
1448 2771 1514 2826 ἂν
1541 2771 1694 2825 αὐτοὶ
1728 2772 1826 2826 καὶ

236 2862 298 2917 τὸ
317 2860 498 2915 ἔλαιον
519 2862 618 2932 τῆς
654 2862 906 2934 χρίσεως,
945 2862 1096 2933 καὶὴ
1135 2861 1382 2926 σύνθεσις
1418 2861 1513 2916 τοῦ
1550 2861 1826 2932 θυμιάμα-

238 2969 362 3020 Ισος,
388 2953 490 3023 τὴν
527 2952 765 3024 Χριστοῦ
796 2951 995 3020 γνῶσιν
1035 2951 1440 3018 εὐωδιάζοντες,
1477 2952 1590 3015 καὶ,
1623 2951 1813 3022 ὥσπερ

237 3048 296 3101 ἐν
343 3045 532 3117 ἐλαίῳ,
583 3043 1038 3108 καταπιαίνοντες
1078 3046 1198 3106 ταῖς
1246 3043 1541 3113 πανσόφοις
1577 3043 1826 3097 διδασκα-

1931 1872 2088 1942 133
2116 1871 2357 1926 oﬁ‘erunt
2405 1871 2687 1942 principes
2714 1871 2926 1942 lapides
2968 1871 3174 1925 electos
3199 1866 3267 1920 ad
3294 1880 3497 1935 super-

1925 1965 2207 2020 humerale
2239 1972 2295 2020 et
2327 1963 2597 2019 rationale
2620 1962 3044 2027 conﬁciendum,
3083 1975 3206 2030 quae
3236 1956 3303 2012 ad
3344 1971 3497 2011 sum-

1925 2056 2000 2110 mi
2023 2055 2327 2110 sacerdotis
2359 2062 2744 2109 ornamentum
2769 2052 3069 2125 pertinent.
3097 2049 3233 2105 Nam
3267 2063 3325 2103 se
3351 2047 3504 2118 ipsos

1925 2148 2256 2218 populorum
2287 2146 2477 2211 duces,
2514 2154 2577 2200 ut
2616 2150 2941 2200 ornamento
2967 2143 3079 2198 sint
3101 2140 3344 2204 Christo,
3367 2153 3500 2209 per-

1925 2240 2054 2295 inde
2080 2256 2144 2295 ac
2171 2238 2383 2311 lapides
2413 2237 2681 2309 quosdam
2725 2236 3000 2306 pretiosos
3025 2232 3283 2287 oﬂ‘erunt.
3310 2230 3503 2299 Itaque

1924 2329 2214 2400 propheta,
2246 2343 2371 2383 cum
2394 2334 2611 2382 sanctos
2663 2325 2937 2396 apostolos
2988 2321 3149 2377 nobis
3196 2319 3499 2374 indicaret:

1934 2440 1953 2471 ι
1981 2420 2247 2490 Lapides,
2289 2438 2307 2471 ι
2346 2417 2556 2488 inquit,
2592 2436 2610 2467 ι
2649 2416 2823 2472 sancti
2851 2414 3148 2470 volvuntur
3180 2424 3346 2480 super
3382 2413 3499 2461 ter-

1926 2526 2043 2565 ram
2070 2510 2136 2574 ”,
2163 2529 2181 2561 ι
2217 2508 2393 2579 qualis
2415 2515 2535 2562 erat
2567 2507 2763 2561 beatus
2790 2504 3014 2569 Paulus,
3040 2502 3135 2573 qui
3165 2501 3232 2556 ab
3277 2498 3503 2555 Jerusa-

1926 2600 2034 2655 lem
2077 2599 2145 2653 ad
2174 2597 2450 2670 Illyricum
2476 2612 2649 2666 usque
2683 2593 2955 2650 circuibat
3015 2588 3351 2662 praedicandi
3376 2601 3504 2658 gra-

1928 2693 2002 2747 tia
2032 2691 2099 2747 “.
2133 2660 2370 2761 Lapides
2420 2660 2589 2759 igitur
2632 2684 2881 2757 pretiosi,
2927 2688 2985 2738 et
3018 2660 3087 2737 ad
3117 2676 3325 2736 Christi
3383 2678 3504 2748 glo-
3589 2660 3600 2673 ’

1927 2783 2063 2838 riam
2091 2779 2289 2853 parati,
2329 2787 2647 2834 sanctorum
2694 2774 2942 2829 virorum
2968 2779 3146 2826 cretus
3181 2775 3268 2824 est
3296 2783 3310 2820 :
3334 2764 3505 2820 iidem

1927 2888 2145 2945 quoque
2179 2880 2306 2927 sunt
2328 2871 2510 2925 oleum
2534 2866 2834 2931 unctionis,
2863 2873 2919 2919 et
2943 2859 3316 2935 thymiamatis
3355 2869 3506 2912 com-

1927 2963 2149 3034 positio,
2215 2977 2341 3017 cum
2394 2959 2600 3017 Christi
2650 2956 3020 3028 cognitionem
3079 2952 3230 3007 velut
3275 2948 3505 3004 odorem

1928 3057 2156 3125 spirent,
2182 3064 2238 3111 ct
2264 3070 2456 3109 eorum
2481 3052 2693 3107 animos
2726 3048 2820 3119 qui
2856 3044 3130 3117 mysteriis
3159 3040 3505 3102 imbuuntur,

238 3135 379 3200 λίαις
422 3136 662 3199 καὶτοῖς
718 3129 807 3189 δίά
849 3134 945 3189 τοῦ
994 3134 1313 3205 Πνεύματος
1350 3135 1528 3205 λόγοις
1577 3136 1675 3200 τὰς
1720 3135 1825 3190 τῶν

1933 3145 2181 3201 doctrina
2234 3155 2291 3201 et
2342 3143 2516 3198 sancti
2556 3138 2796 3211 Spiritus
2823 3136 3008 3192 verbis
3063 3141 3322 3201 tanquam
3384 3127 3507 3181 oleo

243 3226 786 3300 μυσταγωγουμένων
811 3226 1010 3297 ψυχάς.
1051 3225 1312 3279 Σύνθετον
1354 3224 1410 3279 δὲ
1442 3226 1503 3279 τὸ
1554 3225 1823 3298 θυμίαμα’

241 3321 581 3376 συντέθειται
619 3320 729 3391 γὰρ
779 3322 812 3393 ἡ
867 3320 995 3390 περὶ
1034 3318 1272 3391 Χριστοῦ
1311 3317 1512 3388 γνῶσις
1554 3319 1619 3371 ἐκ
1659 3317 1825 3381 δυοῖν,

239 3414 385 3485 ἥπερ
412 3413 561 3466 ἐστὶν
595 3410 652 3466 ἐν
686 3409 868 3481 ταὺτῷ
914 3409 1047 3475 Θεὸς
1086 3411 1183 3466 καὶ
1212 3410 1516 3483 ἄνθρωπος·
1574 3411 1712 3482 πλὴν
1748 3406 1828 3475 εἷς

239 3504 300 3570 ἐξ
321 3505 547 3575 ἀμφοῖν,
572 3503 694 3567 υἱὸς
715 3503 809 3556 καὶ
832 3501 1088 3575 Χριστὸς,
1116 3500 1252 3571 πρὸς
1284 3501 1344 3555 ὃν
1367 3501 1580 3574 εἴρηταί
1604 3520 1705 3554 που
1737 3502 1830 3556 καὶ

241 3594 377 3666 πρός
418 3611 484 3663 γε
514 3593 671 3665 ἡμῶν
715 3591 931 3647 αὐτῶν·
991 3610 1011 3644 ι
1060 3591 1247 3664 Μόρον
1300 3592 1601 3646 ἐκκενωθὲν
1646 3593 1819 3664 ὄνομά

244 3700 347 3737 σοι.
397 3703 417 3736 1

309 3775 525 3833 ΠΑΛΛ.
584 3774 674 3828 Ἐν
720 3771 1005 3843 ἐπισκέψει
1044 3771 1109 3847 δὴ
1140 3768 1235 3827 οὖν
1281 3776 1348 3845 τῇ
1397 3775 1548 3845 παρὰ
1580 3775 1719 3846 Θεῷ,
1768 3777 1833 3830 τὸ

249 3866 490 3937 μάχιμόν
522 3883 581 3919 τε
607 3865 703 3920 καὶ
733 3863 1026 3935 εὔρωστον,
1061 3859 1122 3919 οὗ
1162 3865 1256 3919 καὶ
1283 3867 1311 3920 6
1333 3867 1565 3940 καρπὸς,
1607 3868 1832 3939 Ἐκκλη-

246 3959 372 4016 σιῶν
405 3960 701 4029 σύστασις,
748 3965 844 4018 καὶ
876 3964 945 4017 τὰ
978 3965 1058 4028 εἰς
1104 3963 1264 4030 δόξαν
1307 3964 1463 4018 Θεοῦ.
1507 3966 1668 4019 Τουτὶ
1720 3965 1830 4039 γὰρ

242 4056 376 4129 ἡμῖν
406 4055 669 4126 ἐμφαίνει
707 4054 777 4109 τὰ
806 4055 1158 4127 θεωρήματα.

317 4232 487 4294 ΚΥΡ,
545 4232 750 4305 Ὀρθῶς
788 4232 941 4309 ἔφης.
974 4233 1190 4307 Κλῆρος
1223 4232 1280 4290 δὲ
1325 4235 1407 4288 ὃτι
1445 4235 1695 4308 λαμπρὸς
1738 4238 1832 4293 ml

247 4324 527 4398 ἐξαίρετος
547 4367 561 4388 .
595 4326 689 4380 καὶ
717 4327 778 4381 τό
811 4343 874 4396 γε
912 4327 977 4397 δὴ
1011 4328 1206 4399 χρῆναι
1249 4327 1449 4392 παντὸς
1490 4328 1696 4398 ἀγαθοῦ
1735 4348 1831 4400 μεν

249 4418 505 4490 ταλαχείν
524 4460 537 4481 ,
569 4420 682 4483 τοῖς
715 4418 889 4482 οὕτως
918 4419 1227 4490 εὐδοκιμεῖν
1268 4419 1512 4474 εἰωθόσιν
1556 4423 1832 4493 ἀπονεμη-

249 4509 478 4581 θὴσεται
512 4509 665 4582 παρὰ
696 4508 853 4574 Θεοῦ,
888 4508 1004 4573 πῶς
1038 4509 1165 4583 ἂνῆ
1203 4509 1366 4563 πόθεν
1392 4510 1684 4581 ὲνδοιάρειέ
1714 4528 1827 4579 τις;
1863 4498 1905 4551 υ

252 4602 325 4655 Ἣ
344 4602 447 4657 οὒκ
466 4602 677 4666 ἐπαϊεις
704 4601 1175 4672 ᾁναμελωδοῦντος
1197 4602 1297 4672 μὲν
1318 4602 1409 4656 τοῦ
1435 4604 1617 4657 Δοιϐίδ⁹
1644 4622 1663 4655 ι
1693 4606 1830 4670 Τοὺς

251 4695 451 4756 πόνους
475 4693 585 4748 τῶν
612 4693 841 4765 καρπῶν
872 4710 964 4746 σου
996 4693 1267 4763 φάγεσαι;
1301 4713 1319 4745 ι
1352 4696 1447 4749 καὶ
1478 4695 1582 4767 μὴν
1608 4695 1704 4750 τοῦ
1741 4715 1824 4750 σο-

251 4784 353 4855 φοῦ
405 4785 501 4838 καὶ
559 4784 705 4856 ίεροῦ
765 4784 1071 4855 γράφοντος
1129 4784 1382 4838 Παύλου·
1429 4804 1448 4837 ι
1507 4788 1571 4840 "0
1618 4786 1728 4863 γὰρ
1764 4788 1832 4847 ἂν

255 4877 457 4950 σπείρῃ
490 4875 794 4951 ἄνθρωπος,
823 4876 983 4930 τοῦτο
1015 4877 1110 4937 καὶ
1145 4876 1384 4950 θερίσεις
1424 4899 1442 4930 ›

323 5054 537 5113 nam.
584 5054 918 5127 Ἐπυθόμην.

322 5147 488 5208 ΚΥΡ.
538 5147 860 5225 Ἀνδριεῖται
895 5146 1005 5218 γάρ
1041 5164 1125 5212 τις
1180 5146 1279 5201 οὐκ
1321 5146 1535 5217 ἀμισθὶ,
1582 5150 1673 5203 καὶ
1717 5151 1831 5206 ἔστι

254 5252 359 5292 που
403 5240 623 5302 πάντως
668 5238 874 5310 ἀληθὴς
912 5240 942 5292 6
988 5238 1194 5310 λέγων·
1236 5257 1256 5291 ι
1315 5241 1391 5294 Οὐ
1429 5241 1535 5312 γὰρ
1586 5241 1768 5307 ἄδικος
1804 5245 1831 5298 6

252 5330 406 5396 Θεὸς,
438 5330 796 5386 ἐπιλαθέσθαι
826 5330 919 5393 τοῦ
952 5331 1121 5385 κόπου
1153 5332 1308 5403 ὑμῶν
1338 5334 1433 5386 καῖ⁹
1459 5334 1557 5405 τῆς
1588 5335 1830 5408 ἀγάπης,

251 5418 323 5492 ἧς
369 5422 702 5488 ἐνεδείξασθε
750 5425 831 5487 είς
867 5424 928 5475 τὸ
959 5423 1130 5493 ὄνομα
1180 5424 1367 5479 αὑτοῦ.
1422 5444 1440 5476 ι
1479 5427 1824 5499 Ἐπιλήσεται

326 5538 371 5570 ²²
408 5559 577 5614 Exod.
627 5574 786 5624 xxxv,
815 5559 905 5624 επ,
971 5560 1058 5615 as.

259 5627 306 5659 ﬂ
627 5574 786 5659 xng’
815 5561 905 5624 27’
971 5561 1058 5615 28'
1164 5561 1210 5593 η
1238 5561 1463 5620 zaChar‘
1517 5583 1589 5633 η’
1650 5569 1734 5623 ‘6-

331 5628 505 5683 Gaiat.
541 5646 619 5695 τι,
659 5630 710 5683 8.

332 5768 408 5840 (ι)
438 5771 573 5829 Cod.
598 5771 742 5837 Vat.,
771 5771 1093 5845 τελεώτερα,
1135 5772 1470 5841 perfectiom.

1841 5568 1886 5601 “
1919 5569 2075 5624 Rom.
2125 5582 2215 5630 xv,
2258 5564 2343 5621 l9.

1928 3238 2246 3310 pinguiores
2272 3237 2527 3293 reddant.
2562 3235 2622 3290 Id
2645 3249 2776 3287 vero
2806 3230 3105 3304 thymiama
3132 3221 3503 3294 compositum

1929 3340 2077 3397 erat;
2112 3330 2202 3384 illa
2237 3343 2474 3398 namque
2539 3325 2607 3381 de
2638 3324 2859 3379 Christo
2916 3319 3157 3391 cognitio
3210 3312 3510 3384 composita

1929 3439 1996 3478 ex
2021 3421 2240 3476 duobus
2265 3428 2351 3474 est
2386 3437 2398 3471 :
2444 3417 2590 3471 idem
2619 3430 2856 3484 namque
2876 3415 3023 3469 Deus
3078 3418 3134 3465 ct
3161 3408 3328 3462 homo
3376 3413 3461 3461 est
3488 3423 3506 3472 ;

1930 3528 2075 3568 unus
2109 3520 2292 3566 tamen
2331 3525 2399 3565 ex
2426 3517 2663 3578 utroque
2694 3505 2841 3561 ﬁlius
2884 3517 3049 3574 atque
3097 3499 3371 3563 Christus,
3416 3495 3505 3552 cui

1930 3614 2081 3660 certe
2112 3603 2323 3658 dictum
2357 3610 2465 3667 est,
2509 3609 2566 3657 et
2617 3598 2839 3671 quidem
2866 3614 2897 3653 a
2920 3596 3082 3652 nobis
3127 3591 3292 3664 ipsis:
3349 3609 3367 3641 ι
3392 3589 3507 3645 Un-

1930 3704 2191 3768 guentum
2216 3693 2553 3749 exinanitum
2578 3706 2781 3746 nomen
2811 3697 2968 3744 tuum
2998 3686 3065 3739 “.
3098 3704 3115 3736 ›

1999 3786 2195 3844 PALL.
2222 3787 2283 3841 In
2312 3784 2654 3855 inspectione
2684 3783 2852 3856 igitur
2884 3780 2982 3836 Dei
3014 3785 3143 3834 sunt
3177 3775 3273 3847 qui
3307 3774 3374 3831 ad
3411 3788 3510 3844 pu-

1930 3881 2208 3953 gnandum
2231 3877 2345 3950 apti
2371 3893 2435 3932 ac
2463 3875 2608 3931 ﬁrmi
2635 3884 2783 3941 sunt,
2814 3886 3055 3945 quorum
3081 3868 3247 3925 etiam
3291 3865 3512 3922 fructus

1930 3980 2015 4027 est
2042 3970 2409 4026 Ecclesiarum
2440 3966 2783 4032 constitutio,
2817 3972 2873 4020 et
2900 3978 3024 4035 qua
3062 3961 3130 4017 ad
3158 3960 3388 4032 gloriam
3412 3957 3512 4012 Dei

1929 4063 2227 4136 pertinent.
2263 4062 2323 4118 ld
2349 4063 2499 4117 enim
2550 4060 2850 4129 Scriptura:
2876 4057 2995 4110 loca
3030 4052 3099 4109 ad
3128 4049 3510 4120 contemplan~

1931 4156 2063 4210 dum
2096 4153 2377 4224 proposita
2402 4165 2516 4221 prze
2550 4164 2609 4203 se
2632 4148 2779 4203 ferre
2806 4145 3085 4200 videntur.

2001 4238 2157 4301 (ΝΒ.
2204 4244 2372 4298 Recte
2398 4240 2558 4295 dicis.
2588 4238 2807 4293 Sortem
2837 4250 2973 4290 vero
3026 4232 3299 4302 insignem
3332 4232 3511 4296 atque

1931 4334 2284 4406 praecipuam,
2343 4337 2398 4384 et
2429 4327 2612 4383 omnis
2656 4324 2787 4379 boni
2834 4318 3391 4375 communicationem
3445 4313 3515 4378 iis

1933 4425 2029 4497 qui
2057 4425 2134 4478 ita
2159 4420 2378 4494 egregie
2402 4435 2461 4475 se
2487 4430 2681 4489 gerere
2711 4413 2861 4469 soliti
2889 4410 3019 4474 sint,
3050 4424 3081 4463 a
3104 4409 3219 4463 Deo
3263 4407 3515 4462 tribuen-

1937 4521 2059 4573 dam
2086 4531 2229 4581 esse,
2258 4511 2535 4584 quomodo
2587 4518 2684 4565 aut
2743 4506 3017 4561 undenam
3048 4498 3506 4584 ambigereAquis-

1937 4608 2081 4680 piam
2112 4605 2350 4678 poterit?
2392 4604 2476 4666 An
2507 4610 2565 4656 tu
2619 4599 2846 4655 minime
2876 4594 3103 4651 exaudis
3131 4575 3514 4647 concinéntem

1936 4699 2133 4755 David:
2158 4717 2175 4748 ι
2198 4696 2440 4752 Laborcs
2464 4706 2726 4747 manuum
2744 4698 2961 4745 tuarum
2990 4682 3350 4739 manducabis
3371 4681 3463 4734 “?
3489 4701 3507 4731 ι

1937 4791 2165 4852 Paulum
2199 4788 2329 4843 item
2365 4784 2667 4859 sapientem
2704 4781 2860 4836 illum
2896 4786 3062 4847 atque
3093 4788 3309 4829 sacrum
3331 4771 3512 4825 virum

1934 4883 2013 4938 ita
2079 4881 2446 4937 scribentem:
2491 4897 2509 4928 ι
2547 4874 2704 4944 Quod
2757 4872 2906 4929 enim
2957 4865 3313 4924 seminaverit
3365 4863 3513 4935 quis,

1936 4974 2042 5037 hoc
2070 4981 2125 5030 et
2146 4979 2316 5029 metet
2343 4971 2425 5025 ’7?
2457 4990 2475 5022 ι

2006 5065 2205 5122 PALL.
2248 5063 2429 5119 Audio
2471 5077 2623 5117 sane.

2006 5154 2164 5211 CYR.
2201 5153 2391 5223 Neque
2435 5151 2583 5205 enim
2622 5148 2914 5219 quisquam
2972 5158 3032 5199 se
3083 5140 3303 5198 fortiter
3335 5147 3508 5212 geret,

1938 5245 2085 5301 nulla
2119 5245 2375 5300 mercede
2410 5242 2720 5314 proposita;
2762 5245 2954 5308 estque
2981 5235 3099 5291 sine
3132 5234 3301 5289 dubio
3349 5248 3511 5293 verax

1936 5337 2162 5391 omnino
2193 5336 2287 5406 qui
2317 5335 2395 5389 ait
2421 5350 2434 5387 :
2473 5353 2491 5384 ι
2516 5333 2704 5402 Neque
2732 5331 2879 5385 enim
2937 5327 3175 5399 injustus
3209 5331 3299 5381 est
3342 5323 3507 5391 Deus,

1938 5436 2000 5484 ut
2031 5428 2388 5484 obliviscatur
2423 5424 2628 5479 laboris
2657 5421 2847 5487 vestri,
2879 5429 2936 5476 et
2965 5415 3296 5479 dilectionis,
3345 5429 3511 5485 quam

2456 5565 2500 5597 ’⁵
2529 5563 2685 5619 Cant.
2718 5580 2757 5628 ι,
2784 5563 2838 5625 2.
2950 5558 2996 5596 ³⁸
3030 5555 3169 5620 Psal.
3220 5570 3414 5623 cxxuz,
3454 5554 3507 5617 (Ξ,
