3968 6300
435 311 542 368 ’547

1441 318 1498 375 S.
1556 319 1832 376 CYRILLI
1872 322 2346 381 ALEXANDle
2385 326 2707 385 ARCHIEP.

3597 326 3701 382 348

433 430 754 487 ostendistis
781 431 838 485 in
861 446 1061 486 nomen
1111 433 1232 503 ejus
1265 432 1335 485 ’⁸.
1365 453 1381 484 ι
1423 435 1600 504 Atque
1633 435 1724 491 ille
1779 437 2005 507 quidem

2119 440 2210 510 μὲν
2238 441 2438 512 ἥκιστά
2465 459 2550 510 γε,
2581 443 2829 515 διανεμεῖ
2857 442 2913 498 δὲ
2941 443 3024 498 δτι
3051 441 3172 499 ’τῶν
3215 442 3393 498 πόνων
3429 443 3500 498 τά
3538 445 3742 518 γέραθ.

436 524 665 577 minime
725 522 1120 589 obliviscetur;
1158 523 1276 578 fore
1315 532 1499 578 autem
1548 534 1608 580 ut
1655 525 1723 580 iis
1761 526 2013 582 laborum

436 617 662 685 praemia
701 616 928 679 tribuat,
961 617 1053 685 qui
1083 616 1252 670 animi
1278 617 1597 686 languorem
1628 618 1696 672 ad
1727 627 2014 688 peccatum

435 707 828 776 perducentem
862 708 1194 776 superarint,
1229 715 1550 778 argumento
1580 718 1706 762 sunt
1735 724 1800 763 ea
1820 722 2016 767 rursus

437 814 560 866 qua:
582 797 784 866 scripta
813 807 941 852 sunt
966 799 1022 852 in
1047 799 1331 853 Numeris:
1381 818 1398 850 ι
1425 799 1496 853 Ει
1518 799 1741 854 locutus
1773 809 1858 856 est
1911 804 2017 857 Do-

436 891 621 946 minus
655 891 723 946 :Ld
770 891 992 962 Moysen
1022 901 1079 946 et
1133 893 1460 947 Eleazarum
1525 893 1894 958 sacerdotem,
1930 895 2017 949 di-

437 999 600 1037 cens:
625 982 868 1053 Accipite
891 1001 1158 1039 summam
1184 989 1361 1041 omnis
1386 987 1831 1061 congregationis
1852 988 2018 1043 Israel

447 1090 477 1127 a
501 1076 695 1146 viginti
728 1078 885 1131 annis
919 1087 976 1132 et
1003 1095 1188 1148 supra,
1221 1081 1384 1154 134
1413 1099 1512 1153 per
1561 1083 1753 1137 domos
1787 1081 2018 1136 familia-

440 1174 564 1220 rum
631 1169 878 1237 ipsorum
916 1189 928 1224 :
973 1173 1155 1228 omnis
1197 1175 1291 1243 qui
1337 1173 1620 1245 eg'reditur
1663 1174 1732 1228 ad
1769 1187 2020 1242 pugnan-

437 1259 568 1314 dum
595 1261 658 1329 _in
703 1262 867 1318 Israel
893 1265 957 1317 ”.
993 1284 1010 1314 ι
1037 1265 1273 1332 Deinde,
1307 1266 1448 1321 facta
1478 1265 1891 1322 enumeratione
1926 1279 2026 1334 per

438 1353 672 1420 populos
707 1363 763 1407 et
799 1355 998 1420 tribus,
1030 1357 1198 1412 infert
1231 1359 1434 1413 iterum
1468 1377 1482 1413 ε
1529 1380 1546 1409 ι
1573 1360 1642 1414 Ει
1680 1360 1898 1412 locutus
1944 1367 2028 1412 est

437 1445 706 1502 Dominus
729 1448 798 1502 ad
853 1449 1100 1520 Moysen,
1141 1452 1330 1507 dicens
1357 1472 1369 1506 :
1392 1453 1489 1508 llis
1521 1452 1883 1508 distribuetur
1911 1459 2025 1505 ter-

436 1553 518 1599 ra,
546 1549 607 1594 ut
640 1555 761 1594 eam
820 1543 1137 1611 possideant
1168 1560 1236 1599 ex
1275 1561 1513 1601 numero
1546 1547 1866 1601 nominum:
1901 1544 2023 1614 plu-

2115 537 2226 596 τοῖς
2255 536 2511 606 ἀνωτέρω
2547 535 2913 608 μα).ακισμοῦ,
2943 537 3037 590 τοῦ
3067 537 3494 602 καταϐιάζοντος
3527 539 3609 602 εἰς
3639 540 3701 593 τὸ

2117 621 2467 692 πλημμελὲς,
2513 624 2920 698 πληροφορήσει
2972 627 3135 680 πάλιν
3175 627 3246 681 τὰ
3293 629 3350 680 ἐν
3393 630 3506 692 τοῖς
3549 629 3698 698 Ἀρι-

2119 709 2274 780 θμοῖς
2296 716 2676 785 γεγραμμένα·
2708 735 2727 767 ι
2759 719 2868 772 Καὶ
2890 717 3119 787 ἐλάλησε
3138 718 3342 788 Κύριος
3369 719 3506 788 πρὸς
3525 718 3698 789 Μωσῆ

2106 804 2214 856 'xal
2281 805 2543 878 Ἐλεάζαρ
2597 807 2688 861 τὸν
2737 809 2884 880 ἱερέα
2934 810 3139 878 λέγων·
3175 809 3322 863 Λάϐε
3370 810 3472 880 τὴν
3527 809 3699 880 ἀρχὴν

2121 895 2298 966 πάσης
2326 899 2646 968 συναγωγῆς
2673 897 2802 952 υἱῶν
2841 901 3076 971 Ἰσραὴλ,
3101 901 3210 954 ἀπὸ
3238 899 3584 962 είκοσαετοῦς
3607 900 3701 953 καὶ

2121 986 2324 1051 ἐπάνω,
2353 987 2474 1041 κατ’
2497 989 2676 1053 οἴκους
2703 991 2948 1062 πατριῶν
2974 991 3174 1045 αὐτῶν·
3220 993 3327 1054 πᾶς
3351 991 3379 1042 6
3408 990 3702 1062 ἐκπορευό-

2125 1094 2284 1147 μενος
2332 1079 2746 1149 παρατάξασθαι
2787 1082 2846 1134 ἐν
2890 1081 3126 1152 Ἰσραήλ.
3171 1100 3188 1132 ι
3228 1077 3360 1133 Εἶτα
3405 1080 3704 1152 γενομένης

2121 1168 2222 1238 τῆς
2261 1169 2687 1242 ἀπαριθμήσεως
2726 1173 2866 1226 κατά
2897 1173 3124 1244 δήμους,
3179 1173 3275 1224 καὶ
3307 1171 3448 1225 κατά
3493 1171 3699 1240 φυλὰς,

2124 1261 2372 1332 ἐπιφέρει
2405 1263 2585 1317 πάλιν·
2625 1283 2644 1317 ι
2679 1265 2790 1318 Καὶ
2821 1264 3050 1334 ἐλάλησε
3091 1265 3296 1335 Κύριος
3329 1265 3463 1335 πρὸς
3504 1262 3700 1334 Μωσῆ,

2123 1352 2325 1421 λέγων’
2372 1354 2595 1420 Τούτοις
2630 1355 3019 1428 μερισθήσεται
3053 1358 3086 1428 ή
3117 1357 3188 1426 γῆ
3238 1355 3594 1428 κληρονομεῖν
3643 1355 3705 1421 ἐξ

2126 1444 2358 1516 ἀριθμοῦ
2389 1447 2666 1516 ὀνομάτων
2685 1464 2701 1479 ο
2733 1450 2844 1512 τοῖς
2873 1449 3084 1502 πλείοσι
3115 1449 3428 1511 πλεονάσεις
3454 1449 3552 1520 τὴν
3579 1448 3705 1519 κλη-

2131 1536 2404 1606 ρονομίαν,
2427 1539 2650 1601 καὶτοῖς
2672 1539 2945 1594 ἐλάττοσιν
2967 1538 3292 1603 ἐλαττώσεις
3319 1541 3419 1613 τὴν
3446 1541 3703 1610 κληρονοο

436 1629 592 1686 ribus
631 1633 892 1702 majorem
928 1635 1312 1691 hacreditatem
1351 1637 1530 1702 dabis,
1568 1643 1623 1692 ct
1673 1635 2017 1707 paucioribus

2133 1626 2260 1696 μίαν
2310 1628 2514 1682 αὐτῶν·
2548 1631 2790 1701 ἑκάστῳ,
2822 1631 3003 1696 καθὼς
3030 1632 3451 1702 ἐπεσκὲπησαν,
3482 1631 3703 1703 δοθήσε-

435 1721 711 1777 minorem
762 1724 921 1781 dabis
969 1727 1351 1784 [nereditatem
1411 1727 2027 1800 ipsorum:unicuique,

2129 1733 2218 1769 ται
2249 1719 2283 1789 ή
2305 1719 2636 1790 κληρονομία
2671 1722 2881 1788 αὐτῶν,
2912 1723 3018 1777 ἀνά
3052 1725 3219 1794 μέσον
3248 1723 3458 1778 πολλῶν
3483 1723 3578 1777 καὶ
3600 1723 3703 1778 ὀλί-

435 1811 580 1866 sicut
610 1817 864 1871 recensiti
882 1827 1028 1883 sunt,
1049 1819 1272 1873 dabitur
1296 1819 1593 1874 hmreditas
1627 1834 1821 1874 eorum
1851 1836 1864 1871 :
1889 1801 2017 1890 [per

2120 1825 2250 1877 γων.
2287 1829 2305 1862 ›
2337 1811 2446 1864 Καὶ
2479 1811 2640 1882 νόμος
2675 1813 2774 1885 μὲν
2803 1806 2958 1879 οὗτος
2988 1814 3079 1868 ἐπί
3112 1832 3175 1882 γε
3204 1815 3265 1866 τὸ
3287 1815 3486 1886 χρῆναι
3516 1813 3703 1886 κληρο-

437 1911 614 1958 sortes
643 1905 928 1962 dividetur
947 1918 1094 1963 terra
1129 1910 1482 1976 nominibus;
1515 1925 1615 1980 per
1641 1909 1816 1963 tribus
1859 1908 2018 1962 fami-

434 1994 633 2049 liarum
668 2013 887 2051 suarum
920 1999 1298 2056 hmrcditatem
1323 2009 1730 2071 consequentur
1751 2018 1764 2054 :
1789 2016 1855 2054 ex
1872 2009 2020 2056 sorte

435 2084 648 2140 divides
676 2086 1052 2143 hereditatem
1095 2091 1338 2161 ipsorum
1373 2090 1493 2163 (1)]
1540 2091 1685 2145 inter
1735 2092 1938 2147 multos
1964 2099 2021 2146 et

433 2190 636 2244 paucos
656 2177 720 2231 ³ο.
744 2197 762 2228 ι
786 2177 964 2247 Atque
990 2179 1107 2234 haec
1130 2181 1349 2250 quidem
1369 2181 1452 2235 lex
1471 2190 1574 2246 est,
1598 2198 1705 2251 qua
1725 2191 1870 2236 sorte
1891 2197 2020 2251 pos-

433 2267 636 2322 sessuri
667 2278 828 2324 erant
853 2269 1230 2326 lmreditatem
1263 2272 1301 2325 ii
1324 2271 1416 2340 qui
1441 2288 1646 2326 annum
1670 2273 1780 2344 jam
1815 2272 2020 2343 vigesi-

433 2373 583 2412 mum
607 2368 846 2430 agerent.
872 2361 1003 2416 Post
1034 2364 1411 2419 reoensionem
1437 2365 1604 2436 igitur
1631 2365 1871 2434 vulgaris
1904 2373 2020 2418 tur—

433 2446 536 2514 bae,
576 2467 749 2521 genus
776 2452 1083 2508 Leviticum
1114 2464 1368 2508 numerat
1395 2473 1407 2508 :
1447 2474 1465 2505 ι
1497 2455 1564 2508 Ει
1595 2453 1714 2518 ﬁlii,
1757 2474 1774 2505 ι
1809 2454 2008 2524 inquit,

441 2558 460 2588 ι
487 2538 620 2593 Levi
657 2555 755 2609 per
781 2543 1014 2612 populos
1046 2559 1239 2598 eorum
1270 2561 1283 2596 :
1309 2543 1519 2598 Gcrson
1553 2544 1790 2614 populus
1817 2543 2021 2598 Gcrso-

433 2629 699 2695 nitarum,
733 2630 903 2686 Caath
925 2633 1165 2702 populus
1194 2633 1598 2700 Caathitarum,
1622 2635 1820 2688 Mcrari
1842 2651 2019 2705 popu-

434 2720 524 2776 lus
555 2721 942 2777 Mcraritarum
969 2742 982 2777 :
1017 2724 1075 2778 hi
1121 2725 1307 2795 populi
1339 2725 1578 2780 ﬁliorum
1624 2725 1756 2782 Levi
1780 2725 1844 2780 ³¹.
1877 2746 1896 2778 ι
1929 2727 2020 2781 In-

437 2817 521 2863 ter
541 2810 676 2875 haec,
707 2827 831 2866 cum
879 2830 1052 2884 genus
1089 2815 1257 2886 Moysi
1301 2823 1358 2870 et
1388 2815 1574 2870 Aaron
1633 2803 2018 2883 recensuisset,

437 2897 604 2954 infert
627 2900 826 2954 iterum
859 2903 927 2958 de
962 2903 1090 2958 ﬁliis
1124 2903 1295 2959 Levi:
1335 2924 1352 2955 ι
1379 2905 1449 2960 Ει
1481 2904 1797 2961 fueruntex
1823 2921 2019 2960 recen-

436 2987 590 3042 sione
611 3003 805 3043 corum
821 2992 922 3045 tria
943 2991 1204 3064 etviginti
1243 2992 1415 3047 millia
1436 3010 1448 3046 :
1473 3009 1634 3048 omne
1653 2994 2020 3050 masculinum

435 3079 505 3139 ab
537 3095 647 3134 uno
667 3096 854 3136 mense
881 3090 937 3136 et
960 3099 1154 3154 supra:
1178 3100 1287 3139 non
1313 3085 1462 3140 enim
1488 3085 1871 3140 connumerati
1893 3093 2022 3140 sunt

438 3170 493 3224 in
531 3169 660 3224 ﬁliis
688 3171 854 3227 Israel
881 3191 895 3239 ;
933 3174 1061 3243 quia
1092 3191 1203 3230 non
1223 3184 1307 3232 est
1339 3177 1420 3232 eis
1453 3177 1577 3232 data
1603 3192 1724 3232 sors
1749 3177 1807 3231 in
1837 3177 2020 3233 medio

438 3259 680 3315 ﬁliorum
711 3262 902 3318 Israel.
945 3266 1014 3320 Et
1064 3266 1179 3321 haec
1211 3269 1522 3323 numeratio
1551 3269 1752 3339 Moysis
1773 3278 1829 3325 et
1857 3270 2021 3324 Elea-

438 3366 532 3404 zar
560 3352 885 3420 sacerdotis,
937 3356 1030 3425 qui
1070 3368 1506 3414 numeraverunt
1565 3359 1707 3415 ﬁlios
1757 3363 1922 3416 Israel
1962 3361 2019 3417 in

433 3441 682 3502 Araboth
709 3447 886 3514 Moab,
919 3449 971 3503 in
996 3451 1254 3518 Jordane,
1286 3462 1474 3508 contra
1495 3454 1735 3509 Jericho.
1767 3456 1835 3509 Et
1857 3456 1908 3509 in
1934 3457 2022 3510 his

2119 1903 2303 1972 νομεῖν
2333 1903 2460 1966 τοὺς
2497 1903 2558 1957 τὸ
2590 1905 2833 1959 εἰκοστὸν
2860 1906 2964 1976 ήδη
2989 1905 3273 1976 τρίϐοντας
3303 1905 3440 1970 έτος.
3467 1906 3622 1959 Μετά
3645 1906 3701 1960 δέ

2120 2007 2183 2059 γε
2212 1993 2305 2044 τὸν
2343 1993 2667 2066 ἐκλογισμὸν
2695 1997 2793 2066 τῆς
2811 1995 3066 2065 ἀγελαίου
3089 1996 3327 2067 πληθύος
3346 2035 3360 2059 ,
3382 1997 3704 2068 ἐπαριθμεῖ-

2119 2098 2208 2134 ται
2234 2081 2295 2134 τὸ
2319 2081 2471 2150 γένος
2500 2082 2560 2136 τὸ
2585 2083 2886 2137 Λευῖτικόν’
2917 2103 2935 2135 ι
2962 2085 3133 2137 Καὶοὶ
3157 2083 3315 2147 uici,»
3351 2083 3535 2152 φησιν,
3560 2101 3580 2134 ι
3610 2081 3704 2135 τοῦ

2119 2174 2252 2227 Λευῒ
2279 2175 2420 2228 κατά
2447 2176 2654 2248 δήμους
2689 2176 2869 2230 αὐτῶν
2905 2176 2984 2248 τῷ
3023 2175 3270 2243 Γεδσὼν,
3311 2175 3483 2246 δῆμος
3515 2177 3543 2228 6
3587 2173 3708 2228 Γεδ-

2123 2268 2271 2332 σωνὶ,
2301 2267 2377 2339 τῷ
2408 2268 2563 2323 Καὰο
2583 2313 2598 2333 ,
2628 2269 2800 2339 δῆμος
2829 2271 2856 2322 6
2891 2269 3091 2333 Κααθὶ,
3132 2268 3209 2339 τῷ
3244 2268 3463 2338 Μεραρὶ
3483 2307 3498 2332 ,
3532 2267 3705 2338 δῆμος

2121 2358 2148 2410 ὁ
2174 2359 2416 2431 Μεραρίο
2445 2355 2589 2414 οὗτοι
2616 2361 2777 2432 δῆμοι
2817 2361 2946 2413 υἱῶν
2977 2360 3129 2413 Λευῒ.
3163 2377 3182 2410 ι
3217 2359 3328 2412 Kal
3369 2356 3575 2428 μεταξὺ
3609 2374 3704 2427 γει

2121 2450 2454 2522 νεαλογήσας
2497 2451 2742 2515 Μωσέως
2787 2469 2848 2506 τε
2881 2452 3009 2524 πέρι
3049 2452 3141 2505 καὶ
3182 2450 3412 2522 Ἀαρὼν,
3453 2449 3708 2520 ἐπιφέρει

2122 2541 2284 2595 πάλιν
2330 2543 2460 2613 περὶ
2501 2543 2610 2598 τῶν
2643 2544 2777 2596 υἱῶν
2815 2543 2981 2598 Λευῒ’
3021 2563 3039 2596 ι
3100 2543 3212 2597 Καὶ
3257 2541 3597 2612 ἐγενήθησαν
3647 2541 3708 2606 ἐξ

2121 2632 2461 2702 ἐπισκέψεως
2506 2632 2686 2688 αὐτῶν
2731 2636 2882 2706 τρεῖς
2934 2635 3028 2687 καὶ
3075 2633 3246 2687 εἴκοσι
3288 2631 3561 2703 χιλιάδες,
3597 2632 3708 2684 πᾶν

2121 2723 2408 2794 ἀρσενικὸν
2440 2723 2547 2777 ἀπὸ
2583 2725 2834 2794 μηνιαίου
2863 2724 2956 2778 καὶ
2981 2724 3166 2777 ἐπάνω
3187 2741 3199 2753 ·
3250 2723 3311 2776 ού
3357 2725 3466 2794 γάρ
3516 2737 3710 2774 συνεπ·

2121 2815 2434 2884 εσκέπησαν
2463 2815 2522 2866 ἐν
2537 2818 2647 2877 τοῖς
2661 2816 2795 2878 υἱοῖς
2819 2815 3058 2886 Ἰσραήλ.
3078 2815 3186 2867 Καὶ
3211 2813 3397 2884 αὖτηή
3419 2810 3709 2882 ἐπίσκεψις

2122 2904 2294 2975 Μωσῆ
2323 2905 2418 2958 καὶ
2459 2905 2723 2972 Ἐλεάζαρ
2751 2903 2846 2958 τοῦ
2873 2905 3080 2976 ἱερέως,
3108 2905 3157 2956 οἳ
3182 2893 3555 2974 ἐπεσκέψαντο
3581 2904 3708 2966 τοὺς

2125 2997 2273 3060 υἱοὺς
2313 2997 2528 3068 Ἰσραὴλ
2557 2997 2615 3051 ἐν
2666 2996 2909 3068 Ἀραϐὼθ
2952 2995 3124 3050 Μωὰϐ
3173 2997 3264 3049 ἐπὶ
3305 2995 3398 3049 τοῦ
3444 2994 3706 3065 Ἰορδάνου

2126 3086 2267 3142 κατὰ
2320 3087 2550 3158 Ἱεριχώ.
2593 3087 2701 3141 Καὶ
2729 3090 2787 3140 ἐν
2815 3087 3025 3152 τούτοις
3054 3090 3154 3142 οὐκ
3181 3085 3248 3160 ἦν
3281 3090 3566 3160 ἄνθρωπος
3598 3089 3709 3145 τῶν

2123 3179 2550 3250 ἐπεσκεμμένων
2582 3178 2688 3234 ύπδ
2717 3179 2888 3250 Μωσῆ
2931 3180 3026 3233 καὶ
3069 3181 3312 3252 Ἀαρὼν,
3352 3180 3446 3246 οὒς
3472 3182 3709 3236 ἐπεσκέ-

2121 3271 2290 3339 ψαντο
2318 3272 2444 3335 τοὺς
2472 3271 2620 3335 υἱοὺς
2654 3271 2870 3343 Ἰσραὴλ
2901 3275 2958 3326 ἐν
2980 3275 3046 3344 τῇ
3077 3273 3269 3345 ἐρήμῳ
3293 3275 3445 3346 Σινᾷ,
3478 3273 3558 3328 ὅτι
3585 3269 3707 3327 εἷπε

2122 3362 2326 3434 Κύριος
2358 3363 2572 3426 αὐτοῖς’
2610 3357 2837 3436 Θανάτῳ
2865 3365 3263 3420 ἀποθανοῦνται
3306 3369 3363 3419 ἐν
3390 3369 3456 3438 τῇ
3493 3366 3704 3437 ἐρήμῳ,

2122 3455 2218 3506 καὶ
2261 3452 2321 3504 ού
2353 3452 2683 3526 κατελείφθη
2717 3453 2777 3518 ἐξ
2817 3455 2996 3508 αὐτῶν
3039 3455 3158 3508 οὐδὲ
3201 3450 3302 3520 εἷς,
3353 3456 3491 3526 πλὴν
3524 3455 3709 3509 Χαλέδ

435 3549 544 3588 non
579 3547 699 3590 erat
730 3537 896 3593 homo
922 3557 989 3595 ex
1024 3543 1092 3597 iis
1137 3543 1232 3613 qui
1266 3546 1543 3600 numerati
1563 3546 1786 3601 fuerant
1817 3565 1846 3602 a
1876 3550 2023 3621 Moy-

433 3641 492 3682 se
515 3636 572 3680 et
609 3627 809 3695 Aaron,
844 3648 983 3700 quos
1007 3644 1441 3690 numeraverunt
1473 3637 1614 3692 ﬁlios
1640 3639 1808 3693 Israel
1838 3639 1893 3693 in
1919 3639 2016 3693 de-

433 3731 583 3775 serto
611 3721 770 3787 Sina;
797 3725 928 3792 quia
982 3724 1411 3783 dixitDominus
1468 3729 1638 3798 ipsis:
1669 3730 1844 3784 Morte
1896 3745 2019 3784 mo-

2123 3545 2236 3608 υἱὸς
2277 3545 2522 3615 Ἰεφωνῆ,
2571 3545 2665 3599 καὶ
2725 3545 2932 3617 Ἰησοῦς
2973 3549 3001 3600 6
3034 3545 3126 3600 τοῦ
3153 3548 3332 3618 Ναυῆ.
3378 3567 3396 3599 ι
3431 3548 3540 3602 Καὶ
3573 3547 3708 3617 φέρε

2125 3639 2212 3704 ἂν,
2241 3638 2404 3692 πάλιν
2437 3639 2798 3710 ἐπιτροχάδην
2855 3641 2950 3694 καὶ
2978 3639 3082 3694 ἀνὰ
3117 3640 3282 3712 μέρος
3313 3640 3520 3692 ἕκαστα
3547 3638 3708 3691 διῐόν-

2123 3747 2236 3794 τες,
2265 3730 2512 3802 λέγωμεν
2553 3730 2887 3801 σαφέστερόν
2918 3750 2978 3785 τε
3010 3733 3105 3786 καὶ
3131 3733 3562 3804 εὐκρινέστερον.

435 3816 648 3869 rientur
677 3816 731 3869 in
757 3816 1008 3882 deserto;
1040 3827 1095 3873 et
1146 3837 1254 3875 non
1283 3820 1386 3874 fuit
1415 3821 1643 3876 relictus
1673 3839 1740 3876 ex
1761 3822 1842 3878 eis
1874 3840 2054 3894 neque
2102 3841 2265 3889 unus,
2298 3836 2663 3896 prasterquam
2711 3826 2878 3882 Caleb
2913 3827 3056 3882 ﬁlius
3081 3827 3344 3897 Jepbone,
3369 3834 3424 3879 et
3445 3825 3606 3880 Jcsus
3641 3821 3705 3877 ﬁ-

434 3907 544 3962 lius
569 3907 716 3960 Nave
734 3907 797 3961 3'.
825 3928 842 3958 ι
881 3908 992 3979 Age
1019 3910 1202 3980 igitur,
1231 3912 1412 3966 denuo
1433 3914 1635 3967 cursim
1656 3931 1719 3968 ac
1743 3931 1842 3984 per
1863 3925 2046 3986 partes
2081 3918 2292 3988 singula
2319 3929 2735 3988 prosequentes,
2763 3918 3010 3974 dicamus
3052 3919 3252 3973 clarius
3270 3934 3334 3973 ac
3366 3917 3709 3976 distinctius.

505 4000 703 4054 PALL.
731 4002 1004 4071 Eloquere
1032 4005 1214 4075 itaque
1251 4005 1389 4061 nihil
1422 4016 1742 4076 cunctatus;
1778 4026 1903 4064 nam
1954 4011 2012 4064 in

2195 4014 2398 4066 IIAAA.
2431 4012 2609 4083 Φράζε
2644 4014 2705 4083 δὴ
2744 4011 2834 4067 οὗν
2867 4015 3100 4085 ὀκνήσας
3140 4014 3312 4079 οὐδὲν,
3351 4013 3427 4077 ὼς
3457 4014 3514 4068 ἐν
3550 4032 3614 4085 γε
3641 4015 3704 4087 δή

433 4092 704 4162 ejusmodi
730 4094 895 4148 rebus
920 4096 1226 4166 jucundum
1249 4107 1332 4153 est
1356 4110 1549 4170 argute
1585 4101 1878 4155 disserere.

2119 4103 2324 4166 τούτοις
2357 4105 2453 4174 ἡδὺ
2495 4105 2556 4157 τὸ
2591 4106 2978 4176 στενολεσχεῖν.

495 4183 654 4240 CYR.
712 4186 883 4256 Igitur
937 4187 992 4241 in
1023 4204 1197 4258 pauca
1259 4191 1670 4260 propositorum
1716 4192 2011 4247 verborum

2191 4194 2354 4246 ΚΥΡ.
2407 4193 2616 4246 υύκοῦν
2667 4196 2723 4246 ὲν
2771 4195 2970 4263 ὀλίγοις
3023 4193 3132 4247 τῶν
3185 4194 3565 4265 προκειμένων
3610 4193 3702 4249 τὸν

435 4291 658 4331 sensum
692 4278 1059 4345 conferentes,
1094 4280 1230 4335 illud
1252 4282 1487 4337 dicimus
1515 4301 1527 4336 :
1582 4283 1840 4338 Adultam
1891 4301 2016 4339 rur-

2119 4286 2243 4341 νοῦν
2301 4287 2732 4357 συναγείροντες,
2783 4287 2958 4339 ἐκεῖνό
3003 4303 3215 4356 φαμεν·
3257 4287 3330 4338 Τὸ
3383 4287 3590 4358 ήϐηκὺς
3636 4286 3700 4358 δὴ

433 4384 528 4423 sus
558 4378 613 4423 et
650 4370 782 4424 belli
823 4387 932 4426 non
982 4373 1226 4443 ignaram
1260 4383 1477 4430 aetatem
1526 4379 1806 4434 numerari
1856 4379 2017 4450 jubet

2119 4377 2301 4441 πάλιν,
2333 4376 2427 4446 καὶ
2469 4375 2567 4446 τὴν
2600 4376 3070 4446 ἐμπειροπόλεμον
3105 4375 3316 4446 ἡλικίαν
3362 4375 3699 4446 ἀπαριθμεῖ-

433 4460 599 4514 Deus.
636 4461 708 4516 Ut
738 4463 886 4516 enim
909 4465 1021 4534 jam
1070 4467 1225 4535 prius
1260 4467 1518 4534 diximus,
1561 4470 1763 4540 cogniti
1802 4479 1859 4523 et
1910 4470 2010 4524 de-

2119 4469 2238 4522 σθαι
2280 4469 2388 4522 δεῖν
2431 4468 2757 4540 προστάττει
2792 4467 2942 4530 Θεός.
2993 4468 3081 4529 Ὠς
3112 4468 3216 4537 γὰρ
3257 4468 3355 4538 ήδη
3393 4466 3700 4536 φθάσαντες

434 4551 624 4620 scripti
660 4561 789 4606 sunt
817 4555 963 4622 apud
1011 4557 1203 4622 Deum,
1254 4569 1310 4612 et
1345 4560 1398 4613 in
1438 4560 1643 4615 librum
1704 4562 2013 4616 viventium

2119 4560 2360 4630 εἴπομεν,
2396 4561 2453 4611 ἐν
2485 4557 2684 4626 γνώσει
2731 4574 2790 4609 τε
2825 4557 2917 4610 καὶ
2950 4557 3246 4629 ἀπογραφῇ
3280 4558 3344 4628 τῇ
3372 4557 3523 4627 παρά
3555 4556 3697 4627 Θεῷ,

435 4643 615 4707 relati,
641 4660 751 4698 non
777 4645 1027 4701 imbelles
1054 4657 1110 4702 et
1145 4649 1370 4716 inﬁrmi,
1401 4668 1581 4722 neque
1616 4653 1778 4722 pueri
1827 4654 2012 4708 adhuc

433 4747 620 4798 sensu,
647 4735 744 4789 sed
772 4737 1088 4807 quicunque
1144 4739 1316 4796 fortes
1363 4750 1419 4798 et
1464 4743 1640 4812 parati
1677 4741 1744 4797 ad
1800 4743 2010 4799 bellum

432 4840 558 4879 cum
603 4826 755 4882 vitiis
783 4837 950 4898 atque
1007 4839 1234 4900 peccato
1263 4835 1588 4904 gerendum,
1641 4845 1698 4892 et
1731 4835 1893 4893 ﬁrma
1947 4853 2012 4894 ac

432 4918 616 4972 stabili
669 4930 799 4975 sunt
849 4922 1162 4992 sapientia,
1225 4934 1281 4981 et
1346 4929 1459 4998 apti
1514 4931 1624 5001 jam
1676 4931 1745 4988 ad
1799 4947 1865 4989 ea
1913 4948 2011 5004 ge—

431 5010 604 5064 renda
657 5028 721 5067 ac
777 5014 1148 5084 perﬁcienda,
1201 5035 1324 5089 qua:
1396 5022 1540 5079 Deus
1588 5023 1722 5081 velit
1770 5042 1783 5077 :
1848 5024 2004 5094 135

432 5101 602 5156 iidem
649 5117 748 5172 per
803 5105 998 5174 tribus,
1047 5119 1104 5166 et
1161 5126 1228 5166 ex
1291 5113 1534 5180 nomine,
1587 5123 1645 5170 et
1693 5115 2008 5184 singulatim

435 5201 638 5250 terram
663 5197 846 5266 partiti
878 5209 1024 5255 sunt.
1055 5201 1311 5259 Ilaaredes
1334 5220 1568 5275 namque
1591 5213 1756 5258 terrze
1785 5212 2008 5270 sanctae,

431 5293 490 5340 et
506 5296 848 5355 speratarum
868 5289 1137 5346 bonorum
1167 5293 1463 5364 participes
1477 5302 1641 5348 erunt
1666 5293 1702 5346 ii
1721 5292 1787 5347 de
1809 5292 2011 5362 quibus

433 5376 732 5446 loquimur,
759 5397 856 5452 per
880 5383 1058 5439 tribus
1091 5393 1148 5439 et
1184 5384 1439 5448 familias,
1476 5393 1537 5438 ut
1566 5384 1621 5438 in
1645 5382 1757 5438 illis
1789 5384 2008 5440 verbis:

443 5485 462 5518 ι
489 5468 638 5525 Beati
667 5472 828 5528 mites
853 5516 867 5539 ,
901 5477 1159 5544 quoniam
1199 5475 1304 5544 ipsi
1340 5475 1745 5531 hmrcditabunt
1771 5487 2008 5543 terram;

436 5561 580 5617 beati
623 5565 1044 5632 misericordes,
1095 5567 1355 5637 quoniam
1410 5566 1512 5637 ipsi
1577 5567 2010 5625 misericordiam

511 5680 556 5711 "‘
589 5682 754 5737 Ichr.
786 5699 860 5748 vl,
903 5684 987 5737 lO.
1065 5685 1110 5717 ”
1148 5683 1307 5738 Num.
1351 5701 1495 5750 xxvr,
1567 5687 1622 5750 2,
1659 5687 1712 5742 5.

512 5774 593 5845 ξι)
625 5773 791 5831 (lucis
817 5775 1024 5832 inclusa
1047 5776 1245 5832 desunt
1273 5778 1326 5832 in
1354 5788 1503 5834 textu
1529 5778 1737 5837 Greece.
1763 5781 1910 5837 Eutr.

1825 5688 1870 5719 ³⁰
1904 5687 2067 5755 Ibid.,

2108 4653 2202 4706 καὶ
2225 4654 2281 4705 ἐν
2311 4652 2477 4722 βίϐλῳ
2508 4650 2744 4716 ζώντων,
2779 4650 2838 4702 ού
2872 4651 2932 4703 τὸ
2954 4650 3148 4703 ἀναλκι
3175 4651 3266 4702 καὶ
3295 4649 3542 4720 ἀδρανὲς,
3574 4649 3697 4703 οὔτε

2112 4743 2219 4820 μὴν
2252 4743 2312 4796 τὸ
2343 4743 2423 4797 ἐτι
2465 4741 2732 4814 νηπιάζον
2764 4741 2904 4796 κατὰ
2931 4741 3029 4811 τὴν
3077 4741 3370 4812 φρόνησιν,
3421 4741 3558 4794 ἀλλὰ
3589 4742 3695 4794 πᾶν

2106 4835 2230 4888 ὅσον
2270 4835 2418 4888 ἐστὶν
2475 4833 2728 4896 εύσθενές
2776 4850 2836 4886 τε
2869 4832 2968 4903 ἤδη
2998 4834 3091 4884 καὶ
3131 4832 3344 4901 ἕτοιμον
3393 4831 3475 4894 είς
3519 4831 3696 4900 παρά-

2102 4928 2256 4994 ταξιν
2297 4926 2395 4998 τὴν
2453 4925 2598 4980 κατά
2639 4924 2829 4978 παθῶν
2869 4942 2926 4977 τε
2959 4923 3052 4976 καὶ
3081 4922 3377 4992 ἁμαρτίας,
3410 4922 3505 4975 καὶ
3539 4922 3698 4992 $5611-

2117 5019 2210 5083 κὸς
2241 5021 2322 5084 εἰς
2365 5019 2616 5084 σύνεσιν,
2669 5016 2944 5088 εὐπρεπές
2983 5032 3042 5068 τε
3081 5015 3181 5086 ἤδη
3226 5014 3360 5084 πρὸς
3392 5013 3453 5066 τὸ
3497 5013 3696 5084 χρῆναι

2115 5112 2248 5184 δρᾷν
2283 5112 2376 5166 καὶ
2402 5111 2660 5166 δύνασθαι
2706 5107 3037 5180 κατορθοῦν,
3073 5105 3110 5160 ἃ
3145 5106 3210 5160 ἂν
3241 5106 3481 5177 βούλοιτο
3524 5107 3691 5170 Θεὸς’

2115 5194 2264 5255 οὗτοί
2282 5219 2340 5255 τε
2361 5201 2459 5272 τὴν
2479 5200 2582 5272 γῆν
2612 5200 2753 5254 κατά
2776 5213 2836 5253 τε
2864 5199 2960 5262 τὰς
2984 5197 3175 5267 φυλὰς,
3199 5197 3294 5251 καὶ
3321 5195 3380 5260 ἐξ
3407 5196 3694 5267 ὀνόματος,

2118 5294 2212 5348 καὶ
2249 5292 2369 5347 καθ’
2400 5293 2630 5347 ἕκαστον
2663 5287 2721 5346 εὖ
2761 5291 2905 5362 μάλα
2936 5290 3354 5361 διεμοιρήσαντο
3375 5305 3389 5320 ·
3432 5288 3695 5360 κληρονό-

2121 5404 2210 5458 μοι
2257 5386 2366 5458 γάρ
2410 5385 2622 5439 ἔσονται
2651 5385 2750 5455 τῆς
2789 5383 2950 5454 ἁγίας
2976 5384 3098 5453 γῆς,
3139 5383 3233 5435 καὶ
3274 5381 3382 5434 τῶν
3423 5383 3481 5435 ἐν
3512 5381 3694 5435 ἐλπίσι

2123 5475 2438 5548 μεθέξουσιν
2474 5477 2715 5544 ἀγαθῶν,
2747 5478 2796 5530 οἱ
2837 5477 2964 5546 περὶ
2996 5469 3070 5529 ὧν
3102 5475 3130 5526 ὁ
3162 5474 3320 5543 λόγος
3356 5474 3498 5527 κατά
3525 5473 3696 5543 φυλάς

2118 5586 2180 5621 τε
2208 5569 2301 5623 καὶ
2335 5568 2476 5623 κατὰ
2498 5569 2672 5638 γένος,
2701 5568 2777 5631 ῶς
2805 5569 2862 5622 ἐν
2888 5568 2984 5639 τῷ,
3025 5587 3043 5620 ι
3085 5567 3360 5640 Μακάριοι
3389 5568 3436 5619 οἱ
3477 5567 3694 5638 πραεῖς,

2109 5687 2289 5744 52-5-4,
2368 5685 2600 5751 “Ibld.,
2658 5687 2745 5750 57,
2808 5687 2893 5741 58.
3008 5686 3052 5718 ³⁸
3093 5684 3252 5751 lbid.,
3296 5681 3486 5742 62-65.
