3968 6300
455 323 556 380 .551

1480 315 1537 373 s.
1577 297 1856 373 CYRILLI
1898 313 2372 370 numnum]
2408 312 2727 372 meum.

3633 321 3737 375 5"“

3672 362 3702 375 ιι
3712 360 3737 374 ﬂ

3672 360 3740 375 ιε’

456 449 542 497 est
578 444 782 503 autem,
810 436 1040 501 Palladi,
1089 434 1359 507 ejusmodi
1400 434 1697 491 discrimen
1733 435 1789 489 in
1829 440 2045 490 sancto-

2164 433 2581 505 ιπεσκεμμένοις
2612 433 2716 487 ὑπὸ
2753 433 2926 506 Μωσῆ
2960 434 3054 489 καὶ
3098 434 3329 508 ’Δαρὼν,
3369 434 3464 502 οὓς
3497 436 3745 491 ἐπεσκέ-

459 548 585 587 rum
638 530 876 593 animis,
949 528 1211 584 sensibus
1270 544 1335 583 ac
1396 528 1647 584 moribus
1704 527 2038 599 perspicere.

459 625 602 680 Illud
644 639 865 694 quoque
905 621 1175 693 adjunxit,
1213 622 1495 677 neminem
1529 638 1596 677 ex
1627 622 1695 678 iis
1724 621 1893 677 fuisse
1945 622 2042 691 qui

456 716 713 773 recensiti
766 716 919 785 prius
963 714 1181 770 fuerant
1230 730 1258 769 a
1323 715 1506 787 Moyse
1543 725 1600 771 et
1640 715 1846 781 Aaron,
1903 730 2044 786 quos

457 817 861 863 recensuerant
888 807 1031 862 ﬁlios
1069 807 1231 861 Israel
1256 807 1311 860 in
1348 806 1571 863 deserto
1608 807 1759 872 Sina,
1798 808 1927 878 quia
1961 808 2045 863 di-

458 898 538 952 xit
565 897 832 952 Dominus
863 898 998 967 ipsis
1033 915 1045 950 :
1073 897 1245 953 Morte
1273 898 1583 953 morientur
1609 899 1666 953 in
1711 898 1952 965 deserto,
1988 910 2046 957 et

458 1002 570 1041 non
591 995 675 1042 est
700 988 929 1043 relictus
952 1003 1021 1044 ne
1043 1004 1187 1044 unus
1212 989 1438 1058 quidem
1461 1005 1529 1044 ex
1556 989 1710 1059 ipsis,
1739 990 1847 1046 nisi
1877 990 2044 1046 Caleb

457 1075 604 1132 ﬁlius
643 1077 912 1147 Jephone,
964 1089 1021 1135 et
1061 1079 1222 1135 Jesus
1271 1079 1418 1136 ﬁlius
1464 1080 1614 1136 Nave
1671 1082 1716 1115 ιι
1766 1101 1779 1136 :
1825 1084 1882 1145 in
1931 1098 2044 1153 quo

458 1168 753 1238 perspicue
789 1169 1065 1236 ostendit,
1110 1185 1224 1225 non
1280 1171 1351 1227 ad
1396 1171 1710 1229 incredulos
1766 1173 2045 1243 pertinere

457 1261 868 1331 possessionum
907 1262 1375 1329 distributionem,
1404 1274 1461 1319 et
1503 1264 1654 1318 illam
1685 1264 1741 1319 in
1783 1264 1881 1318 Dei
1905 1264 2047 1320 libro

460 1352 910 1424 descriptionem,
940 1355 1036 1411 sed
1053 1356 1134 1411 eis
1150 1357 1334 1426 potius
1350 1357 1647 1412 convenire
1677 1356 1772 1427 qui
1789 1356 1953 1412 ﬁdem
1969 1358 2052 1412 ni-

459 1446 663 1509 mirum
682 1446 739 1500 in
757 1446 1039 1502 Christum
1070 1449 1308 1519 amplexi
1324 1457 1453 1505 sunt
1476 1466 1490 1503 :
1509 1464 1637 1504 nam
1657 1448 1725 1505 de
1745 1448 2049 1505 incredulis

460 1537 538 1592 ait
567 1537 788 1594 divinus
825 1539 1030 1594 David:
1066 1559 1083 1591 ι
1113 1540 1413 1596 Deleantur
1441 1540 1509 1595 de
1534 1541 1679 1596 libro
1718 1540 2043 1607 viventium,

459 1639 516 1685 et
551 1640 676 1685 cum
700 1632 865 1702 justis
897 1647 1008 1688 non
1040 1632 1355 1689 scribantur
1384 1633 1450 1686 δ’.
1488 1652 1507 1685 ι
1544 1633 1607 1688 In
1634 1633 1838 1704 quibus
1879 1634 2046 1690 etiam

458 1721 648 1776 verbis
685 1722 907 1779 divinus
946 1739 1130 1779 sermo
1170 1724 1336 1779 nobis
1354 1724 1591 1781 latenter
1632 1724 1892 1789 ostendit,
1923 1741 2046 1782 cre-

2146 525 2318 595 ψαντο
2336 526 2463 590 τοὺς
2490 526 2641 590 υἱοὺς
2686 525 2904 599 Ἰσραὴλ
2933 528 2989 580 ἐν
3009 529 3075 598 τῇ
3096 527 3290 599 ἐρήμῳ
3316 528 3468 600 Σινᾷ,
3500 529 3582 582 ὅτι
3609 524 3737 583 εἷπε

2150 616 2356 690 Κύριος
2386 618 2587 682 αὐτοῖς’
2618 618 2848 690 Θανάτῳ
2885 618 3282 674 ἀποθανοῦνται
3314 621 3373 674 ἐν
3407 623 3475 691 τῇ
3513 621 3734 695 ἐρήμῳ.

2152 710 2247 763 καὶ
2278 710 2339 763 οὐ
2366 710 2695 785 κατελείφθη
2733 712 2792 777 ἐξ
2830 712 3009 767 αὐτῶν
3038 712 3158 766 οὐδὲ
3184 706 3298 778 εἷς,
3328 711 3467 785 πλὴν
3498 713 3679 768 Χαλέϐ
3704 713 3735 766 6

2148 802 2263 865 υίὸς
2308 803 2514 874 Ἰεφονῆ
2535 844 2550 869 ,
2582 804 2677 858 καὶ
2718 803 2923 875 Ἰησοῦς
2948 804 2977 857 6
3017 803 3113 858 τοῦ
3143 803 3331 875 Ναυῆ·
3363 806 3736 876 παραδεικνὺς

2147 892 2419 965 ἐναργῶς,
2455 894 2539 948 ὅτι
2594 894 2669 966 μὴ
2721 897 2833 958 τοῖς
2869 894 3234 967 ἀπειθήσασιν
3272 898 3306 967 ή
3358 896 3733 967 κληρονομία,

2146 987 2243 1041 καὶ
2275 987 2337 1039 τὸ
2366 990 2424 1041 ἐν
2456 986 2624 1060 βίϐλῳ
2647 988 2956 1061 γεγράφθαι
2987 988 3123 1043 Θεοῦ
3144 1004 3157 1019 °
3188 987 3392 1061 πρέποι
3413 988 3459 1042 δ’
3489 988 3557 1043 ἂν
3592 990 3733 1061 μᾶλ-

2146 1080 2238 1137 λον
2281 1083 2395 1145 τοῖς
2435 1079 2534 1153 τὴν
2569 1081 2754 1136 πίστιν
2776 1080 3203 1153 είσδεδεγμένοις
3221 1120 3236 1147 ,
3266 1080 3422 1151 δῆλον
3445 1080 3501 1136 δέ
3530 1081 3615 1135 ὅτι
3633 1081 3735 1155 τὴν

2150 1176 2208 1227 ἐν
2252 1173 2506 1245 Χριστῷ-
2556 1172 2686 1245 περὶ
2735 1172 2833 1244 μὲν
2878 1171 2988 1244 γὰρ
3040 1171 3151 1226 τῶν
3202 1170 3588 1244 ὴπειθηκότων
3647 1170 3731 1239 τὸ,

2154 1283 2173 1316 ι
2230 1264 2738 1336 Ἐξαλειφθήτωσαν
2794 1264 2860 1317 ἐκ
2912 1261 3096 1334 βίϐλου
3155 1260 3393 1328 ζώντων,
3450 1261 3546 1316 καὶ
3595 1260 3734 1330 μετά

2148 1357 2372 1412 δικαίων
2409 1356 2487 1428 μὴ
2530 1358 2935 1428 γραφήτωσαν,
2985 1375 3004 1407 ι
3033 1355 3061 1409 6
3086 1354 3376 1418 θεσπέσιος
3408 1352 3515 1424 ἔφη
3547 1353 3731 1408 Δα6ίδ.

2161 1448 2527 1519 ’Υπεμφαίνει
2559 1447 2616 1502 δὲ
2642 1448 2773 1519 ἡμῖν
2800 1447 2895 1502 καὶ
2920 1447 2982 1501 τὸ
3020 1446 3161 1501 θεῖον
3189 1448 3246 1501 ἐν
3277 1445 3489 1508 τούτοις
3530 1444 3730 1512 λόγιον,

2149 1540 2231 1593 ὃτι
2269 1542 2383 1604 τοῖς
2429 1538 2779 1594 πιστεύουσιν
2825 1540 2861 1611 ή
2903 1537 3099 1610 χάρις’
3152 1537 3240 1592 διὰ
3293 1536 3403 1608 γάρ
3442 1552 3527 1589 τοι
3577 1534 3731 1590 τοῦτο

2150 1630 2287 1700 πρὸς
2331 1629 2407 1702 τῷ
2471 1628 2710 1703 Ἰορδάνῃ
2763 1630 2863 1702 τὴν
2918 1628 3242 1702 ἀπογραφὴν
3294 1627 3552 1698 γενέσθαι
3602 1626 3735 1698 φησὶ

2155 1721 2433 1794 μυστικῶς
2460 1724 2488 1777 6
2508 1722 2684 1791 λόγος·
2710 1721 3063 1793 ἀνάγραπτος
3088 1720 3198 1793 γὰρ
3219 1721 3248 1773 ό
3275 1718 3725 1790 βεϐαπτισμένος·

463 1811 725 1870 dentibus
752 1816 871 1871 dari
897 1817 1125 1887 gratiam
1166 1816 1443 1886 :ideoque
1486 1816 1715 1888 mystice
1764 1806 2049 1887 Scriptura

2164 1814 2290 1886 πλὴν
2340 1814 2443 1886 οὐχ
2489 1814 2801 1886 ὁλοκλήρως
2849 1812 3220 1868 ἀποπεπτωκε
3272 1811 3375 1883 τῆς
3432 1810 3651 1876 ἐλπίδος
3705 1812 3735 1867 6

464 1904 621 1971 dicit,
658 1923 830 1978 prope
853 1906 1148 1963 Iordanem
1180 1907 1382 1964 factam
1415 1922 1538 1963 esse
1577 1906 2045 1977 descriptionem;

465 1995 515 2051 is
542 1998 693 2053 enim
751 1998 1107 2063 describitur,
1138 1998 1233 2068 qui
1274 1997 1584 2068 baptizatus
1621 1996 1809 2054 fuerit.
1859 1997 2050 2069 Neque

464 2098 647 2145 tamen
678 2088 970 2143 universus
1002 2088 1165 2144 Israel
1196 2103 1294 2159 spe
1342 2088 1566 2144 excidit.
1609 2088 1851 2145 Servatae
1891 2105 2050 2144 nam-

460 2196 569 2250 que
603 2189 733 2235 sunt
765 2180 1032 2252 reliquiae,
1056 2182 1214 2252 juxta
1245 2181 1531 2251 prophetae
1555 2196 1750 2237 vocem
1775 2182 1820 2214 "
1849 2200 1863 2237 :
1888 2183 2050 2254 cujus

461 2271 543 2326 rei
569 2269 799 2342 ﬁguram
833 2271 1223 2343 geruntCalcb
1261 2282 1318 2329 et
1346 2272 1527 2338 Iesus,
1556 2272 1661 2329 soli
1690 2288 1758 2329 ex
1789 2274 2052 2330 omnibus

461 2366 678 2426 relicti.
725 2366 821 2438 qui
876 2366 1222 2421 haereditaria
1266 2366 1362 2421 illa
1395 2374 1546 2422 sorte
1587 2368 1936 2438 potirentur,
1995 2376 2054 2424 et

463 2456 913 2523 describerentur
939 2475 1051 2513 una
1074 2474 1198 2512 cum
1226 2458 1295 2513 iis
1320 2458 1417 2528 qui
1446 2457 1791 2516 inﬁdelitatis
1816 2458 2049 2516 crimine

461 2564 575 2604 non
602 2550 954 2605 tenebantur.
983 2548 1376 2605 Animadverte
1398 2556 1584 2605 autem
1608 2550 1818 2621 ubique
1836 2559 2054 2608 sancto-

459 2657 587 2697 rum
612 2642 898 2697 hominum
922 2642 1352 2712 descriptionem
1398 2648 1456 2698 et
1492 2657 1751 2714 agrorum
1787 2642 2053 2700 distribu-

462 2734 672 2789 tionem
714 2751 726 2789 :
768 2734 983 2806 geritur
1039 2734 1188 2789 enim
1238 2749 1333 2805 per
1390 2735 1613 2807 Moysen
1667 2743 1726 2792 et
1780 2728 1929 2792 eum
1957 2737 2051 2807 qui

463 2827 777 2883 sacerdotio
800 2828 1254 2900 praestantissimo
1286 2817 1640 2900 fungebatur,
1662 2837 1744 2894 ut,
1774 2830 1919 2886 sicut
1938 2831 2051 2901 jam

462 2926 624 2973 antea
640 2918 776 2985 dixi,
805 2934 902 2989 per
923 2927 1220 2990 utrumque
1258 2935 1428 2975 unum
1449 2918 1730 2976 Christum
1757 2919 2048 2990 intelligas,

470 3007 628 3080 I37
656 3017 916 3081 tanquam
942 3010 1287 3066 sacerdotem
1329 3026 1606 3066 summum
1631 3019 1798 3082 atque
1838 3011 2053 3083 legisla-

464 3108 672 3169 torem;
704 3117 805 3173 per
836 3119 1001 3175 quem
1023 3103 1204 3159 omnis
1225 3103 1403 3174 gratia
1440 3103 1737 3169 tribuitur,
1770 3111 1826 3159 et
1867 3104 1960 3158 illa
1993 3103 2055 3158 ﬁt

2142 1902 2404 1980 ΔἸσραήλ.
2445 1906 2723 1962 Σέσωσται
2764 1906 2875 1978 γὰρ
2905 1906 2966 1960 τὸ
3017 1905 3399 1977 κατάλειμμα,
3444 1903 3588 1958 κατά
3637 1903 3735 1976 τὴν

2151 1996 2244 2050 τοῦ
2272 1997 2552 2069 προφήτου
2601 1996 2810 2068 φωνὴν,
2855 1987 2917 2049 οὗ
2943 1994 3116 2060 τύπος
3158 1994 3225 2051 ἂν
3272 1990 3382 2049 εἶεν
3420 1996 3469 2048 oi
3505 1995 3572 2048 ἐκ
3599 1994 3737 2051 πάνυ

2151 2106 2260 2145 των
2294 2089 2781 2160 καταλελειμμένοι
2825 2088 2976 2162 μόνοι
3023 2087 3206 2143 Χαλέ6
3252 2106 3313 2143 τε
3355 2087 3451 2142 καὶ
3507 2086 3734 2159 Ἰησοῦς,

2156 2181 2728 2254 συγκληρονομοῦντές
2765 2199 2826 2236 τε
2873 2182 2969 2236 καὶ
3008 2181 3457 2253 ἀπογραφόμενοι
3488 2182 3603 2244 τοῖς
3637 2178 3737 2250 τῆς

2153 2276 2413 2341 ἀπιστίας
2444 2278 2787 2348 ἐγκλήμασιν
2822 2277 2926 2330 οὐκ
2954 2275 3316 2347 ἐνεχομένοις.
3362 2274 3647 2346 Ἐπιτήρει
3681 2272 3736 2326 δὲ

2154 2371 2406 2440 πανταχῆ
2450 2370 2548 2442 τὴν
2587 2368 2695 2425 τῶν
2741 2370 2914 2440 ἁγίων
2963 2368 3293 2442 ἀπογραφὴν
3337 2369 3429 2422 καὶ
3476 2367 3738 2437 κληροδοο

2156 2460 2296 2517 σίαν.
2327 2460 2635 2533 Ηράττεται
2663 2460 2772 2533 γὰρ
2811 2460 2900 2514 διά
2933 2477 2991 2514 τε
3023 2459 3269 2524 Μωσέως
3316 2459 3411 2514 καὶ
3450 2455 3547 2512 τοῦ
3575 2456 3742 2529 προῦ⁶

2155 2567 2342 2622 χοντος
2373 2553 2433 2606 ἐν
2461 2552 2753 2625 ἱερωσύνῃ,
2790 2552 2898 2614 ῖνα,
2922 2551 3175 2623 καθάπερ
3200 2552 3301 2623 ήδη
3335 2551 3620 2621 προεῖπον,
3650 2548 3741 2602 τὸν

2155 2642 2252 2697 ἕνα
2291 2641 2360 2697 δι’
2386 2643 2591 2714 ἀμφοῖν
2619 2645 2819 2715 νοήσῃς
2848 2642 3108 2713 Χριστὸν,
3136 2640 3210 2705 ὡς
3237 2640 3501 2712 ἀρχιερέα
3539 2641 3636 2693 καί
3664 2656 3743 2691 νο-

2159 2733 2413 2806 μοθέτην,
2439 2734 2507 2789 δι’
2527 2729 2591 2790 οὗ
2616 2736 2768 2789 πᾶσα
2797 2735 2979 2807 χάρις,
3013 2733 3111 2789 καὶ
3146 2732 3207 2788 τὸ
3236 2734 3293 2788 ἐν
3336 2733 3456 2795 ταῖς
3494 2731 3609 2786 ἀνω
3643 2729 3743 2800 φέ-

2158 2825 2346 2897 ρεσθαι
2382 2825 2608 2898 βίϐλοις,
2635 2826 2703 2891 ἃς
2729 2827 2823 2881 καὶ
2848 2827 2877 2880 6
2918 2827 3189 2897 μακάριος
3220 2823 3419 2894 Δανιὴλ
3454 2820 3744 2877 τεθεᾶσθαι

2157 2937 2322 2991 φησιν
2388 2919 2618 2975 ἑαυτόν.
2669 2939 2689 2973 ι
2735 2919 2917 2975 Βίϐλοι
2956 2919 3065 2992 γὰρ
3089 2915 3463 2990 ἠνεῴχθησαν,
3501 2933 3522 2968 ι
3555 2915 3742 2988 φησιν,

2156 3013 2239 3067 ὃτι
2284 3013 2452 3085 πολλή
2489 3030 2593 3068 που
2642 3013 2861 3068 πάντων
2903 3014 3000 3068 καὶ
3039 3012 3294 3083 διάφορος
3337 3011 3371 3081 ή
3414 3007 3745 3081 ἀπογραφὴν

2157 3103 2244 3159 διὰ
2271 3105 2334 3177 δή
2363 3123 2445 3160 τοι
2465 3106 2623 3161 τοῦτο
2650 3105 2842 3172 πολλὰ,
2873 3104 2969 3159 καὶ
2990 3105 3091 3176 οὐχ
3114 3103 3172 3159 ἓν
3194 3103 3256 3157 τὸ
3287 3100 3511 3174 βιϐλίον.

463 3193 521 3249 in
537 3195 794 3268 supernis
816 3196 926 3251 illis
946 3195 1104 3251 libris
1128 3196 1428 3267 descriptio
1460 3214 1473 3249 :
1499 3212 1640 3266 quos
1667 3196 1835 3251 etiam
1860 3196 2057 3252 beatus
2081 3197 2271 3254 Daniel
2316 3214 2376 3254 se
2410 3198 2616 3255 vidisse
2653 3199 2807 3254 dicit.
2862 3217 2881 3249 ι
2918 3197 3094 3269 Libri,
3135 3215 3153 3249 ι
3206 3193 3496 3267 inquiens,
3527 3211 3547 3245 ι
3569 3198 3747 3263 aperti

463 3296 596 3343 sunt
624 3286 672 3319 “
702 3304 716 3341 :
750 3307 769 3339 ι
797 3303 924 3343 nam
950 3288 1081 3359 quia
1096 3288 1386 3359 multiplex
1426 3296 1483 3343 et
1536 3287 1754 3344 diversa
1811 3286 2112 3359 descriptio
2144 3298 2250 3356 est,
2287 3290 2413 3346 ideo
2438 3291 2651 3362 plures,
2672 3307 2786 3347 non
2821 3304 2965 3346 unus
2988 3289 3151 3346 liber.

533 3401 735 3457 PALL.
766 3402 937 3459 Recte
964 3402 1130 3474 igitur
1155 3418 1219 3458 ac
1242 3403 1378 3458 scite
1407 3401 1616 3457 dictum
1674 3400 1810 3456 illud
1840 3415 1872 3456 e
1911 3402 2047 3456 Pro-

2223 3404 2432 3458 ΠΑΑΛ.
2487 3402 2698 3476 Ὀρθῶς
2730 3397 2825 3457 οὖν
2855 3402 2963 3474 ἄρα
3003 3401 3098 3456 καὶ
3138 3399 3317 3471 σοφῶς
3349 3401 3378 3453 ὁ
3408 3399 3509 3471 τῆς
3542 3399 3747 3471 Παροι-

464 3494 974 3551 verbiisadmonet:
1010 3495 1365 3549 «Divitiarum
1389 3494 1531 3565 pigri
1557 3493 1868 3565 indigentes
1891 3494 2051 3561 ﬁunt;

467 3586 676 3642 strenui
713 3597 898 3645 autem
929 3586 1235 3642 fulciuntur
1265 3587 1466 3657 opibus
1504 3587 1571 3638 δ’.
1604 3605 1621 3637 ι

536 3679 696 3736 CVR.
733 3680 1060 3734 Fulciuntur
1096 3680 1178 3734 illi
1238 3678 1486 3756 quidem,
1526 3679 1813 3749 Deumque
1852 3678 2057 3735 habent

466 3768 770 3841 propitium
803 3784 868 3824 ac
893 3777 1385 3840 propugnatorem,
1429 3767 1526 3838 qui
1572 3769 1892 3824 caelestibus
1934 3769 2058 3825 illos

469 3859 957 3916 benedictionibus
985 3867 1570 3931 augeat,coronetque,
1596 3874 1661 3913 ac
1692 3859 2057 3928 praeclarissi-

475 3952 903 4008 mishonoribus
939 3962 996 4008 et
1020 3952 1221 4023 insigni
1241 3952 1413 4024 gloria
1450 3952 1788 4022 amplissime
1807 3964 2055 4010 exornet.

471 4049 556 4103 An
574 4046 758 4101 minus
772 4062 903 4102 vere
919 4046 1070 4118 loqui
1088 4056 1266 4118 putas,
1286 4061 1412 4101 cum
1429 4045 1563 4102 dicit
1589 4063 1600 4100 :
1634 4065 1653 4097 ι
1676 4047 1814 4103 Vivo
1827 4062 1949 4118 ego,
1970 4047 2058 4103 di-

472 4140 550 4195 cit
574 4139 857 4205 Dominus,
883 4139 1012 4211 quia
1040 4138 1410 4211 gloriﬁcantes
1443 4153 1530 4194 me
1578 4137 1900 4210 gloriﬁcabo
1926 4139 2006 4193 “1'
2031 4158 2051 4191 ι

542 4231 743 4288 PALL.
771 4231 1041 4303 Equidem
1073 4231 1332 4287 maxime.
1660 4280 1668 4285 .

542 4324 702 4381 (ΠΒ.
729 4323 897 4396 Atqui
928 4323 1147 4395 perﬁcit
1200 4333 1351 4380 certe
1400 4340 1523 4395 qua:
1558 4324 1626 4380 ad
1679 4323 1777 4380 Dei
1826 4323 2058 4395 gloriam

471 4418 770 4490 pertinent,
810 4428 872 4474 ut
904 4418 1129 4489 Opinor,
1171 4418 1423 4488 quisquis
1474 4417 1643 4473 fuerit
1684 4428 1964 4483 strenuus,
2004 4427 2062 4474 et

470 4510 780 4571 excoluerit
807 4509 1152 4579 spiritualcm
1206 4508 1613 4574 fortitudinem,
1666 4516 1723 4564 et
1783 4508 1853 4563 ad
1911 4508 2062 4564 obsi-

403 4606 409 4613 '
473 4601 734 4657 stendum
773 4600 1168 4671 spectabilibus
1192 4601 1533 4671 occultisque
1581 4601 1837 4657 hostibus
1889 4600 2063 4657 fuerit

2160 3497 2291 3570 μίας
2323 3500 2454 3568 ἡμῖν
2485 3497 2588 3568 ἔφη
2613 3497 2791 3566 λόγος’
2836 3515 2855 3548 ι
2900 3496 3138 3549 Πλούτου
3168 3494 3391 3566 ὀκνηροὶ
3421 3493 3624 3557 ἐνδεεῖς
3660 3493 3751 3563 γίει

2160 3606 2359 3644 νονται·
2389 3591 2437 3644 οί
2469 3589 2784 3662 δὲάνδρεῖοι
2807 3587 3105 3660 ἐρείδονται
3139 3585 3377 3657 πλούτῳ.
3411 3603 3430 3637 ι

2230 3682 2395 3737 ΚΥΡ.
2437 3682 2763 3753 Ἐρείδονται
2788 3681 2898 3753 γὰρ
2939 3675 3056 3744 οὖν,
3087 3678 3181 3732 καὶ
3227 3678 3361 3732 Θεὸν
3407 3676 3624 3749 ἔχουσιν
3660 3677 3754 3731 εύ-

2163 3770 2303 3843 μενῆ
2326 3770 2422 3823 καὶ
2451 3769 2850 3841 προεστηκότα,
2881 3766 2978 3822 καὶ
3003 3767 3436 3821 καταπιαίνοντα
3471 3766 3574 3838 μὲν
3602 3767 3754 3821 εὐλοο

2160 3860 2305 3930 γίαις
2329 3864 2452 3925 ταῖς
2477 3861 2702 3924 ἀνωθεν,
2729 3860 3135 3933 διαφανεστάτῃ
3156 3859 3216 3913 δέ
3233 3858 3355 3913 λίαν
3378 3859 3752 3933 στεφανοῦντα

2160 3956 2315 4025 τιμῇ,
2345 3956 2439 4008 καὶ
2467 3952 2774 4024 διαὸοήτοις
2811 3931 3116 4024 αὐχήμασι
3150 3950 3418 4014 πλουσίως
3448 3931 3747 4005 ’κατακαλ-

2160 4044 2406 4100 λύνοντα.
2434 4044 2506 4098 Ἦ
2541 4044 2641 4097 οὐκ
2683 4043 2973 4115 ἀληθεύει,
3004 4042 3195 4113 λέγων·
3231 4061 3250 4094 ι
3313 4041 3402 4097 Ζῶ
3434 4043 3571 4113 ἐγὼ,
3602 4043 3755 4113 λέγει

2161 4136 2386 4208 Κύριος,
2422 4135 2505 4190 ὅτι
2529 4137 2656 4199 τοὺς
2681 4133 3002 4201 δοξάζοντάς
3036 4151 3105 4204 με
3136 4132 3381 4201 δοξάσω;
3419 4152 3439 4187 ι

2233 4228 2444 4282 ΠΑΛΛ.
2475 4227 2626 4283 Πάνυ
2656 4227 2754 4300 μὲν
2787 4222 2901 4284 οὖν.

2232 4320 2399 4375 ΚΥΡ.
2445 4316 2830 4393 ’Ᾱποπεραίνει
2854 4337 2918 4390 γε
2945 4320 3052 4393 μὴν
3069 4318 3142 4373 τὰ
3178 4318 3260 4383 είς
3286 4316 3444 4385 δόξαν
3475 4315 3612 4371 Θεοῦ
3644 4318 3756 4380 πᾶς

2161 4430 2246 4477 τις
2270 4408 2394 4479 οὖν,
2430 4406 2588 4484 οἶμαι
2610 4454 2625 4479 ,
2654 4412 2938 4479 νεανικὸς,
2973 4412 3067 4466 καὶ⁹
3114 4407 3447 4481 ἐπησκηκὼς
3498 4408 3757 4481 ἀνδρείαν

2163 4505 2261 4578 τὴν
2299 4504 2716 4576 πνευματικὴν,
2749 4504 2845 4558 καὶ
2890 4501 3313 4558 ἀντανίστασθαι
3361 4498 3757 4572 μεμελετηκὼς

2162 4599 2377 4669 ὁρατοῖς
2400 4615 2463 4650 τε
2500 4598 2594 4651 καὶ
2621 4597 2874 4668 ἀοράτοις
2902 4595 3154 4668 ἐχθροῖς,
3189 4593 3384 4648 ἐαυτόν
3414 4609 3475 4646 τε
3509 4592 3603 4646 καὶ
3634 4590 3758 4645 ett»

474 4692 833 4758 exercitatus,
865 4708 1033 4763 seque
1071 4699 1128 4747 et
1181 4701 1411 4749 exteros
1459 4707 1682 4749 servare
1732 4693 1973 4760 noverit,
2001 4702 2054 4751 et

2167 4708 2296 4763 ρους
2343 4687 2647 4789 ἀναρώξειν
2699 4687 2888 4755 εἰδὼς,
2946 4688 3042 4743 καὶ
3086 4688 3147 4742 ἐν
3194 4688 3316 4759 Θεῷ
3364 4687 3541 4742 πάντα
3586 4683 3758 4740 δυνά-

475 4785 660 4841 omnia
687 4786 744 4840 in
772 4786 887 4841 Deo
911 4782 1172 4857 potuerit.

546 4880 745 4935 PALL.
778 4880 1085 4936 Assentior.

546 4970 704 5035 CYR.
730 4972 895 5029 Visne
917 4972 1085 5045 igitur
1114 4973 1221 5042 hoc
1260 4974 1438 5046 ipsum
1469 4976 1524 5031 in
1565 4976 1633 5032 iis
1658 4993 1781 5048 quae
1809 4978 1879 5034 de
1932 4977 2061 5033 hea-

479 5075 538 5119 to
568 5062 846 5118 Abraham
880 5062 949 5118 ad
978 5064 1273 5120 maximam
1321 5066 1615 5121 utilitatem
1654 5076 1899 5123 nostram
1932 5083 2059 5122 nar—

479 5161 696 5218 rantur,
727 5154 882 5210 velut
937 5155 995 5211 in
1021 5156 1209 5213 tabula
1243 5158 1481 5231 quadam
1506 5160 1707 5218 leviter
1765 5159 2063 5216 adumbra-

477 5249 597 5303 lum
627 5246 1102 5318 contemplemur?

549 5336 749 5401 PALL.
769 5339 945 5395 Velim
966 5343 1220 5414 equidem
1243 5342 1645 5407 libentissime;
1678 5341 1873 5411 quidni
1895 5340 1919 5395 ί

549 5428 709 5486 CYR.
745 5430 1025 5507 Scriptum
1068 5446 1153 5492 est
1193 5436 1381 5507 igitur,
1424 5433 1530 5489 Lot
1569 5433 1851 5490 habitasse
1874 5448 2064 5488 versa-

481 5526 710 5594 tumque
738 5539 859 5581 esse
885 5526 1140 5582 Sodomis
1158 5527 1203 5560 ἰ’
1230 5543 1246 5592 ;
1281 5540 1408 5580 cum
1451 5540 1584 5580 vero
1609 5540 1774 5598 grave
1815 5536 1871 5581 et
1905 5540 2067 5595 aspe-

556 5706 597 5738 “
627 5705 789 5761 Num.
818 5723 962 5760 xxvi.
989 5706 1075 5761 65.
1157 5705 1197 5738 ⁵³
1230 5706 1371 5762 Psal.
1400 5721 1581 5773 vaui,
1622 5705 1710 5761 29.
1799 5705 1839 5738 δ’
1867 5706 1969 5762 lsa.
2013 5703 2171 5769 x.2l.

485 5775 529 5818 ⁸⁷
547 5774 685 5834 Gen.
712 5791 820 5843 xiv,
847 5775 928 5829 12.

2092 4765 2138 4824 D
2171 4799 2354 4856 μενος.

2240 4876 2451 4931 ΠΑΛΛ.
2487 4875 2683 4948 Σύμφη
2693 4893 2772 4947 μι.

2244 4969 2409 5022 ΚΥΡ.
2447 4968 2635 5022 Βούλει
2667 4967 2732 5041 δὴ
2764 4961 2858 5021 οὖν
2906 4965 3039 5019 αὐτὸ
3077 4964 3142 5034 δὴ
3185 4960 3347 5017 τοῦτο
3390 4959 3762 5032 καταθρῶμεν

2167 5055 2225 5116 εὖ
2257 5059 2403 5133 μάλα
2423 5099 2438 5125 ,
2468 5058 2718 5131 καθάπερ
2749 5060 2806 5114 ἐν
2842 5057 3039 5112 πίνακι
3078 5053 3523 5127 σκιαγραφηθέν,
3552 5055 3613 5106 ἐν
3641 5057 3762 5118 τοῖς

2168 5153 2312 5209 κατὰ
2351 5154 2444 5208 τὸν
2477 5154 2763 5208 θεσπέσιον
2820 5151 3075 5225 Ἀϐραὰμ
3119 5147 3590 5219 ἐπωφελεστάτοις
3619 5148 3762 5217 ἡμῖν

2167 5243 2500 5316 διηγήμασιν
2520 5262 2534 5310 ;

2241 5337 2450 5393 ΠΑΛΛ.
2493 5335 2748 5407 Ἐλοίμην
2776 5334 2842 5388 ἂν
2881 5333 3109 5406 σφόδρα.
3149 5332 3272 5396 Πῶς
3305 5333 3413 5403 γὰρ
3444 5329 3539 5396 ob;

2237 5430 2399 5483 ΚΥΡ.
2420 5428 2737 5500 Γέγραπται
2761 5426 2939 5481 τοίνυν
2961 5469 2976 5494 ,
3009 5426 3085 5488 ὼς
3125 5424 3367 5496 κατῴκει
3401 5440 3459 5477 τε
3492 5420 3589 5476 καὶ
3623 5436 3763 5473 κατ-

2171 5522 2419 5593 ηυλίζετο
2456 5521 2553 5592 μὲν
2582 5522 2638 5574 ἐν
2671 5518 2929 5590 Σοδόμοις
2985 5519 3014 5570 6
3043 5514 3186 5569 Λώτο
3221 5513 3410 5583 ἐπειδὴ
3439 5512 3495 5566 δὲ
3528 5511 3627 5580 τήν
3652 5508 3765 5576 γῆν

2250 5704 2295 5736 ⁸⁸
2322 5704 2455 5759 Dan.
2486 5719 2579 5767 vn,
2618 5699 2701 5753 lO.
2781 5699 2824 5731 ³³
2860 5698 3016 5753 Prov.
3044 5694 3219 5761 xu,l2.
3301 5695 3381 5750 ⁵⁸1
3411 5693 3543 5763 Reg.
3577 5707 3641 5757 tt,
3665 5689 3761 5746 ΞΟ.
