3968 6300
198 238 301 293 55⁵»

904 235 992 292 DE
1028 231 1470 293 ADORATIONE
1509 228 1575 284 IN
1617 225 1887 284 SPIRITU
1928 226 2016 281 ET
2056 225 2423 283 VERITATE.
2470 227 2596 282 LIB.
2628 228 2715 284 IV.

3357 231 3462 287 δεμ

199 350 370 415 δεινὸς
415 350 509 405 καὶ
560 350 730 422 βαρὺς
773 351 992 406 κατέοει
1031 354 1289 423 πόλεμος,
1324 351 1432 404 τῶν
1477 367 1536 404 τε
1587 348 1781 419 ἀγχοῦ,

1889 364 2009 403 rum
2042 347 2249 403 bellum
2281 348 2336 402 in
2365 361 2485 402 eam
2530 348 2809 418 regionem
2859 347 3170 415 invasisset,
3225 365 3462 422 cumqie

200 443 294 498 καὶ
323 442 437 496 τῶν
465 443 531 497 ἐκ
563 443 662 513 τῆς
691 443 895 515 ὁμόρου
945 445 1131 517 χώρας
1151 487 1165 510 ,
1191 442 1329 515 ὁμοῦ
1364 444 1475 506 τοῖς
1529 440 1781 512 ἡγεῖσθαι

199 536 422 610 λαχοῦσι
458 537 601 591 κατὰ
627 538 830 608 κράτος
870 537 1100 592 ἑλόντων
1127 539 1226 611 τὴν
1257 536 1412 589 πόλιν
1431 581 1446 602 ,
1482 552 1782 590 συναπεκο-

202 629 389 701 μίζετο
413 628 527 693 τοῖς
555 627 911 694 ἐξαναστᾶσιν
942 632 971 683 6
1004 629 1149 696 Λὼτ,
1175 630 1269 683 καὶ
1293 627 1428 699 ὁμοῦ
1448 630 1562 692 τοῖς
1603 627 1783 690 ἄλλοις

197 720 534 797 δορύληπτος
560 716 650 794 ἦν’
687 723 1133 793 παραγενόμενος
1159 721 1217 776 δέ.
1245 739 1330 785 τις
1361 721 1469 774 τῶν
1506 721 1782 774 ἀνασεσω-

200 814 436 884 σμένων,
479 832 498 864 ι
522 812 891 884 Ἀπηγγέλη,›
918 815 1102 884 φησιν,
1128 831 1146 864 ι
1171 811 1423 882 Ἀϐραὰμ
1443 811 1521 883 τῷ
1545 810 1778 882 περάτῃ,

198 905 361 969 αὐτὸς
393 898 720 976 δὲ’κατῴκει
749 905 886 975 πρὸς
913 907 980 977 τῇ
1010 904 1132 976 δρυῖ
1169 906 1234 976 τῇ
1267 903 1544 976 Μαμϐρῆ,
1587 905 1782 974 Ἀμορ-

200 997 357 1067 ραίου
383 995 479 1050 τοῦ
508 996 743 1066 ἀδελφοῦ
783 996 1021 1067 Ἐσχὼλ,
1050 996 1147 1049 καὶ
1189 997 1284 1050 τοῦ
1315 996 1545 1066 ἀδελφοῦ
1576 997 1777 1062 Αὑνᾶν,

196 1090 246 1143 οἳ
326 1083 469 1159 ἦσαν
537 1089 846 1159 συνωμόται
905 1087 1000 1141 τοῦ
1086 1087 1323 1159 Ἀδράμ.
1386 1088 1652 1151 ’Λκοὺσας
1715 1088 1772 1141 δέ

211 1178 446 1251 Ἀϐρὰμ,
475 1179 559 1232 ὅτι
591 1176 1011 1249 ῂχμαλώτευται
1038 1176 1163 1232 Λὼτ
1183 1180 1211 1231 6
1248 1177 1562 1246 ἀδελφιδοῦς
1592 1178 1778 1247 αὑτοῦ,

199 1271 475 1342 ἠρίθμησε
496 1273 622 1336 τοὺς
667 1271 830 1335 ίδίους
859 1273 1156 1340 οἰκογενεῖς
1203 1271 1368 1326 αὑτοῦ
1387 1310 1401 1336 ,
1436 1272 1782 1344 τριακοσίους

198 1360 329 1413 δέκα
359 1361 455 1414 καὶ⁵
499 1360 662 1414 ὀκτώ.
708 1360 818 1414 Καὶ
865 1361 1193 1425 κατεδίωξεν
1242 1361 1419 1415 ὀπίσω
1471 1363 1649 1416 αὑτῶν
1675 1362 1782 1426 ἕως

200 1450 328 1505 Δάν·
375 1452 471 1505 καὶ
499 1452 770 1505 ἐπέπεσεν
807 1452 893 1505 ἐπ’
919 1451 1116 1515 αὑτοὺς
1142 1451 1241 1522 τὴν
1271 1450 1443 1506 νύκτα
1475 1452 1656 1518 αὑτὸς,
1686 1455 1782 1508 καὶ

199 1542 249 1594 οι
271 1541 458 1607 παῖδες
479 1540 668 1597 αὑτοῦ.
684 1542 795 1595 Καὶ
812 1540 1083 1606 ἐπάταξεν
1104 1542 1321 1606 αὑτοὺς,
1348 1543 1439 1595 καὶ
1456 1543 1779 1610 κατεδίωξεν

201 1631 404 1695 αὐτοὺς
433 1631 539 1695 ἕως
584 1630 735 1685 Χοὸὰ
755 1672 771 1696 ,
803 1632 839 1702 ἡ
872 1631 1024 1684 ἐστιν
1069 1632 1128 1684 ἐν
1159 1632 1423 1704 ἀριστερᾷ
1461 1634 1776 1705 Δαμασκοῦ.

197 1721 312 1775 Καὶ
339 1720 654 1792 ἀπέστρεψε
682 1722 863 1775 πᾶσαν
886 1720 985 1792 τὴν
1013 1720 1180 1775 ἵππον
1220 1722 1492 1793 Σοδόμων,
1523 1722 1620 1777 καὶ
1655 1723 1780 1779 Λὼτ

192 1810 289 1865 τὸν
345 1812 663 1882 ἀδελφιδοῦν
713 1812 880 1866 αὑτοῦ
939 1812 1251 1882 ἀπέστρεψε
1278 1854 1293 1877 ,
1343 1814 1438 1867 καὶ
1490 1816 1668 1870 πάντα
1714 1817 1783 1870 τὰ

195 1903 518 1973 ὑπάρχοντα
548 1902 713 1958 αὑτοῦ
737 1942 752 1966 ,
786 1905 882 1957 καὶ
912 1904 1011 1967 τὰς
1052 1907 1339 1973 γυναῖκας,
1375 1906 1471 1960 καὶ
1511 1906 1601 1960 τὸν
1632 1907 1781 1961 λαόν.

204 1994 434 2067 Ἐξῆλθε
465 1996 524 2048 δέ
566 1995 821 2064 βασιλεὺς
854 1995 1103 2067 Σοδόμων
1134 1998 1213 2060 είς
1244 1997 1567 2067 συνάντησιν
1594 1998 1782 2065 αὑτοῦ,

195 2085 443 2158 μετὰπδ
472 2083 815 2157 ὑποστρέψαι
852 2085 1018 2139 αὑτὸν
1044 2084 1155 2139 ἀπὸ
1183 2085 1284 2156 τῆς
1323 2089 1501 2157 κοπῆς
1529 2089 1786 2143 Χοδολλο-

192 2176 406 2248 γομδρ,
443 2177 540 2229 καὶ
585 2175 694 2230 τῶν
742 2175 1009 2246 βασιλέων
1052 2178 1162 2231 τῶν
1196 2178 1335 2249 μετὰ
1364 2180 1531 2233 αὑτοῦ
1563 2183 1644 2244 είς
1684 2183 1785 2253 τὴν

192 2267 428 2321 κοιλάδα
453 2266 551 2320 τοῦ
574 2266 746 2338 Σαῦῆ.
778 2267 949 2321 Τοῦτο
981 2263 1051 2340 ἦν
1074 2269 1135 2322 τὸ
1162 2269 1342 2323 πεδίον
1364 2270 1473 2325 τῶν
1501 2270 1781 2340 βασιλέων.

193 2361 309 2415 Καὶ
371 2359 712 2430 Μελχισεδὲκ
748 2360 998 2430 βασιλεὺς
1036 2361 1224 2432 Σαλὴμ
1263 2363 1551 2433 ἐξήνεγκεν
1586 2362 1787 2434 ἄρτους

193 2449 295 2504 καὶ
334 2445 497 2504 οἶνον·
537 2444 607 2521 ἦν
633 2449 691 2502 δὲ
713 2450 893 2521 ίερεὺς
931 2448 1022 2503 τοῦ
1049 2450 1183 2504 Θεοῦ
1220 2451 1469 2522 ὑψίστου·
1505 2453 1598 2505 καὶ
1631 2453 1783 2506 εὑλό-

194 2560 335 2615 γησε
364 2541 456 2597 τὸν
501 2541 746 2613 Ἀϐράμ,
781 2544 877 2596 καὶ
922 2537 1099 2595 εἶπεν·
1143 2541 1525 2614 Εὐλογημένος
1571 2544 1784 2615 Ἀϐρὰμ

193 2636 277 2706 τῷ
305 2633 427 2707 Θεῷ
462 2636 540 2706 τῷ
570 2634 811 2705 ὑψίστῳ,
841 2636 901 2700 ὃς
947 2636 1134 2689 ἔκτισε
1168 2636 1258 2690 τὸν
1297 2637 1527 2708 οὐρανὸν
1561 2637 1656 2691 καὶ
1686 2638 1786 2709 τὴν

194 2726 326 2799 γῆν.
365 2725 476 2780 Καὶ
516 2725 806 2798 εὐλογητὸς
836 2729 863 2781 6
903 2727 1036 2791 Θεὸς
1072 2729 1102 2781 6
1131 2727 1387 2798 ὕψιστος,
1414 2728 1474 2792 ὃς
1499 2728 1785 2801 παρέδωκε

194 2820 324 2884 τοὺς
358 2818 587 2890 ἐχθρούς
618 2835 713 2871 σου
742 2819 1087 2891 ὑποχειρίους
1114 2835 1220 2874 σοι.
1263 2820 1371 2875 Καὶ
1408 2820 1607 2874 ἔδωκεν
1637 2820 1786 2891 αὑτῷ

196 2912 438 2983 δεκάτην
474 2913 665 2982 μοῖραν
691 2911 800 2965 ἀπὸ
829 2913 1069 2967 πάντων.
1097 2908 1234 2966 Elite
1260 2912 1317 2966 δὲ
1340 2912 1597 2982 βασιλεὺς
1626 2912 1785 2965 Σοδό-

201 3000 494 3093 μων
533 2999 1032 3093 ’Δϐράμζρόςᾲμοι
1060 3002 1187 3093 τοὺς
1219 3001 1438 3072 ἄνδρας,
1478 3002 1579 3072 τὴν
1608 3001 1667 3055 δὲ
1697 3001 1788 3054 ἵπ-
1813 3037 1854 3093 C

198 3102 301 3139 πον
336 3086 471 3140 λάεε
494 3087 725 3158 σεαυτῷ.
755 3084 891 3142 Elite
920 3088 976 3141 δὲ
1019 3089 1234 3161 Ἀὅρὰμ
1267 3090 1403 3162 πρὸς
1432 3090 1523 3143 τὸν
1561 3090 1785 3161 βασιλέα

199 3176 475 3249 Σοδόμων·
525 3179 761 3234 Ἐκτενῶ
812 3179 911 3250 τὴν
957 3182 1117 3255 χεῖρά
1149 3198 1251 3252 μου
1292 3182 1429 3253 πρὸς
1456 3182 1665 3253 Κύριον
1691 3183 1786 3238 τὸν

198 3273 334 3328 Θεὸν
355 3273 447 3327 τὸν
477 3273 723 3344 ὕψιστον,
747 3275 807 3339 ὃς
844 3277 1027 3331 ἔκτισε
1050 3278 1143 3331 τὸν
1169 3276 1398 3350 οὐρανὸν
1416 3278 1511 3332 καὶ
1538 3276 1636 3348 τὴν
1655 3278 1784 3348 γῆν,

200 3368 250 3421 εί
269 3368 386 3423 ἀπὸ
410 3368 681 3440 σπαρτίου
714 3368 819 3433 ἕως
847 3371 1209 3443 σφυρωτῆρος
1238 3370 1589 3442 ὑποδήματος
1618 3369 1787 3440 λήψο-

200 3476 302 3530 μαι
357 3459 469 3513 ἀπὸ
515 3459 738 3513 πάντων
770 3459 880 3513 τῶν
923 3460 1065 3526 σῶν,
1106 3460 1193 3513 ἴνα
1227 3460 1302 3531 μὴ
1325 3461 1485 3531 εῐπῃς
1515 3460 1597 3513 ὅτι
1644 3457 1788 3527 Ἐγὼ

198 3548 496 3603 ἐπλούτισα
521 3549 614 3604 τὸν
642 3549 877 3621 ’Δὸρὰμ,
900 3549 1040 3621 πλὴν
1066 3542 1141 3604 ὧν
1173 3549 1377 3618 ἔφαγον
1406 3549 1456 3602 oi
1486 3548 1781 3614 νεανίσκοι,

199 3641 298 3694 καὶ
327 3639 431 3710 τῆς
479 3638 698 3711 μερίδος
729 3639 838 3694 τῶν
881 3638 1094 3711 ἀνδρῶν
1138 3638 1247 3693 τῶν
1294 3637 1787 3710 συμπορευθέντων

204 3732 323 3802 μετ’
356 3729 516 3802 ἐμοῦ,
552 3731 780 3802 Ἐσχὼλ,
814 3732 1015 3797 Δὺνᾶν,
1046 3731 1325 3803 Μαμδρῗγ
1354 3723 1499 3784 οὗτοι
1527 3730 1791 3802 λήψονται

205 3823 430 3895 μερίδα.
488 3823 649 3879 Μετὰ
686 3824 744 3877 δέ
788 3824 857 3878 τά
901 3825 1124 3896 ῥήματα
1158 3820 1334 3877 ταῦτα
1377 3821 1609 3893 ἐγενήθη
1641 3821 1792 3893 ῥῆμα

203 3919 412 3987 Κυρίου
438 3918 577 3989 πρὸς
619 3917 834 3990 Ἀδρὰμ
866 3920 926 3972 ἐν
946 3916 1187 3990 ὁράματι
1213 3917 1314 3987 τῆς
1341 3915 1556 3980 νυκτὸς,
1591 3914 1788 3984 λέγων’

199 4010 293 4082 Μὴ
340 4009 532 4081 φοϐοῦ,
568 4009 804 4081 Ἀϐράμ,
835 4008 946 4079 ἐγὼ
983 4007 1343 4081 ὑπερασπίζω
1369 4024 1490 4074 σου,
1545 4008 1573 4060 6
1597 4007 1792 4079 μισθός

203 4115 301 4153 σου
336 4101 511 4165 πολὺς
546 4100 699 4155 ἔσται
728 4100 956 4171 σφόδρα.
990 4100 1156 4169 Λέγει
1176 4100 1235 4153 δὲ
1276 4098 1513 4171 Ἀδρὰμ,
1544 4098 1792 4153 Δέσποτα

203 4192 385 4267 Κύριε
410 4231 425 4258 ,
457 4193 512 4246 τί
541 4210 632 4265 μοι
654 4192 878 4258 δώσεις;
915 4191 1028 4261 ἐγὼ
1056 4192 1113 4245 δὲ
1156 4191 1467 4263 ἀπολύομαι
1493 4192 1738 4255 ἄτεκνος,
1764 4191 1793 4244 6

199 4287 258 4341 δὲ
290 4287 413 4351 υἱὸς
440 4286 631 4357 Μασέχ
662 4287 763 4356 τῆς
791 4283 1103 4354 οίκογενοῦς
1148 4300 1280 4355 μου,
1313 4278 1466 4346 οὗτος
1496 4280 1790 4354 Δαμασκὸς

1880 440 2144 511 proximae
2163 454 2226 493 ac
2272 437 2519 493 ﬁnitimae
2549 447 2739 508 gentes
2769 454 2876 492 una
2901 455 3027 493 cum
3069 441 3307 496 ducibus
3337 444 3454 499 suis

1879 533 1934 588 vi
1972 547 2094 587 eam
2138 530 2334 585 urbem
2358 529 2666 600 cepissent,
2706 542 2815 582 una
2858 542 2985 582 cum
3020 529 3088 583 iis
3121 531 3217 600 qui
3256 534 3460 602 captivi

1881 622 2207 692 agebantur,
2242 620 2347 676 Lot
2371 635 2590 691 quoque
2634 618 2936 673 abductum
2986 619 3149 673 simul
3183 636 3308 676 cum
3339 622 3462 678 aliis

1882 714 1939 769 in
1967 714 2209 769 hostium
2243 720 2568 784 potestatem
2605 711 2860 767 venisse:
2891 709 3010 775 sed,
3060 725 3186 765 cum
3233 714 3461 782 quidam

1881 804 2033 860 exiis
2062 805 2154 875 qui
2180 813 2467 859 evaserant
2487 800 2819 863 advenisset,
2857 798 3152 854 «Nuntiata
3186 816 3278 856 res
3301 811 3406 865 est,
3435 822 3454 854 ι

1882 899 2082 970 inquit,
2125 917 2144 950 ‹
2171 896 2446 953 Abraham
2473 894 2864 951 transﬂuviali:
2889 893 3005 964 ipse
3037 901 3221 949 autem
3247 894 3466 950 habita-

1881 992 1978 1047 bat
2004 991 2073 1047 ad
2106 1005 2371 1061 quercum
2402 988 2665 1052 Mambre,
2694 986 2997 1041 Amorrhtei
3024 985 3212 1053 τιθείς
3235 984 3464 1051 Eschol,

1881 1093 1936 1138 et
1972 1083 2160 1137 fratris
2218 1080 2434 1147 Aunan,
2498 1079 2593 1151 qui
2630 1088 2789 1134 erant
2832 1078 3103 1149 conjurati
3162 1077 3463 1132 Abraham.

1880 1173 2127 1229 Audiens
2151 1182 2336 1227 autem
2378 1172 2658 1227 Abraham
2699 1170 2846 1241 quod
2871 1171 3121 1240 captivus
3151 1171 3326 1225 factus
3369 1186 3461 1226 es-

1880 1275 1965 1321 set
2019 1266 2122 1321 Lot
2170 1264 2357 1320 fratris
2393 1264 2561 1326 ﬁlius,
2610 1263 2923 1319 numeravit
2961 1263 3216 1333 pr0prios
3261 1279 3461 1319 verna-

1882 1355 2035 1411 culos
2059 1371 2191 1411 suos
2219 1364 2497 1411 trecentos
2540 1354 2731 1411 decem
2760 1364 2815 1410 et
2849 1364 3002 1421 octo;
3036 1364 3093 1409 et
3138 1362 3467 1425 persecutus

1880 1456 1965 1505 est
1980 1463 2075 1503 eos
2097 1462 2267 1518 usque
2288 1448 2424 1513 Dan,
2443 1456 2499 1503 et
2515 1447 2676 1502 irruit
2695 1462 2861 1517 super
2889 1462 2984 1501 eos
3006 1454 3119 1501 tota
3137 1454 3319 1514 nocte,
3346 1447 3464 1519 ipse

1882 1548 1938 1595 et
1974 1542 2133 1611 pueri
2162 1542 2283 1611 ejus
2308 1559 2320 1594 :
2344 1550 2402 1596 et
2446 1540 2722 1611 percussit
2772 1555 2888 1604 eos,
2919 1547 2975 1594 et
3024 1548 3350 1609 persecutus
3379 1548 3465 1595 est

1883 1646 2059 1701 usque
2081 1631 2311 1697 Chobal,
2349 1647 2472 1702 quae
2496 1638 2583 1686 est
2630 1631 2699 1685 ad
2728 1631 2920 1685 laevam
2953 1630 3224 1695 Damasci,
3258 1638 3314 1684 et
3367 1645 3461 1684 re-

1885 1723 2043 1779 duxit
2069 1740 2291 1779 omnem
2312 1725 2621 1793 equitatum
2650 1722 3043 1787 Sodomorum,
3078 1729 3136 1776 et
3161 1721 3264 1776 Lot
3290 1721 3470 1777 ﬁlium

1883 1814 2074 1869 fratris
2095 1816 2180 1869 sui
2204 1815 2443 1880 reduxit,
2472 1823 2527 1869 et
2549 1829 2770 1869 omnem
2812 1814 3179 1871 substantiam
3224 1817 3364 1887 ejus,
3409 1822 3467 1871 et

1884 1907 2167 1972 mulieres,
2197 1915 2253 1962 et
2301 1906 2585 1976 populum.
2629 1906 2789 1975 138
2839 1907 3107 1976 Egressus
3136 1914 3221 1961 est
3280 1914 3471 1962 autem

1885 2012 1981 2051 rex
2013 1996 2380 2052 Sodomorum
2412 1997 2468 2050 in
2503 2011 2796 2051 occursum
2838 1997 3007 2061 illius,
3057 2005 3346 2068 postquam
3380 2013 3473 2052 re-

1883 2104 2078 2144 versus
2108 2098 2191 2144 est
2218 2105 2250 2143 a
2277 2088 2424 2143 caede
2456 2077 2917 2154 Chodorlaomor,
2938 2095 2994 2143 et
3014 2096 3342 2144 caeterorum
3376 2106 3468 2144 re-

1885 2196 2014 2252 gum
2053 2181 2147 2251 qui
2176 2196 2301 2235 cum
2331 2180 2425 2235 illo
2471 2191 2650 2247 erant,
2678 2182 2736 2235 in
2765 2182 2963 2236 vallem
3003 2180 3165 2235 Sabe.
3216 2181 3321 2235 Hic
3349 2188 3471 2236 erat

1886 2287 2114 2343 campus
2138 2290 2351 2344 regum,
2393 2281 2449 2329 ct
2472 2273 2875 2329 Melchisedech
2926 2290 3024 2327 rex
3061 2272 3242 2328 Salem
3272 2281 3469 2343 protu-

1886 2363 1949 2417 lit
1977 2378 2147 2433 panes
2172 2370 2229 2417 et
2250 2363 2441 2417 vinum
2470 2382 2484 2430 ;
2522 2372 2643 2418 erat
2702 2363 2852 2416 enim
2898 2362 3157 2417 sacerdos
3189 2363 3287 2416 Dei
3313 2362 3470 2417 altis«

1887 2452 2031 2517 simi,
2061 2460 2117 2507 et
2155 2452 2457 2518 benedixit,
2485 2453 2786 2519 Abraham,
2823 2461 2879 2508 et
2932 2453 3071 2508 dixit
3098 2471 3110 2506 :
3140 2453 3471 2507 Benedictus

1884 2543 2160 2598 Abraham
2190 2544 2303 2598 Deo
2346 2544 2633 2610 altissimo,
2688 2545 2783 2615 qui
2819 2544 2958 2598 fecit
3011 2544 3216 2598 malum
3262 2553 3321 2599 et
3360 2552 3481 2599 ter-

1886 2652 2038 2703 ram;
2074 2644 2129 2690 et
2154 2635 2482 2691 benedictus
2504 2636 2653 2691 Deus
2674 2636 2997 2699 altissimus,
3026 2637 3122 2705 qui
3160 2634 3315 2691 dedit
3362 2635 3473 2691 ho-

1887 2734 1998 2781 stes
2034 2733 2158 2782 tuos
2194 2727 2448 2782 subditos
2488 2728 2613 2782 tibi.
2640 2728 2708 2781 Et
2733 2727 2886 2783 dedit
2914 2727 2967 2783 ei
3017 2728 3288 2783 decimam
3337 2744 3475 2799 par-

1889 2824 1997 2871 tem
2026 2817 2095 2872 ab
2120 2812 2399 2872 omnibus.
2433 2819 2579 2872 Dixit
2617 2826 2809 2873 autem
2847 2835 2949 2874 rex
3008 2818 3373 2874 Sodomorum
3403 2819 3473 2875 ad

1886 2909 2193 2965 Abraham:
2226 2911 2303 2966 Da
2342 2912 2483 2966 mihi
2509 2913 2679 2977 viros,
2717 2920 2773 2967 at
2802 2912 3112 2982 equitatum
3148 2913 3339 2984 accipe
3364 2911 3474 2969 tibi

1888 3002 2011 3071 ipsi.
2035 3003 2182 3057 Dixit
2207 3009 2392 3058 autem
2432 3003 2710 3058 Abraham
2748 3004 2816 3058 ad
2850 3020 3033 3074 regem
3063 3003 3469 3060 Sodomorum:

1887 3094 2191 3148 Extendam
2211 3109 2436 3148 manum
2473 3108 2652 3148 meam
2684 3093 2755 3147 ad
2792 3095 2967 3148 Deum
3005 3094 3353 3160 altissimum,
3376 3095 3475 3164 qui

1887 3185 2096 3239 creavit
2121 3185 2322 3239 coelum
2353 3192 2410 3239 et
2436 3194 2663 3250 terram,
2696 3185 2748 3239 si
2790 3200 2821 3239 a
2842 3184 2935 3238 ﬁlo
2967 3199 3143 3254 usque
3184 3185 3253 3239 ad
3293 3186 3471 3239 corri-

1888 3276 2032 3347 giam
2071 3275 2428 3331 calceamenti
2444 3276 2708 3346 accipiam
2736 3275 2805 3330 de
2832 3275 3091 3330 omnibus
3122 3275 3252 3341 tuis,
3282 3290 3353 3330 ne
3383 3275 3471 3331 di-

1889 3383 2012 3434 cas,
2071 3368 2187 3439 Ego
2233 3367 2404 3422 ditavi
2470 3366 2781 3433 Abraham,
2834 3377 3034 3438 praeter
3098 3383 3164 3422 ea
3208 3383 3331 3438 qua:
3377 3383 3483 3433 co-_

1890 3458 2182 3516 mederunt
2240 3461 2496 3532 juvenes,
2532 3468 2590 3515 et
2618 3467 2832 3530 partem
2867 3460 3112 3515 virorum
3156 3461 3253 3531 qui
3303 3476 3477 3515 vene-

1890 3560 2021 3608 runt
2058 3568 2299 3619 mecum,
2324 3551 2545 3618 Eschol,
2582 3552 2819 3618 Aunam,
2869 3551 3147 3618 Mambre;
3193 3551 3285 3606 isti
3327 3550 3477 3609 acci-

1891 3643 2047 3714 pient
2074 3651 2309 3715 partem.
2340 3644 2472 3699 Post
2522 3642 2691 3698 verba
2741 3649 2926 3697 autem
2971 3642 3089 3698 haec
3131 3641 3338 3697 factum
3391 3648 3479 3698 est

1891 3735 2122 3790 verbum
2140 3735 2358 3790 Domini
2386 3734 2454 3789 ad
2486 3732 2769 3789 Abraham
2799 3734 2856 3789 in
2890 3735 3123 3800 visione,
3149 3734 3341 3790 dicens
3363 3733 3477 3789 :Ne

1893 3824 2108 3890 timeas,
2171 3824 2487 3890 Abraham;
2537 3839 2637 3895 ego
2684 3831 2971 3895 protegam
3030 3830 3104 3889 te,
3140 3824 3361 3880 merces
3387 3833 3482 3879 tua

1891 3919 2064 3973 multa
2088 3918 2198 3973 erit
2223 3917 2410 3973 nimis.
2457 3916 2603 3972 Dicit
2631 3924 2816 3971 autem
2869 3915 3147 3970 Abraham
3174 3933 3187 3968 :
3223 3916 3482 3981 Domine,

1892 4010 2026 4080 quid
2063 4008 2221 4064 dabis
2252 4007 2429 4062 mihi?
2461 4021 2563 4077 ego
2588 4015 2772 4061 autem
2794 4004 3044 4059 dimittor
3082 4004 3201 4059 sine
3245 4005 3477 4071 liberis;

1894 4101 2042 4156 ﬁlius
2073 4108 2257 4155 autem
2285 4098 2505 4154 Masech
2536 4096 2848 4151 vernaculae
2872 4111 3028 4159 meae,
3058 4094 3151 4148 hic
3176 4094 3485 4148 Damascus

1894 4194 2143 4249 Eliezer:
2174 4201 2230 4247 et
2262 4190 2402 4246 dixit
2429 4188 2704 4243 Abraham
2727 4227 2742 4251 ,
2783 4185 2922 4250 Quia
2958 4184 3095 4238 mihi
3134 4199 3245 4238 non
3280 4184 3484 4239 dedisti

1896 4301 2105 4350 semen,
2130 4282 2462 4338 vernaculus
2518 4294 2676 4333 meus
2708 4278 2886 4330 haeres
2911 4289 3070 4330 meus
3099 4274 3232 4328 erit.
3262 4275 3331 4329 Et
3366 4282 3480 4329 sta-

214 4376 523 4449 Ἐλιέζερ·’
552 4378 648 4431 καὶ
709 4374 863 4431 εἶπεν
919 4375 1153 4447 ’Δὸράμ·
1233 4374 1454 4447 Ἐπειδὴ
1512 4377 1636 4446 ἐμοὶ
1692 4374 1788 4427 οὑκ

1898 4379 1996 4432 tim
2020 4390 2128 4429 vox
2153 4372 2371 4427 Domini
2414 4369 2556 4424 facta
2594 4375 2678 4422 est
2708 4365 2776 4421 ad
2801 4381 2960 4430 eum,
2986 4363 3209 4418 dicens:
3242 4363 3365 4417 Non
3390 4362 3483 4418 hic

200 4471 423 4534 ἔδωκας
466 4471 727 4542 σπέρμα,
759 4471 788 4522 6
817 4468 874 4523 δὲ
915 4467 1199 4539 οἰκογενής
1249 4483 1350 4536 μου
1396 4464 1795 4537 κληρονομήσει

203 4580 300 4632 με.
331 4563 450 4617 Καὶ
490 4563 654 4624 εὐθὺς
708 4561 861 4633 φωνὴ
906 4559 1112 4633 Κυρίου
1164 4559 1380 4628 ἐγένετο
1427 4558 1562 4630 πρὸς
1602 4557 1794 4622 αὑτὸν,

199 4653 473 4724 λέγουσαο
512 4655 589 4707 Οὑ
630 4654 1033 4724 κληρονομήσει
1078 4668 1136 4705 σε
1174 4647 1350 4714 οὗτος·
1382 4650 1541 4713 ἄλλος
1587 4648 1799 4714 ἐξελεύ-

202 4762 371 4800 σεται
395 4746 464 4799 ἐκ
500 4746 597 4799 σοῦ
620 4788 635 4812 ,
677 4742 833 4808 οὗτος
862 4745 1262 4816 κληρονομήσει
1306 4760 1389 4798 σε.
1443 4742 1710 4812 Ἐξήγαγε
1740 4742 1798 4795 δὲ

200 4837 380 4891 αὑτὸν
420 4835 526 4901 ἔξω
549 4876 564 4901 ,
588 4838 684 4890 καὶ
712 4832 864 4890 εἶπεν
904 4835 1073 4907 αὑτῷο
1116 4834 1443 4907 Ἀνάϐλεψον
1486 4835 1549 4905 δὴ
1588 4836 1667 4899 εἰς
1705 4834 1797 4889 τὸν

201 4931 445 5003 οὐρανὸν
474 4930 569 4983 καὶ
609 4929 911 5002 ἀρίθμησον
937 4929 1063 4992 τοὺς
1106 4928 1364 5000 ἀστέρας,
1399 4930 1447 4982 εί
1480 4928 1683 4999 δυνήσῃ
1712 4925 1798 4992 ἐξ·
1833 4909 1842 4917 ’

115 5024 121 5029 ’
200 5021 525 5094 αριθμῆσαι
582 5020 816 5085 αὑτούς.
877 5020 989 5073 Kal.
1045 5018 1216 5074 εἶπεν·
1272 5016 1460 5083 Οὕτως
1529 5019 1681 5072 ἔσται
1736 5018 1799 5071 τὸ

204 5113 445 5186 σπέρμα
481 5127 598 5167 σου.
639 5131 658 5165 υ
709 5112 871 5182 Ὁρᾷς
909 5111 1018 5164 τῶν
1053 5111 1226 5179 ἁγίων
1249 5110 1310 5163 τὸ
1344 5110 1559 5181 ἕτοιμον
1597 5112 1679 5174 είς
1707 5110 1800 5164 εὐ-

200 5205 479 5277 τολμίαν,
512 5205 608 5259 καὶ
650 5204 798 5267 ὅπως
833 5203 1017 5273 ἔχουσι
1052 5202 1113 5257 τὸ
1150 5201 1427 5272 τληπαθές
1461 5201 1808 5270 ἐθελούσιον;

204 5296 373 5369 ’Δμα
405 5296 517 5367 γὰρ
559 5292 793 5348 ἐπύθετο
846 5293 1299 5347 κεκινδυνευκότα
1340 5294 1431 5348 τὸν
1474 5292 1636 5359 Λὼτ,
1673 5310 1801 5347 κατ-

202 5389 364 5461 ηλὲει
398 5389 500 5460 μὲν
518 5386 684 5452 εὐθὺς
708 5385 803 5440 τοῦ
833 5384 1168 5457 προσγενοῦς
1197 5385 1297 5456 τὴν
1347 5386 1634 5458 συμφορὰν
1653 5426 1667 5451 ,
1704 5385 1806 5457 ἁρ-

202 5482 399 5545 πάσας
427 5480 487 5534 δὲ
510 5480 638 5543 τοὺς
673 5478 989 5546 οἰκογενεῖς,
1017 5476 1112 5531 καί
1133 5493 1286 5542 τινας
1317 5475 1426 5532 τῶν
1454 5474 1804 5548 συνωμοτῶν,

279 5658 334 5691 ⁵⁸
361 5630 500 5715 Gen.
542 5673 656 5723 nv,
692 5655 895 5724 iii-‘24;
931 5671 1021 5722 x-v,
1058 5655 1177 5709 1-5.

1897 4467 2005 4522 erit
2041 4465 2237 4527 haeres,
2275 4461 2373 4517 sed
2418 4460 2514 4531 qui
2559 4457 2733 4513 exibit
2780 4472 2847 4510 ex
2892 4462 2964 4519 te,
2998 4453 3091 4509 hic
3139 4452 3246 4508 erit
3305 4453 3485 4508 haeres

1900 4568 2046 4615 tuus.
2118 4556 2324 4613 Eduxit
2386 4563 2570 4609 autem
2628 4567 2756 4607 eum
2806 4549 2985 4615 foras,
3045 4554 3101 4604 et
3154 4546 3294 4602 dixit
3354 4545 3406 4601 ei
3463 4563 3479 4599 :
3527 4539 3535 4546 ’

1900 4650 2129 4720 Suspice
2189 4648 2249 4708 in
2299 4646 2522 4709 coelum,
2562 4650 2617 4698 et
2663 4656 2896 4696 numera
2947 4639 3154 4703 stellas,
3189 4637 3236 4691 si
3274 4636 3484 4706 poteris

1896 4755 2191 4797 numerare
2214 4754 2326 4795 eas.
2359 4738 2429 4793 Et
2455 4736 2614 4800 dixit,
2646 4733 2737 4789 Sic
2765 4733 2875 4788 erit
2913 4744 3102 4786 semen
3158 4735 3313 4809 tuum
3363 4725 3433 4779 ⁸⁸.
3455 4743 3477 4776 ι

1902 4835 2072 4893 Vides
2098 4848 2259 4904 quam
2278 4828 2519 4902 prompti
2547 4827 2657 4883 sint
2676 4826 2743 4881 ad
2790 4822 3102 4880 audendum
3152 4817 3327 4874 sancti
3353 4817 3483 4884 viri,

1906 4941 2181 4999 quamque
2212 4931 2408 4995 sponte
2437 4937 2536 4977 sua
2568 4919 2636 4975 ad
2681 4914 2968 4974 subeunda
3009 4911 3254 4984 pericula
3282 4909 3481 4981 parati.

1908 5016 2083 5074 Simul
2117 5014 2267 5072 enim
2300 5021 2465 5084 atque
2500 5010 2710 5066 audivit
2734 5008 2914 5077 ipsum
2945 5004 3049 5058 Lot
3090 5004 3148 5057 in
3185 5001 3484 5058 discrimen

1906 5105 2145 5170 venisse,
2166 5103 2460 5159 miseratus
2480 5096 2778 5170 propinqui
2803 5093 3193 5157 calamitatem,
3215 5090 3484 5160 arreptis-

1904 5212 2013 5269 que
2048 5192 2358 5252 vernaculis
2388 5198 2447 5247 et
2496 5188 2786 5243 fmderatis
2839 5182 3193 5254 quibusdam,
3233 5179 3328 5250 qui
3375 5177 3485 5232 He-

1905 5288 2042 5346 ιιι-εἰ
2087 5303 2199 5343 non
2248 5292 2428 5348 erant,
2454 5280 2709 5336 celeriter
2736 5277 3042 5348 profectus
3080 5272 3170 5328 est
3221 5269 3488 5324 adversus

1906 5396 2005 5438 eos
2028 5379 2124 5451 qui
2158 5377 2405 5433 dolorem
2439 5373 2780 5434 inusserant,
2825 5381 3031 5438 eosque
3077 5361 3232 5419 nullo
3265 5358 3488 5429 negotio

1909 5473 2147 5547 subegit,
2171 5467 2535 5539 liberavitque
2558 5481 2589 5523 e
2612 5463 2929 5536 captivitate
2961 5468 3076 5523 tum
3104 5456 3284 5527 ipsum
3302 5453 3488 5510 fratris
