3968 6300
460 257 564 312 355

1481 246 1536 301 S.
1577 245 1853 303 CYRILLI
1890 246 2362 302 ALEXANDRINI
2401 244 2724 304 ARCHIEP;

3621 249 3732 307 556

465 373 636 428 tilium
674 370 796 434 Lot,
825 377 939 423 tum
968 383 1065 422 eos
1109 382 1327 437 quoque
1357 366 1452 437 qui
1502 367 1558 421 in
1604 383 1800 422 manus
1855 369 2034 422 victo-

2157 370 2239 422 ιύκ
2284 368 2444 432 ὄντας
2479 369 2792 440 Ἐϐραίους,
2823 356 3020 440 ἐχώρει
3055 369 3252 442 ῥᾳδίως
3279 369 3422 425 κατά
3442 370 3552 424 τῶν
3579 369 3734 426 λελυ-

463 478 587 519 rum
619 468 899 516 venerant.
932 458 1160 523 Deinde,
1185 466 1247 512 ut
1273 459 1472 513 victori
1497 459 1746 514 debitum
1767 460 2036 514 honorem

462 553 813 617 exhiberem,
846 548 1063 606 obviam
1093 551 1168 605 illi
1215 551 1470 620 prodiere
1499 552 1658 622 139
1705 561 1820 607 tum
1864 552 2039 606 Sodo-

465 664 682 707 morum
706 663 820 712 rex,
853 654 967 699 tum
980 643 1235 698 sacerdos
1253 659 1472 713 quoque
1496 645 1594 698 Dei
1626 645 1878 700 altissimi
1907 645 2041 700 Mel-

465 738 784 801 chisedech,
815 745 876 791 ιιι
901 735 1163 804 scriptum
1196 741 1320 798 est;
1356 732 1511 801 isque
1559 733 1784 788 minime
1829 734 2039 801 inanis;

464 833 647 887 attulit
690 829 892 900 quippe
943 826 1233 882 sacerdotii
1268 825 1514 896 symbola
1557 825 1702 879 illius
1743 826 1889 894 quod
1927 834 2043 880 tum

465 933 583 979 erat
606 924 662 976 in
685 937 860 984 more,
891 935 1081 990 panes,
1114 919 1360 987 inquam,
1407 923 1464 971 et
1513 917 1728 978 vinum,
1781 925 1838 972 et
1879 918 2046 973 bene-

467 1016 606 1070 dixit
630 1014 923 1076 Abraham,
951 1022 1005 1066 et
1038 1026 1221 1066 sacras
1244 1010 1321 1063 illi
1355 1024 1518 1065 voces
1548 1009 1760 1079 praemii
1788 1010 1911 1066 loco
1940 1011 2044 1065 tri-

466 1106 608 1162 buit.
641 1085 916 1161 Abra'liam
965 1105 1131 1174 igitur
1160 1113 1385 1156 strenue
1417 1117 1533 1155 rem
1569 1101 1738 1172 gessit
1786 1117 1848 1156 ac
1878 1102 2042 1156 vicit:

467 1202 605 1255 tales
652 1198 856 1268 quippe
889 1211 1108 1265 semper
1147 1195 1260 1250 fere
1289 1205 1418 1249 sunt
1442 1196 1520 1248 illi
1551 1195 1858 1250 secundum
1883 1193 2046 1250 Chri—

467 1302 612 1347 stum
635 1290 807 1343 fortes
824 1288 950 1351 viri,
985 1287 1191 1356 quique
1212 1285 1325 1339 Deo
1358 1285 1724 1355 gratissimam
1753 1284 1900 1338 illam
1927 1283 2047 1337 ani-

468 1384 543 1436 mi
587 1381 912 1437 conﬁdentis
967 1379 1311 1432 alacritatem
1365 1384 1547 1430 mente
1599 1387 1918 1445 conceptam
1962 1385 2048 1430 te-

467 1483 622 1528 nent.
656 1472 735 1527 Ac
765 1472 914 1526 velut
946 1469 1183 1537 exempli
1224 1468 1346 1522 loco
1407 1467 1475 1520 ad
1519 1467 1684 1521 fidem
1735 1467 1922 1521 verbis
1966 1466 2049 1520 fa-

468 1566 718 1622 ciendam
752 1571 970 1618 sanctos
993 1561 1270 1631 apostolos
1295 1559 1572 1630 adjiciam,
1610 1559 1726 1628 qui,
1775 1575 1898 1614 cum
1949 1558 2049 1613 Sa-

469 1668 625 1714 tanas
651 1657 834 1711 omnia
870 1654 1127 1709 facillime
1157 1652 1444 1721 diriperet,
1487 1651 1524 1704 ii
1578 1652 1742 1705 etiam
1779 1650 1874 1720 qui
1901 1650 2049 1704 veri-

470 1751 598 1804 tatis
623 1747 893 1818 dogmatis
916 1744 1278 1806 obsistebant,
1319 1742 1718 1812 simpliciorum
1758 1741 2047 1795 hominum

470 1841 680 1896 animas
711 1837 1181 1908 depraadarentur,
1214 1850 1335 1889 sese
1381 1834 1600 1888 fortiter
1649 1840 2044 1903 Opposuerunt,

467 1939 527 1985 et
558 1945 744 1984 secum
787 1943 895 1982 una
936 1926 1264 1980 vernaculos
1314 1926 1486 1980 armis
1533 1925 1944 1988 instruxerunt,
1993 1923 2049 1978 id

468 2032 574 2087 cst,
602 2037 697 2076 eos
733 2020 826 2090 qui
847 2025 1002 2074 erant
1034 2017 1089 2070 in
1123 2016 1295 2071 sacris
1345 2015 1572 2070 Litteris
1601 2015 1817 2070 educati
1843 2032 1854 2067 :
1881 2029 2050 2083 quos-

470 2110 596 2163 dam
619 2108 783 2163 etiam
814 2106 1112 2162 foederatos
1163 2105 1256 2174 qui
1304 2105 1519 2160 Hebraei
1568 2120 1680 2159 non
1729 2113 1906 2169 erant,
1956 2120 2053 2160 eos

469 2215 668 2270 nempe
715 2199 832 2269 qui,
878 2197 1131 2268 quamvis
1181 2196 1362 2251 adhuc
1415 2212 1480 2251 ea
1525 2213 1646 2267 quae
1695 2206 1823 2251 sunt
1859 2196 2052 2251 mundi

471 2295 749 2360 saperent,
792 2299 975 2342 tamen
1004 2287 1166 2342 simul
1189 2303 1316 2342 cum
1362 2288 1566 2342 sanctis
1594 2287 1729 2342 viris
1772 2297 2052 2342 certamen

471 2383 754 2448 subibant,
784 2398 988 2452 eosque
1018 2382 1223 2435 imitari
1241 2382 1557 2436 studebant.
1585 2383 1795 2452 Itaque,
1836 2398 1960 2437 cum
1994 2399 2054 2438 se

471 2481 695 2528 strenue
748 2473 1068 2542 gessissent,
1115 2472 1403 2526 victoriam
1459 2483 1816 2544 pepererunt,
1871 2482 1930 2528 et
1986 2489 2056 2529 ex

472 2561 623 2615 illius
668 2560 953 2631 tyrannico
1001 2559 1293 2612 dominatu
1341 2560 1588 2628 captivos
1651 2560 2051 2630 abripuerunt:

472 2653 612 2707 alios
649 2652 796 2706 enim
821 2666 888 2705 ex
910 2651 1183 2706 idolorum
1200 2653 1372 2716 cultu,
1395 2660 1453 2705 et
1476 2652 1543 2706 ab
1555 2651 1873 2708 adoratione
1899 2670 2054 2710 crea-

473 2751 614 2798 turae
638 2740 823 2809 potius
861 2755 1030 2810 quam
1064 2739 1370 2806 Creatoris,
1401 2741 1538 2795 alios
1570 2757 1602 2797 a
1647 2741 1770 2797 falsi
1815 2745 2057 2800 nominis

473 2834 707 2890 scientia
732 2842 1010 2890 extractos
1033 2843 1274 2888 servant.
1305 2833 1411 2889 Sed
1435 2849 1502 2889 ex
1536 2835 1640 2889 hac
1683 2835 1820 2890 adeo
1857 2836 2056 2892 illustri

472 2923 984 2993 excelsaqueanimi
1017 2923 1396 2994 magnitudine
1439 2939 1560 2978 eam
1604 2926 1918 2981 mercedem
1965 2943 2056 2982 as-

2145 461 2430 530 πηκότων,
2459 461 2556 514 καὶ
2587 459 2974 531 κατεχειροῦτο
3005 461 3102 531 μὲν
3127 461 3389 525 εὐκόλως,
3415 461 3727 532 ἀπήλλαττε

2143 550 2202 603 δὲ
2259 551 2361 620 τῆς
2418 549 2829 620 αἰχμαλωσίας,
2883 549 3044 602 αὐτόν
3096 565 3158 602 τε
3211 549 3304 601 τὸν
3359 548 3728 617 ἀδελφόπαιδα

2150 642 2298 704 Λὼτ,
2329 643 2421 694 καὶ
2447 643 2572 705 τοὺς
2600 641 2704 694 ὑπὸ
2753 644 2913 712 χεῖρα
2953 640 3219 703 πεσόντας
3244 640 3350 694 τῶν
3387 641 3732 712 κεκρατηκό-

2145 750 2275 787 των.
2308 729 2441 786 Εἶτα
2481 731 2689 795 λοιπὸν,
2733 732 2808 796 ὡς
2835 733 3142 803 νενικηκότι
3179 733 3278 804 τὴν
3310 734 3457 804 αὐτῷ
3489 738 3731 806 πρέπου-

2149 841 2247 878 σαν
2313 825 2478 895 τιμὴν
2545 823 2953 887 ἀποσώζοντες,
2992 824 3244 895 ὑπήντων
3299 825 3559 890 εἰκότως,
3606 827 3634 879 ὅ
3668 843 3730 879 τε

2151 916 2405 985 βασιλεὺς
2452 916 2738 986 Σοδόμων,
2778 917 2871 969 καὶ
2923 915 3263 986 Μελχισεδὲκ
3327 919 3356 969 6
3401 918 3581 989 ἱερεὺς
3634 918 3731 973 τοῦ

2147 1007 2281 1061 Θεοῦ
2324 1008 2416 1060 τοῦ
2473 1008 2731 1078 ὑψίστου,
2790 1007 2933 1061 καθά
2987 1009 3322 1079 γέγραπται,
3379 1010 3630 1082 ’Υπήντα
3673 1012 3733 1065 δέ

2148 1101 2208 1152 οὐ
2232 1099 2424 1169 ψιλῶς,
2449 1097 2808 1168 ἐπεκομίζετο
2827 1099 2883 1150 δὲ
2910 1099 3007 1168 τῆς
3039 1099 3336 1169 ἱερωσύνης
3360 1099 3429 1152 τὰ
3461 1100 3731 1170 σύμϐολα,

2148 1193 2246 1262 τῆς
2275 1192 2334 1244 τὸ
2359 1190 2613 1261 τηνικάδε
2644 1189 3039 1259 νενομισμένης
3061 1228 3074 1251 ,
3123 1189 3323 1260 ἄρτους
3347 1207 3404 1242 τε
3435 1192 3530 1244 καὶ
3564 1189 3729 1258 οἶνον,

2150 1284 2245 1337 καὶ
2299 1281 2624 1353 κατηυλόγει
2686 1282 2777 1333 τὸν
2849 1280 3136 1351 ’Δϐραάμ,
3184 1281 3280 1334 καὶ
3334 1281 3504 1353 γέρας
3557 1284 3731 1338 ἐδίδου

2151 1376 2337 1446 φωνὰς
2383 1376 2553 1446 ἱεράς.
2621 1373 2940 1444 Ἥνδρίσατο
2989 1373 3280 1444 τοιγαροῦν
3306 1377 3400 1427 καὶ¹
3446 1377 3733 1447 νενίκηκεν

2165 1467 2434 1538 Ἀϐραάμ·
2465 1468 2696 1521 τοιοῦτοι
2739 1467 2848 1538 γὰρ
2875 1467 2960 1520 ἀεί
2994 1466 3112 1529 πώς
3153 1470 3290 1519 εἰσιν
3333 1469 3382 1520 οἱ
3435 1469 3576 1521 κατά
3601 1471 3734 1540 Χρι-

2153 1560 2276 1613 στὸν
2308 1559 2576 1630 ἀνδρεῖοι,
2625 1559 2719 1612 καὶ
2771 1559 3194 1628 θεοφιλεστάτην
3242 1563 3321 1622 είς
3354 1559 3478 1613 νοῦν
3515 1561 3734 1631 ἔχοντες

2151 1653 2250 1724 τὴν
2277 1652 2585 1723 εὐτολμίαν.
2617 1650 2920 1722 Προσθήσω
2947 1651 3026 1716 δὲ,
3061 1651 3250 1723 ῶσπερ
3275 1652 3353 1714 εἰς
3383 1653 3733 1724 παράδειγμα

2153 1745 2249 1798 καὶ
2282 1744 2462 1797 πίστιν
2500 1742 2595 1796 τοῦ
2635 1743 2822 1811 λόγου,
2855 1742 2982 1803 τούς
3030 1741 3218 1809 ἁγίους
3261 1742 3624 1806 ἀποστόλους,
3653 1743 3725 1807 οἳ,

2152 1835 2332 1888 πάντα
2363 1834 2602 1898 εὐκόλως
2640 1833 3034 1905 διαρπάζοντος
3065 1834 3159 1886 τοῦ
3201 1835 3452 1900 Σατανᾶ,
3490 1837 3586 1888 καὶ
3631 1835 3738 1906 μὴν

2150 1926 2258 1980 τῶν
2296 1926 2706 1997 ἀνθεστηκότων
2737 1929 2849 1988 τοῖς
2897 1926 2999 1995 τῆς
3050 1924 3309 1997 ἀληθείας
3341 1927 3609 1996 δόγμασι,
3639 1929 3739 1990 τὰς

2152 2018 2260 2072 τῶν
2284 2017 2667 2089 ἁπλουστέρων
2691 2015 3168 2088 καταληῖζομένων
3193 2019 3391 2088 ψυχὰς,
3415 2020 3537 2072 ἀντε
3547 2017 3737 2090 φέρον-

2154 2129 2214 2165 το
2233 2111 2516 2175 νεανικῶς,
2542 2110 3007 2175 συνεξοπλίζοντες
3037 2111 3248 2174 ἑαυτοῖς
3277 2112 3400 2173 τοὺς
3419 2113 3736 2178 οἰκογενεῖς,

2154 2204 2419 2266 τουτέστι,
2443 2205 2570 2267 τοὺς
2590 2206 2706 2268 τοῖς
2730 2205 2895 2276 ἱεροῖς
2921 2203 3394 2274 ὲντεθραμμένους
3417 2205 3738 2275 Γράμμασι,

2154 2298 2248 2352 καί
2294 2315 2443 2362 τινας
2491 2296 2600 2351 τῶν
2654 2296 3012 2368 συνωμοτῶν,
3059 2289 3158 2349 οὐκ
3200 2296 3360 2359 ὄντας
3428 2297 3740 2368 Ἐϐραίους,

2156 2391 2302 2462 φημὶ
2345 2390 2403 2443 δὲ
2443 2389 2508 2459 δὴ
2555 2389 2751 2453 πάλιν,
2781 2390 2905 2453 τοὺς
2938 2387 3272 2458 φρονοῦντας
3323 2389 3421 2459 μὲν
3459 2388 3540 2442 ἔτι
3580 2389 3653 2447 τὰ
3685 2392 3743 2442 ἐν

2156 2484 2366 2552 κόσμῳ,
2399 2481 2796 2546 συναθλοῦντας
2837 2482 2892 2534 δὲ
2927 2484 3042 2545 τοῖς
3074 2481 3284 2549 ἁγίοις,
3315 2482 3408 2534 καὶ
3441 2478 3746 2552 ζηλοῦντας

2157 2573 2362 2638 αὐτοὺς
2384 2613 2397 2639 ,
2432 2573 2807 2645 ἀνδριζόμενοι
2850 2573 2908 2626 δέ
2949 2573 3091 2626 οὓτω
3133 2574 3484 2644 νενικήκασι,
3516 2574 3616 2626 καὶ
3645 2573 3747 2643 τῆς

2157 2665 2366 2720 ἐκείνου
2401 2665 2712 2732 πλεονεξίας
2747 2665 3055 2736 ἐξήρπαζον
3080 2667 3206 2729 τοὺς
3240 2665 3572 2728 ἑαλωκότας.
3605 2665 3747 2729 Τοὺς

2162 2754 2260 2826 μὲν
2290 2754 2400 2826 γὰρ
2431 2756 2496 2808 ἐκ
2533 2755 2632 2823 τῆς
2672 2753 3119 2824 είδωλολατρείας
3161 2753 3239 2822 (1)
3261 2793 3272 2815 ,
3310 2752 3407 2805 καὶ
3441 2751 3536 2805 τοῦ
3572 2767 3750 2821 προσ-

2159 2848 2342 2900 κυνεῖν
2374 2847 2441 2916 τῇ
2487 2845 2662 2898 κτίσει
2708 2843 2861 2916 παρὰ
2883 2845 2976 2898 τὸν
3019 2844 3312 2910 κτίσαντα,
3341 2845 3469 2907 τοὺς
3512 2841 3573 2896 δὲ
3598 2883 3614 2906 ,
3644 2844 3750 2912 τῆς

2157 2936 2516 3007 ψευδωνύμου
2593 2935 2851 3004 γνώσεως
2923 2935 3268 3002 ἐξέλκοντες,
3345 2932 3748 2998 ἀνασώζουσινί

473 3024 803 3088 sequuntur,
835 3026 894 3072 ut
918 3033 1030 3072 non
1058 3017 1234 3071 solum
1258 3017 1412 3071 abiis
1443 3019 1538 3087 qui
1571 3018 1628 3073 in
1665 3019 1873 3074 mundo
1905 3029 2053 3085 sunt,

2161 3029 2298 3084 ἀλλά
2326 3029 2426 3098 τῆς
2452 3029 2595 3082 οὐτω
2625 3029 2892 3100 λαμπρᾶς
2921 3031 3015 3082 καὶ
3053 3028 3426 3098 μεγαλοφυοῦς
3452 3027 3752 3099 εὐψυχίας,

475 3104 781 3162 honoribus
801 3105 1106 3160 aﬂiciantur
1133 3123 1146 3158 :
1173 3125 1190 3157 ι
1218 3106 1486 3177 Egressus
1507 3116 1592 3162 est
1613 3109 1782 3174 enim,
1807 3130 1824 3161 ι
1855 3110 2056 3180 inquit,

484 3213 621 3252 «rex
647 3196 1014 3251 Sodomorum
1055 3197 1110 3250 in
1150 3211 1443 3252 occursum
1490 3197 1769 3253 Abraham
1788 3200 1868 3266 Ιι¹⁹;
1901 3219 1920 3252 ι
1961 3201 2058 3256 sed

475 3290 637 3345 etiam
669 3289 1111 3344 benedictionem
1157 3298 1565 3360 consequantur
1608 3291 1757 3346 illam
1802 3306 1925 3362 quae
1960 3308 2060 3362 per

473 3379 753 3436 Christum
779 3381 959 3447 datur,
988 3382 1085 3452 qui
1126 3397 1228 3436 nos
1247 3381 1559 3438 vivificante
1591 3384 1766 3454 gratia
1799 3391 2060 3454 tanquam

472 3488 617 3544 pane
637 3490 702 3528 ac
724 3475 855 3529 vino
896 3475 1155 3530 laetificat.
1185 3474 1374 3544 Itaque
1418 3475 1486 3530 de
1516 3491 1573 3530 se
1600 3476 1736 3546 ipsis
1773 3478 2060 3532 verissime

476 3565 670 3620 dicunt
697 3582 710 3618 :
752 3583 769 3615 ι
797 3565 1081 3619 Benedicti
1105 3579 1207 3618 nos
1231 3580 1262 3618 a
1288 3565 1542 3631 Domino,
1572 3566 1668 3634 qui
1692 3566 1824 3620 fecit
1857 3568 2059 3621 caelum

477 3663 534 3708 et
555 3665 758 3711 terram
794 3656 860 3708 δί’.
889 3675 906 3706 ι
945 3656 1044 3709 Est
1095 3664 1278 3708 autem
1307 3654 1517 3710 Christi
1557 3657 1852 3712 sacerdotii
1887 3657 2062 3729 ﬁgura

477 3746 926 3810 Melchisedech;
997 3761 1102 3799 nec
1139 3746 1416 3814 pluribus,
1445 3755 1508 3800 ut
1553 3749 1771 3817 opinor,
1820 3749 1889 3802 ad
1939 3765 2060 3804 eam

482 3853 602 3893 rem
625 3837 1109 3891 demonstrandam
1135 3852 1274 3906 opus
1305 3837 1446 3902 erit;
1491 3854 1615 3892 cum
1649 3839 1705 3892 in
1752 3839 1857 3893 hac
1901 3848 2060 3910 parte

480 3943 648 3984 sacra:
673 3927 900 3982 Litterae
925 3926 1037 3981 sint
1059 3927 1209 3981 satis.
1236 3926 1371 3982 Cum
1397 3944 1528 3984 vero
1568 3929 1930 3986 Sodomorum
1965 3949 2062 3988 rex

481 4017 650 4073 beato
687 4015 1206 4085 Abrahaetanquam
1243 4017 1444 4072 victori
1490 4017 1760 4073 dixisset:
1803 4020 1879 4074 Da
1924 4021 2061 4075 mihi

479 4109 651 4173 viros,
673 4122 846 4177 equos
869 4114 1054 4161 autem
1081 4105 1183 4160 tibi
1206 4106 1310 4177 ipsi
1359 4108 1588 4178 accipe;
1635 4107 1773 4162 nihil
1807 4125 1865 4164 se
1907 4125 2064 4165 acce-

480 4210 706 4272 pturum
741 4198 887 4253 illico
921 4196 1214 4268 dejuravit,
1250 4198 1360 4253 nisi
1399 4199 1539 4253 forte
1563 4199 1717 4254 cibos
1742 4215 1933 4254 eorum
1969 4202 2063 4272 qui

480 4307 591 4348 una
615 4291 862 4346 laborem
885 4289 1280 4360 suscepissent,
1309 4297 1366 4345 et
1408 4299 1621 4360 partem
1667 4290 2062 4348 ftederatorum

479 4385 702 4450 Eschol,
729 4384 962 4448 Annam,
991 4391 1047 4438 et
1076 4383 1338 4439 Mambre.
1368 4383 1628 4450 Quamvis
1650 4386 1796 4440 enim
1820 4401 1922 4456 pro
1945 4387 2047 4442 ho-

479 4476 693 4533 minum
730 4475 826 4546 qui
865 4475 1133 4545 perierint
1175 4477 1350 4531 salute
1389 4477 1564 4532 sancti
1590 4478 1694 4532 viri
1737 4479 1942 4533 bellum
1970 4497 2065 4551 ge-

483 4578 628 4636 rant,
657 4585 722 4624 ac
751 4577 977 4624 strenue
999 4575 1236 4633 certent,
1270 4568 1429 4640 1&0
1455 4585 1789 4640 omnemque
1815 4572 2064 4626 laborem

482 4663 756 4728 subeant;
791 4679 823 4717 a
854 4659 1061 4717 mundo
1109 4671 1291 4716 tamen
1331 4661 1472 4715 nihil
1519 4663 1820 4734 accipiunt,
1885 4681 2065 4735 neque

485 4764 738 4812 terrenas
761 4771 893 4826 opes
925 4752 1196 4824 colligunt
1223 4770 1237 4805 :
1288 4753 1345 4806 in
1375 4769 1484 4822 quo
1506 4755 1714 4810 evitant
1740 4757 1976 4812 maxime
2000 4758 2065 4811 il-

483 4850 612 4915 lam,
639 4864 760 4918 quaa
780 4848 1045 4903 exsistere
1067 4845 1194 4900 inde
1220 4847 1378 4911 solet,
1399 4848 1878 4914 exprobrationem
1907 4869 1919 4903 :
1959 4851 2065 4905 «Ne

484 4935 687 5005 dicas,»
718 4939 951 5009 inquit,i
979 4937 1135 5004 Quod
1156 4953 1257 5008 ego
1280 4937 1448 4992 ditari
1471 4938 1777 5006 Abraham;
1800 4961 1818 4993 ›
1850 4949 2064 4996 tantum

485 5053 641 5109 cibos
685 5053 957 5122 accipient
998 5051 1093 5121 qui
1123 5051 1192 5106 ab
1229 5050 1298 5105 iis
1325 5067 1464 5122 quos
1507 5053 1754 5122 iuverint
1798 5051 2063 5121 suppedi-

487 5153 724 5199 tantum
747 5144 954 5213 Dignus
976 5153 1060 5198 est
1074 5143 1223 5199 enim
1246 5143 1535 5214 operarius
1556 5143 1811 5199 mercede
1833 5159 1932 5198 sua
1958 5144 2056 5207 ",i

487 5242 546 5290 et
569 5234 636 5289 iis
660 5234 755 5304 qui
792 5233 1148 5304 Evangelium
1171 5236 1522 5301 annuntiant,
1549 5253 1615 5290 ex
1652 5235 1955 5305 Evangelio
1978 5236 2062 5290 vi-

485 5341 617 5382 vere
640 5324 900 5396 praecepit
920 5324 1174 5383 Christus
1196 5329 1263 5381 δ’.
1312 5327 1586 5383 Foederati
1638 5333 1816 5379 tamen
1873 5337 2062 5396 partes

484 5419 782 5487 accipiunt,
810 5427 1100 5488 propterea
1125 5420 1290 5490 quod,
1323 5418 1612 5488 utopinor,
1647 5416 1703 5471 in
1727 5416 1796 5471 iis
1839 5433 2060 5488 quoque

558 5547 606 5581 "
631 5547 768 5604 Gen.
797 5567 908 5614 xlv,
940 5551 1026 5606 l7.
1105 5553 1153 5585 ⁵ο
1179 5552 1324 5606 Psal.
1357 5567 1503 5618 cxni,
1533 5551 1622 5608 ει.
1695 5553 1740 5586 ⁸¹
1773 5553 1908 5610 Luc.
1939 5519 1993 5620 ι,
2035 5555 2088 5609 7.

557 5683 633 5756 (ί)
665 5683 798 5743 Cod.
830 5687 1029 5755 Vatic.,
1061 5688 1228 5742 ἑώλου
1253 5687 1526 5758 λατρείας.

2161 3120 2644 3192 ἀποκερδαίνουσιν
2663 3119 2901 3191 ἀμοιϐὴν
2920 3162 2933 3186 ,
2955 3119 3054 3182 τάς
3075 3137 3133 3172 τε
3157 3119 3309 3191 παρά
3331 3118 3441 3172 τῶν
3463 3120 3522 3172 ἐν
3551 3120 3755 3191 κόσμῳ

2160 3215 2325 3284 τιμάς
2349 3229 2362 3245 ο
2400 3230 2425 3265 ‹
2475 3209 2693 3282 Ἐξῆλθε
2725 3210 2859 3281 γὰρ,
2889 3211 3043 3281 φησὶ,
3081 3210 3334 3281 βασιλεὺς
3363 3209 3614 3278 Σοδόμων
3667 3213 3755 3274 είς

2163 3306 2484 3375 συνάντησιν
2525 3302 2602 3374 τῷ
2655 3303 2935 3375 Ἀϐραὰμ,
2987 3302 3083 3356 καὶ
3113 3302 3470 3372 Μελχισεδὲκ,
3499 3303 3527 3354 6
3564 3301 3760 3372 ἱερεὺς

2161 3399 2254 3453 τοῦ
2267 3398 2400 3452 Θεοῦ
2423 3397 2515 3450 τοῦ
2546 3397 2794 3466 ὑψίστου,
2825 3416 2843 3447 ι
2863 3397 3115 3464 εὐλογίαν
3141 3395 3238 3466 τὴν
3268 3396 3358 3448 διὰ
3383 3394 3650 3467 Χριστοῦ,
3683 3399 3757 3467 τῇ

2164 3492 2416 3560 ζωοποιῷ
2446 3489 2632 3561 χάριτι
2664 3488 3156 3560 κατευφραίνοντος
3185 3489 3333 3557 ἄρτῳ
3367 3504 3423 3539 τε
3462 3487 3557 3540 καὶ
3591 3488 3756 3558 οἴνῳι

2164 3583 2455 3652 Τοιγάρτοι
2507 3580 2603 3634 καὶ
2650 3577 3008 3648 ἀληθεύοντες
3057 3579 3140 3646 ἐφ’
3189 3580 3434 3641 ἑαυτοῖς,
3479 3573 3539 3630 εὖ
3599 3579 3758 3648 μάλα

2165 3675 2350 3745 φασίν·
2383 3693 2401 3725 ι
2439 3671 2808 3742 Εὐλογημένοι
2835 3671 2993 3742 ὑμεῖς
3020 3670 3095 3740 τῷ
3129 3671 3318 3740 Κυρίῳ
3342 3670 3425 3739 -τῴ
3454 3671 3757 3740 ποιήσαντι

2162 3770 2253 3823 τὸν
2297 3768 2524 3839 οὐρανὸν
2574 3767 2669 3820 καὶ
2715 3763 2814 3835 τὴν
2861 3765 2984 3834 γῆν.
3033 3782 3050 3813 ι
3102 3763 3282 3826 Τύπος
3313 3763 3356 3815 δ’
3397 3764 3462 3816 ἂν
3507 3762 3595 3834 εἴη
3647 3765 3758 3834 τῆς

2163 3861 2307 3916 κατὰ
2331 3859 2564 3931 Χριστὸν
2599 3855 2900 3928 ἱερωσύνης
2928 3857 2956 3908 6
2985 3855 3322 3924 Μελχισεδὲκ
3343 3897 3356 3918 ,
3398 3855 3492 3906 καὶ
3520 3855 3583 3906 οὐ
3612 3855 3756 3907 πολ-

2162 3956 2290 4022 λῶν,
2315 3950 2488 4024 οἶμαι,
2513 3951 2575 4004 τὸ
2597 3951 2784 4021 χρῆμα
2805 3949 2940 4018 πρὸς
2971 3947 3240 4011 ἀπόδειξιν
3269 3946 3525 4015 δεήσεται
3546 3946 3756 4014 λόγων,

2164 4045 2521 4117 ἐξαρκοῦντος
2551 4044 2629 4105 είς
2662 4041 2820 4093 τοῦτο
2865 4040 3195 4110 Γράμματος
3230 4035 3399 4107 ἱεροῦ.
3434 4037 3756 4100 Φάσκοντος

2163 4139 2220 4192 δὲ
2235 4136 2330 4190 τοῦ
2352 4135 2600 4206 Σοδόμων
2625 4132 2887 4202 βασιλέως
2908 4131 3042 4201 πρὸς
3059 4131 3148 4184 τὸν
3169 4129 3453 4182 θεσπέσιον
3470 4128 3753 4200 Ἀϐραὰμ,

2164 4231 2240 4293 ὡς
2267 4227 2609 4298 νενικηκότα·
2641 4225 2740 4288 Δός
2775 4241 2864 4294 μοι
2890 4223 3015 4285 τοὺς
3045 4221 3263 4292 ἄνδρας,
3298 4222 3426 4284 τοὺς
3455 4219 3512 4272 δέ
3542 4221 3756 4283 ἵππους

2165 4321 2294 4377 λάϐε
2331 4319 2578 4389 σεαυτῷ,
2614 4318 2778 4389 μηδὲν
2826 4317 2887 4368 τὸ
2933 4315 3152 4385 σύμπαν
3203 4314 3389 4368 λαϐεῖν
3443 4313 3756 4382 ἀπώμνυτο

2093 4385 2138 4440 D
2167 4385 2530 4486 παραχρῆμα,
2556 4385 2697 4480 πλὴν
2727 4411 2776 4462 εί
2799 4410 2907 4480 ἄρα
2933 4408 3030 4471 τάς
3061 4409 3268 4479 τροφὰς
3288 4407 3398 4460 τῶν
3427 4418 3751 4476 συγκεκμη·

2165 4507 2361 4570 κότων,
2400 4506 2495 4558 καὶ
2535 4505 2646 4565 τοῖς
2681 4502 3019 4570 συνωμόταις
3053 4499 3246 4571 μερίδα
3285 4500 3510 4569 Ἐσχὼλ,
3541 4501 3747 4562 Αὐνᾶν,

2164 4597 2258 4652 καὶ
2294 4595 2562 4668 Μαμϐρῆ.
2609 4591 2985 4664 Πολεμοῦντες
3026 4589 3135 4661 γὰρ
3179 4590 3274 4642 καὶ
3313 4590 3751 4660 ὐπεραθλοῦντες

2162 4688 2427 4758 γεννικῶς
2473 4687 2613 4756 ὑπὲρ
2654 4682 2752 4754 τῆξ
2792 4683 2901 4736 τῶν
2941 4683 3294 4740 ἀπολωλότων
3341 4682 3659 4752 ἐλευθερίας
3697 4685 3748 4734 οι

2163 4781 2344 4848 ἆγιοι,
2392 4778 2488 4831 καὶ
2544 4777 2720 4830 πάντα
2767 4776 2928 4829 πόνον
2992 4774 3383 4838 εἰσϐαίνοντες,
3436 4774 3589 4827 οὐδὲν
3639 4775 3753 4827 ἀπὸ

2164 4874 2370 4943 κόσμου
2411 4871 2783 4941 λαμϐάνουσιν
2807 4911 2821 4934 ,
2849 4869 2973 4922 οὐτε
3007 4870 3110 4938 μὴν
3144 4868 3235 4920 τὸν
3281 4867 3524 4934 ἐπίγειον
3555 4866 3750 4919 συλλέ-

2164 4981 2322 5032 γουσι
2364 4963 2624 5025 πλοῦτον,
2661 4959 3090 5032 παραιτούμενοι
3133 4957 3337 5031 σφόδρα
3368 4959 3458 5011 τὸν
3489 4957 3754 5013 ἐντεῦθεν

2162 5055 2482 5126 ὀνειδισμόψ
2508 5073 2526 5105 ι
2554 5053 2668 5108 ’Ίνα
2693 5052 2767 5124 μὴ
2793 5053 3001 5124 altrm,»
3027 5053 3207 5122 φησὶν,
3233 5070 3249 5101 ι
3275 5052 3355 5103 ὅτι
3389 5049 3531 5118 Ἐγὼ
3554 5050 3758 5104 ἐπλού-

2162 5163 2287 5198 τισα
2312 5146 2405 5198 τὸν
2448 5145 2714 5215 Ἀϐραάμ·
2768 5163 2786 5196 ι
2819 5145 2957 5215 πλὴν
3001 5145 3084 5196 ὃτι
3132 5144 3298 5214 μόνας
3324 5143 3572 5213 δέχονται
3617 5160 3755 5213 τρο-

2166 5236 2293 5304 φὰς,
2316 5236 2414 5300 τάς
2443 5237 2507 5290 ἐκ
2536 5235 2644 5288 τῶν
2675 5234 3085 5306 ὠφελουμένων.
3128 5252 3146 5285 ι
3179 5235 3361 5300 ’Ἄξιος
3389 5234 3498 5304 γὰρ
3523 5236 3552 5286 6
3582 5235 3755 5303 ἐργά-

2165 5345 2263 5398 της
2313 5327 2409 5381 τοῦ
2466 5327 2659 5399 μισθοῦ
2713 5327 2900 5381 αὐτοῦ·
2959 5345 2977 5376 ι
3024 5327 3119 5380 καὶ
3158 5329 3270 5389 τοῖς
3299 5327 3361 5378 τὸ
3407 5326 3754 5394 Εὐαγγέλιον

2165 5419 2625 5489 καταγγέλλουσιν
2675 5422 2739 5474 ἐκ
2768 5418 2862 5473 τοῦ
2903 5417 3235 5487 Εὐαγγελίου
3281 5418 3380 5488 ζῇν
3428 5417 3684 5472 ἐκέλευεν
3723 5420 3757 5472 6

2166 5556 2212 5589 ⁵¹
2241 5555 2260 5610 l
2288 5554 2414 5611 Cor.
2445 5571 2518 5615 Ix,
2554 5557 2639 5611 Μ.
