3968 6300
249 275 359 331 557

943 281 1030 337 DE
1069 280 1512 337 ADORATIONE
1551 281 1619 337 IN
1659 278 1931 339 SPIRITU
1973 281 2062 338 ET
2101 283 2471 342 VERITATE.
2512 287 2642 343 LIB.
2684 289 2772 346 IV.

3394 289 3503 349 53ῐῖ

256 389 512 454 Χριστός.
567 391 635 444 Οἵ
666 408 726 460 γε
777 393 883 463 μὴν
941 395 1247 465 συνωμόται
1297 395 1542 464 δέχονται
1589 395 1828 466 μερίδας,

1936 394 2106 450 rebus
2135 412 2258 466 qua:
2290 397 2357 452 ad
2382 407 2707 468 praesentem
2744 400 2912 454 vitam
2955 403 3258 472 pertinent,
3286 412 3507 460 sancto-

253 479 607 547 εὐλογοῦντος
645 475 798 551 οἴμαί
829 497 930 534 που
963 481 1128 546 Θεοῦ,
1176 483 1270 536 καὶ
1307 483 1364 534 ἐν
1393 485 1504 545 τοῖς
1537 482 1678 534 κατά
1707 480 1828 534 τόν-

251 566 307 619 δε
350 567 442 620 τὸν
481 566 594 637 βίον
633 567 923 640 πράγμασι
964 572 1090 634 τοὺς
1133 571 1239 628 τῶν
1279 571 1452 640 ἁγίων
1493 571 1826 642 συζηλωτάςο

253 659 544 724 πλεονάζει
577 659 688 730 γὰρ
709 659 893 724 αὐτοῖς
923 662 988 714 ἐκ
1013 661 1230 726 δικαίας
1248 661 1368 716 ὀδοῦ
1394 662 1721 736 συμμέτρως
1759 662 1830 716 τὰ

251 749 406 804 δνταο
449 753 562 814 τοῖς
596 750 703 822 γὰρ
747 749 898 805 οὐπω
936 752 1214 816 παντελῶς
1251 753 1362 806 τῶν
1407 753 1662 822 ἐπιγείων
1695 754 1830 807 ἀπο-

254 845 582 914 φοιτήσασι,
629 843 1051 914 μεμερισμένοις
1101 843 1158 897 δὲ
1205 843 1396 914 ῶσπερ
1451 844 1572 915 Θεῷ
1626 862 1685 897 τε
1737 845 1830 898 καὶ

219 914 476 1005 ’κόσμῳ,
518 934 614 987 καὶ⁸
655 934 757 998 τὰς
810 935 902 988 ἐπὶ
945 935 1050 1003 γῆς
1092 933 1341 1002 εὐλογίας
1387 914 1628 1007 διανέμει
1673 936 1826 999 Θεός.

223 1009 445 1089 ¹Οὕτως
489 1025 714 1096 ηὐλόγει
761 1027 854 1080 τὸν
915 1025 1132 1093 Ἰακὼϐ,
1188 1029 1268 1091 είς
1318 1027 1521 1099 πλῆθος
1571 1027 1719 1097 άγων
1762 1029 1830 1082 τὰ

255 1115 572 1188 θρέμματα.

324 1209 534 1262 IIAAA.
566 1203 639 1262 Εὖ
676 1207 878 1278 λέγεις.

325 1299 491 1354 ΚΥΡ.
541 1299 904 1372 Εὐδοκιμοῦσι
948 1300 1005 1352 δὲ
1036 1299 1238 1367 οὕτως,
1273 1302 1369 1356 καὶ
1405 1301 1827 1374 λελαμπρυσμέ-

255 1409 388 1458 νοις,
419 1391 495 1454 ὡς
527 1391 626 1462 ήδη
644 1391 906 1462 γνησίοις,
939 1391 1002 1444 τὸ
1057 1393 1195 1463 μήτε
1237 1393 1432 1463 χρῆναι
1479 1396 1828 1464 καταναρκᾷν

257 1500 423 1553 φησιν
471 1483 499 1534 6
533 1481 728 1545 σώζειν
769 1481 955 1544 εἰδὼς,
1005 1483 1102 1535 καὶ
1146 1483 1249 1553 μὴν
1292 1485 1373 1536 ὅτι
1408 1485 1501 1536 καὶ
1540 1484 1826 1554 ἀμφιλαρῆ

256 1574 576 1644 κομιοῦνται
649 1573 875 1644 μισθὸν,
941 1576 1232 1646 χρησίμως
1297 1577 1824 1644 κατεπαγγέλλεται·

255 1669 389 1740 ὁμοῦ
422 1669 482 1722 τὸ
533 1669 725 1723 ἀναλκί
774 1686 832 1722 τε
881 1671 976 1722 καὶ
1023 1671 1458 1741 ἀποτολμότατον
1524 1671 1695 1734 πάθος
1753 1671 1827 1734 ὡς

1932 499 2052 538 rum
2091 487 2338 541 virorum
2375 489 2724 544 aemulatores
2769 497 2935 560 atque
2982 495 3288 549 imitatores
3341 495 3512 550 bene-

1930 574 2064 630 dicit
2087 577 2232 632 Deus
2255 596 2268 631 :
2293 578 2575 634 abundant
2598 580 2745 633 enim
2778 580 2888 634 illis
2911 581 3076 648 bona,
3106 599 3208 653 pro
3247 600 3360 640 sua:
3381 600 3512 640 con-

1929 667 2154 724 ditionis
2179 671 2341 725 modo
2381 672 2531 741 justa
2570 671 2784 727 ratione
2811 673 3006 743 viaque
3032 684 3222 743 parta;
3269 692 3513 746 namque

1929 759 1998 814 iis
2021 761 2115 832 qui
2153 762 2395 816 nondum
2420 763 2661 833 perfecte
2702 780 2733 818 a
2781 765 3019 820 terrenis
3042 767 3208 821 rebus
3232 768 3514 823 abscesse-

1929 861 2082 918 runt,
2121 863 2176 909 et
2219 855 2331 909 Deo
2375 872 2438 910 ac
2465 857 2673 912 mundo
2717 857 2880 912 divisi
2926 858 3332 928 quodammodo
3356 849 3508 926 sunt,

1928 945 2092 999 etiam
2118 954 2368 1002 terrenas
2391 948 2806 1005 benedictiones
2831 949 3024 1005 tribuit
3056 949 3218 1005 Deus.
3267 948 3358 1005 Sic
3409 955 3511 1006 be.

1927 1040 2139 1096 nedixit
2166 1043 2334 1098 Jacob
2360 1060 2486 1099 cum
2515 1046 2634 1117 ejus
2656 1061 2854 1116 pecora
2896 1044 3284 1116 multiplicavit
3309 1044 3378 1099 ⁸³.

2004 1216 2201 1270 PALL.
2237 1218 2405 1274 Recte
2428 1219 2528 1274 ais.

1999 1309 2156 1364 CYR.
2183 1311 2301 1365 Jam
2340 1328 2492 1376 vero,
2530 1319 2678 1367 tanta
2702 1312 2885 1377 laude,
2909 1321 3169 1382 tantoque
3217 1311 3508 1383 splendore

1928 1409 2262 1468 comparato,
2305 1409 2564 1470 tanquam
2593 1401 2869 1472 germanis
2905 1405 3015 1472 jam
3063 1402 3176 1456 suis
3203 1401 3508 1456 cultoribus

1927 1489 2075 1544 haud
2111 1493 2532 1560 torpescendum
2568 1508 2686 1547 esse
2713 1491 2890 1561 inquit
2940 1493 3028 1546 ille
3063 1493 3256 1547 salutis
3276 1501 3504 1557 auctor;

1926 1580 2045 1634 fore
2060 1581 2222 1634 etiam
2248 1591 2308 1636 ut
2332 1599 2440 1636 non
2464 1584 2636 1637 levem
2664 1584 2930 1652 recipiant
2950 1583 3280 1646 mercedem,
3307 1599 3510 1652 oppor-

1931 1679 2062 1727 tune
2111 1675 2404 1744 pollicetur
2434 1694 2446 1728 :
2474 1677 2529 1730 in
2567 1692 2676 1745 quo
2733 1675 2896 1729 simul
2943 1675 3180 1729 imbellis
3215 1675 3506 1744 ignavique

255 1757 530 1816 ἀπωτάτω
556 1761 726 1825 τιθεὶς
754 1763 852 1833 τῆς
884 1763 992 1815 τῶν
1029 1763 1380 1834 φοϐουμένων
1414 1764 1576 1818 αὐτὸν
1606 1763 1826 1834 ἀγέλης,

1934 1764 2100 1816 animi
2140 1764 2397 1818 affectum
2438 1782 2466 1820 a
2496 1782 2655 1836 grege
2687 1764 2994 1819 timentium
3021 1780 3077 1818 se
3101 1780 3264 1833 quam
3297 1764 3506 1833 longis-

257 1855 350 1908 καὶ
398 1853 574 1906 ἐλπίδι
616 1853 724 1907 τῶν
757 1855 1186 1925 ἐπηγγελμένων
1219 1857 1545 1928 καταθήγων
1575 1859 1654 1921 είς
1692 1875 1828 1928 προ-

256 1945 483 2016 θυμίας,
515 1945 609 1998 καὶ
652 1945 913 2009 καθιστὰς
963 1948 1492 2018 ἐρρωμενεστέρους.
1541 1950 1829 2022 Τοιγάρτοι

253 2039 347 2092 καὶ
386 2041 415 2092 6
462 2037 747 2102 θεσπέσιος
778 2037 1017 2104 Παῦλος,
1058 2039 1201 2092 οὐτω
1246 2040 1536 2104 διατιθεὶς,
1567 2041 1696 2094 ποτὲ
1732 2041 1833 2111 μὲ)

253 2129 484 2199 ἔφασκεο
517 2147 536 2180 ι
573 2131 758 2184 Πάντα
795 2129 964 2200 ίσχύω
1011 2133 1068 2184 ἐν
1109 2131 1187 2202 τῷ
1231 2133 1553 2203 δυναμοῦντί
1587 2152 1653 2204 με
1698 2135 1832 2204 Χρι-

256 2220 384 2292 στῷ’
424 2240 444 2274 ›
482 2222 613 2276 ποτέ
640 2222 696 2274 δὲ
742 2218 831 2276 αὖ·
867 2240 885 2274 ι
928 2223 1031 2276 Τὸν
1059 2224 1257 2294 δρόμον
1296 2226 1579 2292 τετέλεκα,
1614 2225 1712 2297 τὴν
1740 2228 1832 2282 πί-

258 2327 374 2366 στιν
413 2312 716 2382 τετήρηκα·
768 2311 954 2365 λοιπὸν
983 2313 1271 2367 ἀπόκειταί
1303 2332 1392 2385 μοι
1432 2316 1460 2368 ὁ
1491 2317 1588 2385 τῆς
1630 2315 1832 2368 δικαιο-

259 2405 426 2474 σύνης
475 2403 760 2472 στέφανος.
819 2424 837 2457 ι
885 2405 1168 2475 Ἀσχάλλει
1213 2407 1270 2458 δὲ
1310 2406 1430 2460 λίαν
1473 2409 1502 2459 6
1547 2408 1833 2472 θεσπέσιος

269 2495 550 2566 Ἁϐραάμ,
579 2496 672 2549 καὶ
727 2495 842 2548 υίδν
887 2495 1023 2565 ἔχων
1066 2491 1345 2565 οἰκογενῆ,
1381 2497 1681 2568 δυσθυμίας
1731 2500 1832 2552 οὐκ

257 2589 496 2660 ἀμοιρεῖ.
542 2587 606 2640 Τί
655 2587 764 2658 γάρ
830 2603 921 2658 μοι
982 2585 1212 2651 δώσεις,
1257 2589 1450 2659 φησὶν,
1502 2591 1551 2642 εί
1608 2591 1831 2654 ἄτεκνος

255 2679 596 2750 ἀπολύομαι;
619 2679 716 2734 καὶ
758 2678 1018 2742 ἀπαιδίας
1051 2679 1110 2732 ἐν
1145 2678 1245 2750 ῐσῳ
1291 2682 1527 2734 ποιεῖται
1579 2681 1641 2736 τὸ
1671 2682 1824 2737 νόθον

256 2771 400 2842 ἔχειν
429 2771 662 2843 καρπόν.
704 2767 838 2825 Εἶτα
863 2772 997 2836 Θεὸς
1033 2771 1427 2840 ἐπαγγέλλεται
1463 2773 1553 2826 τὸν
1580 2774 1638 2840 ἐξ
1679 2774 1830 2828 ἐλευ-

256 2860 424 2930 θέρας
453 2859 569 2914 υίὺν
587 2903 604 2927 ,
629 2860 878 2914 τουτέστι
907 2860 999 2914 τὸν
1039 2861 1224 2914 Ἰσαάκ
1243 2899 1260 2926 ,
1291 2863 1386 2915 καὶ
1418 2861 1637 2916 ἔσεσθαί
1667 2881 1829 2937 φησιν

254 2953 419 3008 αὐτὸν
445 2953 506 3007 ἐν
547 2953 738 3023 ἐκείνῳ
777 2952 990 3023 πατέρα
1018 2951 1231 3006 πολλῶν
1274 2951 1476 3020 ἐθνῶν,
1515 2953 1658 3019 ἕξειν
1687 2955 1743 3010 δέ
1768 2957 1830 3010 τὸ

258 3045 482 3118 σπέρμα
518 3044 702 3108 καθὼς
742 3043 811 3098 τά
843 3043 1020 3114 ἄστρα
1050 3043 1144 3097 τοῦ
1193 3043 1445 3115 οὐρανοῦ·
1491 3045 1677 3100 ἐλύπει
1721 3047 1829 3120 γὰρ
1857 3078 1898 3134 c

255 3137 375 3190 λίαν
421 3139 546 3201 τοὺς
581 3137 770 3206 ἀγίους
812 3136 1178 3200 ἀποστόλους,
1206 3135 1269 3188 τὸ
1309 3135 1500 3209 ὥσπερ
1536 3137 1644 3192 ἀπό
1685 3156 1829 3204 τινος

253 3228 480 3301 δούλης,
510 3229 615 3300 τῆς
647 3229 790 3284 κατά
821 3229 986 3300 νόμον
1019 3228 1296 3300 λατρείας,
1328 3228 1481 3282 νόθον
1518 3229 1662 3300 ἐχειν
1689 3250 1827 3304 καρ-

253 3323 375 3378 πόν.
402 3321 660 3394 Ἐζήτουν
678 3321 736 3375 δέ
761 3321 960 3393 μᾶλλον
980 3321 1072 3374 τὸν
1096 3323 1160 3374 ἐκ
1185 3322 1284 3391 τῆς
1313 3321 1644 3393 ἐλευθερίας,
1672 3342 1828 3378 τουτ-

253 3414 400 3479 ἐστι,
447 3413 538 3466 τδν
569 3415 633 3466 ἐκ
673 3413 772 3483 τῆς
801 3412 1006 3482 Καινῆς
1057 3412 1350 3484 Διαθήκης.
1392 3409 1560 3478 Οὗτος
1607 3416 1664 3468 δὲ
1702 3413 1770 3488 ἦν
1801 3418 1830 3470 ὁ

253 3505 514 3579 Χριστὸς,
537 3499 598 3558 οὗ
626 3504 722 3559 καὶ
767 3507 846 3568 είς
873 3503 1043 3559 τύπον
1067 3507 1096 3558 6
1139 3505 1323 3558 Ἰσαὰκ
1350 3508 1470 3558 κατ’
1499 3508 1829 3576 ἐπαγγελίαν

251 3599 478 3660 νοεῖται,
512 3595 606 3649 καὶ
628 3595 716 3649 διὰ
747 3595 1002 3660 πίστεως.
1040 3595 1150 3649 Καὶ
1177 3593 1308 3663 γοῦν
1335 3598 1364 3650 6
1393 3599 1663 3668 μακάριος
1691 3599 1830 3653 Παῦε

251 3689 364 3754 λος,
399 3689 528 3760 περὶ
568 3687 676 3742 τῶν
725 3689 784 3741 ἐν
826 3687 1006 3758 ἐαυτῷ
1047 3687 1212 3758 νόμου
1263 3686 1426 3756 φησὶν
1471 3688 1826 3759 αὐχημάτων,

259 3803 276 3836 ι
321 3784 521 3837 ’Δτινα
557 3777 625 3854 ἦν
671 3799 760 3854 μοι
789 3781 984 3853 κέρδη,
1013 3780 1186 3834 ταῦτα
1213 3781 1426 3851 ἥγημαι
1463 3780 1548 3833 διὰ
1582 3781 1670 3835 τὸν
1696 3779 1830 3852 Χρι-

255 3875 379 3930 στὸν
410 3874 635 3946 ζημίανο
689 3873 826 3928 ἀλλά
860 3873 960 3943 μὲν
1001 3866 1096 3926 οὖν
1131 3889 1196 3942 γε
1233 3872 1327 3926 καὶ
1363 3871 1601 3944 ἠγοῦμαι
1648 3874 1828 3928 πάντα

251 3965 460 4038 ζημίαν
505 3960 648 4018 εἶναι
693 3964 781 4018 διὰ
820 3965 882 4017 τὸ
914 3965 1178 4034 ὑπερέχον
1227 3963 1326 4034 τῆς
1357 3962 1610 4032 γνώσεως
1650 3965 1826 4037 Ἰησοῦ

252 4056 490 4129 Χριστοῦ
523 4055 620 4110 τοῦ
663 4055 867 4128 Κυρίου
900 4055 1076 4126 ἡμῶν,
1104 4054 1170 4108 δι’
1202 4054 1260 4108 ὃν
1285 4054 1353 4110 τά
1381 4056 1557 4110 πάντα
1586 4057 1828 4128 ἐζημιώ-

253 4147 386 4218 θην,
406 4147 502 4200 καὶ
533 4146 775 4218 ἡγοῦμαι
816 4145 1058 4200 σκύϐαλα
1100 4140 1268 4209 εἶναι,
1319 4145 1405 4200 ἶνα
1433 4147 1669 4218 Χριστὸν
1701 4165 1830 4219 κερ-

252 4236 423 4308 δήσω,
443 4236 539 4290 καὶ
554 4236 762 4308 εὑρεθῶ
787 4237 844 4288 ἐν
868 4235 1034 4306 αὐτῷ,
1061 4236 1134 4308 μὴ
1152 4235 1290 4306 ἔχων
1303 4236 1442 4307 ἐμὴν
1461 4238 1826 4311 δικαιοσύνην,

253 4327 352 4398 τὴν
375 4327 464 4380 διὰ
487 4329 684 4398 νόμου,
737 4325 874 4380 ἀλλά
917 4326 1016 4398 τὴν
1066 4327 1155 4381 διά
1199 4327 1436 4391 πίστεως
1492 4329 1666 4399 Ἰησοῦ
1692 4331 1828 4400 Χρι-

1933 1856 2069 1910 sime
2095 1857 2328 1926 repellit,
2363 1864 2418 1910 et
2440 1873 2533 1926 spe
2565 1874 2748 1911 rerum
2777 1873 2913 1926 quas
2949 1857 3259 1927 pollicetur,
3285 1857 3352 1910 ad
3390 1855 3511 1910 ani-

1931 1946 2008 2000 mi
2045 1946 2382 2000 alacritatem
2422 1947 2656 2011 exacuit,
2683 1955 2737 2001 et
2763 1947 3019 2001 fortiores
3042 1947 3206 2002 efficit
3232 1966 3245 2000 :
3272 1948 3510 2017 ideoque

1933 2037 2098 2091 etiam
2147 2037 2342 2092 beatus
2387 2039 2611 2102 Paulus,
2641 2039 2769 2107 quia
2810 2038 2889 2093 sic
2909 2039 3142 2092 aﬂ‘ectus
3184 2047 3320 2103 erat,
3365 2055 3507 2094 non-

1932 2143 2211 2197 nunquam
2238 2130 2353 2182 ait:
2391 2148 2408 2179 ι
2432 2127 2626 2183 Omnia
2665 2145 2888 2199 possum
2922 2130 2977 2183 in
3009 2145 3074 2184 eo
3115 2130 3207 2198 qui
3261 2146 3346 2184 me
3373 2147 3508 2186 con-

1932 2217 2120 2283 fortat,
2178 2219 2400 2275 Christo
2425 2221 2509 2273 “2
2543 2240 2561 2272 ›
2615 2213 2910 2290 aliquando
2965 2237 3160 2276 rursus
3188 2240 3200 2275 :
3234 2241 3251 2271 ι
3274 2221 3509 2277 Cursum

1932 2312 2330 2376 consummavi,
2361 2310 2524 2367 fidem
2559 2313 2809 2378 servavi;
2837 2314 2893 2367 in
2928 2314 3142 2382 reliquo
3165 2315 3402 2383 reposita
3425 2321 3510 2369 est

1932 2402 2068 2455 mihi
2095 2417 2300 2457 corona
2333 2404 2564 2474 justitize
2586 2404 2653 2458 ".
2687 2423 2706 2454 ι
2734 2403 2898 2476 Ᾱὲετο
2929 2405 3037 2460 fert
3056 2422 3122 2460 au
3135 2414 3241 2460 tem
3270 2408 3510 2462 maxime

1930 2490 2208 2546 Abraham
2251 2493 2398 2562 quod
2433 2493 2605 2548 filium
2643 2494 2874 2550 haberet
2898 2498 3278 2561 vernaculum,
3305 2509 3362 2552 et
3387 2499 3510 2552 ani-

1933 2597 2026 2636 mo
2049 2583 2306 2653 angitur:
2335 2581 2477 2650 Quid
2500 2583 2670 2648 enim,
2697 2583 2896 2654 inquit,
2930 2583 3064 2638 mihi
3098 2584 3274 2648 dabis,
3307 2584 3353 2639 si
3391 2584 3510 2640 sine

1929 2674 2120 2730 liberis
2174 2675 2423 2729 dimittor
2463 2675 2565 2728 "'?
2607 2675 2950 2745 nothumque
2997 2675 3200 2730 habere
3248 2675 3510 2743 fructum,

1930 2766 2158 2836 perinde
2191 2767 2427 2822 aestimat
2456 2775 2620 2837 atque
2651 2769 2966 2824 orbitatem.
3003 2769 3212 2824 Deinde
3255 2770 3403 2826 Deus
3436 2787 3507 2827 ex

1931 2860 2106 2915 libera
2163 2859 2279 2914 fore
2327 2860 2407 2915 illi
2442 2859 2636 2927 filium,
2666 2861 2720 2916 id
2759 2871 2845 2917 est
2885 2863 3056 2928 Isaac,
3097 2864 3406 2933 pollicetur,
3453 2865 3510 2920 in

1932 2965 2110 3020 eoque
2135 2958 2348 3020 patrem
2392 2950 2596 3006 sefore
2634 2952 2928 3006 multarum
2973 2954 3240 3022 gentium,
3289 2955 3510 3010 habitu-

1932 3057 2166 3112 rumque
2205 3057 2396 3096 semen
2425 3042 2569 3097 sicut
2621 3051 2770 3097 astra
2816 3043 2976 3098 caeli:
3010 3045 3237 3099 moleste
3273 3060 3512 3114 namque

1933 3134 2184 3195 ferebant
2205 3133 2379 3189 sancti
2410 3135 2642 3204 apostoli
2666 3134 2812 3204 quod
2838 3135 2990 3188 velut
3032 3150 3101 3189 ex
3149 3135 3345 3190 ancilla
3370 3151 3510 3206 qua-

1935 3225 2086 3288 dam,
2116 3241 2182 3278 ex
2206 3226 2354 3280 cultu
2389 3239 2588 3295 nempe
2613 3225 2794 3295 legali,
2819 3226 3050 3279 nothum
3089 3225 3366 3280 haberent
3391 3226 3510 3281 fru-

1935 3324 2116 3382 ctum;
2155 3324 2320 3385 atque
2353 3331 2422 3369 ex
2447 3316 2621 3370 libera
2645 3316 2849 3385 potius,
2901 3317 2957 3370 id
2986 3324 3091 3381 est,
3117 3332 3186 3371 ex
3234 3315 3388 3371 Novo
3409 3318 3514 3373 Te-

1935 3414 2226 3470 stamento,
2254 3405 2429 3460 filium
2451 3406 2823 3475 expetebant:
2857 3407 2904 3459 is
2947 3414 3130 3460 autem
3178 3413 3298 3460 erat
3347 3406 3511 3462 Chri-

1935 3507 2073 3563 stus,
2115 3499 2171 3552 in
2194 3499 2350 3568 cujus
2374 3511 2594 3567 quoque
2619 3495 2790 3566 ﬁgura
2812 3497 2966 3551 Isaac
3010 3512 3108 3566 per
3135 3498 3512 3566 repromissio-

1934 3603 2061 3644 nem
2084 3595 2248 3657 atque
2273 3602 2374 3656 per
2397 3586 2561 3641 fidem
2583 3593 2746 3642 natus
2771 3585 3119 3656 intelligitur.
3146 3586 3335 3657 Itaque
3376 3587 3510 3643 bea-

1935 3686 2026 3733 tus
2049 3677 2254 3732 Paulus
2273 3677 2341 3732 de
2367 3677 2506 3748 legis
2549 3676 2907 3741 ornamentis,
2958 3692 3081 3746 quae
3125 3677 3230 3731 sibi
3271 3677 3506 3742 inerant,

1934 3769 2040 3824 ait:
2081 3788 2099 3820 ι
2127 3768 2260 3836 Quae
2295 3770 2432 3824 mihi
2474 3776 2633 3824 erant
2684 3769 2860 3833 lucra,
2887 3769 3002 3824 huic
3036 3770 3341 3825 arbitratus
3385 3786 3509 3826 sum

1933 3868 2161 3931 propter
2183 3859 2466 3916 Christum
2499 3861 2892 3916 detrimentum
2921 3879 2933 3914 :
2975 3877 3166 3915 verum
3199 3860 3368 3915 etiam
3395 3863 3513 3917 exi-

1933 3955 2096 4009 stimo
2125 3955 2307 4008 omnia
2343 3953 2736 4009 detrimentum
2763 3969 2885 4008 esse
2906 3963 3133 4023 propter
3173 3953 3324 4024 141
3375 3955 3514 4008 emi-

1933 4053 2157 4100 nentem
2183 4044 2467 4099 scientiam
2524 4044 2655 4098 Jesu
2693 4043 2896 4098 Christi
2920 4044 3134 4096 Domini
3162 4042 3358 4106 nostri,
3383 4059 3513 4112 pro-

1933 4141 2056 4203 pter
2080 4148 2243 4203 quem
2271 4133 2517 4188 omnium
2555 4133 2825 4202 jacturam
2855 4132 2980 4195 feci,
3011 4140 3067 4186 et
3092 4131 3334 4184 arbitror
3359 4138 3503 4185 ster-

1935 4239 2063 4278 cora
2083 4239 2229 4288 esse,
2260 4233 2321 4277 ut
2349 4223 2635 4278 Christum
2680 4222 3040 4286 Iucrifaciam,
3076 4229 3132 4275 et
3177 4221 3428 4274 inveniar
3450 4223 3508 4278 in

1937 4317 2059 4385 ipso
2096 4330 2206 4369 non
2232 4315 2442 4369 habens
2472 4330 2649 4368 meam
2691 4313 2982 4384 justitiam,
3028 4328 3149 4380 quae
3192 4327 3293 4381 per
3329 4312 3507 4382 legem

255 4416 407 4472 στοῦ.
459 4437 479 4470 ι
527 4418 614 4473 Ἐν
644 4417 866 4490 Χριστῷ
903 4418 1012 4488 γὰρ
1041 4418 1298 4488 γεγόνασι
1348 4419 1582 4490 πατέρες
1621 4421 1829 4475 πολλῶν

1935 4414 2018 4460 est
2041 4445 2055 4470 ,
2082 4405 2177 4459 sed
2198 4420 2320 4473 qua:
2351 4420 2419 4459 ex
2446 4404 2553 4460 fide
2578 4413 2662 4458 est
2686 4404 2814 4458 Jesu
2845 4402 3047 4457 Christi
3088 4402 3155 4455 ⁸⁸.
3187 4422 3209 4454 ›
3236 4403 3297 4456 In
3342 4403 3506 4458 Chri-

253 4509 425 4564 ἐθνῶν
484 4509 581 4563 καὶ
608 4509 983 4582 άναριθμήτου
1027 4509 1359 4582 σπέρματος,
1409 4511 1662 4583 καθάπερ
1692 4513 1830 4584 ἀμέ-

253 4601 334 4655 λει
380 4601 477 4656 καὶ
543 4601 794 4674 Ἀϐραὰμ
842 4602 902 4655 ἐν
958 4603 1161 4657 Ἰσαάκ.
1221 4603 1588 4675 ’Δναθήσομεν
1630 4605 1687 4658 δέ
1737 4605 1829 4660 τὸν

254 4695 347 4748 ἐπὶ
384 4693 527 4764 τῷδε
563 4695 740 4763 λόγον,
778 4695 899 4766 οὐχὶ
949 4695 1013 4766 δὴ
1059 4695 1240 4765 μόνοις
1279 4698 1392 4761 τοῖς
1439 4697 1608 4751 πάλαι
1634 4714 1693 4750 τε
1737 4699 1830 4752 καὶ

253 4787 434 4855 ἁγίοις
474 4788 828 4852 ἀποστόλοις,
872 4786 1009 4840 ἀλλὰ
1057 4787 1151 4840 καὶ
1193 4791 1306 4852 τοῖς
1343 4789 1461 4860 μετ’
1487 4789 1732 4852 ἐκείνους
1766 4790 1828 4842 τὸ

254 4875 535 4947 ιεροῦσθαι
553 4875 798 4946 λαχοῦσι,
826 4876 918 4931 καὶ
955 4876 1289 4947 Ἐκκλησιῶν
1318 4877 1662 4949 ἡγουμένοις,
1680 4877 1714 4949 ἢ
1735 4879 1828 4934 καὶ

254 4968 420 5023 παντί
439 4985 502 5021 τε
524 4967 713 5021 λοιπὸν
739 4968 872 5040 ὁσίῳ
904 4968 999 5022 καὶ
1019 4967 1225 5038 ἀγαθῷ.
1770 4961 1781 4968 ’

1934 4500 2034 4564 sto:
2055 4510 2289 4565 namque
2324 4504 2507 4565 patres
2552 4495 2850 4549 multarum
2892 4493 3135 4564 gentium
3179 4501 3236 4548 et
3280 4495 3506 4550 seminis

1934 4585 2368 4651 innumerabilis,
2395 4593 2457 4640 ut
2475 4585 2750 4640 Abraham
2777 4586 2831 4640 in
2858 4585 3007 4640 Isaac
3021 4584 3147 4640 facti
3175 4594 3318 4640 sunt.
3348 4586 3504 4652 Quod

1935 4684 2118 4731 autem
2147 4677 2250 4731 bac
2274 4676 2342 4732 de
2381 4693 2443 4731 re
2469 4676 2676 4730 dictum
2706 4685 2790 4732 est
2815 4693 2845 4732 a
2870 4678 3048 4742 nobis,
3079 4677 3131 4731 id
3177 4693 3286 4731 non
3328 4680 3506 4733 solum

1934 4768 2130 4838 priscis
2152 4769 2259 4824 illis
2279 4768 2414 4824 viris
2437 4784 2503 4824 ac
2527 4771 2730 4826 sanctis
2751 4771 3016 4840 apostolis
3040 4769 3368 4834 tribuemus,
3404 4773 3502 4824 sml

1932 4860 2000 4915 ad
2024 4876 2119 4916 eos
2139 4877 2360 4932 quoque
2382 4862 2476 4932 qui
2492 4870 2616 4932 post
2639 4863 2763 4918 illos
2775 4863 3107 4918 sacerdotale
3125 4863 3502 4918 suntotlicium

1932 4951 2134 5018 sortiti,
2159 4959 2216 5008 et
2264 4953 2522 5009 Ecclesiae
2556 4953 2726 5010 duces
2771 4954 3076 5018 constituti,
3108 4963 3203 5011 aut
3238 4955 3402 5010 etiam
3434 4955 3504 5010 ad

1933 5044 2186 5112 quemvis
2207 5053 2456 5100 sanctum
2488 5046 2832 5116 probumque
2854 5046 3035 5100 virum
3070 5045 3394 5104 referemus.

311 5236 358 5268 ⁸³
394 5234 596 5292 Cenes.
621 5249 747 5302 xxx,
770 5233 858 5289 5|.
937 5231 1236 5303 “Philipp.
1274 5249 1346 5299 tv,
1379 5234 1463 5288 Μ.
1541 5235 1585 5268 ⁸⁵
1612 5235 1656 5290 II
1677 5235 1912 5318 Timgv,
1947 5239 2000 5293 8.
2075 5238 2142 5272 "‘
2168 5239 2366 5298 Cenes.
2396 5258 2483 5308 xv,
2508 5244 2560 5298 5.
2640 5244 2684 5275 "
2700 5242 2934 5314 Philipp.
2977 5261 3054 5312 ιιι,
3089 5245 3206 5301 7-9.
