3968 6300
469 253 572 312 5-39
1493 250 1547 306 S.
1598 250 1874 308 CYRILLI
1912 253 2383 311 ALEXANDRINI
2419 258 2735 314 AllClilEP.

3628 270 3734 338 360

1087 593 1483 718 ΠΕΡΙ
1549 597 1890 722 ΤΗΣ
1965 599 2175 723 ΕΝ
2240 595 3122 732 ΠΝΕΥΜΑΤΙ

1695 853 1889 942 ΚΑΙ
1962 855 2465 947 ΑΛΗΘΕΙΑ

889 1072 2114 1190 ΠΡΟΣΚΥΝΗΣΕΩΣ
2206 1081 2485 1191 ΚΑΙ
2577 1077 3316 1201 ΛΑΤΡΕΙΑΣ

1605 1326 1970 1412 ΛΟΓΟΣ
2047 1327 2597 1418 ΠΕΜΠΤΟΣ
2665 1388 2668 1391 -

2055 1517 2131 1532 ﬂ

622 1718 802 1831 DE
898 1719 1826 1835 ADORATIONE
1924 1723 2108 1833 ET
2191 1721 2670 1842 CULTU
2753 1728 2902 1841 IN
2987 1726 3563 1849 SPIRITU

1628 1985 1793 2086 ET
1891 1983 2552 2089 VERITATE

1569 2226 1940 2303 LIBER
2035 2230 2631 2322 QUINTUS.

694 2549 850 2621 142
876 2549 951 2604 De
975 2549 1284 2619 fortitudine
1305 2566 1420 2620 qua:
1442 2552 1497 2604 in
1524 2551 1730 2606 Christo
1753 2563 1849 2607 est.

527 2663 716 2718 Sancti
765 2662 869 2715 viri
924 2662 1111 2732 igitur,
1163 2663 1379 2716 tametsi
1450 2679 1552 2733 pro
1614 2664 1852 2719 aliorum
1933 2667 2036 2721 b0-

455 2753 666 2807 minum
719 2752 833 2806 vita
887 2759 1142 2816 certant,
1179 2751 1234 2806 id
1281 2752 1384 2806 sibi
1429 2753 1773 2823 propositum
1809 2755 2033 2820 habent,

455 2841 682 2906 Palladi,
710 2841 854 2895 utad
880 2842 1088 2896 nullam
1114 2857 1390 2911 rem,quae
1411 2843 1634 2911 quidem
1658 2844 1714 2897 in
1742 2844 1847 2899 hoc
1874 2861 2036 2898 mun-

453 2933 526 2987 do
551 2933 642 2997 sit,
667 2933 912 2987 animum
945 2933 1184 3004 adjicere
1213 2935 1420 2989 velint:
1455 2936 1529 2989 ita
1576 2935 1724 2990 enim
1762 2936 2039 3006 sapientes

453 3040 519 3080 ac
542 3033 814 3094 potentes.
844 3032 900 3079 et
927 3025 1148 3094 optimae
1171 3026 1286 3095 spei
1311 3026 1480 3095 pleni,
1515 3034 1574 3080 et
1591 3042 1832 3096 superna
1875 3026 2004 3080 beni
2021 3061 2036 3068 -

454 3116 662 3188 gnitate
697 3116 897 3170 muniti
929 3123 1114 3171 erunt.
1148 3115 1346 3185 Atque,
1381 3123 1444 3170 ut
1497 3123 1557 3169 tu
1598 3116 1822 3185 quidem
1868 3117 2032 3180 nosti,

453 3219 543 3258 res
583 3219 693 3258 non
718 3204 880 3258 aliter
913 3205 1119 3259 habere
1159 3221 1218 3260 se
1244 3214 1441 3274 potest.
1475 3207 1610 3261 Nam
1652 3207 1698 3261 si
1742 3206 2035 3261 mundanis

450 3292 926 3361 distractionibus,
957 3311 1020 3350 ac
1044 3297 1440 3366 temporalibus
1472 3298 1870 3368 cupiditatibus
1911 3297 2035 3352 ani-

451 3401 603 3440 mum
635 3388 993 3443 excelsiorem
1024 3388 1338 3454 habuerint,
1363 3389 1616 3444 imbelles
1641 3390 1801 3459 plane
1846 3389 2036 3444 hostes

449 3477 755 3544 offendent,
789 3481 1129 3550 minimoque
1153 3483 1375 3552 negotio
1415 3483 1764 3538 adversarios
1812 3497 2036 3553 supera-

451 3569 748 3633 bunt,‘Deo
771 3572 991 3626 illorum
1022 3573 1170 3628 vires
1191 3574 1548 3644 proﬂigante:
1579 3575 1664 3628 sin
1684 3574 1787 3643 ipsi
1813 3589 2034 3642 quoque

451 3660 748 3715 mundanis
776 3661 1069 3716 aﬂ‘ectibus
1100 3664 1244 3732 capti
1283 3670 1470 3728 erunt,
1503 3672 1559 3717 et
1599 3665 1834 3718 terrenis
1876 3664 2033 3732 cupi-

450 3750 718 3804 ditatibus
745 3751 997 3817 involuti,
1043 3753 1203 3808 facile
1257 3753 1412 3824 143
1451 3755 1902 3824 persequentium
1954 3757 2035 3808 in-

449 3840 806 3896 cursionibus
832 3844 1119 3911 patebunt,
1168 3852 1224 3898 et
1273 3846 1428 3899 nullo
1480 3846 1701 3915 negotio
1753 3861 2034 3915 expugna-

2067 2563 2119 2622 A

2452 2554 2586 2623 Περὶ
2621 2553 2899 2623 ἀνδρείας
2921 2555 3031 2625 τῆς
3063 2556 3132 2612 ἐν
3162 2559 3410 2627 Χριστῷσ

2209 2669 2417 2733 Σκοπὸς
2445 2663 2536 2722 οὖν
2574 2669 2784 2736 ἁγίοις,
2822 2668 2924 2722 κᾶν
2971 2672 3018 2722 εί
3070 2671 3172 2741 τῆς
3208 2672 3316 2724 τῶν
3340 2671 3514 2728 ἄλλων
3545 2673 3714 2746 ὑπερο

2137 2759 2348 2814 αθλοῖεν
2390 2759 2568 2829 ζωῆς,
2613 2752 2658 2812 ὦ
2706 2759 2998 2823 Παλλάδιε,
3057 2762 3219 2831 μηδὲν
3267 2761 3378 2816 τῶν
3421 2765 3480 2817 ὲν
3525 2765 3716 2837 κόσμῳ

2137 2848 2616 2920 προσοικειοῦσθαι
2665 2847 3003 2918 φιλεῖν-ἐἶεν
3047 2850 3152 2921 γὰρ
3197 2851 3264 2905 ἂν
3290 2850 3432 2905 οὕτω
3469 2856 3626 2924 σοφοί
3655 2869 3714 2908 τε

2141 2942 2235 2994 καὶ
2267 2941 2486 2994 δυνατοὶ
2508 2980 2523 3005 ,
2547 2941 2642 2994 καὶ
2685 2941 2896 3010 ἀγαθῆς
2921 2942 3132 3005 ἐλπίδος
3157 2943 3396 3015 ἔμπλεῳ,
3433 2947 3530 2999 καὶ
3555 2948 3715 3019 εὐμεδ

2138 3032 2306 3096 νείαις
2333 3035 2451 3096 ταῖς
2497 3032 2700 3087 ἄνωθεν
2748 3029 2806 3088 εὖ
2847 3034 2991 3104 μάλα
3032 3037 3446 3106 τετειχισμένοι,
3490 3039 3610 3104 καὶ,
3641 3040 3715 3103 ὡς

2137 3118 2196 3176 εὖ
2223 3121 2332 3176 ἴσθι
2371 3141 2473 3187 τοι,
2501 3123 2577 3194 μὴ
2600 3123 2798 3195 ἑτέρως
2832 3124 2976 3195 ἔχειν
3007 3125 3066 3178 τὸ
3086 3129 3291 3198 χρῆμα,
3325 3123 3371 3182 ὧ
3395 3131 3513 3183 τᾶν.
3549 3131 3715 3184 ’Λνωο

2137 3212 2302 3283 τέραν
2337 3212 2436 3283 μὲν
2495 3213 2604 3284 γὰρ
2644 3213 2754 3267 τῶν
2809 3216 2868 3268 ἐν
2920 3215 3109 3286 κόσμῳ
3174 3221 3576 3290 περισπασμῶν
3621 3223 3714 3274 καὶ

2136 3304 2485 3378 προσκαίρων
2512 3305 2814 3376 ἐπιθυμιῶν
2841 3306 2938 3376 τὴν
2963 3307 3199 3363 διάνοιαν
3237 3309 3474 3380 ἔχοντες,
3513 3313 3714 3367 εὐκατέ

2133 3397 2456 3464 αγωνίστοις
2526 3397 2724 3468 κομιδῆ
2793 3398 3201 3469 περιτεύξονται
3265 3405 3377 3464 τοῖς
3459 3403 3710 3475 ἐχθροῖς,

2135 3490 2487 3560 περιέσονταί
2519 3507 2578 3562 τε
2607 3492 2701 3544 καὶ
2741 3492 2886 3562 μάλα
2911 3492 3109 3563 ῥᾳδίως
3138 3493 3247 3547 τῶν
3275 3494 3714 3566 ἀνθεστηκότων,

2133 3582 2621 3653 προκατασείοντος
2667 3584 2761 3638 τοῦ
2824 3583 2959 3638 Θεοῦ
3007 3584 3104 3656 τὴν
3162 3585 3386 3641 ἐκείνων
3436 3588 3669 3660 δύναμιν
3696 3604 3711 3621 ⁴

2135 3675 2413 3739 ὲναλὸντες
2435 3675 2492 3730 δὲ
2523 3676 2803 3736 καὶςαὺτοὶ
2833 3677 3031 3731 πάθεσι
3064 3683 3366 3750 κοσμικοῖς,
3397 3682 3489 3735 καὶ
3517 3685 3715 3752 γεωδε-

2135 3768 2356 3838 στέραις
2387 3768 2708 3838 ἐπιθυμίαις
2737 3769 3117 3841 ἐνειλημμένοι
3139 3813 3152 3836 ,
3181 3774 3573 3845 εὐκατάιροχοι
3615 3777 3713 3846 μὲν

2136 3857 2324 3930 ὥσπερ
2365 3861 2460 3913 καὶ
2505 3861 2898 3916 εὐαλωτότατοι
2955 3863 3072 3917 λίαν
3129 3867 3556 3934 παρακείσονται
3589 3869 3710 3922 τότε

447 3931 678 3994 buntur,
706 3945 770 3984 ac
795 3931 1084 3987 manifeste
1115 3933 1304 3989 divino
1326 3935 1583 4004 praesidio
1603 3935 1849 4005 spoliati,
1880 3937 2030 3991 velut

2150 3953 2247 4013 ιοίς
2273 3950 2488 4004 διώκειν
2514 3953 2710 4016 αὐτοὺς
2737 3955 3054 4024 ᾑρημένοις,
3073 3931 3267 4027 γυμνοὶ
3289 3957 3344 4009 δὲ
3381 3959 3478 4028 τῆς
3503 3959 3710 4014 ἄνωθεν

451 4022 798 4093 paratissima
828 4024 1013 4094 praeda
1037 4035 1202 4081 erunt
1233 4028 1487 4085 hostibus
1515 4033 1804 4121 propositi.

519 4172 717 4254 PALlJ.
755 4199 863 4255 Sed
918 4203 1192 4258 undenam
1250 4208 1368 4263 haec
1402 4225 1523 4278 quae
1568 4212 1752 4270 dixisti
1801 4220 2025 4287 probari

447 4290 681 4361 possint,
716 4293 875 4360 plane
909 4296 1048 4350 scire
1079 4300 1262 4368 cupio.

516 4381 672 4437 CYR.
713 4385 756 4438 E
789 4389 959 4441 sacris
992 4388 1236 4455 Litteris,
1295 4409 1416 4462 quae
1463 4397 1662 4464 priscis
1708 4400 2026 4460 hominibus

2138 4039 2439 4108 ἀσφαλείας
2483 4042 2916 4112 ὲκδεδειγμένοι,
2951 4043 3096 4116 θήρα
3139 4061 3221 4109 τις
3259 4045 3448 4118 ὥσπερ
3492 4051 3708 4120 ἑτοιμο-

2131 4127 2267 4198 τάτη
2299 4131 2729 4198 παρακείσονται
2759 4137 2870 4198 τοῖς
2909 4137 3140 4206 ἐχθροῖς.

2203 4221 2407 4276 ΠΛΛΛ.
2443 4223 2551 4274 Καὶ
2583 4223 2665 4286 τίς
2707 4224 2773 4279 ἂν
2821 4227 3031 4294 γένοιτο
3059 4230 3167 4283 τῶν
3208 4233 3513 4303 εἰρημένων
3549 4237 3584 4308 ἡ
3620 4235 3708 4288 πίε

2131 4327 2269 4376 στις,
2307 4311 2543 4382 ἐθέλοιμ’
2573 4311 2856 4368 ἃνείδὲναι
2896 4320 3099 4386 σαφῶς.

2199 4404 2362 4457 ΚΥΡ.
2402 4405 2474 4457 Τὸ
2501 4404 2742 4475 Γράμμα
2779 4407 2838 4460 τὸ
2866 4411 3028 4479 ἱερὸν,
3059 4411 3126 4466 τὰ
3147 4415 3259 4477 τοῖς
3291 4415 3538 4485 ἀρῖαίοις
3568 4407 3706 4487 crup-

446 4472 798 4541 contigerunt
841 4476 1052 4530 utiliter
1088 4481 1557 4550 pratdicantibus;
1603 4493 1852 4559 nunquid
1874 4495 2022 4547 enim

2150 4494 2397 4566 ἰεϐηκότα
2463 4472 2751 4568 χρῇσίμως
2799 4472 3187 4572 παραιριονοῦν.
3238 4472 3533 4578 ντΗΗῖγὰρ,
3587 4472 3706 4579 οὐιχὶ

444 4577 556 4617 non
605 4564 675 4617 ad
706 4572 950 4619 nostram
991 4569 1424 4629 admonitionem
1461 4578 1553 4632 illa
1595 4581 1799 4652 scripta
1853 4585 2022 4642 fuisse

2150 4564 2261 4657 ιρὸς
2293 4564 2574 4642 νουθεσίαν
2601 4564 2754 4661 ἡμῶν
2782 4564 2977 4646 ἐκείνα
2996 4598 3302 4668 γεγράφθαι
3337 4564 3430 4653 καὶ
3504 4564 3703 4656 θεσπῖ-

445 4653 642 4710 beatus
670 4671 888 4727 quoque
912 4659 1115 4715 Paulus
1146 4663 1225 4716 ait
1251 4661 1330 4716 '7?

515 4747 713 4802 PALL.
761 4750 994 4806 Fateor:
1033 4757 1381 4814 narrationes
1424 4763 1572 4817 enim
1622 4782 1744 4835 qua:
1795 4784 1862 4822 ex
1913 4771 2022 4826 illis

445 4837 746 4910 Scripturis
769 4843 1144 4912 proferuntur,
1181 4865 1291 4904 non
1336 4853 1671 4910 mediocrem
1703 4861 1864 4914 nobis
1907 4863 2019 4917 uti-

443 4932 653 4988 litatem
681 4935 938 4991 aﬂ'erunt.
969 4939 1078 4994 Illae
1101 4943 1248 4997 enim
1275 4945 1484 5002 umbra:
1507 4955 1560 5002 ct
1606 4949 1788 5020 ﬁgurae
1813 4956 2017 5010 verita—

444 5024 516 5079 tis
547 5035 722 5080 erant.

2127 4695 2239 4742 σιος
2262 4681 2363 4752 ἔφη
2405 4683 2643 4748 Παῦ>.ος;

2195 4775 2404 4829 ΠΑΛΛ.
2449 4777 2616 4846 Φημί’
2667 4779 2960 4848 ὲμποιήσει
3020 4781 3127 4852 γὰρ
3185 4783 3245 4835 οὐ
3295 4785 3525 4856 μετρίαν
3568 4789 3701 4857 ἡμῖν

2122 4862 2218 4932 τὴν
2252 4865 2434 4937 ὄνησιν
2465 4868 2532 4920 τὰ
2559 4867 2616 4933 ἐξ
2645 4869 2828 4922 αὐτῶν
2857 4871 3177 4941 δηλούμενα.
3222 4875 3395 4928 Τύποι
3425 4877 3536 4948 γὰρ
3561 4873 3700 4949 ἦσαν

2122 4954 2221 5024 τῆς
2243 4956 2496 5025 ἀληθείας
2522 4959 2576 5010 αἱ
2610 4960 2778 5014 σκιαί.

2195 5046 2357 5100 ΚΥΡ.
2417 5049 2628 5103 Οὐκοῦν
2684 5052 2782 5122 ἤδη
2838 5052 3103 5124 λέγωμεν.
3156 5059 3698 5132 Διαπεραιωσάμενοι

514 5115 672 5172 CYR.
744 5119 862 5175 Jam
927 5123 1094 5194 igitur
1157 5128 1343 5184 dicere
1414 5093 1815 5201 aggrediamur.
1877 5137 2016 5193 Cum

2150 5137 2232 5211 ’ὰρ
2267 5141 2356 5192 τὸν
2424 5093 2716 5212 Ἰορδάνην⁴
2747 5093 2795 5195 οιὶ
2844 5093 2919 5208 ἐξ.
2953 5093 3194 5216 ΊΖραὴλ,
3239 5093 3584 5218 πρέσέὄαλοῗ

439 5206 700 5265 Israelita-
721 5211 1015 5270 Iordanem
1050 5221 1418 5289 trajecissent,
1449 5223 1772 5281 invaserunt
1819 5231 2014 5286 urbem

2133 5231 2339 5302 Ἱεριχώ
2358 5248 2372 5262 ⁸
2401 5233 2494 5285 καὶ
2525 5234 2586 5303 δὴ
2628 5236 2720 5288 καὶ
2763 5235 2926 5299 θείοις
2953 5239 3209 5307 ἑπόμενοι
3237 5241 3505 5312 νεύμασιν
3533 5247 3696 5298 ἐκπο-

404 5367 409 5373 _
437 5299 676 5368 Jericho,
705 5302 1013 5378 divinisque
1035 5309 1201 5378 jussis
1243 5311 1628 5381 obsequentes,
1652 5316 1717 5370 ad
1765 5332 1885 5372 eam
1919 5321 2017 5376 ob-

2205 5290 2214 5302 .
2261 5290 2292 5301 ..
2577 5290 2586 5303 .
2907 5290 2922 5299 .
3013 5290 3070 5307 ν,
3249 5290 3495 5312 ατη--
3534 5290 3668 5298 -...--

2157 5325 2747 5395 ιορκεῖνέσπούδαζον,
2784 5329 2858 5389 ὡς
2912 5329 3110 5383 αὐτίκα
3142 5331 3204 5400 δὴ
3253 5334 3399 5402 μάλα
3446 5336 3696 5407 περιεσό-

437 5391 720 5448 sidendam
746 5396 941 5452 intenti
988 5408 1166 5463 erant,
1221 5409 1477 5472 tanquam
1523 5406 1812 5465 celerrime
1859 5412 2010 5467 illam

2150 5433 2293 5480 Levat,
2329 5417 2420 5469 καὶ
2451 5419 2799 5487 αἱρήσοντες,
2837 5420 2928 5472 καὶ
2957 5421 3047 5474 τὸν
3070 5423 3304 5493 πολέμου
3336 5425 3500 5495 νόμον
3534 5427 3695 5498 ἐξηρ-

434 5488 800 5556 expugnaturi
825 5497 989 5558 atque
1015 5492 1248 5560 capturi.
1298 5493 1542 5554 Aderant
1592 5499 1758 5571 igitur
1804 5503 2009 5561 milites

2151 5509 2339 5580 ημένοι
2385 5511 2641 5582 παρῆσαν
2687 5514 2734 5565 οἱ
2775 5514 3170 5584 μαχιμώτατοι.
3206 5488 3527 5589 Ϋέγραξτται

508 5660 550 5694 ⁵⁷
578 5659 728 5715 lCor
776 5677 827 5725 τ,
860 5663 944 5717 il.
