3968 6300
214 262 306 326 5M
928 261 1497 336 DE‘ADORATIONE
1536 262 1603 318 ΙΝ
1646 260 1917 320 SPIBITU
1958 259 2046 317 ET
2089 258 2460 317 VERITATE.
2504 260 2632 315 LIB.
2678 262 2739 315 ν.

3372 255 3477 315 362

215 380 292 435 ὅτι
337 397 357 432 ι
390 377 502 434 Καὶ
546 376 792 449 εἰσῆλθεν
838 378 1044 450 Ἰησοῦς
1095 383 1124 436 6
1172 379 1265 435 τοῦ
1309 380 1468 451 Ναυῆ
1510 380 1648 453 προς
1673 382 1799 444 τοὺς

1923 381 1972 436 Id
2002 380 2352 452 pugnandum
2378 378 2671 451 aptissimi,
2695 379 2849 449 juxta
2882 377 3153 433 bellorum
3200 376 3349 448 leges
3390 376 3478 431 in»

219 473 425 545 ἱερεῖς,
467 471 577 526 καὶ-
602 466 757 525 εἶπεν
800 472 983 536 αὐτοῖς
1031 472 1224 541 λέγων·
1268 473 1683 544 Παραγγείλατε
1720 471 1800 541 τῷ

218 560 332 633 λαῴ
358 561 666 635 περιελθεῖν
704 561 801 617 καὶ
838 562 1121 616 κυκλῶσαι
1154 564 1255 636 τὴν
1283 563 1461 630 πόλιν,
1486 565 1581 619 καὶ
1602 566 1654 619 οί
1692 564 1802 635 μά.

221 671 373 725 χιμοι
408 652 994 727 παραπορευέσθωσαν
1042 655 1437 728 ὲνωπλισμένοι
1477 656 1657 712 έναντι
1691 658 1804 715 Κυ-

222 747 362 820 ρίου.
402 767 422 800 ι
457 749 898 820 Προστάττοντος
926 748 1040 820 γὰρ
1068 749 1164 804 τοῦ
1188 749 1424 822 Χριστοῦ
1449 750 1538 804 διὰ
1563 750 1665 820 τῆς
1695 748 1805 804 τῶν

221 840 540 911 ἡγουμένων
574 840 760 912 φωνῆς
780 881 795 906 ,
831 842 1388 915 καταστρατευόμεθα
1418 842 1538 897 τῶν
1570 841 1803 915 ἐχθρῶν,

219 934 279 987 οὑ
330 933 470 1006 πρὸς
517 929 658 1006 αἷμα
707 936 801 990 καὶ
856 935 1037 1007 σάρκα
1084 934 1184 1007 τὴν
1224 934 1419 1008 ’μάχην
1465 934 1804 1007 αἱρούμενοι,

223 1024 360 1096 πρὸς
398 1024 574 1097 ἀρχὰς
603 1026 662 1079 δὲ
695 1026 897 1097 μᾶλλον
928 1029 1025 1081 καὶ
1050 1026 1322 1094 εξουσίας,
1355 1027 1452 1082 καὶ
1488 1026 1580 1081 τὸν
1610 1029 1671 1081 ὲν
1693 1029 1809 1091 τοῖς

227 1115 416 1187 μέλεσι
459 1117 560 1188 τῆς
602 1118 804 1190 σαρκὸς
839 1119 1256 1191 τυραννήσαντα
1298 1119 1485 1191 νόμον.
1543 1119 1810 1190 Ἐσόμεθα

225 1208 281 1262 δὲ
326 1208 452 1262 τότε
496 1210 591 1263 καὶ
638 1211 696 1263 ἐν
749 1209 872 1280 ὄψει
911 1210 1082 1277 Θεοῦ,
1130 1211 1430 1284 παντευχίᾳ
1476 1211 1576 1283 μὲν
1619 1211 1810 1283 ὥσπερ

226 1301 624 1375 ἐνηρμοσμένον.
648 1304 717 1374 τῇ
757 1301 880 1375 θείᾳ
904 1320 965 1358 τε
993 1305 1089 1360 καὶ
1115 1307 1306 1377 νοητῇ.
1366 1304 1473 1377 (Τὰ
1525 1303 1636 1376 γὰρ
1669 1304 1811 1358 ὅπλα

226 1394 384 1467 ἡμῶν
428 1396 522 1452 οὑ.
553 1395 809 1468 σαρκικὰ,
851 1396 993 1451 κατὰ
1047 1397 1147 1469 τὴν
1185 1397 1281 1452 τοῦ
1324 1397 1542 1452 Παύλου
1580 1396 1809 1469 φωνὴν),

229 1490 410 1554 τοῖςδὲ
432 1491 535 1562 τῆς
549 1491 898 1564 δικαιοσύνης
918 1492 1236 1564 αὐχήμασιν
1260 1491 1582 1562 ἐκπρεπεῖς.
1611 1488 1815 1559 Ἐφορᾷ

227 1579 292 1652 δὴ
319 1576 414 1635 οὖν
438 1582 568 1646 τοὺς
605 1583 1030 1654 μαχιμωτάτους
1056 1584 1085 1636 6
1110 1582 1328 1636 πάντων
1360 1579 1635 1651 Δεσπότης
1657 1577 1812 1644 Θεὸς,

229 1670 296 1725 τά
333 1671 562 1745 λαμπρὰ
606 1673 709 1743 τῆς
757 1671 1103 1743 δικαιοσύνης
1145 1672 1316 1742 σκεύη
1365 1668 1811 1743 περικειμένους,

230 1762 372 1816 τοῦτ’
399 1764 539 1829 ἐστι,
582 1764 645 1819 τὸ
677 1765 754 1829 ώς
788 1764 1022 1820 ἐνώπιον
1055 1762 1296 1836 Χριστοῦ
1328 1760 1814 1834 παραπορεύεσθαι
1846 1740 1887 1796 Β

230 1855 352 1919 τοὺς
405 1857 676 1928 μαχίμους
727 1856 1182 1928 ἐνωπλισμένους.
1232 1857 1428 1927 Τίμιον
1484 1856 1544 1910 δὲ
1608 1856 1815 1927 σφόδρα

232 1946 325 1999 καὶ
371 1947 710 2002 πολύευκτον
738 1948 985 2019 άληθῶς,
1036 1949 1098 2001 τὸ
1129 1950 1187 2002 ὲν
1227 1948 1517 2019 ἐπισκέψει
1560 1947 1816 2016 γενέσθαι

227 2036 363 2092 Θεοῦ
382 2077 400 2102 ,
435 2039 598 2111 είπερ
642 2039 791 2092 ἐστὶν
837 2039 938 2093 οὑκ
984 2039 1250 2095 ἀπίθανον
1296 2042 1499 2094 ἐννοεῖν
1520 2079 1535 2104 ,
1577 2040 1660 2093 ὃτι
1703 2041 1818 2103 τοῖς

228 2126 595 2197 λελυπηκόσι,
645 2130 868 2184 κόλασιν
908 2130 1101 2202 ὥσπερ
1145 2130 1269 2185 τινὰ
1319 2130 1420 2201 τὴν
1463 2129 1818 2201 ἀποστροφὴν

228 2218 512 2290 ἐπιτίθησι
546 2219 699 2285 Θεὸς,
733 2221 929 2291 λέγων·
956 2240 978 2273 ε
1004 2222 1174 2276 Ὅταν
1196 2221 1304 2286 τὰς
1331 2224 1516 2293 χεῖρας
1538 2221 1818 2292 ἐκτείνητε

233 2311 374 2383 πρός
391 2328 480 2382 με,
501 2311 835 2384 ἀποστρέψει»
856 2313 984 2378 τοὺς
1004 2314 1320 2385 ὀφθαλμούς
1342 2331 1443 2386 μου
1468 2315 1561 2385 ἀφ’
1583 2313 1758 2385 ὑμῶν.
1793 2332 1812 2365 ι

232 2401 680 2481 Παρατεινούσης
719 2403 778 2457 δὲ
817 2406 916 2477 τῆς
953 2404 1273 2475 πολιορκίας
1325 2406 1420 2458 καὶ
1471 2406 1552 2469 είς
1601 2404 1818 2476 ἡμέραν

232 2492 505 2564 ἑϐδόμην,
540 2492 647 2563 ἔφη
677 2494 839 2549 πάλιν
893 2494 1107 2565 Ἰησοῦς
1145 2498 1174 2549 6
1202 2494 1296 2549 τοῦ
1337 2496 1493 2564 Ναυῆ
1537 2498 1651 2559 τοῖς
1680 2498 1819 2561 υἱοῖς

245 2584 496 2656 Ἰσραήλ·
545 2604 564 2637 ι
614 2584 935 2658 Κεκράξατε
981 2588 1121 2658 πρὸς
1168 2587 1406 2659 Κύριον·
1464 2589 1819 2662 παραδέδωκε

232 2673 345 2746 γὰρ
374 2676 509 2745 ἡμῖν
537 2675 743 2748 Κύριος
774 2678 873 2750 τὴν
907 2678 1093 2744 πόλιν,
1122 2680 1217 2733 καὶ
1246 2678 1399 2733 ἔσται
1427 2681 1461 2752 ὴ
1497 2680 1652 2744 πόλις
1684 2679 1818 2734 ἀνά-

235 2765 400 2839 θεμα,
429 2766 571 2837 αὕτη
595 2769 690 2823 καὶ
718 2769 899 2824 πάντα
925 2771 1028 2825 ὅσα
1055 2771 1203 2826 ἐστὶν
1231 2772 1290 2824 έν
1322 2772 1490 2843 αὐτῇ,
1521 2771 1598 2843 τῷ
1629 2773 1818 2843 Κυρξῳ

234 2858 346 2914 τῶν
370 2859 653 2931 δυνάμεων
670 2860 923 2917 Σασαώθο
943 2861 1085 2934 πλὴν
1121 2861 1294 2917 Ῥαάὸ
1312 2861 1411 2934 τὴν
1440 2864 1645 2935 πόρνην
1667 2878 1731 2915 πε
1741 2879 1820 2933 pt-

236 2950 482 3006 ποιεῖσθε
527 2950 730 3024 αὑτὴν,
780 2954 875 3008 καλ⁸
905 2953 1084 3008 πάντα
1121 2954 1222 3008 ὃσα
1265 2954 1415 3008 ἐστὶν
1461 2957 1520 3009 ὲν
1555 2952 1634 3025 τῷ
1684 2952 1821 3026 οἴκῳ

236 3046 431 3118 αὐτῆς.
479 3044 622 3099 Ἀλλ’
655 3047 812 3118 ὑμεῖς
844 3046 1155 3117 φυλάξασθε
1181 3048 1292 3103 άπὸ
1318 3048 1415 3104 τοῦ
1451 3048 1817 3121 άναθέματος,

240 3137 477 3209 μήποτε
524 3138 918 3211 ἐνθυμηθέντες
952 3141 1112 3212 ὑμεῖς
1148 3141 1306 3195 αὑτοὶ
1329 3140 1531 3212 λάϐητε
1571 3140 1679 3194 ἀπὸ
1719 3140 1815 3195 τοῦ

237 3226 614 3298 ἀναθέματος,
681 3231 776 3283 καὶ
826 3232 1095 3302 ποιήσητε
1142 3231 1244 3302 τὴν
1304 3232 1657 3303 παρεμϐολὴν
1711 3232 1820 3285 τῶν

241 3315 378 3370 υἱῶν
428 3317 646 3389 Ἰσραὴλ
688 3319 971 3391 ἀνάθεμα,
1020 3321 1117 3375 καὶ
1167 3320 1462 3393 ὲκτρίψητε
1504 3322 1682 3391 ἡμᾶς,
1727 3319 1823 3374 καὶ

238 3408 350 3463 πᾶν
406 3409 669 3482 ἀργύριον
699 3415 794 3467 καὶ
833 3412 1082 3485 χρυσίον,
1115 3415 1208 3469 καὶ
1241 3414 1441 3485 χαλκὸς
1477 3416 1573 3468 καὶ
1605 3414 1824 3486 σίδηρος

240 3499 401 3570 ἆγιον
432 3501 588 3557 ἔσται
626 3502 707 3575 τῷ
753 3505 976 3576 Κυρίῳ,
1020 3506 1101 3569 είς
1139 3505 1413 3577 θησαυρὸν
1456 3505 1666 3577 Κυρίου
1713 3507 1827 3559 εἱσ-

241 3591 621 3664 ενεχθήσεται.
662 3613 682 3646 ι
734 3594 914 3665 Ἠφίει
951 3596 1049 3668 μὲν
1078 3595 1188 3667 γὰρ
1218 3596 1341 3660 ταῖς
1402 3595 1592 3660 ἄλλαις
1618 3596 1825 3669 λαφυρ-

242 3684 518 3753 αγωγίαις
548 3686 823 3756 ὲντρυφᾷν
864 3689 996 3751 τοὺς
1032 3687 1484 3760 ἀνδριζομένους,
1513 3688 1826 3761 εἰσκομίζε-

245 3774 373 3832 σθαι
398 3775 457 3831 δὲ
481 3774 592 3830 δεῖν
614 3778 696 3841 εἰς
719 3778 990 3851 θησαυρὸν
1015 3780 1248 3852 Κυρίου,
1266 3781 1421 3851 φησι,
1440 3781 1550 3835 πᾶν
1564 3779 1827 3852 ἀργύριον

244 3866 337 3920 καὶ
354 3867 610 3937 χρυσίον,
636 3867 834 3937 χαλκόν
856 3885 912 3922 τε
939 3869 1034 3924 καὶ
1065 3870 1315 3943 σίδηρον·
1344 3871 1501 3925 τοῦτο
1538 3871 1647 3942 γὰρ
1676 3866 1743 3943 ἦν
1768 3871 1828 3925 τὸ

243 3955 478 4028 ἐπίκλην
514 3959 792 4030 ἀνάθεμα,
824 3960 1072 4015 τουτέστι
1092 3963 1185 4027 ,τὸ
1210 3962 1553 4035 ἀπονεμηθὲν
1588 3965 1653 4018 ἐκ
1690 3963 1828 4023 πάν·-

243 4065 352 4104 των
375 4050 453 4120 (l)
482 4053 579 4105 καὶ
605 4051 898 4123 ἀφορισθέν
921 4052 999 4124 τῷ
1028 4052 1166 4124 Θεῷ.
1208 4054 1570 4121 ’Μλόὑᾶνὸς
1591 4054 1831 4121 ἀξιώσας

245 4139 408 4209 λόγου
441 4141 541 4213 τὴν
576 4142 816 4213 ἐντολὴν,
866 4162 886 4196 ι
934 4144 1154 4208 Ἔλαϐε,
1186 4147 1380 4215 φησιν,
1430 4147 1609 4218 ’Λχαρ
1653 4150 1682 4202 6
1716 4147 1833 4211 υίὸς

247 4231 586 4303 Χαμμὶ,υῖοῦ
597 4234 972 4308 Ζαμσρῆ,υίοῡ
985 4238 1135 4307 Ζαρᾶ
1149 4239 1213 4290 ἐκ
1222 4237 1321 4309 τῆς
1335 4238 1507 4307 φυλῆς
1520 4237 1711 4306 Ἰούδα,
1722 4239 1833 4293 ἀπὸ

248 4322 342 4377 τοῦ
369 4323 729 4396 ἁναθέματος.
762 4328 872 4381 Καὶ
898 4327 1152 4400 ἐθυμώθη
1176 4328 1313 4402 ὀργῇ
1340 4327 1542 4399 Κύριος
1563 4330 1676 4391 τοῖς
1694 4328 1830 4392 υἱοῖς

1903 475 2123 530 structi.
2149 474 2429 544 Scriptum
2455 480 2542 530 est
2588 472 2777 527 enim:
2817 470 3148 541 «Ingressus
3187 478 3274 527 est
3317 469 3480 526 Iesus

1903 566 2052 620 Nave
2077 565 2147 620 ad
2172 563 2509 629 sacerdotes,
2536 570 2593 618 et
2631 563 2850 618 locutus
2872 569 2958 617 est
2981 560 3051 615 ad
3089 576 3206 628 eos,
3253 562 3477 618 dicens:

1906 657 2195 729 Praecipue
2218 657 2425 727 populo
2466 662 2529 711 ut
2548 655 2871 719 circumeat,
2918 661 2978 709 et
3015 653 3321 709 circumdet
3341 653 3481 708 civi-

1907 757 2100 815 tatem,
2124 757 2183 805 et
2204 750 2311 805 viri
2335 756 2671 820 pugnatores
2690 752 3077 818 pertranseant
3108 744 3306 800 armati
3355 753 3500 799 antur

1907 839 2200 901 Dominum
2218 829 2295 894 η.
2317 859 2337 891 ι
2368 840 2592 897 Christo
2631 853 2868 909 namque
2895 854 2996 910 per
3029 836 3343 909 principum
3382 850 3485 891 vo-

1910 945 2030 985 cem
2050 930 2301 1001 jubente,
2329 929 2596 986 adversus
2609 930 2798 984 hostes
2827 927 3236 993 contendimus,
3257 926 3489 982 bellum-

1910 1035 2019 1091 que
2045 1036 2157 1076 non
2181 1021 2451 1077 adversus
2475 1036 2696 1077 carnem
2718 1027 2775 1076 et
2788 1019 3111 1091 sanguinem
3131 1018 3485 1089 suscipimus,

1912 1112 2011 1169 sed
2038 1112 2305 1169 adversus
2328 1114 2609 1184 principes
2658 1121 2716 1168 et
2751 1119 3074 1184 potestates,
3116 1118 3175 1168 et
3223 1111 3490 1167 adversus

1912 1221 2033 1261 eam
2044 1206 2242 1277 legem,
2257 1223 2378 1277 quae
2392 1208 2447 1262 in
2460 1208 2723 1263 membris
2737 1207 2920 1262 carnis
2935 1206 3268 1262 dominatur.
3285 1206 3354 1238 "'
3366 1205 3490 1261 Ert—

1914 1311 2039 1353 mus
2072 1298 2241 1353 etiam
2264 1305 2397 1354 tunc
2417 1299 2474 1353 in
2500 1307 2798 1370 conspectu
2816 1298 3057 1363 Domini,
3079 1305 3193 1352 tum
3212 1306 3492 1353 armatura

1912 1389 2151 1459 quadam
2196 1390 2457 1446 instructi
2500 1391 2691 1446 divina
2747 1397 2912 1461 atque
2973 1389 3293 1461 spirituali:
3341 1405 3490 1444 arma

1915 1499 2154 1555 namque
2191 1493 2383 1540 nostra
2429 1500 2541 1539 non
2575 1484 2817 1539 carnalia
2859 1491 3007 1548 sunt,
3057 1489 3119 1537 ut
3153 1483 3358 1538 Paulus
3381 1483 3489 1546 ait;

1919 1577 1967 1609 ⁵³
2020 1583 2138 1630 tum
2173 1591 2308 1631 vero
2333 1575 2560 1647 iustitiae
2589 1575 2761 1645 gloria
2786 1574 3046 1646 insignes.
3074 1574 3285 1646 Aspicit
3307 1575 3493 1645 itaque

1917 1666 2069 1723 viros
2089 1666 2159 1721 ad
2182 1666 2535 1737 pugnandum
2557 1666 2937 1736 paratissimos
2960 1667 3107 1722 Deus
3138 1666 3233 1721 ille
3268 1666 3495 1722 univer-

1916 1774 2100 1814 sarum
2130 1774 2317 1814 rerum
2359 1759 2646 1825 Dominus,
2677 1758 3097 1829 splendentibus
3131 1758 3360 1830 iustitia:
3400 1774 3494 1813 ar—

1915 1850 2021 1907 mis
2045 1850 2288 1914 indutos,
2339 1850 2506 1921 idque
2547 1859 2632 1906 est
2690 1850 2744 1905 in
2795 1859 3095 1921 conspectu
3137 1850 3344 1907 Christi
3364 1866 3496 1922 per-
3604 1900 3611 1915 ,

1918 1942 2151 1997 transire
2183 1951 2517 2013 pugnatores
2540 1951 2802 1997 armatos.
2823 1942 3125 1997 Honestum
3147 1956 3281 1997 vero
3303 1942 3359 1996 in
3375 1941 3496 2013 pri-

1916 2036 2022 2090 mis
2046 2042 2103 2090 et
2145 2034 2447 2105 optandum
2489 2049 2640 2099 sane,
2700 2034 2757 2088 in
2799 2041 3097 2103 conspectu
3122 2033 3219 2089 Dei
3261 2048 3417 2100 esse;
3450 2033 3498 2088 si

1916 2127 2140 2197 quidem
2169 2142 2282 2182 non
2308 2125 2550 2181 absurde
2595 2125 2941 2196 intelligitur,
2987 2125 3162 2180 Deum
3185 2125 3254 2180 iis
3298 2124 3395 2195 qui
3437 2140 3498 2180 se

1917 2219 2273 2284 oﬂ'enderint,
2308 2220 2451 2275 hanc
2467 2218 2639 2274 veluti
2662 2232 2881 2288 poenam
2916 2218 3220 2288 imponere,
3250 2226 3311 2273 ut
3345 2234 3405 2274 se
3429 2219 3499 2273 ali

1918 2310 2028 2366 illis
2049 2318 2281 2377 avertat,
2306 2325 2432 2365 eum
2455 2310 2619 2366 dicat:
2658 2329 2676 2362 ι
2702 2310 2805 2366 Ubi
2824 2326 3019 2366 manus
3043 2310 3402 2367 extenderitis
3429 2311 3498 2365 ad

1918 2419 2028 2469 me,
2054 2390 2301 2459 avertam
2324 2403 2517 2458 oculos
2542 2418 2696 2459 meos
2717 2418 2749 2457 a
2796 2403 2956 2457 vobis
2979 2404 3046 2458 θ’.
3081 2423 3099 2455 ι
3129 2403 3265 2459 Cum
3314 2411 3498 2458 autem

1917 2493 2136 2549 obsidio
2159 2508 2334 2564 usque
2358 2494 2427 2548 ad
2443 2493 2589 2548 diem
2614 2493 2909 2564 septimum
2932 2494 3195 2564 perducta
3218 2501 3386 2559 esset,
3411 2493 3499 2548 di-

1918 2583 1997 2637 xit
2020 2583 2221 2639 iterum
2270 2583 2430 2639 Jesus
2455 2584 2603 2638 Nave
2640 2582 2770 2639 ﬁliis
2812 2584 3020 2639 Israel:
3067 2602 3086 2635 ι
3111 2584 3507 2641 Vociferamin-

1918 2674 1986 2730 ad
2013 2674 2310 2730 Dominum
2344 2693 2357 2728 :
2392 2674 2619 2731 tradidit
2643 2675 2789 2730 enim
2823 2676 2983 2730 nobis
3018 2676 3283 2733 Dominus
3308 2678 3503 2733 civita-

1922 2777 2060 2832 tem;
2086 2774 2143 2821 et
2163 2767 2273 2821 erit
2294 2766 2488 2821 civitas
2509 2766 2825 2831 anathema,
2861 2767 2999 2838 ipsa,
3039 2777 3099 2824 et
3137 2771 3323 2824 omnia
3378 2785 3502 2840 qua!

1919 2867 2047 2915 sunt
2074 2859 2131 2915 in
2162 2858 2323 2932 144
2346 2875 2432 2925 ea,
2463 2861 2693 2916 Domino
2715 2859 2829 2916 Deo
2851 2862 3191 2917 exercituum
3234 2862 3497 2918 Sabaoth.

1920 2952 2313 3008 Verumtamen
2354 2953 2507 3009 Raab
2548 2955 2899 3010 meretricem
2943 2964 3157 3011 servate
3198 2954 3396 3025 ipsam,
3444 2964 3504 3013 et

1922 3046 2107 3101 omnia
2140 3061 2263 3117 quae
2286 3055 2415 3102 sunt
2437 3046 2496 3101 in
2526 3032 2694 3103 domo
2731 3049 2869 3119 ejus.
2900 3047 3008 3103 Sed
3052 3062 3152 3103 vos
3180 3054 3380 3104 cavete
3431 3048 3502 3103 ab

1924 3141 2291 3206 anathemate,
2319 3155 2389 3195 ne
2414 3141 2557 3197 forte
2581 3157 2702 3198 .vos
2747 3141 2848 3211 ipsi
2888 3141 3190 3212 cogitantes
3223 3141 3503 3212 accipiatis

1925 3232 1994 3288 ab
2030 3233 2403 3298 anathemate,
2456 3225 2512 3287 et
2566 3231 2779 3288 faciatis
2823 3240 3009 3287 castra
3052 3231 3290 3287 ﬁliorum
3335 3232 3501 3289 Israel

1925 3324 2237 3388 anathema,
2278 3332 2335 3378 et
2374 3324 2678 3379 conteratis
2708 3338 2840 3388 nos;
2876 3331 2935 3378 et
2956 3338 3118 3378 omne
3138 3329 3422 3395 argentum
3447 3332 3506 3381 et

1927 3431 2145 3481 aurum,
2193 3423 2251 3471 et
2293 3430 2369 3471 aes
2409 3422 2466 3471 et
2493 3415 2700 3470 ferrum
2729 3422 2978 3471 sanctum
3004 3415 3113 3472 erit
3149 3414 3417 3470 Domino:
3448 3415 3505 3471 in

1928 3510 2218 3565 thesauros
2239 3507 2335 3564 Dei
2367 3507 2637 3565 inferetur
2659 3509 2725 3562 ⁶¹.
2755 3527 2772 3559 ι
2811 3507 3067 3564 Permisit
3101 3506 3249 3563 enim
3272 3507 3508 3564 fortibus

1925 3602 2064 3657 viris
2106 3609 2168 3657 ut
2189 3600 2402 3673 reliqua
2423 3599 2605 3672 praeda
2632 3599 2983 3666 fruerentur;
3018 3601 3114 3657 sed
3137 3599 3330 3657 inferri
3346 3616 3509 3675 opor—

1931 3698 2046 3748 tere
2068 3690 2208 3747 dixit
2232 3691 2289 3747 in
2320 3691 2613 3747 thesauros
2638 3690 2856 3748 Domini
2884 3698 3174 3763 argentum
3222 3706 3406 3758 omne,
3452 3702 3508 3749 et

1929 3798 2146 3849 aurum,
2171 3797 2246 3839 aes
2267 3798 2487 3854 quoque
2514 3799 2578 3839 ac
2620 3784 2859 3840 ferrum:
2887 3784 2994 3839 hoc
3027 3784 3174 3839 enim
3219 3791 3338 3840 erat
3370 3784 3508 3840 illud

1928 3877 2077 3947 quod
2099 3877 2406 3948 appellatur
2427 3878 2740 3942 anathema,
2767 3877 2823 3932 id
2847 3885 2954 3942 est,
2983 3877 3132 3949 quod
3161 3878 3509 3933 eromnibus

1931 3968 2299 4035 tribuebatur,
2325 3978 2383 4024 et
2408 3969 2522 4024 Deo
2567 3970 2977 4040 segregabatur.
3028 3969 3332 4034 Caeterum,
3358 3970 3510 4024 nulla

1931 4060 2190 4133 praecepti
2218 4062 2430 4116 ratione
2451 4060 2667 4115 habita:
2700 4079 2718 4110 ‹
2745 4060 3041 4130 Αοοθρίι,’›
3065 4059 3262 4129 inquit,
3302 4058 3513 4114 «Achar

1933 4151 2339 4216 ﬁliusCharmi,
2368 4151 2463 4206 filii
2486 4151 2730 4212 Zambri,
2761 4150 2856 4205 lilii
2883 4151 3042 4214 Zara,
3072 4166 3140 4206 ex
3165 4150 3312 4205 tribu
3337 4150 3507 4215 Juda,

1934 4261 2001 4300 ex
2030 4245 2409 4299 anathemate:
2438 4252 2494 4300 et
2511 4242 2685 4297 iratus
2709 4251 2793 4296 est
2815 4241 3003 4296 furore
3018 4241 3284 4296 Dominus
3307 4240 3510 4296 adver-

1936 4346 2031 4387 sus
2052 4331 2194 4387 filios
2215 4331 2379 4386 Israel
2397 4331 2463 4383 “.
2495 4349 2512 4381 ι
2535 4329 2763 4400 Oportet
2791 4330 2959 4396 enim,
2990 4339 3050 4385 ut
3074 4339 3228 4401 puto,
3253 4330 3346 4400 qui
3373 4346 3510 4387 con-

262 4415 510 4487 Ἰσραήλ.
556 4434 575 4468 ι
615 4416 831 4489 Χρῆναι
879 4418 988 4489 γὰρ
1034 4414 1187 4490 οἶμαι
1218 4422 1346 4484 τοὺς
1377 4421 1496 4483 ταῖς
1539 4421 1820 4490 κοσμικαῖς

1940 4433 2020 4479 tra
2081 4424 2265 4479 saeculi
2310 4424 2622 4494 voluptates
2655 4430 2712 4478 et
2766 4423 2932 4495 hujus
2955 4425 3083 4480 vita:
3126 4423 3511 4481 distractiones

247 4505 463 4577 ἡδοναῖς
493 4506 723 4573 καὶτοῖς
755 4510 829 4579 ,έν
871 4510 1006 4581 τῷδε
1054 4510 1134 4580 τῷ
1181 4511 1281 4584 βίῳ
1320 4516 1726 4585 περισπασμοῖς
1768 4512 1820 4566 τὲ

1938 4516 2157 4572 firmum
2195 4515 2252 4571 in
2279 4514 2501 4571 Christo
2522 4516 2763 4572 animum
2796 4518 3175 4588 opposuerint,
3204 4533 3269 4574 ac
3290 4517 3510 4575 laudem

250 4595 506 4662 εὐσθενὲς
554 4599 613 4651 ὲν
655 4600 877 4674 Χριστῷ
936 4602 1343 4674 παρεξάγοντας
1395 4602 1685 4676 φρόνημα,
1735 4603 1831 4658 καὶ

250 4685 340 4740 διὰ
369 4686 481 4741 τῶν
510 4689 611 4760 τῆς
653 4691 1000 4764 δικαιοσύνης
1043 4695 1224 4749 ὅπλων
1271 4695 1578 4767 εὐδοκιμεῖν
1621 4697 1832 4768 ᾑρημέ-

252 4796 400 4845 νους.
425 4782 483 4834 ἔν
519 4783 806 4855 ἐπισκέψει
830 4802 886 4838 τε
913 4787 1014 4856 ἤδη
1044 4787 1338 4857 γεγονότας
1370 4787 1632 4860 Χριστοῦ,
1660 4788 1830 4861 μηδε-

252 4869 345 4934 νδς
392 4870 645 4940 ἐφίεσθαι
691 4873 801 4927 τῶν
852 4877 911 4929 ἐν
961 4876 1153 4948 κόσμῳ
1194 4877 1699 4949 τεθαυμασμένων.
1754 4879 1828 4948 μὴ

254 4963 490 5019 πλούτου
508 4965 616 5037 ,μὴ
639 4965 827 5037 δόξης,
863 4968 938 5039 μὴ
971 4968 1288 5033 δυναστείας
1308 5011 1324 5036 ,
1352 4970 1386 5040 ἢ
1423 4970 1725 5041 ὑπεροχῆς,
1754 4971 1830 5041 μὴ

252 5056 364 5109 τῶν
397 5058 466 5110 ὲκ
498 5055 601 5126 τῆς
642 5057 832 5127 σοφίας
874 5059 1190 5132 Ἑλληνικῆς
1243 5060 1474 5114 ἀνοσίων
1523 5060 1830 5131 δογμάτων.

257 5142 382 5200 Εἶεν
422 5145 469 5199 δ’
524 5146 621 5210 ἂν,
674 5149 754 5211 είς
802 5148 970 5203 τύπον
1020 5149 1402 5222 λαμπρότητος
1475 5151 1574 5222 μὲν
1625 5151 1724 5222 τῆς
1779 5152 1839 5204 ἐν

260 5238 537 5311 ἀξιώμασι
565 5242 659 5294 καὶ⁵
706 5241 1031 5315 ὑπεροχαῖς,
1058 5243 1122 5297 τὸ
1148 5242 1408 5316 ἀργύριον
1428 5260 1443 5275 '
1474 5243 1703 5314 λαμπρὰ
1731 5243 1840 5315 γὰρ

264 5331 295 5400 ἡ
343 5330 467 5404 ὑλη·
505 5327 737 5387 πλούτου
782 5334 871 5398 δὲ,
902 5338 931 5388 6
971 5335 1191 5406 χρυσός.
1238 5335 1312 5389 Τὸ
1343 5334 1401 5388 δὲ
1446 5335 1547 5405 τῆς
1588 5334 1838 5407 γλώττης

263 5420 457 5494 εὖηχες
514 5423 624 5477 τῶν
669 5426 728 5477 ἐν
786 5425 977 5496 κόσμῳ
1044 5426 1254 5495 σοφῶν,
1306 5428 1744 5498 κατασημήνειεν
1809 5430 1838 5481 ὁ

1939 4625 2038 4681 per
2075 4624 2225 4663 arma
2244 4609 2471 4680 iustitiae
2494 4607 2724 4679 adipisci
2755 4609 3125 4672 decreverint,
3176 4609 3381 4681 quique
3399 4611 3512 4681 jam

1941 4697 1995 4751 in
2019 4704 2375 4766 conspectum
2399 4695 2604 4753 Christi
2625 4699 2897 4765 venerint,
2934 4715 3028 4754 eos
3050 4698 3183 4754 nihil
3215 4712 3283 4754 ex
3322 4698 3391 4753 iis
3414 4714 3513 4755 ex-

1942 4796 2126 4856 petere
2150 4802 2273 4857 qua:
2296 4787 2353 4842 in
2375 4786 2483 4843 hoc
2506 4789 2714 4845 mundo
2736 4788 3078 4845 admirabilia
3101 4787 3377 4853 videntur,
3401 4803 3515 4845 non

1939 4891 2090 4946 opes,
2116 4893 2227 4933 non
2257 4878 2507 4949 gloriam,
2531 4896 2642 4936 non
2666 4880 2987 4952 potentiam,
3036 4888 3133 4936 aut
3164 4876 3514 4951 praestantem

1938 4968 2189 5039 gradum,
2217 4985 2330 5026 non
2361 4972 2530 5044 impia
2553 4989 2619 5029 ex
2636 4973 2826 5045 gentili
2852 4973 3119 5044 sapientia
3144 4972 3418 5044 dogmata.
3446 4972 3517 5028 Et
3562 5045 3567 5051 ι

1942 5060 2091 5118 illius
2115 5063 2339 5133 quidem
2386 5064 2696 5136 splendoris
2732 5064 2826 5135 qui
2869 5064 2928 5119 in
2964 5063 3291 5135 dignitatum
3330 5063 3516 5135 gradi-

1938 5154 2047 5209 bus
2058 5161 2112 5210 et
2134 5156 2497 5227 amplitudine
2521 5165 2825 5226 spectatur,
2846 5155 3020 5227 ﬁgura
3042 5172 3152 5212 non
3182 5157 3368 5225 inepta
3395 5154 3516 5207 fue-
3566 5179 3579 5189 ο

1939 5247 2013 5302 rit
2038 5256 2361 5318 argentum;
2394 5247 2741 5319 splendidum
2764 5257 2849 5304 est
2872 5249 3020 5305 enim
3061 5249 3166 5305 hoc
3190 5244 3395 5302 metalli
3420 5259 3516 5315 ge-

1937 5352 2075 5405 nus;
2118 5353 2286 5410 opum
2341 5355 2495 5404 vero,
2530 5355 2746 5395 aurum.
2794 5342 2950 5398 Illum
2983 5356 3151 5414 porro
3176 5340 3380 5407 lingua:
3425 5353 3518 5391 so-

1937 5446 2091 5496 num,
2116 5446 2227 5501 quo
2252 5432 2443 5487 mundi
2477 5433 2754 5504 sapientes
2800 5444 3053 5537 utuntur,
3084 5434 3395 5507 signiﬁcare
3423 5444 3519 5499 po-

265 5572 306 5638 é
332 5608 445 5664 ’κδ’
479 5626 557 5675 τ’,
580 5611 642 5675 ’Ῐῖ
669 5611 870 5680 Ενιιρε-
911 5628 984 5675 Vl.
1014 5611 1093 5666 Ιί
1132 5608 1198 5641 ⁸⁸⁸
1233 5613 1390 5667 Rom.
1426 5630 1517 5679 vn,
1543 5614 1631 5667 23.
1670 5614 1714 5645 π’
1739 5613 1782 5668 ll
1813 5619 1820 5661 t

1928 5655 1938 5667 .
1969 5629 2022 5678 x,
2053 5613 2102 5667 -’t.
2144 5614 2187 5646 σθ
2217 5614 2377 5680 lsa.t,
2412 5614 2497 5670 l3.
2534 5616 2573 5647 ⁶¹
2606 5615 2719 5673 Jos.
2750 5618 2898 5679 γωδ
2947 5635 3101 5688 seqq.
3138 5616 3180 5650 "
3203 5617 3315 5673 Jos.
3351 5612 3516 5682 τιμε.

331 5703 407 5773 (ι)
440 5702 534 5758 Sic
564 5702 688 5757 cod.
730 5702 902 5756 Vatis.
930 5702 1113 5764 Codex
1145 5702 1319 5765 sum,
1358 5705 1593 5775 ἑκάστῳ.

545 5794 820 5857 mmet.
869 5796 984 5856 Gn.
1031 5797 1267 5858 L‘Xl’lt‘l

3011 5794 3079 5855 12
