3968 6300
480 344 586 398 ὖέὶδ

1465 333 1520 384 S.
1563 329 1837 385 CYRILIJ
1879 327 2350 383 ALEXANDRINI
2390 328 2711 387 ARCHIEP.

3627 335 3732 392 364

484 458 613 512 terit
649 470 756 519 tes;
782 454 928 506 vires
949 450 1206 519 denique,
1250 459 1414 520 atque
1443 451 1772 520 potentiam,
1819 450 2048 514 ferrum,

2163 449 2384 519 χαλκός·
2427 453 2580 522 ἰσχὺν
2611 451 2670 504 δὲ
2717 451 2813 506 καὶ
2851 452 3198 519 δυναστείαν,
3227 453 3462 526 σκληρὸς
3486 452 3564 507 ὧν
3594 455 3733 523 ἄγαν

482 547 629 620 quod
651 553 707 600 et
726 545 926 600 durum
953 543 1244 600 admodum
1274 545 1368 609 sit,
1401 551 1604 599 etcum
1632 544 1879 598 omnium
1924 535 2049 596 cor-

486 658 680 713 porum
703 641 930 696 materia
952 654 1202 710 pugnans
1225 656 1237 690 :
1265 653 1387 707 qua:
1429 637 1475 692 si
1523 636 1647 705 quis
1672 635 1902 705 adipisci
1951 650 2050 689 vo—

484 738 666 802 iuerit,
692 735 943 807 quamvis
981 735 1071 788 ille
1097 731 1375 803 praecipuo
1409 731 1481 784 sil
1507 728 1653 798 apud
1693 729 1864 784 Deum
1910 730 2049 792 loco,

481 839 535 883 et
567 829 711 883 inter
730 827 1022 882 bellatores
1044 829 1386 885 numeretur,
1400 819 1674 890 spirituali
1697 835 1918 888 quoque
1939 821 2055 872 ani-

484 919 556 971 mi
583 917 956 988 magnitudine
982 915 1054 969 sit
1083 913 1333 983 insignis,
1361 913 1408 966 is
1458 910 1651 981 procul
1692 910 1861 964 dubio
1881 911 2053 964 Deum

480 1010 745 1075 offendit;
779 1023 1014 1077 cumque
1045 1020 1172 1060 eum
1217 1005 1419 1059 furtiva
1455 1003 1829 1059 subtractione
1871 1003 2048 1057 offen-

481 1104 613 1158 dere
642 1103 696 1156 in
730 1100 972 1155 animum
1027 1096 1324 1160 induxerit,
1354 1094 1449 1165 qui
1481 1103 1536 1149 et
1566 1094 1622 1148 in
1657 1095 1825 1148 armis
1867 1109 2055 1150 comes

479 1214 544 1252 ac
565 1197 745 1250 socius
778 1201 918 1258 erat,
945 1199 1002 1246 ct
1039 1190 1354 1253 auxiliator,
1393 1186 1751 1256 consequenti
1796 1185 2055 1241 vindictae

478 1285 803 1355 subiacebit.

548 1377 744 1432 PALL.
794 1376 961 1430 Recte
985 1373 1082 1428 ais.
1138 1370 1421 1428 Assentior
1443 1372 1592 1427 enim
1633 1371 1752 1426 tibi.
1780 1371 2053 1428 Caeterum

481 1477 612 1531 illud
639 1475 774 1530 mihi
801 1473 1041 1543 explices
1079 1471 1266 1535 velim,
1319 1485 1619 1540 parumper
1661 1485 1692 1523 a
1729 1485 1787 1523 re
1812 1475 1962 1539 gesta
1999 1474 2056 1522 et

478 1568 706 1622 historia
728 1565 1024 1620 deﬂectens
1051 1563 1379 1628 orationem,
1409 1578 1508 1616 cur
1531 1563 1642 1617 Deo
1665 1567 1974 1631 argentum,
2001 1566 2057 1612 et

478 1674 694 1722 aurum,
720 1672 795 1712 aes
819 1657 947 1711 item
973 1670 1037 1710 ac
1074 1654 1281 1709 ferrum
1306 1653 1377 1708 sit
1401 1659 1802 1716 consecratum,
1851 1666 1916 1705 ac
1944 1665 2056 1705 non

478 1749 662 1820 potius
705 1764 773 1802 ea
814 1747 901 1801 vel
927 1753 1187 1815 tanquam
1244 1743 1458 1798 inutilia
1506 1742 1758 1805 fortasse,
1805 1741 1892 1795 vel
1935 1748 2057 1793 tan-

2151 541 2180 592 ὁ
2212 541 2459 612 σίδηρος,
2490 544 2585 598 καὶ
2626 545 2692 615 τῇ
2739 543 2840 618 ὕλῃ
2883 545 3031 617 πάσῃ
3076 547 3403 618 μαχόμενος.
3439 539 3540 600 Ἦν
3574 546 3733 618 εἴπερ

2151 651 2237 698 τις
2285 634 2460 688 ἕλοιτο
2513 636 2868 707 μεταλαχεῖν,
2915 637 3091 691 καίτοι
3155 639 3255 707 τὴν
3300 637 3531 710 ἀρίστην
3576 637 3733 704 τάξιν

2153 723 2292 794 ἔχων
2317 725 2470 796 παρὰ
2488 725 2626 798 Θεῷ,
2649 728 2743 780 καὶ
2771 727 3248 798 ἀναμετρούμενος
3269 731 3326 781 ὲν
3345 727 3726 797 πολεμισταῖς,

2153 818 2248 870 καὶ
2301 816 2407 888 μὴν
2447 819 2543 872 καὶ
2589 821 2991 890 πνευματικαῖς
3035 819 3315 889 εὑψυχίαις
3359 819 3600 888 γεγονὼς
3641 822 3734 872 ἐκ·

2153 909 2394 980 πρεπὴς,
2427 910 2794 983 προσκρούσει
2837 912 2986 982 Θεῷ,
3018 913 3114 966 καὶ
3146 911 3421 983 κιϐδήλοις
3449 929 3732 983 παρατρο-

2156 1002 2284 1062 παῖς
2341 1002 2674 1056 καταλυπεῖν
2731 1004 3008 1076 ᾑρημένος
3054 1005 3146 1058 τὸν
3209 1004 3469 1058 σύνοπλόν
3513 1022 3573 1057 τε
3643 1005 3737 1057 καὶ

2156 1093 2390 1165 ἀρωγὸν,
2417 1097 2536 1158 ταῖς
2566 1095 2818 1150 ἐντεῦθεν
2849 1096 3041 1168 ὀργαῖς
3063 1096 3433 1150 ὑποκείσεται.

2225 1375 2438 1431 ΠΔΛΛ.
2487 1367 2563 1427 Εὖ
2621 1372 2776 1443 ἔφης.
2830 1371 3216 1442 Συναινὲσαιμι
3260 1369 3370 1441 γὰρ
3420 1367 3506 1425 ἄν.
3565 1370 3732 1440 Πλὴν,

2155 1465 2333 1520 ἐκεῖνό
2374 1481 2465 1536 μοι
2512 1464 2757 1533 φράσον,
2792 1463 2966 1534 βραχὺ
3009 1463 3104 1516 τοῦ
3153 1461 3476 1531 πράγματος
3511 1462 3604 1514 καὶ
3637 1461 3735 1530 τῆς

2159 1556 2401 1628 ἱστορίας
2463 1555 2809 1626 ἀποκομίσας
2857 1554 2949 1607 τὸν
3010 1553 3202 1622 λόγον’
3248 1552 3389 1606 διατί
3436 1551 3629 1623 Κυρίῳ
3675 1552 3736 1604 τὺ

2156 1645 2420 1717 ἀργύριον
2454 1646 2548 1699 καὶ⁵
2579 1645 2639 1699 τὸ
2674 1645 2931 1716 χρυσίον,
2960 1645 3056 1699 καὶ
3082 1644 3110 1696 ὁ
3144 1643 3342 1712 χαλκὸς
3367 1643 3464 1696 καὶ
3495 1643 3732 1714 σίδηρος,

2159 1737 2254 1791 καὶ
2280 1739 2400 1807 οὐχὶ
2452 1737 2517 1808 δὴ
2574 1737 2809 1807 μᾶλλον,
2861 1737 2894 1807 ἢ
2937 1736 3014 1800 ὡς
3065 1734 3314 1806 ἀχρηστα
3356 1734 3616 1804 τυχὸν,ἢ
3661 1734 3736 1797 ὡς

479 1800 642 1907 quam
669 1835 937 1906 ejusmodi
984 1800 1105 1904 qlia:
1128 1834 1378 1903 polluere
1412 1839 1655 1902 possent,
1682 1847 1713 1886 e
1736 1831 1930 1886 castris
1953 1830 2052 1885 ab-

2163 1800 2801 1899 xarapokdveiv‘eidéta,
2833 1800 2936 1897 της
2983 1800 3337 1898 παρεμϐολῆς
3376 1800 3734 1894 ἐξεπέμπετοο

475 1933 621 2000 jecta
650 1929 792 1983 sint:
823 1941 948 1980 nam
965 1925 1268 1995 spiritualis
1293 1923 1775 1994 contemplationis
1821 1921 2055 1978 facultas

479 2019 845 2076 abominanda
875 2017 1043 2076 fuisse
1068 2016 1484 2072 demonstravit.

554 2113 710 2184 145
741 2111 897 2167 CYR.
937 2109 1075 2176 Quia
1117 2109 1377 2179 splendor
1422 2109 1622 2174 omnis,
1669 2108 1914 2173 Palladi,
1965 2124 2053 2163 sa-

477 2205 816 2274 pientiaque,
844 2210 900 2255 et
932 2215 1084 2270 opes,
1107 2207 1272 2268 atque
1287 2199 1453 2253 etiam
1477 2199 1623 2253 vires
1667 2198 2056 2252 convenienter

479 2297 710 2367 acjuste
745 2294 855 2348 Deo
882 2292 1235 2357 tribuuntur;
1262 2291 1412 2346 illius
1433 2291 1582 2345 enim
1631 2297 1716 2346 est
1759 2291 1950 2360 gloria,
2000 2299 2057 2345 et

485 2388 743 2460 splendor
782 2387 981 2451 omnis,
1006 2393 1062 2440 et
1087 2399 1238 2456 opes,
1267 2394 1323 2439 et
1342 2384 1630 2453 sapientia,
1681 2392 1738 2438 et
1785 2384 2052 2452 potentia.

477 2483 753 2537 Craterum
785 2479 1036 2548 quisquis
1061 2479 1129 2532 ab
1156 2477 1250 2531 illo
1273 2477 1568 2546 acceperit,
1593 2487 1648 2531 et
1666 2492 1735 2531 ex
1758 2476 1906 2531 illius
1937 2478 2060 2533 the-

479 2589 644 2628 sauro
665 2573 873 2626 ditatus
893 2569 1122 2633 divitiis,
1147 2567 1407 2623 videlicet
1431 2567 1899 2623 intellectualibus
1935 2568 2056 2624 fue-

480 2665 574 2728 rit,
597 2663 938 2734 gloriamque
983 2668 1038 2714 et
1059 2659 1382 2729 sapientiam
1407 2675 1473 2714 ac
1508 2661 1810 2729 potentiam
1846 2661 2056 2716 habue-

480 2759 554 2812 rit
603 2753 966 2824 spiritualcm,
1005 2752 1097 2806 ille
1138 2768 1272 2807 vero
1301 2754 1632 2822 conspicuus
1655 2754 1764 2808 erit
1800 2769 1863 2808 ac
1894 2754 2052 2823 felix;

483 2850 568 2902 sin
592 2850 710 2901 haec
734 2845 924 2900 eadem
939 2861 969 2899 a
993 2843 1197 2899 mundo
1215 2845 1464 2914 accipere
1479 2846 2056 2910 maluerit,exsccran-

481 2939 588 2994 dus
608 2938 734 3003 erit,
764 2945 820 2992 et
842 2937 1050 2992 invisus
1095 2937 1208 2991 Deo
1232 2936 1452 2991 virtutis
1474 2937 1726 3001 amatori,
1755 2953 1818 2993 ac
1846 2939 2057 3009 judicio

480 3043 765 3101 pmnzeque
787 3027 1079 3082 obnoxius.
1127 3025 1365 3081 Omnino
1395 3026 1544 3080 enim
1589 3026 1812 3081 divitias
1863 3043 2057 3103 conse-

479 3121 672 3189 quitur
692 3118 974 3186 voluptas;
1001 3116 1279 3186 splendori
1306 3125 1488 3172 autem
1523 3126 1686 3188 atque
1705 3117 2055 3188 amplitudini
2084 3141 2128 3201 α

417 3259 421 3263 ,
458 3213 655 3266 vicina
687 3219 770 3266 est
793 3210 1057 3266 continuo
1075 3209 1368 3278 superbia:
1398 3211 1657 3280 potentia
1686 3227 1818 3266 vero
1855 3212 2054 3282 adjun-

454 3313 566 3358 ~cta
601 3303 902 3374 iniquitas;
935 3302 1222 3372 sapientiae
1245 3301 1535 3357 mundanae
1557 3303 1794 3374 denique
1832 3320 2057 3373 perver-

480 3395 616 3449 sitas
663 3394 1022 3464 dogmatum,
1075 3393 1326 3463 quamvis
1377 3409 1568 3449 eorum
1613 3395 1709 3464 qui
1765 3395 1858 3450 illa
1915 3397 2053 3450 scri-

477 3493 710 3556 pserunt
753 3485 938 3556 lingua
963 3484 1205 3540 suaviter
1235 3492 1414 3540 sonet.
1432 3485 1759 3557 Hujusmodi
1794 3487 2057 3558 quiddam

479 3582 684 3637 Paulus
712 3579 822 3635 ait:
867 3600 885 3631 ι
913 3579 970 3635 Si
1010 3580 1134 3650 quis
1164 3589 1248 3634 est
1291 3581 1346 3635 in
1369 3582 1526 3637 vobis
1560 3583 1803 3652 sapiens,
1855 3583 2057 3640 stultus

482 3673 598 3740 fiat,
623 3682 686 3727 ut
727 3672 800 3726 sit
840 3671 1089 3740 sapiens:
1151 3670 1418 3738 sapientia
1464 3673 1610 3726 enim
1651 3673 1816 3743 hujus
1864 3674 2056 3728 mundi

483 3763 718 3819 stultitia
758 3769 843 3814 est
871 3759 1016 3829 apud
1102 3761 1275 3819 Deum
1305 3761 1367 3813 ⁵³.
1393 3779 1410 3810 ι
1443 3761 1622 3815 Achar
1692 3764 1880 3833 igitur,
1931 3779 2056 3818 cum

482 3855 600 3908 haec
624 3867 735 3906 non
762 3851 1024 3905 eiChristi
1048 3850 1325 3916 thesauro,
1342 3851 1437 3905 sed
1489 3852 1642 3907 velut
1669 3869 1700 3908 e
1734 3855 1962 3920 mundo,
1991 3871 2060 3910 ex

485 3946 602 4014 ipsa
639 3941 1014 3996 urbe-Iericho
1067 3941 1388 4010 accepisset,
1433 3942 1664 4002 offendit
1708 3945 1902 4000 Deum.
1953 3947 2058 4003 Sed

485 4050 609 4106 qua:
637 4034 763 4088 inde
789 4049 856 4088 ex
883 4034 963 4088 ira
987 4032 1083 4087 Dei
1112 4043 1405 4089 consecuta
1455 4043 1602 4102 sunt,
1655 4053 1766 4091 non
1814 4037 1883 4092 ad
1930 4054 2058 4094 eum

485 4130 662 4183 solum
715 4127 1126 4196 pertinuerunt,
1185 4125 1280 4195 qui
1364 4141 1430 4181 eo
1483 4127 1718 4182 crimine
1767 4128 2058 4187 damnatus

480 4229 630 4284 erat,
658 4217 752 4273 sed
778 4227 947 4272 totam
991 4233 1319 4288 synagogam
1353 4218 1665 4274 afﬂixerunt
1702 4239 1714 4273 :
1771 4221 1862 4276 ille
1909 4223 2057 4277 enim

483 4309 758 4379 quondam
785 4308 1027 4363 invictus
1069 4309 1306 4378 p0pulus
1343 4309 1535 4374 Israel,
1565 4325 1762 4380 expers
1814 4313 2056 4382 prmsidii

482 4401 707 4471 superni
736 4400 933 4466 factus,
969 4400 1220 4455 inﬁrmus
1245 4409 1302 4454 et
1329 4401 1566 4456 imbellis
1613 4402 1734 4458 fuit.

2161 1921 2383 1991 μυσαρά
2410 1921 2517 1991 γὰρ
2549 1920 2780 1991 δέδειχεν
2812 1919 2951 1974 αὑτά
2980 1919 3080 1989 τῆς
3103 1919 3480 1988 πνευματικῆς
3501 1918 3735 1988 θεωρίας

2157 2014 2192 2084 ἡ
2222 2013 2470 2084 δύναμις.

2230 2106 2396 2160 ΚΥΡ.
2431 2105 2578 2170 Ὅτι,
2617 2098 2663 2158 ὦ
2702 2103 2991 2169 Παλλάδιε,
3028 2101 3348 2172 λαμπρότης
3399 2101 3498 2172 μὶν
3529 2101 3734 2163 ἅπασα,

2161 2197 2323 2266 σοφία
2343 2213 2403 2250 τε
2438 2194 2533 2250 καὶ
2562 2194 2810 2258 πλοῦτος,
2834 2194 2930 2246 καὶ
2961 2192 3068 2263 μὴν
3099 2192 3191 2245 καὶ
3223 2192 3398 2261 ἰσχὺς,
3417 2193 3738 2261 πρεπόντως

2158 2306 2219 2342 τε
2271 2287 2367 2342 καὶ
2412 2288 2574 2352 ὁσίως
2617 2287 2966 2340 ἀνακείσεται
3012 2283 3092 2355 τῷ
3142 2282 3280 2354 Θεῷ.
3330 2282 3505 2336 Αὑτοῦ
3551 2283 3664 2353 γάρ
3702 2284 3735 2349 ἡ

2159 2380 2286 2445 δόξα
2319 2379 2414 2434 καὶ
2450 2382 2482 2451 ὴ
2515 2381 2663 2433 πᾶσα
2694 2379 3012 2450 λαμπρότης
3031 2417 3046 2442 ,
3090 2375 3322 2439 πλοῦτός
3353 2392 3414 2428 τε
3441 2376 3536 2428 καὶ
3556 2375 3739 2444 σοφία.

2161 2472 2254 2526 καὶ
2288 2471 2538 2541 δύναμις.
2586 2471 2725 2522 Ἀλλ’
2753 2473 2802 2524 εί
2834 2471 2930 2541 μέν
2958 2487 3041 2533 τις
3067 2470 3241 2523 ἕλοιτο
3279 2471 3408 2541 παρ’
3438 2468 3625 2534 αὑτοῦ,
3649 2471 3742 2523 καὶ

2159 2563 2268 2618 ἀπὸ
2301 2562 2578 2634 θησαυροῦ
2620 2563 2825 2635 Κυρίου
2861 2561 3218 2625 πλουτίζοιτο,
3246 2561 3472 2614 πλοῦτον
3499 2562 3742 2632 δηλονότι

2158 2655 2251 2706 τὸν
2300 2652 2510 2723 νοητὸν,
2557 2652 2715 2717 δόξαν
2761 2669 2818 2705 τε
2864 2654 2958 2706 καὶ
3003 2652 3238 2718 σύνεσιν,
3293 2652 3388 2705 καὶ
3425 2653 3579 2722 ἰσχὺν
3629 2651 3742 2722 ἔχει

2160 2745 2558 2816 πνευματικὴν,
2585 2745 2880 2816 περίοπτος
2909 2744 3064 2798 ἔσται
3097 2744 3193 2797 καὶ
3215 2743 3476 2812 ζηλωτός.
3510 2742 3575 2797 El
3595 2742 3652 2796 δὲ
3681 2743 3742 2813 δὴ

2163 2839 2404 2909 βούλοιτο
2445 2839 2604 2892 ταυτὶ
2635 2838 2786 2908 παρά
2818 2836 2912 2890 τοῦ
2960 2837 3166 2906 κόσμου
3212 2836 3394 2890 λαϐεῖν
3418 2877 3433 2902 ,
3490 2834 3744 2906 βδελυρὸς

2160 2930 2312 2985 ἔσται
2346 2931 2440 2984 καὶ
2471 2931 2859 3002 ἀπηχθημένος
2903 2931 3054 3001 παρά
3084 2948 3147 2999 γε
3178 2929 3256 3000 τῷ
3295 2929 3569 3001 φιλαρέτῳ
3601 2929 3740 2998 Θεῷ,

2160 3024 2255 3078 καὶ
2282 3023 2386 3077 ὑπὸ
2414 3023 2774 3096 κρίσιν-ἕσται
2802 3025 2894 3077 καὶ
2917 3024 3096 3095 δίκην.
3131 3024 3354 3093 Ἕψεται
3384 3024 3493 3093 γὰρ
3525 3023 3742 3084 πάντως

2159 3117 2238 3188 τῷ
2292 3117 2398 3186 μὲν
2448 3116 2661 3188 πλούτῳ
2704 3117 2765 3170 τὺ
2816 3117 3116 3187 φιλήδονον,
3165 3117 3510 3188 λαμπρότητι
3550 3116 3609 3168 δὲ
3649 3115 3742 3168 καὶ

2163 3212 2458 3281 ὑπεροχαῖς
2488 3210 2682 3278 γείτων
2721 3209 2883 3273 εὐθὺς
2911 3212 2943 3280 ἡ
2975 3209 3248 3281 ὑπεροψία
3267 3226 3281 3239 ·
3313 3208 3652 3270 δυναστείαις
3680 3223 3742 3274 γε

2169 3301 2274 3372 μὴν
2308 3301 2713 3372 παραπέπηγεν
2740 3303 2774 3371 ἡ
2817 3301 3133 3368 πλεονεξία·
3162 3299 3324 3373 σοφίᾳ
3365 3300 3421 3354 δὲ
3457 3302 3525 3370 τῇ
3562 3301 3622 3352 ὲν
3654 3299 3744 3351 κό-

2166 3410 2312 3463 σμῳ,
2349 3393 2408 3446 τὸ
2442 3397 2498 3448 ὲν
2529 3394 2794 3467 δόγμασιν
2818 3394 3073 3458 ἀκαλλὲς,
3097 3393 3203 3449 κᾶν
3225 3395 3272 3446 εί
3312 3392 3372 3446 τὸ
3401 3390 3600 3462 εῦηχες
3632 3389 3743 3462 ἔχοι

2163 3485 2272 3539 τῶν
2305 3487 2486 3538 ἐκεῖνα
2511 3486 2867 3558 γεγραφότων
2897 3487 2930 3557 ἡ
2964 3485 3200 3554 γλῶττα.
3236 3485 3486 3538 Τοιοῦτόν
3523 3502 3576 3537 τι
3602 3484 3695 3537 καὶ
3715 3484 3745 3536 ὁ

2164 3577 2378 3643 Παῦλός
2406 3595 2573 3650 φησιν
2597 3595 2612 3610 ο
2655 3598 2674 3630 ‹
2712 3579 2782 3632 Ei
2811 3578 2893 3642 τίς
2923 3581 3069 3632 ἐστιν
3097 3580 3152 3630 ὲν
3186 3579 3313 3648 ὑμῖν
3344 3577 3526 3646 σοφὸς,
3562 3576 3744 3647 μωρὸς

2143 3671 2427 3740 γενέσθω,
2457 3673 2542 3725 ἵνα
2560 3672 2784 3743 γένηται
2810 3672 2974 3742 σοφός
2994 3673 3060 3742 ’ἡ
3089 3672 3194 3743 γάρ
3230 3671 3389 3740 σοφία
3418 3669 3512 3724 τοῦ
3535 3670 3744 3739 κόσμου

2163 3764 2377 3830 τούτου,
2409 3764 2591 3836 μωρία
2631 3765 2783 3836 παρὰ
2812 3764 2930 3835 Θεῷ
2953 3767 3120 3818 ἐστιν.
3159 3784 3178 3815 ι
3210 3765 3387 3833 Ἀχαρ
3415 3763 3478 3834 δὴ
3501 3758 3616 3826 οῦν,
3647 3763 3744 3816 οὐκ

2164 3856 2228 3909 ὲκ
2251 3856 2527 3928 θησαυροῦ
2559 3856 2796 3930 Χριστοῦ
2827 3857 3029 3921 λαϐὼν,
3057 3857 3172 3910 ἀλλ’
3202 3854 3514 3926 ὥσπεράπδ
3535 3855 3742 3924 κόσμου

2163 3951 2262 4020 τῆς
2292 3949 2570 4022 Ἱεριχοῦς,
2593 3951 2926 4024 προσκρούει
2949 3950 3088 4022 Θεῷ.
3109 3951 3188 4004 Τὰ
3210 3950 3266 4003 δὲ
3295 3948 3541 4003 ἐντεῦθεν
3568 3949 3743 4020 βλάϐη

2166 4041 2261 4095 καὶ
2291 4040 2361 4093 τὰ
2392 4042 2457 4093 ὲκ
2487 4040 2639 4103 θείας
2671 4041 2844 4111 ὀργῆς
2880 4039 3271 4110 συμϐαίνοντα,
3309 4041 3409 4093 οὑκ
3459 4039 3552 4092 ἐπὶ
3583 4040 3745 4109 μόνον

2165 4133 2361 4204 ἐχώρει
2406 4133 2498 4186 τὸν
2547 4132 2640 4186 ἐπὶ
2677 4132 2852 4186 τοῖσδε
2899 4132 3381 4201 κατεγνωσμένον,
3449 4130 3565 4183 ἀλλ’
3618 4131 3744 4200 ὃλην

2165 4224 2366 4278 ἐκάκου
2398 4224 2496 4294 τὴν
2531 4225 2855 4294 συναγωγήν
2877 4241 2891 4255 ·
2921 4222 3190 4294 ἀμέτοχος
3213 4221 3323 4292 γάρ
3351 4220 3592 4290 γεγονὼς
3621 4222 3743 4274 ὲπι-

2164 4319 2387 4390 κουρίας
2429 4317 2530 4388 τῆς
2569 4316 2795 4383 ἄνωθεν,
2833 4317 3072 4389 ἀδρανής
3106 4334 3166 4370 τε
3211 4317 3307 4371 καὶ
3344 4317 3568 4380 ἄναλκις
3599 4312 3669 4387 ἦν
3715 4316 3744 4369 ὁ

2166 4411 2333 4465 πάλαι
2368 4410 2806 4476 δυσαλωτότατος
2852 4411 3087 4483 Ἰσραήλ.

551 4492 749 4548 PALL.
813 4492 1099 4558 Quomodo
1153 4501 1248 4546 aut
1297 4493 1568 4548 undenam
1606 4495 1825 4551 edoceri
1859 4514 2053 4566 possu-

2219 4504 2440 4578 ΑΠᾹΛΛ.
2475 4505 2584 4558 Καὶ
2615 4505 2733 4568 πῶς
2770 4505 2803 4575 ἣ
2857 4504 3024 4558 πόθεν
3052 4505 3446 4578 άναμάθοιμεν,
3481 4507 3560 4571 ὼς
3597 4506 3744 4562 ἔστιν

481 4601 607 4640 mus
662 4599 852 4638 rerum
881 4599 1002 4638 esse
1060 4586 1206 4654 quod
1239 4594 1322 4640 est
1349 4602 1378 4639 a
1412 4595 1463 4641 te
1494 4588 1597 4642 hac
1621 4589 1688 4643 de
1724 4605 1784 4644 re
1814 4591 2059 4644 dictum?

547 4674 707 4729 εἵη.
764 4673 844 4728 Ex
904 4674 970 4727 iis
1016 4691 1138 4744 quae
1197 4688 1598 4746 consequenter
1653 4681 1855 4750 scripta
1904 4691 2052 4736 sunt.

479 4768 608 4822 Post
641 4767 734 4820 illa
757 4768 904 4821 enim
935 4784 1058 4838 quae
1095 4769 1239 4827 circa
1267 4771 1458 4824 urbem
1489 4772 1732 4836 Jericho,
1769 4783 1823 4828 et
1859 4775 2055 4830 adver-

478 4873 572 4912 sus
603 4874 744 4922 eam,
780 4865 912 4912 sunt
944 4859 1206 4929 praeclare
1243 4876 1306 4914 ac
1339 4860 1558 4918 fortiter
1607 4875 1776 4933 gesta,
1809 4880 1874 4918 ex
1926 4867 2052 4920 uni-

479 4966 640 5004 verso
664 4952 880 5006 lsraelis
905 4953 1108 5022 populo
1159 4954 1332 5010 lectos
1393 4956 1543 5010 viros
1586 4956 1738 5011 misit
1773 4958 1933 5013 Jesus
1983 4960 2052 5014 ab

477 5041 698 5095 .lericlio
752 5041 807 5094 in
873 5045 1132 5112 oppidum
1180 5044 1300 5110 Gai,
1353 5046 1582 5100 dicens:
1636 5046 2052 5103 «Ascendentes

477 5131 822 5186 considerate
849 5133 966 5186 Gai.
996 5135 1065 5190 Et
1091 5135 1459 5198 ascenderunt
1487 5136 1591 5188 viri
1647 5137 1747 5202 illi,
1780 5145 1836 5190 et
1865 5140 2048 5192 consi-

476 5226 807 5279 deraverunt
832 5225 951 5292 Gai,
985 5239 1040 5282 ct
1070 5228 1274 5281 reversi
1305 5235 1433 5280 sunt
1451 5227 1520 5281 ad
1553 5228 1762 5293 Jesum,
1807 5238 1863 5285 et
1895 5231 2046 5286 dixe—

476 5327 607 5372 runt
637 5317 716 5372 ei:
741 5318 818 5374 Ne
851 5319 1112 5374 ascendat
1173 5319 1238 5373 ad
1288 5335 1408 5374 eam
1446 5321 1624 5377 omnis
1650 5324 1906 5392 populus,
1949 5327 2045 5380 sed

473 5409 693 5464 circiter
717 5410 827 5463 duo
875 5420 969 5464 aut
998 5411 1100 5463 tria
1135 5410 1308 5466 millia
1359 5413 1605 5468 virorum
1638 5416 1956 5482 ascendant,
1991 5427 2047 5472 et

467 5499 1014 5553 'ulisidcanturbcm:
1056 5515 1126 5552 ne
1165 5500 1334 5556 ducas
1385 5520 1451 5558 eo
1505 5506 1825 5561 universum
1871 5523 2045 5578 popu-

473 5587 618 5651 lum;
647 5588 802 5656 pauci
822 5603 1054 5656 namque
1074 5597 1218 5642 sunt.
1241 5591 1307 5646 Et
1326 5593 1691 5652 ascenderunt
1713 5612 1780 5652 eo
1806 5599 1909 5654 viri
1937 5600 2047 5656 cir-

554 5760 599 5792 ⁶³
633 5760 650 5815 l
688 5759 814 5815 Cor.
845 5777 921 5830 Ill,
958 5764 1040 5821 19.

2159 4576 2365 4665 ἀληθὴς
2392 4595 2422 4647 ὁ
2445 4595 2536 4647 ἐπὶ
2557 4595 2692 4665 τῷδε
2718 4595 2908 4662 λόγος;

2232 4687 2396 4742 ΚΥΡ.
2449 4687 2581 4740 Ἀπό
2622 4705 2686 4756 γε
2715 4688 2824 4741 τῶν
2871 4688 3069 4758 ἐφεξῆς
3115 4690 3537 4762 γεγραμμένων.
3588 4689 3746 4745 Μετά

2159 4779 2265 4851 γὰρ
2297 4779 2367 4833 τὰ
2401 4779 2540 4832 κατὰ
2569 4781 2669 4850 τὴν
2732 4779 2940 4852 Ἰεριχὼ
2975 4783 3068 4835 καὶ
3105 4781 3172 4835 τά
3201 4782 3290 4834 ἐπ’
3315 4783 3450 4853 αὑτῇ
3472 4782 3746 4854 λαμπρῶς

2159 4871 2253 4923 καὶ
2313 4870 2580 4934 νεανικῶς
2641 4872 2982 4944 εἰργασμένα
3034 4871 3187 4944 παρά
3235 4873 3434 4937 παντὸς
3498 4875 3739 4944 Ἰσραὴλ.

2157 4965 2475 5020 ἀπέστειλεν
2537 4966 2745 5040 Ἰησοῦς
2787 4967 2985 5040 ἄνδρας
3019 4969 3126 5022 ἀπὸ
3172 4967 3378 5040 Ἱεριχὼ
3403 4969 3484 5031 είς
3511 4967 3634 5032 Γαῒ,
3660 4968 3742 5020 λέ-

2158 5074 2268 5126 γων
2285 5075 2297 5088 ·
2311 5077 2328 5109 ι
2342 5058 2663 5122 Ἀναϐάντες
2678 5039 3093 5128 κατασκνέψασθε
3109 5059 3208 5131 τὴν
3222 5039 3742 5130 Γαῒ.Καὶ;ἀνέϐησαν

2162 5151 2210 5202 oi
2261 5149 2455 5220 ἄνδρες
2513 5151 2605 5204 καὶ
2667 5151 3074 5222 κατεσκέψαντο
3126 5151 3225 5224 τὴν
3281 5150 3414 5217 Γαῒ,
3472 5153 3568 5204 καὶ
3657 5152 3741 5204 ἀν-

2160 5236 2430 5308 έστρεψαν
2474 5239 2610 5310 πρὸς
2641 5239 2870 5310 Ἰησοῦν,
2914 5241 3008 5294 καὶ
3041 5236 3200 5294 εἶπαν
3246 5241 3382 5313 πρὸς
3423 5239 3606 5294 αὑτόν·
3651 5241 3742 5310 Mi;

2156 5329 2492 5385 ἀναϐαινέτω
2522 5335 2630 5395 πᾶς
2655 5333 2684 5384 ὁ
2712 5332 2862 5396 λαὸς,
2896 5333 3010 5385 ἀλλ’
3034 5335 3166 5386 ὡσεὶ
3187 5333 3432 5404 δισχίλιοι
3461 5333 3494 5403 ἢ
3524 5334 3739 5404 τρισχί-

2153 5424 2256 5476 λιοι
2296 5425 2489 5495 ἄνδρες
2517 5423 2983 5494 ἀναϐαινέτωσαν,
3017 5427 3111 5478 καὶ
3143 5426 3733 5496 ἐκπολιορκησάτωσαν

2153 5511 2250 5582 τὴν
2305 5513 2480 5569 πόλιν.
2527 5515 2618 5587 Μὴ
2658 5517 2941 5588 ἀναγάγῃς
3000 5520 3118 5570 ἐκεῖ
3176 5518 3266 5570 τὸν
3309 5517 3438 5570 λαὸν
3491 5516 3728 5570 ἆπαντα’

2153 5605 2320 5672 ὀλίγοι
2355 5607 2462 5678 γάρ
2507 5609 2632 5662 εἱσι.
2666 5609 2777 5662 Καὶ
2811 5608 3086 5680 ἀνέϐησαν
3123 5611 3237 5664 ἐκεῖ
3269 5609 3401 5663 ὡσεὶ
3447 5606 3738 5681 τρισχίλιοι
