3968 6300
255 284 348 341 565

988 281 1075 336 DE
1112 279 1553 338 ADORATIONE
1593 281 1658 336 ΙΝ
1699 280 1850 336 SPIR

1939 280 1965 337 ί]
2007 280 2095 335 ΕΤ
2137 278 2503 335 VERITATE.
2547 279 2672 332 ΗΒ.
2715 278 2775 332 ν.

3397 281 3498 338 Sidi

259 401 460 469 ἄνδρες,
491 398 583 450 καὶ
615 396 815 466 εῳυγον
842 395 950 450 ἀπὸ
994 395 1288 467 προσώπου
1333 395 1541 468 ἀνδρῶν
1574 397 1696 464 Γατ,
1727 397 1822 454 καὶ
1850 449 1853 458 η

1939 395 2064 450 :iter
2087 395 2191 450 tria
2219 394 2411 460 millia,
2444 401 2501 449 et
2516 392 2774 463 fugerunt
2797 409 2829 446 a
2869 393 3005 449 faeie
3027 395 3275 452 virorum
3296 395 3416 458 Gai,
3450 408 3504 452 ιιι

256 491 576 546 ἀπέκτειναν
605 488 702 541 ἀπ’
745 487 928 542 αὐτῶν
970 487 1162 558 ἄνδρες
1210 485 1310 540 Γατ
1352 488 1433 565 εἰς
1471 488 1826 560 τριακονταὲξ

256 583 464 653 ἄνδρας.
507 581 603 635 καὶ
646 578 976 644 κατεδίωξαν
1008 580 1214 642 αὐτοὺς
1234 578 1344 632 ἀπὸ
1377 579 1478 651 τῆς
1499 580 1694 651 πύλης,
1732 580 1827 636 καὶ

257 672 575 744 συνέτριψαν
596 671 795 734 αὐτοὺς
820 670 927 724 ἀπὸ
943 669 1038 724 τοῦ
1065 670 1408 740 καταφεροῦς
1427 687 1441 702 °
1469 671 1561 725 καὶ
1586 671 1826 743 ἐπτοήθη

257 763 512 836 ήκαρδία
548 761 642 815 τοῦ
691 760 845 825 λαοῦ,
885 761 977 814 καὶ
1021 760 1242 830 ἐγένετο
1273 760 1464 833 ὥσπερ
1496 760 1662 834 ὕδωρ.
1703 780 1722 813 ι
1763 762 1826 820 0i

256 855 431 918 πόλεις
470 854 702 918 ἑλόντες,
728 853 823 906 καὶ
869 850 1052 925 χώρας
1099 853 1568 924 καταδῃώσαντες,
1621 854 1714 906 καὶ
1759 852 1829 907 τὰ

257 947 507 1020 ὠμότατα
545 945 653 1000 τῶν
681 945 851 998 ἐθνῶν
877 945 1119 1015 ἀμογητὶ
1149 945 1492 1016 νικήσαντες,
1543 945 1830 1015 ἀκαταμα-

256 1043 437 1112 χήτοις
469 1039 925 1110 περιτυγχάνουσι
962 1039 1076 1099 τοίς
1118 1037 1226 1092 ἀπὸ
1266 1037 1367 1107 τῆς
1403 1036 1523 1103 Γαῒ,
1553 1037 1648 1092 καὶ
1678 1036 1831 1107 μόλις

255 1131 538 1199 ἐσώζοντο,
574 1131 669 1184 καὶ
703 1129 1026 1200 ἀπεχώρουν
1055 1130 1156 1182 οὐκ
1184 1128 1433 1199 ἀζήμιοι,
1464 1127 1600 1200 μηδέ
1625 1128 1753 1198 ὃλην
1773 1129 1830 1180 ἐν

254 1227 446 1297 ἀρχαῖς
468 1225 566 1295 τὴν
595 1222 704 1276 τῶν
742 1222 1000 1292 μαχίμων
1040 1219 1249 1291 πληθὺν
1275 1223 1332 1274 ἐν
1360 1221 1545 1284 ὅπλοις
1570 1215 1709 1273 εἶναι
1745 1219 1833 1274 0e-

254 1319 516 1390 λήσαντες
538 1357 553 1379 ,
606 1314 1078 1384 εὐκαταγώνιστον
1122 1316 1181 1371 δέ
1237 1315 1438 1386 κομιδῇ
1486 1315 1581 1368 καὶ
1631 1313 1831 1382 ὀλίγοις

256 1411 472 1466 ἔσεσθαι
526 1411 628 1481 τὴν
675 1410 829 1462 πόλιν
871 1409 1168 1482 διαρρήδην
1226 1407 1683 1479 ὁμολογήσαντες.
1733 1405 1828 1476 Μὴ

257 1501 594 1562 ἀναϐαινέτω
631 1501 762 1571 γὰρ,
812 1499 1069 1568 ἔφασκον,
1115 1499 1225 1561 πᾶς
1277 1499 1306 1551 ὁ
1349 1497 1499 1561 λαδς,
1533 1495 1648 1550 ἀλλ’
1699 1494 1833 1548 ὡσεὶ

258 1589 510 1659 δισχίλιοι
537 1588 748 1660 ἄνδρες.
775 1587 920 1658 Πρὸς
944 1586 1002 1640 δὲ
1027 1587 1088 1640 τὸ
1109 1587 1369 1658 ἀδόκητον
1396 1584 1588 1648 πάθος,
1611 1584 1706 1638 καὶ
1729 1585 1831 1652 τὴν

254 1681 350 1749 τῆς
366 1679 584 1743 ἐλπίδος
602 1679 860 1734 ἐπέκεινα
881 1679 1188 1750 συμφορὰν,
1212 1678 1417 1751 βαρυθυ
1426 1677 1498 1748 μή
1507 1693 1696 1739 σαντος
1714 1674 1834 1729 λίαν

1927 488 2325 545 interfecerunt
2349 503 2418 543 ex
2442 486 2577 558 ipsis
2605 486 2712 541 viri
2733 485 2831 541 Gai
2853 486 3004 542 viros
3024 489 3245 545 circiter
3275 491 3500 563 triginta

1927 599 2052 649 sex;
2079 582 2431 653 etpersecuti
2471 588 2600 636 sunt
2628 595 2725 636 eos
2749 595 2781 634 ο
2810 587 2991 651 porta,
3030 588 3088 635 et
3117 583 3504 640 contriverunt

1928 675 2051 730 illos
2076 690 2108 729 a
2133 673 2331 730 declivi
2355 673 2509 728 loco:
2542 679 2599 726 et
2642 670 2988 744 pavefactum
3021 677 3108 726 est
3155 687 3252 726 cor
3290 675 3502 744 populi,
3545 715 3558 736 ν

1927 775 1986 821 et
2003 765 2209 820 factum
2238 771 2325 818 est
2341 752 2494 817 velut
2510 776 2650 832 aqua
2671 761 2734 813 “.
2767 779 2786 814 ι
2818 759 2922 826 Qui
2947 759 3116 814 urbes
3144 771 3426 830 ceperant,
3441 779 3508 818 ac

1929 857 2184 928 regiones
2203 854 2447 926 populati
2475 852 2636 925 156
2657 852 2958 918 fuerant,et
2970 852 3298 909 saevissimas
3318 865 3509 924 gentes

1928 949 2084 1003 nullo
2103 947 2326 1019 negotio
2346 947 2614 1012 vicerant,
2646 945 2702 999 iu
2734 944 2986 1000 homines
3010 943 3109 1000 Gai
3138 955 3398 1013 tanquam
3427 946 3512 999 in-

1928 1040 2106 1096 victos
2133 1040 2406 1105 incidunt,
2459 1040 2662 1109 vixque
2694 1038 2928 1095 salutem
2970 1044 3359 1102 tuentur,'nec
3391 1037 3512 1091 sine

1925 1131 2141 1202 jactura
2173 1131 2486 1196 discedunt,
2511 1130 2608 1202 qui
2644 1131 2802 1205 prius
2829 1145 2900 1185 ne
2933 1129 3256 1185 universum
3285 1128 3511 1199 quidem

1929 1232 2296 1294 pugnatorum
2322 1238 2612 1278 numerum
2627 1222 2684 1276 in
2716 1221 2884 1276 armis
2903 1236 3025 1277 esse
3051 1221 3362 1284 voluerant,
3384 1220 3514 1289 qui-

1929 1330 2038 1386 que
2062 1314 2324 1372 facillime
2342 1315 2432 1370 vel
2462 1331 2494 1369 a
2533 1315 2727 1385 paucis
2757 1314 3060 1388 expugnari
3102 1327 3262 1387 posse
3314 1311 3512 1367 urbem

1929 1415 2121 1478 aperte
2169 1407 2405 1478 professi
2461 1406 2700 1462 fuerant.
2742 1407 2822 1463 Ne
2865 1405 3028 1462 simul
3085 1405 3375 1469 ascendat,
3423 1404 3512 1458 in-

1931 1498 2152 1568 quiunt,
2187 1498 2484 1554 universus
2510 1500 2780 1570 populus,
2811 1498 2906 1554 sed
2951 1499 3174 1554 circiter
3197 1497 3308 1553 duo
3337 1497 3513 1552 millia

1930 1591 2200 1646 virorum.
2227 1591 2386 1646 Hunc
2437 1593 2780 1662 inopinatum
2828 1605 3016 1645 casum
3065 1590 3511 1660 insperatamque

1934 1681 2320 1747 calamitatem,
2356 1697 2484 1738 cum
2515 1682 2835 1753 gravissime
2873 1682 3044 1737 ferret
3070 1681 3258 1747 Jesus,
3311 1689 3368 1736 et
3414 1695 3516 1735 ve—

251 1771 344 1826 τοῦ
392 1771 596 1842 Ἰησοῦ,
622 1771 718 1826 καὶ
745 1769 1208 1843 περιῤῥηγνύντος
1243 1770 1344 1840 μέν
1371 1770 1471 1840 τὴν
1506 1768 1733 1838 ἐσθῆτα,
1759 1766 1837 1836 τῷ

1939 1782 2079 1827 stem
2104 1772 2465 1841 discinderet,
2491 1782 2546 1828 et
2576 1782 2704 1828 ante
2737 1774 2912 1828 Deum
2935 1773 3271 1846 procideret,
3297 1786 3361 1828 ac
3379 1770 3516 1841 quid

250 1864 305 1917 δέ
333 1864 456 1934 Θεῷ
499 1863 958 1934 προσπίπτοντος,
992 1863 1091 1916 καὶ
1128 1862 1182 1914 τί
1221 1861 1354 1914 ποτέ
1393 1862 1511 1913 ἐστι
1542 1858 1604 1912 τὸ
1645 1858 1840 1929 χρῆμα

253 1952 720 2021 κατατεθηπότος,
769 1951 876 2021 ἐφη
918 1952 1080 2014 Θεόςο
1121 1969 1142 2002 ‹
1195 1950 1490 2020 Ἀνάστηθι
1513 1968 1526 1982 ’
1565 1950 1650 2002 ἵνα
1683 1949 1734 2001 τί
1771 1948 1837 2002 σὺ

247 2045 399 2100 οὕτω
437 2043 851 2114 συμπέπτωκας
871 2041 964 2095 ἐπὶ
999 2040 1292 2114 πρόσωπόν
1319 2058 1449 2107 σου;
1485 2040 1838 2112 Ἠμάρτηκεν

247 2140 275 2192 ὁ
290 2136 430 2199 λαὸς
450 2136 547 2188 καὶ
564 2133 780 2205 παρέϐη
800 2135 900 2205 τὴν
918 2132 1184 2205 διαθήκην
1203 2151 1327 2204 μου,
1344 2133 1411 2205 ἢν
1426 2132 1684 2206 διεθέμην
1704 2133 1840 2206 πρὸς

250 2227 474 2290 αὐτοὺς,
504 2226 599 2278 καί¹
629 2224 924 2294 κλέψαντες
953 2223 1061 2277 ἀπὸ
1087 2223 1180 2277 τοῦ
1221 2224 1558 2295 ἀναθέματος
1589 2225 1841 2281 ἐνέϐαλον

249 2321 330 2384 είς
355 2316 430 2370 τὰ
460 2315 631 2386 σκεύη
667 2316 864 2370 αὐτῶν.
893 2317 968 2368 Ού
1003 2315 1080 2386 μὴ
1105 2316 1369 2370 δύνωνται
1396 2319 1445 2370 οξ
1473 2318 1580 2370 υίο).
1624 2317 1840 2390 Ἰσραὴλ

251 2408 557 2478 ὑποστῆναι
605 2406 746 2460 κατά
781 2408 1070 2478 πρόσωπον
1103 2407 1212 2460 τῶν
1251 2409 1463 2480 ἐχθρῶν
1487 2410 1702 2464 αὐτῶνθ
1738 2409 1865 2466 ab:

251 2499 381 2570 χένα
427 2497 854 2570 ἐπιστρέψουσιν
890 2497 1074 2553 ἔναντι
1103 2498 1212 2552 τῶν
1253 2499 1466 2570 ἐχθρῶν
1510 2501 1707 2567 αὐτῶν,
1757 2502 1839 2556 ὅτι

251 2581 599 2654 ἐγενήθησαν
631 2580 901 2652 ἀνάθεμα,
947 2582 1007 2635 οὑ
1048 2582 1345 2654 προσθήσω
1386 2583 1470 2638 ἐτι
1519 2579 1658 2638 εἶναι
1719 2585 1840 2654 μεθ’

253 2672 431 2744 ὑμῶν,
457 2672 558 2726 ἐὰν
589 2672 662 2743 μὴ
691 2671 922 2745 ἐξάρητε
952 2671 1016 2726 τὸ
1040 2673 1288 2744 ἀνάθεμα
1319 2672 1378 2738 ἐξ
1402 2673 1556 2745 ὑμῶν
1583 2675 1780 2730 αὐτῶν.
1814 2695 1833 2728 ι

252 2764 704 2834 Παραδειχθέντα
725 2764 790 2834 δὴ
815 2765 908 2818 τὸν
942 2766 1118 2834 Ἀχαρ
1147 2765 1311 2835 ήρετο
1343 2766 1443 2836 μὲν
1485 2765 1712 2838 Ἰησοῦς,
1747 2768 1838 2821 λέ-

251 2872 362 2924 γων
383 2873 396 2887 ο
430 2873 451 2908 ι
505 2857 605 2920 Δὸς
632 2856 791 2924 δόξαν
820 2858 1060 2927 σήμερον
1102 2857 1296 2928 Κυρίῳ
1327 2857 1547 2930 ’τῷ-Θεῴ
1598 2860 1836 2930 Ἰσραὴλ,

249 2949 342 3001 καὶ
393 2948 490 3012 δὸς
540 2947 638 3019 τὴν
675 2947 1065 3018 ἐξομολόγησιν
1114 2949 1210 3002 καὶ
1259 2949 1587 3018 ἀνάγγειλόν
1647 2969 1736 3022 μοι
1786 2953 1841 3004 τί

249 3041 543 3112 ἐποίησας,
595 3040 790 3112 καὶμὴ
830 3041 1046 3113 κρύψῃς
1088 3041 1184 3094 ἀπ’
1229 3041 1387 3112 ἐμοῦ.
1441 3043 1741 3114 ’Δπεκρίθη
1779 3043 1840 3096 δέ

1939 1863 2160 1920 tandem
2213 1881 2278 1920 ea
2329 1881 2418 1920 res
2469 1873 2616 1921 esset
2677 1865 3080 1930 admiraretur,
3134 1864 3274 1919 dixit
3325 1863 3512 1918 Deus:

1946 1974 1965 2006 ι
1990 1956 2166 2027 Surge
2191 1973 2205 2023 ;
2233 1971 2332 2010 cur
2354 1965 2411 2010 tu
2444 1957 2527 2012 sic
2553 1955 2845 2011 concidisti
2872 1957 2930 2010 in
2953 1955 3147 2010 faciem
3175 1955 3364 2012 tuam?
3384 1955 3520 2008 Pec-

1939 2048 2083 2102 cavit
2107 2048 2364 2118 populus,
2412 2058 2472 2104 et
2505 2056 2878 2119 transgressus
2927 2056 3014 2102 est
3037 2054 3260 2118 pactum
3308 2059 3516 2111 meum,

1937 2139 2088 2210 quod
2117 2155 2243 2195 cum
2271 2140 2384 2196 illis
2409 2141 2612 2212 pepigi,
2652 2148 2710 2196 et
2735 2141 2902 2194 furati
2943 2155 3010 2194 ex
3039 2139 3390 2195 anathemate
3409 2137 3518 2191 mi-

1940 2239 2136 2285 serunt
2157 2231 2214 2286 in
2245 2247 2374 2286 vasa
2410 2247 2538 2287 sua.
2563 2231 2684 2286 Non
2704 2238 2966 2301 poterunt
2981 2230 3078 2285 filii
3109 2230 3277 2286 Israel
3329 2228 3518 2283 subsi-

1940 2330 2089 2377 stere
2116 2330 2245 2378 ante
2279 2322 2481 2378 faciem
2531 2323 2773 2378 hostium
2817 2338 3080 2389 suorum;
3133 2321 3404 2377 cervicem
3455 2333 3522 2374 ac

1941 2421 2159 2483 tergum
2183 2421 2401 2468 vertent
2419 2414 2476 2467 in
2511 2421 2809 2483 conspectu
2835 2413 3080 2468 hostium
3106 2427 3358 2477 suorum,
3390 2411 3522 2481 quia

1938 2503 2073 2560 facti
2099 2514 2230 2560 sunt
2253 2504 2544 2559 anathema
2567 2523 2579 2557 :
2602 2521 2713 2559 non
2729 2505 2985 2576 adjiciam
3016 2505 3182 2569 ultra,
3209 2511 3270 2558 ut
3293 2503 3395 2559 sim
3418 2517 3520 2558 vo-

1940 2598 2178 2664 biscum,
2201 2598 2309 2654 nisi
2341 2597 2683 2653 abstuleritis
2709 2599 3002 2654 anathema
3029 2611 3063 2651 a
3079 2596 3239 2651 vobis
3263 2595 3398 2666 ipsis
3411 2595 3516 2650 ⁸⁸.»

1941 2691 2134 2761 Igitur,
2198 2707 2324 2746 cum
2377 2691 2653 2746 indicatus
2704 2699 2852 2746 esset
2903 2687 3106 2754 Achar,
3162 2688 3521 2758 interrogavit

1941 2799 2070 2839 eum
2103 2783 2284 2847 Jesus,
2315 2783 2535 2839 dicens:
2575 2803 2592 2834 ι
2615 2783 2691 2839 Da
2715 2782 2945 2854 gloriam
2969 2781 3137 2837 hodie
3155 2780 3388 2837 Domino
3403 2780 3517 2834 Deo

1942 2874 2130 2939 lsrael,
2171 2882 2227 2929 et
2273 2874 2342 2929 da
2379 2871 2806 2938 confessionem,
2857 2881 2916 2928 et
2963 2872 3160 2928 nuntia
3194 2871 3333 2927 mihi
3383 2870 3516 2941 quid

1943 2966 2142 3029 fecisti,
2192 2975 2350 3022 etne
2399 2966 2705 3021 abscondas
2743 2981 2777 3019 a
2810 2980 2919 3021 me.
2981 2963 3289 3035 Respondit
3333 2973 3517 3017 autem

1943 3057 2126 3112 Achar
2151 3058 2378 3121 Jesu,et
2404 3057 2576 3112 dixit:
2609 3058 2750 3111 Vere
2793 3056 3017 3126 peccavi
3052 3070 3240 3110 coram
3285 3054 3520 3109 Domino

254 3135 436 3204 Ἀχαρ
466 3133 554 3203 τῷ
585 3131 783 3202 Ἰησοῦ,
811 3133 905 3185 καὶ
935 3129 1113 3186 είπεν·
1158 3133 1397 3203 Ἀληθῶς
1415 3135 1664 3206 ἥμαρτον
1682 3136 1826 3189 ἐναν·

1944 3147 2110 3202 lsrael
2137 3165 2151 3212 ;
2181 3148 2260 3202 sic
2281 3148 2429 3202 etsic
2450 3146 2709 3202 feci.Vidi
2733 3145 2879 3200 inter
2891 3145 3068 3214 spolia
3092 3145 3271 3214 psilen
3294 3143 3522 3208 variam,
3566 3185 3577 3202 .

198 3287 204 3293 _
249 3226 360 3280 τίον
388 3227 607 3298 Κυρίου
632 3224 767 3278 Θεοῦ
816 3226 1055 3298 Ἰσραὴλ,
1077 3225 1252 3290 οὕτως
1274 3228 1368 3280 καὶ
1387 3227 1560 3290 οὕτως
1582 3227 1840 3298 ἐποίησα.

252 3311 404 3370 Εἶδον
440 3318 513 3371 ἐν
534 3317 600 3386 τῇ
633 3317 880 3389 προνομῇ
902 3315 1065 3387 ψιλὴν
1098 3316 1356 3387 ποικίλην
1377 3316 1471 3370 καὶ
1499 3315 1748 3370 διακόσια
1767 3315 1844 3369 δί-

250 3407 474 3479 δραχμα
519 3407 809 3477 ἀργυρίου,
843 3407 938 3462 καὶ
975 3406 1227 3475 γλῶσσαν
1258 3408 1387 3479 μίαν
1413 3408 1622 3478 χρυσῆν
1651 3407 1845 3477 πεντή-

249 3518 416 3554 κοντα
441 3499 795 3571 διόράχμων,
821 3499 915 3554 καὶ
936 3498 1266 3569 ἐνθυμηθεὶς
1291 3499 1470 3553 αὐτῶν
1503 3498 1719 3563 ἔλαϐον,
1750 3498 1846 3551 καὶ

251 3591 359 3645 ἰδοὺ
393 3591 722 3662 κέκρυπται
765 3589 940 3644 ταῦτα
982 3591 1040 3644 ἐν
1074 3593 1140 3661 τῇ
1180 3592 1276 3661 γῇ,
1318 3591 1378 3642 ἐν
1405 3593 1471 3660 τῇ
1507 3593 1678 3661 σκηνῇ
1719 3606 1844 3660 μου,

247 3685 423 3738 καὶτὸ
443 3681 724 3752 ἀργύριον
750 3682 1060 3754 κέκρυπται
1081 3681 1340 3736 ὑποκάτω
1367 3681 1566 3736 αὐτῶν.
1603 3702 1622 3735 ι
1654 3682 1847 3752 Συνίης

251 3775 332 3830 ὅτι
379 3776 478 3830 καὶ
514 3774 740 3837 αὐτὶ)ςὸ
783 3771 1065 3842 κεκλοφὼς
1123 3773 1429 3846 ἑωρακέναι
1473 3775 1639 3844 φησὶν
1686 3775 1745 3827 ἐν
1777 3776 1844 3845 τῇ

254 3873 511 3940 προνομῇ
576 3866 740 3937 ψιλὴν
791 3865 1068 3936 ποικίλην,
1123 3866 1220 3920 καὶ
1273 3864 1522 3919 διακόσια
1577 3863 1848 3936 δίδραχμα

252 3961 554 4034 ἀργυρίου,
609 3960 709 4012 καὶ
757 3959 1009 4028 γλῶσσαν
1046 3958 1255 4029 χρυσῆν
1295 3959 1632 4028 πεντήκοντα
1670 3957 1850 4027 διδρά-

251 4071 432 4123 χμων,
463 4051 851 4122 ἐνθυμηθῆναί
877 4069 936 4104 τε
963 4051 1164 4115 αὐτῶν,
1181 4051 1479 4114 τουτέστιν,
1503 4052 1585 4113 εἰς
1607 4049 1848 4120 ἄθεσμον

253 4147 434 4202 αὐτῶν
457 4145 768 4215 ἐπιθυμίαν
787 4144 981 4200 ἐλθεῖν.
1001 4144 1112 4215 Τὴν
1133 4144 1228 4214 μὲν
1257 4139 1349 4197 οὖν
1369 4143 1552 4215 ψιλὴν,
1586 4160 1852 4215 στρατιω-

248 4241 409 4311 τικὴν
441 4241 656 4294 οἴονται
682 4238 894 4310 στολὴν,
914 4237 1162 4307 χλαμύδα
1184 4253 1243 4289 τε
1270 4233 1405 4289 εῐναί
1438 4253 1571 4305 φασι
1593 4235 1853 4297 ποικίλως

251 4328 672 4401 ἐξυφασμένηντ
697 4325 1087 4396 στρατιωτικὸν
1111 4325 1168 4377 δὲ
1193 4325 1255 4377 τὸ
1284 4325 1414 4395 ἐσθη
1426 4343 1520 4395 μα,
1546 4326 1639 4378 καὶ
1661 4324 1852 4378 πλεονε

251 4426 402 4491 εξίας
463 4424 766 4497 σύμϐολον.
790 4421 1167 4492 Παραπέφυκε
1195 4421 1306 4492 γὰρ
1334 4420 1420 4474 ἀεί
1439 4437 1555 4482 πως
1578 4418 1656 4489 τῷ
1686 4435 1852 4489 στρα-

1946 3245 2002 3292 et
2031 3238 2298 3292 ducentos
2318 3238 2482 3294 siclos
2497 3236 2730 3307 argenti,
2751 3243 2807 3291 et
2830 3236 3074 3306 linguam
3102 3251 3269 3290 unam
3299 3252 3525 3292 auream

1946 3331 2350 3401 quinquaginta
2373 3330 2661 3395 siclorum,
2680 3337 2737 3386 et
2761 3330 3009 3400 cogitans
3033 3329 3101 3384 de
3135 3328 3271 3398 ipsis
3292 3329 3480 3398 accepi
3508 3345 3524 3394 ;

1946 3431 2005 3476 et
2027 3437 2156 3477 ecce
2192 3422 2462 3477 absconsa
2484 3429 2615 3476 sunt
2638 3421 2756 3476 haec
2800 3422 2856 3476 in
2884 3429 3034 3476 terra
3065 3420 3122 3475 in
3171 3419 3529 3478 tabernaculo

1947 3529 2092 3578 meo,
2139 3523 2195 3569 et
2213 3522 2504 3585 argentum
2551 3513 2881 3569 absconsum
2908 3520 2994 3567 est
3021 3513 3126 3568 sub
3164 3512 3274 3568 illis
3293 3513 3360 3565 “.
3391 3531 3409 3563 ι
3437 3512 3530 3566 ln-

1948 3605 2148 3675 telligis
2179 3621 2327 3671 eum,
2371 3605 2467 3676 qui
2491 3606 2698 3660 furtum
2744 3604 2971 3669 fecerat,
3013 3605 3201 3660 dicere
3238 3604 3442 3660 vidisse
3472 3619 3532 3659 se

1950 3696 2096 3751 inter
2119 3697 2292 3766 spolia
2331 3697 2508 3767 psilen
2556 3697 2786 3763 variam,
2829 3705 2888 3752 et
2927 3696 3195 3752 ducentos
3235 3697 3398 3752 siclos
3439 3711 3533 3750 ar-

1948 3789 2117 3861 genti,
2143 3799 2200 3844 et
2220 3789 2461 3860 linguam
2496 3804 2720 3843 auream
2742 3789 3139 3859 quinquaginta
3177 3789 3534 3845 didrachma-

1951 3896 2093 3944 rum,
2117 3886 2176 3935 ct
2208 3882 2478 3951 cogitasse
2533 3880 2601 3935 dc
2640 3881 2794 3951 ipsis,
2825 3880 2879 3935 id
2923 3889 3028 3946 est,
3065 3881 3134 3936 ad
3159 3897 3351 3936 eorum
3375 3880 3535 3935 nefa-

1951 3971 2089 4024 riam
2116 3971 2476 4040 cupiditatem
2507 3971 2745 4024 venisse.
2777 3970 2958 4024 Psilen
2989 3971 3156 4040 igitur
3177 3971 3402 4039 quidam
3425 3970 3534 4024 mi—

1951 4062 2169 4117 litarem
2207 4078 2329 4116 esse
2362 4062 2557 4116 stolam
2588 4069 2802 4130 putant,
2835 4070 2892 4115 et
2933 4059 3275 4130 chlamydem
3303 4075 3423 4113 esse
3447 4059 3535 4113 di-

1950 4153 2251 4207 euntvarie
2285 4159 2630 4206 contextam:
2655 4160 2738 4205 est
2753 4159 2937 4204 autem
2965 4166 3029 4204 ea
3056 4151 3228 4204 vestis
3258 4149 3534 4213 militaris,

1953 4254 2010 4298 et
2036 4243 2350 4312 iniquitatis
2381 4241 2712 4312 symbolum.
2751 4241 2982 4294 lnsitum
3005 4249 3091 4294 est
3128 4255 3367 4310 namque
3394 4241 3540 4295 mili-

1955 4333 2060 4387 tari
2103 4333 2388 4387 hominum
2408 4332 2613 4403 generi.
2637 4341 2698 4387 ut
2718 4331 3082 4386 libentissime
3106 4331 3212 4386 sibi
3247 4333 3536 4404 plusquam

1956 4423 2193 4493 mquitas
2213 4423 2443 4492 patitur,
2470 4421 2734 4477 vindicet.
2788 4421 2964 4476 Porro
3019 4421 3332 4492 splendoris
3374 4437 3538 4478 mun-

250 4517 509 4589 τευσίμῳ
540 4515 697 4585 γένει
733 4514 796 4566 τὸ
835 4515 911 4577 ὡς
954 4514 1150 4581 ἥδιστα
1185 4511 1552 4564 πλεονεκτεῖν.
1583 4509 1764 4571 Τύπος
1795 4508 1853 4561 δὲ

1958 4514 2086 4569 dani
2115 4513 2287 4585 ﬁgura
2315 4521 2401 4568 est
2429 4520 2720 4584 argentum
2743 4531 2758 4579 ;
2778 4513 2966 4584 lingua
2990 4528 3123 4569 vero
3147 4514 3540 4585 suaviloquen~

249 4606 318 4664 αὖ
342 4609 745 4682 λαμπρότητος
775 4605 1069 4676 κοσμικῆς,
1100 4605 1161 4657 τὺ
1193 4602 1456 4675 ἀργύριον
1487 4619 1500 4633 ο
1541 4601 1636 4656 καὶ
1661 4601 1853 4670 σοφίας

1959 4607 2030 4661 tis
2053 4603 2340 4677 gentilium
2364 4603 2648 4674 sapientia:
2698 4604 2935 4675 signum.
2972 4605 3258 4676 Ejusmodi
3286 4614 3370 4661 est
3396 4607 3538 4676 apud

249 4702 351 4772 τῆς
388 4699 732 4772 Ἑλληνικῆς
774 4698 874 4766 τῆς
918 4694 1207 4766 ήδυεποῦς,
1258 4695 1292 4763 ἡ
1337 4692 1578 4763 γλῶσσα,
1619 4692 1853 4764 Τοιαύτη

1957 4698 2243 4770 gentilium
2269 4697 2544 4768 sapientes
2564 4697 2751 4769 lingua
2771 4707 2826 4753 et
2859 4698 3118 4763 eruditio,
3157 4707 3412 4768 tanquam
3446 4715 3544 4754 au-

249 4796 333 4858 τίς
362 4797 493 4848 ἐστι
529 4793 636 4846 καὶ
660 4793 694 4860 ή
731 4791 842 4843 τῶν
879 4789 1009 4856 παρ’
1049 4786 1279 4856 Ἕλλησι
1315 4784 1496 4854 σοφῶν
1534 4783 1757 4852 γλῶσσά
1794 4800 1853 4836 τε

1958 4805 2074 4853 rea,
2101 4799 2157 4844 et
2186 4789 2241 4844 in
2258 4789 2455 4860 primis
2485 4788 2750 4860 pretiosa,
2777 4789 2924 4860 quod
2955 4789 3023 4844 ad
3066 4788 3332 4844 dictionis
3375 4789 3542 4844 clari-

249 4890 345 4940 καὶ
368 4888 689 4952 παίδευσις,
712 4883 876 4939 οἱονεὶ
899 4881 1076 4953 χρυσῆ
1092 4898 1153 4934 τε
1176 4879 1270 4933 καὶ
1287 4878 1654 4950 ἐντιμοτάτη.
1682 4877 1770 4932 διά
1791 4895 1853 4946 γε

1960 4890 2128 4937 tatem
2185 4881 2445 4951 pertinet.
2479 4879 2640 4952 147
2673 4881 2905 4936 Peccato
2934 4889 3120 4937 autem
3144 4882 3256 4952 jam
3301 4880 3543 4946 detecto,

245 4980 309 5033 τὸ
371 4982 433 5036 ἐν
477 4978 636 5048 λέξει
683 4974 1000 5046 περιφανές.
1073 4971 1592 5040 Ἐκκεκαλυμμὲνης
1637 4969 1692 5022 δέ
1727 4957 1851 5038 ’ἤδη

1965 4989 2138 5044 poena:
2161 4975 2372 5031 addixit
2396 4975 2575 5046 ipsum
2597 4973 2778 5029 Achar
2800 4972 2979 5040 Iesus,
3006 4973 3153 5045 quod
3199 4989 3310 5030 non
3387 4975 3444 5030 in
3485 4990 3545 5030 se

246 5073 349 5144 τῆς
379 5070 697 5143 ἁμαρτίας,
724 5071 936 5130 ποιναῖς
967 5064 1211 5119 ὑπετίθει
1234 5065 1326 5117 τὸν
1359 5065 1538 5133 Ἀχαρ
1561 5064 1589 5116 ὁ
1621 5059 1851 5134 Ἰησοῦς,

1963 5066 2143 5136 ipsum
2179 5070 2362 5133 modo,
2383 5068 2477 5138 qui
2501 5066 2728 5122 sceleris
2783 5074 2978 5144 auctor
3008 5076 3150 5133 erat,
3199 5067 3295 5122 sed
3323 5067 3380 5122 in
3423 5066 3548 5122 uni-

245 5167 344 5237 οὐχ
376 5164 590 5220 ἐαυτὸν
618 5160 917 5231 ήδικηκότα
951 5159 1134 5228 μόνον,
1163 5157 1277 5210 ἀλλ’
1303 5158 1382 5220 είς
1411 5156 1538 5226 ὃλην
1580 5155 1680 5226 τὴν
1726 5171 1853 5207 συν-

1963 5173 2180 5214 versam
2213 5159 2551 5231 Synagogam
2580 5140 2905 5229 perniciem,
2938 5175 2969 5214 e
3001 5175 3098 5214 sua
3129 5158 3415 5231 impotenti
3445 5172 3546 5212 cu-
3572 5140 3595 5199 '-

243 5257 479 5328 αγωτὴν
507 5254 621 5325 τὴν
650 5255 715 5306 ἐκ
746 5252 843 5326 τῆς
881 5251 1016 5315 ιδίας
1040 5248 1315 5322 ἀκρατοῦς
1342 5248 1641 5318 ἐπιθυμίας
1668 5246 1847 5300 ἐκτεί-

1963 5252 2191 5321 piditate
2221 5253 2542 5322 profectam,
2584 5252 2875 5306 attulisset.
2924 5252 2994 5307 Et
3021 5253 3126 5308 hoc
3147 5249 3280 5306 illud
3317 5256 3402 5303 est
3428 5247 3545 5303 for~
3575 5294 3582 5330 ς

243 5369 413 5405 ναντα
445 5347 692 5420 βλάϐην.
718 5347 829 5400 Καὶ
853 5344 994 5416 τάχα
1019 5361 1120 5396 που
1148 5341 1307 5396 τοῦτό
1331 5343 1447 5395 ἐστι
1482 5341 1543 5393 τὸ
1565 5340 1766 5412 ἄριστά
1792 5357 1851 5394 τε

1964 5353 2106 5399 tasse
2163 5343 2310 5412 quod
2337 5343 2543 5413 optime
2567 5359 2630 5398 ac
2665 5345 3073 5414 sapientissime
3101 5351 3185 5397 cst
3214 5339 3375 5395 nobis
3389 5339 3547 5396 Pauli
3576 5351 3586 5419 ί

242 5443 339 5496 καὶ
389 5439 596 5510 σαςρῶς
636 5437 722 5491 διὰ
750 5437 849 5506 τῆς
879 5436 972 5490 τοῦ
1016 5435 1230 5489 Παύλου
1285 5433 1469 5502 φωνῆς
1514 5434 1649 5503 πρὸς
1705 5434 1852 5504 ἡμᾶς

1961 5452 2094 5491 voce
2121 5435 2359 5490 dictum:
2411 5455 2428 5486 ‹
2451 5435 2675 5491 Auferte
2742 5437 2947 5491 malum
2976 5453 3006 5490 a
3052 5434 3208 5489 vobis
3231 5431 3396 5503 ipsis:
3426 5447 3547 5486 mo-

237 5535 286 5586 εί
297 5553 365 5606 ρη
375 5534 553 5604 μένον
582 5546 598 5559 ·
637 5548 656 5579 ι
702 5527 965 5600 Ἐξὰρατε
986 5526 1077 5580 τὸν
1106 5525 1343 5596 πονηρὸν
1371 5525 1430 5590 ἐξ
1459 5525 1612 5596 ὑμῶν
1635 5526 1812 5578 αὐτῶν
1833 5538 1849 5552 '

1961 5527 2144 5582 dicum
2200 5526 2533 5584 fermentum
2574 5536 2746 5584 totam
2793 5544 3030 5584 massam
3074 5524 3379 5601 corrumpit
3423 5521 3490 5580 "’.
3519 5537 3538 5574 ι

872 5715 914 5746 ⁸⁸
940 5714 1074 5768 ibid.
1115 5713 1178 5767 l0
1207 5728 1358 5783 seqq.
1437 5715 1480 5745 σθ
1510 5712 1644 5766 ibid.
1682 5712 1742 5767 i‘J
1767 5727 1918 5783 seqq.
1999 5713 2040 5745 '7
2075 5713 2096 5767 l
2124 5711 2249 5768 Cor.
2279 5729 2328 5778 ι’,
2355 5712 2405 5766 6.

316 5717 512 5778 “lus.
546 5715 792 5772 “1.2-5.
872 5715 914 5746 ⁸⁸
940 5714 1074 5768 ibid.
1115 5713 1178 5767 l0
1207 5728 1358 5783 seqq.
1437 5715 1480 5745 σθ
1510 5712 1644 5766 ibid.
1682 5712 1742 5767 i‘J
1767 5727 1918 5784 seqq.
