3968 6300
446 335 547 392 ὄῖῚ

1433 331 1487 386 ε.
1523 329 1799 387 CYRILLI
1839 308 2314 390 numnam
2356 332 2673 391 ARCHIEP.

3596 337 3699 394 568

449 457 638 514 Nonne
690 452 855 522 igitur
883 458 967 506 est
1014 449 1112 505 tibi
1159 460 1349 521 aperte
1405 449 1842 507 demonstratum
1901 452 2016 523 pri-

2137 454 2303 525 μικρά
2330 452 2477 527 ζῦμη
2515 454 2636 508 ὅλον
2667 452 2727 506 τὸ
2766 452 2990 522 φύραμα
3038 447 3218 521 ζυμοῖ.
3257 467 3276 500 ι
3308 443 3457 520 ’Ἀρά
3497 465 3580 505 σοι
3615 451 3703 505 δέ-

447 558 598 597 mum
621 540 844 612 quidem
880 540 934 594 in
965 538 1267 606 Abraham,
1299 541 1507 596 sanctis
1551 541 1686 596 viris
1735 542 1874 596 nihil
1919 536 2022 597 ub-

366 683 375 691 .
445 648 567 690 esse
596 633 742 687 illam
790 647 859 687 ex
900 628 1225 684 fortitudine
1271 630 1523 701 gloriam,
1548 646 1613 686 ac
1661 630 1822 687 facile
1851 647 1920 687 ex
1957 646 2024 688 ea

446 722 625 794 sequi,
653 730 711 776 ut
738 734 1053 790 expugnare
1078 719 1268 775 hostes
1288 719 1521 790 possint,
1552 720 1599 776 si
1636 722 1775 777 nihil
1795 721 2025 778 munda-

445 828 578 868 num
606 825 855 883 quaerere
879 810 1191 878 voluerint;
1232 809 1442 866 deinde
1483 811 1543 867 in
1581 812 1763 867 Achar
1809 829 1926 870 rem
1966 813 2024 869 in

444 903 784 958 contrarium
821 900 1175 972 processisse,
1229 915 1357 956 cum
1390 900 1437 956 is
1482 916 1514 955 e
1548 910 1696 956 recta
1726 901 1814 958 via
1849 902 2022 958 decTi-

444 1001 649 1058 nasset,
682 1000 739 1049 et
767 991 836 1048 ad
880 1006 946 1047 ea
996 1006 1118 1060 quae
1160 990 1217 1045 in
1264 990 1473 1046 mundo
1546 1000 1676 1046 sunt
1717 1006 2026 1062 propensus

444 1085 685 1141 fuisset}!

516 1178 712 1233 PALL.
740 1178 972 1235 Maxime
1008 1193 1140 1235 vero
1171 1196 1187 1246 ;
1217 1178 1445 1235 evidens
1479 1193 1719 1251 namque
1738 1178 1844 1236 fuit
1891 1196 2020 1236 ora-

444 1270 542 1327 tio.

515 1360 671 1417 CYlt.
691 1359 961 1431 Oportere
983 1369 1166 1419 autem
1195 1373 1415 1420 sanctos
1429 1364 1578 1420 viros
1598 1363 1803 1434 ubique
1814 1362 2024 1434 simpli-

443 1464 537 1509 ces
582 1450 834 1505 moribus
875 1450 1072 1516 viueri,
1120 1467 1229 1507 non
1267 1453 1324 1508 in
1369 1454 1643 1510 sententia
1674 1470 1870 1525 parum
1916 1454 2022 1509 sibi

445 1549 718 1608 constare;
749 1540 805 1595 id
830 1554 961 1595 vero
988 1542 1211 1613 planum
1240 1542 1352 1609 fiet,
1382 1560 1449 1599 ex
1474 1560 1541 1601 eo
1563 1544 1712 1616 quod
1729 1546 1817 1601 lex
1834 1555 2022 1617 aperte

444 1632 581 1688 dicit
610 1650 623 1686 :
656 1652 675 1684 ι
703 1633 823 1688 Non
856 1641 1023 1690 erunt
1051 1650 1181 1689 vasa
1210 1634 1330 1690 viri'
1359 1652 1525 1707 super
1553 1636 1805 1703 muliere,
1843 1653 2023 1708 neque

444 1739 640 1791 rursus
660 1723 747 1778 vir
775 1723 1036 1780 induetur
1061 1725 1197 1780 stola
1237 1726 1496 1782 muliebri
1529 1767 1545 1790 ,
1593 1728 1852 1797 quoniam
1891 1728 2023 1784 abo-

2123 543 2335 599 δεικται
2355 544 2563 615 σαφῶς,
2583 545 2648 597 ἐν
2690 542 2788 614 μέν
2825 541 2902 612 τῷ
2939 539 3142 610 πρώτῳ
3192 537 3283 610 τῷ·
3310 539 3582 611 Ἀϐραὰμ,
3614 539 3703 605 τὼς

2123 635 2425 707 ἀπήμαντα
2461 635 2561 707 μὲν
2589 637 2704 698 τοῖς
2731 633 2909 702 ἁγίοις
2933 631 3177 703 διαμένει
3202 628 3273 684 τὰ
3296 631 3376 695 είς
3396 630 3571 703 ἀλκὴν
3599 633 3701 684 αὑ-

2124 728 2377 800 χήματα·
2417 728 2614 799 ἐψηται
2658 726 2714 780 δὲ
2736 725 2933 798 ῥᾳδίως
2966 722 3026 777 τὸ
3052 720 3373 792 δεδυνῆσθαι
3411 722 3701 778 καταθλεῖν

2121 818 2230 871 τῶν
2246 818 2479 891 ἐχθρῶν,
2496 820 2545 872 εί
2569 818 2737 891 μηδὲν
2762 818 2968 870 ἐλοιντο
2984 815 3092 870 τῶν
3114 816 3223 868 ἀπὸ
3250 815 3457 886 κόσμου
3481 812 3663 886 ζητεῖν
3682 829 3700 844 ·

2123 910 2181 963 ἐν
2199 909 2256 963 δέ
2280 926 2346 979 γε
2364 909 2444 981 τῷ
2485 910 2685 981 Ἀχαρ,
2711 908 2792 972 είς
2808 906 2870 961 τὸ
2889 905 3099 970 τούτοις
3119 905 3359 964 ἐναντίον
3382 907 3698 977 ἐκκεχωρηο

2122 1001 2256 1055 κότα
2298 999 2368 1055 τά
2400 1001 2725 1073 πράγματα,
2769 999 3127 1054 ἀποκλίναντι
3162 1000 3266 1069 τῆς
3313 997 3550 1065 εὐθείας,
3605 998 3697 1050 καὶ

2123 1094 2398 1150 νενευκότι
2428 1094 2564 1166 πρὸς
2584 1094 2651 1148 τά
2671 1096 2730 1148 ἐν
2757 1093 2980 1164 κόσμῳ;

2194 1190 2402 1244 ΠΑΔΛ.
2429 1179 2579 1243 Πάνυ
2612 1187 2712 1258 μὲν
2747 1181 2841 1241 οὖν
2859 1202 2878 1222 ο
2908 1183 3085 1256 σαφὴς
3120 1182 3232 1256 73:9
3253 1184 3282 1238 ό
3302 1182 3487 1253 λόγος.

2199 1367 2366 1423 ΚΥΡ.
2411 1368 2538 1422 Ὀτι
2560 1366 2617 1422 δὲ
2651 1366 2758 1441 χρὴ
2782 1367 2908 1432 τοὺς
2947 1366 3135 1435 ἁγίους
3161 1366 3405 1436 πανταχῆ
3439 1363 3697 1436 μονοτρό-

2124 1473 2259 1521 πους
2284 1457 2540 1530 ὁρᾶσθαι,
2569 1458 2664 1512 καὶ
2687 1457 2787 1527 οὐχ
2820 1453 3288 1528 ἐτερογνὼμονας,
3323 1455 3488 1523 σαφὲς
3510 1452 3579 1508 ἂν
3602 1454 3697 1522 7t-

2123 1566 2283 1614 νοιτο,
2305 1547 2400 1602 τοῦ
2417 1549 2583 1620 νόμου
2603 1548 2852 1618 λέγοντος
2872 1545 3115 1618 ἐναργῶς
3135 1560 3153 1577 ο
3182 1564 3201 1597 ι
3219 1546 3332 1600 Οὐκ
3350 1545 3501 1599 ἔσται
3526 1545 3693 1615 σκεύη

2123 1639 2314 1712 ἀνδρὸς
2342 1639 2434 1693 ἐπὶ⁸
2458 1637 2699 1707 γυναικὶ,
2731 1637 2853 1693 οὐδὲ
2885 1638 2961 1709 μὴ
3011 1634 3297 1705 ἐνδύσηται
3337 1634 3476 1707 ἀνὴρ
3505 1633 3695 1704 στολὴν

2125 1727 2463 1797 γυναικείαν,
2483 1729 2567 1783 ὅτι
2590 1727 2867 1798 βδέλυγμα
2896 1727 3045 1780 ἐστιν
3070 1725 3302 1781 ἐνώπιον
3353 1726 3564 1796 Κυρίου
3589 1728 3699 1789 πᾶς

446 1814 673 1871 minatio
704 1815 869 1871 estin
911 1825 1208 1887 conspectu
1254 1817 1470 1872 Domini
1527 1818 1776 1889 quisquis
1810 1818 1916 1875 hoc
1935 1818 2018 1875 fe-

2137 1817 2151 1868 5
2182 1816 2352 1871 ποιῶν
2374 1815 2569 1871 ταῦτα.
2602 1835 2621 1868 ι
2647 1816 2935 1887 Βδέλυγμα
2959 1815 3069 1887 γὰρ
3086 1817 3143 1869 ἐν
3163 1814 3263 1885 ἴσῳ
3286 1813 3435 1886 παρά
3454 1812 3577 1884 Θεῷ
3603 1814 3698 1868 καὶ

444 1905 581 1962 cerit
611 1907 655 1939 ⁸⁸
687 1926 700 1961 :
744 1926 762 1959 ι
798 1924 924 1962 nam
949 1923 1105 1979 atque
1143 1908 1495 1964 ahominatur
1512 1910 1657 1966 Deus
1678 1925 1744 1965 ac
1772 1911 2023 1981 turpissi-

441 2013 594 2052 mum
628 1999 1000 2068 spectaculum
1021 2009 1174 2070 putat
1205 2007 1321 2055 tum
1344 2000 1688 2057 fortitudinis
1705 2002 2021 2073 opinionem

443 2092 498 2146 in
537 2091 688 2146 molli
731 2092 862 2156 vita,
905 2091 1011 2146 hoc
1044 2092 1193 2147 enim
1244 2101 1348 2157 est,
1389 2108 1510 2147 esse
1546 2108 1675 2148 vasa
1718 2093 1823 2148 viri
1856 2110 2022 2165 super

443 2182 707 2249 muliere;
743 2190 857 2237 tum
887 2182 941 2237 in
971 2182 1099 2237 forti
1117 2183 1237 2238 viro
1261 2184 1439 2238 mollis
1464 2185 1633 2240 animi
1661 2185 2019 2257 languorem;

442 2273 495 2328 id
520 2275 667 2329 enim
698 2274 926 2344 perinde
970 2281 1055 2329 est
1079 2290 1143 2329 ac
1171 2274 1217 2330 si
1255 2276 1509 2332 muliebri
1547 2277 1692 2333 stola
1708 2276 1791 2330 vir
1824 2276 2021 2332 indua-

444 2374 554 2441 tur.

462 2522 465 2525 _
512 2456 710 2513 PALL.
747 2457 920 2524 Quale
944 2459 1092 2514 istud
1124 2469 1211 2515 est
1268 2460 1418 2531 quod
1455 2461 1581 2515 ais?

512 2551 668 2607 ΟΥΕ.
708 2550 900 2605 Nonne
939 2560 996 2605 et
1029 2551 1174 2621 apud
1218 2553 1392 2608 Deum
1443 2559 1500 2606 et
1560 2550 1704 2620 apud
1771 2549 2024 2604 homines

443 2659 609 2715 prava
655 2652 817 2713 atque
856 2644 1104 2714 improba
1137 2661 1227 2700 res
1264 2656 1349 2701 est
1374 2645 1720 2716 hypocrisis?

515 2733 712 2789 PALL.
738 2733 939 2788 Verum
983 2742 1087 2788 est.

512 2824 672 2881 CYR.
700 2822 842 2878 Num
886 2823 1077 2895 igitur,
1103 2825 1160 2900 _si
1188 2824 1313 2894 quis
1343 2825 1686 2895 voluptarius
1732 2823 1899 2879 fuerit
1965 2831 2024 2879 et

444 2919 840 2985 intemperans,
870 2924 928 2969 et
957 2930 1025 2969 ex
1056 2914 1188 2985 ipsis
1223 2915 1340 2970 suis
1358 2914 1518 2969 factis
1555 2915 1678 2970 talis
1698 2929 1817 2969 esse
1863 2929 2022 2968 coar-

443 3015 681 3079 guatur;
711 3004 911 3062 deinde
935 3005 1223 3061 confictam
1257 3005 1549 3077 probitatis
1581 3005 1896 3075 opinionem
1916 3003 2022 3059 sibi

443 3112 760 3167 comparare
802 3096 1050 3161 studeat,
1085 3096 1233 3153 hunc
1273 3096 1572 3161 hominem,
1621 3093 1847 3159 Palladi,
1886 3109 2022 3164 pro-

405 3188 584 3270 οι)εεῖ

410 3293 431 3309 ί
514 3276 712 3335 PALL.
744 3276 964 3334 Minime
996 3277 1273 3348 equidem.

509 3368 668 3427 CVR.
700 3370 819 3425 Jam
839 3385 968 3424 vero
1002 3379 1366 3439 temperatum
1410 3384 1600 3424 revera
1643 3369 1923 3426 hominem
1963 3376 2022 3425 et

446 3466 757 3527 honestum,
783 3477 966 3516 nonne
1002 3461 1060 3516 in
1090 3460 1286 3533 eadem
1334 3461 1607 3518 sententia
1644 3461 1880 3526 firmum,
1920 3475 2023 3516 nec

444 3555 722 3610 diversum
777 3553 845 3608 ab
888 3568 957 3607 eo
1014 3554 1161 3624 quod
1186 3562 1290 3618 est,
1322 3554 1554 3623 spectari
1609 3564 1865 3623 oportere
1889 3568 2021 3609 cen-

445 3646 573 3698 ses?

489 3733 715 3788 J’ALL.
742 3733 959 3786 Fateor.

496 3825 671 3879 .CYR.
700 3823 780 3877 Ne
806 3824 972 3894 igitur
1004 3837 1244 3892 unquam
1283 3821 1498 3877 solutus
1520 3824 1880 3892 quorumdam
1921 3822 2022 3877 ho-

448 3917 657 3971 minum
689 3923 746 3971 et
767 3916 947 3970 mollis
987 3914 1158 3969 animi
1200 3929 1395 3969 sensus
1438 3912 1777 3970 fortitudinis
1812 3913 2025 3985 opinio-

447 4023 570 4063 nem
618 4006 849 4074 subeat;
885 4007 990 4063 hoc
1030 4007 1179 4062 enim
1204 4012 1289 4061 est
1312 4023 1332 4060 ι
1366 4005 1446 4061 Νε
1488 4007 1561 4061 sit
1589 4022 1683 4062 vas
1719 4005 1822 4060 viri
1857 4021 2024 4075 super

445 4098 732 4154 mulierem
756 4117 767 4153 :
790 4114 972 4169 neque
999 4114 1193 4154 rursus
1217 4098 1313 4153 ille
1334 4113 1522 4153 revera
1552 4097 1710 4153 fortis
1739 4097 2027 4153 mollitiem

444 4200 653 4266 quaerat
674 4191 820 4257 ;.hoc
842 4206 1077 4261 namque
1102 4199 1186 4246 est
1212 4189 1453 4244 vicissim
1485 4206 1497 4242 :
1536 4188 1614 4244 Ne
1650 4188 1734 4243 vir
1762 4188 2026 4244 induatur

444 4280 582 4336 stola
621 4279 876 4335 muliebri
903 4296 916 4331 :
951 4288 1037 4334 est
1057 4279 1335 4349 enimpar
1368 4278 1425 4331 in
1451 4285 1681 4347 utraque
1708 4293 1766 4333 re
1805 4277 2022 4344 vitium,

444 4386 618 4442 eaque
646 4370 880 4426 crimina
896 4370 1133 4425 similem
1162 4369 1417 4440 injuriam
1454 4368 1643 4424 virtuti
1677 4367 1904 4422 faciunt.

2125 1906 2525 1962 ἀκαλλέστατον
2557 1907 2760 1979 θέαμα,
2780 1907 3157 1977 γενναιότητος
3187 1904 3453 1977 ὑπόληψις
3478 1905 3571 1958 ἐπὶ
3595 1923 3701 1977 μα-

2124 1999 2407 2071 λακισμοῖς
2426 2017 2440 2033 ·
2464 1999 2627 2054 τοῦτο
2663 2000 2771 2071 γάρ
2792 2001 2909 2053 ἐστι
2929 2000 2988 2053 τὸ
3015 1994 3154 2053 εἶναι
3191 1998 3359 2069 σκεῦη
3388 1996 3578 2070 ἀνδρὸς
3602 1999 3697 2052 ἐπὶ

2123 2092 2341 2163 γυναικί
2371 2106 2385 2121 ·
2412 2093 2509 2146 καὶ
2542 2092 2604 2147 τὸ
2626 2094 2801 2145 νοσεῖν
2829 2093 2886 2144 ἐν
2909 2090 3182 2160 ἀνδρείαις
3208 2090 3301 2143 τὸν
3326 2088 3691 2161 μαλακισμόν·

2124 2186 2283 2241 τοῦτο
2309 2184 2419 2257 γὰρ
2457 2184 2658 2257 ὁμοίιος
2696 2184 2756 2238 τὸ
2797 2183 3119 2238 ἐνδύσασθαι
3156 2182 3249 2237 τὸν
3284 2181 3455 2252 ἀνδρα
3502 2181 3693 2249 στολὴν

2124 2276 2464 2344 γυναικείαν.

2194 2457 2401 2511 ΠΑΛΛ.
2444 2450 2570 2511 Οἷον
2591 2454 2656 2527 δὴ
2685 2455 2739 2509 τί
2764 2456 2906 2526 vis;
3110 2498 3119 2504 .

2194 2548 2358 2602 ΚΥΡ.
2390 2548 2464 2600 Οὐ
2482 2547 2672 2619 χρῆμα
2697 2546 2932 2617 πονηρὸν
2955 2545 3048 2600 καὶ
3074 2544 3382 2615 ἀδόκιμονὴ
3408 2544 3697 2616 ὑπόκρισις

2125 2641 2275 2713 παρά
2304 2657 2362 2693 τε
2395 2640 2516 2708 Θεῷ
2535 2640 2631 2695 καὶ
2653 2639 2958 2711 ἀνθρώποις
2979 2658 2993 2706 ;

2192 2731 2404 2787 ΠΛΔΔ.
2457 2732 2700 2802 Ἀληθές.

2194 2822 2356 2877 ΚΥΡ.
2393 2823 2513 2893 ’Ἆρ’
2542 2818 2637 2877 οὖν
2661 2824 2715 2877 εί
2749 2840 2834 2887 τις
2870 2823 2955 2894 εἴη
2991 2822 3266 2891 φιλήδονος
3307 2822 3403 2877 καὶ
3427 2822 3695 2894 ἀκρατὴς,

2124 2913 2217 2966 καὶ
2241 2912 2302 2978 ἐξ
2318 2913 2498 2967 αὐτῶν
2519 2913 2799 2984 ἐλέγχοιτο
2822 2913 2933 2967 τῶν
2954 2913 3271 2984 δρωμένων,
3299 2913 3373 2976 ὡς
3391 2912 3510 2965 ἐστι
3527 2913 3698 2966 τοιοῦ-

2122 3021 2238 3069 τος,
2283 3000 2405 3059 εἶτα
2452 3005 2553 3076 τῆς
2601 3005 2905 3069 ἐπιεικείας
2949 3005 3326 3060 κατ’άπλαστον
3386 3005 3471 3072 ἐφ’
3519 3003 3699 3073 ἐαυτῷ

2128 3096 2331 3149 ποιοῖτο
2358 3095 2457 3166 τὴν
2486 3094 2666 3161 δόξαν,
2697 3094 3011 3158 ἐπαινέσαις
3039 3095 3105 3149 ἂν
3127 3095 3216 3147 τόν
3236 3111 3298 3169 γε
3330 3092 3570 3147 τοιοῦτον
3598 3092 3694 3147 αὑ-

2122 3182 2233 3250 τὸς,
2259 3177 2307 3238 ὦ
2330 3185 2625 3253 Παλλάδιες

2192 3275 2402 3328 [ΙΑΔΛ.
2441 3276 2516 3328 Οὐ
2543 3275 2643 3345 μὲν
2674 3271 2786 3330 οὖν.

2187 3366 2360 3421 «ΚΥΡ.
2384 3365 2449 3419 Τί
2479 3365 2536 3419 δὲ
2556 3366 2620 3438 δὴ
2647 3368 2739 3421 τὸν
2758 3367 2975 3438 ἀληθῶς
2999 3367 3225 3439 κόσμιον
3244 3370 3338 3422 καὶ
3358 3370 3696 3441 εὐσχήμονα,

2122 3458 2221 3512 οὐκ
2251 3457 2412 3530 οἰήσῃ
2454 3456 2563 3511 δεῖν
2602 3459 2660 3510 ἐν
2701 3459 2993 3528 ταυτότητι
3029 3458 3253 3531 γνώμης
3282 3461 3695 3533 ἐρηρεισμένον,

2123 3550 2222 3621 οὐχ
2243 3548 2427 3621 ἕτερόν
2452 3565 2506 3602 τι
2546 3550 2673 3620 παρ’
2703 3550 2837 3622 ὅπερ
2869 3550 2987 3604 ἐστὶ
3014 3550 3408 3619 γινώσκεσθαις

2194 3728 2402 3783 ΠΑΛΛ.
2429 3728 2595 3799 Φημί.

2196 3819 2360 3874 ΚΥΡ.
2389 3817 2599 3873 οὐκοῦν
2629 3819 2838 3889 μήποτε
2870 3818 2932 3873 τὺ
2956 3818 3259 3892 εὖθρυπτόν
3286 3839 3348 3876 τε
3371 3824 3467 3877 καὶ
3490 3824 3697 3896 μαλθασ

2124 3908 2220 3962 κδν
2262 3908 2518 3979 φρόνημά
2548 3920 2731 3971 τινων,
2772 3909 2871 3980 τὴν
2905 3909 3007 3979 τῆς
3052 3909 3306 3982 ἀνδρείας
3351 3912 3696 3984 ὑποτρεχὰω
3764 3920 3772 3937 ⁶

2124 3997 2316 4065 δόξανο
2345 3997 2505 4051 τοῦτο
2550 3997 2657 4068 γὰρ
2701 3997 2781 4064 τὸ,
2811 3999 2925 4053 Οὐκ
2954 3998 3107 4053 ἔσται
3162 4002 3330 4072 σκεύη
3369 4001 3563 4073 ἀνδρὸς
3602 4002 3700 4057 ἐπὶ
3766 4030 3769 4033 η

2125 4087 2345 4157 γυναικί
2374 4104 2386 4116 ·
2425 4088 2563 4158 μήτε
2599 4085 2705 4157 μὴν
2734 4087 2797 4140 τὸ
2827 4086 3043 4156 ἀληθῶς
3084 4088 3334 4171 εὐσθενὲς
3364 4089 3599 4161 ζητείτω
3636 4092 3698 4145 τὸ

2131 4177 2404 4251 μαλθακόν
2429 4192 2444 4207 ·
2478 4177 2636 4232 τοῦτο
2678 4178 2785 4250 γὰρ
2830 4177 2991 4234 πάλιν
3035 4179 3135 4246 τὺ,
3170 4180 3246 4233 Οὐ
3284 4180 3359 4253 μὴ
3409 4180 3699 4252 ἐνδύσηται

2127 4269 2265 4342 ἀνὴρ
2296 4269 2485 4340 στολὴν
2518 4271 2854 4338 γυναικείαν.
2891 4271 3009 4341 Ἴση
3042 4269 3150 4342 γὰρ
3183 4269 3369 4341 ὥσπερ
3408 4272 3467 4325 ἐν
3495 4273 3699 4342 ἀμφοῖν

2127 4363 2160 4434 ή
2202 4361 2493 4433 φαυλότης,
2520 4362 2616 4415 καὶ
2654 4361 2810 4433 ὕϐρις
2844 4362 2923 4425 εἰς
2956 4360 3158 4433 ἀρετὴν
3189 4360 3258 4416 τά
3284 4362 3623 4433 ἐγκλήματα.

520 4460 682 4537 148
729 4461 929 4517 PALL.
963 4461 1303 4517 Periculosa
1362 4475 1452 4514 res
1509 4471 1615 4525 est,
1665 4468 1726 4514 ut
1762 4459 2020 4526 videtur,

2199 4454 2408 4509 ΠΑΔΔ.
2426 4453 2719 4525 Σφαλερδν,
2742 4453 2817 4517 ὡς
2833 4452 3030 4523 ἔοικεν,
3047 4455 3076 4508 ό
3103 4453 3498 4531 μαλθακισμδς,
3523 4456 3621 4510 καὶ
3638 4454 3700 4510 τὸ

447 4553 708 4629 ttiollities
747 4553 938 4617 animi,
986 4568 1165 4624 neque
1217 4566 1346 4607 vero
1393 4566 1568 4623 preme
1600 4566 1811 4622 expers.

515 4643 673 4700 εἵη.
699 4642 848 4699 Nihil
898 4645 1124 4699 omnino
1155 4644 1396 4699 dubites.
1431 4642 1812 4697 Aversandum
1849 4642 1905 4697 id
1942 4651 2029 4697 est

445 4737 596 4795 enim
634 4750 788 4802 sane,
814 4744 872 4792 et
898 4730 1144 4791 'exosum
1171 4737 1282 4791 Deo
1323 4735 1537 4789 vitium.
1572 4734 1761 4804 Itaque
1786 4748 1818 4788 e
1857 4732 2028 4788 sacris

446 4832 611 4890 etiam
651 4827 958 4900 legionibus
1008 4828 1275 4898 rejicitur,
1315 4816 1415 4898 qui
1451 4823 1829 4896 hujuscemodi
1887 4822 2027 4878 forte

447 4918 772 4974 criminibus
802 4925 1058 4980 tenetur;
1085 4931 1225 4987 opus
1258 4915 1405 4970 enim
1440 4929 1561 4969 esse
1593 4928 1813 4977 censeo,
1843 4922 1902 4967 ut
1936 4911 2026 4965 ille

448 5024 639 5064 revera
671 5008 828 5064 fortis
869 5024 933 5064 ac
978 5016 1237 5063 strenuus
1269 5020 1541 5075 nusquam
1584 5003 1827 5057 animum
1865 5018 2026 5056 suum

447 5099 847 5170 per'incuriam
877 5098 1051 5170 frangi
1088 5097 1348 5169 patiatur,
1389 5094 1484 5150 sed
1506 5109 1631 5148 eum
1666 5109 1695 5146 a
1734 5092 2027 5147 formidine

450 5201 615 5262 atque
656 5192 1005 5247 cunctatione
1057 5189 1207 5245 omni
1267 5188 1505 5243 liberum
1565 5194 1778 5250 servet;
1825 5199 1888 5238 ac
1924 5183 2030 5238 fide

450 5283 690 5353 perfecte
713 5283 894 5348 nixus,
924 5282 1105 5336 dicat:
1137 5300 1153 5333 ι
1190 5279 1384 5335 Omnia
1399 5291 1622 5348 possum
1652 5276 1704 5329 in
1734 5290 1803 5330 eo
1829 5275 1922 5345 qui
1944 5290 2031 5329 me

452 5375 725 5430 eonfortat
745 5374 965 5429 Christo
989 5373 1033 5403 ⁶⁹
1059 5390 1071 5424 :
1095 5392 1112 5421 ι
1147 5380 1445 5440 caveatun
1492 5384 1561 5423 ne
1587 5377 1801 5422 terrena
1842 5381 2031 5436 sapere

451 5465 615 5526 velit,
648 5473 836 5532 utpote
863 5475 989 5516 cum
1016 5474 1080 5512 ea
1108 5474 1197 5514 res
1218 5457 1519 5528 perniciem
1545 5454 1705 5511 nobis
1732 5454 1946 5518 afferat,
1976 5461 2033 5507 et

455 5555 599 5625 apud
624 5556 795 5609 Deum
823 5552 1103 5623 improbos
1132 5566 1250 5605 esse
1276 5551 1635 5605 demonstret.
1679 5549 1867 5620 Itaque
1903 5563 2031 5604 rur—

514 5737 561 5771 ⁶⁸
590 5737 750 5794 Deut.
792 5747 919 5802 xm,
965 5733 1016 5787 ὕ.
1094 5732 1136 5763 ⁶⁹
1170 5728 1406 5800 Philipp.
1450 5744 1522 5793 tv,
1567 5729 1647 5784 15.

2130 4545 2324 4618 χρῆμά
2351 4547 2498 4599 ἐστιν
2530 4545 2631 4598 οὐκ
2669 4543 2921 4616 ἀζήμιον.

2202 4635 2366 4691 ΚΥΡ.
2395 4635 2489 4706 Μὴ
2543 4634 2653 4706 γὰρ
2696 4635 2975 4709 ἐνδοιάσῃς
3026 4636 3184 4700 ὅλως.
3235 4636 3566 4709 ’Δπόσλητον
3595 4638 3705 4708 γὰρ

2129 4724 2348 4798 κομιδῇ,
2378 4725 2471 4778 καὶ
2511 4722 2762 4794 θεομισὲς
2802 4725 2864 4779 τὸ
2887 4723 3057 4788 πάθος
3081 4740 3095 4754 ’
3143 4724 3418 4795 τοιγάρτοι
3461 4725 3557 4777 καὶ
3595 4725 3704 4777 τῶν

2130 4812 2291 4886 ιερῶν
2321 4811 2667 4884 ἐκπέμπεται
2696 4812 3011 4882 καταλόγων
3047 4808 3087 4865 ’ό
3131 4814 3244 4877 τοῖς
3280 4813 3503 4866 τοιοῖσδε
3541 4813 3704 4883 τυχόν

2133 4904 2470 4976 ἐγκλήμασιν
2505 4904 2841 4975 ἐνεχόμενος.
2881 4903 3093 4976 Χρῆναι
3115 4906 3226 4976 γὰρ
3246 4903 3419 4973 ἔγωγέ
3446 4918 3589 4975 φημι
3614 4904 3705 4957 τόν

2136 5012 2201 5064 γε
2229 4994 2447 5067 ἀληθῶς
2462 4994 2693 5066 εὐσθενῆ
2722 5013 2780 5049 τε
2816 4996 2909 5049 καὶ
2937 4996 3336 5064 γενναιότατον,
3352 4995 3585 5067 μηδαμῆ
3614 4995 3707 5049 τὸν

2135 5089 2336 5140 οἰκεῖον
2369 5086 2799 5158 περιθραύεσθαι
2834 5086 2958 5141 νοῦν
2989 5087 3340 5159 ἀμελετήτως
3377 5087 3492 5157 ἐᾷν,
3518 5085 3711 5156 δείμα-

2134 5195 2225 5241 τος
2253 5177 2426 5232 δὲκαὶ
2450 5177 2614 5231 ὄκνου
2648 5179 2848 5243 παντὸς
2878 5178 3137 5250 ἀνωτέρω
3159 5179 3372 5247 τηρεῖν,
3411 5176 3504 5231 καὶ
3528 5176 3708 5229 πίστει

2138 5270 2236 5339 μὲν
2256 5272 2323 5342 τῇ
2354 5271 2436 5334 είς
2470 5269 2601 5324 Θεὸν
2637 5271 2950 5342 ἀμωμήτως
2976 5270 3364 5343 ἐρηρεισμένον
3385 5307 3401 5332 ,
3452 5287 3471 5321 ι
3523 5267 3708 5321 ῐῐάντα

2139 5362 2358 5432 iuxtim,»
2383 5363 2580 5432 λέγειν,
2613 5367 2701 5418 «ἐν
2718 5363 2795 5435 τῷ
2810 5360 3193 5435 ἐνδυναμοῦντί
3218 5378 3284 5435 με
3306 5359 3585 5433 Χριστῷη
3612 5376 3711 5413 πα-

2137 5455 2438 5526 ραιτεῖσθαι
2475 5456 2530 5509 δὲ
2576 5458 2652 5521 ὡς
2703 5456 2924 5527 ὀλέθρου
2965 5454 3242 5526 πρόξενον,
3287 5454 3383 5508 καὶ
3419 5451 3711 5523 ἀδοκίμους

2138 5546 2283 5616 ἡμᾶς
2326 5546 2626 5616 ἀποφαῖνον
2660 5542 2812 5617 παρά
2858 5544 2998 5615 Θεῷ,
3034 5544 3092 5598 τὺ
3136 5546 3352 5617 φρονεῖν
3392 5540 3610 5596 ἑλέσθαι
3646 5540 3711 5592 τὰ
