3968 6300
231 166 321 224 669

953 166 1042 222 DE
1079 162 1517 223 ADORAIUONE
1556 168 1623 223 IN
1659 166 1928 225 SPIIlITU
1967 167 2056 225 ΕΤ
2096 169 2463 227 VERITATE.
2506 172 2636 227 LIB.
2680 172 2742 228 ν.

3378 168 3483 227 379

236 287 589 363 γεωδέστερα.
607 286 717 342 Καὶ
742 284 877 358 γοῦν
896 288 954 341 ὲν
979 285 1058 359 τῷ
1076 287 1479 361 Δευτερονομίῳ
1496 288 1803 360 γέγραπται

1916 304 2004 345 sus
2028 289 2085 345 in
2114 289 2542 345 Deuteronomio
2571 290 2838 360 scriptum
2872 302 2954 349 est
2997 311 3011 349 :
3056 313 3073 346 ι
3113 292 3170 350 Si
3198 292 3482 349 exierisaz.

238 382 408 439 πάλιν·
432 398 453 433 ι
498 379 624 435 Ἐὰν
661 379 887 454 ἐξέλθῃς
916 381 994 444 εἰς
1022 380 1259 451 πόλεμον
1291 380 1385 434 ἐπὶ
1413 381 1538 445 τοὺς
1568 380 1799 454 ἐχθρούς

239 492 341 539 σου,
372 472 465 527 καὶ
490 470 606 542 ἴδῃς
637 471 803 525 ῐππον
846 472 938 526 καὶ
965 470 1266 543 ἀναϐάτην,
1301 473 1395 527 καὶ
1417 471 1553 526 λαὸν.
1578 472 1800 529 πλείονά

240 586 341 635 σου,
369 565 428 620 οὐ
461 564 746 638 φοὸηθήσῃ
771 565 869 620 ἀπ’
903 565 1102 633 αὐτῶν,
1130 565 1212 619 ὅτι
1240 566 1445 638 Κύριος
1473 565 1502 620 6
1534 566 1667 631 Θεός
1705 584 1800 621 σου

240 657 362 731 μετὰ
406 654 524 723 σοῦ,
555 655 583 708 6
621 655 962 719 ἀναϐιϐάσας
1010 672 1069 709 σε
1117 657 1181 708 ὲκ
1222 656 1324 726 γῆς
1372 654 1672 725 Δίγύπτου,
1708 658 1803 710 καὶ

238 751 375 805 ἔσται
400 749 528 803 ὅταν
572 745 804 819 ὲγγῐσῃς
844 745 924 817 τῷ
962 746 1206 819 πολέμῳ,
1239 746 1333 801 καὶ
1377 749 1746 819 προσιγγίσας
1774 750 1802 801 6

237 825 646 916 ἱερεὺξλαλήσει
669 838 745 910 τῷ
766 837 901 909 λαῷ,
926 839 1022 892 καὶ
1046 840 1163 911 ὲρεί
1182 839 1318 912 πρὸς
1338 840 1557 904 αὐτούς’
1581 842 1800 907 Ἄκουε,

245 933 466 1006 Ἰσραὴλ,
497 934 655 1004 ὑμεῖς
696 931 1107 1005 προπορεύεσθε
1140 934 1382 1007 σήμερον
1408 934 1488 996 εἰς
1516 933 1607 988 τὸν
1645 933 1804 986 πόλε-

234 1042 324 1097 μον
347 1024 438 1078 ἐπὶ
470 1025 599 1088 τοὺς
636 1021 866 1095 ἐχθροὺς
898 1023 1074 1095 ὑμῶν,
1115 1025 1190 1094 μὴ
1214 1023 1488 1078 ὲκλυέσθω
1534 1024 1567 1094 ή
1608 1022 1805 1095 καρδία

231 1116 397 1190 ὑμῶν,
431 1116 507 1188 μὴ
538 1115 813 1185 φοϐεῖσθε,
850 1115 983 1188 μηδὲ
1015 1114 1281 1189 θραύεσθε
1320 1116 1418 1188 (1),
1452 1115 1588 1187 μηδὲ
1618 1114 1804 1170 ἐκκλί-

228 1227 346 1282 νητε
369 1208 476 1264 ἀπὸ
493 1207 785 1280 προσώπου
808 1208 987 1263 αὐτῶν
1008 1225 1020 1239 ·
1044 1209 1127 1262 ὅτι
1148 1207 1352 1280 Κύριος
1375 1209 1401 1261 6
1423 1206 1556 1272 Θεὸς
1577 1205 1753 1279 ὑμῶν,
1777 1208 1805 1260 6

231 1302 696 1376 προπορευόμενος
728 1302 849 1372 μεθ’
871 1301 1045 1373 ὑμῶν,
1079 1300 1494 1371 συμπολεμήσει
1525 1300 1655 1370 ὑμῖν
1678 1299 1803 1363 τοὺς

226 1394 446 1467 ἐχθροὺς
498 1394 653 1467 ὑμῶν
696 1394 961 1449 διασῶσαι
1010 1394 1175 1465 ὑμᾶς.
1224 1392 1334 1449 Καὶ
1380 1391 1704 1461 λαλήσουσιν
1754 1391 1805 1444 οί

227 1490 569 1558 γραμματεῖς
600 1487 732 1560 πρὸς
750 1486 839 1542 τὸν
865 1486 1014 1563 λαὸν,
1032 1485 1316 1555 λέγοντες-
1344 1485 1439 1550 Τίς
1462 1487 1490 1538 6
1517 1483 1803 1556 ἄνθρωπος

223 1581 251 1633 6
268 1579 624 1651 οἰκοδομήσας
646 1579 824 1634 οἰκίαν
858 1579 1072 1650 καινὴν,
1107 1579 1203 1632 καὶ
1230 1578 1330 1633 οὐκ
1354 1578 1685 1632 ἐνεκαίνισεν
1707 1575 1803 1631 αὖ·

223 1671 351 1740 τήν;
387 1669 712 1741 Πορευέσθω
752 1671 850 1723 καὶ
899 1670 1305 1740 ἀποστραφήτω
1343 1669 1423 1732 εἰς
1469 1667 1566 1738 τὴν
1622 1667 1802 1721 οἰκίαν

222 1754 403 1821 αὑτοῦ,
458 1758 539 1830 μὴ
579 1757 829 1833 ἀποθάνῃ
869 1757 1053 1829 ὲν·τῷ
1098 1758 1342 1829 πολέμῳ,
1383 1758 1478 1812 καὶ
1515 1757 1800 1828 ἄνθρωπος

220 1852 404 1920 ἕτερος
434 1853 701 1920 ὲγκαινιεῖ
731 1851 920 1923 αὑτήν.
972 1851 1084 1905 Καὶ¹
1131 1851 1216 1914 τίς
1252 1852 1281 1903 6
1328 1849 1612 1922 ἄνθρωπος
1653 1851 1802 1914 ὅστις

218 1940 517 2010 ἐφύτευσεν
541 1943 863 2015 ἀμπελῶνα,
902 1944 994 1998 καλ¹
1031 1943 1130 1996 οὐκ
1163 1942 1440 2014 εὐφράνθη
1474 1942 1567 1995 ἀπ’
1598 1941 1799 2006 cad-:06;

220 2032 550 2103 Πορευέσθω
590 2032 685 2087 καὶ
715 2034 1119 2106 ἀποστραφήτω
1155 2035 1235 2097 εἰς
1264 2034 1365 2106 τήν
1399 2034 1577 2089 οἰκίαν
1611 2034 1798 2101 αὐτοῦ,

217 2123 290 2195 μὴ
332 2123 589 2196 ἀποθάνῃ
624 2124 681 2177 ὲν
724 2123 801 2194 τῷ
841 2124 1085 2196 πολέμῳ,
1137 2125 1233 2180 καὶ
1284 2123 1571 2196 ἄνθρωπος
1618 2126 1806 2198 ἕτερος

220 2211 656 2284 εὐφρανθήσεται
686 2212 747 2277 ὲξ
774 2213 959 2267 αὑτοῦ.
1005 2214 1115 2267 Καὶ
1142 2215 1226 2278 τίς
1263 2216 1292 2268 6
1337 2214 1622 2286 ἄνθρωπος
1659 2216 1806 2280 ὅστις

222 2304 636 2375 μεμνήστευται
666 2307 923 2372 γυναῖκα,
961 2306 1053 2358 καὶ
1093 2305 1194 2359 οὐκ
1225 2304 1419 2365 ἔλασεν
1456 2307 1658 2379 αὐτήν;
1700 2308 1808 2360 IIo-

226 2392 466 2463 ρευέσθω
500 2395 591 2448 καὶ
622 2395 1033 2467 ἀποστραφήτω
1063 2398 1144 2460 εις
1167 2396 1265 2468 τὴν
1302 2397 1478 2451 οἰκίαν
1507 2396 1695 2459 αὐτοῦ,
1733 2397 1808 2469 μὴ

222 2484 469 2557 ἀποθάνῃ
497 2487 557 2540 ὲν
577 2483 654 2556 τῷ
681 2486 921 2557 πολέμῳ,
947 2488 1041 2542 καὶ
1058 2488 1153 2542 ἄνθ
1164 2505 1346 2560 ρωπος
1370 2488 1558 2561 ἕτερος
1577 2487 1808 2560 λήψεται

222 2579 411 2651 αὐτήν.
429 2580 546 2634 Καὶ
566 2577 966 2651 προσθήσουσιν
987 2581 1034 2634 οἱ
1060 2584 1411 2652 γραμματεῖς
1422 2579 1652 2652 λαλῆσαι
1674 2582 1809 2653 πρὸς

1904 380 2111 436 bellum
2143 380 2408 437 adversus
2426 380 2630 437 hostes
2655 390 2800 447 tuos,
2844 392 2909 439 et
2936 385 3148 442 videris
3172 401 3398 457 equum,
3423 393 3481 440 ct

1904 489 2272 540 ascensorem,
2301 484 2358 530 et
2381 476 2653 546 populum
2677 475 2937 546 majorem
2967 486 3041 543 te,
3071 495 3141 535 ne
3182 479 3378 534 timeas
3411 478 3482 533 ab

1905 564 2061 635 ipsis,
2085 565 2221 636 quia
2256 565 2522 621 Dominus
2548 566 2694 621 Deus
2742 574 2895 620 tuus-
2915 573 3240 633 tccum.est,
3271 569 3365 639 qui
3397 583 3484 623 as-

1905 653 2139 709 cendere
2181 662 2233 711 te
2274 653 2404 709 fecit
2431 654 2500 709 de
2544 662 2689 710 terra
2738 654 2973 727 Aigypti
3008 674 3044 708 :-
3070 666 3133 711 et
3174 659 3299 723 erit,
3354 674 3481 714 cum

1906 747 2429 818 appropinquaveris
2451 746 2519 801 ad
2547 746 2753 802 bellum
2780 788 2795 813 ,
2830 756 2889 803 et
2934 749 3191 805 sacerdos
3218 750 3505 806 accedens

1905 838 2166 908 loquetur
2213 836 2284 892 ad
2329 837 2617 909 populum,
2663 848 2723 893 et
2776 837 2926 894 dicet
2976 839 3043 894 ad
3084 855 3182 896 eos
3229 858 3242 893 :
3301 838 3483 907 Audi,

1906 930 2095 997 Israel,
2145 946 2244 986 vos
2274 930 2573 1002 proceditis
2621 930 2788 988 hodie
2846 931 2915 988 ad
2964 933 3171 989 bellum
3218 932 3490 990 adversus

3551 921 3571 951 ,ς

1906 1024 2095 1079 hostes
2118 1032 2352 1088 vestros,
2385 1038 2457 1078 ne
2484 1023 2818 1080 dissolvatur
2843 1040 2941 1082 cor
2961 1035 3227 1093 vestrum,
3269 1041 3338 1082 ne
3367 1024 3486 1082 for-
3553 1018 3565 1052 δ’

1906 1113 2146 1180 midetis,
2195 1129 2373 1185 neque
2436 1114 2818 1182 conteramini,
2887 1132 3067 1188 neque
3122 1117 3414 1175 declinetis
3456 1132 3486 1173 a

1905 1204 2044 1261 facie
2071 1208 2442 1278 eorum,quia
2463 1209 2730 1264 Dominus
2764 1208 2912 1266 Deus
2956 1218 3162 1276 vester,
3208 1210 3305 1282 qui
3354 1224 3488 1281 pro~

1908 1298 2053 1353 cedit
2083 1299 2389 1371 vobiscum,
2414 1301 2714 1373 dcbellabit
2734 1303 3017 1360 vobiscum
3041 1304 3230 1359 hostes
3251 1312 3487 1367 vestros,

1905 1399 1963 1446 et
1990 1392 2221 1448 salvabit
2258 1408 2375 1449 vos.
2416 1394 2488 1450 Et
2522 1395 2826 1466 loquentur
2875 1396 3069 1453 scribae
3101 1397 3168 1453 ad
3201 1396 3488 1468 populum,

1907 1482 2155 1539 dicentes
2194 1503 2207 1537 :
2273 1484 2409 1552 Quis
2453 1495 2540 1542 est
2579 1486 2746 1543 homo
2786 1488 2882 1559 qui
2938 1488 3229 1544 mdiﬁcavit
3265 1487 3492 1544 domum

1909 1590 2126 1639 novam,
2162 1584 2220 1631 et
2260 1592 2369 1632 non
2393 1577 2669 1635 dedicavit
2697 1579 2854 1635 eam?
2882 1578 3058 1634 Vadat
3092 1587 3150 1634 et
3186 1585 3495 1634 revertatur

1908 1664 1964 1718 in
1995 1665 2218 1721 domum
2262 1684 2438 1735 suam,
2461 1686 2530 1725 ne
2571 1670 2710 1727 forte
2725 1672 2993 1727 moriatur
3017 1671 3071 1725 in
3090 1670 3254 1736 bello,
3275 1681 3332 1726 et
3350 1670 3494 1726 alius

1908 1757 2074 1813 homo
2092 1758 2311 1817 dedicet
2325 1777 2466 1823 eam.
2486 1763 2554 1818 Et
2567 1764 2692 1833 quis
2710 1774 2792 1820 est
2813 1766 2999 1829 homo,
3019 1765 3112 1836 qui
3133 1765 3399 1834 plantavit
3414 1765 3495 1820 vi-

1907 1865 2090 1917 neam,
2113 1860 2169 1907 et
2181 1868 2290 1908 non
2305 1863 2387 1909 est
2411 1855 2714 1912 laetificatus
2734 1857 2802 1912 ab
2824 1872 2888 1912 ea
2900 1856 3106 1913 ?Vadat
3117 1867 3174 1913 et
3188 1866 3497 1913 revertatur

1910 1942 1966 1996 in
1992 1940 2217 1997 domum
2246 1958 2422 2010 suam,
2447 1961 2516 2000 ne
2535 1946 2799 2001 moriatur
2819 1948 2874 2002 in
2890 1946 3054 2012 bello,
3082 1955 3142 2002 et
3168 1946 3310 2002 alius
3329 1946 3496 2002 homo

1911 2031 2221 2088 laetiﬁcetur
2248 2034 2320 2089 ab
2353 2051 2437 2091 ea.
2474 2036 2545 2090 Et
2580 2036 2706 2106 quis
2741 2046 2825 2093 est
2862 2038 3048 2104 homo,
3080 2037 3175 2108 qui
3205 2036 3499 2107 despondit

1913 2140 2162 2192 uxorem,
2193 2136 2251 2183 et
2268 2143 2378 2183 non
2399 2129 2612 2199 accepit
2630 2146 2749 2185 eam
2770 2130 2792 2183 ?
2813 2130 2986 2186 Vadat
3015 2138 3071 2185 et
3100 2138 3409 2186 revertatur
3436 2127 3497 2184 in

1913 2215 2136 2272 domum
2175 2222 2351 2285 suam,
2387 2236 2456 2277 ne
2490 2221 2757 2276 moriatur
2794 2223 2851 2275 in
2881 2221 3047 2286 bello,
3079 2230 3137 2277 et
3166 2221 3308 2276 alius
3330 2221 3497 2276 homo

1912 2310 2147 2379 accipiat
2165 2326 2305 2366 eam.
2338 2312 2407 2367 Et
2427 2312 2685 2384 adjicient
2716 2313 2915 2369 scribae
2931 2313 3083 2384 loqui
3102 2313 3171 2368 ad
3188 2316 3189 2319 “
3206 2312 3493 2383 populum,

1913 2408 1969 2453 et
1989 2399 2177 2455 dicent
2210 2419 2222 2454 :
2250 2400 2386 2469 Quis
2403 2412 2489 2458 est
2524 2403 2691 2460 homo
2722 2402 2947 2459 timidus
2988 2411 3046 2459 et
3101 2402 3497 2458 formidolosus

1908 2493 2075 2548 corde
2115 2494 2346 2550 ?Vadat
2394 2505 2452 2551 et
2486 2505 2799 2569 revertatur
2833 2497 2890 2551 in
2945 2488 3385 2561 domum'suam,
3425 2510 3498 2550 ne

1912 2584 2110 2640 timere
2139 2583 2305 2641 faciat
2341 2600 2437 2642 cor
2474 2586 2664 2643 fratris
2699 2587 2808 2653 sui,
2849 2595 2913 2644 ut
2937 2603 3096 2643 suum
3146 2587 3318 2658 ipsius
3357 2585 3425 2640 ".
3469 2606 3489 2637 ι

224 2669 311 2725 τὶν
334 2669 489 2739 λαὸν,
556 2672 651 2727 καὶ
709 2670 916 2745 ἐροῦσιδ
950 2672 1046 2736 Τίς
1082 2673 1111 2726 6
1152 2672 1441 2744 ἄνθρωπος
1481 2674 1510 2727 6
1544 2671 1878 2744 φοϐούμενος
1916 2674 2013 2728 καὶ
2049 2674 2223 2743 δειλὸς
2246 2679 2313 2748 τῇ
2360 2676 2593 2749 καρδίας
2624 2676 2946 2748 Πορευὲσθω
2972 2678 3064 2731 καὶ
3089 2675 3498 2749 ἀποστραφήτω

224 2770 298 2830 εἰς
320 2766 419 2840 τήν
442 2766 625 2822 οἰκίαν
652 2767 841 2833 αὑτοῦ,
871 2767 960 2823 ἴνα
986 2767 1062 2840 μὴ
1085 2767 1327 2842 δειλιάνῃ
1354 2767 1450 2840 τὴν
1468 2767 1696 2840 καρδίαν
1714 2765 1805 2821 τοῦ
1847 2767 2077 2839 ἀδελφοῦ
2108 2768 2300 2835 αὐτοῦ,
2333 2770 2524 2844 ὥσπερ
2547 2773 2580 2843 ή
2603 2770 2795 2828 αὐτοῦ.
2830 2792 2851 2826 ι

287 2859 497 2915 (IAAA.
545 2858 687 2914 Ἀλλ’
719 2861 801 2914 ὅτι
830 2861 934 2933 χρὴ
984 2860 1083 2932 μὲν
1122 2859 1530 2934 τεθαρρηκότας
1560 2860 1653 2914 ἐπὶ
1692 2857 1811 2930 Θεῷ

220 2952 546 3024 διαπρέπειν
573 2952 803 3025 ἀρεταῖς
830 2953 924 3008 καὶ
954 2953 1091 3024 πρὸς
1122 2954 1230 3008 πᾶν
1252 2952 1434 3007 ὁτιοῦν
1464 2951 1810 3023 ἀνδρίζεσθαι

223 3041 325 3097 τῶν
344 3043 602 3114 ἀγαθῶν,
632 3038 728 3099 καὶ
748 3044 908 3110 αὐτὸς
927 3044 1039 3115 ἐγὼ
1064 3046 1230 3117 φαίην
1252 3045 1339 3102 ἀν.
1366 3045 1811 3117 Ἀποπέμπονται

222 3136 275 3189 δὲ
292 3136 385 3191 τοῦ
404 3137 835 3208 πολέμουτινὲς,
858 3138 934 3204 ὼς
954 3138 1340 3211 ἀνεπιτήδειοι,
1363 3136 1479 3201 πῶς
1500 3136 1667 3208 ήτίνα
1688 3136 1814 3209 τρό-

224 3243 330 3298 πον
344 3228 444 3283 οὐκ
483 3228 603 3300 ἔχω
633 3229 845 3300 μαθεῖν.
1344 3216 1355 3231 “

289 3321 544 3377 ΚΥΡ.“¹Η
590 3321 692 3375 οὐκ
719 3317 874 3377 οἶσθα
923 3323 1006 3377 ὅτι
1034 3323 1135 3377 οὐκ
1170 3321 1237 3378 ἂν
1290 3321 1575 3392 εὐδόκιμος
1608 3320 1818 3387 γένοιτο

224 3412 369 3483 παρά
404 3412 552 3485 Θεῷ,
596 3413 711 3466 ἀλλ’
740 3414 850 3468 οὐδ’
879 3415 946 3469 ἂν
971 3414 1145 3469 ἓλοιτό
1172 3431 1256 3479 τις
1286 3414 1413 3477 τοὺς
1442 3412 1582 3484 ὑπὲρ
1611 3413 1712 3483 τῆς
1738 3414 1818 3476 εἰς

223 3503 383 3557 αὑτὸν
414 3504 717 3569 εὐσεϐείας
748 3504 1048 3576 ἀνατλῆναι
1078 3506 1297 3570 πόνους,
1334 3504 1383 3557 εἰ
1416 3502 1494 3574 μὴ
1524 3502 1816 3574 παροικίαν

224 3595 406 3664 ἡγεῖτο
455 3594 560 3668 τὴν
600 3597 659 3649 ὲν
693 3595 830 3667 τῷδε
877 3594 955 3666 τῷ
1002 3594 1192 3667 κόσμῳ
1224 3592 1406 3665 ζωήνς
1452 3593 1633 3667 Ὅπερ
1688 3594 1819 3665 ήμίν

222 3686 417 3753 ἄριστά
450 3704 514 3743 τε
562 3687 664 3741 καὶ
706 3668 972 3759 ἐναργῶς,
1003 3685 1077 3750 ὡς
1104 3686 1162 3739 ὲν
1190 3685 1357 3740 εἰκόνι
1389 3685 1484 3741 καὶ
1514 3684 1725 3752 τύποις,
1761 3684 1820 3736 ὲν

225 3781 341 3844 ταῖς
371 3778 487 3834 τῶν
517 3779 704 3850 ἁγίων
744 3779 1018 3851 ἐγράφετο
1068 3777 1385 3842 πολιτείαις.
1425 3776 1681 3849 Παρῴκει
1723 3777 1820 3848 μὲν

224 3871 327 3943 γὰρ
367 3875 428 3927 ὲν
474 3874 719 3946 σκηναῖς
747 3874 778 3927 6
822 3871 1109 3937 θεσπέσιος
1155 3870 1428 3943 Ἀϐραὰμ,
1474 3870 1568 3924 καὶ⁵
1614 3868 1714 3931 τὴν
1757 3871 1821 3923 ὲκ

224 3962 399 4019 τόπων
443 3965 529 4030 εἰς
584 3964 793 4029 τόπους
831 3966 1067 4019 ἐποιεῖτο
1112 3963 1475 4036 παραδρομὴν
1497 3980 1510 3992 ·
1546 3964 1642 4018 καὶ
1676 3962 1823 4027 am;

222 4053 276 4108 δὲ
306 4057 450 4114 κατά
489 4056 601 4130 τὴν
639 4055 847 4128 ἔρημον
876 4057 907 4110 6
950 4054 1167 4128 Ἰσραὴλ
1210 4057 1411 4127 συχνάς
1457 4057 1692 4123 ἐποιεῖτο
1724 4054 1824 4118 τὰς

224 4145 524 4219 ἀπάρσεις,
560 4147 665 4203 καὶ
694 4147 1017 4220 κατῴκηκεν
1051 4148 1109 4200 ὲν
1140 4150 1386 4218 σκηναῖς.
1435 4144 1824 4218 Ἐπισεμνύνε-

224 4254 309 4297 ται
342 4238 400 4294 δὲ
426 4240 622 4312 τούτῳ
652 4238 774 4294 λίαν
796 4240 888 4294 καὶ
907 4241 936 4293 6
964 4239 1250 4311 προφήτης
1274 4238 1461 4306 Δαϐὶδ,
1479 4239 1623 4295 οὕτω
1649 4240 1824 4308 λέγων

225 4329 357 4400 πρὸς
390 4333 487 4386 τὸν
516 4331 662 4387 Θεόν
684 4349 696 4362 ·
733 4351 751 4384 ι
792 4333 951 4396 ΙΙἈνες
986 4348 1099 4403 μοι,
1133 4332 1217 4385 ὅτι
1242 4331 1646 4403 παροικόςείμι
1679 4334 1737 4385 ὲν
1756 4334 1825 4405 τῇ

220 4427 289 4497 γῇ
339 4427 436 4482 καὶ
481 4425 917 4499 παρεπίδημος,
983 4423 1168 4487 καθὼς
1224 4423 1427 4488 πάντες
1479 4426 1529 4478 oi
1589 4426 1826 4496 πατέρες

1988 2860 2186 2916 PALL.
2222 2862 2388 2933 Atqui
2408 2873 2663 2935 oportere
2685 2862 2783 2919 Dei
2808 2863 3015 2918 auxilio
3038 2860 3210 2918 fretos
3227 2861 3498 2917 excellere

1917 2954 2235 3020 virtutibus,
2275 2965 2332 3011 et
2377 2956 2446 3011 ad
2485 2956 2669 3012 omnia
2727 2971 2848 3026 qua:
2894 2964 3043 3010 recta
3102 2962 3232 3010 sunt
3271 2961 3505 3008 strenue

1918 3047 2040 3112 niti,
2075 3047 2243 3103 etiam
2271 3048 2386 3118 ipse
2424 3047 2617 3103 fateor.
2657 3046 2945 3114 Quomodo
2987 3054 3171 3101 autem
3194 3043 3443 3099 nonnulli
3466 3059 3505 3097 a

1860 3180 1883 3199 η
1918 3136 2065 3193 bello
2088 3144 2344 3207 tanquam
2367 3137 2539 3207 inepti
2563 3137 2910 3208 rejiciantur,
2937 3151 3048 3191 non
3083 3132 3356 3203 intelligo.

1960 3322 2288 3395 1&9CYR.
2309 3323 2394 3379 An
2419 3323 2638 3395 ignoras
2650 3324 2927 3378 neminem
2943 3322 3089 3394 apud
3107 3322 3280 3379 Deum
3306 3320 3507 3392 proba-

1923 3422 2039 3468 tum
2058 3412 2195 3478 fore,
2224 3429 2403 3484 neque
2427 3429 2558 3469 vero
2569 3424 3074 3484 possequemquam
3087 3418 3351 3477 statuere,
3394 3410 3512 3465 sibi»

1922 3520 2021 3574 pro
2035 3506 2238 3576 pietate
2261 3506 2477 3565 labores
2494 3521 2615 3563 esse
2639 3505 2973 3571 tolerandos,
2995 3504 3104 3561 nisi
3127 3504 3295 3576 hujus
3312 3500 3507 3557 mundi

1922 3599 2091 3657 vitam
2127 3597 2424 3659 incolatum
2446 3598 2755 3670 putaverit?
2770 3596 2928 3666 Quod
2966 3598 3146 3669 ipsum
3179 3595 3382 3667 optime
3406 3611 3506 3651 no-

1925 3691 2011 3747 bis
2051 3701 2215 3762 atque
2262 3692 2678 3748 evidentissime
2718 3691 2775 3746 in
2843 3699 3163 3747 sanctorum
3208 3690 3512 3745 hominum

1925 3783 2361 3848 conversatione,
2402 3791 2656 3853 tanquam
2674 3782 2733 3836 in
2765 3780 3003 3853 imagine
3036 3778 3336 3851 ﬁgurisque
3380 3774 3506 3833 de-

1924 3876 2190 3946 scriptum
2210 3884 2314 3931 est.
2358 3875 2491 3930 Nam
2521 3883 2578 3929 et
2615 3873 2700 3928 vir
2742 3870 3100 3928 admirandus
3130 3869 3406 3925 Abraham
3449 3868 3508 3924 in

1926 3966 2297 4022 tabernaculis
2327 3964 2709 4021 diversahatur
2730 4004 2744 4029 ,
2779 3972 2835 4018 et
2859 3978 2926 4017 ex
2963 3962 3100 4015 locis
3146 3960 3270 4015 aliis
3305 3960 3362 4012 in
3399 3959 3510 4012 alia
3592 4010 3595 4015 .

1924 4058 2045 4115 loca
2085 4056 2467 4128 demigrabat:
2502 4063 2558 4109 et
2587 4054 2878 4109 universus
2902 4051 3071 4106 Israel
3097 4066 3198 4120 per
3224 4050 3506 4104 desertum

1928 4150 2246 4221 frequenter
2260 4147 2574 4203 mansiones
2592 4144 2861 4209 mutabat,
2886 4151 3050 4212 atque
3068 4143 3123 4196 in
3142 4138 3511 4196 tabernaculis

1931 4241 2121 4295 itidem
2167 4239 2488 4294 habitabat:
2528 4237 2728 4291 beatus
2769 4248 2902 4288 vero
2939 4232 3111 4287 David
3149 4246 3214 4285 ea
3250 4246 3309 4285 re
3342 4230 3508 4285 etiam

1929 4330 2288 4403 gloriabatur,
2302 4328 2383 4383 sic
2398 4327 2587 4383 dicens
2606 4325 2673 4380 ad
2686 4324 2979 4380 Dominum
3005 4341 3017 4376 :
3048 4342 3066 4374 ι
3089 4321 3329 4377 Remitte
3350 4322 3508 4385 mihi,

1930 4423 2060 4494 quia
2103 4419 2314 4475 advena
2348 4433 2449 4490 ego
2478 4431 2600 4473 sum
2624 4416 2683 4471 in
2702 4424 2871 4494 terra,
2920 4422 2977 4469 et
2999 4412 3329 4484 peregrinus
3368 4411 3514 4467 sicut

225 4492 345 4587 μόυ.
408 4539 430 4573 ι
513 4492 850 4590 Ἀπεδέχετο
919 4517 978 4571 δὲ
1038 4517 1244 4589 σφόδρα
1304 4518 1405 4581 τὰς
1462 4517 1573 4572 ἀνω
1619 4492 1810 4589 μονάςλ

1931 4492 2334 4584 omnespatres
2364 4511 2473 4567 mei
2505 4510 2549 4541 '”
2586 4527 2599 4563 :
2633 4531 2651 4562 ο
2690 4492 2995 4579 Ειρὸιοιηι
3025 4507 3190 4564 etiam
3217 4506 3514 4563 vehemen—

220 4610 360 4667 οὕτω
389 4613 614 4683 λέγων·
686 4632 705 4665 ι
747 4612 838 4676 Ὠς
891 4610 1163 4681 ἀγαπητὰ,
1195 4609 1265 4664 τὰ
1318 4610 1657 4683 σκηνώματά
1708 4628 1824 4676 σου,

222 4708 397 4783 Κύριε
460 4710 580 4764 τῶν
636 4705 951 4778 δυνάμεωνῑ
1002 4704 1286 4765 Ἐπιποθεῖ
1343 4704 1438 4762 καί
1498 4703 1739 4757 ἐκλείπει
1792 4705 1827 4775 ἡ

1934 4617 2023 4665 ter
2076 4620 2347 4677 supernas
2394 4603 2515 4659 illas
2551 4601 2867 4658 mansiones
2904 4642 2919 4667 ,
2970 4616 3096 4656 cum
3139 4600 3219 4655 sic
3259 4598 3509 4653 diceret:

1942 4721 1960 4752 ι
1997 4699 2172 4767 Quam
2192 4697 2394 4754 dilecta
2426 4695 2780 4752 tabernacula
2814 4700 2930 4760 tua,
2959 4693 3190 4748 Domine
3212 4690 3512 4745 virtutum!

218 4758 985 4875 Jugvpouweigvtdgublk
1017 4758 1115 4857 ’τιθῦ
1155 4758 1384 4868 Κυρίου,
1429 4815 1447 4847 ι
1478 4795 1736 4864 Φρονοῦσι
1764 4795 1810 4851 δί

1935 4791 2279 4862 concupiscit
2296 4798 2364 4851 et
2380 4788 2568 4845 deﬁcit
2588 4786 2772 4843 anima
2787 4801 2907 4841 mea
2929 4785 2986 4839 in
3001 4782 3141 4838 atria
3155 4780 3374 4836 Domini
3389 4781 3456 4836 ⁷³.
3489 4801 3508 4833 ι

223 4872 681 4957 caesionum
706 4899 774 4953 τὰ
801 4898 936 4963 ἀνω,
971 4897 1067 4951 καὶ
1110 4896 1209 4960 τὰς
1242 4896 1300 4947 ὲν
1327 4895 1439 4957 τοῖς
1469 4886 1810 4964 οὑρανοῖςδιι

1937 4882 2221 4953 Ejusmodi
2260 4880 2535 4945 homines,
2591 4894 2714 4950 quae
2753 4891 2971 4933 sursum
3017 4881 3145 4930 sunt
3185 4872 3425 4943 sapiunt,
3453 4889 3525 4930 ao

221 4992 368 5062 ψῶσι
402 4993 613 5067 μονὰς,
666 4991 731 5056 6.;
777 4991 870 5044 καὶ
899 4989 1059 5053 αὐτὸς
1093 4975 1122 5041 6
1156 4985 1344 5057 Σωτὴρ
1381 4985 1495 5048 τοῖς
1540 4979 1810 5052 ἀγαπῶσιπ

1941 4982 2137 5039 sitiunt
2149 4997 2264 5047 eas,
2288 4997 2412 5052 quae
2428 4981 2483 5035 in
2497 4979 2638 5036 coelo
2663 4983 2811 5039 sunt,
2830 4968 3164 5037 mansiones,
3188 4988 3327 5045 quas
3348 4971 3515 5027 etiam

225 5086 391 5141 αὐτὸν
442 5087 846 5156 ὑπισχνεῖται,
880 5081 1087 5150 λέγων’
1124 5096 1143 5130 ι
1182 5076 1516 5149 Πορεύομαι,
1564 5073 1656 5127 καὶ
1689 5074 1800 5126 ὲτοι

1944 5076 2061 5145 ipse
2101 5073 2352 5129 Salvator
2395 5069 2754 5142 diligentibus
2809 5081 2867 5120 sc
2933 5064 3514 5135 pollicetur,dicens:

228 5180 389 5248 μάσω
420 5180 605 5235 τόπον
639 5178 793 5248 ὐμῦι,
823 5175 918 5230 καὶ
945 5173 1111 5228 πάλιν
1139 5169 1275 5242 ἥξω,
1317 5170 1411 5224 καὶ
1441 5166 1810 5240 παραλήψομα

1953 5188 1969 5217 ι
2004 5165 2173 5234 Yado,
2196 5174 2254 5219 ct
2288 5162 2605 5234 praeparabo
2638 5157 2796 5213 vobis
2836 5156 3048 5213 locum:
3077 5168 3157 5213 etv
3182 5158 3381 5212 iterum
3420 5170 3518 5207 vc-

226 5246 370 5341 θμᾶς
419 5273 546 5343 μετ’
583 5246 856 5340 ἐμαυτοῦ,
898 5267 989 5320 ἵνα
1033 5265 1166 5319 ὅπου
1196 5262 1327 5333 εἰμὶ
1373 5261 1506 5329 ἐγὼ,
1542 5259 1638 5313 καὶ
1679 5258 1808 5328 ὑμεῖ

1945 5255 2114 5319 niam,
2146 5261 2490 5309 ctassumam
2523 5264 2621 5303 vos
2642 5261 2888 5315 mecum,
2932 5256 2995 5302 ut
3032 5246 3267 5317 ubi~cgo
3292 5258 3435 5309 sum,
3464 5247 3529 5296 et

294 5412 340 5444 ⁷⁸
379 5413 556 5472 Deut.
614 5427 708 5476 xx,
756 5412 780 5465 l
819 5427 969 5482 seqq.
1081 5411 1122 5440 τι
1152 5409 1292 5465 Psal.
1323 5423 1543 5473 xxxvi“,
1578 5405 1661 5462 14.
1777 5405 1821 5436 ⁷⁸
1850 5402 1994 5459 Psal.
2023 5416 2238 5466 Lxxxm,
2261 5399 2313 5452 2.

299 5554 378 5623 (Ι)
417 5554 517 5607 Sic
572 5552 860 5608 habebant
907 5552 1000 5611 alii
1036 5550 1194 5609 codd.
1234 5558 1287 5606 ct
1330 5551 1599 5619 impressa
1660 5544 1868 5613 Biblia;
1912 5552 1963 5600 ct
2004 5540 2192 5614 Cyrilii
2252 5538 2424 5597 codex
2454 5536 2772 5602 Vaticanus,
2810 5534 2941 5610 μηδὲ
2971 5528 3323 5606 ταράττεσθε,
3358 5535 3525 5602 arguo

228 5624 668 5680 rauturbcmini.
1709 5633 1713 5637 '
