3966 6298
457 267 556 325 371

1447 267 1505 325 s.
1545 264 1833 346 cmeLt
1860 261 2328 323 ALEXANDRINI
2364 260 2682 324 ARClllEi’.

3601 255 3706 316 372

390 396 417 406 "
456 405 556 448 vos
580 388 655 446 ibi
670 401 887 445 mecum
912 386 1034 447 sitis
1054 390 1121 446 ⁷⁸.
1147 411 1166 444 ι
1197 390 1329 463 Ejus
1358 389 1526 460 igitur
1579 391 1676 461 qui
1699 394 2023 460 praesentem

2127 386 2245 441 ἐκεῖ
2272 387 2393 459 μετ’
2424 390 2560 460 ἐμοῦ
2587 384 2709 461 ἦτε.
2754 406 2772 440 ι
2804 384 2984 450 Τύπος
3004 377 3098 439 οῦν
3127 352 3257 455 ἀρα,
3280 377 3374 436 τοῦ
3408 379 3707 451 παροικίαν

454 484 624 537 vitam
650 482 947 539 incolatum
974 490 1169 555 putare
1199 499 1310 538 non
1343 483 1577 539 sustinet
1635 482 1862 554 figuram
1890 480 2029 551 gerit

456 573 550 630 ille
598 574 694 644 qui
726 574 950 630 domum
978 575 1228 641 aedificat,
1268 583 1324 631 et
1347 576 1403 630 in
1434 575 1541 630 hoc
1581 590 1720 646 opus
1750 573 2029 629 studiosus

455 663 730 719 incumbit
761 681 774 717 :
808 664 994 735 cupidi
1028 671 1210 720 autem
1238 665 1478 720 hominis
1533 671 1591 720 et
1625 665 1797 729 avari,
1827 662 1876 719 is
1930 662 2028 733 qui

453 753 672 809 vineam
704 755 916 825 plantat
955 773 966 807 :
998 755 1094 825 qui
1128 770 1262 811 vero
1292 754 1618 810 feminarum
1654 754 1825 810 amori
1870 754 2026 811 dedi-

456 854 547 901 tus
571 845 760 912 fuerit,
798 854 855 903 et
881 847 1256 919 voluptatibus
1276 854 1593 913 enervatus,
1619 846 1823 917 quique
1846 848 2034 902 carnis

455 938 920 1009 concupiscentiis
954 938 1197 993 animum
1224 938 1533 1003 tradiderit,
1559 952 1685 992 eum
1720 937 2029 1009 signiﬁcare

453 1036 637 1101 potest
667 1030 760 1087 ille
803 1031 898 1101 qui
930 1030 999 1086 ad
1022 1028 1476 1101 despondendum
1509 1044 1737 1085 uxorem
1777 1029 2026 1083 accessit.

454 1120 646 1191 itaque
679 1120 932 1176 militaris
959 1122 1231 1192 praeconis
1259 1136 1390 1176 voce
1420 1137 1489 1177 ex
1533 1119 1624 1176 illa
1685 1135 1840 1175 sacra
1873 1126 1930 1174 et
1960 1119 2029 1174 ad

454 1226 695 1282 pugnam
733 1210 1012 1282 aptissima
1068 1213 1292 1269 cohorte
1330 1211 1615 1268 recedunt.
1666 1211 1798 1278 Qua:
1845 1220 2028 1266 autem

454 1303 754 1360 verisimile
797 1313 918 1360 erat
962 1319 1060 1361 eos
1118 1306 1214 1375 qui
1253 1304 1522 1378 ejusmodi
1570 1303 1722 1360 vitiis
1766 1302 2028 1374 implicati

456 1404 665 1461 essent,
689 1402 745 1452 et
767 1397 1009 1468 cogitare
1037 1405 1094 1453 et
1135 1398 1341 1464 dicere,
1384 1411 1450 1452 ea
1494 1411 1674 1468 praeco
1717 1395 1872 1466 prius
1915 1395 2029 1450 cla-

455 1487 660 1543 mabat.
692 1489 778 1544 An
803 1505 935 1545 vero
956 1490 1145 1562 negari
1162 1496 1364 1561 potest,
1395 1489 1530 1561 quin
1557 1488 1595 1543 ii
1654 1488 1749 1559 qui
1789 1488 2028 1558 ejusmo-

455 1577 513 1632 di
540 1578 692 1635 vitiis
721 1580 996 1647 laborant,
1021 1581 1264 1636 libenter
1294 1581 1350 1635 in
1379 1577 1856 1651 persecutionibus
1872 1592 2031 1631 vaca-

451 1670 737 1727 tionema
768 1672 1057 1727 laboribus
1100 1672 1533 1743 amplectantur,
1566 1685 1671 1725 nec
1717 1668 1896 1725 studia
1939 1683 2027 1724 se-

451 1770 716 1832 quantur,
744 1778 869 1834 quae
908 1777 1010 1833 pro
1046 1763 1144 1817 Dei
1184 1762 1452 1818 charitate
1487 1758 1836 1830 suscipienda
1874 1765 2025 1823 sunt,

453 1853 585 1909 dum
610 1852 871 1923 cogitant,
909 1868 968 1909 se
997 1854 1057 1908 in
1078 1867 1151 1910 eo
1170 1852 1488 1917 certamine,
1519 1852 1566 1907 si
1590 1850 1723 1922 quid
1753 1850 1868 1920 pati
1891 1866 2027 1905 con-

453 1945 656 2016 tigerit,
685 1946 895 2011 domos,
931 1944 1303 2016 possessiones
1342 1952 1400 2000 et
1441 1943 1890 1999 charissimarum
1940 1955 2032 1996 reo

451 2050 577 2090 rum
605 2035 819 2092 fructus
841 2051 961 2092 esse
987 2037 1316 2092 amissuros?
1335 2036 1417 2091 Ex
1443 2051 1554 2105 quo
1585 2033 1646 2088 fit
1714 2039 1777 2087 ut
1834 2031 2029 2088 formi-

449 2125 627 2180 dolosi
680 2132 739 2181 et
762 2126 945 2198 ignavi
963 2126 1466 2197 deprehendantur.
1514 2124 1651 2192 Qua!
1691 2124 1857 2195 igitur
1894 2138 2030 2179 εοηά

449 2221 775 2270 scntaneum
818 2224 940 2271 erat
978 2225 1041 2270 ut
1079 2215 1158 2270 illi
1206 2224 1265 2271 et
1311 2216 1602 2279 sentirent,
1661 2223 1720 2269 et
1758 2213 2029 2278 dicerent,

455 2305 614 2376 150
668 2307 861 2363 eadem
927 2308 1110 2363 scriba
1163 2307 1528 2378 praedicabat,
1570 2305 1813 2376 obliquis
1857 2302 2030 2359 veluti

450 2398 1001 2470 reprehensionibus,
1063 2405 1125 2454 et
1164 2398 1356 2454 facetis
1399 2394 1916 2468 eaprobrationibus
1953 2393 2033 2449 fe.

451 2489 602 2547 riens
631 2491 894 2562 ignavum
917 2491 1221 2555 hominem,
1252 2495 1607 2544 excusantem
1647 2486 2034 2542 excusationes

451 2584 510 2639 in
536 2584 799 2654 peccatis,
832 2590 892 2639 et
918 2592 1178 2653 tanquam
1225 2594 1406 2636 escam
1439 2579 1732 2649 quamdam
1769 2593 1884 2633 suae
1916 2576 2029 2632 for-

454 2674 649 2729 midini
692 2673 1000 2728 mundanas
1048 2670 1357 2742 voluptates
1406 2669 1776 2741 colligentem.
1821 2668 2029 2735 Quam-

453 2766 645 2822 obrem
668 2765 841 2836 jussit
856 2767 1001 2820 Deus
1024 2774 1086 2819 ut
1106 2771 1407 2820 extremam
1434 2777 1623 2818 vocem
1656 2760 1749 2817 ille
1779 2760 2032 2816 militaris

453 2872 634 2926 prmo
678 2866 923 2929 apertam
968 2869 1025 2914 et
1051 2857 1316 2914 detectam
1361 2858 1644 2913 emitteret
1673 2874 1687 2910 :
1715 2875 1733 2908 ι
1776 2856 1847 2912 Ει
1896 2855 2034 2926 adji-

453 2947 619 3014 clcnt,
650 2947 856 3019 inquit,
885 2947 1091 3004 Scriba:
1124 2949 1275 3020 loqui
1312 2949 1382 3004 ad
1420 2948 1703 3020 populum,
1733 2955 1791 3004 et
1808 2947 2026 3003 dicent:

2132 476 2384 551 ἡγεῖσθαι
2417 480 2492 551 μὴ
2516 478 2844 551 ἀνεχομένου
2867 477 2967 551 τὴν
2988 475 3268 548 παροῦσαν
3288 474 3454 544 ζωὴν,
3471 474 3500 526 ὁ
3529 471 3706 528 οίκίαν

2130 568 2448 640 οἰκοδομῶν,
2488 570 2583 623 καὶ
2627 571 2747 633 ταῖς
2792 569 2923 641 περὶ
2953 566 3156 637 ταύτην
3184 562 3431 637 φιλεργία
3443 580 3491 626 ις
3541 578 3708 615 σπουι

2131 661 2299 724 δαίως
2327 661 2642 732 ἐγκείμενος
2661 674 2676 690 ·
2698 658 2793 715 τοῦ
2813 654 2872 713 δέ
2905 655 3298 729 φιλοκτήμονος
3324 650 3420 710 καὶ
3454 654 3705 726 φιλοκερ-

2128 752 2274 817 δοῦς,
2305 750 2334 806 6
2364 752 2662 821 ἀμπελῶνα
2688 749 2935 820 φυτεύων
2953 765 2968 779 ·
2991 748 3082 802 τὸν
3107 748 3165 802 δέ
3195 764 3261 817 γε
3296 744 3699 816 γυναικομανῆ,

2130 842 2224 896 καὶ
2261 840 2721 914 ἐκτεθρυμμένον,
2751 840 2846 893 καὶ
2862 839 2983 902 ταῖς
3009 841 3111 910 τῆς
3140 837 3342 906 σαρκὸς
3384 834 3703 905 ἐπιθυμίαις

2130 934 2380 989 ἐπιδόντα
2417 934 2511 989 τὸν
2558 933 2705 996 νοῦν,
2756 932 3193 1002 κατασημήνειεν
3251 928 3317 982 ἂν
3369 930 3398 981 6
3443 926 3701 996 γυναικὸς

2134 1027 2403 1099 μνηστείᾳ
2434 1024 2697 1099 προσιών.
2723 1023 3014 1094 Τοιγάρτοι
3038 1022 3106 1093 τῇ
3133 1018 3228 1073 τοῦ
3260 1018 3704 1089 στρατοκήρυκος

2130 1125 2306 1194 φωνῇ,
2345 1120 2444 1193 τῆς
2479 1122 2632 1193 ίερᾶς
2657 1120 2751 1174 καὶ
2780 1115 3173 1189 μαχιμωτάτης
3192 1109 3540 1181 ἀποχωροῦσι
3567 1108 3709 1179 πλη-

2131 1212 2276 1276 θύος.
2312 1214 2386 1266 ’Δ
2408 1212 2465 1267 δέ
2501 1208 2569 1285 ἦν
2599 1210 2747 1274 είκδς
2787 1210 2913 1272 τοὺς
2962 1205 3190 1260 τοιοῖσδε
3239 1200 3703 1270 συνειλημμένους

2129 1306 2358 1362 πάθεσιν
2411 1307 2611 1360 ἐννοεῖν
2638 1322 2700 1359 τε
2733 1302 2831 1356 καὶ⁵
2862 1301 3063 1370 λέγειν,
3099 1296 3274 1350 ταῦτα
3315 1294 3380 1364 δὴ
3431 1293 3644 1362 φθάσας
3674 1295 3703 1345 6

2129 1399 2308 1472 κῆρυξ
2337 1396 2624 1470 ἀνεφὼνει.
2657 1396 2731 1450 Ἣ
2767 1396 2868 1450 οὐκ
2890 1391 3107 1463 ἀληθὲς,
3139 1385 3214 1452 ὡς
3244 1389 3357 1451 τοῖς
3382 1385 3450 1440 τά
3477 1381 3705 1437 τοιαῦτα

2129 1490 2309 1543 νοσεῖν
2336 1489 2579 1552 εἰωθόσι,
2604 1487 2758 1554 φίλον
2786 1496 2902 1548 πως
2921 1485 2979 1536 ἐν
3007 1480 3267 1549 διωγμοῖς
3288 1476 3349 1529 τὸ
3363 1474 3706 1546 ἀφερέττονον

2129 1583 2381 1653 ἀγαπᾷν,
2424 1582 2518 1636 καὶ
2562 1582 2683 1644 ταῖς
2727 1579 2868 1649 ὑπὲρ
2914 1574 3012 1647 τῆς
3045 1573 3128 1636 εἰς
3170 1570 3304 1624 Θεὸν
3351 1567 3574 1636 ἀγάπης
3626 1565 3700 1637 μὴ
3805 1626 3814 1641 ,

2130 1671 2552 1728 κατακολουθεῖν
2580 1671 2837 1734 σπουδαῖς
2853 1708 2867 1734 ,
2906 1665 3219 1727 ἐννοοῦντας
3245 1662 3327 1716 ὃτι
3346 1660 3402 1714 εί
3420 1678 3474 1729 τε
3493 1660 3704 1730 γένοιτο

2130 1764 2325 1819 παθεῖν
2366 1762 2825 1834 ἀγωνιζομένους,
2871 1760 3037 1814 οῖκων
3066 1774 3128 1810 τε
3179 1754 3274 1810 καὶ⁵
3306 1753 3573 1825 κτήσεων,
3607 1751 3704 1806 καὶ

2127 1858 2238 1913 τῶν
2290 1857 2441 1928 παρά
2484 1855 2636 1926 σφίσι
2673 1853 3057 1925 τετιμημένων
3104 1848 3459 1903 ἐκπίπτουσιν
3508 1843 3701 1899 ἐπιθυ-

2133 1950 2307 2022 μιῶνς
2357 1947 2607 2003 ἐντεῦθεν
2653 1946 2762 2017 γὰρ
2801 1946 2986 2007 αὐτοῖς
3027 1940 3314 2012 συμϐαίνει
3356 1938 3418 1991 τὸ
3450 1936 3703 2006 ἀτολμω-

2127 2043 2326 2108 τάτους
2347 2040 2576 2114 ὁρᾶσθαι
2603 2039 2695 2094 καὶ
2717 2039 2980 2107 ἀγεννεῖς.
3003 2034 3181 2105 ’Δπερ
3206 2027 3299 2085 οῦν
3321 2029 3468 2094 είκδς
3484 2030 3709 2099 φρονεῖν

2128 2150 2189 2191 τε
2230 2134 2326 2190 καὶ
2350 2134 2531 2205 λέγειν
2561 2129 2827 2192 ἐκείνους,
2862 2127 3035 2181 ταῦτα
3065 2124 3430 2194 διακέκραγεν
3471 2119 3500 2171 6
3522 2134 3707 2189 γραμ-

2134 2229 2356 2301 ματεὺς,
2386 2224 2635 2294 πλαγίοις
2652 2219 2840 2293 ὥσπερ
2872 2217 3115 2288 ἐλέγχοις
3142 2217 3237 2269 καὶ
3262 2212 3498 2274 ἀστείοις
3519 2208 3703 2263 ὀνειδι-

2133 2321 2292 2390 σμοῖς
2325 2314 2721 2385 καταπλήττων
2742 2311 2832 2364 τόν
2859 2308 3080 2379 ἀγεννῆ,
3113 2307 3207 2361 καὶ
3232 2301 3703 2377 προφασιζόμενον

2132 2411 2404 2482 πρόφασιν
2431 2408 2492 2461 ἐν
2523 2404 2852 2467 ἀσθενείαις,
2882 2403 2978 2457 καὶ
3016 2400 3224 2473 τροφὴν
3256 2396 3443 2468 ὥσπερ
3473 2393 3600 2448 τινά

2129 2498 2322 2569 δειλίᾳ,
2354 2495 2625 2567 κοσμικὰς
2670 2494 2859 2566 ἡδονὰς
2890 2490 3236 2559 συλλέγοντα.
3269 2487 3367 2541 Διά
3396 2484 3557 2539 τοῦτο
3602 2482 3703 2554 τὴν

2129 2587 2444 2643 τελευταίαν
2478 2584 2683 2656 φωνὴν,
2728 2583 2946 2655 γυμνήν
2998 2598 3059 2635 τε
3106 2581 3198 2634 καὶ
3241 2575 3702 2648 ἀπημφιεσμένηι

2132 2679 2403 2736 ποιεῖσθαι
2430 2678 2764 2749 προστέταχε
2791 2675 2883 2729 τὸν
2913 2675 3330 2746 στρατοκήρυκα
3351 2668 3503 2732 Θεός.
3535 2686 3555 2719 ι
3593 2665 3706 2720 Καὶ

2133 2772 2501 2845 προσθήσουσι
2545 2769 2678 2840 γὰρ,
2736 2768 2919 2836 φησιν,
2968 2767 3016 2818 οί
3067 2761 3420 2835 Γραμματεῖς
3470 2757 3706 2826 λαλῆσαι

2133 2865 2271 2940 πρὸς
2297 2865 2390 2920 τὸν
2411 2864 2559 2928 λαδν,
2592 2862 2686 2915 καὶ¹
2710 2858 2946 2932 ἐροῦσιν·
2975 2858 3042 2911 Εἴ
3075 2874 3156 2920 τις
3188 2856 3475 2925 ἄνθρωπος
3503 2848 3705 2940 c9060!»-

2137 2936 2296 3032 μενος
2325 2957 2420 3011 καὶ
2449 2954 2624 3016 δειλὸς
2644 2954 2710 3022 τῇ
2745 2950 2962 3023 καρδίᾳ,
2999 2945 3314 3020 πορευέσθω
3340 2946 3419 3006 εἱς
3444 2942 3537 2995 τὸν
3556 2936 3710 3032 οἷκον

452 3040 513 3095 Si
544 3041 676 3110 quis
706 3046 791 3097 est
834 3041 1007 3096 homo
1032 3040 1260 3097 timidus
1298 3049 1358 3096 et
1396 3039 1788 3096 formidolosus
1836 3039 2022 3105 corde,

2126 3027 2313 3116 αὐτοῦ,
2356 3047 2446 3102 ῖνα
2497 3045 2574 3116 μὴ
2629 3042 2868 3114 δειλιάνῃ
2914 3041 3013 3112 τὴν
3063 3036 3289 3108 καρδίαν
3328 3032 3423 3088 τοῦ
3472 3027 3710 3101 ἀδελφοῦ

455 3130 616 3186 vadat
638 3131 696 3186 in
709 3131 939 3188 domum
955 3148 1133 3199 suam,
1183 3148 1254 3188 ne
1276 3133 1473 3189 timere
1512 3131 1676 3189 faciat
1711 3148 1807 3189 cor
1842 3132 2031 3189 fratris

455 3223 565 3286 sui,
606 3222 751 3279 sicut
788 3240 950 3279 suum
995 3225 1172 3302 ipsius
1209 3224 1275 3278 ⁷⁸.
1349 3243 1368 3277 ›
1428 3225 1833 3296 Propemodum
1882 3225 2034 3281 enim

459 3313 593 3369 illud
621 3314 804 3371 dicere
822 3314 1038 3371 videtur
1056 3330 1074 3370 ε’
1088 3315 1191 3383 Qui
1217 3317 1274 3371 in
1303 3316 1541 3372 terrenis
1564 3317 1731 3373 rebus
1757 3317 1948 3381 haeret,
1975 3323 2033 3387 et

456 3405 650 3462 domos
678 3405 930 3472 adiﬁcat,
954 3414 1009 3463 et
1046 3407 1259 3478 plantat
1304 3408 1514 3472 vineas,
1563 3417 1620 3464 et
1650 3409 1833 3465 carnis
1868 3409 2037 3464 volu-

453 3497 701 3566 ptatibus
739 3497 1014 3564 vincitur,
1056 3501 1282 3556 omnino
1330 3499 1720 3557 formidolosus
1770 3502 1876 3556 erit
1911 3541 1927 3566 ,
1974 3510 2037 3556 et

356 3668 361 3673 ἡ
458 3585 693 3645 imbellis
721 3607 735 3644 :
763 3590 1031 3662 ejusmodi
1079 3599 1262 3646 aettem
1295 3591 1461 3647 homo
1490 3607 1719 3662 prorsus
1753 3593 2035 3662 improba-

460 3693 568 3746 tur,
598 3689 659 3736 et
674 3683 890 3737 caeteris
916 3682 1179 3737 damnum
1203 3682 1357 3736 dabit
1389 3699 1405 3749 ;
1464 3691 1830 3754 corrumpunt
1884 3684 2039 3739 enim

456 3784 648 3825 mores
670 3769 847 3824 bonos
872 3769 1151 3838 colloquia
1174 3770 1425 3835 mala";
1464 3780 1522 3825 et
1572 3771 1665 3841 qui
1701 3778 1853 3826 metu
1871 3771 2039 3827 facile

457 3858 727 3923 vincitur,-
746 3860 794 3912 is
816 3858 989 3913 etiam
1005 3858 1205 3914 fortem
1237 3860 1514 3915 interdum
1548 3872 1614 3917 ac
1640 3862 1822 3933 magni
1863 3862 2032 3917 animi

458 3947 641 4003 virum
670 3946 741 4001 ad
773 3947 1046 4018 ἱππίδια
1087 3948 1376 4018 pertrahit.
1415 3948 1604 4020 Itaque
1634 3951 1802 4006 etiam
1838 3950 2043 4008 beatus

459 4038 669 4094 Paulus
700 4036 951 4109 obiurgat
989 4039 1323 4105 nonnullos,
1371 4041 1466 4110 qui
1508 4040 1687 4112 ipsum
1736 4043 2038 4113 prohibere

457 4129 715 4186 volebant
762 4146 834 4186 ne
891 4130 1213 4187 ascenderet
1233 4130 1642 4203 Hierosolyma;
1684 4134 1761 4190 ait
1807 4135 1954 4190 enim
2016 4153 2031 4188 :

465 4240 485 4273 ς
512 4220 655 4288 Quid
677 4221 857 4277 facitis
881 4220 1093 4287 ﬂentes,
1121 4228 1179 4278 ct
1214 4221 1515 4294 afﬂigentes
1539 4238 1636 4280 cor
1666 4227 1886 4281 meum?
1918 4226 2032 4298 Ego

456 4314 604 4371 cnim
654 4329 763 4369 non
810 4312 995 4370 solum
1026 4312 1204 4385 ligari,
1257 4313 1355 4369 sed
1385 4322 1444 4369 et
1491 4315 1627 4370 mori
1652 4324 1878 4387 paratus
1907 4332 2035 4371 sum

2133 3139 2321 3205 αὐτοῦ,
2371 3136 2560 3206 ὥσπερ
2590 3133 2690 3207 τὴν
2731 3131 2919 3188 αὐτοῦ.
2967 3149 2987 3183 ι
3028 3126 3327 3197 Μονονουχὶ
3362 3124 3474 3202 γὰρ
3519 3122 3708 3193 σαφῶς

2132 3233 2306 3288 ἐκεῖνό
2327 3247 2490 3302 φησιν
2507 3246 2521 3259 ·
2563 3220 2622 3284 Ὅ
2647 3228 2761 3290 τοῖς
2788 3224 2995 3296 γηῖνοις
3024 3220 3357 3291 ἐγκείμενος,
3388 3217 3483 3270 καὶ
3526 3214 3708 3278 οἰκίας

2132 3322 2452 3393 οἰκοδομῶν,
2478 3321 2574 3374 καὶ
2604 3316 2855 3387 φυτεύων
2884 3312 3199 3387 ἀμπελῶνα,
3233 3309 3328 3363 καὶ
3350 3309 3471 3371 ταῖς
3498 3308 3581 3369 είς
3613 3323 3710 3375 φι-

2131 3412 2427 3485 λοσαρκίαν
2465 3411 2680 3483 ἡδοναῖς
2732 3406 3063 3480 ἡττώμενος,
3103 3403 3269 3457 ἐσται
3321 3417 3422 3453 που
3485 3398 3708 3460 πάντως

2130 3495 2302 3572 δειλός
2340 3523 2399 3559 τε
2431 3505 2525 3559 καὶ
2552 3500 2793 3564 ἄναλκις·
2813 3498 3072 3569 ἀδόκιμος
3099 3497 3156 3550 δέ
3180 3491 3458 3555 παντελῶς
3484 3492 3514 3544 6
3532 3489 3711 3544 τοιοῦ-

2130 3617 2241 3664 τος,
2267 3596 2523 3669 καὶπρὸς
2550 3594 2750 3665 ζημίας
2790 3591 2939 3644 ἔσται
2979 3591 3092 3652 τοῖς
3153 3586 3363 3649 ἄλλοιςο
3421 3581 3712 3653 Φθείρουσι

2132 3690 2241 3761 γάρ
2271 3688 2377 3760 ἢθη
2404 3684 2637 3758 χρηστὰ,
2659 3681 2867 3754 ὁμιλίαι
2886 3678 3072 3732 κακαί.
3103 3696 3122 3728 ›
3148 3675 3259 3730 Καὶ
3290 3672 3547 3727 καθέλκει
3569 3671 3715 3744 πρὸς

2132 3779 2417 3851 ἀνανδρίαν
2443 3775 2555 3830 ἔσθ’
2585 3776 2674 3830 ὅτε
2705 3774 2797 3827 τδν
2819 3768 3045 3841 εὐσθενῆ
3074 3786 3134 3822 τε
3161 3766 3393 3836 εῦψυχον
3422 3765 3451 3816 6
3479 3761 3707 3824 δειλίαις

2132 3870 2554 3932 εὐαλωτότατος.
2602 3866 2893 3937 Τοιγάρτοι
2942 3862 3037 3917 καὶ
3081 3862 3109 3914 6
3161 3856 3446 3918 θεσπέσιος
3494 3853 3709 3916 Παῦλος

2132 3964 2369 4032 ἐπετίμα
2393 3960 2554 4024 τισὶν,
2582 3958 2632 4013 οἳ
2647 3955 2971 4012 διακωλύειν
2999 3955 3159 4008 αὐτὸν
3178 3954 3367 4024 ἤθελον
3395 3950 3709 4006 ἀναϐαίνειν

2132 4057 2214 4122 εἰς
2245 4052 2590 4125 Ἱεροσόλυμα
2614 4070 2629 4084 ο
2678 4050 2814 4122 φησι
2850 4049 2980 4121 γάρ·
3021 4066 3041 4100 ι
3086 4047 3152 4100 Τί
3187 4049 3390 4101 ποιεῖτε
3428 4045 3711 4106 κλαίοντες

2132 4150 2230 4204 καὶ
2262 4143 2692 4217 συνθρύπτοντές
2736 4159 2836 4215 μου
2867 4142 2963 4214 τὴν
3002 4140 3269 4212 ’καρδίανς
3308 4135 3450 4207 Ἐγὼ
3490 4136 3603 4208 γάρ
3644 4135 3709 4190 οὐ

2135 4238 2297 4312 μόνον
2331 4237 2570 4309 δεθῆναι,
2598 4236 2735 4290 ἀλλά
2759 4235 2856 4289 καὶ
2870 4234 3161 4288 ἀποθανεῖν
3187 4231 3419 4301 ἑτοίμως
3440 4229 3548 4298 ἔχω
3569 4227 3712 4298 ὑπὲρ

2133 4330 2225 4385 τοῦ
2275 4329 2538 4400 ὀνόματος
2583 4327 2677 4381 τοῦ
2714 4327 2923 4397 Κυρίου
2956 4323 3112 4397 ἡμῶν
3156 4320 3331 4393 Ἰησοῦ
3385 4318 3646 4391 Χριστοῦ.
3683 4337 3712 4373 ι

456 4420 560 4476 Ι)Γο
605 4406 828 4462 nomine
859 4406 1084 4461 Πυωίῐιῖ
1123 4406 1300 4462 ηοδιτί
1340 4406 1472 4463 ³⁸⁸⁸
1512 4406 1720 4463 ῧδτίθίί
1757 4408 1825 4461 ⁷⁸·
1865 4427 1884 4460 ³
1917 4409 2031 4464 Νο-
2064 4404 2107 4459 D
2138 4421 2481 4494 Σημειωτέον
2503 4420 2561 4475 δέ
2591 4421 2674 4474 ὅτι
2709 4419 2804 4474 καὶ
2841 4417 2952 4472 τῶν
2980 4415 3331 4488 κεκλημένων
3357 4414 3436 4477 είς
3462 4414 3592 4476 τοὺς
3611 4411 3735 4481 γά·’

459 4498 689 4553 tandum
710 4499 899 4563 etiam,
922 4514 1116 4554 eorum
1177 4499 1274 4569 qui
1290 4498 1358 4554 ad
1374 4499 1594 4570 nuptias
1614 4500 1832 4555 invitati
1850 4508 2030 4565 erant,

459 4590 605 4644 hanc
633 4591 1042 4647 excusationem
1073 4590 1244 4647 fuisse
1285 4607 1305 4645 τ·
1332 4609 1352 4641 ι
1384 4590 1583 4646 Villam
1608 4591 1717 4646 emi
1744 4630 1759 4655 ,
1798 4606 2030 4647 uxorem

460 4679 614 4745 duxi,
640 4688 703 4737 et
720 4695 832 4737 non
857 4696 1080 4752 possum
1114 4679 1300 4736 venire
1322 4681 1391 4734 ".
1433 4700 1451 4732 ›
1495 4679 1587 4736 Sic
1616 4681 1764 4735 enim
1789 4681 1845 4737 iu
1866 4697 2034 4739 evan-

462 4772 651 4842 gnicis
679 4773 959 4845 parabolis
977 4782 1065 4830 est
1088 4774 1379 4844 scriptum.
1402 4771 1624 4827 Minime
1654 4789 1788 4844 vero
1812 4774 2033 4832 diﬁicile

461 4872 564 4927 est,
589 4880 621 4919 e
642 4866 925 4922 veteribus
944 4864 1232 4936 exemplis,
1256 4864 1303 4919 si
1331 4864 1407 4918 ita
1427 4862 1666 4932 videtur,
1694 4864 1859 4922 fidem
1903 4868 2036 4924 huic

466 4956 541 5011 rei
586 4957 783 5013 facere.

535 5047 737 5102 PALL.
766 5050 864 5107 Dic
893 5050 1060 5123 igitur
1076 5052 1195 5108 sine
1232 5050 1347 5107 ulla
1371 5052 1718 5110 cunctatione
1758 5071 1773 5107 :
1809 5054 2043 5111 utilissi-

467 5155 611 5196 mam
640 5141 788 5196 enim
813 5157 928 5196 rem
955 5142 1175 5199 feceris.

420 5260 429 5300 γ
537 5232 695 5289 CYR.
736 5233 907 5304 Igitur
942 5235 1011 5289 ad
1060 5236 1210 5291 hunc
1256 5235 1477 5292 modum
1514 5237 1571 5293 in
1617 5235 1875 5293 Numeris
1904 5235 2040 5306 legi-

467 5335 632 5376 mus:
667 5340 685 5370 ‹
723 5321 791 5376 Ει
835 5323 1076 5393 posthaec
1106 5324 1485 5395 profectus-est
1521 5326 1759 5397 populus
1801 5341 1870 5379 ex
1897 5324 2034 5380 Ase-

468 5414 612 5490 roth.
652 5422 709 5470 ct
752 5418 1113 5476 castrametati
1157 5430 1280 5475 sunt
1321 5420 1378 5474 in
1425 5418 1645 5475 deserto
1693 5417 1927 5473 Pharan.
1975 5419 2044 5474 Et

466 5505 683 5565 locutus
711 5521 796 5567 est
818 5511 1078 5569 Dominus
1105 5512 1170 5569 ad
1212 5512 1433 5584 Moysen
1483 5508 1672 5566 dicens
1702 5528 1714 5564 :
1757 5510 1908 5568 Mitte
1943 5511 2045 5566 tibi

535 5686 580 5722 ⁷⁸
608 5689 761 5747 Joan.
792 5709 897 5757 xxv,
926 5690 979 5758 εὶ,
1017 5691 1067 5746 5.
1144 5693 1187 5726 ⁷³⁸
1218 5692 1394 5748 Judic.
1435 5708 1522 5759 vn,
1554 5692 1604 5746 '5.

2143 4533 2278 4587 μους
2303 4517 2338 4586 ἡ
2374 4512 2705 4586 παραίτησις
2739 4507 2807 4583 ἦν
2853 4510 2934 4574 τὸ,
2985 4528 3006 4562 ‹
3061 4508 3257 4580 Ἀγρὸν
3291 4507 3572 4577 ⁴Ιιλγόρασα,
3615 4507 3718 4560 καὶ

2138 4611 2369 4679 γυναῖκα
2386 4608 2484 4677 ἐγη
2493 4624 2587 4677 μα,
2607 4606 2703 4660 καὶ
2723 4605 2782 4659 οὐ
2808 4603 3042 4674 δύναμαι
3059 4601 3250 4655 ἐλθεῖν.
3266 4619 3284 4651 ι
3314 4601 3633 4672 Γέγραπται
3653 4599 3717 4653 δὲ

2137 4700 2310 4765 οὕτως
2338 4700 2398 4754 ἐν
2418 4697 2498 4770 τῷ
2526 4695 2846 4767 Εὑαγγελίῳ
2868 4693 2964 4749 καὶ⁸
2992 4695 3051 4747 ἐν
3070 4691 3425 4763 παραϐολαῖς.
3458 4691 3714 4744 Χαλεπὸν

2137 4792 2196 4846 δὲ
2220 4791 2337 4845 οὔτι
2363 4806 2465 4842 που
2486 4788 2582 4843 καὶ
2606 4786 2678 4858 EE;
2698 4786 2940 4858 ἀρχαίων
2980 4781 3465 4855 παραδειγμάτων,
3485 4781 3604 4851 εἴγε
3632 4798 3715 4835 σοι

2140 4883 2307 4965 δοκεῖ,
2328 4881 2428 4953 τὴν
2457 4879 2551 4934 ἐπὶ
2577 4877 2712 4950 τῷδε
2734 4877 2984 4949 δέχεσθαι
3005 4875 3208 4929 πίστιν.

2128 5096 2131 5097 κ
2205 5058 2413 5113 nam.
2436 5052 2613 5126 Φράζε
2641 5053 2707 5124 δὴ
2725 5047 2838 5119 οὖν,
2865 5036 3135 5124 μελλήσας
3155 5047 3330 5105 οὐδέν·
3361 5048 3582 5119 ὀνήσεις
3607 5046 3714 5119 γὰρ

2139 5144 2278 5200 λίαν.
3558 5172 3561 5175 -

2198 5163 2227 5198 α
2264 5185 2278 5200 .
3558 5172 3561 5175 -

2198 5163 2610 5307 ’ῙέΥΡζυύκοῦν
2662 5235 2739 5300 ὠς
2780 5237 2839 5288 ἐν
2882 5235 2994 5298 τοῖς
3048 5232 3324 5303 Ἀριθμοῖς
3359 5230 3712 5302 ἀνέγνωμεν·

2148 5347 2168 5380 ι
2212 5328 2323 5383 Καὶ
2364 5326 2507 5399 μετά
2542 5325 2714 5380 ταῦτα
2745 5326 2937 5397 ἐξῆρεν
2974 5326 3003 5379 6
3051 5324 3180 5389 λαὸς
3211 5322 3272 5390 ἐξ
3310 5321 3586 5394 ’Ᾱσηρὼὼ
3623 5321 3721 5374 καὶ

2140 5419 2506 5491 παρενέεαλον
2549 5420 2609 5473 ἐν
2637 5421 2705 5489 τῇ
2755 5419 2948 5489 ἐρήμῳ
2986 5418 3053 5487 τῇ
3087 5415 3291 5486 Φαράν.
3340 5414 3453 5473 Καὶ
3482 5413 3714 5484 ἐλάλησε

2136 5511 2343 5584 Κύριος
2388 5511 2525 5582 πρὸς
2577 5510 2784 5580 Μωσῆν
2843 5509 3046 5578 λέγων·
3112 5505 3453 5561 Ἀπόστειλον
3500 5502 3719 5575 σεαυτῷ

1683 5694 1725 5726 ⁷³
1756 5693 1777 5749 Ι
1831 5693 1953 5750 Cor.
1993 5710 2078 5759 xv,
2116 5694 2208 5749 55.
2284 5694 2330 5726 ⁷³
2363 5692 2482 5749 Act.
2516 5708 2624 5760 χχι,
2668 5692 2748 5747 13.
2788 5712 2789 5715 η
2826 5692 2869 5722 ⁷⁷
2899 5690 3032 5746 Luc.
3067 5705 3179 5755 xxv,
3198 5688 3284 5743 ‘20.
