3966 6298
223 200 325 258 373

959 206 1047 263 DE
1084 208 1524 267 ADORATIONE
1561 211 1629 268 IN
1671 211 1943 270 SPIRITU
1981 213 2071 271 ET
2113 219 2476 276 VERITATE.
2519 223 2646 279 LIB.
2689 226 2751 282 ν.
3121 282 3127 289 ,
3376 231 3497 287 ’ὀῖἐ

222 316 442 384 ἄνδρας,
478 314 574 368 καὶ
620 315 1160 386 κατασκεψάσθωσαν
1191 319 1289 390 τὴν
1317 321 1424 392 γῆν
1450 322 1560 376 τῶν
1613 324 1791 378 Χανα-

1900 325 2070 393 viros,
2117 336 2173 385 et
2212 331 2501 400 explorent
2546 338 2747 390 terram
2795 335 3226 396 Cbananacorum
3252 382 3266 406 ,
3314 358 3477 414 quam

220 406 409 471 ναίων,
441 404 511 476 ῆν
540 404 651 473 ἐγὼ
673 406 865 477 δίδωμι
889 411 1003 473 τοῖς
1027 411 1163 476 υἱοῖς
1198 411 1416 483 Ἰσραὴλ
1446 415 1796 485 κατάσχεσιν,

220 498 389 569 ἄνδρα
423 497 520 550 ἕνα
543 499 685 551 κατά
717 497 908 570 φυλὴν,
938 501 1082 555 κατὰ
1116 502 1320 573 δήμους
1351 504 1597 577 πατριῶν
1622 505 1800 559 αὐτῶν

220 589 542 653 ἀποστελεῖς
584 589 804 656 αὐτοὺς,
841 591 1021 647 πάντα
1069 594 1311 666 ἀρχηγὸν
1358 594 1418 661 ἐξ
1451 596 1651 651 αὐτῶν.
1688 598 1800 652 Καὶ

219 681 602 749 ἐξαπέστειλεν
632 682 830 747 αὐτοὺς
878 684 1086 756 Μωσῆς
1120 688 1185 740 ἐκ
1232 686 1335 759 τῆς
1369 690 1578 761 ἐρήμου
1618 691 1800 762 Φαράν

217 773 303 827 διά
352 773 535 845 φωνῆς
585 772 792 845 Κυρίου
816 815 831 837 ,
891 776 1093 841 πάντες
1146 777 1336 850 ἄνδρες
1382 781 1617 853 ἀρχηγοὶ
1666 783 1800 837 υίῶν

231 862 468 933 Ἰσραήλ.
517 882 536 916 ι
594 864 1094 937 Ἀπηριθμημένων
1128 867 1185 923 δέ
1214 870 1355 925 κατὰ
1390 862 1563 940 φυλάς
1605 891 1664 927 τε
1705 860 1800 931 καλ.

217 954 350 1025 γένη
383 953 493 1009 τῶν
538 954 1055 1028 ἐξαπεσταλμένων,
1105 960 1357 1034 ἐπιφέρει
1397 963 1590 1018 πάλιν*
1633 984 1650 1018 ι
1688 968 1800 1022 Καὶ

216 1045 522 1110 ἀναϐάντες
564 1046 976 1118 κατεσκέψαντο
1020 1050 1118 1122 τὴν
1147 1052 1253 1121 γῆν
1294 1054 1402 1109 ἀπὸ
1445 1057 1546 1130 τῆς
1592 1060 1797 1131 ἐρήμου

218 1138 332 1205 Σὶν,
364 1138 469 1203 ἔως
505 1138 696 1205 Ῥοὼσ,
742 1142 1214 1214 εἰσπορευομένων
1250 1147 1445 1219 Ἐμάθ.
1477 1170 1496 1203 ι
1534 1152 1645 1206 Καὶ
1682 1153 1799 1225 μεθ’

215 1232 414 1303 ἐτερα·
451 1234 591 1288 (Καὶ
616 1230 781 1307 ἦλθον
804 1236 911 1302 ἔως
938 1239 1222 1311 φάραγγος
1252 1243 1503 1316 Βότρυος,
1539 1248 1634 1303 καὶ
1664 1267 1799 1305 κατ-

219 1323 527 1393 εσκέψαντο
575 1327 770 1398 αὐτὴν,
806 1329 902 1383 καὶ
934 1328 1137 1400 ἔκοψαν
1197 1335 1408 1391 ἐκεῖθεν
1455 1337 1659 1410 κλῆμα,
1706 1343 1800 1398 καὶ

215 1410 416 1484 βότρυν
454 1415 728 1487 σταφυλῆς
760 1417 855 1471 ἕνα
902 1421 988 1474 ἐπ’
1031 1423 1220 1488 αὐτοῦ,
1257 1426 1346 1479 καὶ
1373 1422 1516 1499 ἦραν
1541 1432 1672 1485 αὐτὸ
1712 1434 1798 1487 ἐπ’

212 1505 572 1577 ἁναφορεῦσι,
602 1510 697 1561 καὶ
718 1510 828 1563 ἀπὸ
842 1511 954 1564 τῶν
986 1513 1166 1584 ῥοιῶν,
1201 1517 1295 1570 καὶ
1317 1519 1426 1573 ἀπὸ
1443 1521 1551 1575 τῶν
1582 1524 1795 1579 σύκων·

212 1595 313 1647 καὶ
342 1594 434 1648 τὸν
465 1597 631 1651 τόπον
658 1600 865 1655 ἐκεῖνον
894 1603 1281 1674 ἐπωνόμασαν,
1310 1609 1526 1682 φάραγξ
1544 1613 1793 1686 Βότρυος,

1904 432 2005 487 ego
2051 417 2122 474 do
2157 418 2287 476 ﬁliis
2318 418 2483 478 Israel
2521 423 2578 478 in
2617 427 3043 496 possessionem,
3093 433 3338 504 singulos
3382 451 3476 505 per

1903 506 2144 580 singulas
2209 511 2420 580 tribus;
2485 516 2787 572 secundum
2852 522 3085 590 populos
3147 524 3476 583 familiarum

1902 599 2148 670 ipsorum
2170 604 2357 661 mittes
2387 605 2531 674 illos,
2553 623 2773 664 omnem
2803 610 3106 681 principem
3127 630 3198 670 ex
3223 616 3376 687 ipsis.
3409 620 3478 675 Et

1901 691 2052 748 misit
2076 709 2173 750 eos
2205 695 2417 769 Moyses
2438 714 2505 754 ex
2543 698 2762 755 deserto
2790 701 3005 757 Pharan
3039 718 3139 773 per
3159 722 3348 764 vocem
3373 710 3479 765 Do-

1901 787 2073 854 mini;
2118 804 2316 846 omnes
2352 789 2485 848 viri.-
2516 793 2795 864 principes
2839 793 3078 851 ﬁliorum
3119 797 3284 854 Israel
3332 802 3397 854 ⁷³.
3450 822 3469 854 ι

1900 878 2128 947 Deinde,
2165 884 2469 940 numeratis
2498 884 2567 940 iis
2599 887 2694 957 qui
2734 888 2885 943 missi
2907 896 3057 953 sunt,
3095 904 3196 961 per
3227 892 3403 948 tribus
3422 904 3479 949 et

1898 986 2133 1040 genera,
2175 966 2423 1047 adjungit
2465 977 2662 1033 iterum
2708 997 2722 1033 :
2763 998 2783 1032 ι
2815 980 3039 1037 Etcum
3075 983 3474 1051 ascendissent,

1899 1060 2322 1131 exploraverunt
2370 1075 2568 1121 terram
2617 1067 2768 1139 151
2805 1084 2834 1124 a
2875 1068 3095 1126 deserto
3130 1071 3258 1139 Sin,
3301 1090 3477 1145 usque

1899 1152 2078 1221 Roob,
2105 1156 2440 1224 intrantibus
2459 1161 2657 1216 Emath
2680 1163 2775 1216 ⁷³.»
2802 1164 2871 1218 Et
2890 1172 3015 1235 post
3034 1168 3332 1223 nonnulla:
3364 1187 3382 1220 ι
3409 1169 3478 1224 Ει

1899 1258 2171 1303 venerunt
2190 1265 2361 1319 usque
2382 1251 2450 1307 ad
2483 1252 2681 1312 vallem
2704 1254 2872 1321 Botri,
2901 1263 2958 1311 et
2983 1258 3475 1314 consideraverunt

1898 1350 2038 1403 eam,
2075 1347 2132 1394 et
2184 1340 2541 1400 absciderunt
2578 1344 2708 1402 inde
2748 1347 3052 1417 palmitem,
3125 1359 3183 1405 et
3248 1350 3471 1405 botrum

1899 1440 2018 1481 uvae
2043 1442 2212 1482 unum
2234 1443 2400 1500 super
2428 1448 2579 1499 eum,
2618 1441 2675 1489 et
2697 1435 3043 1491 sustulerunt
3082 1438 3237 1492 illum
3289 1439 3345 1493 in
3375 1455 3475 1494 ve-

1898 1516 2102 1584 ctibus,
2150 1526 2206 1573 et
2257 1520 2326 1576 de
2369 1523 2776 1594 malogranatis,
2825 1533 2883 1581 et
2915 1526 2984 1582 de
3019 1527 3158 1596 ﬁcis;
3177 1537 3234 1585 et
3290 1531 3474 1585 locum

1899 1605 2051 1661 illum
2073 1610 2490 1679 appellaverunt
2510 1615 2708 1670 vallem
2736 1616 2889 1671 Botri
2914 1658 2928 1681 ,
2957 1627 3183 1690 prapter
3228 1620 3470 1683 botrum,

205 1687 304 1742 διὰ
349 1690 441 1743 τὸν
478 1692 693 1765 βότρυν,
727 1696 786 1749 ὃν
821 1697 1021 1769 ἔκοψαν
1065 1702 1272 1757 ἐκεῖθεν
1317 1674 1366 1757 οἱ
1392 1674 1525 1759 ὐίοὶν
1556 1674 1791 1778 Ἰσραὴλ,

1897 1712 2063 1769 quem
2091 1674 2448 1759 absciderunt
2478 1705 2605 1762 inde
2632 1706 2729 1762 ﬁlii
2770 1674 3292 1766 Israel..Et-reversi
3342 1720 3474 1766 sunt

208 1778 312 1834 καὶ
344 1782 695 1857 ἀπέστρεψαν
743 1789 952 1843 ἐκεῖθεν
1001 1794 1478 1867 κατασκεψάμενοι
1524 1797 1623 1857 τὴν
1666 1797 1790 1868 γῆν,

209 1871 360 1940 μετά
401 1878 807 1950 τεσσαράκοντα
834 1884 1049 1956 ἡμέρας
1071 1903 1085 1917 ’
1110 1887 1205 1940 καλ⁵
1252 1889 1609 1959 πορευθέντες
1632 1884 1794 1962 ἦλθον

205 1964 352 2034 πρὸς
381 1967 586 2041 Μωσῆν
622 1971 716 2024 καὶ
764 1974 861 2027 ’Λα
873 1972 1000 2045 ρῶν,
1051 1976 1146 2030 καὶ
1172 1976 1305 2047 πρὸς
1331 1980 1515 2042 ,πᾶσαν
1547 1998 1793 2050 συναγω-

203 2052 317 2126 γὴν
344 2057 459 2109 τῶν
493 2060 626 2114 υἱῶν
665 2062 884 2134 Ἰσραὴλ
917 2066 997 2129 εἰς
1023 2067 1124 2138 τὴν
1155 2066 1360 2138 ἔρημον
1387 2070 1571 2141 Φαράν
1589 2071 1791 2143 Κάδης.

201 2144 318 2197 Καὶ
349 2146 734 2220 ἀπεκρίθησαν
763 2152 946 2216 αὐτοῖς
976 2155 1149 2225 ῥῆμα,
1189 2158 1279 2211 καὶ
1297 2160 1445 2233 πάσῃ
1481 2168 1792 2236 συναγωγῇ,

196 2236 307 2288 καὶ
357 2235 570 2304 ἔδειξαν
600 2241 693 2295 τὸν
737 2245 948 2315 καρπὸν
1000 2246 1100 2318 τῆς
1151 2249 1273 2319 γῆς,
1324 2251 1418 2304 καὶ
1469 2253 1795 2325 διηγήσαντο

199 2325 384 2397 αὐτῷ,
417 2329 511 2382 καὶ
539 2326 716 2386 εἷπον
764 2335 1034 2407 Ἤλθομεν
1056 2340 1136 2402 είς
1172 2341 1272 2412 τὴν
1300 2340 1404 2413 γῆν
1435 2347 1513 2409 εἰς
1554 2347 1622 2417 ἢν
1683 2349 1793 2402 ἀπ·-

200 2416 470 2484 ίστειλας
500 2422 669 2492 ἡμᾶς,
687 2425 791 2496 γῆν
819 2428 1050 2498 ῥέουσαν
1064 2430 1206 2499 γάλα
1237 2434 1330 2487 καὶ
1359 2434 1499 2505 μέλι,
1523 2416 1616 2491 καὶ
1628 2433 1794 2504 οὗτος

197 2509 231 2560 ὁ
266 2512 485 2583 καρπὸς
515 2514 704 2586 αὐτῆς.
745 2515 885 2571 Ἀλλ’
915 2517 948 2591 ἢ
981 2521 1062 2573 ὄτι
1086 2520 1259 2593 θρασὺ
1295 2523 1356 2577 τὸ
1391 2525 1541 2591 ἔθνος
1568 2528 1627 2581 τὸ
1655 2547 1790 2583 κατ-

198 2599 394 2654 οικοῦν
430 2603 517 2655 ἐπ’
550 2603 742 2677 αὐτῆς,
788 2612 883 2663 καὶ
937 2611 1124 2677 πόλεις
1153 2612 1350 2686 ὀχυραὶ
1393 2619 1791 2690 τετειχισμέναι

201 2692 305 2745 καὶ
333 2694 567 2763 μεγάλαι
601 2699 826 2770 σφόδρα,
866 2701 961 2757 καὶ
986 2703 1084 2774 τὴν
1111 2704 1304 2773 γενεάν
1347 2706 1509 2761 Ἐνὰκ
1537 2710 1789 2781 ἑωράκα-

207 2800 315 2852 μεν
351 2786 486 2838 ἐκεῖ.
518 2804 539 2838 ι
569 2789 766 2861 Συνίης
792 2792 942 2855 ὅπως
969 2795 1020 2847 οἱ
1043 2794 1333 2866 εὐπτόητοί
1353 2815 1413 2850 τε
1444 2800 1537 2870 καὶ
1565 2799 1793 2870 ἀτολμό-

204 2892 365 2929 τατοι
408 2877 514 2932 τῶν
546 2881 1006 2954 κατεσκεμμένων
1052 2885 1151 2957 τὴν
1188 2888 1291 2957 γῆν
1328 2888 1429 2958 τῆς
1461 2891 1791 2961 ἐπαγγελίας

1897 1790 2045 1855 inde,
2080 1802 2365 1863 postquam
2393 1797 2815 1866 cxploraverunt
2840 1810 3065 1867 terram,
3095 1809 3220 1873 post
3234 1803 3470 1874 quadra-

1893 1881 2045 1953 ginta
2068 1882 2206 1949 dies,
2226 1892 2282 1938 et
2299 1894 2494 1942 euntes
2514 1897 2786 1945 venerunt
2809 1891 2879 1947 ad
2898 1892 3118 1964 Moysen
3131 1892 3398 1958 etAaron,
3417 1900 3473 1948 et

1896 1972 1965 2027 ad
1991 1988 2209 2029 omnem
2240 1979 2715 2050 congregationem
2741 1980 2974 2037 ﬁliorum
2999 1984 3162 2038 Israel
3203 1985 3260 2038 in
3287 1985 3472 2039 deser-

1895 2069 2010 2116 tum
2028 2062 2262 2131 Pharan,
2282 2064 2337 2119 in
2359 2065 2550 2122 Cades.
2575 2068 2644 2122 Et
2668 2069 3065 2138 responderunt
3088 2070 3197 2124 illis
3217 2069 3468 2134 verbum,

1891 2160 1950 2208 et
1989 2153 2258 2212 universa:
2312 2159 2753 2228 congregationi;
2806 2169 2865 2215 et
2919 2160 3283 2216 ostenderunt
3338 2162 3473 2231 ipsis

1891 2241 2134 2298 fructum
2170 2253 2351 2311 terrae,
2398 2256 2456 2302 et
2489 2258 2856 2304 narraverunt
2876 2250 2959 2305 eis
2983 2248 3243 2308 dicentes
3273 2249 3474 2306 :Veni-

1892 2349 2016 2388 mus
2050 2335 2106 2390 in
2142 2344 2342 2391 terram
2381 2352 2492 2408 quo
2549 2339 2747 2395 misisti
2795 2355 2916 2407 nos,
2958 2350 3161 2397 terram
3210 2341 3469 2398 ﬂuentem

1891 2423 2032 2480 lacte
2059 2435 2118 2481 et
2158 2428 2354 2494 melle;
2392 2437 2449 2491 et
2478 2429 2570 2484 hic
2610 2439 2697 2486 est
2736 2430 2950 2488 fructus
2981 2434 3106 2505 ejus
3141 2449 3156 2487 :
3187 2433 3293 2488 nisi
3323 2434 3469 2503 quod

1891 2515 2069 2570 audax
2110 2526 2196 2572 est
2225 2534 2359 2589 gens
2410 2535 2532 2589 quae
2562 2520 2775 2578 habitat
2802 2523 2858 2578 in
2885 2522 3021 2593 ipsa,
3057 2532 3115 2579 et
3140 2525 3308 2579 urbes
3345 2540 3471 2579 mu-

1891 2606 2039 2671 nitae,
2064 2614 2121 2662 et
2148 2624 2358 2679 magna:
2380 2610 2769 2678 vehementer,
2803 2623 2860 2670 et
2898 2614 3128 2685 stirpem
3171 2616 3319 2670 Enac
3384 2616 3469 2669 vi-

1892 2695 2074 2751 dimus
2108 2697 2183 2752 ibi
2211 2698 2277 2753 3°.
2320 2718 2337 2750 ι
2378 2701 2642 2773 lntelligis
2670 2704 2795 2759 illos
2821 2704 3041 2761 timidos
3097 2721 3161 2761 ac
3180 2708 3470 2763 meticulo-

1893 2800 1981 2841 sos
2025 2795 2185 2843 terrae
2230 2791 2613 2860 promissionis
2636 2793 3026 2863 exploratores
3060 2796 3349 2852 manifeste
3387 2812 3474 2852 re-

1891 2877 2106 2947 gionem
2132 2880 2281 2936 illam
2312 2882 2518 2939 vitibus
2561 2885 2807 2941 ferendis
2858 2895 3041 2957 aptam
3080 2902 3289 2944 esseac
3343 2888 3468 2960 pin-

204 2967 633 3042 ὡμολογήκασιν
660 2975 931 3047 ἐναργῶς,
954 2978 1030 3042 ὡς
1055 2979 1365 3050 εὗάμπελός
1390 3000 1448 3035 τε
1469 2984 1563 3037 καὶ
1590 2985 1727 3039 πίων
1755 2988 1789 3058 ἡ

1895 2985 2073 3040 guem,
2114 2981 2172 3027 et
2195 2975 2429 3030 maturis
2456 2975 2733 3033 fructibus
2777 2978 3149 3035 abundantem
3189 2979 3472 3037 confessos

205 3064 305 3133 γῆ,
342 3063 438 3116 καὶ
462 3068 694 3137 καρποῖς
717 3068 937 3138 ὡραίοις
968 3070 1270 3145 διαὸριθὴς,
1297 3076 1707 3147 παραπλέκουσι
1731 3081 1789 3134 δὲ

203 3153 424 3220 τούτοις
453 3156 522 3210 τά
550 3160 631 3222 είς
659 3159 882 3225 δειλίαν,
916 3161 1090 3233 θρασὺ
1122 3164 1222 3234 μὲν
1250 3166 1312 3219 τὸ
1336 3167 1486 3237 ἔθνος
1517 3168 1576 3222 τὸ
1604 3186 1789 3224 κατοι-

204 3247 340 3302 κοῦν
369 3250 748 3321 ὀνομάζοντες,
792 3255 977 3320 πόλεις
1015 3273 1076 3310 τε
1104 3257 1309 3330 ὀχυρὰς
1335 3260 1428 3314 καὶ
1451 3263 1790 3334 τετειχισμέ-

204 3357 305 3405 νας
337 3342 448 3396 ἀνω
479 3345 572 3397 καὶ
605 3346 755 3400 κάτω
776 3346 1048 3417 λέγοντες,
1066 3351 1283 3422 καὶτῆς
1305 3353 1397 3408 ἐπὶ
1419 3353 1479 3407 τὸ
1496 3356 1789 3428 κρατήσειν

205 3431 425 3497 ἐλπίδος
453 3433 773 3501 ἐειστῶντες
803 3437 895 3493 τὸν
950 3440 1191 3513 Ἰσραὴλ,
1227 3443 1322 3497 καὶ
1354 3445 1789 3515 καταφοὸοῢντες

206 3524 290 3588 εἰς
316 3525 607 3597 ἀνανδρίαν
628 3546 644 3595 ;
1387 3514 1405 3526 ’

277 3618 490 3674 nam.
526 3613 655 3674 Ὧδε
682 3621 816 3695 ἔχει.

276 3711 447 3765 ΚΥΡ.
495 3713 635 3766 Ἀλλ’
660 3715 778 3784 οἵγε
802 3717 958 3786 σοφοὶ¹
997 3718 1094 3772 καὶ
1125 3721 1377 3788 νεανικοὶ,
1410 3723 1590 3777 Χαλέὸ
1612 3741 1669 3778 τε
1696 3726 1788 3781 καὶ

216 3799 450 3871 Ἰησοῦς,
473 3804 592 3866 ταῖς
625 3804 848 3860 ἐκείνων
873 3806 1183 3879 τερθρείαις
1210 3809 1287 3882 (I)
1321 3812 1786 3883 ἀνθειστήκεισαν,

208 3887 457 3957 λέγοντες
479 3892 617 3961 πρός
652 3910 713 3947 τε
740 3893 833 3950 τὸν
864 3895 991 3951 λαὸν
1024 3899 1120 3952 καὶ
1140 3898 1232 3953 τὸν
1255 3901 1460 3957 Μωσέα
1491 3904 1581 3959 τὸν
1612 3906 1781 3977 ίερὸν·

214 4000 233 4033 ι
278 3981 417 4052 Οὐχί
434 3995 449 4010 ⁸
485 3982 620 4038 ἀλλὰ
651 3985 955 4053 ἀναϐάντες
984 3988 1368 4063 ἀναϐησόμεθα
1393 3995 1487 4048 καὶ
1518 4000 1789 4072 κατακλη-

209 4075 585 4145 ρονομήσομεν
614 4076 803 4148 αὐτὴν,
834 4079 915 4133 ὅτι
949 4079 1292 4153 δυνησόμεθα
1335 4083 1473 4156 πρὸς
1507 4087 1722 4152 αὐτούς.
1760 4109 1779 4143 ι

149 4184 160 4191 -
209 4162 528 4236 Κατέληγον
558 4166 616 4220 δὲ
670 4167 923 4239 οὐδαμῶς
972 4172 1020 4223 οἱ
1070 4174 1567 4247 συναπεσταλμένοι
1590 4218 1606 4243 ,
1657 4179 1786 4233 δυσ-

209 4253 416 4308 ἀλωτον
449 4255 666 4312 ἔσεσθαι
714 4259 1184 4333 διαδεὸαιούμενοι
1216 4268 1329 4330 τοῖς
1351 4265 1413 4332 ἐξ
1451 4269 1665 4342 Ἰσραὴλ
1688 4272 1787 4343 τῆς

1895 3075 2014 3117 esse
2038 3080 2052 3116 :
2079 3072 2460 3120 verumtamen
2485 3066 2573 3122 his
2597 3083 2660 3122 ea
2687 3076 3026 3125 connectunt
3072 3084 3195 3139 quae
3214 3069 3470 3124 timorem

1894 3152 2237 3209 incuterent:
2280 3156 2543 3212 audacem
2588 3158 2845 3213 videlicet
2889 3167 3129 3229 gentem,
3181 3175 3303 3228 quae
3358 3158 3471 3214 illic

1892 3243 2188 3310 habitaret,
2211 3247 2571 3316 appellantes,
2626 3248 2794 3303 urbes
2828 3264 3051 3318 quoque
3094 3249 3336 3303 munitas
3382 3257 3471 3304 at-

1892 3350 1999 3404 que
2030 3343 2276 3390 muratas
2300 3335 2601 3392 identidem
2636 3337 2973 3403 dictitantes,
2998 3346 3054 3393 et
3097 3354 3129 3393 a
3161 3354 3256 3409 Spe
3290 3339 3473 3394 victo-

1895 3424 1994 3480 riae
2022 3425 2285 3495 populum
2310 3425 2528 3481 Israelis
2555 3425 2894 3484 deducentes
2916 3468 2931 3495 ,
2955 3439 3015 3485 et
3037 3436 3188 3485 metu
3215 3428 3284 3484 ad
3318 3429 3470 3501 igna-

1890 3514 2035 3569 viam
2075 3514 2439 3586 impellentes.

1962 3626 2158 3684 PALL.
2192 3628 2284 3685 Sic
2304 3645 2363 3686 se
2388 3629 2577 3686 habet.

1968 3720 2124 3777 (ΠΒ.
2160 3720 2267 3777 Sed
2297 3723 2392 3793 qui
2424 3722 2567 3777 inter
2590 3723 2713 3779 illos
2741 3731 2898 3779 erant
2929 3725 3204 3796 sapientes
3235 3740 3297 3780 ac
3325 3732 3472 3779 strc-

1891 3812 2010 3879 nui,
2048 3810 2214 3867 Caleb
2238 3820 2295 3867 et
2325 3813 2505 3877 Jesus,
2534 3812 2751 3868 illorum
2789 3815 2948 3871 vanis
2980 3815 3331 3872 sermonibus
3371 3813 3472 3869 ob-

1892 3902 2174 3967 stiterunt,
2203 3899 2454 3960 dicentes
2490 3902 2556 3958 ad
2579 3902 2845 3974 populum
2885 3911 2942 3959 et
2957 3903 3025 3959 ad
3046 3904 3265 3978 Moysen
3292 3922 3306 3958 :
3337 3922 3355 3954 ι
3373 3903 3472 3957 Mi-

1890 3993 2074 4060 nime;
2106 3992 2203 4048 sed
2242 3993 2601 4051 ascendentes
2633 3994 3015 4061 ascendemus,
3063 4003 3120 4051 et
3160 3995 3469 4066 possidebi-

1891 4099 2017 4142 mus
2043 4086 2231 4152 illam;
2274 4085 2404 4155 quia
2450 4091 2704 4154 potentes
2746 4086 3052 4154 poterimus
3095 4085 3363 4142 adversus
3401 4084 3471 4139 il-

1889 4180 1975 4235 los
2014 4179 2081 4234 ⁸¹.
2133 4198 2152 4231 ι
2198 4177 2393 4237 Caeteri
2434 4185 2619 4232 autem
2658 4177 2752 4246 qui
2798 4177 2951 4234 missi
2995 4176 3248 4242 fuerant,
3305 4176 3469 4232 ﬁnem

1892 4272 2107 4328 nullum
2133 4268 2416 4327 asserendi
2437 4268 2730 4332 faciebant,
2762 4268 3234 4339 inexpugnabilem
3254 4269 3372 4323 fore
3402 4270 3469 4323 fl-

208 4346 539 4416 ἐπαγγελίας
559 4352 660 4423 τὴν
686 4352 810 4423 γῆν.
844 4349 976 4408 Εἶτά
1001 4356 1200 4427 φησινδ
1236 4376 1256 4409 ι
1292 4359 1403 4413 Καὶ
1441 4362 1786 4420 ἀναλαϐοῦσα

1895 4361 1977 4416 liis
1993 4359 2158 4416 Israel
2175 4358 2800 4429 promissionisterram.
2819 4358 3028 4413 Deinde
3045 4360 3225 4429 inquit
3256 4377 3270 4413 :
3301 4378 3321 4411 ‹
3341 4360 3469 4417 Ele-

209 4440 359 4492 πᾶσα
388 4440 422 4511 ἡ
452 4444 759 4516 συναγωγὴ,
784 4444 982 4501 δέδωκε
1017 4449 1220 4520 φωνὴν,
1248 4450 1341 4505 καὶ
1370 4450 1583 4508 ἔκλαιεν
1613 4458 1641 4509 ὁ
1662 4456 1788 4523 λαὸς

208 4528 337 4601 ὅλην
362 4532 463 4600 τὴν
487 4533 661 4620 νύκτα
681 4537 918 4608 ἐκείνην,
950 4538 1044 4592 καὶ
1080 4539 1431 4611 διεγόγγυζον
1462 4545 1556 4599 ἐπὶ
1581 4547 1788 4620 Μωσῆν

208 4618 302 4671 καὶ
340 4619 551 4691 Ἀαρὼν
588 4622 787 4688 πάντες
830 4625 881 4678 οἱ
925 4626 1032 4681 υίοὶ
1085 4628 1334 4701 Ἰσραήλ·
1373 4633 1466 4688 καὶ
1495 4630 1615 4688 εἷπε
1648 4618 1787 4708 πρδς

207 4709 408 4774 αὐτοὺς
436 4712 587 4801 πᾶσα
613 4714 646 4784 ἡ
669 4718 981 4789 συναγωγή·
1016 4719 1245 4788 Ὄφελον
1272 4722 1617 4795 ἀπεθάνομεν
1635 4729 1692 4783 ἐν
1715 4730 1784 4801 γῇ

206 4798 509 4868 Αἰγύπτου,
547 4800 580 4873 ἢ
618 4805 674 4855 ἐν
720 4805 788 4875 τῇ
832 4806 1025 4878 ἐρήμῳ
1054 4807 1250 4883 ταύτῃ,
1306 4812 1356 4864 εί
1408 4798 1784 4886 ἀίιιιεθάνομιενζ

210 4891 305 4946 καὶ
340 4891 432 4947 τνα
456 4894 510 4946 τί
533 4895 742 4967 Κύριος
769 4898 979 4967 εἰσάγει
1022 4900 1173 4971 ἡμᾶς
1201 4902 1282 4968 εἰς
1314 4902 1412 4974 τὴν
1451 4905 1554 4975 γῆν
1585 4906 1791 4978 ταύτην

217 4987 408 5039 πεσεῖν
460 4989 519 5040 ἐν
546 4986 626 5058 τῷ
658 4987 915 5060 πολέμῳ;
958 4990 1024 5044 Δί
1062 4995 1320 5060 γυναῖκες
1363 4995 1524 5066 ἡμῶν
1570 4997 1667 5051 καὶ
1721 4999 1791 5054 τά

214 5076 401 5130 παιδία
431 5076 647 5133 ἔσονται
673 5081 753 5144 είς
774 5081 1111 5153 διαρπαγήν.
1145 5084 1261 5139 Νῦν
1289 5080 1383 5140 οὖν
1418 5085 1625 5156 βέλτιον
1655 5092 1789 5163 ἡμῖν

214 5168 364 5223 ἐστιν
394 5169 815 5243 ἀποστραφῆναι
842 5173 924 5237 είς
959 5172 1254 5243 Αἴγυπτον.
1290 5177 1401 5231 Καὶ
1432 5173 1585 5234 εἷπον
1614 5183 1642 5235 ὁ
1670 5181 1789 5236 ἓτε-

218 5275 304 5330 ρος
335 5259 415 5331 τῷ
466 5260 660 5333 ἑτέρῳ·
693 5263 885 5335 Δῶμεν
928 5265 1196 5337 ἀρχηγὸν,
1232 5267 1328 5322 καὶ
1354 5268 1788 5345 ἀποστρέψωμεν

1890 4466 2028 4509 vans
2052 4450 2308 4515 universa
2331 4449 2680 4520 congregatio
2698 4447 2851 4505 dedit
2874 4463 3086 4515 vocem,
3108 4457 3166 4505 et
3188 4448 3340 4505 ﬂevit
3367 4466 3468 4521 po-

1890 4544 2054 4615 pulus
2075 4550 2188 4598 tota
2217 4542 2309 4598 illa
2336 4548 2537 4609 nocte;
2581 4549 2638 4595 et
2672 4551 3157 4597 murmuraverunt
3205 4541 3470 4598 adversus

1890 4635 2107 4708 Moysen
2154 4642 2212 4690 et
2235 4635 2415 4690 Aaron
2442 4648 2637 4690 omnes
2675 4632 2775 4688 lilii
2803 4634 2991 4700 Israel,
3019 4642 3077 4690 et
3100 4634 3241 4690 dixit
3266 4634 3342 4689 'ad
3374 4650 3471 4690 eos

1889 4728 2147 4783 universa
2169 4726 2516 4799 congregatio
2541 4726 2780 4787 ﬁliorum
2798 4726 2963 4783 Israel
2989 4746 3000 4780 :
3025 4726 3243 4783 Utinam
3264 4727 3470 4782 mortui

1889 4835 2141 4877 essemus
2162 4819 2221 4875 in
2244 4827 2387 4876 terra
2417 4819 2655 4893 Egypti,
2692 4827 2788 4875 aut
2836 4819 2894 4875 in
2933 4820 3036 4876 hac
3080 4819 3375 4877 solitudine
3422 4821 3469 4875 si
3503 4862 3509 4868 .

1892 4915 2098 4972 mortui
2119 4917 2398 4973 essemus!
2422 4916 2492 4972 Et
2508 4932 2608 4972 cur
2634 4916 2899 4972 Dominus
2919 4914 3130 4969 inducit
3158 4929 3258 4970 nos
3277 4906 3468 4971 inter-

1890 5021 2007 5061 ram
2045 5006 2208 5073 hanc,
2237 5014 2300 5062 ut
2318 5006 2580 5064 cadamus
2604 5007 2662 5062 in
2690 5006 2877 5062 bello?
2911 5006 3122 5063 Uxores
3165 5017 3366 5062 nostrae
3414 5015 3470 5062 et

1889 5096 2050 5154 liberi
2084 5099 2325 5154 eruntin
2342 5098 2729 5170 direptionem.
2755 5097 2913 5153 Nunc
2944 5097 3100 5168 152
3139 5098 3307 5171 igitur
3349 5115 3468 5156 me-

1887 5187 1997 5245 lius
2017 5197 2102 5246 est
2118 5191 2282 5246 nobis
2313 5190 2516 5246 reverti
2544 5189 2602 5244 in
2621 5187 2934 5260 Egyptum.
2958 5190 3030 5247 Et
3053 5190 3313 5247 dixerunt
3329 5192 3471 5246 alter

1889 5277 1956 5334 ad
1972 5279 2206 5335 alterum
2231 5299 2242 5335 :
2262 5280 2673 5337 Constituamus
2702 5278 3029 5351 principem,
3048 5288 3105 5336 et
3126 5287 3470 5337 revertamur

276 5400 320 5432 "
342 5400 507 5456 Num.
531 5417 629 5467 xu,
651 5403 685 5458 5
707 5418 858 5475 seqq.
934 5406 979 5440 ⁷⁸
1011 5405 1145 5461 ibid.
1179 5405 1270 5461 22.
1344 5407 1391 5441 ⁸⁸
1420 5407 1552 5465 ibid.
1585 5409 1648 5464 21
1678 5425 1833 5483 seqq.
1909 5413 1954 5446 ⁸¹
1994 5414 2127 5470 ibid.
2157 5414 2248 5470 5|.

283 5538 360 5629 fl)
393 5541 488 5623 Sic
554 5542 726 5599 codex
793 5543 1017 5613 Sirleti;
1090 5556 1146 5602 at
1180 5547 1305 5604 cod.
1356 5548 1500 5619 Vat.,
1542 5549 1791 5607 ἐκείνων

1895 5552 2043 5619 ,λὶαις
2088 5553 2180 5611 καὶ
2223 5554 2657 5628 ματαιολογίαις,
2682 5538 2851 5629 quod.
2879 5553 3279 5627 expositionem
3334 5561 3470 5624 puto

216 5623 267 5659 τε
275 5610 526 5683 ρθρειῶν.
