3966 6298
443 208 549 264 ’575

1437 208 1494 264 S.
1535 209 1812 266 CYRHLI
1844 211 2321 274 ALEXANDRINI
2360 221 2677 279 ARCHIEP.

3608 226 3718 285 376

442 331 498 384 in
521 327 814 401 Egyptum
836 327 905 381 ⁸⁸.
944 346 963 379 ι
1013 328 1095 383 Ad
1122 344 1243 387 eam
1265 329 1641 401 infelicitatem
1662 343 1719 390 et
1760 334 2030 406 ignaviam

2175 340 2216 403 ίς
2247 340 2544 412 Αἴγυπτον.
2568 364 2586 397 ι
2613 345 2706 409 Εἰς
2731 344 2888 399 τοῦτο
2916 345 3017 417 μὲν
3039 345 3353 418 ἀθλιῶητὸς
3365 366 3426 402 τε
3443 351 3537 405 καὶ
3550 353 3718 409 ἀναν-

440 423 666 494 delapsa
690 430 777 478 est
808 422 1065 512 universa
1096 424 1464 495 congregatio.
1488 423 1628 480 Cum
1655 440 1789 481 vero
1816 425 1941 481 illos
1958 426 2030 482 ad

2175 433 2290 502 ρίας
2317 437 2351 507 ἡ
2389 439 2540 491 πᾶσα
2572 437 2880 493 κατὼλισθε
2912 442 3227 514 συναγωγή.
3255 442 3629 511 Μεθιστάντος
3657 448 3717 502 δι

442 514 617 571 animi
639 512 958 568 ﬁrmitatem
983 514 1283 571 transferre
1308 515 1716 587 quodammodo
1738 529 2034 575 conaretur

2175 544 2323 601 ισπερ
2354 531 2434 594 εἰς
2473 530 2764 602 εὐτολμίαν
2808 532 3007 597 αὐτοὺς
3043 512 3221 604 Ἰησοῦ
3261 535 3359 589 τοῦ
3400 535 3576 610 Ναυῆ,
3622 541 3720 595 καὶ

442 608 605 664 Jesus
621 605 773 662 Nave
798 605 964 671 ﬁlius,
999 614 1056 662 et
1084 616 1295 662 vestem
1332 607 1689 673 discinderet,
1723 609 2034 680 multasque

446 697 638 754 laudes
660 696 729 752 de
754 706 902 753 terra
924 697 1015 751 illa
1058 698 1406 768 praedicaret,
1448 698 1774 755 conﬁrmare
1825 700 2036 756 animos

446 788 711 846 nolebant
735 807 749 842 :
783 788 880 844 sed
910 790 1080 844 stulte
1104 788 1227 844 illos
1256 790 1589 859 abjicicndo,
1619 806 1780 846 suum
1824 806 2034 862 propu-

447 888 737 958 gnatorem
781 881 955 937 Deum
993 881 1236 951 graviter
1282 880 1655 946 oﬁ‘enderunt,
1707 896 1876 952 seque
1919 881 2037 953 spei

450 990 562 1030 sua:
580 983 861 1045 compotes
894 973 1013 1029 ﬁeri
1055 987 1215 1044 posse
1260 973 1378 1028 suis
1440 973 1656 1029 viribus
1701 974 2034 1029 tribuerunt.

451 1068 643 1139 Itaque
690 1067 782 1122 ille
826 1065 995 1123 etiam
1024 1067 1249 1139 iuravit,
1278 1065 1468 1122 dicens
1499 1084 1512 1119 :
1550 1086 1567 1118 ι
1595 1065 1653 1121 Si
1687 1067 1900 1122 videbit
1936 1068 2036 1122 ali-

449 1162 576 1231 quis
603 1160 802 1215 horum
823 1160 1110 1215 hominum
1153 1168 1353 1214 terram
1385 1174 1549 1229 quam
1572 1160 1752 1231 juravi
1785 1160 2040 1230 patribus

451 1267 664 1317 eorum,
694 1249 1081 1323 pmeraleb
1115 1248 1287 1305 ﬁlium
1323 1249 1590 1320 Jepbone,
1626 1258 1681 1304 et
1708 1249 1892 1305 Jesum
1930 1250 2037 1304 Na-

452 1359 519 1399 ve
539 1343 607 1398 ⁸³.
642 1362 661 1395 ι
703 1343 846 1399 Num
877 1343 1045 1415 igitur
1074 1349 1160 1397 est
1180 1341 1498 1412 ambiguum
1534 1341 1666 1411 quin
1697 1342 1860 1396 homo
1891 1339 2039 1395 timi-

454 1434 580 1499 dus,
609 1441 666 1489 et
702 1434 911 1489 laboris
944 1432 1257 1504 impatiens,
1299 1441 1357 1486 et
1399 1431 1629 1487 modica:
1676 1429 1824 1496 ﬁdei,
1854 1445 2040 1486 secum

454 1526 623 1580 etiam
651 1534 882 1582 caeteros
905 1524 1120 1596 perdat,
1161 1539 1302 1594 quos
1338 1523 1643 1592 corrumpit
1675 1522 1833 1578 malis
1871 1522 2042 1577 collo-

455 1617 621 1687 quiis,
648 1631 712 1671 ac
733 1616 898 1672 sortis
933 1615 1103 1681 illius,
1128 1615 1355 1686 speique
1389 1614 1446 1669 in
1476 1615 1650 1670 Deum
1689 1614 1761 1670 sit
1802 1628 2039 1684 expers;

2138 622 2606 693 περιρρηγνύντος
2640 624 2738 695 μὲν
2784 625 2883 695 τὴν
2914 626 3138 697 ἐσθῆτα,
3173 628 3347 700 μυρία
3392 629 3451 684 δὲ
3478 632 3580 685 ὅσα
3614 631 3717 701 τῆς

2138 712 2239 783 γῆς
2284 713 2535 785 ἐγκώμια
2569 717 2953 789 καταχέοντος,
2994 718 3325 792 ἀναθαρσεῖν
3355 722 3458 776 οὐκ
3491 722 3714 794 ἦθελον·

2139 803 2581 871 καταλυποῦντες
2635 808 2693 862 δὲ
2736 811 2856 874 ταῖς
2905 810 3156 882 ἀνοήτοις
3198 812 3591 883 μικροψυχίαις
3626 814 3719 868 τδν

2140 895 2490 966 ὲπαμύνοντα
2519 897 2675 966 Θεὸν,
2696 899 2790 953 καὶ
2817 902 2939 964 ταῖς
2969 900 3180 957 ἑαυτῶν
3211 901 3506 973 δυνάμεσιν
3526 904 3722 958 ἀπονέ-

2143 1004 2337 1057 μοντες
2367 987 2469 1061 τὴν
2494 989 2593 1061 τῆς
2618 990 2831 1055 ἐλπίδος
2851 990 3215 1062 κατόρθωσιν.
3230 981 3522 1065 Τοὶγάρτοι
3536 994 3721 1048 λοιπὸν

2142 1079 2238 1132 καὶ
2266 1079 2524 1152 ἀπώμνυ,
2575 1081 2749 1151 λέγων
2776 1099 2790 1116 ·
2829 1104 2847 1134 ι
2888 1082 2952 1137 El
3004 1082 3194 1154 ὄψεταί
3229 1101 3314 1148 τις
3360 1085 3471 1140 τῶν
3512 1086 3721 1157 ἀνδρῶν

2142 1169 2348 1224 τούτων
2386 1168 2483 1243 τὴν
2517 1169 2643 1243 γῆν,
2699 1173 2767 1244 ἢν
2812 1171 3006 1244 ὤμοσα
3061 1176 3174 1239 τοῖς
3215 1175 3489 1247 πατράσιν
3516 1176 3717 1239 αὐτῶν.

2145 1261 2285 1335 πλὴν
2314 1262 2496 1317 Χαλὲϐ
2529 1264 2643 1328 υίὸς
2685 1265 2916 1336 Ἰεφονῆ,
2951 1266 3047 1319 καὶ
3088 1267 3294 1337 Ἰησοῦς
3321 1269 3350 1321 6
3370 1269 3465 1322 τοῦ
3493 1270 3668 1339 Ναυῆ.
3698 1289 3716 1321 ι

2142 1347 2293 1424 Ἀρά
2317 1354 2464 1408 ἐστιν
2486 1353 2789 1409 ἐνδοιαστὸν
2817 1353 2894 1418 ὼς
2917 1356 2945 1408 ὁ
2973 1354 3144 1418 δειλός
3164 1372 3225 1408 τε
3244 1355 3339 1410 καὶ
3364 1356 3722 1427 ἁφερέπονος,

2144 1446 2241 1499 καὶ
2270 1444 2478 1518 βραχὺς
2504 1446 2585 1510 είς
2608 1445 2812 1511 πίστιν,
2838 1445 3279 1518 προσαπόλλυσιν
3312 1446 3464 1517 αὑτῷ
3494 1448 3590 1501 καὶ
3608 1448 3724 1501 ἑτέ-

2150 1554 2295 1609 ρους,
2324 1540 2525 1600 κακαῖς
2552 1538 2951 1609 παραφθείρων
2978 1537 3237 1609 ὁμιλίαις,
3272 1536 3474 1609 κλήρου
3506 1555 3566 1591 τε
3591 1539 3725 1592 ἀπο-

2147 1632 2396 1683 πεσεῖται
2427 1631 2521 1685 καὶ
2556 1629 2772 1695 ἐλπίδος
2798 1631 2898 1701 τῆς
2931 1630 3013 1694 είς
3037 1629 3170 1683 Θεόν
3191 1646 3204 1659 ’
3240 1631 3269 1684 6
3295 1630 3352 1684 δὲ
3381 1629 3643 1701 ιὺσθενής
3667 1645 3726 1683 τε

457 1682 759 1777 contraque
798 1707 889 1761 ille
913 1704 1074 1763 fortis
1097 1682 1464 1771 ac‘str'enuus,
1493 1713 1549 1761 et
1571 1705 1686 1776 spei
1721 1682 1966 1775 compos,
1989 1713 2045 1759 et

2175 1682 2667 1788 ιαὶάλκιμὼτατος
2691 1682 2929 1771 ίέέσωῖξε
2969 1682 3210 1772 κείσεται
3250 1682 3351 1790 itii—1;
3374 1682 3729 1784 silui6oc:-xat

457 1799 673 1855 amicus
690 1798 788 1855 Dei
814 1798 889 1854 sit
913 1797 1133 1853 futurus
1151 1798 1176 1850 ?

531 1890 730 1946 PALL.
777 1890 1000 1946 Minime
1048 1890 1268 1960 quidem
1310 1891 1664 1963 ambiguum:
1720 1890 1852 1945 satis
1899 1888 2047 1944 enim

462 1983 754 2053 probatum
776 1994 880 2040 est.

530 2075 690 2130 CYR.
731 2076 1360 2147 Igitur,.utaprincipio
1397 2076 1736 2139 dicebamus,
1770 2075 1863 2146 qui
1907 2074 2049 2130 dcti-

461 2175 628 2222 neiur
667 2166 963 2221 mundanis
1010 2166 1421 2238 voluptatibus,
1467 2166 1517 2222 is
1565 2167 1785 2236 ineptus
1826 2174 1910 2220 est
1956 2164 2050 2236 qui

465 2257 519 2310 in
549 2255 667 2311 acic
703 2255 979 2326 spirituali
1008 2265 1348 2311 numeretur.

534 2345 733 2401 PALL.
757 2346 826 2401 Et
851 2346 1075 2402 merito.

534 2437 693 2495 CYR.
759 2437 901 2493 illud
954 2453 1174 2509 quoque
1231 2437 1536 2492 addiderim
1588 2436 1664 2507 (id
1707 2436 1855 2491 enim
1906 2433 2051 2504 quod

467 2524 729 2595 prodesse
750 2532 951 2595 potest,
974 2540 1303 2596 magnopere
1328 2525 1734 2581 observandum
1751 2524 2011 2594 arbitror)
2039 2542 2051 2578 :

469 2616 567 2686 qui
617 2617 880 2672 virtutem
919 2617 1156 2688 aliquam
1193 2618 1376 2673 colere
1415 2633 1596 2689 nuper
1637 2618 1885 2687 coeperit,
1928 2632 2057 2673 eum

469 2705 696 2762 minime
737 2706 920 2761 adhuc
956 2706 1025 2761 ad
1064 2723 1301 2779 pugnam
1340 2716 1527 2778 aptum
1570 2723 1713 2773 esse,
1758 2708 1854 2762 sed
1897 2723 2059 2778 posse

469 2797 539 2854 ad
568 2799 764 2853 vitium
786 2798 946 2855 facile
970 2799 1314 2871 detorqueri.

546 2891 747 2948 PALL.
789 2890 891 2958 Qui
915 2891 1133 2949 tandem
1163 2893 1311 2949 istud
1342 2895 1585 2950 asseris?

542 2983 703 3041 (ΠΒ.
739 2983 801 3039 in
841 2984 1271 3041 Deuteronomio
1317 2985 1583 3057 scriptum
1638 2995 1761 3042 est:
1796 3008 1813 3036 σ
1846 2989 1902 3042 Si
1936 2988 2061 3059 quis

475 3091 653 3147 nuper
684 3090 912 3134 uxorem
939 3076 1179 3143 duxerit,
1213 3093 1326 3133 non
1372 3078 1692 3149 egredietur
1726 3079 1795 3134 ad
1832 3079 2059 3145 bellum,

473 3179 660 3237 neque
693 3166 1007 3238 imponetur
1039 3168 1090 3223 ei
1114 3169 1286 3225 ullum
1311 3170 1615 3241 negotium.
1662 3170 1927 3227 lmmunis
1956 3173 2065 3227 erit

480 3257 537 3312 in
574 3257 740 3313 domo
778 3273 877 3313 sua
916 3273 1061 3314 anno
1099 3273 1231 3324 uno,
1272 3258 1573 3325 laetiﬁcabit
1614 3275 1842 3325 uxorem
1886 3276 2062 3326 suam,

478 3363 647 3421 quam
668 3349 881 3421 accepit
909 3350 978 3404 ⁸⁸.
1007 3370 1026 3402 ι
1062 3350 1205 3406 Num
1230 3349 1416 3421 igitur,
1444 3349 1681 3415 Palladi,
1712 3349 1814 3406 soli
1855 3366 1919 3406 ac
1958 3367 2066 3406 nu-

480 3442 565 3500 dae
583 3443 789 3499 litterati
819 3441 1198 3498 inhaerendum
1222 3450 1327 3508 est,
1350 3452 1408 3498 et
1428 3450 1623 3497 auctor
1644 3442 1735 3497 ille
1755 3442 1913 3514 legis,
1935 3457 2062 3499 cum

482 3534 556 3590 sit
574 3535 796 3590 virtutis
816 3541 1046 3600 amator,
1073 3533 1221 3589 domi
1243 3548 1357 3590 suae
1379 3533 1593 3588 scilicet
1611 3533 1842 3589 collocat
1861 3550 2071 3606 pugna-

484 3635 683 3692 torem,
706 3641 890 3696 neque
928 3624 1201 3695 permittit
1221 3623 1444 3678 laudem
1463 3624 1532 3679 de
1553 3624 1762 3680 virtute
1801 3640 2069 3695 quaerere,

482 3717 595 3774 leni
644 3732 709 3772 ac
751 3714 952 3786 frigido
993 3712 1242 3769 mulieris
1285 3713 1540 3767 convictu
1600 3722 1920 3785 superatum
1946 3756 1960 3779 ,
2018 3724 2075 3771 et

485 3810 673 3866 carnis
720 3807 1083 3878 cupiditatem
1134 3804 1483 3862 necessitatis
1523 3804 1690 3860 rebus
1738 3802 2073 3875 przev‘erten-

488 3911 596 3954 tem
616 3901 641 3953 ?

510 3917 596 3956 cm
619 3917 640 3953 τ

558 3990 763 4047 PALL.
788 3990 1011 4047 Minime
1037 4006 1171 4046 vero
1205 3991 1318 4047 hoc
1350 3990 1485 4047 illud
1524 4006 1646 4047 esse
1684 3991 2072 4056 concesserim,

485 4084 633 4156 quod
658 4085 792 4157 legis
817 4086 1027 4141 auctori
1051 4084 1357 4156 placuerit:
1395 4084 1489 4140 sed
1548 4099 1650 4155 par
1688 4092 1775 4139 est
1812 4082 2077 4154 probabi-

486 4178 595 4235 lcm
616 4178 855 4249 aliquam
878 4178 935 4234 in
962 4193 1034 4234 ea
1059 4193 1125 4233 re
1142 4177 1317 4233 latere
1344 4177 1642 4235 rationem.

555 4269 714 4327 CYR.
738 4270 919 4343 Igitur
938 4269 1074 4327 illud
1097 4270 1299 4350 ipsum,
1328 4271 1477 4342 quod
1514 4270 1651 4336 dixi,
1677 4277 1942 4342 repetam.
1973 4268 2080 4338 Qui

2149 1809 2425 1881 γνώριμος
2462 1809 2613 1866 ἔσται
2641 1810 2789 1883 Θεῷ;

2224 1905 2435 1959 ΠΑΛΛ.
2480 1906 2594 1958 Οὐκ
2622 1902 2919 1975 ἀμφίϐολον
2949 1920 2963 1934 ·
3004 1904 3219 1977 ἀπόχρη
3245 1903 3353 1975 γὰρ
3390 1905 3424 1975 ἡ
3452 1902 3638 1969 δεῖξις.

2226 2084 2389 2139 ΚΥΡ.
2414 2082 2623 2138 Οὐκοῦν
2646 2082 2894 2155 καθάπερ
2916 2081 3127 2152 ἔφαμεν
3151 2080 3209 2153 ἐν
3237 2080 3452 2151 ἀρχαῖς,
3478 2081 3733 2154 ἀνεπιτή-

2154 2178 2294 2242 δειος
2330 2178 2411 2242 εἰς
2445 2176 2753 2250 παράταξιν
2781 2175 2880 2246 τὴν
2910 2176 3290 2246 πνευματικὴν
3326 2177 3355 2229 6
3387 2177 3511 2239 ταῖς
3549 2191 3736 2246 κοσμι-

2156 2274 2281 2336 καῖς
2306 2270 2697 2343 ὲνειλημμένος
2722 2269 2958 2340 ἡδοναῖς.

2161 2401 2169 2409 .
2226 2363 2437 2419 IIAAA.
2470 2362 2584 2418 Καὶ
2614 2362 2779 2434 μάλα.

2228 2457 2393 2512 ΚΥΡ.
2427 2455 2811 2531 Προσθεί[ν]ην
2854 2457 2900 2511 δ’
2925 2456 2992 2511 ἂν
3012 2456 3094 2510 ὅτι
3125 2455 3347 2528 (χρῆναι
3371 2454 3480 2527 γὰρ
3505 2446 3663 2525 οἶμαι
3680 2451 3739 2507 τδ

2158 2547 2402 2619 ὠφελοῦν
2431 2543 2489 2603 εὖ
2514 2547 2658 2617 μάλα
2681 2548 3014 2622 φιλοθηρεῖν)
3041 2549 3137 2604 καὶ
3168 2551 3198 2603 6
3222 2547 3415 2603 νεωστὶ
3441 2544 3741 2619 κατορθοῦν

2160 2640 2361 2713 ἀρετὴν
2384 2639 2673 2713 ἡντιναοῦν
2702 2640 3031 2712 ἀρξάμενος,
3073 2638 3228 2694 οὔπω
3248 2638 3386 2707 πρὸς
3417 2638 3602 2710 μάχην
3622 2638 3743 2691 ίκαο

2160 2735 2271 2804 νὸς,
2311 2734 2778 2808 εὐκατακόμιστος
2807 2734 2865 2789 δὲ
2894 2734 3096 2807 κομιδῇ
3137 2733 3273 2806 πρὸς
3293 2732 3356 2787 τὸ
3391 2729 3639 2787 ἀδικοῦν.

2233 2914 2448 2971 ΠΑΛΛ,
2480 2915 2607 2980 Πῶς
2637 2915 2818 2986 λέγεις
2837 2935 2853 2984 ;

2236 3006 2403 3061 ΚΥΡ.
2445 3006 2533 3060 Ἐν
2556 3004 2636 3078 τῷ
2669 3008 3073 3080 Δευτερονομίῳ
3098 3007 3437 3080 γέγραπται·
3472 3025 3491 3059 ι
3542 3004 3670 3060 Ἐὰν
3690 3002 3745 3059 δέ

2165 3113 2251 3162 τις
2280 3096 2423 3170 λάϐῃ
2448 3099 2686 3168 γυναῖκα
2734 3099 3084 3170 προσφάτως,
3125 3101 3227 3155 οὐκ
3276 3097 3620 3164 ἐξελεύσεται
3670 3098 3747 3161 είς

2168 3189 2428 3260 πόλεμον,
2459 3190 2555 3244 καὶ⁵
2572 3190 2673 3244 οὐκ
2696 3190 3123 3263 ὲπιϐληθήσεται
3142 3188 3291 3262 αὐτῷ
3311 3190 3462 3244 οὐδὲν
3489 3190 3640 3261 πρᾶγ
3650 3205 3745 3260 μα.

2180 3277 2380 3342 Ἀθῶος
2408 3277 2561 3332 ἔσται
2582 3279 2640 3332 ὲν
2667 3280 2732 3350 τῇ
2761 3279 2909 3350 οἰκίᾳ
2927 3277 3116 3347 αὐτοῦ,
3148 3278 3393 3332 ἐνιαυτὸν
3412 3277 3510 3333 ἕνα
3540 3277 3747 3350 εὐφρα-

2167 3369 2250 3422 νεῖ
2277 3367 2375 3441 τὴν
2401 3369 2640 3438 γυναῖκα
2662 3367 2827 3424 αὐτοῦ
2848 3368 2917 3440 ἢν
2939 3367 3150 3423 ἕλαδεν.
3193 3387 3211 3420 ι
3239 3361 3365 3438 *Δρ*
3388 3362 3502 3433 οὖν,
3534 3360 3583 3420 ὦ
3606 3364 3748 3420 Παλ-

2169 3460 2339 3526 λάδιε,
2369 3458 2703 3530 προσεκτέον
2738 3458 2884 3531 μόνῳ
2920 3476 2981 3513 τε
3011 3458 3104 3513 καὶ
3131 3456 3273 3529 ψιλῷ
3300 3457 3380 3529 τῷ
3418 3456 3749 3529 γράμματιι,

2171 3553 2266 3609 καὶ
2287 3554 2315 3607 6
2350 3552 2640 3625 φιλάρετος
2669 3551 2969 3623 νομοθέτης
2991 3551 3130 3605 οίκοι
3157 3547 3372 3614 καθίζει
3401 3548 3461 3603 τὸ
3487 3547 3749 3620 μάχιμον,

2172 3647 2267 3701 καὶ
2311 3645 2412 3699 οὐκ
2466 3645 2531 3716 ὲᾷ
2580 3644 2890 3714 εὐδοκιμεῖν
2930 3645 3052 3707 ταῖς
3098 3643 3179 3706 εἰς
3223 3643 3459 3712 γυναῖκα
3517 3638 3749 3710 ψυχραῖς

2172 3734 2411 3806 ὁμιλίαις
2440 3733 2772 3806 ἡττώμενον,
2804 3733 2899 3787 καὶ
2946 3731 3410 3804 προύργιαιτέραν
3443 3730 3553 3785 τῶν
3586 3730 3750 3800 ἀναγ-

2174 3826 2346 3883 καίων
2371 3825 2695 3897 ποιούμενον
2718 3825 2818 3897 τὴν
2848 3823 3205 3895 φιλοσαρκίαν
3235 3840 3251 3890 ;

2247 4009 2458 4064 ΠΛΛΛ.
2497 4006 2739 4063 Ἤκιστά
2768 4023 2832 4077 γε
2881 4004 3030 4060 τουτὶ⁴
3079 4003 3226 4076 δοίην
3273 4003 3339 4058 ἂν
3365 4001 3541 4071 ἔγωγε
3579 4000 3640 4057 τὸ
3678 4001 3752 4072 τῷ

2179 4099 2443 4172 νομοθέτῃ
2467 4098 2679 4153 δοκοῦν·
2698 4096 2923 4162 πιθανὸς
2944 4095 3001 4152 δέ
3017 4114 3121 4163 τις,
3138 4096 3214 4161 ὠς
3234 4096 3430 4163 ἔοικεν,
3448 4098 3478 4150 6
3503 4094 3592 4150 ἐπ’
3608 4093 3753 4164 αὐτῷ

2180 4194 2358 4247 κεῖται
2386 4190 2563 4259 λόγος.

2252 4281 2417 4337 ΚΥΡ.
2455 4278 2668 4335 Οὐκοῦν
2699 4281 2835 4353 ὅπερ
2865 4278 3001 4351 ἔφην
3026 4277 3411 4349 ἀνακυκλήσας
3435 4276 3564 4350 ἐρῶ.
3597 4277 3757 4349 Ἀνὴρ

486 4365 751 4420 virtutem
784 4365 1062 4436 attigerit,
1085 4367 1325 4422 necdum
1343 4365 1491 4421 ilfam
1521 4364 1764 4436 perfecte
1785 4364 2057 4421 admoduu

2186 4373 2389 4447 ἀρετῆς
2425 4371 2726 4445 ἁψάμενος,
2748 4373 2842 4427 καὶ
2870 4370 3023 4426 οὔπω
3045 4369 3251 4443 ταύτὴν
3276 4367 3334 4425 εὖ
3366 4370 3513 4442 μάλα
3549 4387 3757 4442 κατωρς

488 4456 722 4528 adeptus
776 4458 870 4522 sit,
922 4456 1088 4514 facile
1124 4458 1185 4513 in
1226 4457 1562 4514 contrarium
1607 4457 1926 4528 detorqueri
1974 4472 2076 4529 po-

493 4557 619 4605 test.

562 4641 761 4697 PALL.
783 4641 883 4697 Dic
909 4655 1149 4712 quonam
1181 4640 1366 4696 modo.
1407 4639 1662 4696 Nondum
1699 4640 1846 4696 enim
1884 4639 2081 4695 admo-

492 4737 622 4793 dum
648 4750 871 4807 scquor.
1982 4770 1991 4777 .

564 4828 723 4900 153
744 4827 903 4884 CYR.
940 4826 1033 4883 Ait
1056 4834 1213 4883 certe
1241 4826 1497 4884 Salomon
1530 4845 1542 4882 :
1580 4848 1597 4878 ε
1632 4827 1729 4883 Dic
1750 4830 2073 4900 sapientiam

494 4929 642 4976 tuam
664 4935 919 4977 sororem
937 4936 1077 4986 esse,
1103 4927 1161 4974 et
1185 4919 1541 4990 prudentiam
1581 4921 1679 4976 tibi
1718 4921 1953 4976 amicam
1992 4920 2078 4975 fa-

493 5012 692 5069 cito".
726 5032 745 5064 ι
774 5012 1097 5069 Familiares
1131 5026 1370 5082 namque
1408 5012 1571 5069 nobis
1605 5012 1843 5069 virtutes
1892 5011 2080 5067 reddi-

495 5122 639 5169 mus,
668 5105 715 5160 si
739 5120 809 5160 ex
828 5103 938 5159 illis
956 5102 1203 5160 fructum
1214 5102 1358 5160 ferre
1379 5103 1652 5175 imprimis
1671 5103 2049 5159 studuerimus
2066 5121 2085 5156 τ

449 5261 462 5290 ι
496 5199 590 5254 hic
609 5196 778 5263 cnim,
808 5197 964 5252 verbi
998 5197 1193 5269 gratia,
1223 5197 1507 5270 sapientiae
1535 5211 1660 5266 quae
1691 5196 1745 5250 in
1773 5209 1955 5250 rerum
1982 5206 2078 5252 co-

449 5286 462 5325 ῖ
496 5289 743 5362 gnitione
769 5297 1040 5356 versatur,
1064 5289 1157 5346 ille
1176 5286 1587 5347 mansuetudini
1637 5293 1694 5340 Cl
1729 5286 1941 5342 lenitati
1988 5287 2084 5343 dat

498 5401 742 5457 operam,
773 5393 871 5442 aut
890 5386 1160 5457 ejusmodi
1180 5392 1333 5440 certe
1351 5378 1508 5436 alteri
1531 5378 1745 5445 virtuti,
1766 5396 1930 5451 quam
1956 5396 2074 5437 con-

499 5480 653 5550 sequi
688 5479 1060 5551 proposuerit.
1095 5478 1237 5534 Num
1274 5475 1440 5547 igitur
1456 5472 1639 5528 statim
1664 5482 1827 5546 atque
1879 5475 1933 5530 in
1980 5476 2086 5530 hu-

571 5664 615 5697 "
646 5664 809 5722 Num.
852 5682 961 5734 MV,
1001 5664 1025 5720 ί
1078 5679 1234 5736 seqq.

2186 4467 2399 4534 θωκὼς,
2433 4466 2902 4537 εὐκατακόμιστος
2928 4467 3008 4530 είς
3040 4464 3101 4518 τὸ
3119 4462 3377 4519 ἐναντίον.

2256 4647 2466 4704 ΠΑΛΔ.
2497 4644 2709 4718 Φράσον
2737 4643 2906 4708 ὅπως.
2944 4642 3190 4712 Ἔπομαι
3225 4638 3334 4712 γὰρ
3361 4638 3420 4693 οὐ
3456 4636 3683 4710 σφόδρα.

2258 4834 2426 4889 ΚΥΡ.
2465 4831 2522 4886 '0
2560 4828 2811 4902 Σολομὼν
2842 4826 2943 4883 πού
2990 4845 3155 4899 φησιν
3192 4849 3203 4861 ·
3261 4846 3280 4879 ι
3338 4821 3508 4880 Εἶπον
3539 4823 3642 4895 τὴν
3680 4840 3762 4877 σο-

2184 4926 2311 4998 φίαν
2361 4925 2460 4996 σὴν
2479 4923 2717 4995 ἀδελφὴν
2741 4918 2879 4977 εἶναι
2901 4939 2916 4954 ·
2953 4922 3054 4992 τὴν
3089 4920 3148 4975 δὲ
3179 4919 3440 4992 φρόνησιν
3493 4913 3767 4988 γνώριμον

2185 5019 2543 5091 περιποίησαι
2582 5014 2812 5087 σεαυτῷ.
2861 5034 2880 5066 ι
2920 5012 3281 5085 Οίκειούμεθα
3309 5010 3418 5081 γὰρ
3443 5008 3637 5083 ὥσπερ
3674 5008 3766 5070 τὰς

2190 5111 2416 5190 ἀρετὰς,
2445 5109 2509 5164 τὸ
2533 5110 2593 5163 ἐν
2645 5109 2839 5172 αὑταῖς
2878 5107 3252 5179 καρποφορεῖν
3292 5104 3374 5158 ὃτι
3419 5100 3660 5173 μάλιστα
3698 5099 3766 5153 δι-

2192 5200 2585 5265 εσπουδακότες
2605 5216 2620 5232 ·
2657 5202 2687 5254 6
2710 5199 2808 5271 μὲν
2834 5197 2942 5270 γάρ
2970 5214 3055 5262 τις
3089 5195 3249 5266 τυχὸν
3279 5193 3340 5249 τὸ
3369 5194 3426 5248 ὲν
3458 5191 3661 5262 γνώσει
3686 5208 3767 5244 σο-

2195 5294 2315 5365 φὸν,
2341 5293 2369 5347 ὁ
2391 5292 2450 5347 δὲ
2472 5292 2572 5364 τὴν
2603 5290 2891 5365 πραότητα
2916 5289 3013 5344 καὶ
3044 5286 3346 5360 ἀοργησίαν
3371 5285 3473 5340 οὐκ
3510 5284 3771 5352 ἀνεπιτή-

2192 5386 2380 5439 δευτον
2416 5383 2552 5454 ἔχει,
2595 5384 2764 5453 ἤγουν
2798 5379 2987 5454 ἕτερόν
3023 5396 3077 5434 τι
3114 5379 3224 5433 τῶν
3247 5377 3506 5432 τοιούτων
3544 5377 3683 5446 ὅπερ
3707 5371 3771 5429 ἂν

2195 5474 2370 5527 ἕλοιτο
2397 5471 2718 5548 κατορθοῦν.
2752 5466 2875 5542 'Ap‘
2898 5466 3182 5545 οὗνέὑθὺς
3216 5471 3245 5523 ὁ
3266 5468 3363 5542 τῆς
3395 5466 3450 5522 ἓν
3476 5483 3540 5536 γε
3570 5465 3770 5525 τούτοις

1312 5665 1357 5697 ⁸³
1388 5664 1527 5722 ibid.
1563 5663 1650 5722 50.
1731 5664 1776 5697 ⁸³
1806 5663 1967 5721 Deut.
2015 5678 2160 5728 xxiv,
2195 5660 2247 5718 5.
2325 5660 2368 5691 ⁸³
2396 5660 2556 5716 Prov.
2588 5672 2681 5724 vn,
2707 5670 2763 5710 οι.
