3966 6298
243 242 343 304 577

944 245 1031 301 DE
1069 244 1510 304 ADORATIONE
1548 248 1614 304 IN
1658 248 1931 307 SPIRITU
1976 252 2064 307 ET
2104 253 2476 309 \‘ERITATE.
2519 253 2645 308 LIB.
2690 254 2749 308 Υ.

3384 257 3491 313 378

237 356 539 423 δπιεικείας
570 358 875 432 ἀρξάμενος
911 360 1057 425 νοῦς,
1097 361 1279 425 ἱκανὸς
1314 363 1393 425 εἰς
1426 363 1487 415 τὸ
1520 362 1812 434 δοκιμάζεο

1927 367 2146 423 usmodi
2200 367 2366 423 rebus
2405 366 2757 422 mediocriter
2794 370 2999 424 versari
3053 370 3217 441 etrapit
3251 370 3488 437 animus,

238 453 362 508 σθαι
388 452 485 506 καὶ
506 448 863 523 πειράζεσθαι
883 469 898 518 ;
927 453 1023 506 καὶ
1046 455 1156 516 τοῖς
1178 452 1248 506 τὰ
1272 452 1408 525 ὀρθά
1427 452 1810 524 διαστρέφουσι

239 541 545 623 περιτυχὼν
593 544 624 596 ό
664 541 826 612 σοφίᾳ
863 543 1193 614 συνοικήσας
1236 543 1317 613 (l)
1368 544 1720 614 προσφάτως,
1749 546 1809 599 οὒ

236 634 702 705 διαστραφήσεται
731 633 951 704 μᾶλλον,
969 635 1138 705 ἤγουν
1155 635 1438 705 περιέσται
1451 636 1545 689 καὶ
1558 634 1811 707 διακρού-

237 740 389 778 σεται
409 722 479 778 τὰ
508 723 733 778 ὲκείνων
769 723 964 795 βλάϐη,
1006 724 1257 797 βεὸηκὼς
1299 727 1393 782 καὶ
1421 726 1812 799 ἐρηρεισμένος

234 814 473 889 διαρκῶς
496 814 650 869 οὔπω
680 814 818 889 πρὸς
845 815 1060 872 σύνεσιν
1081 835 1111 877 ἰ

303 995 513 1051 ΠΔΔΛ.
549 997 783 1054 Ἔοικεν.

305 1085 472 1141 ΚΥΡ.
504 1087 951 1160 Παροτρύνοντος
970 1089 1027 1143 δέ
1048 1107 1212 1155 τινος,
1232 1091 1262 1145 ό
1286 1090 1383 1163 τὴν
1412 1091 1698 1163 πραότητα
1723 1110 1816 1164 με·

230 1174 426 1245 λετῶν,
460 1179 508 1231 εί
543 1179 711 1250 μήπω
739 1196 825 1244 τις
861 1180 946 1250 ετη
979 1181 1117 1253 πρὸς
1151 1180 1310 1236 τοῦτο
1336 1182 1808 1255 γεγυμνασμένος,

228 1269 291 1323 οὐ
321 1271 706 1341 κατοιχήσεται
741 1273 879 1344 πρὸς
905 1272 1075 1345 ὀργὴν
1103 1274 1371 1341 εὐκόλως

306 1361 514 1416 IIAAA.
547 1356 719 1433 Οἶμαί
744 1380 831 1431 γε.

304 1452 473 1507 ΚΥΡ.
521 1453 800 1527 Ἐντριόὴς
825 1454 883 1509 δὲ
913 1455 1077 1526 σοφὸς
1107 1456 1457 1529 διαμαχεῖται
1487 1461 1690 1529 σοφοῖς,
1718 1458 1814 1512 καὶ

227 1543 517 1613 ἁνπξάγει
541 1546 807 1611 νεανικῶς
841 1549 962 1612 ταῖς
1007 1548 1236 1604 ἐκείνων
1269 1550 1623 1622 πανουργίαις
1654 1551 1724 1607 τὰ
1754 1551 1814 1619 ἐξ

224 1634 520 1706 ὀρθότητος
546 1635 860 1709 λογισμῶν;

303 1726 511 1781 mum.
559 1728 803 1801 Ἀληθές.

302 1817 465 1874 ΚΥΡ.
494 1819 561 1874 Τί
580 1818 661 1887 δέ,
688 1821 718 1874 ό
755 1820 1020 1894 πραότητι
1048 1822 1429 1896 κατωρθωκὼς
1450 1826 1514 1880 οὐ
1546 1824 1815 1897 δυσχερὴς

219 1911 311 1975 εἰς
333 1909 525 1983 όργάς,
554 1911 656 1968 κᾶν
684 1914 732 1966 εἰ
759 1913 894 1985 πρὸς
926 1913 1084 1969 τοῦτο
1105 1915 1268 1970 αὑτὸν
1301 1916 1673 1988 παραθήγοιεν
1701 1914 1815 1968 ἐσθ’

219 2004 320 2056 ὅτε
347 2004 528 2071 τινές;

300 2097 521 2151 ΠΑΛΛ.
550 2094 718 2167 Φημί.

298 2188 475 2243 ΚΥΡ.
522 2189 730 2260 Ὀρθῶς
766 2184 859 2243 οῦν
894 2190 924 2242 ὁ
951 2188 1115 2260 νόμος
1145 2188 1420 2261 ’καθάπερ
1450 2188 1509 2244 ὲν
1554 2188 1688 2243 εἴδει
1739 2190 1817 2260 τῷ

221 2278 492 2350 γυναικὸς
514 2279 905 2351 διαμορφώσας
936 2280 1170 2345 ἀστείως
1202 2282 1302 2351 τὴν
1328 2283 1442 2345 τοῖς
1486 2281 1663 2350 ἁγίοις
1694 2280 1817 2335 σύν-

219 2386 384 2425 οικον
413 2369 639 2443 ἀρετὴν,
673 2390 692 2423 ‹
724 2368 853 2425 Ἐάν
882 2388 969 2434 τις
1014 2370 1156 2442 λάϐῃ
1181 2374 1418 2440 γυναῖκα
1463 2374 1812 2444 προσφάτως.

222 2461 423 2532 φησὶν,
447 2461 548 2515 οὐκ
568 2460 910 2528 ἐξελεύσεται
938 2463 1019 2524 είς
1048 2462 1308 2532 πόλεμον,
1340 2463 1435 2518 καλ⁸
1463 2463 1563 2517 οὐκ
1591 2463 1817 2536 ἐπιϐλη-

225 2553 462 2623 θήσεται
490 2551 638 2624 αὑτῷ
658 2552 810 2606 οὐδὲν
837 2554 1072 2625 πρᾶγμα
1094 2568 1109 2582 ·
1140 2552 1318 2617 ἀθῶος
1333 2552 1490 2607 ἔσται
1510 2556 1569 2608 ὲν
1584 2557 1651 2625 τῇ
1669 2555 1817 2626 οἰκίᾳ

225 2642 423 2698 αὐτοῦ.
497 2642 772 2698 Ἐνιαυτὸν
824 2642 923 2698 ἕνα
976 2644 1241 2716 εὐφρανεί
1296 2643 1395 2716 τὴν
1460 2646 1693 2714 γυναῖκα
1749 2644 1816 2715 ἣν

226 2737 420 2791 ἔλασε.
452 2756 473 2789 ›
510 2736 1025 2809 Καταφορτίζεσθαι
1052 2735 1161 2809 γὰρ
1189 2735 1291 2790 οὐκ
1322 2737 1392 2809 ἐᾷ
1421 2736 1603 2800 πόνοις
1626 2753 1687 2790 τε
1720 2737 1816 2790 καὶ

224 2830 493 2901 διωγμοῖς
536 2830 631 2883 τὸν
675 2829 958 2893 οἱονείπως
986 2829 1289 2900 ἀρτιπαγῆ,
1334 2815 1449 2884 και
1472 2832 1816 2902 νεαρωτέραν

228 2923 431 2994 ἔχοντα
454 2921 555 2992 τὴν
580 2923 660 2986 είς
683 2922 746 2976 τὸ
764 2920 968 2991 ἀγαθὸν
985 2920 1246 2992 σπουδὴν,
1269 2920 1516 2992 σχολαῖον
1539 2919 1599 2974 δὲ
1626 2919 1776 2974 ὥσπε
1784 2937 1816 2992 ρ

228 3013 333 3070 καὶ
376 3015 464 3084 ἐφ’
518 3013 697 3085 ἑαυτῷ
740 3014 992 3084 μένοντα,
1046 3014 1142 3069 καὶ
1185 3013 1523 3085 θαλπόμενον
1564 3016 1685 3077 ταῖς
1736 3014 1816 3077 εἰς
1843 3050 1885 3109 C

228 3106 440 3179 ἀρετὴν
487 3106 945 3178 καταδεσμεῖσθαι
994 3104 1422 3176 φιλοστοργίαις.
1468 3103 1725 3159 Τοιοῦτόν
1762 3120 1816 3157 τι

231 3199 591 3269 πεπραχότας
633 3199 941 3271 εὑρήσομεν
977 3198 1105 3262 τοὺς
1144 3198 1335 3266 ἁγίους
1364 3197 1722 3262 ἀποστόλους,
1768 3197 1818 3250 οἳ

232 3293 351 3355 τοῖς
384 3290 444 3356 ἐξ
474 3288 645 3345 ἐθνῶν
678 3290 1088 3361 ἐπιστρέφουσι,
1122 3290 1215 3344 καὶ
1242 3288 1439 3344 νεωστὶ
1461 3287 1821 3360 κεκλημένοις

234 3387 317 3449 εις
343 3382 641 3452 ἐπίγνωσιν
662 3382 830 3447 θεοῦ,
868 3384 1057 3452 σαφῶς
1083 3381 1523 3437 ἐπιστέλλουσιν·
1560 3401 1579 3433 ι
1631 3380 1819 3447 Ἔδοξε

233 3478 349 3549 γὰρ
378 3477 459 3549 τῷ
490 3477 632 3548 ἀγίφ
667 3475 947 3549 Πνεύματι
980 3477 1089 3531 καὶ·
1108 3477 1261 3547 ἡμῖν,
1297 3475 1467 3546 μηδὲν
1507 3473 1669 3529 πλέον
1699 3475 1821 3526 ἐπι-

234 3568 482 3624 τίθεσθαι
512 3570 642 3640 ῠμῖν
665 3566 832 3639 βάρος
853 3608 870 3634 ,
907 3567 1050 3639 πλὴν
1066 3565 1370 3637 ἀπέχεσθαι
1390 3566 1534 3636 ὑμᾶς
1565 3564 1821 3634 πορνείας

237 3663 336 3716 καὶ
368 3660 621 3726 πνικτοῦ,
656 3661 752 3715 καὶ
778 3660 1029 3732 αἵματος.
1058 3677 1077 3709 ι
1115 3658 1391 3730 Παρέντες
1421 3656 1528 3727 γὰρ
1549 3657 1823 3726 οἱκονομι·

238 3752 352 3818 κῶς
378 3753 489 3807 τῶν
520 3752 872 3824 ὲνταλμάτων
912 3751 982 3806 τὰ
1026 3748 1428 3821 φορτικώτερα,
1453 3747 1611 3817 ὀλίγα
1637 3764 1697 3801 τε
1726 3748 1821 3802 καὶ

239 3846 519 3913 ἀναγκαῖα
531 3846 720 3915 τηρεῖν
747 3843 1025 3908 ἰκέλευον,
1050 3841 1160 3896 τῶν
1178 3839 1380 3914 ἀρτίως
1409 3838 1824 3911 εἰσκεκομισιιέ-

239 3951 350 3989 νων
369 3932 464 3987 ἐπὶ
484 3930 546 3986 τδ
569 3932 767 4005 χρῆναι
788 3930 1061 3986 θεοσεϐεῖν
1086 3930 1149 3984 τὸ
1167 3929 1478 4001 ἀτληπαθὲς
1503 3930 1604 3984 οὐκ
1627 3930 1823 3999 ἠγνοη-

241 4025 420 4089 κότες.
450 4025 562 4079 Καὶ
602 4022 760 4093 γοῦν,
794 4023 978 4094 ἀνίησι
1020 4023 1121 4094 μὲν
1166 4022 1294 4085 τοὺς
1331 4020 1606 4085 τοιούτους
1655 4022 1684 4074 ό
1714 4019 1821 4073 τῶν

239 4119 379 4173 ὅλων
405 4117 541 4182 θεὸς
567 4117 662 4171 καὶ
691 4117 863 4188 ὀργῆς
893 4114 987 4169 καὶ
1033 4112 1394 4185 αιτιαμάτων,
1440 4112 1542 4168 κᾶν
1579 4112 1628 4165 εί
1666 4127 1824 4181 περι-

242 4211 469 4265 πέσοιεν
505 4207 900 4278 ὀλιγοψυχίαις,
936 4207 1036 4278 τὴν
1073 4204 1316 4277 ἀσυνήθη
1350 4204 1459 4261 τῶν
1500 4204 1678 4279 πόνων
1709 4203 1823 4258 διας

242 4301 555 4372 στείχοντες
587 4300 728 4355 ὁδόν.
757 4297 1156 4369 Είσπράττεται
1181 4296 1239 4350 δὲ
1280 4296 1422 4367 μετά
1446 4295 1607 4350 τοῦτο
1641 4294 1821 4358 δίκας,

1911 456 2143 513 idoneus
2183 450 2290 512 erit
2322 458 2414 528 qui
2460 458 2727 528 probetur
2760 477 2823 515 ac
2857 463 3136 517 tentetur?
3172 470 3227 516 et
3268 462 3361 532 qui
3401 478 3492 518 sa-

1911 550 2129 621 pientia:
2151 549 2515 604 contubernio
2545 550 2627 603 uti
2653 560 2904 605 reccnter
2935 551 3221 621 inceperit,
3250 554 3297 608 si
3317 553 3371 609 in
3392 569 3491 610 eos

1911 641 2188 706 inciderit,
2218 641 2315 711 qui
2353 648 2503 696 recta
2537 648 2882 711 pervertunt,
2924 657 3106 696 nonne
3141 651 3491 712 pervertetur

1910 733 2095 802 potius
2137 747 2303 803 quam
2332 732 2538 796 vincat,
2559 738 2618 786 et
2641 731 2861 786 illorum
2886 731 3186 800 perniciem
3228 731 3486 803 depellat,

1911 825 2114 894 quippe
2145 839 2270 878 cum
2294 838 2404 877 non
2427 823 2561 878 satis
2581 821 2763 876 adhuc
2787 821 3001 877 stabilis
3022 835 3086 875 ac
3121 820 3263 875 fixus
3303 822 3358 876 in
3399 837 3490 877 sa-

1914 915 2123 986 pientia
2150 914 2263 971 sit?

1983 1004 2180 1060 PALL.
2204 996 2647 1061 Consentaneum
2676 1004 2916 1060 videtur.

1984 1095 2141 1152 CYR.
2171 1098 2459 1163 Praeterea,
2484 1097 2579 1168 qui
2605 1094 3015 1153 mansuetudini
3046 1095 3250 1162 studet,
3291 1109 3493 1166 provo-

1911 1197 2071 1246 cante
2093 1189 2300 1259 aliquo,
2317 1190 2364 1245 si
2385 1189 2632 1246 nondum
2654 1190 2710 1245 in
2730 1204 2794 1244 ea
2818 1187 3022 1243 virtute
3044 1187 3116 1243 sit
3133 1188 3489 1254 exercitatus,

1914 1297 2095 1336 nonne
2115 1280 2275 1337 facile
2296 1281 2685 1337 succensebit?

1983 1370 2183 1426 PALL.
2206 1371 2287 1426 lla
2308 1371 2527 1441 opinor.

1982 1461 2141 1538 CXR.
2167 1463 2514 1519 Exercitatus
2545 1471 2729 1520 autem
2750 1465 2969 1535 sapiens
2996 1479 3122 1519 cum
3157 1463 3496 1534 sapientibus

1914 1551 2200 1623 pugnabit,
2221 1559 2279 1607 et
2299 1550 2757 1638 illorumiastutiae
2795 1559 2999 1607 rectam
3036 1552 3305 1607 rationem
3334 1549 3495 1605 forti-

1916 1653 2001 1700 ter
2024 1653 2285 1715 opponet.

1847 1712 1891 1769 B
1985 1712 2185 1791 PALL.
2215 1736 2417 1792 Verum
2440 1736 2560 1792 est.‘

1985 1826 2143 1881 (ΝΒ.
2166 1824 2309 1891 Quid
2329 1839 2463 1880 vero
2482 1826 2597 1891 ille,
2625 1826 2719 1895 qui
2744 1824 3223 1880 mansuetudinem
3250 1831 3334 1880 est
3370 1838 3495 1893 per-

1916 1916 2057 1972 fecte
2078 1923 2427 1980 consecutus,
2448 1930 2630 1969 nonne
2658 1915 2878 1970 difficile
2905 1916 3271 1981 succensebit,
3307 1930 3499 1985 quam-

1917 2009 2002 2062 vis
2019 2022 2413 2076 nonnunquam
2437 2008 2506 2063 ab
2540 2006 2819 2076 aliquibus
2856 2008 3235 2076 provocetur?

1988 2100 2184 2156 PALL.
2204 2100 2423 2156 Fateor.

1987 2191 2147 2247 CYR.
2174 2191 2344 2255 Recte
2392 2191 2576 2261 itaque
2622 2189 2730 2253 lex,
2778 2202 2905 2244 cum
2943 2188 3222 2257 eleganter
3263 2184 3410 2238 velut
3445 2183 3499 2238 in

1919 2281 2169 2337 mulieris
2203 2280 2385 2351 specie
2426 2279 2684 2335 virtutem
2731 2285 3047 2334 sanctorum
3080 2276 3366 2346 conjugcm
3402 2273 3499 2328 dc-

1917 2375 2225 2445 pinxisset:
2264 2392 2281 2423 ‹
2313 2371 2367 2427 Si
2392 2373 2536 2441 quis,
2566 2371 2765 2441 inquit,
2788 2384 2966 2439 nuper
3005 2384 3228 2423 uxorem
3269 2380 3500 2435 accepe—

1918 2465 2011 2529 rit,
2036 2480 2148 2519 non
2167 2461 2482 2534 egredietur
2507 2461 2577 2516 ad
2616 2462 2845 2526 bellum,
2870 2476 3049 2530 neque
3092 2459 3262 2513 ullum
3303 2472 3507 2511 munus

1915 2557 1967 2612 ei
1992 2556 2334 2625 imponetur:
2370 2554 2629 2611 immunis
2649 2553 2757 2607 erit
2778 2553 2834 2608 in
2853 2552 3017 2607 domo
3045 2567 3160 2606 sua.
3191 2550 3349 2604 Anno
3370 2563 3501 2610 uno,

1916 2644 2217 2700 laetificabit
2235 2659 2466 2701 uxorem
2505 2658 2684 2708 suam,
2711 2657 2876 2713 quam
2912 2642 3183 2711 accepit"
3210 2659 3274 2700 2,»
3302 2654 3505 2694 onera-

1917 2736 1963 2791 ri
1984 2751 2222 2806 namque
2242 2735 2527 2790 laboribus
2572 2749 2637 2789 ac
2684 2732 3165 2805 persecutionibus
3214 2747 3326 2785 non
3374 2745 3506 2800 per-

1916 2826 2086 2881 mittit
2107 2840 2256 2891 eum,
2289 2825 2384 2895 qui
2403 2840 2579 2896 nuper
2601 2823 2771 2879 veluti
2829 2830 3147 2893 compactus
3187 2829 3268 2877 est
3306 2829 3363 2875 et
3413 2834 3504 2876 re-

1917 2915 2151 2971 centiori
2178 2923 2264 2970 est
2281 2930 2409 2986 erga
2430 2914 2692 2977 virtutem
2712 2912 2933 2978 studio;
2967 2911 3062 2966 sed
3102 2919 3361 2981 tanquam
3405 2925 3504 2965 cu-

1920 3007 1997 3061 ris
2018 3021 2249 3062 vacuum
2268 3013 2432 3077 atque
2452 3005 2599 3076 apud
2624 3021 2682 3060 se
2723 2997 3037 3060 manentem
3079 3020 3143 3059 ac
3177 3003 3351 3058 fotum
3388 3003 3506 3057 vir-

1919 3097 2053 3152 tutis
2071 3095 2354 3152 amoribus
2382 3093 2699 3150 confirmari
2722 3092 2874 3149 sinit.
2910 3091 3194 3163 Ejusmodi
3225 3091 3505 3161 quidpiam

1916 3196 2137 3243 sanctos
2154 3187 2431 3258 apostolos
2449 3185 2642 3241 fecisse
2670 3184 3034 3254 reperiemus,
3065 3183 3157 3252 qui
3183 3183 3247 3236 ad
3278 3182 3507 3251 gentiles

1917 3293 2096 3348 nuper
2121 3290 2426 3332 conversos
2471 3283 2526 3329 et
2555 3274 2621 3329 ad
2643 3273 2743 3328 Dei
2785 3272 3122 3345 agnitionem
3153 3279 3376 3323 vocatos
3417 3284 3507 3323 sa-

1918 3368 2134 3439 pienter
2166 3365 2420 3421 scribunt
2453 3381 2465 3416 :
2499 3382 2516 3413 ι
2548 3363 2740 3417 Visum
2765 3370 2850 3416 cst
2874 3360 3023 3415 enim
3060 3358 3286 3429 Spiritui
3319 3367 3507 3413 sancto

1918 3466 1975 3513 et
1995 3455 2174 3521 nobis,
2197 3455 2335 3509 nihil
2359 3454 2500 3508 ultra
2535 3455 2817 3525 imponere
2858 3451 3015 3508 vobis
3054 3449 3258 3515 oneris,
3299 3449 3407 3504 nisi
3449 3460 3509 3505 ut

1921 3548 2247 3604 abstineatis
2283 3561 2433 3615 vosa
2469 3545 2855 3610 fornicatione,
2891 3554 2948 3600 et
2980 3543 3244 3599 suﬂ‘ocato
3288 3550 3344 3597 et
3380 3556 3507 3596 san-

1919 3638 2084 3710 guine
2103 3637 2170 3692 ".
2215 3657 2233 3690 ι
2264 3635 2659 3692 Praetermissis
2678 3636 2828 3690 enim
2859 3634 3092 3705 sapienti
3113 3632 3510 3705 gubernatione

1920 3728 2194 3786 mandatis
2211 3726 2575 3800 gravioribus,
2614 3741 2788 3797 pauca
2814 3725 3063 3796 quaedam
3088 3740 3153 3779 ac
3197 3720 3511 3779 necessaria

1920 3837 2139 3878 servare
2166 3812 2494 3892 jusserunt,
2544 3834 2670 3874 eum
2706 3817 2922 3873 illorum
2962 3818 3057 3889 qui
3091 3815 3256 3888 paulo
3290 3822 3415 3869 ante
3442 3813 3512 3868 ad

1920 3913 2095 3968 Deum
2121 3912 2414 3968 colendum
2433 3910 2657 3966 adducti
2685 3919 2890 3974 essent,
2929 3908 3175 3965 inﬁrmas
3214 3908 3267 3961 in
3304 3908 3517 3979 asperis

1920 4003 2090 4059 rebus
2118 4004 2421 4060 tolerandis
2443 4002 2590 4057 vires
2609 4017 2720 4056 non
2741 4001 3081 4072 ignorarent.
3136 3998 3295 4070 154
3321 4000 3514 4069 Itaque

1922 4095 2236 4167 huiusmodi
2290 4095 2628 4160 hominibus,
2679 4094 2769 4149 ille
2825 4093 3205 4148 universorum
3246 4090 3410 4153 Deus,
3458 4098 3515 4145 ct

1924 4187 2035 4243 iras
2053 4194 2109 4242 et
2132 4187 2322 4257 culpas
2360 4185 2622 4250 remittit,
2647 4184 2864 4239 tametsi
2897 4184 2953 4237 in
2989 4181 3171 4252 pusilli
3222 4180 3389 4235 animi
3426 4180 3513 4233 vi-

1924 4279 2063 4333 tium
2102 4276 2422 4341 inciderint,
2464 4275 2598 4329 dum
2629 4274 2903 4328 insuetam
2941 4273 3190 4327 laborum
3234 4270 3375 4324 viam
3424 4271 3514 4324 in-

245 4393 341 4448 καὶ
366 4361 637 4465 ῦποφέρει
662 4390 852 4446 λοιπὸν
883 4361 999 4453 τοῖς
1027 4388 1087 4456 ἐξ
1111 4361 1294 4460 ὀργῆς.
1309 4388 1629 4458 κινήμασιν,
1658 4384 1818 4439 ἀσθε-

1927 4369 2271 4441 grediuntur.
2299 4365 2626 4435 Sed.postea
2660 4363 2863 4433 repetit
2901 4378 3113 4433 poenas,
3160 4367 3217 4415 et
3262 4361 3356 4416 irae
3401 4377 3515 4417 suae

243 4483 476 4549 νοῦντας
507 4485 605 4555 μὲν
636 4484 820 4539 οὐκέτι
850 4482 940 4537 διὰ
970 4481 1033 4535 τὸ
1053 4479 1221 4551 ἄηθες
1242 4482 1300 4533 ὲν
1320 4481 1435 4543 τοῖς
1460 4479 1665 4543 πόνοις,
1697 4477 1826 4531 ἀνα-

1927 4456 2389 4517 commotionibus
2433 4454 2657 4526 subjicit
2687 4470 2785 4509 eos
2813 4454 2931 4524 qui,
2959 4468 3081 4509 cum
3126 4468 3237 4507 non
3279 4452 3515 4523 amplius

247 4544 549 4640 πίπτοντας
582 4576 640 4631 δὲ
670 4574 873 4647 μᾶλλον
898 4576 979 4638 εἰς
1009 4573 1072 4627 τὺ
1105 4544 1204 4645 ηδύ
1249 4589 1311 4625 τε
1337 4572 1434 4626 καὶ
1462 4570 1692 4642 ἇτραχυ,
1731 4569 1818 4623 καὶ

1927 4548 2348 4607 desuetudinem
2371 4545 2624 4602 laborum
2656 4544 3021 4600 imbecillitati
3060 4559 3171 4599 suze
3213 4551 3515 4615 praetexere

246 4669 572 4740 ἑτοιμότατα
608 4665 1060 4740 παραχεομένους
1085 4667 1165 4728 είς
1191 4664 1254 4718 τὸ
1279 4663 1486 4736 ἀπᾷδον
1515 4662 1582 4715 αὺ
1592 4660 1720 4714 τῶν.
1754 4660 1825 4713 Ἦ

1929 4643 2166 4715 possint,
2197 4640 2264 4695 ad
2307 4637 2599 4694 illecebras
2637 4636 2821 4709 potius
2853 4644 3016 4708 atque
3062 4635 3345 4691 mollitiem
3384 4649 3515 4706 pro-

245 4725 492 4831 γάρόὐκ
516 4725 752 4829 ἀνάντης
765 4725 884 4830 ’.μὲν
904 4725 1160 4830 ἡάρετὴ
1182 4756 1278 4809 καὶ
1295 4725 1462 4818 τὸέίς
1493 4750 1662 4824 αὐτὴν
1692 4751 1818 4806 ἰέναι

1927 4735 2077 4808 iecti,
2097 4734 2461 4791 libentissime
2487 4749 2547 4790 se
2588 4732 2645 4787 in
2672 4730 2990 4787 vecordiam
3018 4744 3172 4783 suam
3198 4725 3509 4782 effundunt.
3602 4731 3611 4739 '

246 4855 447 4928 τραχὺ,
476 4853 571 4909 καὶ
604 4851 784 4924 ἱδροῦν
812 4851 1028 4923 ἀνάγκη
1062 4850 1154 4906 τὸν
1191 4846 1485 4921 κατορθοῦν
1510 4846 1826 4919 ᾔρημένον;

319 5032 528 5086 ΠΔΛΔ.
562 5034 642 5103 1³η
651 5031 731 5101 μί.

320 5124 487 5179 ΚΥΡ.
541 5123 680 5178 Ἀλλ’
708 5118 779 5195 ἦν
810 5138 916 5176 που
945 5123 1047 5177 οὐκ
1065 5122 1317 5187 ἀπεικὸς,
1359 5122 1558 5193 μᾶλλον
1590 5122 1671 5191 δὲ,
1727 5123 1826 5194 οὐχ

248 5216 397 5271 ὅσιόν
433 5233 493 5269 τε
520 5215 616 5271 καὶ⁵
645 5215 877 5289 πρέπον,
902 5215 1028 5279 τοὺς
1049 5213 1148 5285 μὲν
1169 5213 1295 5285 ἄρτι
1315 5215 1451 5286 πρὸς
1472 5214 1632 5269 τοῦτο
1653 5216 1828 5287 ἠγμέ-

1930 4828 2015 4883 An
2052 4842 2185 4882 vero
2229 4843 2340 4882 non
2386 4825 2560 4882 ardua
2596 4830 2683 4879 est
2724 4822 2921 4885 virtus,
2961 4828 3017 4874 et
3052 4833 3214 4889 asper
3258 4816 3324 4873 ad
3366 4817 3514 4895 illaut

1936 4935 2222 4986 accessus,
2246 4935 2311 4975 ac
2346 4919 2545 4976 sudare
2591 4930 2819 4973 necesse
2853 4920 2936 4968 est
2966 4912 3059 4982 qui
3109 4911 3257 4967 illius
3292 4927 3516 4983 compos

1937 5013 2055 5068 ﬁeri
2100 5013 2374 5070 voluerit?

2007 5106 2205 5162 PALL.
2228 5107 2446 5162 Fateor.

2005 5197 2162 5253 (ΝΒ.
2184 5197 2305 5253 Non
2334 5205 2418 5252 est
2449 5205 2633 5251 autem
2659 5191 2980 5254 absurdum,
3010 5191 3119 5246 imo
3146 5207 3278 5246 vero
3298 5204 3514 5259 aequum

248 5324 396 5374 νους,
427 5278 896 5376 παιδαγωγεῖσθαι
921 5278 1293 5379 συγγνώμις,
1324 5278 1653 5378 προθυμίαις
1675 5278 1818 5362 οῦπα

1929 5298 2097 5361 atque
2118 5289 2473 5351 conveniens,
2503 5285 2597 5357 qui
2621 5300 2797 5354 nuper
2828 5292 2957 5339 sunt
2994 5283 3061 5339 ad
3100 5284 3203 5337 hoc
3238 5278 3512 5351 perducti,

248 5404 373 5465 ταῖς
411 5400 553 5469 ἄγαν
596 5400 1040 5471 ἐρηρεισμένους,
1073 5399 1302 5464 ἁπαλοῖς
1336 5400 1393 5454 δὲ
1421 5401 1608 5472 ὥσπερ
1654 5402 1827 5465 ἰόντας

316 5557 363 5590 ⁸⁸
391 5557 554 5613 Deut.
589 5538 732 5618 χὴν,
762 5555 812 5609 5.
890 5556 932 5585 ⁸⁷
960 5554 1077 5610 Act.
1110 5572 1196 5619 xv,
1224 5554 1315 5615 εδ,
1357 5555 1444 5611 29.

313 5677 398 5748 (Ι)
436 5674 529 5732 Sic
555 5673 679 5730 cod.
710 5674 870 5742 \'at.;
904 5674 1110 5742 αξιοι-ἰ,
1143 5674 1389 5746 νικήσας.

1933 5396 2027 5438 cos
2065 5396 2189 5436 cum
2228 5378 2393 5434 animi
2439 5376 2715 5431 alacritate
2754 5374 2997 5430 nondum
3039 5372 3167 5427 satis
3207 5363 3511 5424 confirmati
