3966 6298
505 264 612 318 579

1499 263 1554 317 s.
1599 261 1874 318 cvnlLLi
1913 259 2384 317 ALEXANDRINI
2424 236 2740 318 Andiil'Ep.

3667 258 3777 314 380

506 381 641 441 sint,
676 377 772 433 sed
806 375 976 433 veluti
1008 373 1213 432 teneris
1244 377 1425 432 adhuc
1445 376 1677 446 pedibus
1707 377 2006 442 ambulent,
2031 387 2085 432 et

2190 378 2336 442 ποσὶ,
2372 377 2465 430 καὶ
2491 377 2783 439 νοσοῦντας
2808 374 2888 427 ἔτι
2915 372 2977 427 τὸ
3002 373 3217 435 ἀναλκι,
3259 372 3442 435 πόνοις
3475 388 3534 425 τε
3557 373 3650 428 καὶ
3675 377 3775 444 φό-

508 465 884 521 imbecillitate
909 465 1183 528 laborent,
1209 465 1514 537 indulgenti
1535 467 1910 523 moderatione
1935 467 2080 538 regi;

507 565 810 627 contraque
846 557 995 610 illum
1033 557 1394 612 exercitatum
1433 560 1610 628 pmnis
1649 559 1723 631 (l)
1769 575 1833 614 ac
1872 567 2084 616 terrore

505 650 700 704 durius
718 647 1034 719 gubernari,
1050 663 1113 702 ac
1127 649 1296 702 veluti
1319 652 1646 707 necessitate
1665 652 1898 722 quadam
1918 653 1984 707 ad
2001 654 2082 708 la-

508 739 704 794 borum
726 739 1045 808 patientiam
1072 750 1128 792 et
1144 739 1486 809 obsequendi
1512 743 1826 798 facilitatem
1862 744 2084 798 adduci.

577 829 774 884 PALL.
802 828 1018 898 Optime
1052 830 1416 885 ratiocinaris.

575 919 732 973 (ΠΒ.
773 919 963 988 Neque
994 934 1126 973 vero
1153 935 1216 973 ea
1247 936 1336 974 res
1368 921 1600 978 obscura
1628 931 1732 988 est,
1769 925 1814 979 si
1869 941 1992 994 quae
2026 924 2084 980 in

507 1009 682 1081 ﬁgura
701 1011 895 1081 priscis
918 1010 1024 1064 illis
1051 1010 1182 1066 viris
1225 1013 1542 1069 acciderunt
1572 1016 1861 1087 diligenter
1888 1018 2083 1087 exqui-

507 1117 632 1156 rere
666 1103 922 1156 velimus.
961 1101 1053 1156 Sic
1083 1103 1230 1156 enim
1265 1105 1528 1174 scriptum
1559 1115 1679 1162 est:
1719 1127 1736 1159 ι
1762 1108 1964 1162 Eduxit
1989 1125 2086 1164 au-

508 1203 620 1249 tem
645 1194 857 1265 Moyses
877 1193 1018 1249 ﬁlios
1037 1195 1200 1250 Israel
1227 1196 1294 1250 de
1318 1198 1456 1251 mari
1493 1199 1704 1263 Rubro,
1723 1207 1779 1254 et
1808 1199 1964 1254 duxit
1988 1217 2084 1256 eos

507 1286 566 1338 in
591 1284 867 1338 desertum
899 1283 1005 1338 Sur
1029 1302 1041 1336 :
1067 1292 1122 1337 et
1148 1284 1566 1340 ambulaverunt
1590 1297 1701 1340 tres
1737 1287 1855 1342 dies
1892 1287 1948 1341 in
1986 1287 2084 1342 de-

508 1387 679 1442 serto,
709 1393 812 1432 nec
843 1377 1201 1432 inveniebant
1239 1392 1437 1446 aquam
1461 1378 1530 1432 ad
1558 1378 1880 1433 bibendum.
1904 1380 2083 1436 Vene-

508 1476 639 1523 runt
671 1478 855 1523 autem
900 1468 957 1521 in
995 1456 1370 1531 Merram,nec
1411 1478 1663 1538 poterant
1683 1469 1870 1524 bibere
1887 1487 2084 1540 aquam

507 1576 576 1613 ex
606 1560 821 1625 Merra;
849 1573 1034 1612 amara
1076 1559 1222 1612 enim
1269 1566 1404 1612 erat.
1455 1559 1583 1612 Ideo
1628 1560 1843 1614 vocavit
1885 1577 2085 1616 nomen

507 1652 612 1706 loci
656 1652 803 1707 illius
837 1652 1294 1706 Amaritudinem.
1335 1653 1408 1706 Et
1449 1653 1815 1706 murmuravit
1850 1654 2084 1722 populus

2186 467 2302 530 ϐοις
2370 465 2883 538 σκληραγωγεῖσθαι
2937 465 3029 520 τὸν
3081 463 3328 535 ἐντριϐἦς
3384 465 3643 536 καθάπερ
3710 468 3774 534 ἐξ

2185 560 2430 630 ἀνάγκης
2453 560 2552 632 ἤδη
2576 577 2680 613 που
2707 558 3079 631 ἀποφέρεσθαι
3104 556 3289 611 λοιπὸν
3308 558 3388 622 εἰς
3417 558 3476 610 τὸ
3498 557 3771 630 τληπαθὲς

2186 652 2281 706 καὶ
2310 653 2524 723 εὐήνιον
2547 669 2564 709 τ

2257 833 2465 886 ΠΑΛΛ.
2501 833 2734 903 ’Δριστα
2762 831 2967 900 διανοῇ.

2257 925 2424 979 ΚΥΡ.
2469 924 2580 978 Καὶ
2609 923 2670 976 τὸ
2697 922 2887 995 χρῆμά
2925 924 3072 974 ὲστιν
3101 920 3201 973 οὐκ
3242 920 3583 991 ἀσυμφανὲς,
3626 923 3677 974 εί
3705 924 3772 976 τὰ

2185 1016 2428 1080 τυπικῶς
2456 1018 2568 1079 τοῖς
2603 1015 2855 1086 ἀρχαίοις
2878 1013 3261 1084 συμϐεϐηκότα
3292 1013 3769 1086 πολυπραγμονεῖν

2187 1109 2486 1180 ἐθέλοιμεν.
2522 1108 2838 1178 Γέγραπται
2862 1107 2972 1177 γὰρ
3018 1105 3149 1158 ὡδίο
3193 1125 3212 1157 ι
3255 1105 3446 1176 Ἐξῆρέ
3477 1106 3533 1159 δὲ
3564 1109 3769 1179 Μωσῆς

2185 1202 2312 1265 τοὺς
2337 1201 2489 1263 υἱοὺς
2518 1185 2736 1270 Ἰσραὴλ
2756 1198 2863 1252 ἀπὸ
2885 1197 3162 1267 θαλάσσης
3199 1197 3490 1267 Ἐρυθρᾶς.
3520 1199 3616 1252 καὶ
3633 1200 3768 1270 ἠγα-

2187 1311 2281 1363 γεν
2329 1293 2525 1355 αὐτοὺς
2567 1295 2646 1356 εἰς
2674 1293 2773 1361 τὴν
2821 1292 3031 1362 ἔρημον
3085 1290 3254 1361 Σούρ·
3300 1291 3394 1344 καὶ
3444 1292 3771 1363 ἐπορεύοντο

2186 1391 2338 1458 τρεῖς
2367 1385 2584 1456 ἡμέρας
2622 1385 2680 1437 ἐν
2710 1385 2777 1453 τῇ
2813 1384 3024 1452 ἐρήμῳ,
3058 1381 3153 1435 καὶ
3183 1383 3283 1452 οὐχ
3305 1381 3570 1452 ηὕρισκον
3601 1383 3764 1456 ὕδωρ,

2189 1478 2328 1532 ὥστε
2349 1479 2512 1531 πιεῖν.
2540 1471 2746 1529 Ἦλθον
2769 1474 2825 1526 δὲ
2855 1475 2936 1535 είς
2969 1474 3218 1543 Μερρἄν,
3246 1474 3341 1526 καὶ
3374 1474 3476 1526 οὐκ
3507 1474 3772 1542 ἠδύναντο

2190 1573 2332 1625 πιεῖν
2365 1567 2509 1640 ὕδωρ
2537 1568 2601 1620 ὲκ
2644 1567 2906 1637 Μερῤἄςο
2941 1564 3138 1634 πικρὸν
3184 1564 3294 1634 γὰρ
3327 1561 3414 1636 ἦν.
3472 1565 3570 1618 Διά
3612 1567 3767 1620 τοῦτο

2189 1661 2516 1730 ἐπωνόμασε
2546 1658 2612 1711 τὺ
2629 1658 2799 1726 ὄνομα
2827 1655 2922 1709 τοῦ
2952 1655 3120 1708 τόπου
3143 1655 3376 1718 ἐκείνου,
3407 1657 3612 1726 Πικρία
3632 1674 3646 1686 ο
3677 1660 3766 1710 καὶ

505 1745 771 1799 adversus
801 1746 1043 1815 Moysen,
1071 1744 1317 1797 dicentes
1343 1762 1354 1795 :
1381 1743 1523 1809 Quid
1548 1744 1840 1798 bibemus?
1869 1743 2085 1800 Clama-~

2189 1752 2538 1820 διεγόγγυζεν
2568 1752 2595 1802 ό
2619 1749 2747 1813 λαὸς
2777 1750 2914 1821 πρὸς
2961 1749 3190 1818 Μωσῆν,
3221 1748 3470 1815 λέγοντες
3490 1765 3501 1776 ·
3534 1749 3599 1800 Τί
3650 1751 3764 1802 πιό-

510 1836 585 1890 vit
603 1837 787 1905 itaque
813 1836 1022 1906 Moyses
1039 1836 1106 1890 ad
1130 1836 1443 1898 Dominum,
1465 1841 1522 1888 et
1536 1834 1774 1889 ostendit
1798 1834 1876 1888 illi
1897 1835 2083 1890 Domi-

507 1945 612 1984 nus
647 1930 875 2000 lignum,
902 1937 958 1983 et
982 1929 1172 1998 injecit
1195 1929 1332 1983 illud
1364 1929 1420 1983 in
1455 1943 1674 1997 aquam,
1707 1935 1764 1981 et
1786 1927 1965 1983 dulcis
2000 1928 2082 1982 fa—

504 2033 592 2078 cta
623 2030 709 2078 est
736 2038 876 2092 aqua
909 2023 974 2074 ⁸⁸.
999 2041 1014 2072 ι
1047 2021 1232 2091 Nuper
1256 2021 1401 2077 enim
1429 2037 1496 2076 ex
1528 2019 1908 2092 [Egyptiorum
1936 2026 2085 2074 terra

504 2117 735 2186 profecti
759 2115 853 2168 ﬁlii
879 2115 1064 2179 Israel,
1094 2131 1219 2168 cum
1243 2113 1524 2169 servitutis
1552 2111 1722 2176 illius,
1746 2127 1854 2181 qua
1889 2112 1991 2168 sub
2016 2112 2086 2166 il-

503 2208 683 2262 lorum
728 2207 941 2261 ditione
977 2205 1390 2276 premebantur,
1429 2219 1594 2275 grave
1633 2205 1825 2276 jugum
1871 2211 1928 2258 et
1975 2218 2087 2258 non

503 2298 790 2352 ferendum
825 2298 1172 2369 abjecissent,
1209 2298 1276 2352 ad
1305 2298 1631 2368 promissam
1666 2298 1796 2352 olim
1836 2297 2088 2368 patribus

503 2399 724 2454 terram,
751 2390 864 2445 Deo
903 2398 1154 2454 vocante,
1197 2389 1585 2459 properabant.
1617 2388 1694 2443 Ac
1731 2389 1941 2459 primus
1981 2389 2088 2443 illis

501 2483 746 2537 occurrit
774 2483 930 2536 labor
954 2498 1020 2536 ex
1045 2497 1311 2551 aquarum
1341 2480 1546 2550 inopia,
1573 2496 1708 2549 quas
1745 2481 1837 2534 vix
1867 2480 2086 2534 tandem

503 2580 858 2642 posteaquam
904 2573 997 2626 diu
1039 2572 1444 2635 laboraverant,
1494 2577 1858 2638 repererunt;
1907 2586 2086 2640 neque

505 2674 684 2718 tamen
731 2680 921 2718 earum
973 2681 1107 2718 usus
1144 2663 1375 2717 vacabat
1418 2663 1687 2726 molestia,
1727 2670 1885 2716 erant
1939 2662 2086 2716 enim

502 2773 720 2820 amarai,
776 2758 918 2810 sicut
966 2757 1231 2825 scriptum
1275 2763 1395 2821 est;
1442 2755 1538 2810 sed
1583 2755 1715 2824 ligni
1761 2755 2087 2810 admistione

502 2847 694 2901 dulces
729 2863 791 2902 ac
819 2862 1013 2902 suaves
1047 2847 1202 2901 facta:
1241 2854 1388 2912 sunt,
1415 2862 1539 2901 cum
1562 2847 1724 2900 beato
1747 2846 1914 2918 Moysi
1943 2847 2085 2901 viam

503 2953 612 3007 qua
638 2939 691 2993 id
730 2939 915 3003 fieret,
955 2939 1100 2993 Deus
1135 2938 1485 2992 ostendisset.
1533 2938 1670 2993 Cum
1715 2938 1861 2992 enim
1902 2937 2086 2992 divina

501 3031 590 3088 lex
620 3047 720 3086 nos
747 3031 942 3087 doceat
965 3048 994 3086 a
1017 3032 1282 3086 servitute
1305 3031 1570 3084 vitiorum
1603 3038 1880 3085 extractos
1909 3030 2083 3085 Deum

502 3123 748 3193 sequi,et
775 3139 842 3178 ex
866 3123 1175 3178 daemonum
1199 3122 1355 3193 155
1379 3121 1661 3176 dominatu
1682 3121 1960 3187 recedere,
1982 3123 2086 3177 sub

503 3215 868 3272 tentationum
893 3217 1076 3270 labore
1102 3215 1302 3269 sudare
1339 3230 1564 3269 necesse
1591 3223 1711 3281 est;
1746 3221 1802 3270 et
1840 3215 2083 3270 severio-

501 3308 579 3364 ris
599 3309 1011 3364 exercitationis
1034 3308 1317 3363 laboribus
1335 3308 1518 3362 carnis
1533 3307 1664 3362 vitia
1685 3306 2083 3372 consumendo,

499 3409 665 3471 atque
703 3401 942 3456 immites
966 3401 1089 3456 illos
1125 3408 1309 3455 motus
1345 3399 1437 3470 qui
1484 3413 1702 3469 semper
1747 3400 2086 3470 voluptatem

501 3489 906 3565 spectant,'non
931 3509 1091 3549 secus
1116 3508 1180 3548 ac
1208 3500 1401 3548 tetram
1426 3501 1482 3547 et
1516 3493 1810 3548 immanem
1846 3492 2086 3546 belluam

501 3585 592 3639 siti
622 3593 677 3639 et
701 3585 881 3638 inedia
905 3583 1409 3648 mansuefaciendo,
1438 3583 1584 3637 illam
1618 3584 1798 3638 laudis
1825 3598 2086 3639 coronam

500 3676 752 3746 adipisci.
782 3675 1110 3729 Volentibus
1135 3675 1280 3727 enim
1304 3674 1657 3728 continentiae
1695 3675 1956 3729 virtutem
2001 3683 2087 3729 te-

501 3785 654 3832 nere,
688 3768 864 3837 prima
899 3766 1058 3820 nobis
1088 3781 1272 3835 pugna
1313 3765 1579 3820 adversus
1613 3781 1835 3820 carnem
1869 3772 1925 3819 et
1968 3767 2088 3836 ejus

500 3857 636 3910 vitia
660 3856 902 3910 occurrit
926 3873 940 3921 ;
973 3870 1153 3924 neque
1181 3871 1422 3924 unquam
1446 3857 1551 3910 alia
1581 3856 1794 3910 ratione
1825 3855 2086 3911 virtutem

502 3947 775 4018 quispiam
819 3947 1068 4000 excolere
1109 3947 1330 4016 poterit.
1385 3946 1554 4016 Igitur
1606 3946 1729 4001 sitis
1781 3946 1913 4012 illa,
1963 3963 2086 4017 quae

502 4039 700 4110 priscis
720 4038 826 4093 illis
852 4038 1170 4093 hominibus
1193 4037 1248 4092 in
1275 4038 1495 4093 deserto
1516 4037 1765 4108 contigit,
1790 4038 2086 4094 severioris

501 4131 910 4186 exercitationis
936 4131 1185 4185 laborum
1211 4129 1385 4200 ﬁgura
1408 4128 1546 4194 fuit;
1589 4137 1647 4184 et
1690 4145 1812 4200 quae
1852 4130 1919 4184 ad
1956 4145 2085 4185 cor-

501 4237 606 4292 pus
633 4221 932 4291 pertinent,
972 4221 1127 4275 initia
1159 4228 1288 4276 sunt
1331 4220 1904 4276 exercitament-orum.
1944 4219 2084 4275 Illud

500 4313 646 4367 enim
671 4313 1075 4369 animadvertas
1109 4314 1290 4377 velim,
1318 4313 1440 4368 illos
1463 4328 1576 4368 non
1602 4315 1671 4368 ab
1701 4314 1860 4369 initio
1900 4313 2083 4368 statim

2189 1842 2366 1911 μεθα;
2404 1841 2631 1912 Ἐϐόησε
2666 1841 2725 1893 δὲ
2765 1841 2969 1911 Μωσῆς
3009 1840 3144 1912 πρὸς
3174 1840 3378 1910 Κύριον
3401 1858 3415 1870 ε
3448 1841 3542 1892 καὶ
3568 1840 3763 1905 ἔδειξεν

2186 1933 2337 2003 αὐτῷ
2376 1932 2582 2003 Κύριος
2618 1931 2792 1996 ξύλον,
2829 1932 2923 1985 καὶ
2959 1930 3211 1986 ἐνέϐαλεν
3239 1929 3372 1984 αὐτὸ
3407 1932 3486 1995 εἰς
3511 1932 3572 1984 τὸ
3602 1931 3761 2001 ὕδωρ,

2187 2029 2281 2081 καὶ
2312 2026 2619 2098 ὲγλυκάνθη
2652 2026 2714 2078 τὸ
2749 2024 2912 2096 ὕδωρ.
2947 2043 2965 2074 ι
3004 2025 3164 2095 ΙἌρτι
3203 2022 3302 2090 μὲν
3324 2022 3434 2094 γὰρ
3471 2023 3572 2093 τῆς
3598 2024 3763 2091 Αίγυ·

2189 2120 2358 2174 πτίων
2403 2119 2734 2190 ἀπαίροντες
2764 2118 2867 2187 γῆς
2909 2117 2960 2170 οἱ
2999 2115 3058 2182 ἐξ
3108 2114 3352 2186 Ἰσραὴλ,
3413 2115 3504 2167 καί⁵
3543 2116 3643 2185 τῆς
3674 2116 3762 2168 ὑπ’

2188 2211 2372 2274 αὐτοῖς
2400 2211 2624 2280 θητείας
2653 2210 2745 2262 τὸν
2773 2207 3016 2278 δυσαχθῆ
3053 2223 3114 2259 τε
3140 2208 3234 2259 καὶ
3269 2205 3498 2276 ἄτλητον
3535 2207 3756 2278 ἀπορρι-

2127 2359 2140 2364 _
2189 2303 2450 2370 πτοῦντες
2476 2301 2661 2369 ζυγὸν,
2707 2301 2790 2362 είς
2818 2301 2916 2370 τὴν
2945 2298 3113 2353 πάλαι
3149 2299 3265 2360 τοῖς
3291 2298 3564 2368 πατράσιν
3596 2300 3765 2369 ἐπηγο

2188 2393 2461 2463 γελμένην
2483 2387 2914 2463 μεθορμίζεσθαι
2940 2389 3063 2460 γῆν,
3082 2388 3217 2441 Θεοῦ
3239 2387 3552 2452 καλοῦντος,
3571 2388 3766 2442 ἐσπού-

2187 2483 2368 2548 δαζον.
2400 2484 2624 2554 Πρῶτος
2645 2481 2702 2534 δὲ
2722 2482 2910 2543 αὐτοῖς
2940 2478 3265 2542 ὑπαντιάζει
3300 2479 3481 2544 πόνος,
3509 2479 3620 2532 τῶν
3653 2481 3768 2534 ὑδά-

2187 2595 2295 2630 των
2333 2579 2365 2647 ή
2401 2577 2620 2640 σπάνις,
2669 2574 2705 2629 ἃ
2753 2574 2905 2644 μόλις
2957 2573 3056 2644 μὲν
3097 2571 3187 2625 διὰ
3213 2561 3216 2565 ’
3231 2571 3443 2643 μακροῦ
3499 2572 3765 2642 καμοῦσιν

2188 2669 2412 2742 εὑρέθη,
2453 2668 2592 2730 πλὴν
2613 2668 2714 2722 οὐκ
2745 2666 3131 2735 ἀταλαίπωρον
3166 2663 3358 2733 ἔχοντα
3397 2663 3496 2734 τὴν
3531 2665 3768 2720 ἀπόλαυ-

2191 2779 2296 2816 σιν’
2329 2760 2502 2833 πικρά
2533 2761 2641 2830 γὰρ
2670 2755 2756 2831 ἦν,
2795 2757 2937 2812 καθὰ
2969 2757 3309 2828 γέγραπται.
3329 2756 3498 2810 Ξύλου
3541 2757 3597 2810 δὲ
3627 2757 3766 2827 μίξει

2193 2853 2626 2925 μετεσκευάζετο
2647 2850 2786 2923 πρὸς
2821 2849 2884 2903 τὸ
2915 2848 3013 2918 ἡδύ
3043 2866 3103 2902 τε
3133 2849 3229 2901 καὶ
3264 2847 3459 2916 γλυκὺ,
3489 2847 3628 2900 Θεοῦ
3667 2866 3768 2901 πα-

2193 2943 2558 3015 ραδεδειχότος
2585 2942 2681 2996 τοῦ
2725 2941 3054 3012 πράγματος
3083 2938 3178 3010 τὴν
3213 2937 3329 2991 ὁδὸν
3371 2937 3450 3008 τῷ
3497 2937 3775 3008 θεσπεσίῳ-

2187 3033 2384 3104 Μωσῇ.
2427 3033 2597 3104 Νόμῳ
2635 3033 2747 3103 γάρ
2793 3030 2921 3100 θείῳ
2969 3028 3480 3100 παιδαγωγούμενοι
3536 3028 3676 3100 πρὸς
3708 3030 3768 3083 rb

2187 3125 2298 3179 δεῖν
2329 3124 2548 3177 ἑλέσθαι
2599 3122 3020 3176 κατακολουθεῖν
3051 3120 3130 3191 τῷ
3175 3119 3318 3190 Θεῷ,
3356 3121 3456 3190 τῆς
3487 3123 3552 3174 ὲκ
3585 3121 3771 3176 παθῶν

2187 3215 2431 3279 δουλείας
2454 3213 2754 3280 ἐξέλκοντι,
2779 3214 2875 3268 καὶ
2905 3214 2970 3267 ἐκ
2997 3214 3098 3282 τῆς
3135 3212 3243 3267 τῶν
3275 3212 3570 3285 δαιμονίων
3601 3213 3770 3267 ἁπαλ-

2187 3305 2477 3361 λάττεσθαι
2497 3304 2831 3376 τυραννίδος,
2860 3302 3041 3374 ἱδροῦν
3073 3303 3286 3374 ἀνάγκη
3315 3303 3766 3374 πειραζομένους,

2187 3398 2280 3452 καὶ
2314 3398 2406 3451 τὸν
2443 3397 2543 3466 τῆς
2573 3396 2976 3467 εὐδοκιμήσεως
2995 3395 3308 3449 ἀναδεῖσθαι
3341 3394 3629 3463 στέφανον,
3662 3398 3772 3458 τοῖς

2187 3489 2248 3554 ἐξ
2274 3489 2559 3561 ἀσκήσεως
2615 3487 2802 3550 πόνοις
2839 3488 3252 3557 κατατήκοντας
3297 3484 3369 3538 τά
3411 3484 3638 3556 σαρκὸς,
3680 3485 3771 3540 καὶ

2187 3581 2376 3652 ὥσπερ
2415 3581 2540 3634 τινά
2581 3580 2724 3650 θῆρα
2764 3578 2935 3632 δεινὸν
2970 3577 3496 3647 καταγοητεύοντας,
3527 3577 3673 3647 δίψει
3711 3595 3768 3630 τε

2187 3675 2282 3727 καὶ
2330 3673 2592 3736 ἀσιτίαις,
2632 3671 2694 3724 τὸ
2739 3671 2876 3737 πρὸς
2906 3671 3100 3742 ἡδονὴν
3132 3672 3220 3724 ἀεὶ
3251 3670 3448 3741 βλέπον
3476 3670 3770 3724 ἀτίθασσον

2189 3765 2413 3836 κίνημα.
2447 3763 2652 3835 Πρώτη
2675 3764 2785 3832 γὰρ
2804 3766 2935 3834 ἡμῖν
2959 3765 2992 3832 ἡ
3020 3763 3189 3833 μάχη,
3210 3761 3509 3832 κατορθοῦν
3525 3761 3766 3815 ἐθέλουσι

2192 3858 2291 3929 τὴν
2320 3857 2667 3927 ἐγκράτειαν,
2716 3855 2852 3926 πρὸς
2885 3855 3066 3924 σάρκα
3098 3871 3159 3906 τε
3207 3854 3302 3906 καὶ
3330 3853 3400 3908 τὰ
3446 3855 3648 3924 αὐτῆς·
3677 3855 3770 3908 καὶ

2185 3949 2285 4002 οὐκ
2312 3948 2377 4001 ἂν
2400 3945 2553 4016 οἶμαί
2589 3963 2674 4009 τις
2703 3943 2905 4016 ἑτέρως
2945 3943 3255 4015 ὲκμελετῲη
3282 3943 3386 4015 τὴν
3402 3944 3626 4015 ἀρετήν.
3664 3943 3768 3997 Τύ-

2187 4057 2288 4104 πος
2307 4034 2401 4093 οὖν
2423 4039 2532 4111 ἄρα
2558 4038 2668 4092 τῶν
2693 4039 2750 4091 ἐν
2772 4037 3003 4108 ἀσκήσει
3030 4035 3230 4102 πόνων,
3263 4037 3296 4107 ἡ
3323 4034 3451 4104 δίψα
3468 4038 3581 4098 τοῖς
3601 4034 3770 4090 πάλαι

2189 4131 2444 4202 συμϐᾶσα
2461 4130 2602 4184 κατά
2617 4129 2714 4200 τὴν
2736 4129 2939 4200 ἔρημον
2954 4131 3078 4182 ’καὶ
3095 4127 3316 4198 ἀπαρχὴ
3335 4128 3766 4198 γυμνασμάτων,

2185 4230 2254 4282 τά
2293 4227 2600 4299 σωματικά.
2661 4225 2947 4295 Ἐπιτήρει
2979 4223 3088 4293 γὰρ
3122 4204 3272 4286 ὅπως
3314 4222 3415 4275 οὐκ
3463 4223 3521 4276 ἐν
3570 4223 3768 4300 ἀρχαῖς

2187 4320 2346 4384 εὐθὺς
2395 4319 2616 4388 πολέμῳ
2655 4316 3081 4390 προσϐάλλουσιν
3122 4317 3210 4385 (ού
3258 4315 3366 4388 γὰρ
3408 4318 3521 4378 τοῖς
3562 4314 3768 4386 ἀρτίως

501 4407 558 4459 in
585 4406 789 4460 bellum
817 4406 1075 4461 incidisse
1098 4423 1111 4458 :
1138 4421 1315 4476 neque
1335 4403 1640 4477 enim,'qui
1681 4421 1858 4476 nuper
1890 4405 2085 4461 adver-

2191 4411 2642 4484 κατανδρίξεσθαι
2678 4409 2787 4464 τῶν
2838 4408 3024 4463 παθῶν
3079 4408 3173 4461 καὶ
3222 4406 3520 4476 κατορθοῦν
3565 4407 3770 4476 ἀρετὴν

501 4513 596 4552 sus
625 4499 757 4552 vitia
778 4498 996 4553 fortiter
1026 4514 1085 4554 se
1129 4514 1319 4568 gerere
1344 4515 1408 4552 ac
1451 4498 1674 4552 virtutis
1712 4512 1940 4551 munera
1983 4513 2082 4552 ex-

2189 4503 2502 4575 ἠργμένοις,
2548 4499 2710 4563 εὐθὺς
2763 4501 2796 4571 ἡ
2838 4498 2983 4570 πάλη
3025 4498 3162 4570 πρὸς
3206 4496 3306 4560 τὰς
3353 4495 3528 4567 ἀρχάς
3571 4511 3632 4547 τε
3678 4495 3768 4549 καὶ

500 4590 657 4660 sequi
685 4598 989 4660 cmperunt,
1018 4590 1086 4644 ab
1113 4591 1180 4645 iis
1205 4590 1388 4645 statim
1420 4604 1602 4659 pugna
1641 4587 1941 4656 suscipitur
1982 4588 2084 4642 ad—

2189 4594 2458 4660 ὲξουσίας,
2490 4591 2578 4646 διὰ
2605 4591 2668 4645 τὸ
2691 4591 2801 4644 τῶν
2832 4589 3279 4662 δοκιμαζομένων
3312 4587 3534 4656 ἀγεννὲς
3563 4585 3644 4638 ἔτι
3677 4582 3776 4638 καὶ

502 4696 695 4735 versus
743 4680 1086 4752 principatus
1123 4688 1180 4736 et
1221 4689 1551 4753 potestates,
1594 4686 1887 4749 propterea
1935 4679 2083 4750 quod

2189 4685 2342 4740 οῦπω
2370 4685 2490 4738 λίαν
2513 4680 2796 4753 ἀσφαλὲς),
2820 4680 2953 4733 ἀλλά
2976 4682 3088 4742 τοῖς
3101 4679 3201 4748 τῆς
3229 4677 3430 4748 σαρκὸς
3449 4675 3762 4746 δοκιμάζον-

501 4771 594 4840 qui
620 4779 967 4838 exercentur,
1000 4771 1180 4826 adhuc
1226 4787 1421 4840 parum
1464 4771 1694 4832 strenui,
1725 4785 1907 4839 neque
1953 4770 2084 4825 satis

440 4883 452 4894 -
502 4861 797 4915 admodum
843 4862 985 4916 ﬁrmi
1042 4870 1200 4929 sunt;
1252 4862 1348 4916 sed
1399 4861 1456 4914 in
1500 4861 1780 4916 laboribus
1823 4861 2087 4916 adversus

503 4968 726 5007 carnem
770 4954 1040 5024 susceptis
1091 4962 1453 5019 exercentur;
1503 4955 1646 5024 quod
1693 4955 1837 5009 Deus
1881 4954 2086 5009 laboris

503 5045 834 5109 molestiam,
879 5063 1072 5102 corum
1115 5048 1210 5117 qui
1248 5055 1548 5112 tentantur,
1573 5047 1764 5103 habitu
1794 5065 1870 5102 ac
1911 5048 2083 5102 facul-

505 5143 616 5189 tate
640 5137 916 5191 metiatur.
948 5138 1170 5208 lIoeque
1199 5138 1334 5193 illud
1373 5146 1479 5205 est,
1505 5140 1702 5210 opinor
1733 5158 1745 5193 :
1791 5159 1810 5190 ‹
1832 5138 2084 5193 'l‘entatio

488 5219 604 5281 vos
628 5241 739 5281 non
763 5229 1134 5298 apprehendat
1154 5231 1261 5286 nisi
1291 5231 1531 5286 humana
1555 5250 1567 5284 :
1598 5231 1772 5285 ﬁdelis
1794 5237 1877 5283 est
1901 5238 2083 5285 autem

505 5319 672 5383 Deus,
702 5320 796 5390 qui
819 5336 930 5375 non
965 5322 1248 5391 permittet
1271 5340 1369 5378 vos
1395 5322 1594 5377 tentari
1619 5335 1783 5389 supra
1808 5334 1971 5388 quam
1996 5335 2093 5390 po-

509 5412 680 5477 testis,
712 5413 805 5468 sed
833 5413 995 5469 faciet
1026 5430 1150 5470 cum
1203 5416 1506 5470 tentationc
1554 5413 1718 5467 etiam
1764 5412 1992 5476 exitum,
2034 5421 2094 5466 ut

578 5567 626 5600 ⁸⁸
654 5569 826 5624 Exod.
857 5586 945 5634 xv,
972 5571 1162 5625 ἢεί-25.

2196 4789 2287 4826 ται
2316 4771 2520 4834 πόνοις,
2538 4767 2964 4839 ὲπιμετροῦντος
2984 4765 3118 4821 Θεοῦ
3135 4769 3255 4830 ταῖς
3281 4763 3390 4818 τῶν
3413 4763 3774 4835 πειρωμένων

2190 4861 2340 4928 ἕξεσι
2371 4859 2467 4914 τοῦ
2504 4859 2668 4912 πόνου
2696 4857 2758 4911 τὸ
2800 4855 3084 4927 δυσαχθές.
3107 4854 3219 4908 Καὶ
3243 4852 3399 4908 τοῦτό
3443 4854 3592 4905 ἐστιν
3619 4847 3772 4923 οἶμαι

2193 4970 2295 5006 που
2329 4952 2391 5005 τὸ
2414 4993 2429 5018 ,
2470 4970 2490 5002 ι
2527 4949 2838 5022 Πειρασμὺς
2879 4949 3024 5018 ὑμᾶς
3068 4946 3168 5000 οὐκ
3199 4945 3442 5016 εἴληφεν,
3475 4944 3524 4996 εἰ
3559 4943 3634 5014 μὴ
3676 4942 3770 4996 ἀνι

2194 5041 2500 5114 θρώπινος·
2538 5039 2727 5103 πιστὸς
2768 5039 2846 5100 δὲ,
2877 5039 3064 5108 φησιν,
3120 5037 3148 5088 ὁ
3180 5034 3334 5098 Θεὸς,
3377 5033 3437 5097 ὃς
3470 5033 3572 5086 οὐκ
3622 5031 3771 5086 ὲάσει

2195 5137 2340 5206 ὑμᾶς
2388 5133 2752 5204 πειρασθῆναι
2799 5131 2938 5202 ὑπὲρ
2991 5130 3019 5182 ὃ
3067 5127 3336 5193 δύνασθε,
3374 5125 3511 5180 ἀλλά
3557 5126 3772 5195 ποιήσει

2196 5227 2294 5280 σὺν
2337 5225 2414 5296 τῷ
2433 5222 2744 5295 ’πειρασμῷ
2811 5222 2907 5275 καὶ
2953 5222 3053 5291 τὴν
3098 5220 3322 5274 ἔκϐασιν
3371 5215 3467 5270 τοῦ
3514 5215 3774 5269 δύνασθαι

2206 5318 2550 5385 ὑπενεγκεῖν.
2595 5335 2613 5368 ι
2646 5315 2883 5385 Πικροὺς
2911 5313 2969 5366 δὲ
2997 5312 3155 5375 ὄντας
3181 5311 3300 5364 λίαν
3322 5310 3447 5371 τοὺς
3475 5307 3620 5378 ὑπὲρ
3649 5307 3773 5376 ἁρε-

2201 5410 2301 5480 τῆς
2335 5408 2588 5480 ἱδρῶτας,
2620 5408 2699 5470 εἰς
2725 5405 2784 5459 τὸ
2815 5403 2912 5475 ἡδύ
2961 5421 3019 5456 τε
3062 5403 3156 5457 καὶ
3187 5400 3359 5470 γλυκὺ
3410 5399 3774 5470 μεταπλάττει

582 5689 657 5755 (l)
695 5689 869 5746 Pmnis
891 5691 1124 5752 reddidi,
1159 5691 1283 5754 quia
1317 5691 1392 5745 sic
1426 5698 1542 5745 erat
1573 5689 1626 5746 in
1649 5685 2160 5759 \'aticano(mtvai;
2183 5685 2249 5756 ?),
2286 5685 2533 5757 quamvis
2566 5685 2619 5742 in
2651 5683 2839 5741 codice
2877 5682 3055 5739 Sirlcti
3084 5689 3226 5736 cssct
3260 5678 3456 5739 πόνοις.
