3966 6298
179 272 264 330 581

859 259 952 319 DE
990 253 1430 319 ADORATIONE
1468 256 1538 313 IN
1577 252 1848 312 SPI‘RITU
1884 250 1974 310 ET
2012 252 2384 311 VERITATE.
2425 251 2563 306 LIB.
2604 250 2670 306 ν.

3308 246 3413 304 532

178 385 407 463 Χριστὸς,
446 380 509 449 ὃς
536 381 752 456 εἴρηταί
793 396 853 435 τε
899 381 994 435 καὶ
1031 380 1145 433 ἔστι
1189 377 1343 443 ξύλον
1382 376 1546 448 ζωῆς.
1584 376 1729 444 Ἐιεη

1856 373 2058 430 possitis
2079 371 2354 427 sustinere
2370 368 2435 423 ε’.
2470 386 2488 419 ι
2522 366 2661 423 Cum
2682 381 2814 422 vero
2845 380 2947 437 pro
2986 366 3189 420 virtute
3220 378 3414 419 susce-

178 485 227 539 δέ
272 495 364 534 που
409 474 504 530 καὶ
535 474 717 539 αὐτὸς
756 475 813 527 ὲν
853 472 1228 543 εὐαγγελικοῖς
1262 468 1688 540 συγγράμμασιν
1711 481 1725 495 ο

187 594 202 626 ι
236 574 288 627 Ei
315 573 367 625 ιν
405 567 484 640 τῷ
510 565 664 639 ὑγρῷ
704 563 845 634 ξύλῳ
877 562 1048 619 ταῦτα
1086 562 1341 632 ἔδρασαν,
1380 561 1438 613 ὲν
1475 557 1554 628 τῷ
1580 553 1728 627 ξηρῷ

181 667 228 721 τί
253 665 565 737 δράσουσινς
605 679 624 712 ι
656 657 823 732 ὑγρόν
857 672 914 711 τε
967 655 1061 712 καὶ
1112 654 1336 717 εὐανθὲς
1381 651 1574 707 ἑαυτὸν
1613 652 1730 705 ὀνο·

188 754 353 828 μάζων
381 750 559 818 ξύλον.
591 747 874 804 Δείκνυται
896 744 953 801 δὲ
978 745 1056 817 τῷ
1078 743 1350 815 θεσπεσίῳ
1370 742 1545 813 Μωσῇ
1577 737 1728 811 παρὰ

183 845 300 902 Θεοῦ
351 841 503 910 ξύλον
526 882 540 897 .
609 839 1011 896 ’Λποκαλύπτει
1066 836 1175 910 γὰρ
1210 837 1366 908 μόνος
1406 833 1498 889 τὸν
1539 833 1668 887 Υἱὺν
1700 832 1730 884 6

183 935 372 1007 Πατὴρ,
417 933 544 987 ἐπεὶ
588 931 682 986 καὶ
717 930 879 1002 μόνος
923 924 1064 984 οἶδεν
1105 927 1290 983 αὐτόν.
1331 945 1352 978 ι
1404 924 1592 987 Οὐδεὶς
1622 922 1731 994 γὰρ

183 1020 277 1082 οἶδε
321 1022 400 1089 τίς
453 1027 604 1078 ἐστιν
645 1024 674 1076 6
725 1023 876 1088 Υἱὸς,
926 1023 975 1075 εί
1017 1020 1090 1092 μὴ
1133 1018 1344 1089 Πατήρ.
1378 1035 1396 1068 ι
1433 1014 1645 1071 Οὐκοῦν
1675 1014 1734 1067 ἐν

182 1115 382 1192 Χριστῷ
424 1115 507 1187 τῷ
536 1116 635 1186 τῆς
666 1115 811 1185 ζωῆς
842 1113 1005 1185 ξύλῳ,
1046 1110 1255 1181 γλυκέα
1302 1108 1400 1180 μὲν
1437 1106 1507 1160 τὰ
1539 1103 1732 1177 πικρὰ,

185 1209 376 1282 φορητά
413 1208 473 1262 δὲ
504 1207 570 1262 τὰ
602 1206 878 1270 δύσοιστα,
921 1203 1015 1259 καὶ
1072 1205 1153 1265 είς
1198 1198 1342 1271 ζωὴν
1372 1198 1641 1267 ἀναγκαῖα
1669 1194 1737 1249 τὰ

182 1304 249 1368 ὡς
272 1303 325 1355 ὲν
355 1301 461 1376 ἰδία
486 1300 647 1369 φύσει
675 1297 1065 1367 καταφθείρειν
1100 1294 1351 1349 είωθότα.

1834 468 1915 538 pti
1942 465 2161 521 labores
2201 462 2372 517 amari
2402 459 2697 515 admodum
2736 459 2866 521 sint,
2902 473 2933 512 a
2964 456 3185 513 Christo
3221 471 3416 513 suaves

1834 574 1899 613 ac
1929 557 2118 613 dulces
2150 554 2476 615 redduntur,
2504 551 2600 621 qui
2640 561 2697 607 et
2745 549 2951 604 dicitur
2982 555 3039 603 et
3086 558 3171 604 est
3208 548 3414 621 lignum

1833 648 1981 705 vitae.
2016 647 2105 702 Ait
2142 650 2324 700 autem
2355 643 2520 698 etiam
2557 642 2673 712 ipse
2721 640 2968 711 profecto
3021 638 3074 692 in
3115 639 3417 710 Scripturis

1834 739 2165 810 evangelicis
2198 756 2212 791 :
2252 757 2270 789 ι
2301 737 2359 794 Si
2389 735 2446 791 in
2478 734 2644 790 viridi
2687 734 2835 805 ligno
2882 733 2998 787 hmo
3050 731 3317 795 fecerunt,
3360 733 3413 788 in

1834 831 1992 887 arido
2040 830 2176 901 quid
2218 829 2423 885 facient
2439 827 2533 880 "?
2570 845 2588 878 ›
2622 841 2682 881 se
2703 824 2963 880 videlicet
2996 822 3170 878 viride
3210 822 3416 892 lignum

1835 938 1900 977 ac
1947 922 2152 977 ﬂorens
2195 919 2511 991 appellavit.
2567 916 2889 974 Ostenditur
2939 922 3203 987 praeterea
3257 914 3419 968 beato

1835 1013 2004 1085 Moysi
2032 1014 2240 1084 lignum
2275 1028 2305 1067 a
2339 1013 2473 1068 Deo.
2500 1010 2662 1068 Solus
2701 1008 2849 1065 enim
2890 1009 3053 1063 Pater
3092 1006 3291 1061 Filium
3328 1019 3419 1060 re-

1835 1105 2002 1168 velat,
2024 1105 2153 1174 quia
2181 1119 2308 1159 eum
2327 1104 2494 1159 etiam
2520 1103 2668 1158 solus
2687 1101 2861 1156 novit.
2913 1119 2932 1151 ι
2973 1099 3146 1155 Nemo
3183 1112 3420 1167 namque

1836 1199 1994 1253 novit
2021 1197 2146 1268 quis
2166 1204 2251 1252 est
2278 1196 2470 1261 Filius,
2498 1195 2605 1250 nisi
2620 1196 2788 1249 Pater
2806 1194 2873 1259 ⁹¹,
2906 1213 2923 1244 ι
2954 1193 3125 1264 Igitur
3146 1207 3245 1262 per
3262 1190 3420 1247 Chri-

1843 1299 2009 1356 stum,
2050 1290 2177 1345 vitte
2207 1289 2436 1361 lignum,
2487 1288 2669 1344 dulcia
2710 1287 2849 1341 ﬁunt
2886 1301 3007 1356 quae
3043 1299 3229 1339 amara
3265 1290 3415 1345 sunt.

184 1410 230 1457 et
270 1370 567 1455 tolerabilia
598 1412 719 1468 quae
756 1395 982 1450 minime
1012 1393 1142 1449 ferri
1168 1398 1443 1464 poterant,
1466 1393 1524 1445 et
1559 1385 1629 1442 ad
1653 1385 1822 1441 vitam
1873 1386 2030 1442 utilia
2082 1400 2205 1456 qua:
2256 1401 2327 1441 ex
2388 1400 2486 1441 sua
2517 1393 2714 1440 natura
2740 1381 3025 1438 interitum
3053 1370 3251 1435 aﬂ’érre
3289 1393 3419 1433 con-

185 1494 480 1543 sueverant.

244 1578 441 1632 IIAAA.
473 1576 606 1632 Τίνα
641 1576 749 1649 φῂς
773 1576 1005 1651 τρόπον;

241 1667 400 1723 ΚΥΡ.
425 1668 600 1739 Εἴπερ
618 1669 764 1721 ἐστὶν
792 1665 1012 1737 ἀληθὲς,
1040 1665 1121 1720 ὅτι
1146 1663 1207 1717 τὸ
1236 1662 1334 1735 μὲν
1358 1659 1517 1731 σῶμα
1551 1656 1740 1728 πικροὶ

180 1762 287 1815 λίαν
336 1762 486 1825 ὄντες
533 1759 995 1831 καταφθείρουσιν
1038 1757 1089 1809 οἱ
1126 1755 1298 1817 πόνοι,
1353 1752 1498 1822 ζωῆς
1550 1750 1607 1804 δὲ
1641 1748 1741 1816 τῆς

180 1853 384 1907 αίωνίου
418 1852 642 1924 μέτοχον
667 1847 988 1905 ἀποτελοῦσι
1031 1845 1206 1917 ψυχὴν
1238 1844 1365 1917 (ἔφη
1404 1843 1467 1913 δή
1514 1858 1616 1894 που
1645 1838 1746 1893 καὶ

179 1944 203 1995 6
233 1941 439 2007 Παῦλος
459 1957 475 1971 ’
513 1963 531 1994 ι
567 1942 739 1995 Ὅταν
760 1936 993 2002 ἀσθενῶ,
1024 1937 1145 1989 τότε
1166 1936 1393 1997 δυνατός
1416 1934 1552 2002 εἰμι.
1586 1950 1603 1981 ι
1626 1930 1735 1983 Καὶ

180 2033 325 2088 πάλιν
342 2049 358 2064 ⁸
385 2034 482 2087 «Εἰ
507 2031 614 2104 γὰρ
636 2034 664 2085 6
681 2030 785 2097 ἔξω
810 2028 968 2101 ἡμῶν
984 2025 1269 2099 ἄνθρωπός
1288 2022 1591 2095 φθείρεται,
1622 2018 1740 2074 ἀλλ’

180 2123 332 2177 όέσω
361 2120 751 2177 ἀνακαινοῦται
777 2118 960 2191 ἡμέρᾳ
981 2117 1077 2171 καὶ
1103 2114 1286 2187 ἡμέρα
1325 2132 1344 2166 ι
1378 2113 1422 2185 )“
1459 2112 1544 2175 τίς
1583 2111 1629 2164 δ’
1679 2109 1746 2164 ἂν

179 2212 337 2267 ἓλοιτό
373 2229 507 2265 ποτε
531 2210 656 2274 τοὺς
686 2204 788 2264 ὧδε
820 2210 1035 2279 δριμεῖς
1065 2205 1361 2275 ἀνατλῆναι
1403 2202 1621 2268 πόνους,
1670 2199 1745 2279 μὴ

180 2306 287 2377 οὖχὶ
312 2305 574 2376 γλυκεῖαν
597 2301 736 2374 ἔχων
765 2302 957 2355 ἐλπίδα
995 2300 1094 2372 τὴν
1123 2301 1180 2352 ὲν
1206 2296 1463 2368 Χριστῷ;

243 2483 449 2539 IIAAA.
481 2481 669 2545 Οὐδεὶς
701 2480 787 2544 ἂν,
816 2473 995 2549 οἶμαι,
1027 2471 1328 2536 παντελῶς.

243 2572 401 2629 ΚΥΡ.
436 2574 582 2645 Ὅρα
625 2571 690 2643 δὴ
716 2567 812 2624 οὖν
837 2569 1000 2640 (ἰέναι
1032 2566 1143 2637 γὰρ
1177 2564 1241 2634 δὴ
1272 2562 1412 2635 πρὸς
1443 2560 1749 2632 ἀνάμνησιν

184 2666 281 2720 τῶν
312 2668 371 2720 ἐν
401 2667 603 2737 ἀρχαῖς
636 2664 932 2733 ἀναγκαῖον
953 2661 1107 2731 ἡμῖν,
1136 2651 1181 2711 ὦ
1206 2651 1505 2723 Παλλάδιε)
1539 2650 1752 2721 δεδιψη-

185 2759 304 2813 κότα
342 2759 442 2829 μὲν
483 2760 544 2812 ὲν
580 2757 771 2829 ἐρήμῳ
801 2753 894 2808 τὸν
939 2749 1179 2823 Ἰσραὴλ,
1214 2748 1311 2801 καὶ
1340 2744 1435 2800 τοῦ
1475 2743 1750 2810 πανσόφου

184 2851 415 2915 Μωσέως
443 2845 954 2918 καταγογγύζοντα,
990 2841 1207 2914 νηποινί
1231 2857 1296 2909 γε
1327 2837 1433 2911 μὴν
1475 2838 1556 2900 εἰς
1592 2833 1752 2888 τοῦτο

185 2945 405 2998 πεσόντα
438 2941 838 3015 μικροψυχίας*
870 2939 932 2992 οὐ
973 2936 1083 3008 γὰρ
1126 2933 1373 2988 ὲκτὲτικε
1413 2931 1587 2993 δίκας,
1626 2926 1749 2980 οὐδὲ

187 3035 377 3107 ὑπέστη
403 3034 474 3089 τὰ
512 3034 577 3101 ἐξ
596 3031 765 3105 ὀργῆς
791 3073 807 3097 ,
838 3029 1014 3104 καίτοι
1043 3025 1291 3091 κολάζειν
1322 3021 1571 3085 εἰωθότος
1614 3017 1750 3072 Θεοῦ

185 3128 298 3192 τοὺς
345 3127 437 3181 ἐπὶ
488 3125 635 3196 τῷδε
678 3119 1183 3191 κατεγνωσμένους.
1227 3115 1490 3172 Ἐλεεῖται
1529 3111 1640 3183 γὰρ
1694 3110 1754 3163 ὲν

186 3220 364 3290 ἀρχαῖς
387 3222 415 3274 6
444 3222 505 3274 ὲν
544 3217 935 3289 γυμνάσμασιν
972 3212 1055 3266 ἔτι
1091 3212 1205 3275 τοῖς
1240 3209 1384 3280 ὑπὲρ
1417 3205 1617 3279 ἀρετῆς
1643 3202 1752 3256 ἐσθ’

184 3310 263 3365 ὅτε
302 3313 390 3365 καὶ
440 3309 693 3364 πταίων·
750 3306 1135 3374 ἀσύγγνωστον
1167 3302 1224 3356 δὲ
1274 3299 1411 3372 μετά
1454 3296 1613 3351 τοῦτο
1658 3293 1756 3365 τὴν

185 3403 313 3471 ἄγαν
341 3404 457 3476 ἔχει
481 3400 881 3475 μικροψυχίαν,
904 3398 1003 3452 καὶ
1019 3396 1120 3468 τὴν
1139 3394 1394 3465 ἀχάλινον
1417 3388 1755 3460 ἀποδρομὴν,

182 3494 245 3563 ἣν
287 3494 350 3548 ἂν
391 3498 607 3549 ποιοῖτο
635 3491 796 3562 τυχὸν
845 3492 928 3554 εἰς
976 3488 1243 3549 ἐκτύπους
1283 3483 1604 3554 ἐπιθυμίας.
1647 3480 1759 3534 Καὶ

184 3585 303 3655 γοῦν
329 3590 385 3641 ὲν
430 3589 550 3652 τοῖς
593 3585 875 3657 Ἀριθμοϊς
907 3582 1038 3653 περὶ
1065 3581 1174 3634 τῶν
1219 3578 1349 3634 υἱῶν
1390 3574 1609 3647 Ἰσραὴλ
1655 3572 1757 3643 ἔφη

185 3698 277 3733 που
324 3681 486 3735 πάλιν
530 3678 602 3733 τὸ
651 3677 894 3748 Γράμμα
928 3674 989 3727 τὺ
1021 3671 1195 3744 ἱερόν⁸
1233 3690 1251 3722 ι
1291 3668 1405 3721 Καὶ
1457 3667 1659 3737 ἐξῆραν
1698 3665 1761 3716 ἐκ

187 3769 273 3823 τοῦ
305 3770 463 3841 ὅρους
488 3769 710 3842 Κυρίου
738 3767 858 3821 ὁδὸν
887 3763 1054 3838 τριῶν
1078 3760 1323 3833 ἡμερῶν,
1351 3759 1444 3814 καὶ
1470 3759 1504 3829 ἡ
1531 3754 1767 3819 κιϐωτὸς

190 3859 280 3931 τῆς
305 3861 575 3932 διαθήκης
620 3856 830 3930 Κυρίου
874 3851 1284 3927 προεπορεύετο
1313 3846 1556 3918 προτέρα
1583 3843 1762 3899 αὐτῶν

191 3951 298 4005 ὁδὸν
312 3952 480 4024 τριῶν
502 3950 733 4024 ἡμερῶν
744 3943 1196 4015 κατασκέψασθαι
1226 3941 1408 4003 αὐτοῖς
1431 3937 1759 3992 ἀνάπαυσιν.

192 4043 290 4098 Καὶ
319 4022 538 4114 ἐξένετο
583 4022 645 4096 ὲν
674 4040 752 4112 τῷ
804 4037 1041 4109 ἐξαίρειν
1087 4034 1186 4106 τὴν
1224 4032 1478 4096 κιϐωτὸν,
1515 4028 1610 4083 καὶ
1642 4022 1764 4079 εἶπε

190 4135 380 4207 Μωσῆς
396 4155 421 4201 οε
441 4136 637 4205 Ἐξεγέ
647 4134 827 4206 ρθητι,
844 4130 1042 4201 Κύριε,
1072 4126 1170 4181 καὶ
1183 4126 1266 4179 δια
1275 4120 1765 4195 σκορπισθήτωσαν

1772 1565 1819 1625 Β
1923 1566 2122 1622 PALL.
2163 1566 2412 1633 Quonam
2461 1564 2667 1620 modo?

1848 1664 1855 1671 ’
1912 1658 2070 1715 CVR.
2113 1658 2395 1729 Siquidem
2437 1672 2630 1712 verum
2666 1663 2770 1721 est,
2808 1653 3045 1717 labores,
3086 1667 3212 1707 cum
3251 1650 3418 1706 amari

1842 1749 2133 1805 admodum
2177 1750 2307 1813 sint,
2345 1764 2547 1819 corpus
2595 1748 2946 1808 interimere.
3001 1744 3235 1800 animam
3289 1756 3421 1798 vero

1841 1847 2059 1895 aeternae
2092 1839 2219 1893 vitae
2255 1836 2578 1909 participem
2604 1835 2836 1890 edicere.
2873 1834 3061 1904 Itaque
3093 1831 3231 1886 dixit
3255 1829 3419 1885 etiam

1842 1930 2038 1985 beatus
2089 1928 2345 1984 Paulus:
2407 1945 2426 1980 ι
2478 1925 2616 1981 Cum
2670 1925 2955 1990 inﬁrmor,
3025 1931 3159 1978 tunc
3226 1930 3424 1993 potens

1844 2036 1967 2076 sum
2004 2022 2071 2072 ".
2116 2039 2134 2070 ι
2178 2020 2248 2074 Et
2281 2019 2482 2073 iterum
2522 2034 2538 2071 :
2584 2034 2603 2068 ι
2645 2016 2764 2071 Etsi
2799 2016 2948 2071 enim
2985 2014 3224 2071 exterior
3259 2014 3424 2067 homo

1843 2120 2034 2168 noster
2068 2110 2460 2180 corrumpitur,
2501 2108 2599 2165 sed
2635 2107 2867 2162 interior
2901 2113 3199 2162 renovatur
3230 2104 3300 2159 de
3335 2104 3425 2160 die

1846 2203 1905 2259 in
1942 2202 2174 2258 diem".
2222 2224 2239 2253 ι
2285 2200 2445 2271 156
2483 2198 2590 2255 Sed
2624 2199 2748 2269 quis
2782 2198 3004 2252 tandem
3042 2197 3177 2252 velit
3209 2196 3427 2251 labores

1850 2304 1960 2350 tam
2011 2293 2239 2350 acerbos
2289 2292 2556 2363 perferre,
2597 2291 2707 2346 nisi
2759 2290 2976 2345 dulcem
3024 2288 3224 2344 habeat
3276 2303 3426 2359 spem

1850 2388 1907 2443 in
1944 2387 2164 2452 Christo
2180 2388 2205 2440 ?

1919 2478 2112 2534 PALL.
2154 2479 2326 2533 Nemo
2362 2492 2609 2548 prorsus,
2649 2476 2864 2547 opinor.

1920 2568 2075 2625 ΟΥΕ.
2116 2569 2254 2625 Vide
2293 2569 2461 2640 igitur
2500 2569 2636 2639 (jam
2690 2568 2860 2632 enim,
2890 2564 3127 2631 'Palladi,
3166 2579 3230 2618 ea
3270 2577 3429 2633 repe-

1851 2669 1967 2716 tere
2003 2676 2229 2716 necesse
2264 2667 2350 2715 est
2386 2674 2508 2729 qua:
2551 2675 2583 2714 a
2620 2658 2892 2729 principio
2929 2653 3203 2726 diximus)
3257 2654 3433 2709 Israeo

1851 2749 1960 2806 lem
1998 2751 2054 2805 in
2102 2750 2320 2805 deserto
2355 2749 2651 2814 sitientem,
2687 2756 2743 2803 et
2785 2747 3050 2802 adversus
3092 2743 3431 2815 sapientissi-

1857 2857 2005 2897 mum
2050 2841 2230 2895 virum
2277 2840 2501 2911 Moysen
2547 2846 3006 2902 murmurantcm,
3048 2844 3106 2891 et
3152 2844 3330 2890 tamen
3377 2834 3433 2888 in

1858 2940 2065 2989 tantam
2106 2931 2274 2986 animi
2314 2930 2677 3001 abjectionem
2717 2928 2940 2999 impune
2980 2928 3222 2996 lapsum;
3254 2940 3434 2996 neque

1854 3024 2000 3079 enim
2040 3038 2231 3094 pmnas
2264 3021 2395 3087 luit,
2434 3037 2612 3091 neque
2640 3021 2840 3077 divinm
2875 3019 2970 3073 irae
3008 3018 3272 3072 ultionem
3309 3032 3434 3071 sus-

1857 3115 2057 3180 tinuit,
2096 3113 2347 3185 quamvis
2393 3113 2541 3168 Deus
2587 3112 2708 3183 ejus
2755 3109 3003 3166 criminis
3063 3122 3187 3163 reos
3238 3107 3436 3176 punire

1856 3206 1929 3262 sit
1969 3204 2182 3260 solitus.
2224 3203 2323 3257 Est
2353 3216 2589 3271 namque
2620 3199 2973 3255 miseratione
3007 3196 3204 3267 dignus
3231 3194 3299 3250 ab
3326 3194 3436 3250 ini-

1858 3298 1957 3361 tio,
1992 3295 2088 3366 qui
2118 3295 2174 3348 in
2202 3292 2598 3348 exercitatione
2625 3291 2805 3346 adhuc
2832 3304 2933 3360 pro
2951 3288 3156 3342 virtute
3184 3295 3438 3356 suscepta

1857 3386 2063 3441 labitur
2101 3396 2496 3450 nonnunquam
2534 3398 2546 3434 :
2578 3388 2635 3434 at
2680 3388 2871 3448 postea
2914 3376 3084 3431 nimia
3119 3377 3211 3430 illa
3261 3374 3441 3445 parvi-

1861 3485 1945 3531 tas
1973 3474 2162 3539 animi,
2198 3482 2255 3529 et
2290 3472 2592 3528 effrenatus
2637 3469 2705 3525 ad
2743 3468 3010 3524 absurdas
3043 3466 3439 3537 concupiscen-

1862 3569 1967 3624 tias
2010 3582 2208 3623 cursus
2256 3580 2454 3635 expers
2493 3570 2580 3619 est
2624 3562 2817 3617 veniae.
2856 3561 3043 3631 Itaque
3091 3559 3146 3614 in
3187 3557 3443 3613 Numeris

1862 3657 1931 3712 de
1970 3656 2097 3710 ﬁliis
2125 3654 2291 3710 Israel
2319 3660 2547 3708 narrant
2581 3666 2747 3707 sacrae
2768 3650 3027 3705 Litteras:
3058 3668 3076 3699 ι
3110 3648 3179 3704 Et
3212 3647 3442 3719 profecti

1863 3758 1992 3804 sunt
2025 3764 2094 3804 ex
2132 3754 2316 3802 monte
2360 3744 2458 3800 Dei
2501 3743 2699 3799 itinere
2737 3743 2951 3798 dierum
2984 3742 3182 3805 trium;
3222 3747 3278 3796 et
3319 3754 3442 3795 arca

1863 3836 2429 3894 testamentiDomini
2468 3835 2700 3906 praeibat
2743 3834 2865 3889 illos
2906 3834 2994 3888 via
3033 3833 3197 3887 trium
3228 3831 3445 3887 dierum

1864 3931 1931 3986 ad
1960 3929 2348 4001 explorandam
2383 3927 2518 4000 ipsis
2545 3928 2811 3998 requiem.
2841 3926 2910 3981 Et
2943 3924 3148 3981 factum
3177 3933 3281 3989 est,
3314 3924 3448 3980 dum

1864 4020 2171 4076 elevaretur
2214 4035 2360 4083 arca,
2400 4016 2539 4072 dixit
2573 4016 2789 4088 Moyses
2832 4032 2844 4068 :
2891 4014 3156 4085 Exsurge,
3193 4013 3444 4077 Domine,

1865 4117 1922 4164 et
1958 4109 2296 4178 dissipentur
2336 4105 2545 4161 inimici
2580 4106 2690 4171 tui;
2724 4103 2938 4173 fugiant
2964 4117 3155 4156 omnes
3188 4101 3282 4170 qui
3311 4088 3446 4154 ode-

191 4227 234 4279 οί
268 4189 609 4300 ἐχθροίσου.,
647 4189 983 4296 ,φυχὲτωσαν
1016 4189 1216 4282 πάντες
1260 4217 1310 4270 οἱ
1344 4189 1627 4287 μισοῦντες
1679 4226 1753 4265 σε.

1867 4207 1998 4254 runt
2024 4207 2098 4253 te.
2129 4198 2201 4252 Et
2229 4197 2358 4251 dum
2395 4196 2787 4265 deponeretur,
2819 4192 2958 4245 dixit
2982 4209 2995 4244 :
3017 4190 3307 4253 Converte,
3338 4189 3447 4243 Do-

191 4320 292 4373 Καὶ
322 4323 377 4374 ἐν
406 4325 476 4393 τῇ
507 4314 861 4375 καταπαύσει
887 4309 1059 4367 εἶπεν·
1087 4308 1437 4377 Ἐπίστρεφε,
1456 4303 1652 4374 Κύριε,
1680 4318 1765 4372 χι-

193 4410 366 4477 λιάδας
402 4391 680 4486 μυριάδας
707 4410 765 4461 ὲν
793 4404 870 4475 τῷ
907 4400 1162 4476 Ἰσραήλ’
1201 4399 1296 4454 καὶ
1333 4398 1366 4468 ἡ
1407 4394 1607 4486 νεφέλη
1641 4391 1767 4460 ἐγέ-

193 4520 304 4557 νετο
343 4484 655 4570 σκιάζουσα
702 4500 791 4552 ἐπ’
824 4496 1007 4558 αὐτοῖς
1042 4492 1275 4564 ἡμέρας,
1324 4490 1381 4542 ὲν
1412 4487 1492 4559 τῷ
1530 4484 1770 4555 ἐξαίρειν

192 4593 379 4660 αὐτοὺς
401 4597 469 4649 ἐκ
501 4595 605 4666 τῆς
640 4587 996 4663 παρεμϐολῆς
1017 4605 1030 4617 ·
1059 4585 1156 4639 καὶ
1181 4579 1250 4655 ἦν
1279 4585 1308 4636 ό
1333 4581 1461 4644 λαὸς
1485 4577 1769 4648 γογγύζων

193 4687 393 4760 πονηρά
422 4687 611 4741 ἔναντι
652 4684 859 4754 Κυρίου
880 4698 893 4712 ο
918 4681 1012 4735 καὶ
1043 4678 1244 4751 ἤκουσε
1276 4673 1505 4746 Κύριος,
1536 4672 1630 4724 καὶ
1650 4669 1772 4723 ἐθυο

196 4774 343 4849 μὼθη
367 4777 535 4850 ὀργῇ,
571 4776 673 4835 καὶ
713 4772 984 4844 ἐξεκαύθη
1018 4774 1075 4824 ἐν
1099 4769 1303 4831 ιαύτοῖς
1332 4764 1445 4836 πῦρ
1476 4761 1630 4833 παρά
1655 4761 1770 4814 Κυ-

198 4870 330 4940 ρίου,
353 4874 450 4927 καλ⁸
495 4872 784 4939 κατέφαγε
831 4867 998 4939 μέρος
1022 4881 1077 4918 τι
1111 4861 1212 4934 τῆς
1254 4855 1628 4928 παρεμϐολῆς.
1677 4852 1774 4907 καὶ

193 4959 487 5035 ἐκέκραξεν
520 4963 551 5016 6
588 4960 721 5024 λαὸς
746 4957 882 5031 πρὸς
926 4954 1154 5024 Μωσῆν.
1194 4950 1308 5004 Καὶ
1332 4946 1535 5018 ηὔξατο
1565 4942 1773 5035 Μωσῆς

194 5034 333 5124 πρὸς
354 5055 447 5109 τὸν
474 5053 713 5126 Κύριον,
746 5051 840 5106 καὶ
875 5047 1114 5102 ἐκόπασε
1157 5041 1219 5097 τὺ
1259 5040 1391 5112 πῦρ.
1425 5038 1538 5093 Καὶ
1566 5034 1770 5107 ἐκλήθη

193 5144 250 5198 τὸ
274 5146 445 5217 ὄνομα
474 5143 574 5200 τοῦ
603 5143 773 5197 τόπου
821 5138 1054 5204 ἐκείνου,
1094 5130 1510 5206 Ἐμπυρισμόςο
1553 5128 1636 5182 ὅτι
1680 5126 1772 5192 ἐξ·

194 5237 392 5309 εκαύθη
410 5239 469 5291 ὲν
499 5237 695 5299 αὐτοῖς
711 5232 823 5304 πῦρ
848 5230 1000 5304 παρά
1027 5227 1257 5301 Κυρίου.
1285 5243 1304 5276 ι
1325 5224 1437 5277 Καὶ
1460 5221 1599 5293 μετά
1615 5217 1775 5273 τοῦτο

195 5327 374 5383 πάλιν·
410 5348 431 5383 ι
469 5328 589 5383 Καὶ
631 5325 928 5397 ἐξάραντες
964 5322 1025 5388 ἐξ
1070 5320 1172 5391 Ὠρ
1193 5316 1285 5371 τοῦ
1315 5315 1476 5389 ὅρους
1521 5312 1639 5366 666v
1683 5311 1775 5364 ἐπὶ

195 5420 463 5476 θάλασσαν
503 5418 804 5491 Ἐρυθρὰν,
826 5412 1275 5487 περιεκύκλωσαν
1307 5409 1406 5480 τὴν
1431 5407 1533 5479 γῆν
1565 5403 1772 5474 Ἐδώμ-

195 5513 283 5568 καὶ
320 5512 752 5584 ὠὴγαᾷύχησεν
776 5513 805 5563 ό
828 5509 955 5573 λαὸς
989 5509 1047 5562 ὲν
1074 5508 1141 5577 τῇ
1163 5503 1287 5575 ὀδῷ.
1313 5501 1421 5555 Καὶ
1445 5496 1727 5553 κατελάλει
1746 5497 1775 5549 6

1870 4293 2036 4356 mine,
2065 4290 2214 4345 mille
2254 4288 2530 4360 myriadas
2567 4286 2626 4339 in
2660 4284 2846 4339 Israel.
2876 4282 2945 4336 Et
2982 4281 3157 4336 nubes
3196 4281 3447 4336 umbram

1870 4384 2104 4463 faciebat
2135 4398 2301 4453 super
2333 4381 2457 4435 illos
2482 4395 2583 4450 per
2612 4376 2779 4442 diem,
2808 4389 2933 4430 cum
2972 4371 3451 4445 proﬁciscerentur

1869 4494 1900 4534 c
1949 4476 2141 4532 castris
2195 4491 2207 4527 :
2258 4482 2315 4529 et
2360 4481 2479 4527 erat
2526 4470 2765 4543 populus
2813 4483 3167 4527 murmurans
3215 4467 3450 4538 pessime

1871 4575 2063 4624 contra
2084 4567 2396 4622 Dominum.
2429 4563 2500 4618 Et
2531 4561 2741 4617 audivit
2768 4562 3053 4626 Dominus,
3080 4569 3137 4615 et
3166 4559 3334 4615 iratus
3367 4566 3452 4613 est

1871 4660 1973 4724 ira,
2015 4666 2071 4714 et
2118 4671 2419 4713 succensus
2456 4644 2542 4711 est
2586 4653 2728 4725 ignis
2779 4654 2835 4708 in
2883 4670 2980 4709 eos
3022 4668 3053 4707 a
3092 4651 3352 4716 Domino;
3395 4658 3454 4704 et

1872 4748 2156 4806 devoravit
2187 4754 2399 4819 partem
2446 4745 2739 4826 quamdam
2778 4752 3105 4800 castrorum.
3140 4741 3209 4796 Et
3249 4740 3455 4795 clama-

1871 4844 1954 4898 vit
1987 4841 2223 4914 populus
2250 4839 2318 4895 ad
2346 4839 2586 4911 Moysen.
2615 4838 2686 4893 Et
2725 4837 2901 4892 oravit
2930 4836 3141 4906 Moyses
3168 4833 3233 4888 ad
3267 4831 3454 4887 Domi-

1872 4953 2028 5003 num,
2053 4943 2109 4993 et
2138 4934 2376 4991 cessavit
2414 4933 2585 5006 ignis;
2625 4942 2684 4988 et
2718 4938 2975 4984 vocatum
3006 4933 3091 4981 est
3120 4939 3317 4980 nomen
3346 4922 3453 4978 loci

1875 5030 2042 5103 illius,
2075 5026 2396 5093 Succensio,
2428 5026 2557 5097 quia
2587 5035 2884 5079 succensus
2913 5026 2999 5073 est
3036 5016 3092 5071 in
3131 5032 3226 5072 eos
3259 5014 3398 5087 ignis
3426 5032 3456 5069 a
3514 5004 3521 5011 ’

1873 5123 2105 5180 Domino
2127 5122 2194 5176 ".
2232 5141 2251 5172 ›
2286 5119 2356 5175 Et
2397 5127 2522 5190 post
2552 5117 2668 5171 haec
2704 5127 2932 5167 rursus:
2967 5130 2985 5161 ι
3021 5109 3090 5165 Ει
3117 5106 3349 5179 profecti
3389 5120 3457 5160 ex

1875 5225 2062 5271 monte
2099 5214 2214 5269 IIor
2263 5228 2364 5283 per
2415 5210 2558 5264 viam
2610 5204 2777 5260 maris
2831 5202 3027 5268 Rubri,
3065 5199 3459 5255 circumierunt

1878 5317 2082 5363 terram
2128 5304 2332 5367 Edom;
2383 5309 2441 5356 et
2490 5298 2748 5367 fatigatus
2779 5304 2864 5350 est
2899 5294 3134 5366 populus
3169 5292 3222 5343 in
3253 5288 3361 5348 via,
3400 5293 3461 5338 et

1878 5398 2204 5457 detrahebat
2234 5393 2470 5465 populus
2512 5390 2776 5445 adversus
2812 5389 2981 5444 Deum
3007 5397 3062 5441 et
3088 5391 3273 5437 contra
3312 5377 3461 5446 Moy-

1878 5509 1997 5560 sen,
2037 5490 2284 5545 dicentes
2314 5503 2329 5540 :
2361 5483 2472 5541 Cur
2516 5480 2750 5539 eduxisti
2797 5496 2898 5536 nos
2937 5479 3003 5533 de
3040 5488 3181 5560 terra
3214 5466 3456 5542 Egypti,

257 5694 302 5727 "
331 5695 353 5752 I
400 5694 533 5752 Cor.
564 5711 623 5760 x,
658 5692 745 5748 15.
821 5694 863 5723 ’τ’
891 5692 1024 5747 Luc.
1056 5704 1205 5754 χχιιι,
1238 5685 1326 5741 51.
1364 5684 1404 5715 θ’
1436 5679 1625 5737 Matth.
1665 5692 1737 5745 τι,

1856 5720 1857 5725 η
1935 5674 1978 5705 θ’
2006 5671 2051 5729 II
2079 5669 2205 5727 Cor.
2243 5683 2335 5735 xu,
2365 5667 2416 5722 9.
2496 5664 2587 5719 “I
2624 5661 2751 5721 Cor.
2778 5677 2850 5725 tv,
2907 5652 2989 5713 1'6.
3053 5652 3098 5685 "'
3140 5652 3300 5708 Num.
3346 5660 3456 5703 ut.
