3966 6298
479 256 593 314 383

1496 248 1551 305 s.
1594 232 1871 306 cv‘nltu
1912 243 2379 301 ALEXANDRINI
2412 241 2733 299 ARCHIEP.

3639 231 3753 288 σει

485 381 552 427 ιιι
579 364 921 425 interﬁceres
953 378 1054 421 nos
1088 364 1142 420 in
1171 363 1423 420 deserto?
1462 378 1640 433 neque
1677 361 1825 417 enim
1855 369 1941 415 est
1972 373 2067 428 pa-

2190 356 2301 420 ιαδς
2327 355 2461 427 πρὸς
2498 355 2591 408 τὸν
2620 354 2756 407 Θεὸν
2783 350 2876 406 καὶ
2909 348 3052 404 κατὰ
3085 345 3280 417 Μωσῆ,
3310 342 3562 412 λέγοντες
3583 357 3597 373 ⁸
3630 342 3756 433 Ἵνα

486 460 596 526 nis,
627 472 807 528 neque
846 472 1015 526 aqua;
1046 466 1102 512 et
1151 455 1336 510 anima
1386 463 1572 508 nostra
1608 466 1803 522 perosa
1848 460 1931 504 est
1971 463 2069 517 pa-

490 562 620 605 nem
662 547 812 602 hunc
857 547 1097 601 inanem.
1134 546 1202 600 Et
1247 542 1475 598 immisit
1507 541 1771 596 Dominus
1804 540 1860 593 in
1894 553 2071 609 popu‘

494 639 608 692 lum
636 646 926 705 serpentes
957 635 1290 697 mortiferos,
1318 642 1375 688 et
1408 631 1733 686 mordebant
1768 628 2068 699 populum;

490 739 552 785 et
594 727 934 783 moriebatur
979 726 1214 797 populus
1262 726 1468 780 multus
1504 739 1535 779 e
1576 722 1702 776 ﬁliis
1747 722 1908 776 Israel
1940 721 2004 773 ”.
2048 739 2065 770 ›

493 820 664 876 Vides
717 819 902 890 igitur,
944 815 1406 887 quemadmodum
1457 814 1567 886 igni
1615 830 1679 869 ac
1725 812 2074 883 serpentibus

498 914 590 969 ille
641 921 955 969 susurrator
1007 921 1064 967 et
1109 918 1482 975 murmurator
1530 907 1764 977 populus
1812 920 2070 961 consum-

495 1016 626 1075 ptus
657 1004 745 1059 sit.
788 1003 941 1073 157
983 1001 1412 1057 Proﬁciscuntur
1444 1000 1590 1054 enim
1631 998 1709 1053 illi
1746 998 1969 1067 quidem
2006 1013 2073 1052 ex

497 1106 683 1153 monte
716 1095 835 1159 Dei,
872 1109 997 1149 cum
1044 1093 1166 1147 illos
1206 1107 1331 1146 arca
1363 1088 1716 1160 praecederet,
1751 1097 1808 1142 et
1841 1087 1949 1141 illis
1983 1102 2071 1141 re-

496 1188 681 1258 quiem
715 1193 1006 1256 quaereret,
1043 1182 1254 1253 Moyses
1271 1194 1500 1250 quoque
1533 1189 1735 1243 oraret,
1766 1194 1831 1233 ac
1873 1177 2073 1247 deprc-

498 1289 740 1344 caretur,
779 1277 957 1333 nubes
1006 1276 1168 1332 etiam
1218 1274 1338 1328 illos
1384 1281 1700 1342 contegeret
1731 1289 1743 1323 :
1779 1280 1834 1328 at
1868 1272 1947 1325 illi
1983 1286 2075 1339 pa-

497 1388 626 1428 nem
660 1370 727 1427 de
757 1371 896 1426 caelo
924 1369 1111 1424 datum
1141 1367 1354 1421 inanem
1384 1365 1738 1436 appellantes,
1775 1364 2073 1434 plurimum

499 1464 569 1519 de
605 1465 718 1519 Deo
763 1478 826 1518 ac
864 1462 1042 1532 Moyse
1091 1457 1591 1527 conquerebantur.
1626 1456 1798 1523 Quam
1837 1456 1908 1510 ob
1941 1470 2073 1510 cau-

498 1570 614 1610 sam
648 1553 956 1611 necessario
986 1553 1064 1607 illi
1096 1552 1318 1623 quidem
1351 1550 1492 1622 ignis
1523 1565 1661 1621 opus
1688 1549 1871 1605 eﬁ'ecti
1914 1558 2071 1611 sunt,

496 1646 556 1701 hi
593 1646 928 1716 serpentium
964 1642 1238 1698 morsibus
1267 1642 1533 1697 continuo
1562 1640 1865 1711 perierunt.

569 1908 765 1963 PALL.
812 1907 918 1963 Sed
964 1906 1224 1978 quidnam
1268 1905 1324 1959 in
1365 1914 1601 1972 utroque
1632 1900 1927 1971 Scriptura:
1957 1899 2078 1953 loco

498 1998 901 2055 observandum
929 2009 1033 2063 est,
1065 1996 1267 2069 quidve
1298 2005 1382 2051 est
1411 2009 1569 2049 mons
1597 1992 1730 2046 Dei?

568 2090 726 2146 ΟΥΕ.
764 2090 1004 2145 Montem
1047 2089 1166 2152 Dei,
1202 2087 1417 2158 Opinor,
1449 2085 1585 2140 dicit
1624 2083 1772 2146 Sina,
1816 2082 1871 2135 in
1914 2096 2078 2151 quem

498 2181 591 2236 ille
623 2179 1006 2235 universorum
1037 2178 1231 2247 Opifex
1285 2176 1426 2248 ignis
1465 2173 1649 2245 specie
1681 2170 1984 2235 descendit,
2017 2186 2082 2225 ac

498 2274 650 2328 visus
680 2282 766 2328 est
797 2271 946 2326 omni
982 2270 1203 2341 p0pulo,
1242 2270 1386 2324 sicut
1440 2267 1703 2337 scriptum
1757 2275 1861 2330 est,
1901 2265 2081 2335 leges-

497 2379 605 2434 que
657 2364 837 2420 sanxit
881 2379 1065 2418 rerum
1118 2360 1453 2432 agendarum
1489 2378 1500 2412 :
1547 2380 1563 2409 ι
1598 2357 1895 2414 Constituit
1933 2356 2081 2410 enim

499 2456 576 2510 ibi
608 2454 735 2509 ﬁliis
772 2453 936 2508 Israel
966 2449 1387 2521 iustificationes
1421 2463 1484 2502 ac
1513 2445 1721 2517 judicia
1748 2445 1813 2497 ’⁸.
1854 2462 1871 2494 ›
1907 2442 2082 2498 Caete-

501 2560 624 2599 rum
646 2543 740 2613 qui
770 2542 902 2596 olim
933 2542 1025 2595 illa
1058 2540 1259 2604 sanxit,
1284 2537 1539 2593 Christus
1568 2535 1691 2590 fuit.
1724 2535 1912 2604 Itaque
1938 2534 2084 2604 leges

503 2633 626 2688 illas
661 2648 760 2703 per
787 2632 1005 2702 Moysen
1036 2630 1209 2694 datas,
1242 2644 1341 2684 sua
1362 2626 1525 2682 verba
1558 2636 1733 2682 vocat.
1765 2626 1858 2681 Ait
1889 2626 2036 2680 enim
2066 2642 2079 2678 :

510 2742 529 2775 ι
561 2723 757 2787 Amen,
782 2723 909 2777 dico
933 2721 1113 2785 vobis,
1142 2720 1321 2775 donec
1342 2728 1586 2775 transeat
1609 2717 1808 2774 caelum
1833 2726 1888 2772 et
1914 2726 2080 2781 terra,

504 2812 615 2868 iota
656 2827 848 2877 unum,
882 2821 977 2867 aut
1022 2826 1165 2865 unus
1213 2824 1352 2880 apex
1397 2824 1507 2863 non
1552 2806 1855 2878 prmteribit
1882 2822 1914 2860 a
1943 2806 2081 2876 lege,

502 2901 681 2956 donec
730 2900 914 2955 omnia
966 2899 1116 2955 ﬁant.
1182 2898 1417 2964 Caelum,
1459 2908 1515 2953 et
1565 2909 1711 2953 terra
1751 2895 2081 2961 transibunt,

2171 443 2225 495 τί
2253 440 2523 512 ἐξήγαγες
2552 442 2702 511 ἡμᾶς
2731 442 2796 493 ἐκ
2841 438 2946 508 γῆς
2995 436 3295 505 Αἰγύπτου,
3342 433 3663 486 ἀποκτεῖναι
3693 432 3757 485 ἐν

2171 534 2237 604 τῇ
2285 533 2508 602 ἐρήμῳ;
2537 531 2620 585 ὅτι
2653 532 2753 584 οὐκ
2803 528 2947 582 ἔστιν
2987 527 3174 598 ἄρτος,
3223 521 3345 577 οὐδὲ
3392 521 3569 591 ὕδωρο
3620 522 3656 591 ὴ
3696 520 3756 573 δὲ

2171 622 2319 694 ψυχὴ
2354 622 2515 694 ἡμῶν
2548 619 2919 694 προσώχθισεν
2961 620 3020 672 ἐν
3066 615 3143 688 τῷ
3193 615 3345 685 ἄρτῳ
3396 611 3476 683 τῷ
3519 612 3760 682 διακένῳ

2173 712 2364 783 τούτῳ.
2398 712 2510 767 Καὶ
2539 711 2821 766 ἀπέστειλε
2846 708 3052 781 Κύριος
3071 708 3152 769 είς
3175 705 3268 758 τὸν
3299 703 3429 757 λαὸν
3451 704 3580 767 τοὺς
3601 702 3759 771 δφεις

2173 807 2298 869 τοὺς
2330 802 2721 866 θανατοῦντας,
2746 804 2839 857 καὶ
2862 802 3084 856 ἐδακνον
3106 799 3197 852 τὸν
3216 797 3368 860 λαὸν,
3392 796 3490 850 καὶ
3515 794 3761 850 ἀπέθανε

2174 896 2304 959 λαὸς
2336 894 2503 958 πολὺς
2529 895 2637 948 τῶν
2669 894 2802 948 υἱῶν
2839 892 3075 962 Ἰσραήλ.
3118 908 3135 940 ι
3183 890 3349 961 Ὀρᾷς
3389 884 3482 941 οὖν
3510 885 3594 939 ὅτι
3622 885 3762 956 πυρὶ

2175 988 2271 1041 καὶ
2296 986 2487 1056 ὕφεσιν
2517 988 2545 1039 ό
2568 985 2800 1055 ψίθυρός
2836 999 2896 1037 τε
2922 982 3017 1036 καὶ
3048 980 3359 1050 γογγυστὲς
3390 976 3761 1045 δεδαπάνηται

2174 1080 2325 1144 λαός.
2365 1080 2428 1131 Ol
2458 1076 2689 1148 μὲνγὰρ
2724 1076 3032 1146 ἐξαίρουσιν
3077 1074 3141 1125 ἐκ
3179 1071 3272 1125 τοῦ
3314 1071 3481 1143 ὅρους
3526 1068 3760 1140 Κυρίου.

2175 1167 2616 1240 προϐιϐαξούσης
2646 1166 2825 1222 αὐτῶν
2875 1167 2975 1236 τῆς
3011 1162 3270 1228 κιϐωτοῦ,
3302 1163 3397 1215 xal.
3439 1159 3762 1233 προαναζη-

2174 1260 2373 1328 τούσης
2395 1258 2699 1313 ἀνάπαυσιν
2722 1274 2735 1286 '
2759 1254 3128 1326 ἐπευχομένου
3157 1253 3214 1307 δὲ
3237 1254 3333 1307 καὶ
3361 1249 3766 1323 πρεσϐεύοντος

2174 1349 2270 1405 τοῦ
2302 1350 2586 1417 .Μωσέως,
2630 1349 2726 1403 καὶ
2768 1346 2875 1419 μὴν
2916 1347 3012 1401 καὶ
3055 1341 3765 1415 νεφέληςέπισκιαζούσης

2176 1444 2379 1506 αὐτοῖς,
2412 1444 2461 1495 οί
2486 1442 2567 1505 δὲ,
2601 1440 2850 1495 διάκενον
2882 1434 3244 1508 ὀνομάζοντες
3274 1435 3367 1488 τὸν
3394 1434 3563 1501 ἄρτον
3590 1433 3685 1486 τὸν
3706 1435 3764 1499 ἐξ

2176 1532 2428 1605 οὐρανοῦ,
2470 1532 2727 1602 πλείστην
2765 1531 2896 1601 ὅσην
2929 1530 3070 1583 κατά
3111 1545 3170 1581 τε
3199 1527 3296 1581 τοῦ
3334 1524 3472 1581 Θεοῦ
3501 1525 3600 1579 καὶ
3634 1526 3765 1578 Μωσ-

2180 1627 2317 1689 σέως
2342 1624 2622 1680 ἐποιοῦντο
2666 1624 2765 1695 τὴν
2794 1621 3091 1692 καταϐοήν.
3134 1620 3238 1673 Διά
3260 1637 3341 1673 τοι
3374 1618 3560 1683 τοῦτο,
3596 1616 3766 1688 πυρὸς

2110 1695 2150 1749 Β
2185 1720 2280 1789 μὲν
2307 1718 2466 1790 ἔργον
2484 1719 2679 1772 ἐκεῖνοι
2702 1716 2992 1785 γεγόνασιν
3018 1711 3362 1781 ἀναγκαίως,
3392 1712 3442 1764 οἱ
3471 1710 3528 1764 δέ
3550 1708 3767 1781 πικρῶν

2178 1810 2353 1879 ὄφεων
2381 1809 2651 1879 δήγμασιν
2679 1805 2819 1876 άμελ
2838 1803 2913 1877 [λ]
2940 1803 3028 1875 ητὶ
3053 1801 3357 1856 διολώλασι.

2251 1900 2458 1954 ΠΑΛΛ.
2502 1899 2611 1953 Kal
2640 1898 2724 1960 τίς
2758 1897 2968 1965 γένοιτο
3025 1895 3188 1950 πάλιν
3217 1894 3276 1948 ἐν
3317 1894 3527 1964 ἀμφοῖν
3577 1893 3768 1962 intra.

2182 2009 2373 2065 ρησις;
2402 1992 2495 2046 καὶ
2522 1991 2575 2043 τί
2600 1991 2662 2044 τὸ
2692 1990 2818 2061 ὅρος
2854 1989 3060 2060 Κυρίου
3084 2004 3099 2051 ;

2251 2083 2414 2137 ΚΥΡ.
2492 2084 2655 2153 Ὄρος
2710 2076 2862 2150 οἶμαι
2926 2096 3026 2133 που
3072 2078 3278 2150 Κυρίου
3328 2077 3463 2148 φησὶ
3505 2077 3569 2130 τὸ
3617 2075 3768 2140 Σινὰ,

2180 2176 2265 2245 ἐφ’
2294 2175 2323 2229 δ
2348 2172 2721 2244 καταϐέϐηκεν
2752 2175 2809 2227 ἐν
2840 2173 2971 2228 είδει
3001 2172 3167 2243 πυρὸς
3185 2173 3213 2224 ό
3245 2169 3465 2223 πάντων
3497 2171 3772 2239 Δημιουρ-

2182 2267 2295 2336 γδς,
2325 2265 2481 2335 ὤφθη
2511 2280 2572 2316 τε
2606 2265 2770 2318 παντὶ
2801 2264 2880 2336 τῷ
2905 2263 3039 2334 λαῷ,
3073 2262 3214 2316 κατὰ
3251 2260 3312 2315 τὸ
3350 2259 3768 2332 γεγραμμένον,

2184 2357 2277 2409 καὶ⁵
2322 2355 2447 2416 τοὺς
2478 2352 2571 2406 ἐπὶ
2600 2356 2714 2417 τοῖς
2764 2353 3057 2425 πρακτέοις
3111 2348 3618 2420 κατεχρησμῲδησε
3684 2349 3771 2400 νό-

2187 2463 2352 2518 μους’
2399 2468 2418 2500 ι
2459 2447 2651 2502 Ἕθετο
2693 2446 2802 2519 γὰρ
2841 2447 2959 2499 ἐκεῖ
2990 2447 3104 2508 τοῖς
3133 2446 3267 2505 υίοῖς
3301 2440 3525 2512 Ἰσραὴλ
3545 2438 3774 2493 δικαιῶ-

2187 2556 2331 2610 ματα
2357 2540 2451 2593 καὶ
2486 2538 2720 2610 κρίσεις.
2758 2557 2778 2590 ι
2828 2537 2966 2590 Ἀλλ’
2996 2532 3064 2607 ἧν
3098 2536 3192 2589 καὶ
3222 2532 3399 2589 πάλαι
3424 2531 3777 2602 θεσμοθετῶν

2198 2632 2382 2684 ἐκεῖνα
2421 2630 2675 2701 Χριστός.
2721 2627 3010 2700 Τοιγάρτοι
3051 2628 3147 2680 καὶ
3187 2625 3380 2693 λόγους
3444 2623 3615 2686 ἰδίους
3654 2624 3779 2686 τοὺς

2183 2723 2272 2778 διὰ
2309 2723 2551 2786 Μωσέως
2597 2722 2751 2777 καλεῖ
2774 2721 2991 2792 νόμους.
3022 2720 3163 2790 Ἔφη
3190 2718 3329 2789 γάρ·
3365 2735 3385 2768 ι
3428 2714 3607 2787 Ἀμὴν
3634 2714 3779 2784 λέγω

2187 2816 2335 2885 ὑμῖν,
2367 2814 2472 2877 ἓως
2504 2814 2571 2868 ἂν
2611 2813 2855 2885 παρέλθῃ
2884 2814 2917 2866 ό
2941 2812 3166 2883 οὐρανὸς
3198 2810 3294 2864 καὶ
3316 2812 3350 2882 ἡ
3388 2810 3485 2880 γῆ,
3531 2808 3670 2863 ίῶτα
3697 2810 3777 2872 ἐν,

2186 2901 2219 2970 ἦ
2255 2901 2352 2971 μία
2384 2900 2582 2970 κεραία
2613 2900 2673 2953 οὐ
2705 2900 2781 2970 μὴ
2810 2899 3055 2971 παρέλθῃ
3082 2900 3188 2952 ἀπὸ
3222 2897 3315 2952 τοῦ
3349 2899 3542 2969 νόμου,
3574 2899 3683 2962 ἕως
3714 2898 3781 2952 ἂν

504 2990 673 3046 verba
704 3001 889 3047 autem
921 3006 1042 3044 mea
1084 3005 1196 3044 non
1239 2989 1555 3045 transibunt
1582 2989 1648 3043 ⁸⁷.
1689 3008 1707 3040 ›
1742 2987 1855 3058 Age
1894 2987 2080 3058 igitur,

2190 2992 2367 3046 πάντα
2399 2992 2640 3064 γένηται.
2690 2992 2750 3045 '0
2782 2991 3012 3063 οὐρανὸς
3046 2991 3198 3062 καὶὴ
3235 2991 3308 3061 γῆ
3350 2991 3780 3062 παρελεύσεται,

505 3082 748 3138 historia:
780 3082 1146 3138 crassitudine
1175 3082 1385 3148 relicta,
1421 3081 1788 3152 spiritualium
1823 3096 2081 3135 sensuum

2191 3085 2240 3136 οἱ
2269 3083 2325 3137 δὲ
2364 3082 2513 3153 λόγοι
2545 3099 2645 3153 μου
2682 3082 2745 3136 οὐ
2784 3083 2860 3154 μὴ
2893 3081 3221 3153 παρέλθωσι.
3255 3101 3274 3134 ι
3297 3083 3433 3153 Φέρε
3454 3082 3522 3152 δὴ
3553 3077 3657 3136 οὖν
3684 3084 3784 3152 τῆς

504 3173 869 3237 subtilitatem
933 3173 1395 3244 contemplemur.
1445 3173 1636 3244 lgitur,
1691 3173 1785 3242 qui
1835 3172 1949 3242 jam
1993 3171 2089 3228 Dei

504 3270 730 3332 aspectu
784 3271 947 3331 atque
1004 3262 1317 3333 cognitione
1375 3262 1583 3332 dignati
1641 3272 1789 3326 sunt,
1830 3260 2088 3331 splendo-

507 3366 738 3422 remque
792 3352 993 3409 divinae
1046 3365 1255 3410 naturae
1314 3354 1515 3409 mentis
1564 3354 1776 3416 oculis,
1829 3353 1981 3408 velut
2035 3352 2091 3407 in

506 3451 726 3506 monte,
787 3441 843 3496 id
885 3453 969 3499 est
1014 3444 1067 3497 in
1110 3460 1363 3514 suprema
1411 3445 1742 3515 sublimique
1795 3446 2090 3500 admodum

505 3532 853 3599 excellentia,
884 3545 1291 3604 conspexerunt
1337 3533 1483 3607 (nam
1533 3536 1623 3589 illa
1671 3537 1765 3592 Dei
1814 3537 1982 3607 gloria
2028 3552 2092 3592 ac

507 3634 705 3680 natura
761 3624 904 3680 ultra
955 3626 1139 3680 omnia
1182 3625 1335 3696 est),
1396 3624 1489 3694 qui
1538 3626 1776 3695 quodam
1823 3627 1987 3682 modo
2033 3643 2090 3682 se

510 3716 659 3785 ipsos
690 3714 909 3770 Christo
939 3730 1038 3783 per
1068 3714 1229 3769 ﬁdem
1266 3716 1656 3782 exhibucrunt,
1690 3728 1745 3772 et
1777 3718 1898 3786 ejus
1926 3718 2089 3771 verba

508 3804 827 3869 audierunt,
869 3814 1031 3874 atque
1073 3805 1446 3861 obedientiam
1495 3807 1725 3877 polliciti
1776 3818 1905 3864 sunt
1944 3807 2089 3879 (nam

512 3895 569 3950 id
609 3911 828 3965 quoque
868 3906 983 3952 tum
1016 3898 1147 3953 fecit
1192 3898 1379 3965 Israel,
1417 3915 1542 3954 cum
1581 3899 1719 3954 dixnt
1755 3917 1768 3953 :
1812 3919 1829 3949 ι
1873 3898 2087 3965 Omnia,

512 3998 855 4053 quaecunque
908 3983 1045 4040 dixit
1090 3985 1356 4044 Dominus
1401 3987 1546 4041 Deus
1608 3995 1755 4049 tuus,
1803 3983 2086 4051 iaciemus,

513 4087 567 4127 et.
616 4072 904 4130 audiemus
937 4076 982 4107 ⁸⁸
1033 4075 1109 4148 ›);
1146 4077 1181 4130 ii
1211 4075 1396 4131 divina
1443 4077 1534 4132 illa
1570 4076 1934 4147 providentia,
1970 4093 2090 4146 quae

501 4165 621 4235 jam
661 4164 976 4222 domesticis
1018 4167 1305 4233 convenit,
1355 4168 1735 4240 perfruentur;
1784 4184 1963 4237 neque
2008 4168 2091 4223 di-

516 4262 653 4313 vina:
691 4272 820 4328 erga
853 4275 911 4315 se
944 4275 1110 4326 curae,
1161 4269 1432 4331 quatenus
1482 4261 1590 4316 illis
1631 4260 1699 4315 ad
1750 4260 1980 4316 salutem
2019 4261 2090 4316 sit

2196 3173 2436 3247 ἱστορίας
2460 3175 2521 3228 τὸ
2545 3174 2715 3245 πάχος
2736 3163 3120 3243 ἀφέντες,’τῶν
3146 3170 3536 3244 πνευματικῶν
3560 3172 3785 3225 ἐινοιῶν

2191 3262 2289 3334 τὴν
2340 3263 2628 3334 ἰσχνότητα
2669 3262 3123 3335 καταθρήσωμεν.
3171 3265 3234 3316 Οἱ
3265 3263 3373 3334 γάρ
3406 3278 3489 3315 τοι
3521 3260 3785 3323 θεοπτίας

2196 3354 2295 3424 μὲν
2324 3353 2424 3424 ἤδη
2463 3355 2557 3408 καὶ
2600 3354 2929 3423 θεογνωσίας
2964 3353 3289 3424 ἠξιωμένοι,
3340 3354 3436 3407 xal.
3480 3353 3588 3422 τῆς
3635 3351 3789 3415 θείας

2194 3443 2408 3514 φύσεως
2437 3446 2536 3515 τὴν
2565 3445 2925 3517 λαμπρότητα
2971 3449 3083 3509 τοῖς
3123 3445 3224 3513 τῆς
3244 3444 3496 3519 ,διανοίας
3541 3444 3785 3516 ὄμμασι.

2194 3537 2447 3609 καθάπερ
2478 3539 2536 3590 ἐν
2564 3536 2701 3608 ὄρει,
2728 3536 3067 3607 τεθεαμένοι,
3091 3536 3387 3600 τουτέστιν,
3407 3539 3467 3591 ἐν
3498 3536 3788 3607 ὑπερτάτη

2193 3626 2287 3677 καί
2323 3625 2670 3695 άνῳκισμένῃ
2700 3624 2819 3678 λίαν
2856 3627 3096 3695 ὑπεροχῇ
3134 3623 3359 3693 (παντὸς
3380 3623 3492 3695 γὰρ
3521 3624 3790 3681 ἐπέκεινα

2192 3714 2319 3781 δόξα
2350 3732 2407 3768 τε
2451 3714 2544 3769 καὶ
2574 3713 2734 3783 φύσις
2763 3714 2945 3786 Θεοῦ),
2988 3717 3036 3768 oi
3075 3716 3529 3786 παραστήσαντες
3557 3715 3789 3777 ἑαυτοὺς

2193 3808 2356 3863 οἱονεὶ
2388 3807 2474 3862 διὰ
2521 3807 2619 3876 τῆς
2658 3806 2892 3871 πίστεως
2940 3807 3017 3879 τῷ
3063 3807 3319 3881 Χριστῷ,
3368 3812 3466 3864 καὶ
3502 3811 3617 3865 τῶν
3658 3815 3788 3882 παρ’

2195 3900 2359 3957 αὐτοῦ
2397 3899 2679 3968 γεγονότες
2708 3900 2809 3954 οὐκ
2842 3901 3062 3971 ἀνήκοοι
3095 3904 3377 3973 ῥημάτων,
3417 3902 3790 3974 ὑποσχόμενοί

2197 4011 2256 4046 τε
2282 3993 2381 4061 τὴν
2430 3990 2675 4060 ὑπακοὴν
2711 3990 2891 4061 (τοῦτο
2920 3991 3030 4062 γάρ
3055 3992 3185 4062 ἔδρα
3234 3992 3327 4047 καὶ
3370 3993 3490 4047 τότε
3541 3992 3791 4063 λέγωνό

2206 4081 2422 4154 Ἰσραήλ
2441 4097 2454 4110 °
2487 4099 2505 4132 ι
2533 4082 2740 4143 Πάντα,
2759 4081 2857 4135 ὅσα
2876 4076 2997 4133 εἷπε
3018 4081 3218 4153 Κύριος
3232 4082 3404 4146 όΘεός
3420 4099 3537 4149 σου,
3559 4085 3791 4155 ποιήσο-

2194 4192 2292 4245 μεν
2324 4175 2419 4226 καὶ
2438 4173 2782 4244 ἀκουσόμεθα
2814 4193 2831 4226 ι
2864 4173 2884 4244 )
2933 4174 3029 4244 τῆς
3070 4174 3170 4245 ήδη
3203 4173 3441 4245 γνησίως
3462 4175 3792 4247 πρεπούσης

2193 4264 2401 4335 φειδοῦς
2454 4265 2853 4331 ἀπολαύσουσι,
2905 4267 3001 4320 καὶ
3044 4266 3327 4337 μεθέξουσι
3372 4268 3660 4339 φροντίδος
3689 4268 3801 4339 τῆς

514 4347 666 4414 satis,
693 4360 944 4419 expertes
967 4361 1159 4417 erunt;
1187 4351 1369 4422 ipsum
1387 4351 1535 4407 enim
1559 4351 1839 4407 habebunt
1868 4351 2082 4416 ducem,

2198 4357 2527 4431 ἀποχρώσης
2573 4359 2652 4421 εἰς
2681 4357 2961 4429 σωτηρίαν
2993 4358 3200 4421 αὐτοῖς·
3229 4358 3391 4411 αὑτὸν
3427 4358 3539 4429 γὰρ
3570 4358 3795 4424 ἕξουσιν

512 4450 570 4496 et
620 4452 1100 4513 propugnatorem,
1141 4460 1207 4498 ac
1243 4460 1659 4514 praecursorem,
1700 4443 1794 4513 qui
1841 4443 1952 4498 illis
1998 4458 2087 4497 rc-

513 4531 701 4602 quiem
733 4533 996 4602 exploret.
1048 4535 1264 4589 Primus
1310 4551 1546 4606 namque
1580 4536 1834 4593 Christus
1867 4544 2091 4605 propter

515 4638 618 4677 nos
648 4637 713 4677 ac
740 4638 841 4693 pro
876 4624 1038 4679 nobis
1071 4624 1284 4681 Satanae
1320 4626 1452 4681 olim
1489 4626 1685 4683 victori
1721 4644 1779 4682 se
1814 4625 2088 4697 opposuit,

514 4730 640 4769 cum
679 4715 948 4786 jejunavit
1004 4733 1067 4773 ac
1107 4727 1346 4773 tentatus
1387 4729 1470 4776 est
1518 4718 1574 4774 in
1618 4719 1857 4783 deserto,
1894 4726 1953 4772 ut
1993 4732 2092 4770 nos

517 4804 668 4860 illum
702 4807 929 4875 victum,
964 4819 1021 4865 et
1058 4810 1332 4880 abjectum
1372 4821 1429 4868 et
1474 4813 1576 4868 sub
1618 4813 1821 4868 nostris
1857 4810 2092 4881 pedibus

517 4907 852 4965 prostratum
890 4898 1161 4964 videntes,
1204 4903 1449 4971 requiem
1500 4902 1849 4957 haberemus.
1902 4901 2089 4969 Itaque

420 5022 423 5025 ς
456 5054 467 5061 ι
518 4986 682 5040 ctiam
716 4987 933 5043 dicebat
963 5007 975 5042 :
1016 5009 1033 5038 ι
1069 4990 1385 5046 Prcssuram
1420 4992 1693 5049 habebitis
1740 4992 1796 5046 in
1837 4991 2044 5045 mundo
2076 5008 2090 5043 :

526 5077 687 5147 158
730 5079 827 5134 sed
880 5080 1171 5147 conﬁdite,
1224 5100 1324 5155 ego
1377 5086 1486 5140 vici
1543 5084 1810 5139 mundum
1845 5081 1910 5135 ”.
1951 5102 1969 5133 ι
2028 5082 2097 5136 Ει

522 5165 718 5222 iterum
763 5187 776 5223 :
822 5188 840 5220 ι
893 5170 1035 5226 Ecce
1088 5172 1213 5229 dedi
1264 5176 1421 5230 vobis
1467 5182 1795 5245 potestatem
1849 5171 2094 5227 calcandi

522 5274 686 5330 super
734 5275 1017 5334 serpentes
1072 5276 1129 5323 et
1180 5269 1517 5339 scorpiones,
1553 5275 1610 5320 et
1662 5280 1827 5334 super
1875 5280 2093 5321 omnem

524 5362 847 5417 pOtestatem
880 5354 1087 5412 inimici
1119 5357 1156 5411 ί.
1197 5376 1215 5409 ι
1256 5358 1473 5411 Primus
1516 5365 1738 5425 propter
1779 5372 1879 5411 nos
1907 5366 1963 5411 et
1992 5373 2095 5428 pro

593 5550 635 5622 "f
664 5551 825 5605 Num.
858 5570 966 5616 xm,
1012 5555 1038 5607 i
1070 5569 1220 5622 seqq.

1334 5555 1380 5583 ⁹⁶
1408 5553 1577 5608 Exod.
1613 5571 1699 5620 xv,
1726 5553 1811 5610 ‘25.

532 5620 695 5680 x,19.
1004 5662 1033 5689 ,

1858 5555 1936 5623 ﬁ”
1965 5554 2153 5610 Matth.
2185 5570 2234 5619 γ,
2266 5554 2373 5609 18.‹
2424 5556 2469 5626 ξ”ί
2495 5552 2667 5610 Exod.
2703 5566 2843 5615 sxw,
2885 5549 2935 5602 5.

2197 4455 2458 4525 ἡγεμόνα,
2493 4451 2869 4522 προασπιστήν
2897 4466 2956 4505 τε
2989 4450 3081 4503 καὶ
3113 4448 3513 4519 προϐιϐἀζοντα
3545 4449 3685 4520 πρὸς
3730 4449 3799 4503 τὸ

2198 4542 2649 4613 κατασκέψασθαι
2691 4541 2873 4605 αὐτοῖς
2908 4541 3007 4612 τὴν
3039 4541 3376 4595 ἀνάπαυσιν.
3413 4539 3641 4611 Πρῶτος
3681 4540 3798 4612 γάρ

2197 4640 2226 4690 ό
2258 4637 2491 4708 Χριστὸς
2518 4635 2585 4687 δι’
2632 4635 2779 4705 ἡμᾶς
2812 4632 2909 4687 καὶ
2940 4632 3081 4703 ὑπὲρ
3109 4631 3271 4703 ἡμῶν
3298 4630 3490 4683 ἐαυτὸν
3520 4627 3799 4693 ἀντέταξε

2198 4726 2275 4797 τῷ
2300 4725 2465 4779 πάλαι
2493 4724 2776 4793 νικήσαντι
2807 4722 3036 4790 Σατανᾷ,
3066 4715 3433 4789 νενηστευκώς
3467 4733 3528 4769 τε
3554 4718 3653 4769 καὶ
3682 4732 3801 4768 πει-

2201 4816 2502 4890 ραζόμενος
2538 4817 2596 4868 ἐν
2623 4816 2689 4885 τῇ
2722 4813 2936 4884 ἐρήμῳ,
2971 4811 3037 4863 ἵν’
3061 4812 3221 4881 ἡμεῖς
3262 4808 3476 4879 ἔχωμεν
3516 4806 3619 4877 τὴν
3653 4807 3796 4863 ava—

2202 4923 2424 4971 παυσιν,
2457 4902 2845 4974 νενικημένον,
2883 4902 2977 4956 καὶ
3010 4900 3357 4962 πεπτωκότα,
3387 4898 3482 4952 καὶ
3518 4901 3631 4963 τοῖς
3663 4900 3799 4955 ἑαυα-

2198 4997 2306 5050 τῶν
2351 4995 2508 5049 ποσὶν
2529 4994 2953 5065 ὑπεστρωμένον
2987 4992 3224 5063 ὁρῶντες
3276 4989 3457 5044 αὐτόν.
3495 4989 3802 5060 Τοιγάρτοι

2199 5089 2292 5141 καὶ
2322 5087 2496 5155 ἔλεγεο
2556 5106 2573 5138 ι
2621 5085 2810 5155 Θ).ίψιν
2852 5084 3005 5157 ἔχετε
3037 5086 3095 5137 ἐν
3125 5081 3204 5152 τῷ
3231 5080 3441 5150 κόσμῳ,
3488 5079 3629 5133 ἀλλὰ
3660 5079 3801 5151 θαρ-

2204 5180 2381 5232 σεῖτε·
2440 5176 2551 5244 ἐγὼ
2602 5176 2860 5245 νενίκηκα
2913 5174 3003 5227 τὸν
3065 5172 3290 5242 κόσμον.
3329 5188 3348 5220 ι
3407 5171 3524 5223 Καὶ
3585 5170 3795 5224 πάλιν·

2209 5287 2226 5319 ι
2282 5267 2412 5321 Ἰδοὺ
2455 5266 2664 5319 δέδωκα
2710 5266 2837 5335 ὑμῖν
2879 5263 3126 5329 ἐξουσίαν
3158 5262 3346 5315 πατεῖν
3381 5259 3572 5314 ἐπάνω
3612 5261 3797 5327 ὄφεων

2198 5358 2290 5411 καὶ
2309 5356 2605 5428 σκορπίων,
2619 5358 2711 5411 καὶ
2725 5357 2814 5410 ἐπὶ
2832 5358 3007 5410 πᾶσαν
3024 5354 3123 5424 τὴν
3135 5353 3363 5421 δύναμιν
3373 5349 3468 5405 τοῦ
3499 5349 3758 5421 Ἐχθροῦ.
3774 5371 3791 5400 ι

3041 5548 3085 5579 ⁹⁹
3119 5547 3390 5609 Joan.xvt,
3429 5543 3517 5597 55.
3605 5548 3617 5576 ¹
3654 5546 3796 5603 Luc.
