3966 6298
156 331 248 389 585

833 317 918 373 DE
960 312 1401 373 ADORATIONE
1442 309 1508 365 IN
1563 302 1833 363 SPIRITU
1873 304 1961 359 ET
2002 304 2368 361 VERlTATE.
2410 304 2537 358 LIB.
2579 305 2642 359 γ.

3281 307 3385 366 588

162 448 354 517 Πρῶτος
400 441 507 514 γὰρ
563 409 632 494 δι’
676 438 829 511 ἡμᾶς
866 436 964 492 καὶ
1019 434 1157 506 ὑπὲρ
1188 431 1345 503 ἡμῶν
1382 427 1461 500 τῷ
1492 425 1703 494 Θανάτῳ

1813 420 1966 478 nobis
1997 437 2123 479 cum
2157 432 2333 478 morte
2366 435 2711 492 congressus,
2749 420 2895 478 illius
2936 424 3158 495 quidem
3205 426 3380 497 impe-

162 532 468 614 προσϐαλὼν,
509 530 772 585 κατέλυσε
817 526 915 601 μὲν
939 528 1001 582 τὸ
1048 526 1258 581 ἐκείνου
1312 523 1530 614 κράτος,
1569 534 1706 614 κατ-

160 607 395 697 εσκέψατο
440 621 496 676 δὲ
537 621 670 691 ἡμῖν
701 618 801 690 τὴν
848 617 1175 680 ἀνάπαυσιν,
1225 610 1580 671 ἀνακαινίσας
1625 607 1706 669 εἰς

158 712 454 788 ἀφθαρσίαν.
512 706 736 780 Πρῶτος
795 704 1043 776 εἰσῆλθεν
1085 705 1165 767 εἰς
1212 702 1306 756 τὸν
1352 697 1702 788 παράδεισον,

161 787 521 874 ἐκδυσωπήσας
549 799 649 871 μὲν
669 797 859 868 ὥσπερ
879 796 978 866 τὴν
1004 791 1383 866 στρεφομένην
1407 787 1702 862 ῥομφαίαν,

157 896 441 967 ἀποστήσας
466 892 524 946 δὲ
558 888 714 961 ἡμῶν
742 888 840 959 τὴν
866 886 1218 956 ὲξείργουσαν
1245 881 1538 953 ἁμαρτίαν.
1585 878 1707 931 Ἐκ-

156 991 311 1045 τέτικε
342 986 447 1056 γὰρ
477 983 637 1046 αὐτὸς
664 981 805 1053 ὑπὲρ
834 978 992 1050 ἡμῶν
1019 976 1089 1032 τὰ
1109 976 1470 1047 ὀφειλήματα,
1499 972 1594 1025 καὶ
1625 968 1703 1040 τῷ

160 1080 360 1153 μώλωπι
382 1074 552 1132 αὐτοῦ
574 1076 734 1146 ἡμεῖς
763 1071 1018 1141 ἰάθημεν,
1048 1068 1190 1124 κατὰ
1212 1067 1272 1121 τὸ
1296 1062 1703 1137 γεγραμμένον.

162 1172 353 1245 Πρῶτος
371 1168 479 1239 γάρ
510 1165 678 1235 ἁνέὁη
704 1163 841 1237 πρὸς
865 1162 958 1215 τὸν
983 1161 1201 1232 Πατέρα
1229 1158 1324 1212 καὶ
1348 1156 1500 1221 Θεὸν,
1528 1156 1707 1223 ἐγκαι-

156 1265 297 1331 νίζων
320 1264 451 1334 ἡμῖν
482 1261 582 1330 τὴν
607 1259 721 1313 ἄνω
752 1255 998 1327 πορείαν,
1039 1253 1134 1306 καὶ
1162 1247 1576 1322 προετοιμάξων
1605 1246 1705 1310 τὰς

153 1357 249 1412 ἄνω
302 1353 483 1425 μονάς.
533 1349 820 1418 Τοιγάρτοι
871 1346 967 1399 καὶ
1009 1343 1250 1412 ἐφασκευ
1297 1361 1315 1392 ι
1361 1339 1704 1425 Πορεύσομαι

153 1446 231 1501 καὶ
270 1423 539 1514 ἑτοιμάσω
583 1440 747 1494 τόπον
773 1438 922 1508 ὑμῖν.
956 1454 975 1487 ι
1022 1430 1466 1505 Προανετυπυῦτο
1515 1428 1578 1499 δὴ
1611 1423 1704 1481 οὖν

151 1537 215 1601 ὼς
242 1535 383 1604 έν-γε
418 1535 487 1605 τῇ
516 1530 733 1601 κιϐωτῷ
759 1527 995 1599 Χριστός
1017 1542 1032 1557 ο
1061 1521 1464 1579 κατεσκεύαστο
1501 1518 1609 1590 γὰρ
1638 1520 1703 1572 ἐκ

153 1628 302 1695 ξύλων
332 1628 590 1697 ἁσήπτων
619 1621 825 1690 εκείνη,
865 1620 961 1673 καὶ
988 1617 1080 1671 τὸν
1114 1617 1256 1684 θεῖον
1288 1616 1346 1667 ὲν
1371 1614 1537 1682 ἑαυτῇ
1569 1627 1700 1665 κατ-

151 1719 366 1784 επύκαζε
391 1718 573 1788 νόμον,
594 1718 652 1779 ὃς
677 1716 791 1767 ἐστι
816 1712 985 1781 Λόγος
1007 1708 1164 1763 Θεοῦ.
1189 1707 1345 1770 Ἰδοις
1368 1705 1411 1757 δ’
1439 1703 1505 1757 ἂν
1530 1700 1702 1767 τούτῳ

1807 513 1952 569 rium
1999 514 2268 579 dissolvit,
2301 513 2463 569 nobis
2505 527 2637 568 vero
2674 514 2923 582 requiem
2959 516 3218 585 providit,
3254 533 3383 573 cum

1806 607 1872 662 ad
1912 607 2377 663 immortalitatem
2426 621 2527 661 nos
2575 615 2914 661 renovasset.
2950 606 3166 662 Primus
3197 608 3253 662 in
3282 624 3381 678 pa-

1806 696 2050 754 radisum
2079 696 2346 762 introivit,
2377 712 2505 750 cum
2538 694 2709 750 veluti
2736 694 2985 749 cohibuit
3017 694 3163 749 illam
3193 711 3384 751 versa-

1806 788 1959 844 tilem
2006 787 2361 858 romphzeam,
2415 795 2811 857 peccatumque
2880 801 2912 839 a
2955 784 3116 840 nobis
3159 787 3382 852 avertit,

1806 878 1954 949 quod
1992 894 2093 934 nos
2130 878 2200 933 ab
2242 879 2492 949 ingressu
2541 876 2873 949 prohibebat
2904 894 2917 929 :
2956 876 3190 932 exsolvit
3233 876 3383 932 enim

1807 970 1923 1040 ipse
1954 984 2051 1039 pro
2109 968 2271 1024 nobis
2317 968 2501 1024 debita
2534 1008 2548 1034 ,
2580 978 2637 1025 et
2690 967 2863 1023 livore
2904 968 3025 1038 ejus
3072 965 3246 1021 sanati
3286 979 3383 1020 su-

1805 1073 1929 1113 mus
1952 1059 1996 1121 ’,
2027 1057 2171 1111 sicut
2206 1057 2472 1126 scriptum
2500 1067 2603 1113 est.
2643 1057 2863 1112 Primus
2899 1056 3146 1112 ascendit
3176 1056 3243 1110 ad
3276 1055 3383 1111 Pa-

1807 1158 1946 1203 trem
1983 1156 2038 1203 et
2071 1147 2266 1212 Deum,
2294 1162 2419 1202 cum
2451 1162 2713 1218 superum
2751 1145 2904 1200 illum
2940 1146 3248 1217 ingressum
3278 1159 3383 1200 no-

1805 1238 1892 1293 bis
1919 1237 2176 1303 initiavit,
2209 1247 2265 1293 et
2297 1253 2563 1308 supernas
2602 1237 2724 1294 illas
2760 1237 3074 1292 mansiones
3108 1253 3382 1308 praepara-

1805 1332 1903 1390 vit.
1931 1333 2119 1403 ltaque
2154 1333 2322 1387 etiam
2360 1330 2579 1386 dicebat
2610 1348 2622 1382 :
2666 1349 2684 1380 ι
2719 1330 2944 1394 Vadam,
2977 1339 3033 1384 et
3063 1330 3384 1400 praeparabo

1803 1425 1983 1480 locum
2007 1423 2165 1478 vobis
2186 1423 2224 1477 ³.
2262 1442 2279 1475 ν
2313 1421 2773 1493 Prteﬁgurabatur
2796 1421 2963 1491 igitur
2989 1419 3045 1474 in
3073 1435 3201 1474 arca
3224 1418 3386 1476 Chri-

1804 1526 1922 1572 stus
1954 1533 1967 1570 :
1998 1524 2271 1570 exstructa
2302 1516 2449 1568 enim
2480 1523 2600 1569 erat
2634 1513 2727 1567 illa
2766 1528 2834 1566 ex
2872 1512 3034 1583 lignis
3066 1511 3382 1583 imputribi-

1804 1608 1967 1673 libus,
2004 1607 2351 1677 divinamque
2398 1608 2571 1678 legem
2630 1606 2687 1661 in
2742 1622 2800 1661 se
2850 1606 3085 1677 tegebat,
3127 1622 3248 1676 quae
3299 1615 3385 1661 est

1804 1698 2043 1753 Verbum
2087 1699 2205 1754 Dei.
2235 1699 2433 1754 Videre
2481 1708 2664 1754 autem
2714 1698 2843 1753 licet
2893 1697 3027 1751 illud
3070 1697 3127 1752 in
3163 1696 3386 1753 Christo

153 1810 466 1884 προσεοικὸς,
496 1809 558 1863 τὸ
593 1808 685 1861 ἐπὶ
713 1802 952 1878 Χριστοῦ
988 1802 1301 1875 μυστήριον.
1337 1797 1470 1859 Θεὸς
1494 1794 1604 1884 γάρ
1634 1788 1703 1862 ἦν

1813 1791 2147 1863 mysterium,
2182 1805 2309 1845 cum
2358 1790 2464 1846 hac
2502 1804 2721 1860 quoque
2764 1804 2824 1842 re
2865 1803 3189 1859 congruere.
3238 1788 3388 1843 Deus

150 1883 351 1973 65670:;
403 1905 462 1957 ὲν
494 1901 755 1973 ἀφθάρτῳ
784 1896 898 1966 ναῷ
922 1896 1019 1968 (1).
1053 1891 1263 1947 Οὐκοῦν
1290 1883 1644 1959 προε6ἀδιζεν
1666 1885 1701 1951 ἡ

151 1996 358 2060 κιϐωτὸς
380 1990 836 2062 κατασκεψομένη
865 1990 976 2050 τοῖς
1003 1984 1061 2051 ἐξ
1106 1980 1323 2053 Ἰσραὴλ
1341 1978 1439 2050 τὴν
1467 1976 1707 2030 ἀνάπαυ-

150 2105 237 2142 σιν.
279 2082 606 2157 Προδαδίζει
646 2083 704 2136 δὲ
737 2080 832 2134 καὶ
860 2076 1084 2150 ήμῶνλό
1115 2072 1348 2146 Χριστὸς
1399 2068 1539 2123 κατὰ
1580 2068 1706 2129 τοὺς

150 2177 325 2251 ἀρτίως
374 2178 511 2247 ἡμῖν
561 2171 880 2244 εἰρημένους
916 2168 1151 2239 τρόπους
1174 2179 1188 2194 ⁸
1229 2164 1326 2217 καὶ
1372 2160 1509 2230 πρός
1548 2176 1613 2251 γε
1641 2157 1706 2231 δὴ

150 2250 297 2339 τούτῳ
326 2266 429 2338 τὴν
487 2264 706 2335 μεσίτου
740 2261 931 2333 χρείαν
961 2255 1317 2328 ἀποπληρῶν,
1359 2250 1707 2323 παράκλητος

151 2360 332 2428 γίνεται
377 2357 517 2429 πρὸς
562 2355 653 2409 τὸν
698 2352 934 2424 Πατέρα,
976 2353 1068 2406 καὶ
1098 2348 1325 2419 ἰλασμὸς
1347 2347 1487 2417 ὑπὲρ
1521 2342 1705 2416 ἡμῶν,

153 2452 275 2508 καθᾶ
320 2452 414 2507 καὶ
462 2450 627 2504 πάλαι
653 2447 859 2517 Μωσῆς
886 2462 899 2476 ·
922 2445 988 2508 ὃς
1022 2445 1079 2496 ὲν
1110 2442 1208 2514 μὲν
1233 2439 1312 2511 τῷ
1342 2433 1707 2515 ὲξαίρειντὴν

154 2543 358 2598 κιϐωτὸν
404 2541 675 2612 ἔφασκεν⁸
731 2557 748 2588 ι
798 2532 1163 2605 Ἐξεγέρθητι,
1209 2530 1413 2606 Κύριε,
1447 2528 1708 2597 διασκορ-

154 2636 481 2707 πισθήτωσαν
537 2634 586 2685 οἰ
624 2629 807 2701 ἐχθροί
866 2644 980 2691 σου,
1035 2623 1355 2694 φυγέτωσαν
1408 2619 1608 2682 πάντες
1655 2617 1707 2671 οἰ

156 2727 417 2797 μισοῦντές
472 2741 534 2777 σε
565 2710 641 2774 ι’»
710 2725 767 2776 ὲν
808 2720 865 2774 δὲ
908 2717 988 2788 τῷ
1031 2712 1370 2771 καταπαύειν
1408 2727 1422 2741 ο
1469 2730 1489 2762 ι
1556 2708 1707 2762 Ἐπί-

122 2820 349 2888 ’στρεφε,
380 2814 578 2885 Κύριε,
612 2810 854 2883 χιλιάδας
887 2805 1149 2880 μυριάδας
1194 2804 1252 2856 ὲν
1292 2801 1368 2872 τῷ
1413 2798 1646 2872 Ἰσραήλ.
1683 2817 1702 2851 ι

156 2909 265 2961 Ὀτε
296 2907 401 2980 γὰρ
426 2907 723 2977 ἐγήγερται
756 2901 893 2972 πρὸς
921 2897 1242 2968 ἐπικουρίαν
1287 2893 1443 2965 ἡμῶν
1479 2894 1508 2945 ὁ
1536 2894 1710 2946 Μονοο

154 2999 294 3070 γενὴς
337 2999 429 3051 καὶ
487 2999 519 3050 ὁ
562 2995 729 3050 πάλαι
778 2992 953 3061 λέγων
998 2989 1086 3043 διὰ
1118 2991 1216 3059 τῆς
1263 2986 1355 3039 τοῦ
1403 2983 1709 3046 Ψάλλοντος

1805 1883 1951 1937 enim
1972 1882 2211 1938 Verbum
2237 1891 2355 1938 erat
2378 1881 2440 1937 in
2470 1881 2874 1951 incorruptibili
2900 1881 3124 1951 templo.
3153 1879 3387 1936 Prteibat

1807 1974 1973 2045 igitur
2006 1990 2131 2028 arca
2172 1974 2462 2043 provisura
2517 1973 2645 2028 ﬁliis
2691 1974 2859 2028 Israel
2910 1972 3193 2042 requiem;
3232 1972 3387 2041 praeit

1807 2065 1974 2119 etiam
2000 2080 2102 2120 nos
2128 2063 2401 2129 Christus,
2437 2064 2505 2118 iis
2536 2063 2712 2118 modis
2740 2078 2880 2133 quos
2911 2063 3075 2117 modo
3103 2062 3341 2118 diximus
3369 2079 3383 2115 :

1807 2171 1871 2211 ac
1900 2166 2187 2226 propterea
2217 2155 2533 2210 mediatoris
2569 2170 2770 2210 munus
2806 2154 3059 2224 implens,
3090 2153 3389 2209 advocatus

1810 2248 1868 2305 ﬁt
1897 2248 2040 2319 apud
2068 2248 2306 2312 Patrem,
2341 2263 2405 2302 ac
2440 2246 2756 2317 prepitiatio
2780 2262 2880 2315 pro
2902 2246 3062 2301 nobis
3089 2245 3143 2311 ‘;
3173 2229 3239 2300 ιιι
3255 2243 3387 2299 olim

1807 2356 2027 2411 quoque
2062 2339 2292 2411 Moyses,
2319 2340 2435 2410 qui,
2462 2339 2593 2393 dum
2630 2338 3075 2409 proﬁcisceretur
3111 2354 3261 2404 arca,
3300 2334 3388 2389 di-

1808 2431 1969 2487 cebat
2000 2450 2067 2484 :1
2112 2431 2376 2502 Exsurge,
2404 2431 2656 2495 Domine,
2684 2430 3023 2501 dissipentur
3050 2432 3257 2488 inimici
3283 2435 3386 2498 tui,

1808 2534 1865 2580 et
1907 2525 2116 2595 fugiant
2163 2540 2374 2587 omnes,
2420 2523 2515 2593 qui
2569 2521 2808 2577 oderunt
2852 2529 2904 2576 te
2929 2522 2969 2575 ⁸.
3004 2542 3021 2573 ι
3071 2522 3209 2577 Cum
3255 2539 3390 2579 vero

1809 2618 2178 2688 deponeretur
2208 2633 2220 2668 :
2258 2635 2276 2665 ι
2305 2614 2597 2679 Converte,
2640 2614 2889 2677 Domine,
2929 2613 3075 2668 mille
3115 2613 3388 2685 nuriadas

1810 2709 1866 2764 in
1892 2708 2057 2764 Israel
2082 2707 2123 2760 °.
2159 2725 2176 2756 ι
2207 2704 2344 2761 Cum
2382 2704 2531 2765 enim
2572 2703 2882 2757 exsurrexit
2906 2701 2972 2755 ad
2999 2717 3102 2756 nos
3126 2702 3390 2772 adjuvan-

1809 2801 1908 2856 dos
1940 2800 2031 2856 ille
2062 2797 2387 2869 Unigenitus
2437 2796 2533 2865 qui
2576 2794 2707 2849 olim
2748 2793 3037 2848 Psallentis
3071 2809 3206 2849 voce
3235 2793 3390 2850 dice-

1809 2893 1942 2950 bat:
1978 2912 1996 2943 ι
2028 2892 2256 2960 Pmpter
2278 2887 2557 2942 miseriam
2584 2886 2829 2955 inopum,
2854 2894 2911 2940 et
2945 2885 3209 2955 gemitum
3250 2900 3389 2955 pau-

1810 3001 2028 3057 perum,
2070 2998 2219 3038 nunc
2261 2994 2572 3050 exsurgam,
2623 2977 2758 3032 dicit
2798 2976 3062 3032 Dominus
3092 2977 3148 3043 ⁷;
3190 2995 3209 3027 ι
3259 2984 3392 3031 tunc

156 3068 339 3160 φωνῆς’
375 3110 392 3141 ι
442 3088 581 3142 Ἀπὸ
627 3086 726 3154 τῆς
761 3081 1135 3152 ταλαιπωρίας
1187 3077 1297 3133 τῶν
1342 3075 1572 3146 πτωχῶν
1617 3074 1710 3127 καὶ

1813 3078 2147 3134 ceciderunt
2173 3074 2379 3136 hostes,
2409 3085 2473 3126 ac
2515 3068 2793 3139 fugerunt,
2821 3069 2916 3139 qui
2958 3068 3392 3123 adversabantur

155 3180 232 3234 τού
256 3177 557 3251 στεναγμοῦ
588 3177 693 3232 τῶν
718 3176 967 3246 πενήτων
998 3172 1092 3225 νῦν
1136 3171 1532 3238 άναστήσομαι,
1560 3165 1707 3234 λέγει

154 3272 333 3346 Κύριος
352 3290 364 3301 ·
391 3294 409 3322 ι
439 3267 932 3325 τότεπεπτώκασιν
954 3267 1004 3320 οἰ
1030 3264 1234 3335 ἐχθροὶ,
1262 3266 1354 3316 καὶ
1374 3259 1710 3329 πεφεύγασιν

152 3364 195 3415 οἰ
231 3362 621 3433 ἀνθεστηκότες
663 3358 758 3413 καὶ.
807 3359 874 3428 τῇ
915 3355 1037 3427 θείᾳ
1073 3353 1197 3424 δόξῃ
1244 3354 1559 3423 μαχόμενοι.
1604 3351 1710 3404 Τε-

154 3454 465 3528 θριάμϐευκε
498 3454 615 3526 γὰρ
664 3454 722 3506 ἐν
765 3451 845 3522 τῷ
877 3447 1098 3520 σταυρῷ
1142 3446 1314 3519 ἀρχάς
1343 3461 1404 3498 τε
1436 3444 1530 3497 καὶ
1560 3442 1711 3509 ἐξου-

154 3547 284 3611 σίας·
331 3549 424 3602 καὶ
461 3548 821 3618 κατήργηκεν
863 3541 1152 3597 ἀποθανὼν
1203 3539 1293 3591 τὸν
1327 3537 1563 3607 ἄρχοντα
1612 3532 1708 3587 τοῦ

154 3637 324 3703 ιίὦνος
361 3638 583 3702 τούτου,
620 3636 762 3690 κατὰ
788 3633 852 3688 τὸ
886 3630 1305 3703 γεγραμμένον·
1352 3625 1713 3689 καταπαύσας

153 3729 199 3782 δὲ
219 3728 359 3784 ὥσπε
368 3749 417 3803 ρ,
448 3732 552 3786 καὶ
569 3731 648 3794 εἰς
666 3728 820 3791 τέλος
841 3723 1102 3794 ἐνεγκὼν,
1129 3721 1229 3793 τὴν
1260 3719 1385 3790 ὃλην
1405 3717 1713 3787 οἰκονομίαν

154 3818 228 3873 διὰ
253 3821 345 3892 τῆς
382 3822 740 3883 ἀναστάσεως
770 3820 871 3889 τῆς
910 3818 973 3869 ἐκ
1004 3813 1213 3885 νεκρῶν
1238 3812 1332 3865 καὶ
1359 3808 1582 3880 πορείας
1613 3807 1714 3876 τῆς

156 3911 224 3975 εἰς
247 3913 304 3966 τὸ
335 3914 445 3968 άνω
491 3912 635 3985 πρὸς
663 3911 752 3964 τὸν
782 3907 1037 3978 Πατέρα,
1068 3906 1250 3960 πᾶσαν
1280 3901 1580 3972 ἐπέστρεψε
1614 3900 1714 3971 τὴν

158 4001 263 4073 γῆν,
290 4006 381 4058 καὶ
416 4005 601 4077 χιλίας
626 4000 892 4074 μυριάδας
927 3998 1056 4062 τοὺς
1086 3995 1249 4059 ἰδίους
1277 3996 1511 4048 ἐποιεῖτο
1547 4008 1715 4062 προσ-

156 4096 433 4167 amcam
463 4096 641 4149 Ὅταν
671 4091 802 4163 γὰρ,
838 4090 1094 4160 ἔφασκεν,
1143 4084 1345 4156 ὑψωθῶ
1370 4086 1436 4138 ὲκ
1463 4084 1561 4154 τῆς
1587 4082 1713 4154 γῆς,

157 4185 342 4250 πάντας
367 4186 590 4261 ἑλκύσω
621 4186 757 4255 πρὸς
794 4180 1048 4255 ἐμαυτόν.
1102 4198 1122 4233 ι
1158 4176 1367 4233 Οὐκοῦν
1402 4177 1437 4247 ἡ
1473 4175 1717 4239 Μωσέως

156 4275 272 4347 εὐχὴ
309 4278 476 4341 τύπος
507 4277 581 4333 ἂν
612 4277 698 4346 εἴη
727 4275 824 4345 τῆς
864 4270 1137 4344 μεσιτείας
1176 4266 1434 4341 Χριστοῦ,
1466 4267 1608 4320 κατά
1653 4282 1718 4334 γε

157 4366 211 4418 τδ
240 4369 419 4441 σχῆμα
458 4371 522 4425 τὸ
576 4367 938 4440 ἀνθρώπινον,
989 4361 1286 4434 εὐχομένου
1338 4376 1400 4413 τε
1444 4360 1536 4412 κα)⁸
1567 4358 1717 4423 ὲξαι-

1808 3179 1865 3225 et
1899 3168 2164 3224 adversus
2206 3166 2305 3221 Dei
2348 3165 2578 3235 gloriam
2626 3160 2964 3233 pugnabant.
3008 3158 3393 3228 Triumphavit

1808 3263 1957 3317 enim
1985 3262 2040 3315 in
2071 3274 2234 3315 cruce
2271 3257 2613 3327 principatus
2638 3263 2696 3308 et
2729 3258 3027 3321 potestates
3049 3250 3111 3313 "',
3140 3263 3205 3302 ac
3241 3242 3391 3303 mor-
3508 3309 3515 3315 _

1812 3360 1940 3406 tuus
1980 3347 2251 3404 destruxit
2281 3344 2586 3416 principem
2630 3340 2816 3395 saeculi
2850 3338 3035 3408 hujus,
3070 3335 3212 3390 sicut
3251 3337 3389 3391 scri-

1811 3452 1966 3514 ptum
1990 3448 2075 3496 est
2104 3458 2117 3492 :
2145 3454 2229 3502 ac,
2257 3436 2434 3506 posita
2461 3430 2864 3503 quodammodo
2898 3438 2955 3485 et
2984 3428 3052 3483 ad
3077 3426 3241 3483 linem
3267 3443 3392 3498 per-

1812 3536 1976 3591 ducta
2038 3540 2152 3588 tota
2202 3526 2615 3598 dispensatione
2659 3538 2761 3593 per
2806 3520 3268 3601 resurrectionem
3326 3534 3394 3573 ex

1813 3622 2066 3688 mortuis,
2094 3629 2150 3676 et
2186 3632 2473 3674 ascensum
2500 3615 2555 3669 in
2583 3615 2781 3670 coelum
2809 3612 2875 3668 ad
2903 3612 3141 3674 Patrem,
3167 3610 3394 3664 univer-

1814 3730 1930 3770 sam
1957 3722 2158 3768 terram
2183 3707 2477 3771 convertit,
2502 3712 2560 3760 et
2584 3704 2733 3758 mille
2758 3701 3035 3774 myriadas
3060 3715 3191 3755 suos
3211 3698 3398 3755 eﬁ'ecit

1815 3806 2168 3862 adoratores:
2204 3801 2365 3857 «Cum
2379 3798 2579 3862 enim,»
2613 3795 2883 3858 dicebam
2911 3792 3180 3848 exaltatus
3195 3791 3398 3847 fueroa

1817 3904 1983 3961 terra,
2008 3909 2201 3950 omnes
2228 3891 2437 3947 traham
2465 3889 2536 3943 ad
2572 3903 2659 3943 me
2685 3886 2867 3957 ipsum
2889 3886 2931 3940 ⁸.
2968 3904 2986 3934 ›
3038 3882 3197 3953 159
3227 3882 3401 3954 Igitur

1819 3989 1909 4043 illa
1936 3987 2104 4058 Moysi
2131 3983 2310 4040 oratio
2351 3995 2463 4034 non
2497 3978 2737 4033 absurde
2772 3976 2944 4047 ﬁgura
2977 3973 3400 4029 interventionis

1816 4081 2022 4138 Christi
2062 4079 2250 4142 fuerit,
2292 4090 2417 4131 cum
2463 4089 2532 4129 ex
2574 4072 2816 4126 humano
2863 4067 3055 4122 habitu
3100 4065 3261 4120 nobis
3309 4080 3402 4118 res

1817 4172 2261 4246 praeclarissimas
2296 4183 2328 4222 a
2367 4167 2480 4220 Deo
2519 4172 2576 4218 et
2610 4162 2771 4217 Patre
2794 4166 2913 4214 orat
2940 4172 3006 4212 ac
3031 4155 3292 4225 postulat.
3328 4155 3400 4211 Ut

1818 4274 1968 4330 enim
2001 4271 2198 4325 beatus
2231 4264 2472 4320 Joannes
2510 4258 2589 4311 ait
2622 4275 2637 4310 :
2685 4275 2704 4307 ι
2743 4254 3084 4310 Advocatum
3132 4250 3401 4305 habemus

1821 4362 1967 4435 apud
1991 4360 2231 4419 Patrem,
2257 4353 2443 4408 Jesum
2469 4346 2752 4403 Christum
2792 4345 3003 4414 jusmm
3027 4358 3043 4408 ;
3082 4348 3141 4395 et
3176 4340 3291 4410 ipse
3314 4350 3403 4435 est

157 4429 357 4525 τοῦντος
373 4464 509 4534 ἡμῖν
550 4461 626 4515 τά
646 4429 905 4516 κάλλιστα
926 4429 1088 4527 παρά*
1097 4429 1192 4507 τοῦ
1213 4451 1348 4505 Θεοῦ
1370 4450 1465 4504 καί
1483 4449 1710 4520 Πατρός.

1824 4429 2144 4525 prepitiatio
2193 4458 2295 4515 pro
2346 4437 2587 4510 peccatis
2621 4435 2856 4501 nostris;
2890 4447 3002 4487 non
3048 4446 3149 4502 pro
3198 4429 3403 4494 nostris

167 4548 246 4614 Ὦς
269 4551 423 4622 γάρὸ
464 4552 757 4615 θεσπέσιος
798 4549 1051 4618 Ἰωάννης
1098 4544 1268 4615 φησί·
1310 4561 1329 4594 ι
1366 4540 1723 4613 Παράκλητον

159 4640 339 4714 ῑχομεν
386 4645 527 4718 πρὸς
574 4644 667 4698 ⁶τὸν
717 4641 938 4713 Πατέρα
979 4636 1188 4710 Ἰησοῦν
1214 4634 1450 4707 Χριστὸν
1492 4632 1720 4698 δίκαιον,

163 4735 244 4788 καὶ
268 4736 424 4802 αὐτὸς
452 4737 686 4808 ἱλασμός
709 4736 826 4789 ἐστι
846 4733 974 4804 περὶ
996 4731 1105 4785 τῶν
1128 4727 1412 4802 ἁμαρτιῶν
1445 4726 1626 4798 ἡμῶν,
1659 4725 1724 4780 οὐ

160 4829 275 4899 περὶ
320 4830 427 4886 τῶν
463 4829 754 4902 ἡμετέρων
789 4827 847 4881 δὲ
883 4825 1061 4897 μόνον,
1097 4823 1233 4875 ἀλλὰ
1276 4820 1371 4875 καὶ¹
1420 4820 1561 4890 ὑπὲρ
1599 4818 1722 4873 δλου

159 4918 243 4972 τοῦ
273 4922 499 4994 κόσμου.
540 4941 561 4974 ι
599 4921 708 4975 Καὶ
738 4918 961 4990 προσέτι
991 4915 1153 4971 πάλιν
1190 4914 1351 4970 αὐτὸν
1376 4912 1570 4982 ἔχομεν
1600 4927 1724 4964 σκε-

160 5015 376 5085 παστὴν,
404 5015 481 5078 ὡς
509 5017 571 5067 ὲν
611 5015 676 5084 τῇ
701 5010 900 5081 νεφέλῃ
927 5010 996 5079 τῇ
1031 5002 1474 5076 κατασκιαζούσῃ
1501 4999 1723 5072 νοούμε-

162 5118 259 5155 νον.
301 5104 576 5159 ’Δκουέτω
624 5103 732 5175 γὰρ
778 5103 808 5155 ὁ
847 5100 1027 5152 πίστει
1067 5098 1134 5168 τῇ
1166 5096 1247 5158 εἰς
1274 5094 1436 5147 αὑτὸν
1483 5090 1725 5145 δικαιού-

165 5210 340 5262 μενος.
395 5216 414 5248 ε
472 5195 721 5269 Ἡμέρας
771 5193 924 5263 ἥλιος
964 5190 1026 5243 οὗ
1075 5186 1375 5258 συγκαύσει
1423 5201 1505 5247 σε,
1538 5182 1658 5236 οὐδὲ
1691 5183 1725 5252 ἡ

163 5285 346 5359 σελήνη
383 5289 484 5359 τὴν
520 5286 716 5356 νύκτα.
756 5303 778 5337 ι
823 5276 1096 5338 Φάσκουσι
1129 5280 1186 5333 δὲ
1238 5276 1329 5332 καί
1379 5292 1525 5338 τινες
1571 5274 1629 5326 ὲν
1656 5275 1725 5346 τῇ

161 5382 258 5437 τῶν
284 5385 492 5455 μισθῶν
519 5384 772 5454 διανομῇ,
797 5380 937 5443 κατὰ
958 5378 1056 5449 τὴν
1091 5372 1452 5444 εὐαγγελικὴν
1481 5369 1724 5442 παραόο-

225 5539 243 5569 ²
270 5539 367 5595 isa.
403 5558 515 5601 un,

170 5622 229 5671 xz,
258 5612 336 5663 lii.
389 5612 413 5642 '
444 5600 607 5665 Juan.
642 5625 733 5670 xu,
758 5608 845 5659 52.
922 5608 961 5636 ⁸⁸
992 5604 1010 5657 l
1039 5603 1195 5659 Joan.
1224 5617 1281 5662 ιι,
1316 5600 1361 5652 l.
1437 5602 1457 5630 θ
1498 5600 1536 5652 Ρ

1822 4521 2008 4600 autem
2056 4545 2293 4600 tantum,
2339 4532 2437 4589 sed
2487 4529 2656 4585 etiam
2699 4541 2804 4598 pro
2844 4525 3012 4581 totius
3055 4521 3293 4579 mundi"
3320 4559 3335 4575 .
3376 4539 3395 4572 ι

1824 4638 2093 4694 Pratarea
2138 4631 2319 4700 ipsum
2374 4625 2643 4680 habemus
2687 4628 3079 4692 protectorem,
3108 4623 3172 4671 ut
3214 4613 3307 4684 qui
3345 4614 3405 4682 in

1823 4728 1972 4784 nube
2013 4721 2374 4779 adumbrante
2412 4713 2789 4784 intelligatur:
2823 4710 3012 4766 audiat
3039 4708 3187 4763 enim
3232 4705 3279 4761 is
3308 4704 3405 4775 qui

1828 4816 1934 4871 tide
1972 4826 2136 4884 quam
2178 4809 2233 4863 in
2270 4807 2423 4862 illum
2460 4802 2629 4858 habet
2654 4799 3028 4872 justiﬁcatur:
3079 4814 3097 4847 ι
3124 4795 3228 4849 Per
3259 4792 3407 4848 diem

1828 4909 1909 4964 sol
1946 4921 2057 4961 non
2103 4910 2230 4957 uret
2265 4909 2338 4963 te,
2381 4910 2560 4966 neque
2598 4894 2730 4948 luna
2775 4905 2874 4961 per
2912 4896 3128 4943 noctem
3156 4885 3197 4939 ⁹.
3237 4904 3256 4937 ι
3310 4884 3407 4940 Di-

1830 5007 1963 5057 cunt
2008 4996 2175 5052 etiam
2207 4991 2431 5064 quidam
2475 4988 2533 5041 in
2569 4985 2662 5040 illa
2696 4980 2997 5039 secundum
3039 4976 3410 5048 evangelieam

1831 5090 2149 5163 parobolam
2185 5082 2578 5143 distributione
2620 5071 2913 5136 mercedis,
2963 5088 2981 5121 ι
3013 5068 3126 5124 Nos
3164 5067 3409 5163 portavit

1835 5156 1959 5239 inus
1992 5179 2210 5253 pondus
2246 5175 2357 5231 diei
2382 5181 2440 5228 et
2465 5177 2660 5225 uastum
2692 5166 2774 5217 "’z
2808 5181 2827 5214 ›
2863 5160 3271 5253 vehementem,
3301 5156 3410 5210 nisi

1832 5246 2014 5337 fallor,
2038 5279 2095 5326 et
2121 5282 2300 5324 acrem
2329 5262 2680 5318 eﬁ‘eratarum
2702 5253 3066 5323 voluptatum,
3091 5257 3188 5304 aut
3217 5246 3410 5301 fortas-

1837 5366 1913 5422 sis
1944 5364 2108 5420 etiam
2146 5356 2514 5415 tentationum
2548 5350 2659 5405 vim
2696 5346 2763 5402 ad
2794 5343 3088 5407 urendum,
3114 5347 3306 5395 aestum
3348 5348 3411 5388 ac

709 5539 728 5569 ³
761 5538 915 5592 Joan.
964 5550 1072 5593 xiv,
1106 5532 1159 5586 2.
1236 5532 1257 5561 ⁸
1296 5530 1314 5584 l
1347 5530 1504 5583 Joau.
1542 5542 1600 5585 ιι,
1638 5526 1690 5580 l.

709 5626 711 5639 γ
758 5608 825 5639 Ἰν)
922 5608 961 5636 8⁸
992 5604 1008 5639 Ι
1045 5603 1173 5639 Inqn
1224 5617 1258 5639 η
1316 5600 1330 5639 Ι
1437 5602 1457 5630 9
1499 5598 1633 5639 ΙῖςεὶΙν
1679 5612 1707 5639 l'.

1832 5523 1993 5577 Num.
2029 5534 2082 5577 x,
2126 5514 2215 5567 53.
2294 5511 2314 5541 °
2347 5508 2481 5562 ibid.
2514 5507 2601 5562 '56.
2681 5506 2700 5538 ⁷
2732 5503 2873 5559 Psal.
2911 5518 2984 5565 xt,
3017 5499 3068 5554 6.
3149 5491 3406 5548 7‘Coioss.

1828 5593 1882 5639 6-
1960 5590 2003 5619 ¹⁰
2034 5584 2223 5639 Matth.
2256 5597 2344 5639 xx,
2378 5579 2458 5631 l2.

1764 5610 1800 5645 ί.
1828 5593 1882 5645 6.
1960 5593 2003 5619 ¹⁰
2034 5593 2223 5640 Matth.
2256 5597 2344 5644 xx,
2378 5593 2458 5631 ιιι.

224 5749 295 5820 (i)
322 5748 459 5806 Cod.
490 5748 643 5812 ναι,
677 5745 816 5810 θεῖος
848 5743 955 5817 γὰρ
982 5738 1049 5814 ἦν
1089 5744 1115 5796 ό
1145 5741 1314 5809 Λόγος
1353 5740 1410 5793 ὲν
1444 5732 1720 5807 ἀφθαρσίᾳ
1762 5730 1856 5784 καὶ
1890 5728 2003 5798 ἰδίῳ
2032 5722 2167 5795 ναῷ.
