3966 6298
499 322 605 380 387

1527 312 1583 368 S.
1627 306 1902 367 CYlilLLl
1939 303 2409 359 ALEXANDBI'NI
2450 301 2768 357 ARCHIEP.

3657 295 3767 352 588

501 437 614 493 diei
642 431 857 503 pondus
881 429 1223 500 appellantes
1249 444 1262 481 :
1289 425 1506 496 adjutor
1530 423 1696 494 igitur
1723 430 1778 476 et
1805 425 2082 490 protector

2201 417 2302 486 ιήν²
2346 434 2364 466 ‹
2419 415 2610 484 Ἡμεῖς
2658 407 3035 479 ἐϐαστάσαμεν
3076 407 3138 460 τὸ
3166 403 3356 503 βάροςζ
3372 407 3475 478 τῆς
3527 409 3763 480 ἡμέρας,

501 528 560 582 in
603 525 838 580 salutem
881 522 1058 576 factus
1097 529 1182 574 est
1231 519 1394 572 nobis
1445 516 1715 572 Christus.
1760 511 2082 579 Quicunque

502 619 670 688 igitur
701 623 1058 686 posteaquam
1097 612 1194 666 Dei
1238 617 1462 680 aspectu
1496 605 1700 678 dignati
1733 612 1881 668 sunt,
1908 618 1972 657 ac
2002 601 2085 656 di-

499 711 658 765 vinas
682 707 1098 779 praedicationes
1123 703 1439 765 audierunt,
1466 709 1524 755 et
1554 715 1654 770 per
1685 695 2084 768 professionem

503 800 764 857 credendi
793 799 1013 860 factam,
1048 794 1219 848 veluti
1239 794 1349 863 jam
1378 791 1526 845 dicto
1563 805 1621 844 se
1652 785 1942 842 audientes
1967 783 2086 838 fore

502 891 756 964 polliciti,
789 888 987 944 deinde
1022 887 1078 940 in
1119 885 1277 954 pejus
1312 880 1631 938 commutati
1668 875 2087 948 reprobaverint

505 986 660 1040 illum
685 988 1027 1054 praeeuntem
1052 994 1116 1032 ac
1144 977 1362 1039 ducem,
1388 975 1688 1035 Christum,
1717 970 1962 1038 inquam,
1990 965 2086 1035 qui

503 1077 613 1131 illis
647 1073 892 1143 requiem
937 1069 1208 1141 providet,
1255 1068 1353 1138 qui
1397 1075 1459 1120 ut
1502 1066 1559 1118 in
1606 1061 1925 1118 mediatoris
1963 1075 2090 1129 per-

503 1183 636 1222 sona
669 1181 771 1235 pro
815 1163 924 1218 illis
964 1161 1283 1223 intervenit,
1311 1158 1406 1228 qui
1447 1166 1507 1210 ut
1534 1157 1586 1210 in
1612 1155 1785 1226 ﬁgura
1807 1151 1969 1207 nobis
1999 1151 2086 1204 in-

506 1259 768 1328 telligitur
794 1263 1099 1326 protector;
1137 1253 1174 1307 ii
1203 1249 1497 1321 aliquando
1527 1248 1743 1303 tandem
1763 1243 2083 1316 justissime,

505 1365 616 1403 sua:
650 1349 894 1417 ipsorum
931 1345 1177 1400 stultitia:
1216 1344 1427 1396 ratione
1465 1340 1715 1410 repetita,
1745 1335 2090 1405 savas‘igni-

505 1441 610 1494 bus
646 1453 837 1509 poenas
879 1437 1075 1492 luent:
1112 1436 1328 1504 hocque
1373 1433 1507 1488 illud
1552 1441 1657 1494 est,
1701 1431 1916 1500 Opinor,
1941 1426 2088 1496 quod

505 1531 621 1602 ipse
653 1544 872 1600 quoque
915 1526 1130 1597 sapiens
1153 1526 1238 1578 vir
1271 1524 1474 1580 Paulus
1502 1522 1640 1575 dixit
1668 1538 1681 1574 :
1717 1539 1734 1571 ι
1765 1517 2088 1574 Voluntarie

504 1625 652 1678 enim
701 1623 1059 1693 peccantibus
1110 1618 1272 1672 nobis
1322 1623 1446 1685 post
1499 1621 1781 1683 acceptam
1833 1609 2086 1665 notitiam

505 1714 774 1778 veritatis,
819 1693 948 1767 non
994 1710 1228 1778 amplius
1269 1723 1371 1777 pro
1434 1706 1675 1776 peccatis
1741 1702 2086 1770 relinquitur

2183 504 2278 556 καὶ
2330 501 2431 555 -τὸν
2485 500 2774 564 καύσωνα,
2837 518 2855 550 ι
2907 498 2967 553 τὸ
3029 498 3256 571 σφοδρὸν
3305 493 3460 569 οἶμαί
3517 515 3617 551 που
3670 499 3768 552 καὶ

2180 595 2417 662 ἀκμαῖον
2450 594 2532 656 είς
2580 593 2847 665 πύρωσιν,
2885 590 2996 646 τῶν
3041 590 3102 655 ἐξ
3131 591 3441 646 ἀτιθάσσων
3480 591 3703 661 ἡδονῶν,
3727 591 3763 663 ἢ

2180 686 2324 756 τάχα
2368 703 2472 739 που
2517 684 2610 740 καὶ
2655 683 2979 755 πειρασμῶν
3014 683 3272 738 καύσωνά
3314 701 3374 737 τε
3424 684 3520 736 καὶ
3555 684 3768 756 ἡμέρας

2183 777 2540 848 ὀνομάζοντες
2579 777 2745 847 βάρος
2771 791 2784 805 ⁸
2829 775 3020 846 βοηθὸς
3051 769 3143 828 οὖν
3187 776 3294 846 ἄρα
3321 774 3416 828 καὶ
3455 773 3768 844 σκεπαστὴς

2184 870 2262 931 είς
2290 867 2562 938 σωτηρίαν
2583 867 2805 935 γέγονεν
2830 868 2962 936 ἡμῖν
2981 868 3008 920 ό
3031 868 3076 918 Χ
3086 865 3285 936 ριστός.
3312 867 3480 920 Ὅταν
3504 861 3596 918 οὖν
3622 880 3765 927 τινες

2183 958 2292 1013 τῶν
2319 958 2571 1022 θεοπτίας
2596 957 2938 1028 ἠξιωμένων,
2969 957 3063 1012 καὶ
3093 958 3251 1029 οἵπερ
3282 957 3347 1010 ἂν
3387 956 3628 1024 γένοιντο
3658 954 3768 1008 τῶν

2185 1049 2345 1103 θείων
2375 1049 2633 1120 αὐτήκοοι
2679 1049 3069 1119 κηρυγμάτων,
3113 1048 3203 1102 διά
3229 1065 3287 1099 τε
3315 1047 3416 1117 τῆς
3443 1048 3535 1101 ἐπὶ
3561 1047 3640 1116 τῷ
3673 1065 3767 1100 πι-

2187 1141 2397 1195 στεύειν
2417 1140 2704 1212 ὁμολογίας
2736 1141 2896 1194 οίονεί
2923 1158 3039 1204 πως
3071 1139 3170 1211 ἤδη
3210 1139 3678 1209 καθυποσχόμενοι
3707 1137 3768 1192 τὸ

2191 1232 2436 1302 εὑήκοον,
2468 1230 2704 1284 ἀθετῶσι
2742 1232 2862 1294 ταῖς
2887 1231 2966 1294 είς
2997 1231 3059 1283 τὸ
3101 1233 3282 1300 χεῖρον
3319 1228 3641 1298 μεταϐολαῖς
3677 1229 3768 1280 τὸν

2187 1318 2580 1392 προϐαδίζοντα
2626 1319 2720 1373 καὶ
2747 1318 3071 1390 ἡγούμενον,
3114 1321 3257 1390 φημὶ
3293 1319 3356 1390 δὴ
3389 1320 3644 1391 Χριστὸν,
3677 1320 3770 1374 τὸν

2187 1411 2698 1482 κατασκεπτόμενον
2731 1412 2916 1475 αὐτοῖς
2966 1411 3064 1482 τὴν
3097 1411 3425 1474 ἀνάπαυσιν,
3465 1412 3555 1464 τὸν
3587 1411 3664 1474 ὡς
3711 1412 3768 1463 ὲν

2191 1506 2408 1578 μεσίτου
2441 1504 2592 1570 τάξει
2622 1503 3012 1576 πρεσϐεύοντα,
3045 1504 3135 1557 τὸν
3171 1504 3247 1568 ὡς
3269 1506 3328 1557 έν
3358 1504 3516 1574 τύπῳ
3536 1504 3770 1574 νεφέλης

2187 1603 2477 1672 νοούμενον
2508 1598 2846 1668 σκεπαστὴν,
2870 1597 2991 1651 τότε
3015 1596 3080 1667 δὴ
3106 1597 3223 1650 τότε
3250 1597 3345 1650 καὶ
3371 1597 3514 1668 μάλα
3544 1598 3768 1660 εἰκότως

2186 1694 2286 1765 τῆς
2331 1692 2481 1762 σφῶν
2522 1691 2698 1745 αὐτῶν
2740 1672 2992 1760 εὐηθείας
3038 1689 3494 1758 εἰσπραττόμενοι
3553 1687 3767 1757 λόγους,

508 1804 706 1868 hostia,
732 1775 827 1857 sed
853 1775 1117 1856 terribilis
1139 1775 1387 1868 quaedam
1413 1775 1748 1864 exspectatio
1788 1791 2002 1864 judicii,
2037 1798 2092 1846 et

2201 1787 2290 1856 τὴν
2316 1785 2405 1838 διὰ
2435 1783 2604 1855 πυρὸς
2644 1781 2844 1852 ἀγρίαν
2868 1779 3198 1850 ὑπομένουσι
3234 1779 3419 1848 δίκην·
3465 1775 3561 1830 καὶ
3589 1776 3768 1840 τοῦτο,

508 1895 650 1965 ignis
707 1893 1002 1956 aamulatio,
1051 1905 1172 1960 quae
1227 1894 1623 1956 eonsumptura
1681 1893 1768 1940 est
1824 1883 2085 1939 adversa-

510 1985 622 2039 rios
648 1985 711 2036 “.
748 2003 766 2034 ι

2191 1873 2367 1948 οἶμαι,
2424 1875 2573 1928 ἐστὶν
2629 1873 2658 1925 ὃ
2723 1872 2817 1926 καὶ
2861 1869 3020 1933 αὐτὸς
3063 1871 3092 1922 ὁ
3145 1868 3306 1939 σοφὸς
3355 1868 3460 1939 ἔφη
3523 1867 3764 1931 Παῦλος·

2200 1987 2220 2020 ι
2267 1964 2560 2028 Ἑκουσίως
2579 1962 2689 2034 γὰρ
2708 1960 3128 2033 ἁμαρτανόντων
3155 1959 3314 2031 ἡμῶν
3339 1959 3478 2030 μετά
3499 1958 3561 2012 τὸ
3586 1959 3770 2012 λαϐεῖν

505 2076 605 2144 τὴν
633 2076 924 2144 ἐπίγνωσιν
957 2075 1054 2144 τῆς
1082 2071 1360 2141 ἀληθείας,
1392 2071 1493 2125 οὐκ
1555 2069 1635 2124 ἔτι
1674 2070 1801 2140 περὶ
1839 2067 2126 2140 ἁμαρτιῶν
2164 2064 2522 2120 ἀπολείπεται
2594 2058 2776 2123 θυσία,
2811 2055 3018 2128 φοϐερά
3055 2056 3113 2109 δέ
3162 2073 3244 2119 τις
3280 2055 3472 2127 ἐκδοχὴ
3494 2056 3769 2126 ικρίσεως,

505 2169 599 2223 καὶ
646 2167 818 2238 πυρὸς
863 2166 1020 2237 ζῆλος
1075 2165 1272 2218 ἐσθίειν
1325 2164 1610 2234 μέλλοντος
1668 2163 1794 2225 τοὺς
1847 2160 2216 2222 ὑπεναντίους.
2257 2176 2276 2208 ι

575 2262 774 2316 PALL.
796 2260 985 2332 igitur,
1008 2260 1102 2329 qui
1124 2266 1291 2314 totam
1314 2243 1782 2327 dispensationem
1815 2272 1936 2311 eam
1969 2271 2093 2326 quae.

508 2355 563 2409 in
586 2353 803 2409 Christo
836 2352 1180 2420 intelligitur,
1212 2349 1423 2420 peccati
1455 2348 1614 2417 culpa
1653 2347 2090 2418 reprobaverint,

505 2462 629 2502 esca
655 2445 793 2516 ignis
819 2452 1000 2498 erunt.
1034 2443 1128 2496 [lla
1158 2456 1323 2511 porro
1348 2441 1732 2502 murmuratio,
1764 2446 1827 2491 ut
1851 2437 2090 2501 videtur,

507 2536 785 2606 apostasia
848 2532 1138 2603 signiﬁcat,
1169 2540 1226 2585 et
1255 2531 1399 2584 nolle
1425 2545 1520 2584 eos
1565 2530 1632 2583 ab
1671 2529 1765 2583 illo
1794 2528 2094 2599 profectam

509 2627 740 2680 salutem
770 2625 1007 2678 libenter
1032 2622 1309 2691 amplecti,
1340 2622 1592 2691 quamvis
1621 2621 1962 2691 gustaverint
1996 2619 2094 2674 Dei

509 2718 758 2787 gratiam,
785 2725 842 2769 et
865 2730 1050 2767 rerum
1073 2716 1185 2784 jam
1206 2714 1610 2784 prateritarum
1635 2715 2091 2785 experimentum,

511 2822 612 2877 pro
641 2805 796 2858 ﬁrmo
823 2804 1132 2858 futurarum
1165 2806 1394 2875 pignore
1432 2813 1670 2859 teneant.

581 2895 738 2950 CYR.
781 2895 858 2949 Ita
898 2895 1141 2964 inquam.
1183 2895 1352 2948 Alteri
1389 2911 1630 2964 quoque,
1674 2896 1876 2966 pusillo
1913 2895 2096 2950 animo

511 3003 638 3041 cum
663 2995 866 3052 essent,
890 2987 958 3041 ad
980 2987 1235 3041 eumdem
1267 2987 1490 3041 modum
1511 2988 2017 3056 conquerebantur,
2041 2993 2097 3042 et

512 3078 782 3151 ignaviter
823 3079 1088 3134 adversus
1139 3079 1314 3134 Deum
1354 3087 1409 3134 et
1448 3079 1668 3150 Moysen
1711 3080 2092 3144 susurrabant,

2265 2250 2473 2306 IIAAA.
2527 2248 2590 2302 Οἱ
2624 2247 2807 2300 πᾶσαν
2833 2239 2924 2298 οῦν
2949 2253 3048 2316 την
3075 2244 3382 2314 οἰκονομίαν
3415 2244 3514 2315 τὴν
3543 2243 3603 2296 ὲν
3642 2244 3773 2315 Χρι-

2195 2342 2305 2412 στῷ
2330 2341 2624 2411 νοουμένην
2646 2338 2704 2403 ἐξ
2732 2337 3003 2408 ἁμαρτίας
3036 2336 3386 2407 ἡθετηκότες,
3421 2337 3595 2407 πυρὸς
3623 2335 3773 2389 ἔσον-

2194 2453 2284 2490 ται
2328 2434 2522 2506 τροφή.
2555 2432 2714 2503 Δηλοῖ
2755 2430 2812 2482 δὲ
2855 2429 2886 2481 ὁ
2938 2429 3266 2499 γογγυσμὸς,
3327 2428 3405 2492 ὡς
3457 2427 3625 2492 ἔοικε,
3678 2427 3775 2498 τὴν

2194 2527 2496 2581 ἀπόστασιν
2520 2524 2613 2577 καὶ
2635 2523 2694 2576 τὺ
2717 2523 2792 2594 μὴ
2813 2520 2986 2574 θέλειν
3017 2519 3290 2573 ποιεῖσθαι
3311 2518 3506 2592 δεκτήν
3521 2518 3620 2591 τὴν
3645 2535 3719 2573 πα
3727 2519 3774 2588 ρ’

2196 2616 2363 2672 αὐτοῦ
2407 2615 2701 2687 σωτηρίαν,
2758 2613 2934 2668 καίτοι
2995 2611 3356 2682 γευσαμένοις
3393 2614 3492 2682 τῆς
3532 2611 3776 2682 χάριτος,

2197 2709 2289 2762 καὶ
2319 2708 2558 2776 ἀσφαλὲς
2587 2707 2696 2759 τῶν
2747 2705 3051 2775 μελλόντων
3091 2703 3368 2775 ἐνέχυρον,
3406 2702 3504 2774 τὴν
3544 2703 3640 2756 ἐπὶ
3665 2705 3778 2768 τοῖς

2194 2801 2294 2871 ἤδη
2331 2800 2719 2870 παρῳχηκόσιν
2750 2797 2966 2867 ἔχοντες
3002 2797 3216 2866 πεῖραν.

2269 2891 2433 2945 ΚΥΡ.
2456 2888 2614 2942 Οὕτω
2637 2887 2779 2957 φημί
2805 2903 2817 2914 ·
2849 2886 3352 2956 μικροψυχήσαντες
3376 2885 3436 2939 δὲ
3462 2885 3556 2939 καὶ
3576 2885 3779 2957 ἕτεροι,

2197 2982 2293 3054 τὴν
2346 2980 2516 3050 αὐτὴν
2561 2977 2841 3032 ἐποιοῦντο
2886 2976 3181 3046 καταϐοὴν,
3232 2978 3325 3030 καὶ
3363 2975 3783 3048 κατεψιθύριξον

2198 3073 2442 3145 ἀδρανῶς
2499 3069 2594 3124 τοῦ
2653 3069 2790 3123 Θεοῦ
2844 3069 2940 3124 καὶ
2997 3069 3258 3136 Μωσέως,
3317 3071 3480 3140 ἄρτον
3533 3070 3783 3124 διάκενον

515 3171 674 3242 160
694 3186 891 3241 panem
909 3186 1144 3225 vacuum
1165 3171 1507 3241 appellantes
1524 3187 1724 3225 manna
1743 3172 1876 3227 illud
1901 3188 1932 3227 e
1957 3173 2095 3228 coelo

2201 3164 2557 3236 ὀνομάζοντες
2585 3162 2646 3216 τὸ
2683 3163 2859 3233 μάννα
2885 3161 2947 3216 τὸ
2983 3161 3042 3226 ἐξ
3074 3157 3324 3233 ούρανοῦ.
3362 3161 3505 3214 Ἀλλ’
3537 3163 3644 3218 ὑπὸ
3671 3164 3784 3229 τῶν

511 3263 718 3318 datum.
765 3263 872 3318 Sed
899 3278 930 3316 a
957 3264 1306 3333 serpentibus
1333 3263 1620 3333 perierunt
1647 3281 1660 3316 :
1693 3263 1788 3334 qui
1828 3265 1976 3318 cnim
2007 3263 2095 3317 in-

510 3354 846 3426 gratitudine
872 3371 970 3409 sua
994 3355 1149 3409 illum
1173 3355 1419 3409 omnium
1444 3356 1730 3410 hominum
1760 3355 2096 3410 Salvatorem

511 3457 576 3496 ac
617 3441 1042 3513 Redemptorem
1077 3451 1461 3509 contemnunt,
1494 3461 1674 3515 neque
1709 3445 1822 3498 ullo
1864 3460 2100 3501 numero

513 3532 784 3588 libertatis
806 3535 1037 3604 gratiam
1065 3534 1293 3600 habent,
1325 3552 1390 3590 ac
1412 3545 1675 3606 praeterea
1701 3536 1978 3592 viviﬁcum
2013 3537 2099 3606 ip-

513 3625 628 3680 sius
667 3625 921 3688 verbum,
970 3633 1026 3678 et
1075 3625 1312 3694 Spiritus
1354 3627 1526 3679 sancti
1560 3626 1765 3680 donum
1805 3635 1867 3680 ut
1903 3627 2100 3681 inutile

512 3723 764 3784 carpunt,
791 3715 848 3768 in
888 3729 1106 3768 morsus
1148 3715 1363 3770 cruenti
1412 3717 1681 3785 serpentis
1706 3717 1967 3771 incident.
1995 3717 2100 3783 Qui

515 3819 647 3859 vero
677 3803 733 3855 in
761 3811 867 3856 tam
907 3817 1101 3872 graves
1124 3802 1314 3872 culpas
1351 3802 1489 3871 lapsi
1513 3818 1620 3856 non
1655 3811 1803 3867 sunt,
1828 3819 1936 3857 una
1974 3818 2100 3857 cum

515 3887 764 3956 nequitia
791 3887 1087 3942 imminens
1108 3904 1328 3958 quoque
1355 3889 1431 3943 illi
1460 3890 1790 3960 supplicium
1819 3906 1884 3945 ac
1913 3907 2101 3961 poenas

516 3979 800 4049 effugient,
828 3984 884 4032 et
912 3978 1098 4033 hostes
1135 3979 1473 4049 superabunt
1519 3997 1531 4032 :
1566 3999 1584 4030 ι
1633 3980 1810 4050 Super
1855 3981 2099 4051 aspidem

517 4072 720 4145 quippe
749 4087 812 4126 ac
839 4071 1157 4127 basiliscum
1193 4072 1571 4138 ambulabunt,
1607 4082 1663 4127 et
1702 4075 2104 4131 conculcabunt

515 4165 732 4219 leonem
771 4172 826 4220 et
859 4165 1155 4220 draconem
1195 4165 1257 4219 η.
1290 4185 1308 4215 ι
1345 4164 1678 4222 Conclusum
1712 4175 1797 4222 est
1838 4167 2024 4239 igitur,
2047 4175 2104 4223 et

516 4256 759 4326 ipsarum
790 4272 976 4312 rerum
1001 4267 1277 4328 gestarum
1313 4257 1628 4312 testimonio
1665 4260 1824 4315 nobis
1847 4276 2100 4331 compro-

519 4348 729 4414 batum,
755 4350 1124 4420 periculosum
1147 4365 1289 4414 esse,
1316 4350 1410 4421 qui
1429 4352 1537 4421 jam
1558 4353 1842 4407 exercitati
1870 4363 2018 4419 sunt,
2040 4369 2104 4408 ac

518 4441 838 4494 nonnullam
862 4455 1051 4516 curam
1092 4449 1256 4511 atque
1289 4457 1513 4511 Operam
1554 4442 1962 4513 impenderunt,
1991 4453 2052 4499 ut
2072 4461 2104 4500 e

519 4531 803 4585 laboribus
833 4532 1051 4587 laudem
1086 4541 1587 4602 consequerentur,
1629 4535 1724 4593 sed
1751 4539 1956 4592 versati
1988 4539 2101 4608 jam

519 4630 577 4677 et
602 4621 803 4676 assueti
829 4622 896 4676 ad
937 4623 1168 4677 sudores
1203 4638 1302 4693 pro
1329 4623 1535 4680 virtute
1567 4627 1966 4696 suscipiendos,
2006 4643 2103 4684 eos

521 4712 731 4769 desidia
763 4723 1003 4784 torpere,
1026 4723 1083 4770 et
1112 4715 1168 4769 in
1197 4715 1466 4786 ignaviam
1492 4733 1551 4773 se
1576 4718 1833 4790 dejicere.

589 4807 787 4862 PALL.
807 4807 1160 4874 Conclusum,
1181 4821 1238 4864 et
1258 4810 1478 4880 quidem
1497 4828 1642 4868 vere.

588 4898 746 4952 CYR.
792 4899 1158 4954 Asseverabat
1181 4917 1315 4956 vero
1355 4914 1543 4959 nostra
1574 4905 1769 4969 oratio,
1805 4921 1910 4960 non
1944 4906 2107 4963 modo

522 4990 636 5044 Deo
659 4989 910 5045 odiosum
932 5006 1071 5055 esse,
1096 5000 1152 5046 et
1179 5008 1353 5062 paenae
1376 4994 1672 5050 obnoxium
1701 4998 1930 5060 crimen,
1956 5013 2108 5051 mur-

522 5093 744 5132 murare
786 5089 977 5134 contra
1021 5081 1193 5137 Deum
1223 5092 1281 5138 et
1310 5085 1546 5154 dejicere
1579 5084 1855 5152 animum;
1887 5095 1949 5140 ut
1990 5089 2104 5158 ipsa

523 5169 944 5239 pusillanimitas
973 5175 1220 5243 quaedam
1244 5175 1315 5229 sit
1337 5175 1404 5228 de
1429 5175 1830 5232 conservatoris
1850 5177 2103 5249 benigni-

523 5270 634 5316 tate
664 5264 982 5333 conquestio
1020 5274 1184 5336 atque
1227 5265 1522 5328 accusatio,
1553 5266 1803 5334 quamvis
1829 5268 2013 5340 exigui
2048 5271 2105 5325 in

521 5350 704 5406 medio
726 5353 941 5410 labores
967 5355 1229 5410 exsistant
1254 5370 1266 5406 :
1295 5353 1392 5408 sed
1421 5354 1586 5410 etiam
1615 5369 1770 5424 atque
1810 5373 2104 5414 exsecran-

522 5441 652 5496 dum
692 5460 831 5520 esse,
872 5445 1244 5500 remissiorem
1283 5461 1346 5500 ac
1386 5445 1704 5502 solutiorem
1752 5449 1917 5504 vitam
1954 5466 2104 5520 quae-

523 5555 679 5606 rere;
708 5557 942 5610 cumque
990 5541 1061 5594 sit
1104 5539 1160 5593 in
1207 5550 1498 5610 promptu,
1540 5542 1742 5620 divinis
1781 5545 2107 5602 muneribus

597 5719 640 5748 ¹¹
674 5714 841 5769 llcbr.
874 5731 927 5782 x,
956 5715 1044 5781 26,
1077 5716 1164 5770 27.
1247 5720 1289 5749 ”
1319 5718 1462 5774 Psal.
1503 5735 1586 5788 xc,
1628 5721 1712 5774 l5.

2197 3257 2375 3326 ὄφεων
2401 3254 2736 3309 ἀπώλλυντο.
2774 3254 2838 3306 Οἱ
2867 3253 2974 3325 γὰρ
3011 3256 3134 3316 ταῖς
3163 3254 3510 3324 ἀχαριστίαις
3547 3253 3638 3308 τὸν
3671 3255 3784 3308 τῶν

2199 3349 2336 3402 ὅλων
2377 3348 2606 3418 Σωτῆρα
2633 3347 2726 3398 καὶ
2755 3345 3050 3417 Λυτρωτὴν
3076 3346 3454 3416 ἀτιμάζοντες,
3493 3347 3588 3401 καί
3613 3348 3672 3400 ὲν
3692 3347 3786 3400 ού-

2198 3441 2310 3494 δενὶ
2356 3439 2595 3504 τιθέντες
2644 3439 2788 3508 λόγῳ
2830 3439 2932 3508 τῆς
2969 3437 3285 3509 ἐλευθερίας
3314 3437 3409 3508 τὴν
3457 3440 3639 3510 χάριν,
3692 3443 3789 3494 καὶ

2200 3533 2338 3602 πρὸς
2369 3531 2580 3595 τούτοις
2604 3531 2685 3584 ἔτι
2720 3531 2810 3584 τὸν
2841 3530 3108 3596 ζωοποιδν
3137 3530 3301 3584 αὑτοῦ
3324 3531 3518 3599 Λόγον,
3553 3533 3652 3586 καὶ
3686 3532 3788 3604 τὴν

2199 3625 2289 3679 διὰ
2307 3624 2400 3678 τοῦ
2423 3624 2741 3694 Πνεύματος
2778 3623 2987 3695 δωρεὰν
3023 3623 3098 3688 ὡς
3122 3624 3394 3696 ἄχρηστον
3413 3624 3788 3696 διασύροντες,

2199 3717 2313 3779 τοῖς
2336 3715 2428 3768 τοῦ
2467 3715 2751 3785 μιαιφόνου
2784 3715 3076 3787 δράκοντος
3109 3714 3539 3785 περιπεσοῦνται
3567 3717 3788 3789 δήγμα-

2205 3823 2308 3860 σιν.
2349 3805 2486 3859 Ἀλλ’
2523 3807 2577 3860 οῖ
2618 3823 2683 3875 γε
2726 3808 2840 3870 τοῖς
2874 3806 3048 3869 οὕτως
3085 3806 3334 3870 ὲκτόποις
3378 3807 3478 3862 οὐκ
3505 3808 3790 3872 ὲναλόντες

2203 3898 2532 3968 πταίσμασι,
2592 3897 3066 3968 συνδιαφεύξονται
3103 3902 3169 3971 τῇ
3216 3899 3511 3972 φαυλότητι
3560 3901 3658 3954 καὶ¹
3689 3901 3789 3973 τὴν

2204 3991 2596 4062 ὲπηρτημένην
2633 3992 2768 4062 αὐτῇ
2803 3991 3022 4045 κόλασίν
3051 4009 3109 4045 τε
3138 3992 3233 4046 καὶ
3263 3993 3444 4064 δίκην,
3491 3994 3587 4047 καὶ
3622 3996 3789 4066 ἀμεί-

2205 4099 2328 4145 νους
2368 4082 2582 4136 ἔσονται
2617 4083 2728 4138 τῶν
2767 4083 2977 4155 ἐχθρῶν
3005 4103 3018 4116 ·
3053 4104 3074 4136 ι
3120 4086 3243 4138 Ἐπὶ
3291 4086 3494 4141 ἀσπίδα
3534 4087 3647 4159 γὰρ
3695 4089 3790 4143 καὶ

2206 4173 2514 4246 βασιλίσκον
2560 4175 2933 4246 ὲπιϐήσονται,
2973 4178 3066 4230 καὶ
3111 4181 3559 4251 καταπατήσουσι
3597 4181 3791 4237 λέοντα

2205 4265 2301 4319 καὶ
2336 4265 2626 4337 δράκοντα.
2671 4285 2690 4317 ι
2741 4269 2948 4340 Ἀραρε
2981 4269 3045 4339 δὴ
3076 4265 3192 4334 οῦν,
3234 4271 3329 4324 καὶ
3365 4269 3424 4337 ἐξ
3452 4273 3632 4326 αὐτῶν
3659 4275 3792 4346 ἡμῖν

2211 4359 2630 4430 μεμαρτύρηται
2653 4359 2761 4414 τῶν
2786 4362 3147 4432 πραγμάτων,
3180 4364 3448 4435 σφαλερὸν
3488 4365 3571 4417 ὅτι
3600 4366 3664 4418 τὸ
3695 4369 3792 4438 ῥᾳ-

2209 4448 2421 4519 θυμεῖν,
2447 4453 2542 4503 καὶ
2563 4450 2892 4505 ἀναπίπτειν
2923 4455 3002 4516 εἰς
3044 4454 3330 4525 ἀτολμίας,
3350 4456 3474 4519 τοὺς
3495 4457 3598 4527 ἤδη
3626 4474 3793 4528 γεγυ-

2213 4541 2572 4612 μνασμένους,
2598 4543 2694 4594 καὶ
2709 4544 2808 4597 οὐκ
2821 4545 3155 4615 ἀμελέτητον
3176 4546 3396 4617 ἔχοντας
3409 4547 3471 4600 τὸ
3495 4548 3585 4601 διά
3612 4549 3794 4602 πόνων

2207 4631 2536 4702 εὐδοκιμεῖν,
2567 4633 2816 4703 ὲντριϐὲς
2835 4634 2894 4688 δέ
2915 4653 3032 4700 πως
3059 4637 3157 4707 ἤδη
3185 4637 3279 4691 καὶ
3305 4636 3794 4710 κατημαξευμένον

2208 4720 2268 4774 τὸ
2299 4720 2476 4793 ίδροῦν
2501 4722 2638 4795 ὑπὲρ
2671 4724 2895 4795 ἀρετῆς.

2279 4813 2488 4867 ΠΑΛΛ.
2535 4815 2744 4887 Ἀραρέ
2772 4833 2837 4885 γε
2868 4819 2962 4872 καὶ
2991 4817 3139 4874 ἔστιν
3168 4821 3388 4892 ἀληθές.

2279 4906 2445 4962 ΚΥΡ.
2484 4906 2860 4963 Διεϐεϐαιοῦτο
2897 4910 2955 4963 δὲ
2985 4913 3120 4982 ἡμῖν
3147 4913 3178 4965 ὁ
3206 4913 3384 4982 λόγος,
3417 4915 3495 4978 ὡς
3533 4917 3597 4970 οὐ
3630 4919 3796 4988 μόνον

2207 4995 2324 5048 ἐστὶ
2363 4995 2615 5068 θεομισές
2664 5016 2724 5051 τε
2765 5001 2861 5054 καὶ
2903 5001 3009 5055 ὑπὸ
3046 5003 3204 5076 δίκην
3235 5007 3295 5059 τὺ
3323 5007 3617 5075 γογγύξειν
3649 5013 3796 5064 κατὰ

2211 5085 2348 5138 Θεοῦ
2374 5127 2389 5152 ,
2433 5089 2526 5141 καὶ
2569 5087 2762 5160 ὥσπερ
2793 5092 2916 5145 τινά
2949 5094 3290 5166 κατάῤῥησιν
3331 5097 3364 5167 ἢ
3389 5099 3668 5169 καταϐοὴν
3691 5101 3794 5172 τῆς

2208 5177 2299 5230 τοῦ
2333 5179 2595 5244 σώζοντος
2627 5182 2962 5255 ἡμερότητος
2986 5187 3259 5242 ποιεῖσθαι
3283 5187 3382 5258 τὴν
3412 5189 3793 5262 ὁλιγοψυχίαν,

2208 5269 2313 5323 κᾶν
2347 5272 2394 5324 εἰ
2418 5271 2640 5343 βραχεῖς
2667 5273 2757 5328 διὰ
2789 5276 2956 5345 μέσου
2989 5277 3264 5345 φαίνοιντο
3297 5280 3471 5347 πόνοι,
3514 5283 3796 5353 ἐπάρατον

2211 5362 2268 5414 δὲ
2301 5363 2453 5417 οὐδὲν
2498 5361 2662 5437 ἧττόν
2694 5367 2811 5421 ἐστι
2858 5368 2921 5422 τὸ
2959 5369 3204 5424 ἀνεῖσθαι
3241 5373 3439 5440 φιλεῖν,
3493 5375 3591 5429 καὶ
3617 5378 3798 5447 παρὸν

2208 5455 2392 5518 αὐτοῖς
2437 5460 2549 5519 τοῖς
2580 5457 2746 5521 θείοις
2774 5461 3107 5532 χαρίσμασιν
3133 5462 3470 5534 ἀδιαϐλήτως
3500 5466 3796 5539 ὲντρυφᾷν,

2215 5548 2308 5601 καὶ
2339 5551 2452 5612 τοῖς
2499 5548 2704 5605 ἄνωθέν
2748 5569 2805 5604 τε
2847 5554 2940 5609 καὶ
2961 5553 3046 5607 διὰ
3077 5554 3171 5608 τοῦ
3214 5555 3534 5628 Πνεύματος
3558 5559 3803 5637 ἀποτρέο
