3966 6298
206 320 310 381 389

900 329 988 383 DE
1026 325 1470 384 ADORATIONE
1501 325 1580 379 1N
1625 321 1894 378 SPIRITU
1936 323 2024 378 ET
2067 323 2439 379 VERITATE.
2482 325 2610 380 LIB.
2658 328 2720 381 ν.

3364 331 3468 386 590

208 435 403 505 φεσθαι
429 437 633 506 λόγοις,
679 440 773 494 ἐπὶ
819 440 1064 512 φθαρτάς
1084 440 1280 510 ἡδονὰς
1319 438 1413 492 καὶ
1446 437 1781 508 ἀκαθάρτους

1889 436 2009 491 sine
2035 436 2194 506 culpa
2217 435 2348 501 frui,
2377 447 2433 493 et
2459 439 2730 507 supernis,
2757 447 2812 492 et
2838 439 3043 510 Spiritu
3069 449 3259 496 sancto
3293 441 3493 514 inspi-,

209 523 567 594 φιλοσαρκίας
616 527 868 598 ἀχάλινον
935 528 1203 582 ποιεῖσθαι
1255 529 1354 598 τὴν
1404 526 1781 596 ἀποφοίτησιν.

213 615 407 688 Ὕϐρις
440 618 548 690 γὰρ
569 621 827 691 ἐναργῶς
871 623 950 686 εἰς
978 621 1045 675 τά
1075 623 1282 691 ἀμείνω
1311 623 1405 676 κα)⁵
1437 621 1696 687 σώζοντα,
1725 620 1787 674 τὸ

206 706 524 763 ἀνθελέσθαι
561 711 631 765 τὰ
674 713 907 784 πονηρὰ,
953 714 1050 768 καὶ
1080 713 1173 767 νοῦ
1235 714 1414 784 ψῆφος
1451 713 1786 782 ἀνοσιωτάτη

206 799 269 852 τὸ
314 799 424 854 τῶν
477 802 746 874 οὐρανίων
779 804 1046 876 προτάξαι
1080 805 1149 860 τά
1196 806 1574 878 γεωδέστερα,
1609 805 1785 858 καίτοι

207 889 469 960 πλείστην
508 893 594 960 ἐφ’
633 894 847 958 ἑαυτοῖς
888 893 1144 949 νοσοῦντα
1174 895 1274 966 τὴν
1309 895 1592 968 βδελυρίαν
1615 913 1626 929 ε
1692 896 1787 949 καὶ

206 979 382 1050 ὀρθῶς
429 984 524 1036 ἐπὶ
559 984 768 1049 τούτοις
807 988 1090 1058 μονονουχὶ
1137 989 1232 1042 καὶ
1275 987 1499 1060 δακρύει
1548 988 1722 1058 λέγων
1757 990 1786 1041 ό

206 1074 495 1144 προφήτης
536 1074 792 1140 Ἡσαΐας·
821 1096 839 1129 ι
871 1079 1024 1144 Οὐαὶ,
1059 1081 1108 1132 oi
1152 1078 1402 1148 λέγοντες
1445 1081 1506 1134 τὸ
1553 1081 1785 1152 πονηρὸν

204 1164 388 1232 καλὸν,
427 1166 522 1219 καὶ
545 1183 608 1220 το
639 1167 802 1222 καλὸν
841 1170 1109 1241 πονηρόν·
1152 1172 1202 1224 οι
1225 1171 1474 1239 λέγοντες
1503 1171 1566 1225 τὸ
1610 1172 1783 1241 γλυκὺ

204 1255 423 1326 πικρὸν,
455 1258 552 1310 καὶ
579 1259 639 1312 τὸ
667 1260 862 1331 πικρὸν
891 1261 1092 1330 γλυκύο
1144 1265 1194 1316 oi
1243 1263 1484 1328 τιθέντες
1515 1264 1576 1317 τὸ
1598 1265 1784 1327 σκότος

205 1345 342 1414 φῶς,
377 1349 469 1401 καὶ
495 1349 557 1404 τὸ
585 1351 700 1420 φῶς
741 1354 950 1416 σκότος.
993 1375 1012 1407 ι
1047 1355 1322 1420 Τοιούτοις
1351 1358 1541 1421 κακοῖς
1569 1356 1784 1410 ἐναλόν-

201 1452 303 1500 τας
354 1439 660 1510 πταίσμασι
705 1443 832 1506 τοὺς
885 1443 945 1509 ἐξ
1003 1447 1216 1519 Ἰσραὴλ
1257 1448 1583 1520 εὑρήσομεν.
1630 1449 1784 1503 Μετὰ

200 1528 314 1596 γάρ
336 1546 420 1582 τοι
447 1530 544 1602 τὴν
569 1533 662 1585 ἐπὶ⁵
690 1533 766 1605 τῷ
788 1536 1058 1605 γογγύσαι
1078 1538 1258 1609 δίκην,
1280 1541 1496 1608 γείτονα
1526 1542 1620 1594 καὶ
1643 1559 1784 1613 παρ-

197 1619 537 1693 εζευγμένην
598 1625 760 1688 εὐθὺς
814 1627 913 1697 τὴν
959 1630 1044 1697 ἐφ’
1095 1631 1266 1685 ἀπασι
1325 1633 1437 1694 τοῖς
1487 1632 1782 1702 αἰσχίστοις

195 1712 420 1767 ἐνόσουν
445 1715 755 1788 ἐπιθυμίαν.
783 1720 1180 1792 Περιπτύοντες
1205 1722 1313 1792 γὰρ
1335 1722 1524 1795 ῶσπερ
1545 1727 1614 1778 τά
1631 1723 1783 1795 παρὰ

1893 527 2027 582 ratis
2063 529 2410 583 sermonibus
2445 529 2679 584 enutriri
2699 570 2712 595 ,
2739 530 2806 583 ad
2844 531 3078 586 caducas
3102 534 3285 602 potius
3310 536 3468 590 volu-

1891 627 2090 689 ptates,
2115 628 2172 674 et
2196 620 2438 690 impuras
2461 620 2643 674 carnis
2663 620 2991 690 cupiditates
3015 623 3276 680 effrenate
3299 627 3427 681 ferri
3452 646 3466 681 :

1891 726 2017 764 nam
2045 726 2134 764 res
2160 711 2382 766 vitiosas
2418 711 2693 781 praeferre,
2721 711 3004 765 manifesta
3032 723 3114 767 est
3139 717 3469 783 optimarum

1891 817 1956 857 ac
1977 803 2302 857 salutarium
2346 803 2576 874 injuria;
2604 812 2796 873 estque
2830 803 2919 858 ille
2952 803 3119 857 animi
3143 805 3385 862 calculus
3413 809 3470 865 in

1891 895 2085 964 primis
2121 895 2384 962 nefarius.
2417 913 2525 966 quo
2557 904 2793 960 terrena,
2821 897 3072 966 quamvis
3094 898 3382 953 maximam
3411 901 3470 956 in

1891 999 1949 1039 se
1975 986 2373 1055 turpitudinem
2411 987 2746 1052 contineant,
2783 987 3097 1042 caelestibus
3121 999 3467 1058 anteponun-

1900 1086 2016 1141 tur;
2045 1093 2108 1131 ac
2131 1086 2281 1132 recte
2301 1078 2402 1133 hos
2421 1078 2818 1148 prepemodum
2842 1078 3096 1151 lacgymis
3116 1083 3470 1150 prosequitur

1889 1169 2156 1238 propheta
2195 1170 2362 1225 Isaias
2403 1186 2527 1225 cum
2552 1172 2685 1226 dicit
2714 1189 2726 1224 :
2761 1171 2901 1236 «Vae,
2932 1173 3027 1241 qui
3053 1172 3240 1228 dicitis
3265 1174 3470 1228 malum

1890 1258 2116 1325 bonum,
2135 1271 2191 1315 et
2213 1261 2419 1316 bonum
2438 1263 2675 1328 malum;
2701 1263 2795 1332 qui
2818 1262 3002 1317 dicitis
3020 1262 3177 1318 dulce
3197 1277 3467 1330 amarum,

1891 1360 1948 1405 et
1965 1368 2213 1407 amarum
2239 1354 2434 1420 dulce;
2461 1355 2553 1424 qui
2578 1353 2782 1424 ponitis
2803 1354 3060 1409 tenebras
3083 1354 3283 1419 lucem,
3307 1363 3365 1408 et
3386 1356 3470 1410 lu-

1889 1457 2007 1497 cem
2047 1443 2304 1498 tenebras
2333 1445 2396 1496 “.
2430 1463 2448 1495 ι
2477 1445 2799 1516 Hujusmodi
2829 1444 3089 1515 gravibus
3125 1445 3300 1514 culpis
3327 1445 3466 1499 irrc-

1891 1535 2018 1589 titos
2041 1535 2386 1591 inveniemus
2412 1535 2554 1590 ﬁlios
2587 1536 2776 1591 Israel.
2804 1537 3098 1606 Postquam
3119 1537 3266 1591 enim
3296 1537 3464 1592 dedc-

1889 1635 2021 1681 runt
2058 1643 2170 1682 suae
2209 1629 2667 1683 murmurationis
2704 1643 2915 1698 ptenas,
2948 1629 3130 1684 vicino
3168 1630 3371 1693 statim,
3411 1637 3468 1683 ct

1888 1719 2146 1789 adjuncto
2175 1721 2366 1776 morbo
2393 1721 2834 1792 turpissimarum
2866 1737 3048 1776 rerum
3069 1721 3464 1791 concupiscen-

192 1803 294 1856 τοῦ
327 1805 486 1875 Θεοῦ,
523 1810 616 1862 καὶ
649 1813 762 1874 τοῖς
811 1812 1099 1883 οὐρανόθεν
1131 1815 1356 1882 ἀγαθοῖς
1389 1817 1618 1879 ἀνοσίως
1661 1817 1781 1870 ἐπι-

1888 1807 1962 1860 tia
2001 1807 2408 1864 laboraverunt.
2455 1811 2588 1865 Nam
2611 1852 2624 1876 ,
2665 1827 2790 1865 cum
2829 1812 2925 1866 Dei
2967 1827 3193 1866 munera
3228 1811 3465 1881 quodam

193 1898 610 1966 στυγνάζοντες,
661 1901 1013 1974 παρώτρυνον
1069 1906 1383 1974 ἀναγκαίως
1427 1909 1513 1975 ἐφ’
1573 1908 1783 1971 ἑαυτοῖς

189 1987 287 2040 τὸν
320 1991 537 2060 κριτήν.
568 1991 884 2062 Γέγραπται
916 1994 1043 2064 γὰρ,
1080 1997 1161 2050 ὅτι
1200 2017 1218 2048 ι
1254 1997 1366 2050 Καὶ
1387 2000 1415 2051 ὁ
1443 1998 1731 2068 ἐπίμικτος
1756 2001 1784 2052 ὀ

189 2082 246 2133 ἐν
293 2081 508 2145 αὐτοῖς,
541 2083 889 2156 ἐπεθύμησεν
945 2086 1260 2158 ἐπιθυμίαν,
1312 2089 1407 2142 κού⁸
1459 2089 1783 2155 καθίσαντες

187 2169 415 2226 ἔκλαιον
441 2173 490 2224 oi
524 2174 628 2226 υἱοὶ
669 2175 906 2246 Ἰσραὴλ,
941 2177 1038 2229 καὶ
1072 2173 1248 2231 εἷπονο
1281 2179 1376 2244 Τίς
1403 2182 1550 2250 ἡμᾶς
1580 2181 1785 2253 ψωμιεῖ

189 2263 371 2334 κρέα;
430 2263 812 2338 Ἐμνήσθημεν
861 2269 988 2333 τοὺς
1039 2269 1246 2341 ἰχθύας,
1292 2271 1385 2337 οὓς
1415 2273 1678 2344 ήσθίομεν
1723 2274 1782 2328 ἐν

191 2358 463 2430 Αἰγύπτῳ
478 2358 708 2430 δωρεὰν,
733 2363 827 2415 καὶ
844 2362 971 2425 τούς
995 2365 1236 2428 σικύους,
1264 2367 1498 2428 καὶτοὺς
1515 2366 1779 2434 πέπονας,

189 2448 290 2501 καὶ
302 2448 372 2501 τὰ
395 2448 602 2518 πράσα,
640 2449 736 2502 καὶ
763 2451 835 2503 τὰ
856 2452 1142 2522 κρόμμυα,
1169 2453 1262 2506 καὶ
1281 2452 1350 2506 τὰ
1379 2452 1627 2524 σκόροδα.
1645 2455 1782 2508 Nuvl.

188 2537 244 2591 δὲ
277 2539 316 2608 ὴ
343 2538 492 2610 ψυχὴ
519 2540 674 2611 ήμῶν
696 2541 1018 2614 κατάξηρος.
1046 2543 1210 2597 Οὐδὲν
1231 2544 1370 2614 πλὴν
1393 2544 1474 2608 είς
1510 2543 1573 2596 τὸ
1601 2544 1780 2614 μάννα

187 2629 238 2681 oi
266 2629 544 2701 ὀφθαλμοὶ
565 2632 742 2703 ήμῶν.
775 2634 886 2688 Καὶ
918 2634 1138 2705 ἢκουσε,
1163 2636 1315 2707 φησὶ,
1342 2635 1550 2706 Μωσῆς
1571 2634 1781 2688 κλαιόν-

185 2739 308 2776 των
323 2723 502 2776 αὐτῶν
525 2723 664 2777 κατά
683 2726 743 2796 δή
753 2742 884 2793 μους
904 2726 1102 2792 αὐτῶν,
1124 2726 1355 2780 ἕκαστον
1378 2727 1470 2780 ἐπὶ
1486 2728 1582 2798 τῆς
1608 2725 1778 2797 θύρας

186 2813 400 2869 αὐτοῦ·
464 2818 558 2870 καὶ
631 2818 886 2891 ἐθυμώθη
947 2819 1086 2891 ὀργῇ
1143 2819 1346 2890 Κύριος
1403 2819 1632 2890 σφόδρα,
1683 2817 1778 2871 καὶ

189 2907 378 2960 ἔναντι
409 2909 581 2979 Μωσῆ
624 2905 692 2978 ἦν
735 2910 989 2982 πονηρόν.
1031 2930 1050 2961 ι
1089 2913 1159 2964 Ἢ
1191 2913 1291 2966 οὐκ
1325 2911 1474 2978 ἄξιον
1505 2907 1640 2964 εἶναι
1672 2910 1776 2980 φὴς

189 2998 369 3069 ὀργῆς
423 3017 480 3052 τε
528 3001 628 3071 τῆς
660 3001 829 3067 θείας,
864 3004 955 3056 καὶ
1008 3003 1406 3074 καταγνώσεως
1448 3003 1548 3074 τῆς
1598 3003 1672 3066 ὡς
1717 3001 1778 3066 ἐξ

192 3091 410 3162 ἀνδρῶν
437 3093 626 3160 ἁγίων,
652 3093 714 3146 τὸ
740 3095 874 3166 πρὸς
897 3094 1056 3149 τοῦτο
1081 3095 1400 3149 καθικέσθαι
1428 3093 1774 3166 μαλακισμοῦ

192 3184 288 3236 καὶ
320 3167 600 3254 λογισμῶν
643 3187 934 3258 ἀνανδρίας
971 3189 1096 3250 τοὺς
1127 3186 1226 3258 ήδη
1267 3187 1775 3258 γεγυμνασμένους,

191 3273 269 3337 ὡς
298 3274 529 3344 νοσῆσαι
564 3275 662 3344 μὲν
697 3275 952 3346 ἀκρατῶς
998 3276 1059 3328 τὺ
1092 3276 1404 3329 ὑπονοστεῖν
1449 3275 1653 3330 ἐθέλειν
1699 3279 1780 3339 είς

193 3364 465 3428 ἐκτύπους
490 3365 663 3429 οὕτως
697 3366 1059 3439 ἀκαθαρσίας,
1093 3368 1186 3420 καὶ
1215 3367 1620 3436 παραλελύσθαι
1653 3385 1781 3421 τοσ·

191 3453 354 3508 οὖτον
396 3457 476 3519 είς
511 3456 802 3528 ἀκρασίαν,
839 3457 914 3521 ώς
972 3456 1349 3528 μειρακιωδῶς
1392 3457 1777 3529 ὀλοφύρεσθαι,

189 3547 294 3618 τὴν
345 3549 598 3619 δριμεῖαν
655 3549 844 3622 ῶσπερ
894 3551 957 3604 οὐ
1008 3549 1272 3621 φέροντας
1327 3550 1428 3620 τῆς
1487 3549 1782 3621 ἐπιθυμίας

193 3641 507 3713 προσϐολήν
524 3659 539 3708 ;

265 3817 479 3870 ΠΑΛΛ.
520 3811 594 3870 Εὐ
633 3817 829 3886 λέγεις.

269 3909 437 3963 ΚΥΡ.
495 3908 773 3973 Ἀλύοντος
811 3910 867 3962 δὲ
917 3909 1011 3963 τοῦ
1051 3909 1326 3978 πανσόφου
1373 3908 1636 3974 Μωσέως,
1685 3907 1780 3961 καὶ⁸

193 3999 501 4070 δυσθυμίαν
533 4000 748 4070 ἔχοντος
774 4001 873 4070 τὴν
903 4001 996 4052 ἐπὶ
1026 4000 1160 4070 τῷδε
1183 3999 1382 4070 δεινὴν,
1412 3999 1505 4053 καὶ
1533 3999 1778 4067 ἀναφαν-

193 4091 283 4145 δὸν
334 4092 691 4161 κεκραγότος,
738 4091 813 4155 ὡς
846 4091 1039 4145 οὐχ’ἄν
1072 4109 1198 4144 ποτε
1246 4092 1405 4162 μόνος
1454 4090 1648 4162 ἰσχύσῃ
1697 4091 1778 4144 δι-

195 4189 442 4254 ενεγκεῖν
467 4186 559 4238 τὸν
589 4185 760 4248 οὕτως
783 4184 1020 4246 εὐκόλως
1049 4185 1128 4247 είς
1155 4182 1480 4255 παραφορὰν
1510 4182 1604 4235 καὶ
1645 4182 1779 4234 ἀπό-

196 4295 390 4333 στασιν
425 4279 570 4330 ἰόντα
611 4277 760 4340 λαὸν,
795 4275 1170 4346 συλλήπτορας
1204 4274 1302 4345 μέν
1325 4275 1421 4327 καὶ
1457 4274 1780 4344 ἐπαριογούς

193 4371 297 4441 τῆς
344 4371 437 4423 ἐπὶ
483 4368 618 4438 τῷδε
655 4368 934 4439 φροντίδος
973 4366 1171 4437 ἄνδρας
1210 4364 1448 4429 ἀνέδειξε
1491 4364 1644 4427 Θεὸς,
1688 4363 1778 4416 τὸν

1887 1898 2050 1953 modo
2089 1909 2432 1969 respuerent,
2459 1910 2623 1972 atque
2651 1904 2894 1958 coelestia
2917 1904 3060 1958 dona
3083 1921 3192 1958 non
3217 1903 3336 1958 sine
3361 1903 3466 1956 im-

1884 1989 2088 2059 pietate
2112 1990 2338 2044 moleste
2367 1990 2598 2055 fcrrcnt,
2629 1993 2943 2046 necessario
2967 1992 3257 2046 adversum
3293 2006 3350 2045 se
3372 1992 3465 2061 ju-

1885 2081 2062 2136 dicem
2108 2091 2545 2138 commoverunt.
2598 2085 2751 2153 161
2815 2083 3090 2153 Scriptum
3135 2091 3218 2138 est
3259 2084 3405 2137 enim
3446 2106 3462 2142 :

1893 2189 1910 2223 ι
1943 2171 2318 2238 Promiscuus,
2349 2175 2443 2242 qui
2485 2181 2606 2228 erat
2637 2174 2693 2227 in
2729 2174 2881 2242 ipsis,
2917 2171 3229 2242 concupivit
3261 2189 3466 2228 concu-

1884 2265 2229 2334 piscentiam,
2256 2273 2313 2319 et
2346 2264 2600 2320 sedentes
2629 2264 2835 2318 ﬂebant
2875 2264 2971 2318 tllii
3011 2264 3198 2329 lsrael,
3225 2272 3282 2320 et
3315 2265 3466 2320 dice-

1884 2355 2053 2410 bant:
2085 2355 2220 2422 Quis
2249 2371 2349 2410 nos
2389 2355 2595 2410 cibabit
2628 2355 2926 2412 carnibus?
2959 2356 3249 2411 Recordati
3277 2372 3468 2412 sumus

1881 2447 2136 2518 piscium,
2177 2463 2316 2517 quos
2360 2447 2782 2502 comedebamus
2813 2449 2868 2501 in
2911 2447 3140 2518 (Egypto
3181 2449 3366 2518 gratis,
3411 2457 3468 2503 et

1883 2555 2260 2603 cucumerum,
2285 2545 2340 2593 et
2370 2554 2665 2608 peponum,
2688 2547 2744 2592 et
2769 2555 3082 2608 porrorum,
3103 2549 3159 2595 et
3185 2556 3463 2610 ceparum,

1881 2638 1938 2686 et
1963 2631 2252 2696 alliorum;
2287 2643 2436 2684 nunc
2464 2645 2596 2684 vero
2627 2631 2809 2684 anima
2837 2639 3024 2685 nostra
3052 2631 3204 2684 arida
3231 2639 3346 2698 cst;
3377 2633 3465 2686 ni-

1881 2721 1960 2776 hil
1995 2722 2100 2777 nisi
2131 2723 2185 2776 in
2223 2737 2420 2776 manna
2449 2731 2578 2775 sunt
2601 2721 2746 2776 oculi
2783 2722 2977 2776 nostri.
3015 2723 3083 2776 Et
3119 2722 3347 2787 audivit,
3379 2726 3465 2776 in-

1882 2815 2021 2883 quit,
2053 2813 2263 2883 Moyses
2296 2812 2418 2867 illos
2457 2811 2650 2868 ﬂentes
2680 2829 2781 2883 per
2815 2814 3046 2883 populos
3079 2829 3226 2877 suos,
3262 2831 3464 2870 unum-

1881 2920 2154 2974 quemque
2190 2904 2246 2958 in
2271 2905 2439 2974 janua
2488 2920 2620 2968 sua;
2654 2912 2710 2959 et
2756 2906 2929 2960 iratus
2967 2915 3051 2959 cst
3091 2906 3171 2960 ira
3203 2907 3468 2961 Dominus

1879 2996 2058 3061 valde,
2095 3005 2150 3050 et
2179 3011 2360 3050 coram
2393 2996 2573 3066 Moyse
2604 2996 2780 3050 visum
2815 3003 2900 3049 est
2945 2998 3147 3050 malum
3197 2998 3258 3050 ".
3312 3017 3330 3049 ι
3383 2999 3466 3054 An

1882 3088 2165 3159 indignum
2203 3087 2282 3141 ira
2317 3087 2500 3142 divina
2524 3088 2757 3150 crimen,
2794 3096 2850 3142 et
2878 3097 3189 3142 sanctorum
3218 3088 3465 3143 virorum

1879 3179 2090 3250 judicio
2145 3179 2371 3233 minime
2411 3179 2784 3233 damnandum
2817 3189 3023 3248 ~putas,
3061 3178 3313 3232 homines
3353 3181 3464 3249 jam

1882 3271 2210 3326 exercitatos
2231 3270 2300 3323 ad
2336 3285 2454 3324 eam
2481 3270 2764 3324 mollitiem
2792 3278 2850 3324 et
2881 3270 3150 3340 ignaviam
3178 3270 3465 3339 cogitatio-

1882 3377 2016 3416 num
2061 3361 2403 3430 pervenisse,
2445 3371 2507 3414 ut
2545 3361 2830 3430 impotenti
2869 3361 3168 3430 cupiditate
3199 3362 3465 3417 redeundi

1883 3453 1952 3508 ad
2001 3461 2110 3507 tam
2158 3453 2425 3508 absurdas
2459 3453 2802 3522 impuritates
2853 3453 3194 3519 laborarent;
3231 3464 3289 3510 et
3319 3463 3467 3511 tanta

1883 3547 2307 3618 intemperantia
2345 3547 2596 3601 dissoluti
2633 3553 2836 3611 essent,
2881 3556 2943 3601 ut
2975 3547 3262 3616 pueriliter
3297 3548 3467 3602 deﬂe-

1884 3647 2008 3694 rent
2051 3639 2223 3694 veluti
2275 3654 2458 3694 acrem
2503 3637 2654 3692 illum
2697 3639 3157 3710 concupiscentiae
3203 3640 3466 3710 impetum

1882 3748 1991 3787 non
2022 3731 2298 3786 ferentes?

1952 3823 2150 3878 PALL.
2185 3823 2351 3878 Recte
2377 3823 2474 3879 ais.

1949 3915 2105 3971 CYR.
2134 3915 2270 3971 Cum
2304 3931 2436 3970 vero
2460 3916 2670 3988 Moyses
2710 3925 2988 3984 aestuaret,
3011 3926 3067 3974 ct
3092 3918 3195 3975 hac
3217 3919 3284 3975 de
3305 3935 3468 3978 causa

1881 4010 2122 4080 graviter
2169 4010 2366 4065 anxius
2412 4018 2586 4075 esset,
2634 4017 2797 4080 atque
2841 4019 3030 4080 aperte
3083 4012 3373 4076 clamaret,
3408 4027 3468 4065 se

1881 4118 2162 4172 nunquam
2191 4102 2454 4171 pepulum
2486 4102 2581 4171 qui
2611 4101 2748 4155 adeo
2785 4100 2944 4154 facile
2979 4100 3047 4154 ad
3072 4102 3385 4156 vecordiam
3413 4111 3469 4155 et

1881 4194 2175 4263 apostasim
2213 4200 2508 4262 spectaret,
2553 4192 2731 4245 solum
2775 4206 2938 4258 posse
2991 4192 3286 4253 sustinere,
3320 4191 3468 4244 viros

1877 4301 2109 4339 numero
2144 4284 2508 4353 septuaginta,
2543 4283 2662 4350 ejus
2692 4297 2836 4335 cura?
2869 4281 3048 4334 socios
3088 4289 3142 4333 et
3189 4281 3469 4351 adjutores

1881 4375 2045 4446 elegit
2073 4375 2238 4436 Deus,
2271 4389 2409 4442 quos
2450 4373 2614 4426 etiam
2644 4371 2819 4424 sancti
2871 4369 3107 4438 Spiritus
3143 4371 3287 4425 dono
3331 4371 3466 4424 insi-

195 4461 432 4536 ἀριθμὸν
479 4460 867 4530 ἐϐδομήκοντα,
904 4457 998 4521 οὒς
1040 4458 1135 4510 καὶ
1185 4459 1251 4528 τῇ
1309 4455 1402 4508 τοῦ
1462 4454 1779 4524 Πνεύματος

1888 4465 2104 4536 gniores
2145 4463 2329 4518 eﬂ‘ecit
2369 4460 2788 4532 (prophetarum
2825 4458 2972 4512 enim
3008 4458 3064 4511 in
3097 4459 3334 4527 castris).
3366 4458 3467 4512 At-

194 4554 340 4608 δόσει
362 4553 819 4622 διαφανεστέρους
846 4551 1032 4604 ἐτίθειο
1051 4553 1464 4622 προεφήτευσαν
1486 4547 1595 4618 γάρ
1625 4550 1682 4600 ἐν
1714 4549 1779 4618 τῇ

195 4645 543 4716 παρεμϐολῇ.
575 4645 718 4716 Πρὸς
747 4644 805 4697 δέ
834 4661 898 4713 γε
920 4643 1124 4698 Μωσέα
1153 4640 1320 4713 φησί’
1357 4659 1375 4692 ι
1406 4639 1517 4694 Καὶ
1546 4639 1626 4709 τῷ
1667 4639 1781 4711 λαῷ

195 4741 367 4810 ἐρεῖςο
414 4737 732 4805 Ἀγνίσασθε
759 4738 838 4799 είς
868 4735 1076 4806 αὐριον,
1107 4734 1202 4788 καί⁵
1234 4733 1470 4803 φάγεσθε
1506 4733 1665 4803 κρέα,
1700 4733 1783 4785 ὅτι

195 4830 504 4885 ἐκλαύσατε
558 4829 798 4883 ἐναντίον
851 4828 1082 4899 Κυρίου,
1143 4827 1422 4896 λέγοντες·
1485 4825 1582 4888 Τίς
1634 4827 1783 4896 ἡμᾶς

195 4924 406 4995 ψωμιεῖ
457 4922 629 4994 κρέα;
685 4923 767 4975 ὅτι
817 4921 979 4975 καλὸν
1021 4921 1154 4992 ἡμῖν
1201 4920 1350 4974 ἐστιν
1398 4921 1454 4972 ἐν
1489 4917 1781 4989 Αἰγύπτῳ·

197 5013 294 5066 καὶ
333 5010 497 5065 δώσει
543 5012 750 5082 Κύριος
801 5011 930 5081 ὑμῖν
980 5011 1175 5079 φαγεῖν
1229 5009 1388 5079 κρέα,
1423 5009 1518 5061 καὶ
1547 5007 1786 5078 φάγεσθε

199 5106 359 5175 κρέα.
416 5105 528 5174 Οὐχ
575 5103 791 5174 ἡμέραν
845 5101 974 5172 μίαν
1030 5099 1270 5170 φάγεσθε
1305 5099 1464 5169 κρέα,
1508 5099 1627 5152 οὐδὲ
1667 5099 1783 5164 δύο,

200 5199 320 5251 οὐδὲ
378 5196 541 5249 πέντε
589 5196 823 5266 ἡμέρας,
854 5194 974 5248 οὐδὲ
1016 5194 1151 5246 δέκα
1177 5193 1412 5263 ἡμέρας,
1457 5192 1576 5245 οὐδέ
1612 5195 1784 5246 εἴκοσι

201 5290 438 5360 ἡμέρας,
467 5288 571 5350 ἕως
609 5288 777 5358 μηνὸς
823 5285 1046 5356 ἡμερῶν
1078 5269 1340 5354 φάγεσθε,
1368 5284 1473 5348 ἕως
1499 5283 1565 5337 ἂν
1594 5284 1783 5357 ἐξέλθῃ

204 5383 270 5435 ἐκ
293 5383 403 5435 τῶν
434 5383 728 5452 μυκτήρων
758 5379 934 5450 ὐμῶν,
970 5379 1062 5433 καὶ
1090 5379 1239 5430 ἔσται
1273 5379 1400 5447 ὐμίν
1428 5379 1508 5440 είς
1535 5378 1786 5449 χολέραν,

203 5476 286 5526 ὅτι
314 5473 653 5542 ἠπειθήσατε
685 5472 894 5542 Κυρίῳ,
921 5473 979 5534 ὃς
1015 5473 1161 5524 ἐστιν
1188 5473 1245 5522 ἐν
1277 5471 1424 5537 ὐμῖν,
1461 5469 1554 5521 καὶ
1589 5470 1787 5522 ἐκλαύ-

206 5579 332 5615 σατε
361 5561 606 5615 ἐναντίον
636 5559 822 5629 αὐτοῦ,
855 5560 1104 5627 λέγοντες
1126 5576 1141 5591 ·
1183 5558 1340 5611 ἰνατί
1381 5559 1510 5629 ἡμῖν
1553 5558 1787 5624 ἐξελθεῖν

281 5747 322 5776 ¹³
353 5746 454 5800 lsa.
494 5760 544 5808 v,
589 5743 678 5796 9.0.
759 5743 800 5774 “
828 5741 988 5798 Num.
1028 5755 1099 5801 xl,
1131 5738 1161 5791 4
1196 5750 1346 5802 seqq.

1431 5735 1474 5766 ¹⁸
1507 5733 1642 5791 ibid.
1682 5723 1870 5790 18-90.

1888 4573 1996 4629 que
2018 4556 2323 4627 adMoysen
2346 4553 2455 4608 ait:
2488 4573 2504 4602 ι
2533 4553 2600 4606 Et
2630 4551 2832 4621 populo
2851 4550 3020 4605 dices:
3040 4550 3467 4606 Sanctiﬁcamini

1888 4648 1946 4702 in
1971 4647 2294 4711 crastinum,
2320 4651 2375 4700 et
2399 4643 2696 4698 comedetis
2715 4656 2928 4708 carnes,
2956 4643 3214 4710 quoniam
3242 4640 3468 4697 ﬂevistis

1889 4748 2014 4793 ante
2059 4737 2370 4798 Dominum,
2409 4734 2656 4789 dicentes
2685 4732 2852 4799 :Quis
2884 4747 2993 4786 non
3033 4731 3238 4786 cibabit
3285 4733 3469 4786 carni-

1889 4830 2027 4884 bus?
2069 4829 2196 4900 quia
2237 4828 2442 4882 bonum
2486 4825 2647 4880 nobis
2686 4834 2771 4879 est
2799 4825 2854 4878 in
2897 4823 3128 4895 Egypto
3169 4842 3180 4876 :
3233 4833 3288 4879 et
3315 4823 3470 4880 dabit

1891 4921 2156 4976 Dominus
2177 4920 2335 4974 vobis
2362 4934 2556 4974 carnes
2589 4917 2656 4971 ad
2687 4913 3106 4978 comedendum,
3136 4923 3192 4968 et
3216 4914 3471 4968 comede-

1895 5015 1965 5069 tis
1996 5028 2222 5079 carnes;
2268 5025 2378 5068 non
2419 5025 2530 5066 uno
2558 5009 2646 5063 die
2677 5005 2977 5062 comedetis
3025 5020 3252 5069 carnes,
3291 5019 3471 5074 neque

1892 5104 2128 5169 duobus,
2161 5109 2341 5173 neque
2373 5101 2615 5173 quinque
2659 5099 2874 5162 diebus,
2913 5113 3092 5166 neque
3123 5096 3313 5151 decem
3351 5095 3473 5150 die—

1891 5197 2014 5263 bus,
2057 5213 2235 5268 neque
2265 5194 2456 5267 viginti
2488 5194 2684 5249 diebus
2720 5209 2733 5244 :
2765 5205 2937 5260 usque
2966 5189 3034 5244 ad
3061 5204 3306 5244 mensem
3351 5187 3470 5241 die-

1895 5307 2019 5345 rum
2065 5289 2385 5352 comedetis,
2419 5288 2592 5342 donec
2619 5290 2776 5338 exeat
2802 5299 2868 5337 ex
2909 5281 3135 5336 naribus
3165 5278 3384 5339 vestris,
3415 5286 3470 5331 ct

1895 5383 1966 5436 sit
1992 5381 2148 5436 vobis
2169 5381 2225 5433 in
2245 5381 2520 5436 choleram
2552 5418 2566 5443 ,
2598 5374 2858 5445 quoniam
2890 5373 3120 5428 rebelles
3149 5368 3327 5423 fuistis
3358 5367 3473 5421 Deo

1895 5471 1990 5541 qui
2034 5481 2120 5526 est
2165 5471 2221 5525 in
2267 5470 2444 5533 vobis,
2477 5478 2534 5523 ct
2574 5466 2801 5522 ﬂevistis
2831 5480 3015 5520 coram
3057 5477 3144 5527 eo,
3189 5460 3469 5514 dicentes:

1895 5560 2035 5627 Quid
2066 5575 2202 5629 opus
2244 5569 2363 5616 erat
2393 5557 2554 5613 nobis
2585 5557 2731 5613 exire
2761 5573 2825 5611 ex
2855 5553 3086 5624 Egypto
3119 5548 3200 5602 "‘3
3230 5568 3246 5599 ι
3276 5547 3467 5603 Gravi—
