3966 6298
450 323 547 380 ὅθί

1479 314 1535 372 5.
1574 313 1850 371 CYRILLI
1889 310 2363 369 ALEXANDRINI
2406 312 2721 369 ARCHIEP.

3618 303 3729 360 392

456 450 540 497 ter
583 438 732 495 enim
781 438 991 494 ferebat
1045 436 1135 491 ille
1174 434 1514 504 Redemptor
1556 433 1813 487 lsraelem
1864 432 2036 502 ipsam

2158 432 2200 496 :5
2225 432 2528 500 Δίγύπτου;
2554 449 2572 482 ι
2598 429 2815 482 Ἐλύπει
2841 426 2950 498 γάρ
2975 425 3132 480 τοῦτο
3152 425 3272 479 λίαν
3295 424 3386 479 τὸν
3404 425 3724 496 Λυτρωτην,

455 549 674 604 quoque
705 533 1026 587 servitutem
1059 544 1171 584 non
1212 542 1429 603 curare,
1455 533 1512 582 et
1543 524 1762 597 Egypti
1800 525 2037 589 labores,

456 625 703 680 carnium
740 630 795 677 et
821 622 1030 676 olerum
1062 620 1299 690 pessime
1322 617 1589 672 alentium
1621 615 1918 681 desiderio,
1942 629 2043 684 pro

455 713 633 768 nihilo
670 712 895 767 ducere.
924 710 1096 766 Nobis
1123 709 1257 781 ipsis
1286 724 1505 781 quoque
1549 721 1924 778 saepenumero
1952 721 2042 760 ar-

457 805 667 866 dentes,
713 813 877 873 atque
921 817 1077 857 acres
1120 801 1432 871 voluptates
1464 798 1818 870 persuadent,
1866 797 2045 851 levem

457 897 652 960 putare
681 889 829 943 illam
860 889 963 944 sub
1005 888 1209 944 diaboli
1238 889 1523 944 dominatu
1565 887 1914 952 servitutem,
1942 899 2046 940 ne-

457 994 563 1052 que
602 979 1005 1051 refugiendum,
1053 997 1155 1053 pro
1199 981 1658 1053 corruptibilibus
1704 978 2047 1049 terrenisque

457 1074 858 1146 cupiditatibus
881 1072 1093 1142 peccati
1114 1073 1330 1143 jugum.
1364 1073 1522 1144 162
1551 1070 1658 1127 Sed
1685 1080 1801 1126 tum
1827 1084 2046 1140 quoque

457 1164 729 1221 concessit
759 1163 1017 1219 carnibus
1062 1163 1213 1217 vesci
1255 1178 1369 1217 non
1408 1178 1550 1227 uno,
1596 1176 1778 1231 neque
1819 1160 2043 1225 decem,

456 1252 555 1309 sed
583 1253 805 1324 triginta
838 1252 1066 1318 diebus;
1096 1268 1206 1323 quo
1245 1251 1586 1322 signiﬁcatur
1612 1251 1811 1306 divina:
1838 1251 1894 1305 in
1926 1249 2050 1304 illos

460 1344 559 1400 irae
597 1345 951 1400 diuturnitas.
1011 1344 1288 1400 Permittit
1324 1344 1491 1399 etiam
1521 1358 1672 1398 nunc
1714 1343 1784 1397 iis
1819 1341 1914 1413 qui
1961 1340 2048 1395 in-

460 1443 830 1506 temperanter
848 1434 916 1490 ad
938 1434 1245 1491 mundanas
1263 1436 1573 1506 voluptates
1589 1435 1946 1496 deﬂexerunt,
1966 1440 2045 1496 ut,

461 1525 507 1581 si
550 1525 708 1591 libet,
742 1526 1059 1581 carnalibus
1083 1526 1501 1597 cupiditatibus,
1529 1535 1587 1581 et
1608 1526 1834 1597 quidem
1874 1526 2048 1580 inter-

462 1617 593 1671 dum
640 1616 875 1687 longiori
923 1625 1169 1688 tempore
1215 1617 1499 1672 fruantur.
1527 1617 1620 1672 Sic
1660 1616 1808 1671 enim
1846 1616 2051 1671 dicitur

464 1706 755 1761 tradidisse
794 1707 1061 1777 quosdam
1102 1707 1160 1761 in
1195 1707 1493 1777 reprobum
1527 1723 1769 1772 sensum,
1805 1714 1865 1760 ut
1903 1707 2049 1761 face-

2120 524 2205 577 ,τὸ
2259 523 2355 576 καὶ
2405 521 2577 592 αὐτῆς
2608 520 2853 585 δουλείας
2897 519 3161 591 άλογῆσαι
3207 516 3299 572 τὸν
3352 514 3591 587 Ἰσραὴλ,
3631 515 3731 569 καὶ

2144 615 2396 685 ἡγεῖσθαι
2421 613 2552 684 παρ’
2580 612 2732 667 οὐδὲν
2757 610 2885 675 τοὺς
2918 613 2977 664 ἐν
3008 608 3270 680 Αἰγύπτῳ
3297 609 3516 671 πόνους.
3546 606 3749 678 κρεῶν.

2146 703 2241 757 καὶ
2277 702 2526 774 λαχάνων
2554 701 2717 755 ἓνεκα
2744 702 2853 755 τῶν
2880 697 3322 754 δυσωδεστάτων.
3352 699 3467 752 Καὶ
3489 698 3637 768 ἡμᾶς
3668 697 3729 749 δὲ

2145 793 2341 855 αὐτοὺς
2373 791 2577 864 θερμαὶ
2609 791 2704 844 καὶ
2749 790 2992 862 δριμεῖαι
3036 787 3297 852 πολλάκις
3341 785 3732 840 ἀναπείθουσιν

2146 885 2352 956 ἡδοναὶ,
2373 883 2472 956 τὴν
2498 883 2603 937 ὑπὸ
2624 882 2703 953 τῷ
2734 881 2966 953 διαϐόλῳ
2997 880 3240 934 δουλείαν
3271 878 3520 951 ἡγεῖσθαι
3555 895 3738 949 φορη-

2146 975 2266 1047 τὴν,
2307 976 2403 1030 καὶ
2450 973 2707 1047 φθαρτῶν
2749 973 2912 1027 ἕνεκα
2967 973 3063 1027 καὶ
3108 970 3490 1041 γεωδεστέρων
3535 970 3733 1023 ἐπιθυ-

2152 1067 2309 1137 μιῶν,
2341 1068 2454 1130 τοῖς
2482 1065 2582 1133 τῆς
2614 1065 2889 1136 ἁμαρτίας
2919 1061 3492 1132 ἐγκαταδεσμεύεσθαι
3516 1061 3725 1131 ζυγοῖς.

2161 1155 2301 1210 Ἀλλ’
2340 1154 2512 1209 ἐδίδου
2542 1155 2640 1210 καὶ
2664 1155 2788 1208 τότε
2817 1154 2878 1207 τὸ
2913 1154 3303 1225 σαρκοφαγεῖν,
3331 1153 3433 1207 οὐκ
3466 1153 3546 1216 είς
3573 1153 3727 1223 μίαν,

2149 1249 2273 1303 οὐδὲ
2306 1250 2385 1312 εἰς
2412 1247 2546 1301 δέκα
2584 1247 2767 1318 τυχὸν,
2800 1245 2917 1300 ἀλλ’
2958 1247 3040 1310 είς
3064 1245 3278 1317 ἡμέρας
3306 1244 3621 1318 τριάκοντα,
3659 1243 3730 1297 δι’

2149 1335 2209 1396 οὗ
2255 1339 2577 1412 σημαίνεται
2623 1340 2723 1409 τῆς
2774 1339 2860 1392 ἐπ’
2894 1338 3093 1401 αὐτοὺς
3123 1337 3353 1409 ὀργῆςὴ
3398 1338 3730 1408 παράτασις.

2165 1432 2378 1504 Ἐφίησι
2419 1430 2476 1484 δὲ
2511 1431 2606 1485 καὶ
2632 1430 2729 1485 νῦν
2759 1430 2874 1494 τοῖς
2908 1430 3153 1500 ἀσχέτως
3198 1429 3619 1482 άπονενευκόσιν
3649 1431 3733 1491 είς

2151 1517 2419 1588 κοσμικὰς
2459 1517 2671 1590 ἡδονὰς.
2711 1518 2771 1573 τὸ
2820 1519 2914 1572 καὶ
2948 1519 3256 1590 μετασχεῖν,
3292 1518 3342 1571 εί
3364 1516 3589 1581 ἕλοιντο,
3621 1517 3734 1572 τῶν

2154 1609 2452 1681 σαρκικῶν,
2482 1610 2576 1663 καὶ
2618 1611 2700 1673 είς
2726 1609 2953 1681 χρόνους
3001 1609 3115 1663 ἐσθ’
3144 1610 3235 1663 ὅτε
3263 1610 3528 1681 μακρούς.
3575 1607 3736 1663 Οὕτω

2152 1701 2261 1772 γάρ
2307 1701 2526 1770 λέγεται
2568 1701 2902 1775 παραδοῦναί
2940 1718 3093 1765 τινας
3144 1703 3227 1765 εἰς
3269 1701 3530 1773 ἀδόκιμον
3583 1700 3733 1763 νοῦν,

466 1804 620 1861 rent,
670 1812 793 1866 quae
837 1814 948 1851 non
982 1799 1318 1854 conveniunt
1362 1800 1423 1853 ".
1474 1798 1583 1853 Sed
1626 1799 1733 1853 illis
1760 1798 1919 1853 cibus
1959 1798 2050 1853 ille

2158 1796 2329 1847 ποιεῖν
2369 1792 2436 1847 τὰ
2469 1794 2545 1866 μὴ
2579 1793 2905 1866 καθήκοντα.
2953 1792 3091 1846 Ἀλλ’
3138 1793 3370 1857 ἐκείνοις
3400 1792 3623 1861 γέγονεν
3654 1795 3737 1855 εἰς

464 1901 662 1942 versus
686 1896 773 1943 est
797 1887 852 1942 in
877 1889 1155 1944 choleram
1186 1908 1199 1943 :
1224 1898 1282 1944 et
1304 1889 1372 1944 iis
1414 1890 1542 1944 item
1573 1890 1668 1961 qui
1702 1891 1940 1946 carnalia
1959 1891 2051 1944 di-

464 1975 660 2046 ligunt,
694 1983 751 2031 et
783 1993 982 2032 manna
1016 1979 1094 2033 illi
1136 1981 1432 2049 spirituali,
1478 1981 1584 2035 hoc
1617 1989 1721 2046 est,
1755 1982 1925 2037 verbo
1954 1983 2050 2037 Dei

466 2080 555 2120 res
575 2067 968 2137 corruptibiles
992 2077 1156 2139 atque
1189 2078 1436 2126 terrenas
1460 2072 1779 2142 praeferunt,
1808 2074 1865 2127 in
1899 2089 2052 2128 mor-

467 2154 538 2211 tis
578 2158 788 2211 exitum
832 2157 1050 2213 desinet
1091 2160 1184 2215 ille
1229 2170 1480 2225 conatus,
1513 2162 1728 2233 hocque
1771 2163 1906 2218 illud
1947 2172 2049 2228 est,

466 2245 664 2316 opinor
685 2264 731 2299 τι
756 2246 860 2312 Qui
880 2249 1114 2302 seminat
1136 2249 1191 2303 in
1212 2264 1456 2315 carnem,
1477 2250 1543 2305 de
1566 2267 1731 2306 carne
1749 2260 1918 2307 metet
1936 2267 2054 2307 cor-

469 2338 781 2407 ruptionem
817 2339 880 2391 ¹⁷.
914 2358 933 2389 ι
963 2339 1236 2396 Fortassis
1265 2350 1447 2396 autem
1478 2341 1547 2396 ab
1568 2343 1837 2412 ejusmodi
1861 2342 2054 2397 morbo

468 2425 560 2482 illa
606 2427 807 2482 levatio
847 2436 975 2482 est:
1015 2449 1033 2479 ‹
1086 2428 1295 2498 Spiritu
1337 2430 1647 2495 ambulate,
1679 2439 1736 2486 et
1779 2432 2055 2488 desideria

467 2519 654 2574 carnis
683 2534 796 2574 non
826 2519 1125 2589 perﬁcietis
1157 2539 1170 2573 :
1197 2536 1327 2575 caro
1354 2538 1591 2592 namque
1626 2524 1828 2579 militat
1856 2524 2054 2579 adver-

471 2624 566 2664 sus
585 2610 859 2680 spiritum,
884 2620 940 2663 et
961 2612 1189 2680 spiritus
1209 2612 1475 2668 adversus
1491 2630 1711 2671 carnem
1735 2635 1748 2670 :
1772 2617 1889 2673 haec
1907 2619 2055 2673 enim

472 2697 579 2753 sibi
614 2698 847 2754 invicem
883 2699 1327 2756 adversantur“.
1363 2723 1381 2752 ι
1409 2703 1546 2757 Nam
1585 2703 1630 2759 si
1650 2705 1952 2760 voluissent
1976 2708 2056 2762 ls-

473 2790 680 2844 raelitae
710 2798 906 2859 putare
948 2790 1017 2844 ad
1079 2793 1415 2863 voluptatem
1444 2795 1549 2849 sibi
1578 2795 1712 2850 satis
1748 2812 1868 2851 esse
1900 2800 2057 2868 'quod

473 2895 672 2934 manna
696 2881 1052 2946 tribueretur,
1079 2883 1227 2953 quod
1253 2892 1337 2940 est
1360 2887 1519 2956 panis
1545 2887 1862 2957 angelorum
1893 2888 2056 2945 intel~

473 2971 719 3043 ligibilis,
748 2980 805 3027 et
836 2971 1009 3044 ﬁgura
1032 2975 1341 3030 dulcedinis
1367 2978 1506 3048 ejus,
1528 2994 1649 3047 quae
1670 2996 1769 3049 per
1792 2979 2056 3050 Spiritum

474 3062 656 3129 datur,
690 3080 970 3135 nunquam
1015 3066 1371 3137 perfecissent
1400 3069 1901 3139 concupiscentiam
1933 3085 2057 3124 car-

474 3155 580 3221 nis,
604 3170 783 3224 neque
806 3157 1216 3225 corruptionem
1239 3171 1306 3212 ex
1333 3158 1425 3215 illa
1462 3159 1821 3214 messuissent
1856 3158 1917 3212 ι’.
1946 3159 2057 3214 Νο-

477 3245 686 3300 tissima
724 3259 857 3299 vero
888 3245 1113 3300 fuerunt
1156 3246 1302 3302 illius
1340 3248 1527 3319 populi
1552 3257 1907 3304 monumenta
1939 3268 1951 3303 :
1982 3249 2058 3305 ibi

474 3352 732 3407 namque,
763 3336 963 3407 inquit,
1000 3338 1337 3407 sepelierunt
1376 3342 1855 3411 concupiscentem
1881 3357 2059 3411 popu-

474 3426 611 3490 lum,
624 3426 781 3495 juxta
801 3425 935 3481 illud
962 3444 1007 3479 :c
1034 3426 1210 3481 Erunt
1232 3427 1289 3480 in
1308 3427 1576 3483 visionem
1592 3427 1743 3482 omni
1756 3428 1909 3483 carni
1930 3428 1973 3458 ²⁰
1993 3445 2007 3480 :
2032 3447 2050 3479 ι

474 3522 533 3569 et
571 3515 667 3584 qui
700 3515 796 3570 illo
824 3515 968 3569 malo
1010 3515 1240 3569 allectus
1271 3522 1374 3580 est,
1406 3515 1641 3584 populus
1668 3514 2061 3585 concupiscens

473 3610 560 3659 est
591 3605 915 3674 appellatus,
938 3605 1094 3674 juxta
1116 3603 1273 3668 illud,
1300 3604 1517 3672 opinor,
1546 3605 1693 3673 quod
1729 3611 1814 3660 est
1837 3604 1905 3659 de
1933 3604 2061 3674 qui—

478 3696 710 3751 busdam
744 3696 954 3750 dictum
986 3712 998 3746 :
1034 3713 1052 3743 ι
1083 3693 1328 3759 Quorum
1352 3693 1524 3763 gloria
1546 3694 1604 3748 in
1626 3694 1947 3750 confusione
1976 3695 2061 3764 ip-

477 3800 667 3840 sorum
693 3787 736 3817 ²¹
764 3802 777 3837 :
822 3804 841 3834 ι
871 3800 902 3838 a
927 3791 1154 3854 peccato
1194 3782 1340 3837 enim
1377 3783 1613 3838 deducta
1636 3791 1722 3839 est
1740 3800 1935 3839 eorum
1963 3801 2062 3855 ap-

478 3872 724 3942 pellatio,
744 3879 800 3926 et
821 3872 1026 3926 misero
1048 3871 1286 3940 quodam
1308 3871 1470 3926 modo
1491 3887 1656 3942 super
1674 3875 1906 3930 mortuis
1923 3891 2066 3931 sem-

2154 1881 2381 1953 χολέραν
2415 1883 2448 1954 ἡ
2479 1882 2704 1954 βρῶσις,
2740 1883 2834 1936 καὶ
2860 1884 2974 1944 τοῖς
3000 1879 3255 1949 ἀγαπῶσι
3281 1879 3351 1933 τὰ
3376 1878 3616 1951 σαρκικὰ
3640 1879 3739 1931 καὶ

2153 1969 2463 2041 προτιμῶσι
2493 1968 2790 2041 τοῦ-μάννα
2817 1967 2911 2022 τοῦ
2944 1968 3158 2039 νοητοῦ,
3191 1969 3219 2023 ὅ
3246 1968 3545 2039 ἐστιρἴιια
3572 1965 3736 2032 Θεοῦ,

2157 2062 2225 2115 τά
2257 2060 2474 2133 φθαρτά
2504 2062 2600 2115 καὶ
2627 2061 2862 2130 ἐπίγεια,
2907 2058 3200 2128 καταλήξει
3249 2059 3387 2130 πρὸς
3413 2058 3639 2113 θάνατον
3673 2058 3740 2111 τδ

2154 2150 2459 2223 ἐγχείρημα
2481 2167 2495 2181 ·
2530 2151 2626 2216 καξι
2651 2149 2820 2215 ἐστιν,
2842 2144 3019 2220 οἶμαι,
3049 2149 3197 2202 τουτί
3224 2147 3305 2214 τὸ,
3344 2167 3364 2200 ι
3413 2147 3473 2200 '0
3499 2148 3739 2217 σπείρων

2155 2245 2235 2306 είς
2277 2243 2376 2313 τὴν
2426 2243 2625 2315 σάρκα,
2677 2242 2742 2296 ἐκ
2782 2242 2883 2312 τῆς
2927 2240 3128 2314 σαρκὸς
3180 2239 3385 2312 θερίσει
3434 2238 3660 2311 φθοράν.
3709 2257 3732 2290 ι

2170 2334 2510 2407 Ἀῤῥωστίας
2538 2334 2594 2386 δὲ
2624 2333 2726 2400 τῆς
2751 2332 2965 2386 τοιᾶσδε
3015 2332 3178 2403 τυχὸν
3211 2333 3245 2404 ἡ
3280 2331 3434 2394 λύσις
3458 2348 3471 2362 ·
3508 2349 3529 2384 ι
3563 2329 3738 2385 Ilvati-

2159 2443 2288 2499 ματι
2318 2427 2694 2497 περιπατεῖτε,
2721 2425 2814 2479 καὶ
2842 2423 3139 2495 ἐπιθυμίαν
3167 2422 3371 2495 σαρκὸς
3391 2423 3454 2477 οὐ
3484 2422 3560 2493 μὴ
3585 2420 3744 2475 τελέ-

2159 2535 2311 2589 σητε.
2343 2516 2710 2588 Στρατεύεται
2740 2517 2850 2587 γὰρ
2883 2518 2917 2587 ἡ
2946 2514 3084 2587 σὰρξ
3115 2515 3258 2569 κατὰ
3285 2514 3377 2569 τοῦ
3405 2513 3742 2585 πνεύματος,

2157 2610 2218 2665 τὸ
2273 2610 2330 2666 δὲ
2372 2609 2591 2681 πνεῦμα
2637 2609 2777 2663 κατά
2822 2609 2922 2680 τῆς
2968 2609 3204 2680 σαρκός·
3233 2608 3403 2662 ταῦτα
3435 2608 3546 2680 γάρ
3588 2607 3745 2662 ἀντί-

2161 2719 2339 2756 κειται
2357 2701 2629 2773 ἀλλήλοις.
2644 2720 2664 2753 ι
2684 2702 2773 2766 Ὠς
2799 2701 2958 2772 εἰπερ
2973 2699 3350 2772 ἠϐουλήθησαν
3367 2701 3418 2754 οἱ
3435 2701 3494 2765 ἐξ
3523 2698 3749 2773 Ἰσραὴλ

2159 2790 2490 2863 ἀποχρῶσαν
2524 2791 2774 2862 ἡγεῖσθαι
2811 2790 3026 2863 τρυφὴν
3065 2792 3166 2863 τὴν
3208 2780 3305 2845 τοῦ
3360 2792 3536 2862 μάννα
3570 2807 3745 2863 χορη-

2158 2880 2305 2951 γίαν,
2339 2885 2367 2937 ὅ
2393 2883 2541 2936 ἐστιν
2575 2883 2736 2954 ἄρτος
2769 2883 3015 2951 ἀγγέλων
3044 2883 3255 2956 νοητὸς,
3281 2884 3376 2937 καὶ
3412 2882 3584 2947 τύπος
3610 2882 3750 2952 γλυ-

2160 2971 2391 3042 κύτητος
2436 2972 2536 3043 τῆς
2577 2973 2665 3027 διὰ
2713 2971 2808 3026 τοῦ
2850 2975 3185 3046 Πνεύματος,
3235 2975 3337 3028 οὐκ
3385 2974 3452 3029 ἂν
3486 2973 3751 3030 ἐτέλεσαν

2161 3058 2455 3130 ἐπιθυμίαν
2508 3060 2729 3128 σαρκὸς,
2772 3062 2882 3115 οὗδ’
2918 3062 2988 3116 ἂν
3037 3063 3096 3130 ἐξ
3133 3064 3302 3136 αὐτῆς
3339 3063 3592 3138 ἐθέρισαν
3635 3066 3747 3137 τὴν

2163 3151 2388 3223 φθοράν.
2432 3170 2450 3202 ι
2509 3152 2917 3224 Ἐπισημὸτατα
2946 3153 3003 3207 δὲ
3048 3154 3141 3207 τοῦ
3173 3154 3304 3209 λαοῦ
3344 3156 3411 3209 τὰ
3444 3158 3748 3228 μνήματα.⁸

2161 3243 2278 3295 ἐκεῖ
2305 3241 2437 3314 γὰρ,
2481 3244 2666 3314 φησιν,
2716 3242 2920 3314 ἔθαψαν
2951 3244 3041 3298 τὸν
3084 3244 3213 3299 λαὸν
3254 3246 3345 3300 τὸν
3374 3248 3747 3320 ἐπιθυμητὴν,

2162 3331 2307 3386 κατὰ
2336 3333 2434 3400 τὸ,
2484 3353 2502 3386 ι
2543 3333 2798 3389 Ἔσονται
2835 3337 2914 3398 είς
2960 3335 3150 3409 ὅρασιν
3200 3336 3347 3409 πάσῃ
3392 3340 3572 3410 σαρκί·
3600 3359 3620 3391 ι
3650 3341 3752 3394 καὶ

2160 3421 2287 3485 λαὸς
2319 3421 2663 3495 ἐπιθυμητὴς
2708 3426 2736 3478 ὁ
2788 3427 2973 3478 ἐκεῖνα
3018 3424 3208 3480 παθὼν
3236 3427 3575 3499 ὠνόμασται,
3622 3428 3751 3482 κατ’

2161 3515 2340 3570 ἐκεῖνο
2381 3510 2535 3587 οἶμαί
2587 3534 2689 3571 που
2735 3517 2796 3571 τὸ
2823 3518 2950 3589 περί
2993 3536 3150 3574 τινων
3178 3522 3485 3593 εἰρημένον·
3523 3542 3542 3575 ι
3567 3515 3668 3575 Ὧν
3714 3525 3752 3595 ἡ

2159 3607 2285 3673 δόξα
2315 3610 2373 3660 ἐν
2400 3610 2465 3679 τῇ
2496 3609 2726 3681 αἰσχύνῃ
2755 3609 2956 3663 αὐτῶνο
2989 3629 3008 3661 ι
3046 3611 3154 3664 ἀπὸ
3182 3612 3289 3682 γὰρ
3318 3613 3415 3681 τῆς
3449 3613 3750 3684 ἁμαρτίας,

2159 3700 2195 3769 ἡ
2219 3698 2408 3768 κλῆσις
2426 3716 2439 3728 ·
2465 3699 2561 3753 καὶ
2585 3699 2939 3772 άτελεύτητος
2959 3702 3301 3773 ἐπεγράφετο
3320 3704 3434 3765 τοῖς
3455 3703 3756 3760 τεθνεῶσιν

2163 3787 2397 3859 οἰκτρῶς
2434 3788 2463 3840 ὁ
2511 3788 2604 3840 ἐπὶ
2648 3791 2764 3852 ταῖς
2817 3789 3127 3861 ἀνανδρίαις
3171 3790 3511 3863 ὀνειδισμὸς,
3556 3793 3655 3846 καὶ
3687 3793 3755 3858 ἐξ

2166 3871 2241 3933 ὧν
2277 3878 2740 3948 κατεγινώσκοντο
2765 3881 2827 3935 τὸ
2845 3883 3132 3954 ἐπίσημον.

482 3966 697 4035 piterna
726 3965 956 4036 ignaviae
987 3965 1361 4037 exprobratio,
1393 3972 1450 4020 et
1481 3982 1670 4022 earum
1702 3984 1887 4024 rerum
1942 3979 2094 4038 nota,
2125 3987 2193 4030 ex
2233 3975 2436 4044 quibus
2479 3974 2966 4044 condemnabatur,
3006 3993 3107 4049 pro
3150 3978 3310 4035 titulo
3374 3981 3616 4051 quodam
3661 3981 3753 4037 in-.

479 4059 704 4129 scripta.

550 4145 747 4201 PALL.
774 4145 854 4201 Ita
884 4154 993 4204 est.

548 4237 704 4293 ΟΥΕ.
747 4239 818 4294 Ιίε
862 4240 1047 4310 igitur,
1091 4242 1183 4311 qui
1219 4258 1407 4300 revera
1433 4245 1690 4319 discipuli
1722 4264 1843 4305 esse
1866 4250 2058 4318 velint,

478 4342 827 4400 summopere
848 4328 1069 4384 vitanda
1090 4339 1176 4385 est
1198 4331 1289 4387 illa
1309 4333 1366 4389 in
1387 4334 1674 4392 laboribus
1699 4332 2057 4409 impatientia,

478 4427 536 4474 et
552 4419 704 4475 iners
723 4421 1109 4486 murmuratio,
1133 4431 1190 4477 et
1214 4423 1426 4495 ingrata
1446 4428 1575 4482 vani
1600 4432 1875 4486 sermonis
1889 4434 2063 4504 jacta-

481 4508 578 4575 tio,
602 4516 679 4575 et,
720 4509 868 4578 quod
906 4511 1077 4581 magis
1110 4527 1275 4581 quam
1316 4522 1512 4573 caetera
1538 4519 1809 4575 nefarium
1837 4531 1941 4588 est,
1967 4539 2060 4578 ca-

478 4598 718 4653 vendum
766 4614 836 4654 ne
894 4600 1307 4669 inquinamenta
1352 4615 1670 4676 expetamus
1708 4625 1774 4665 ea
1813 4627 1935 4682 quae
1989 4611 2059 4668 de

478 4689 744 4759 nequitia,
778 4696 836 4744 et
862 4690 1045 4747 carnis
1066 4693 1460 4763 cupiditatibus
1484 4698 1924 4769 proficiscuntur.
1954 4700 2057 4769 Qui

477 4780 625 4835 enim
660 4780 741 4835 sic
764 4780 997 4836 affectus
1027 4792 1129 4851 est,
1166 4788 1384 4843 vacillat
1413 4790 1467 4843 in
1498 4800 1787 4863 utramque
1820 4801 2053 4863 partem,

477 4877 534 4925 ct
572 4872 800 4926 rationis
832 4872 995 4928 tibias
1034 4874 1407 4935 claudicantes
1447 4882 1633 4936 habet.
1669 4883 1944 4952 Scriptum
1973 4892 2058 4940 cst

476 4960 626 5015 cnim
654 4979 667 5013 :
699 4981 718 5014 ι
751 4962 844 5017 Vae
866 4964 1124 5023 cordibus
1152 4968 1377 5035 timidis,
1404 4980 1461 5025 et
1480 4972 1732 5027 manibus
1754 4973 2056 5042 dissolutis,

479 5056 536 5103 et
555 5052 832 5120 peccatori
856 5054 1185 5127 ingredienti
1208 5075 1307 5129 per
1327 5060 1463 5115 duas
1483 5061 1707 5116 semitas
1732 5064 1807 5116 "1
1843 5082 1861 5115 ι
1889 5063 2061 5135 Opor-

481 5147 560 5195 tet
581 5149 763 5198 autem
783 5160 903 5203 mea
923 5149 1146 5219 quidem
1172 5150 1467 5217 sententia,
1489 5134 1819 5223 patientiam
1847 5165 1905 5212 et
1933 5134 2057 5215 sus—

481 5235 688 5293 tinendi
724 5240 1073 5296 tolerantiam
1112 5241 1170 5295 in
1205 5242 1458 5299 maximis
1493 5245 1660 5301 rebus
1685 5258 2057 5317 numerantes,

478 5327 794 5385 meminisse
818 5329 1023 5385 Christi
1061 5328 1298 5387 dicentis
1325 5349 1337 5386 :
1372 5352 1392 5385 ι
1428 5332 1485 5389 Si
1520 5335 1645 5405 quis
1677 5339 1794 5392 vult
1819 5347 1941 5408 post
1970 5357 2059 5397 me

550 5459 592 5490 “
620 5461 781 5538 fieri].
889 5461 1100 5538 28.___"
1132 5460 1307 5521 Galat.
1341 5483 1414 5531 ιΊ,
1456 5467 1508 5522 8.
1586 5470 1631 5503 ⁸⁸
1668 5470 1843 5527 Galat.
1880 5491 1930 5538 ι’,
1965 5476 2048 5531 l6.

479 5527 564 5583 l9.
641 5532 686 5564 ³⁸
712 5533 890 5589 Eccli.
908 5547 968 5596 ιι,
988 5530 1076 5585 15.

542 5648 620 5731 (ᾖ.)
660 5647 1069 5731 δίειεοᾰιχξιι.
1098 5650 1217 5705 Νοιι
1240 5653 1475 5731 multum
1504 5654 1772 5731 dissimile
1796 5668 1881 5715 est
1903 5664 2053 5731 quod

474 5716 675 5786 legitur
715 5717 858 5773 libro
900 5719 967 5773 lll
991 5720 1220 5792 Regum,
1258 5728 1375 5792 cap.
1410 5740 1556 5778 xvm.
1598 5727 1704 5793 ἕως
1736 5730 1864 5783 πότε
1892 5716 2048 5803 ὑμεῖς

2094 4573 2137 4628 D

2237 4158 2448 4210 ΠΑΛΛ.
2502 4158 2745 4229 Ἀληθές.

2238 4248 2404 4303 ΚΥΡ.
2445 4249 2653 4304 Οὐκοῦν
2691 4252 2774 4305 ὅτι
2820 4252 3054 4322 μάλιστα
3110 4256 3480 4328 παραιτητέον
3528 4260 3643 4324 τοῖς
3685 4276 3755 4327 γε

2162 4339 2379 4412 ἀληθῶς
2428 4341 2746 4413 φιλομαθεῖν
2786 4346 3102 4415 ᾑρημένοις,
3137 4347 3200 4401 τό
3240 4365 3305 4417 γε
3332 4348 3649 4420 ἀτληπαθὲς
3689 4353 3754 4404 ἐν

2164 4432 2369 4497 πόνοις,
2401 4433 2494 4487 καὶ
2520 4435 2832 4505 γογγυσμδν
2860 4436 3088 4508 ἀδρανῆ,
3109 4439 3203 4491 καὶ
3229 4440 3523 4513 ἀχάριστον
3549 4444 3757 4498 εἰκαιοο

2170 4522 2389 4593 μυθίαν,
2424 4524 2519 4578 καὶ
2550 4524 2612 4578 τό
2635 4541 2697 4593 γε
2726 4524 2833 4578 τῶν
2870 4526 3045 4581 ἄλλων
3074 4528 3433 4602 ἀνοσιώτερόν
3466 4550 3602 4599 πως,
3639 4533 3756 4587 τῶν

2135 4638 2138 4642 ’
2165 4619 2230 4671 ἐκ
2260 4615 2591 4686 φαυλότητος
2619 4617 2713 4671 καὶ
2756 4617 3112 4691 φιλοσαρκίας
3141 4620 3388 4689 ἐφίεσθαι
3431 4623 3753 4696 μολυσμῶν.

2178 4707 2634 4780 Ἐπαμφοτερὶζει
2665 4707 2773 4781 γὰρ
2802 4711 2831 4764 ὁ
2857 4711 3114 4780 τοιοῦτος,
3143 4715 3236 4769 καὶ
3255 4715 3352 4787 τὴν
3383 4716 3486 4788 τῆς
3507 4717 3756 4782 διανοίας

2169 4799 2319 4867 ἰγνὺν
2335 4799 2676 4871 χωλεύουσαν
2694 4800 2806 4872 ἔχει
2830 4801 2929 4873 (l).
2963 4803 3274 4877 Γέγραπται
3289 4805 3418 4879 γὰρ,
3449 4810 3535 4863 ὃτι
3568 4827 3588 4861 ι
3610 4811 3754 4865 Οὐαὶ

2164 4889 2415 4961 καρδίαις
2434 4889 2655 4957 δειλαῖς,
2695 4892 2792 4945 καὶ
2819 4895 2976 4965 χερσὶ
3020 4898 3399 4971 παρειμέναις,
3421 4901 3518 4955 καί
3564 4903 3754 4974 ἁμαρ-

2162 4981 2321 5051 τωλῷ
2352 4981 2687 5039 ἐπιϐαίνοντι
2707 4985 2800 5037 ἐπὶ
2827 4985 2922 5039 δύο
2944 4988 3182 5058 τρίϐους.
3220 5009 3239 5042 ι
3268 4992 3311 5043 Χ
3321 4990 3479 5061 ρῆναι
3508 4992 3568 5046 δὲ
3594 4990 3753 5064 οἶμαι

2160 5071 2223 5124 τὸ
2251 5070 2525 5141 τληπαθές
2561 5074 2655 5128 καὶ
2699 5076 2760 5128 τὸ
2802 5078 3069 5149 καρτερὸν
3105 5080 3186 5142 εἰς
3220 5081 3500 5153 ὑπομονὴν
3544 5083 3754 5147 παντὸς

2162 5160 2451 5226 ἀξιοῦντας
2502 5164 2663 5234 λόγου
2710 5166 3112 5239 διαμεμνῆσθαι
3162 5171 3410 5241 λέγοντος
3461 5174 3561 5228 τοῦ
3612 5177 3755 5247 Χριο

2166 5254 2313 5308 στοῦ·
2352 5275 2370 5308 ι
2406 5254 2476 5310 El’
2500 5275 2584 5321 τις
2607 5257 2748 5311 θέλει
2772 5257 2944 5312 ὀπίσω
2970 5276 3073 5330 μου
3105 5261 3301 5326 ἐλθεῖν,
3331 5264 3753 5338 ἀπαρνησάσθω

2163 5346 2378 5413 ἑαυτὸν,
2399 5349 2490 5401 καὶ
2508 5348 2697 5419 ἀράτω
2710 5348 2803 5403 τὸν
2815 5350 3046 5420 σταυρὸν
3061 5352 3248 5421 αὐτοῦ,
3268 5354 3364 5409 καὶ
3378 5356 3751 5412 ἀκολουθείτω

2131 5477 2173 5508 ⁸⁸
2208 5479 2370 5534 Νιιιιι.
2410 5496 2468 5547 ιι,
2510 5483 2563 5546 4,
2591 5484 2643 5537 9.
2749 5482 2923 5538 "lsa.
2982 5499 3121 5551 ωτι,
3147 5487 3236 5542 24.
3317 5491 3358 5522 ³³
3385 5491 3629 5565 Philipp.
3662 5512 3746 5563 ιιι,

2160 5666 2458 5748 χωλανεῖτε
2497 5671 2584 5748 ἐπέ
2614 5671 2952 5748 ἀμφοτέραις
2999 5677 3225 5746 ἰγνύαις.
3258 5680 3365 5738 Sed
3397 5685 3574 5743 codex
3622 5689 3746 5748 Sir-

2156 5735 2251 5790 leti
2295 5735 2535 5796 habebat
2564 5735 2736 5813 ίσχῆν.
2765 5735 3118 5820 Εὲιοιείσχίον
3148 5735 3287 5806 (ὅσα
3305 5735 3542 5814 dicitur.
