3966 6298
257 337 366 399 393

995 339 1085 397 DE
1118 331 1565 396 ADORATIONE
1599 335 1668 394 IN
1709 329 1978 395 SPIBITU
2017 337 2106 395 ΕΤ
2145 335 2515 400 VERITATE.
2556 340 2684 397 LIB.
2726 338 2790 394 ν.

3410 334 3516 394 391

264 471 378 526 μοι.
409 471 432 505 ο
465 452 764 514 τουτέστιν,
782 447 856 505 El
880 449 944 522 δὴ
968 444 1214 520 ’βούλοιτό
1234 468 1320 516 τις
1346 450 1474 522 ἐμὸς
1496 445 1634 504 εἶναι
1665 449 1833 520 μαθη-

1937 451 2148 518 venire,
2178 452 2335 525 163
2360 452 2594 523 abneget
2621 448 2998 518 semetipsum,
3031 459 3089 510 et
3115 449 3271 505 tollat
3292 462 3532 506 crucem

261 544 380 615 τὴς.
409 543 497 598 διὰ
511 543 620 596 τῶν
646 541 776 598 ἴσων
800 544 923 614 ἐμοὶ
943 543 1285 614 παθημάτων
1305 541 1488 614 ἡκέτω
1515 541 1835 614 προθύμως,

262 637 357 688 καὶ
389 634 553 688 οίονεὶ
597 634 701 706 ’τὴν
737 633 910 706 αὐτὴν
951 635 1048 688 ῐτω
1081 644 1144 688 τε
1184 635 1278 689 καὶ
1311 634 1578 703 ἀγαπάτω
1618 634 1836 707 τρίϐον·

264 723 736 779 συναναπαύσεται
761 724 872 796 γὰρ
1077 724 1171 779 καὶ
1195 720 1642 797 συνδιαιτήσεταί.
1669 724 1840 778 Τοῦτο

261 816 321 868 δέ
358 815 489 887 ἡμῖν
538 810 700 879 αὐτὸς
747 814 927 886 ἐζήτει
969 815 1123 885 παρὰ
1154 815 1249 869 τοῦ
1291 815 1428 870 Θεοῦ
1467 816 1560 870 καὶ
1602 814 1837 889 Πατρὺς,

262 908 467 975 λέγων’
527 926 546 958 ι
577 904 729 962 Θέλω
777 903 866 960 ἵνα
911 907 1045 963 ὅπου
1077 906 1194 978 είμὶ
1232 905 1364 976 ἐγὼ,
1404 908 1522 962 ἐκεῖ
1559 908 1652 971 καὶ
1685 909 1841 964 αὐτοὶ

265 997 385 1069 μετ’
419 997 553 1070 ἐμοῦ
583 992 707 1053 ὦσι.
746 1015 766 1051 t
817 997 927 1053 Καὶ
957 999 1159 1070 ἐτέρως
1206 999 1264 1054 δέ
1296 998 1562 1070 σύνεσμεν
1592 997 1670 1070 τῷ
1699 1001 1838 1072 Χρι·

264 1088 396 1160 στῷ,
453 1088 881 1161 περιπατοῦντες
919 1089 1020 1160 μέν
1060 1090 1156 1143 ἐπὶ
1191 1089 1316 1161 τῆς,
1343 1090 1529 1144 οὐκέτι
1561 1089 1618 1144 δέ
1645 1107 1839 1162 σαρκι-

261 1182 399 1247 κῶς,
449 1181 585 1236 ἀλλὰ
631 1181 1014 1253 πνευματικῶς
1060 1180 1485 1251 πολιτευόμενοι,
1530 1179 1626 1235 καὶ
1671 1182 1841 1235 κατά-

262 1271 412 1342 λυμα
439 1272 533 1325 καὶ
561 1271 864 1325 ἀνάπαυσιν
907 1271 1180 1324 ποιεῖσθαι
1214 1269 1635 1335 σπουδάζοντες,
1663 1266 1724 1323 τὸ
1750 1270 1838 1324 δο-

261 1363 394 1418 κοῦν
420 1359 588 1434 αὐτῷ.
641 1363 824 1433 Ἔχεις
873 1361 1260 1434 γεγραμμένον
1293 1363 1353 1416 ἐν
1394 1365 1508 1428 τοῖς
1561 1360 1840 1435 Ἀριθμοϊς

261 1455 360 1507 τὸν
385 1454 478 1507 ἐπὶ
495 1448 847 1526 τῷδετῦπον·
874 1473 892 1506 ι
920 1456 1030 1506 Καὶ
1051 1457 1117 1524 τῇ
1153 1455 1355 1527 ἡμέρᾳ,
1391 1474 1410 1506 ι
1437 1454 1623 1525 φησιν,
1664 1473 1682 1506 ι
1721 1457 1777 1508 ἐν

260 1544 468 1619 ἐστάθη
515 1547 548 1617 ἡ
587 1545 780 1617 σκηνὴ,
817 1543 1085 1616 ἐκάλυψεν
1134 1547 1168 1617 ἡ
1210 1546 1406 1617 νεφέλη
1452 1545 1555 1618 ’τὴν
1611 1546 1836 1616 σκηνὴν,

171 1655 176 1660 “
257 1636 356 1690 τὸν
377 1633 524 1690 οἷκον
553 1635 647 1690 τοῦ
682 1636 1006 1709 μαρτυρίου.
1039 1636 1152 1692 Καὶ
1178 1637 1242 1691 τὸ
1273 1638 1510 1709 ἑσπέρας
1528 1632 1597 1709 ἦν
1623 1638 1716 1690 ἐπὶ
1738 1636 1838 1706 τῆς

265 1729 475 1799 σκηνῆς
496 1728 578 1793 ’ὡς
596 1724 739 1792 εἶδος
762 1725 931 1799 πυρὸς
958 1729 1064 1792 ἓως
1086 1729 1231 1800 πρωΐ
1250 1746 1264 1760 ⁸
1294 1726 1467 1793 οὕτως
1489 1728 1694 1798 ἐγίνετο
1721 1730 1835 1782 tu.

257 1821 501 1884 παντός·
550 1822 585 1893 ὴ
632 1821 830 1890 νεφέλη
879 1821 1180 1875 ἐκάλυπτεν
1227 1821 1398 1892 αὐτὴν
1453 1820 1686 1892 ἡμέρας,
1743 1821 1838 1874 καὶ
1867 1804 1910 1861 Β

253 1909 406 1977 εἶδος
437 1913 608 1985 πυρὸς
637 1912 736 1983 τὴν
779 1912 968 1967 νύκτα.
1017 1913 1128 1966 Καὶ
1152 1913 1315 1985 ἡνίκα
1351 1912 1518 1982 ἀνέϐη
1549 1914 1582 1984 η
1636 1913 1835 1982 νεφέλη

252 2003 372 2057 ἀπὸ
395 2002 496 2074 τῆς
522 2003 746 2074 σκηνῆς,
773 2002 911 2073 μετά
934 2001 1107 2057 ταῦτα
1130 2003 1349 2073 ἀπῆραν
1373 2003 1422 2056 οί
1443 2003 1549 2056 utet
1586 2003 1800 2073 Ἰσραήλ
1819 2020 1832 2033 ·

249 2091 358 2150 καὶ
388 2095 448 2147 ἐν
471 2093 547 2166 τῷ
593 2093 742 2164 τόπῳ
765 2088 825 2148 οὗ
868 2092 934 2147 ἂν
963 2092 1090 2163 ἔστη
1135 2093 1170 2164 ἡ
1216 2092 1447 2164 νεφέλη,
1483 2094 1602 2146 ἐκεῖ
1633 2110 1836 2166 παρεν-

250 2187 458 2241 έῦαλον
502 2187 551 2240 οί
582 2187 687 2240 υίοὶ
755 2185 1004 2258 Ἰσραήλ·
1056 2185 1142 2239 διὰ
1176 2185 1596 2257 προστάγματος
1631 2185 1837 2257 Κυρίου

249 2276 705 2347 παρεμϐαλοῦσιν
719 2277 770 2330 οί
790 2279 901 2331 υἱοὶ
933 2277 1170 2349 Ἰσραὴλ,
1193 2279 1287 2332 καὶ
1306 2277 1394 2332 διὰ
1418 2278 1836 2350 προστάγματος

253 2369 470 2440 Κυρίου
510 2369 805 2441 άπαροῦσι.
847 2369 1033 2432 Πάσας
1064 2369 1162 2432 τὰς
1189 2369 1404 2441 ὴμέρας
1425 2371 1484 2425 ἐν
1501 2365 1588 2435 αἷς
1623 2371 1836 2434 σκιάζει

248 2464 292 2532 ἡ
347 2459 544 2531 νεφέλη
581 2459 678 2514 ἐπὶ
720 2459 821 2530 τῆς
859 2458 1087 2530 σκηνῆς,
1131 2459 1580 2532 παρεμϐαλοῦσιν
1631 2463 1682 2516 oi
1728 2463 1835 2515 υίοὶ

265 2551 520 2623 Ἰσραήλο
543 2551 638 2606 καὶ
663 2552 791 2606 ὅταν
813 2552 1107 2622 ἐφέλκηται
1127 2554 1160 2624 η
1177 2553 1374 2625 νεφέλη
1402 2554 1494 2607 ἐπὶ
1511 2555 1609 2625 τῆς
1632 2555 1836 2625 σκηνῆς

251 2644 476 2715 ἡμέρας
505 2643 743 2708 πλείους,
774 2644 869 2698 καὶ
891 2643 1220 2714 φυλάξονται
1259 2647 1309 2699 oi
1347 2646 1454 2700 υίοὶ
1492 2645 1710 2720 Ἰσραὴλ
1733 2646 1833 2720 τὴν

251 2735 508 2806 φυλακὴν
528 2733 618 2788 τοῦ
639 2734 796 2804 Θεοῦ,
813 2736 909 2790 καὶ
938 2737 998 2791 οὐ
1025 2737 1101 2809 μὴ
1120 2736 1378 2809 ἐξάρωσι·
1407 2739 1504 2793 καὶ
1527 2738 1677 2793 ἔσται
1704 2739 1834 2793 ὅταν

257 2826 512 2899 σκεπάζῃ
529 2829 562 2899 ἠ
579 2826 777 2901 νεφέλη
797 2827 1011 2901 ἡμέρας
1030 2829 1250 2902 ἀριθμῷ
1270 2831 1364 2885 ἐπὶ
1385 2831 1480 2902 τῆς
1501 2832 1724 2904 σκηνῆς,
1745 2831 1834 2887 διά

255 2917 446 2988 φωνῆς
472 2915 676 2989 Κυρίου
705 2917 1140 2990 παρεμϐαλοῦσι,
1166 2918 1262 2973 καὶ
1291 2918 1379 2974 διὰ
1413 2919 1833 2992 προστάγματος

256 3010 467 3080 Κυρίου
501 3009 807 3080 άπαροῦσυ
840 3010 936 3064 καὶ
971 3009 1125 3065 ἔσται
1146 3012 1274 3066 ὅταν
1300 3009 1521 3082 γένηται
1559 3014 1594 3084 ῆ
1629 3011 1830 3085 νεφέλη

253 3101 354 3169 ἀφ’
386 3100 624 3172 ἑσπέρας
652 3101 758 3164 ἓως
777 3097 944 3172 πρωῒ,
971 3102 1065 3156 καὶ
1093 3101 1268 3174 ἀναϐῇ
1301 3104 1334 3173 ἡ
1359 3102 1556 3174 νεφέλη
1578 3101 1828 3175 τδ,πρω¹ί,
1854 3143 1900 3204 c

255 3191 355 3246 καὶ
382 3193 684 3265 άπαροῦσιν
700 3193 917 3265 ἡμέρας
939 3192 972 3264 ἢ
993 3195 1209 3263 νυκτὸς,
1229 3194 1332 3249 καὶ
1353 3193 1524 3267 ἀναϐῇ
1551 3195 1585 3266 ἡ
1610 3194 1830 3264 νεφέλη,

257 3283 564 3353 ἀπαεροῦσιν
601 3284 848 3356 ἡμέρας,
894 3283 928 3356 ῆ
974 3282 1142 3357 μηνὸς
1189 3285 1400 3359 ἡμέρας
1435 3285 1832 3356 πλεοναζούσης

254 3375 360 3444 τῆς
403 3375 632 3444 νεφέλης
673 3374 1004 3448 σκιαζούσης
1038 3377 1127 3431 ἐπ’
1170 3377 1362 3448 αὐτῆς,
1386 3377 1834 3450 παρεμϐαλοῦσιν

253 3463 308 3519 οἶ
334 3465 441 3519 υίοὶ⁸
461 3466 697 3537 Ἰσραὴλ,
715 3467 809 3520 καὶ
827 3468 888 3520 οὐ
911 3467 992 3539 μὴ
1010 3467 1333 3540 άπαροῦσιν,
1347 3471 1428 3524 ὅτι
1449 3470 1539 3524 διὰ
1561 3470 1834 3541 προστάγ-

257 3573 433 3626 ματος
475 3557 681 3628 Κυρίου
724 3558 1018 3630 άπαροῦσι.
1047 3561 1160 3632 Τὴν
1188 3561 1432 3633 φυλακὴν
1461 3563 1667 3634 Κυρίου
1701 3564 1834 3632 ἐφυ-

254 3643 490 3714 λάξαντο
515 3647 602 3702 διὰ
633 3649 1053 3721 προστάγματος
1075 3651 1281 3723 Κυρίου
1316 3652 1374 3705 ἐν
1398 3651 1545 3723 χειρὶ
1575 3653 1770 3725 Μωσῆ.
1806 3671 1829 3708 t

269 3740 682 3811 Ὲγηγερμένης
709 3741 850 3795 κατὰ
880 3744 978 3815 τὴν
1017 3743 1223 3815 ἔρημον
1271 3745 1372 3815 τῆς
1406 3744 1568 3815 άγῖας
1601 3745 1832 3816 σκηνῆς,

255 3829 682 3901 πεπληρωκέναι
726 3834 860 3901 φησὶ
921 3833 1020 3907 τὴν
1057 3833 1286 3904 νεφέλην
1312 3835 1511 3908 αὖτῆν·
1555 3829 1672 3890 εἶτα
1707 3853 1834 3892 συν-

256 3920 514 3991 απαίρειν
544 3921 639 3974 καὶ
675 3920 1066 3992 συγκαταλύειν
1094 3922 1230 3997 αύτῇ
1256 3927 1590 3998 προστέταχε
1617 3929 1742 3992 τοὺς
1774 3926 1837 3994 ἐξ

268 4009 510 4081 Ἰσραὴλ,
540 4010 654 4065 ἅνω
693 4026 754 4064 τε
791 4012 885 4066 καὶ
937 4013 1087 4068 κάτω
1133 4015 1270 4086 μετὰ
1303 4015 1504 4087 πολλῆς
1549 4015 1835 4089 ἀκριᾶείας

255 4100 358 4171 τὴν
387 4099 499 4154 τῶν
523 4101 814 4174 άπάρσεων
843 4104 1164 4176 ἐπιτήρησιν
1186 4106 1456 4162 ποιεῖσθαι
1483 4108 1834 4179 παρεγγυῶν,

258 4193 356 4246 καὶ
389 4193 666 4264 ἐπισφαλῆ
692 4193 792 4266 τὴν
823 4197 1134 4269 πράόασιν
1165 4200 1278 4264 τοῖς
1306 4199 1547 4254 ἐθέλουσι
1571 4199 1836 4272 ῥᾳθυμεῖν

256 4281 368 4334 dub
393 4299 457 4351 τε
481 4280 672 4338 τούτου
712 4285 946 4350 δεικνύς.
991 4286 1153 4342 Ἀλλά
1180 4287 1338 4342 ταυτὶ
1371 4286 1471 4360 μέν
1522 4289 1832 4361 ίστορικῶς.

257 4371 567 4444 Θεωρῶμεν
590 4373 647 4428 δὲ
665 4374 768 4446 ῆδη
785 4376 1352 4450 πνευματικῶς.”Αμα
1377 4396 1438 4432 τε
1459 4378 1569 4450 γάρ
1597 4381 1834 4451 ἐγήγερ-

1939 556 2118 608 suam,
2145 551 2202 598 et
2224 552 2485 614 sequatur
2507 559 2595 598 me
2622 542 2696 607 ‘3;
2731 561 2749 594 ι
2784 540 2890 596 hoc
2917 548 3023 606 est,
3049 538 3108 595 Si
3133 541 3258 611 quis
3277 541 3519 596 voluerit

1940 648 2096 687 meus
2131 647 2252 688 esse
2278 633 2600 702 discipulus.
2638 628 2891 686 eumdem
2921 643 3144 684 cursum
3177 629 3518 700 passionum,

1939 738 2106 795 quem
2146 740 2248 796 ego
2273 723 2445 790 tenui,
2474 721 2730 778 alacriter
2751 727 3036 791 sequatur,
3063 734 3129 775 ac
3156 719 3326 776 veluti
3363 735 3517 776 eam-

1939 815 2066 871 dem
2110 815 2254 871 viam
2286 813 2632 887 ingrediatur
2663 819 2721 868 et
2747 811 2978 884 diligat:
3030 809 3080 867 is
3112 809 3260 866 enim
3301 825 3518 866 mecum

1941 921 2050 961 una
2069 907 2378 977 requiescet
2399 913 2455 960 c‘t
2478 904 2642 960 simul
2663 903 2974 960 versabitur
2988 915 3012 957 ξ
3037 902 3146 958 hoc
3160 909 3522 972 mmque‘no-

1940 996 2028 1052 bis
2050 997 2165 1067 ipse
2183 996 2458 1068 petebata
2481 995 2594 1052 Deo
2630 1002 2688 1051 et
2720 995 2906 1060 Patre,
2929 1004 3056 1050 mm
3079 993 3287 1051 diceret
3305 1007 3359 1046 ξι
3382 991 3518 1048 Volo

1940 1097 2021 1153 ut,
2049 1089 2144 1143 ubi
2173 1103 2292 1144 sum
2315 1104 2437 1161 ego,
2462 1089 2539 1146 ibi
2561 1088 2723 1145 etiam
2753 1086 2858 1158 ipsi
2883 1101 3098 1144 mecum
3115 1084 3234 1142 sint
3256 1085 3324 1141 ³⁸.
3357 1101 3376 1138 ι
3404 1084 3520 1140 Ali-

1940 1189 2025 1235 ter
2045 1197 2264 1252 quoque
2287 1181 2450 1238 simul
2479 1198 2604 1238 cum
2631 1181 2854 1239 Christo
2876 1192 3088 1247 sumus,
3111 1193 3246 1236 cum
3263 1179 3521 1235 ambula-

1940 1289 2063 1328 mus
2096 1271 2320 1344 quidem
2361 1287 2527 1345 super
2563 1280 2790 1336 terram,
2822 1286 2932 1326 non
2973 1279 3160 1326 tamen
3198 1258 3516 1337 carnaliter,

1938 1366 2037 1421 sed
2069 1365 2430 1436 spiritualiter
2446 1376 2845 1422 conversamur
2861 1378 2882 1417 ξ
2909 1371 2987 1430 et,
3011 1363 3162 1434 quod
3197 1364 3248 1420 ei
3285 1363 3517 1434 placue-

1939 1457 2030 1523 rit,
2055 1457 2110 1513 id
2152 1471 2252 1529 pro
2284 1453 2590 1513 diversorio
2629 1471 2693 1513 ac
2732 1457 2923 1528 requie
2965 1457 3172 1514 habere
3207 1455 3513 1513 studemus.

1939 1546 2120 1605 Habes
2143 1549 2200 1605 in
2223 1549 2477 1607 Numeris
2499 1550 2760 1622 scriptam
2790 1549 2955 1621 hujus
2977 1549 3056 1606 rei
3086 1548 3321 1621 ﬁguram
3349 1565 3363 1602 :
3395 1565 3416 1600 ι
3447 1548 3518 1603 Et

1941 1637 2100 1712 die,»
2124 1639 2324 1710 inquit,
2344 1659 2362 1692 ι
2390 1655 2497 1710 qua
2517 1647 2782 1696 statutum
2809 1640 2894 1696 θα
2917 1638 3357 1704 tabernaculum,
3373 1637 3520 1694 texit

1942 1731 2119 1787 nubes
2142 1732 2578 1798 tabernaculum,
2603 1732 2828 1788 domum
2849 1733 3186 1800 testimonii;
3213 1740 3271 1788 et
3300 1734 3517 1804 vesperi

1936 1830 2060 1879 erat
2091 1839 2256 1894 super
2283 1823 2699 1880 tabernaculum
2733 1823 2887 1880 velut
2917 1824 3132 1894 species
3171 1823 3314 1896 ignis
3341 1839 3520 1895 usque

1937 1927 2098 1968 mane
2124 1930 2137 1966 :
2165 1913 2240 1968 ita
2265 1911 2431 1968 ﬁebat
2451 1928 2690 1984 semper,
2718 1913 2893 1969 nubes
2917 1914 3138 1986 tegebat
3158 1913 3296 1969 illud
3317 1914 3439 1979 die,
3459 1923 3518 1970 et

1936 2000 2153 2078 species
2175 2004 2318 2076 ignis
2337 2012 2528 2072 nocte;
2561 2012 2619 2061 et
2639 2019 2767 2060 cum
2807 2005 3146 2062 ascendisset
3167 2004 3346 2062 nubes
3362 2021 3398 2060 a
3429 2014 3514 2060 ta-

1936 2101 2458 2170 bernaculo,postea
2495 2097 2889 2170 promovebant
2903 2095 3001 2151 ﬁlii
3021 2095 3218 2161 Israel;
3236 2101 3292 2150 et
3314 2095 3369 2149 in
3393 2095 3518 2150 loco

1937 2193 2032 2248 ubi
2053 2199 2281 2248 steterat
2301 2191 2498 2256 nubes,
2520 2189 2596 2246 ibi
2623 2197 2804 2247 castra
2821 2187 3171 2244 collocabant
3187 2186 3292 2242 ﬁlii
3305 2186 3474 2243 Israel
3495 2203 3514 2241 :

1936 2299 2036 2355 per
2048 2292 2385 2355 pmceptum
2402 2281 2621 2338 Domini
2641 2288 2818 2336 castra
2835 2279 3186 2336 collocabant
3201 2277 3299 2333 ﬁlii
3323 2278 3514 2344 Israel.

1933 2380 1991 2427 et
2005 2385 2108 2442 per
2126 2380 2460 2442 praeceptum
2479 2370 2695 2426 Domini
2714 2369 3136 2441 promovebunt.
3155 2368 3360 2425 Omnes
3373 2369 3513 2435 dies,

1936 2461 1993 2516 in
2017 2461 2219 2533 quibus
2254 2461 2549 2517 obumbrat
2590 2461 2768 2517 nubes
2807 2473 2971 2532 supra
3009 2461 3421 2517 tabernaculum
3455 2461 3514 2518 in

1933 2554 2130 2608 castris
2152 2561 2318 2609 erunt
2340 2553 2437 2610 ﬁlii
2468 2553 2666 2620 Israel;
2703 2561 2780 2620 et,
2813 2567 2938 2608 cum
2975 2552 3300 2623 produxerit
3334 2553 3516 2612 nubes

1933 2657 2099 2715 supra
2123 2644 2534 2702 tabernaculum
2561 2643 2681 2700 dies
2703 2644 2909 2716 plures,
2938 2642 3260 2700 custodiens
3292 2643 3392 2700 ﬁlii
3428 2645 3512 2700 ls-

1932 2733 2047 2790 rael
2080 2734 2392 2791 custodiam
2429 2732 2551 2799 Dei,
2590 2743 2645 2790 et
2675 2749 2786 2791 non
2823 2733 3273 2806 promovebant:
3302 2738 3360 2791 et
3377 2736 3510 2803 erit,

1931 2838 2057 2882 cum
2081 2811 2279 2882 texerit
2299 2827 2475 2883 nubes
2494 2826 2612 2882 dies
2631 2840 2864 2881 numero
2883 2841 3048 2897 super
3063 2825 3509 2892 tabernaculum,

1931 2933 2032 2991 per
2069 2932 2264 2975 vocem
2301 2917 2518 2974 Domini
2545 2917 2603 2973 in
2628 2917 2822 2973 castris
2847 2924 3031 2983 erunt,
3069 2925 3128 2972 et
3164 2931 3265 2988 per
3299 2933 3511 2988 prace-

1932 3017 2086 3082 ptum
2107 3008 2324 3066 Domini
2345 3008 2752 3080 promovebunt
2777 3024 2792 3062 :
2821 3015 2878 3064 et
2908 3008 3034 3073 erit,
3054 3021 3187 3062 cum
3210 3007 3382 3074 fuerit
3400 3025 3510 3064 nu-

1931 3096 2031 3156 bes
2052 3115 2084 3155 a
2097 3115 2326 3170 vespere
2342 3115 2516 3170 usque
2531 3113 2711 3162 mane,
2733 3096 3114 3152 e‘t'ascenderit
3130 3096 3307 3152 nubes
3325 3113 3509 3164 mane,

1933 3197 1991 3246 et
2024 3189 2427 3262 promovebunt
2447 3189 2558 3254 die,
2583 3188 2670 3244 vel
2690 3195 2873 3252 nocte,
2897 3193 2955 3241 et
2979 3185 3291 3242 ascenderit
3310 3187 3508 3252 nubes,

1933 3283 2338 3355 promovebant
2367 3283 2478 3348 die,
2511 3283 2599 3338 vel
2621 3296 2810 3338 mense
2831 3280 2959 3336 dies
2986 3279 3305 3335 abundante
3341 3281 3510 3348 nube,

1930 3385 1990 3434 et
2005 3376 2371 3432 'adumbrante
2401 3390 2568 3446 super
2594 3374 2748 3440 illud,
2779 3373 2838 3428 in
2869 3371 3069 3429 castris
3099 3379 3267 3428 erunt
3293 3371 3391 3428 ﬁlii
3427 3372 3510 3428 Is-

1932 3469 2066 3533 rael,
2092 3475 2150 3523 et
2168 3483 2280 3523 non
2306 3467 2738 3539 promovebunt;
2763 3465 3020 3537 quoniam
3053 3479 3151 3536 per
3173 3474 3509 3537 praceptum

1931 3558 2150 3616 Domini
2179 3558 2609 3631 promovebunt;
2643 3556 2948 3614 custodiam
2982 3556 3198 3612 Domini
3232 3557 3511 3615 custodie-

1932 3656 2066 3705 runt
2108 3665 2208 3720 per
2243 3657 2574 3720 praeceptum
2607 3647 2825 3704 Domini
2865 3647 2926 3702 in
2963 3663 3133 3704 manu
3170 3648 3340 3720 Moysi
3382 3639 3450 3702 "Q
3484 3668 3506 3702 ι

1932 3737 2131 3796 Erecto
2168 3747 2357 3795 sancto
2406 3738 2761 3795 tabernaculo
2807 3739 2866 3794 in
2897 3737 3140 3802 deserto,
3186 3737 3394 3795 nubem
3435 3739 3514 3796 ait

1933 3830 2069 3886 illud
2115 3831 2461 3902 implevisse;
2523 3830 2725 3887 deinde
2777 3829 2942 3886 simul
3005 3844 3134 3886 cum
3188 3829 3284 3886 illo
3341 3830 3512 3902 proﬁ-

1933 3919 2086 3987 cisci,
2115 3921 2390 3992 simulque
2432 3921 2628 3978 sistere
2671 3919 2813 3977 ﬁlios
2838 3919 3006 3977 Israel
3044 3921 3274 3993 iussisse
3313 3921 3512 3987 Deum,

1933 4010 2236 4069 identidem
2267 4014 2675 4070 accuratissime
2697 4011 3103 4083 profectionum
3134 4021 3379 4084 tempora
3408 4013 3505 4069 ob-

1931 4119 2154 4162 servare
2195 4105 2603 4176 praecipientem
2655 4122 2668 4157 :
2710 4118 2821 4174 quo
2870 4103 3011 4173 ipso,
3049 4101 3119 4158 iis
3153 4104 3247 4174 qui
3294 4103 3514 4161 desides

1932 4210 2054 4252 esse
2069 4196 2290 4260 vellent,
2310 4195 2573 4250 indicavit
2588 4193 2954 4264 periculosam
2970 4208 3092 4249 esse
3107 4195 3226 4263 ejus
3241 4194 3320 4248 rei
3334 4203 3516 4251 trans-

1933 4288 2290 4360 gressionem.
2326 4284 2485 4358 164
2509 4285 2684 4354 Atque
2720 4283 2837 4339 haec
2863 4284 3087 4355 quidem
3110 4325 3124 4350 ,
3155 4285 3303 4355 quod
3331 4286 3400 4341 ad
3421 4287 3512 4342 hi-

1933 4379 2161 4436 storiam
2197 4377 2458 4450 pertinet,
2491 4376 2636 4432 dicta
2669 4374 2799 4429 sint.
2828 4374 2947 4430 Iam
2992 4390 3126 4430 vero
3159 4375 3304 4432 idem
3344 4378 3511 4450 spiri-

256 4480 346 4517 ται
376 4464 472 4518 καὶ
505 4464 775 4520 ἀνέτειλεν
808 4467 900 4520 ἐπὶ
933 4467 1033 4538 τῆς
1060 4468 1163 4540 γῆς
1190 4470 1225 4541 η
1258 4469 1598 4544 ἀληθεστάτη
1634 4471 1828 4543 σκηνὴ.

1934 4470 2158 4527 tualiter
2185 4469 2638 4539 contemplemur.
2673 4464 2848 4522 Simul
2883 4466 3031 4522 enim
3070 4475 3235 4539 atque
3261 4477 3510 4524 erectum

254 4556 534 4609 τουτέστιν
565 4558 600 4628 ἡ
641 4557 956 4629 Ἐκκλησία,
999 4560 1352 4633 πεπλήρωται
1384 4561 1487 4633 τῆς
1537 4561 1695 4634 δόξης
1735 4561 1830 4616 τοῦ

254 4645 532 4718 Χριστοῦ·
566 4648 628 4701 τὸ
675 4649 785 4721 γὰρ
826 4650 1198 4705 καλύπτεσθαι
1235 4655 1301 4724 τῇ
1352 4652 1549 4725 νεφέλῃ
1589 4653 1686 4725 τὴν
1733 4655 1833 4727 ἀρ-

254 4737 420 4808 χαίαν
471 4738 707 4810 σκηνὴν,
739 4739 838 4810 οὐχ
882 4740 1089 4822 ἕτερον,
1136 4737 1290 4811 οἶμαί
1317 4757 1444 4808 που,
1490 4742 1642 4814 παρὰ
1673 4743 1832 4798 τοῦτο

252 4828 426 4898 δηλοῖ.
458 4830 796 4902 Πεπλήρωκε
825 4831 1002 4887 τοίνυν
1029 4832 1128 4904 τῆς
1160 4834 1354 4890 ἐαυτοῦ
1381 4835 1538 4907 δόξης
1567 4835 1664 4906 τὴν
1709 4836 1831 4891 Ἐκ-

259 4921 488 4992 κλησίαν
535 4922 564 4974 ό
615 4923 868 4993 Χριστὸς,
925 4924 1022 4979 καὶ
1076 4925 1190 4990 τοῖς
1235 4925 1342 4997 μὲν
1373 4926 1430 4980 ἐν
1484 4926 1695 4998 ἀμαθίᾳ
1734 4929 1832 4983 καὶ

258 5012 459 5084 πλάνῃ,
515 5012 768 5085 καθάπερ
801 5016 860 5068 ἐν
911 5014 1070 5069 νυκτὶ
1114 5016 1209 5070 καὶ
1261 5015 1438 5089 σκότῳ
1471 5016 1828 5089 διατρίϐουσι,

259 5105 428 5177 πυρός
456 5106 770 5178 ἀναλάμπει
811 5109 992 5179 δίκην,
1032 5108 1126 5163 τὺν
1150 5111 1340 5181 νοητὸν
1385 5110 1624 5182 δηλονότι
1660 5119 1830 5183 φωτι-

256 5194 394 5265 σμὸν
446 5195 632 5262 ἐνιεὶς,
668 5201 782 5261 τοῖς
830 5215 894 5268 γε
930 5198 1038 5270 μὴν
1085 5199 1188 5271 ῆδη
1239 5202 1694 5271 πεφωτισμένοις,
1725 5202 1829 5257 καὶ

255 5286 470 5358 ἡμέραν
513 5287 731 5358 ἔχουσιν
778 5289 836 5342 ἐν
882 5289 1080 5361 καρδίᾳ
1133 5293 1234 5363 τὴν
1290 5291 1508 5364 νοητὴν,
1543 5289 1644 5364 τὴν
1698 5294 1828 5364 παρ’

253 5377 447 5430 ἑαυτοῦ
497 5378 658 5433 σκιάν
697 5396 756 5432 τε
806 5381 901 5435 καὶ
929 5380 1140 5453 σκέπην
1171 5382 1544 5455 δωρούμενος,
1578 5385 1672 5438 καὶ
1707 5385 1829 5456 δρό-

253 5486 369 5533 σοις
416 5472 614 5535 αύτοὺς
656 5475 1032 5529 καταπιαίνων
1090 5481 1505 5549 πνευματικαῖς,
1555 5479 1825 5546 τουτέστι,

249 5563 374 5626 ταῖς
402 5561 609 5617 ἄνωθέν
635 5579 695 5616 τε
724 5563 820 5618 καὶ
848 5565 938 5620 διὰ
963 5566 1058 5620 τοῦ
1079 5568 1398 5640 Πνεύματος
1426 5571 1822 5643 παρακλήσεσι.

1935 4572 2040 4630 est,
2081 4570 2139 4619 et
2167 4567 2418 4618 exortum
2444 4576 2610 4631 super
2637 4568 2844 4616 terram
2885 4560 3019 4617 illud
3047 4561 3398 4618 verissimum
3423 4573 3512 4618 ta-

1934 4654 2290 4711 bernaculum
2311 4694 2326 4719 ,
2360 4653 2415 4708 id
2443 4661 2559 4717 est,
2590 4651 2834 4709 Ecclesia
2853 4695 2868 4720 ,
2898 4653 3168 4724 repletum
3211 4662 3296 4708 est
3338 4654 3510 4725 gloria

1931 4743 2172 4802 Christi:
2201 4759 2350 4808 nam,
2374 4743 2518 4814 quod
2549 4751 2706 4798 vetus
2726 4742 2861 4798 illud
2899 4741 3314 4797 tabernaculum
3350 4758 3514 4814 oper-

1934 4846 2051 4892 tum
2084 4843 2168 4891 est
2197 4836 2367 4901 nube,
2409 4836 2548 4891 nihil
2574 4836 2743 4902 aliud,
2781 4849 2902 4890 mea
2934 4834 3228 4900 sententia,
3264 4835 3370 4890 nisi
3402 4835 3511 4892 hoc

1935 4926 2222 4999 signiﬁcat.
2257 4924 2366 4983 Sua
2390 4927 2554 4999 igitur
2575 4928 2746 4999 gloria
2769 4925 3022 4983 Christus
3051 4925 3294 4997 implevit
3322 4927 3516 4984 Ecole-

1931 5020 2101 5086 siam;
2128 5028 2185 5075 et
2211 5016 2277 5074 iis
2299 5019 2522 5090 quidem
2569 5019 2663 5090 qui
2697 5018 2752 5073 in
2786 5017 3001 5073 inscitia
3038 5026 3095 5072 et
3133 5033 3348 5084 errore,
3382 5028 3507 5075 tan-

1934 5125 2097 5181 quam
2141 5110 2198 5166 in
2236 5119 2398 5167 nocte
2431 5126 2495 5166 ac
2537 5110 2781 5165 tenebris
2812 5117 3122 5175 versantur,
3167 5110 3306 5183 ignis
3335 5112 3509 5166 instar

1934 5202 2177 5274 eﬁ‘ulget,
2201 5203 2539 5275 spiritualem
2562 5202 2824 5257 nimirum
2854 5201 3274 5259 illustrationom
3304 5204 3509 5258 immit-

1927 5303 2086 5360 tens;
2111 5293 2383 5351 iis'a'utem
2409 5293 2504 5364 qui
2523 5295 2637 5365 jam
2685 5293 2979 5354 illuminati
3004 5303 3151 5359 sunt,
3180 5305 3238 5350 et
3268 5309 3504 5364 quorum

1929 5385 1986 5440 in
2014 5385 2182 5440 corde
2203 5384 2506 5457 spiritualis
2535 5384 2715 5440 illuxit
2753 5385 2892 5451 dies,
2925 5401 2957 5440 a
2990 5401 3050 5444 se
3091 5386 3340 5443 umbram
3373 5401 3505 5456 pro-

1912 5477 2330 5548 tectionemque
2350 5477 2600 5549 largitur,
2625 5492 2689 5534 ac
2715 5478 2988 5550 spirituali
3015 5494 3164 5545 rore,
3193 5477 3246 5533 id
3273 5487 3379 5544 est,
3406 5493 3504 5534 su-

1927 5567 2116 5639 pernis
2158 5575 2214 5624 et
2273 5580 2372 5640 per
2413 5568 2679 5641 Spiritum
2725 5569 2988 5626 adhibitis
3033 5563 3508 5633 consolationibus

321 5741 368 5774 "
388 5741 583 5801 Matth.
603 5761 713 5812 XVI,
732 5745 821 5800 24.
885 5747 931 5778 ’⁵
944 5745 1101 5802 Joan.
1126 5761 1254 5809 xvu,
1281 5745 1371 5803 24.
1434 5749 1479 5782 ⁸⁵
1501 5748 1660 5804 Num.
1691 5763 1764 5816 ιι,
1793 5747 1980 5804 15-23.

572 5837 844 5900 PATROL.
891 5839 1004 5900 Gn.
1051 5840 1304 5902 LXVIII.

3034 5836 3106 5903 I3
