3966 6298
433 284 585 353 395‘

1361 308 1367 315 -
1477 275 1532 332 S.
1567 275 1847 335 CYRIILI
1889 278 2357 337 ALEXANDRINI
2395 280 2713 339 ARCIIIEP.

3596 294 3737 354 ὖίὲϐη

432 404 558 461 illos
585 400 887 471 impingunt
920 397 1065 452 :hoc
1091 394 1238 450 enim
1280 402 1381 458 est,
1410 394 1556 463 quod
1582 404 1843 464 tanquam
1877 394 2010 466 ignis

2124 395 2296 451 Τοῦτο
2326 400 2430 477 γάρ
2480 401 2595 453 ἐστι
2639 401 2700 453 τὸ
2742 401 2815 463 ὡς
2852 403 2909 455 ἐν
2955 403 3085 460 εῖδει
3139 405 3236 476 μὲν
3276 407 3445 491 πυρὸς
3471 409 3699 483 δρᾶσθαι

432 496 614 569 specie
639 494 858 553 videtur
890 506 986 562 per
1023 497 1261 551 noctem,
1288 487 1452 541 nubis
1492 497 1673 542 autem
1702 489 1882 559 specie
1916 505 2014 559 per

431 587 602 643 diem.
623 584 758 639 Nam
781 580 963 639 adhuc
1000 574 1193 648 pueris'
1220 576 1597 655 illustratione
1621 584 1783 646 atque
1807 577 2013 633 illumi-

434 678 655 733 natione
687 689 829 746 opus
848 680 986 736 erat,
1012 684 1136 741 quae
1157 669 1279 725 illos
1299 668 1369 727 ad
1392 669 1488 723 Dei
1521 668 1888 738 cognitionem
1915 668 2012 723 ad-

435 771 702 826 duceret:
755 765 793 821 ii
833 779 968 821 vero
1006 762 1099 834 qui
1128 777 1291 833 supra
1317 760 1419 819 hos
1453 768 1632 825 erant,
1654 761 1877 831 jamque
1912 774 2014 829 per

436 859 598 917 ﬁdem
639 858 913 922 illustrati,
957 856 1296 927 protectione
1353 860 1519 923 atque
1554 850 1759 907 auxilio
1801 849 2013 920 indige-

436 954 588 1019 bant,
652 958 716 1006 ut
766 957 961 1008 aestum
1020 945 1307 1017 praesentis
1363 944 1489 1001 vitae
1529 958 1595 998 ac
1633 942 1848 1014 pondus
1902 940 2013 997 diei

434 1047 680 1119 perferre
708 1042 925 1100 fortiter
952 1046 1216 1112 possent:
1242 1053 1369 1094 nam
1403 1058 1419 1089 ι
1450 1037 1654 1093 Omnes
1696 1037 1788 1108 qui
1821 1037 2015 1091 volunt

384 1204 385 1213 χ
434 1140 523 1210 pie
542 1138 728 1193 vivere
756 1137 811 1192 in
842 1134 1086 1197 Christo,
1121 1131 1559 1202 persecutionem
1587 1131 1865 1201 patientur
1888 1131 1951 1183 ’“.
1988 1148 2004 1180 1

434 1234 627 1293 Porro,
644 1228 962 1284 discedente
986 1225 1155 1289 nube,
1177 1222 1591 1277 tabernaculum
1613 1236 1831 1292 quoque
1851 1221 2014 1276 simul

433 1318 832 1390 proﬁciscitur;
854 1324 913 1371 et
941 1330 1049 1370 una
1074 1327 1197 1367 cum
1224 1311 1320 1367 illo
1350 1311 1496 1366 idem
1523 1311 1798 1367 faciebant
1819 1310 1914 1365 ﬁlii
1938 1310 2016 1364 ls-

433 1417 547 1472 rael
595 1434 608 1469 :
651 1414 934 1471 Christum
986 1410 1135 1467 enim
1191 1409 1397 1480 ubique
1444 1405 1694 1477 sequitur
1734 1404 2013 1471 Ecclesia,

433 1516 731 1577 sanctaque
769 1505 860 1561 illa
889 1501 1188 1558 multitudo
1208 1499 1573 1565 credentium,
1609 1497 1680 1553 ab
1703 1511 1770 1552 ea
1796 1496 1891 1571 qui
1916 1511 2013 1551 vo-

432 1609 522 1654 cat
545 1600 601 1654 in
629 1598 883 1661 salutem,
909 1610 1190 1665 nunquam
1214 1592 1568 1665 disiungitur.

487 1688 700 1758 .PALL.
730 1687 1008 1755 Quidnam
1042 1702 1175 1743 vero
1200 1685 1598 1757 profectionem
1634 1687 1901 1746 nostram,
1927 1689 2011 1735 at-

2108 488 2221 559 ’τὴν
2251 489 2442 553 νύκτα,
2480 492 2537 544 ἐν
2563 491 2619 547 δὲ
2669 493 2797 545 εῖδει
2839 495 3088 568 νεφέλης,
3124 499 3222 569 τὴν
3258 488 3493 572 ἡμέραν.
3553 505 3695 560 Ἔδει

2122 581 2251 657 γὰρ,
2284 581 2391 638 ἔδει
2421 585 2534 648 τοῖς
2575 583 2674 654 μὲν
2708 584 2788 637 ἔτι
2822 587 3036 657 νηπίοις
3070 591 3351 662 φωτισμοῦ
3381 594 3476 647 καὶ
3504 593 3690 667 ὲλλάμ.

2120 673 2298 740 ψεως,
2350 674 2449 744 τῆς
2501 675 2880 746 ἀποφερούσης
2932 680 3013 743 είς
3056 679 3419 750 θεογνωσίαν·
3476 688 3588 748 τοῖς
3643 686 3698 740 δὲ

2121 765 2327 819 τούτων
2352 766 2610 838 ἀνωτέρω
2657 769 2749 822 καὶ
2796 768 3303 845 λελαμπρυσμένοις
3331 774 3419 829 διὰ
3460 776 3557 847 τῆς
3607 777 3695 831 πίς

2125 874 2320 925 στεως,
2354 858 2568 930 σκέπης
2606 860 2699 912 καὶ
2732 862 3072 932 ἐπικουρίας.
3101 863 3175 926 ὡς
3198 864 3266 918 ἂν
3299 864 3544 923 δύναιντο
3578 885 3684 936 γεν⁸

2121 948 2286 1015 ναίως
2311 948 2607 1018 διενεγκεῖν
2626 950 2722 1005 τοῦ
2751 952 3016 1026 παρόντος
3044 953 3159 1024 βίον
3188 954 3280 1013 τὸν
3308 955 3566 1011 καύσωνα
3604 959 3698 1012 καὶ

2121 1039 2220 1110 τῆς
2256 1041 2470 1112 ἡμέρας
2514 1042 2575 1097 τὸ
2621 1042 2827 1115 βάρος·
2890 1062 2910 1097 η(
2954 1046 3163 1110 Πάντες
3211 1046 3319 1118 γὰρ
3368 1049 3418 1101 οἱ
3453 1048 3698 1114 ϐέλοντες

2122 1128 2221 1200 ζῇν
2248 1131 2489 1195 εὐσεϐῶς
2523 1135 2580 1187 ὲν
2600 1133 2840 1205 Χριστῷ,
2867 1135 3276 1217 διωχθήσονται.
3300 1140 3349 1189 ἰ
3374 1206 3381 1217 ί
3402 1139 3689 1210 Ἀπαιρού·
3715 1198 3719 1203 ,

2124 1237 2221 1289 σης
2268 1221 2323 1275 δὲ
2369 1222 2470 1292 τῆς
2518 1224 2766 1297 νεφέλης,
2801 1226 3126 1299 συναπαίρει
3168 1211 3262 1282 καῖ
3297 1229 3330 1298 ή
3360 1211 3554 1303 σκηνὴ,
3603 1233 3697 1285 καὶ

2122 1312 2500 1383 καταλυούσης
2548 1316 3001 1383 συγκαθίσταται,
3053 1318 3147 1376 καὶ
3196 1321 3293 1373 σὺν
3344 1321 3482 1392 αὐτῇ
3540 1320 3699 1376 τοῦτο

2122 1402 2290 1474 ἔδρων
2322 1404 2370 1457 οἱ
2405 1404 2465 1472 ἐξ
2501 1406 2735 1478 Ἰσραήλ·
2772 1408 2964 1463 ἕπεται
3009 1408 3118 1480 γὰρ
3150 1398 3186 1481 ἡ
3235 1411 3530 1483 Ἐκκλησία
3557 1430 3693 1466 παν-

2123 1495 2264 1565 ταχῆ
2301 1493 2380 1567 τῷ
2408 1495 2651 1567 Χριστῷ,
2697 1498 2789 1552 καὶ
2816 1501 2849 1571 ἠ
2880 1498 2987 1553 τῶν
3017 1500 3379 1555 πιστευόντων
3405 1501 3535 1571 ἁγία
3563 1502 3697 1574 πλη-

2123 1582 2219 1647 θὺς
2245 1584 2339 1639 τοῦ
2369 1586 2660 1651 καλοῦντος
2686 1589 2765 1655 είς
2794 1589 3067 1660 σωτηρίαν
3097 1591 3198 1644 οὐκ
3226 1591 3666 1662 ἀπονοσφίζεται.

2106 1688 2109 1693 ‘
2194 1677 2403 1733 ΠΑΛΛ.
2462 1680 2572 1735 Καὶ
2625 1679 2708 1747 τίς
2760 1680 2827 1737 ἂν
2874 1684 3046 1737 νοοῖτο
3099 1682 3260 1754 τυχὸν
3292 1684 3327 1754 ἦ
3365 1701 3427 1739 τε
3459 1684 3694 1758 ἄπαρσις

430 1800 539 1856 que
586 1784 804 1853 itineris
846 1781 1234 1845 cessationem,
1273 1785 1556 1851 praeeunte
1601 1790 1668 1831 ac
1706 1774 2010 1831 deducente

2116 1769 2275 1843 ἡμῶν
2306 1771 2400 1827 καὶ
2428 1772 2462 1842 ἡ
2490 1771 2808 1837 κατάλυσις,
2858 1770 3288 1845 προὸιδάζοντός
3311 1793 3370 1833 τε
3400 1777 3495 1833 καὶ
3528 1778 3694 1850 ἡγου-

429 1877 673 1942 Chrism,
696 1873 1030 1931 intellecturi
1052 1870 1278 1929 sumus?

500 1968 659 2024 CVR.
687 1965 910 2022 Nullum
932 1972 1019 2021 est
1040 1964 1188 2021 inter
1211 1962 1329 2019 haec
1356 1959 1656 2030 Scriptura:
1676 1958 1869 2024 verba,
1894 1971 2017 2012 mea

429 2060 654 2131 quidem
695 2057 990 2121 sententia,
1029 2054 1362 2121 discrimen;
1387 2068 1511 2108 cum
1536 2060 1648 2107 tam
1670 2051 1777 2106 hoc
1815 2049 2015 2121 ipsum,

431 2153 591 2209 simul
612 2165 743 2207 cum
774 2149 924 2205 nube
951 2147 1245 2219 proﬁcisci,
1286 2161 1453 2217 quam
1496 2142 1653 2209 illud,
1679 2142 1843 2197 simul
1881 2156 2014 2197 con-

428 2247 646 2309 sistere,
687 2242 922 2314 ﬁgurat
966 2239 1134 2296 veluti
1185 2237 1481 2309 quamdam
1520 2235 1775 2292 ostendat
1816 2241 2017 2290 nostra:

427 2337 748 2400 voluntatis,
774 2349 883 2405 qua
902 2347 1028 2389 cum
1051 2332 1301 2387 Decesse
1324 2328 1597 2400 cupimus.
1615 2327 1843 2391 Tamen,
1871 2333 1931 2380 ut
1948 2322 2016 2378 ad

429 2424 874 2497 intelligentiam,
918 2435 1083 2492 quam
1120 2419 1359 2475 maxime
1382 2416 1506 2474 ﬁeri
1528 2415 1735 2487 poterit
1757 2414 2017 2470 subtilem

427 2519 673 2575 anitum
691 2514 1060 2584 appellamus.
1085 2509 1219 2565 illud
1230 2509 1506 2575 dicemus,
1532 2507 1769 2578 primam
1782 2505 2014 2576 quidem

428 2609 828 2684 profectionem
850 2620 997 2671 esse,
1024 2620 1139 2674 qua
1171 2602 1241 2659 ab
1285 2600 1608 2657 inﬁdelitate
1639 2597 1710 2655 ad
1752 2598 1939 2666 ﬁdem,
1962 2611 2018 2656 et

429 2705 502 2760 ab
524 2700 832 2773 ignorantia
866 2697 935 2752 ad
958 2694 1351 2767 cognitionem,
1401 2701 1459 2748 et
1496 2691 1566 2746 ab
1610 2690 1830 2747 inscitia
1870 2691 2018 2747 illius

429 2792 525 2864 qui
562 2798 761 2845 natura
788 2800 1027 2856 vereque
1055 2785 1200 2840 Deus
1234 2791 1340 2849 est,
1364 2782 1433 2838 ad
1469 2782 1674 2837 claram
1708 2781 1830 2852 eius
1868 2782 2015 2836 noti-

433 2885 587 2947 tiam,
611 2881 706 2951 qui
728 2877 1117 2934 universarum
1155 2887 1342 2930 rerum
1366 2879 1423 2928 et
1444 2871 1707 2927 Dominus
1736 2877 1792 2925 et
1812 2869 2014 2927 Condi-

431 2980 520 3025 tor
552 2976 657 3033 est,
698 2964 1122 3037 proﬁciscimur.
1168 2959 1440 3018 Profectio
1478 2966 1666 3015 autem
1712 2966 1837 3029 post
1875 2958 2017 3015 hanc

429 3060 594 3119 modo
636 3059 841 3114 dictam
880 3054 1124 3113 secunda
1157 3062 1264 3120 est,
1291 3068 1466 3124 eaque
1510 3052 1783 3123 perutilis,
1814 3066 1937 3107 cum
1983 3066 2016 3106 a

2123 1861 2285 1932 μένου
2316 1862 2554 1933 Χριστοῦ
2572 1880 2589 1931 ;

2190 1955 2354 2008 ΚΥΡ.
2407 1955 2788 2027 Ἀδιαφορήσει
2840 1956 2940 2027 μέν
2997 1974 3112 2023 πως
3166 1958 3222 2015 ἐν
3260 1975 3323 2029 γε
3365 1960 3430 2037 δὴ
3486 1961 3695 2026 τούτοις

2116 2046 2250 2116 ⁴ἡμῖν
2300 2047 2329 2107 δ
2381 2045 2557 2116 λόγος,
2612 2047 2782 2101 τύπον
2830 2046 3024 2121 ὥσπερ
3077 2049 3198 2103 τινὰ
3250 2051 3693 2115 καταδεικνύντος

2118 2139 2249 2208 ἡμῖν
2275 2136 2368 2191 τοῦ
2412 2137 2587 2192 θέλειν
2628 2135 2766 2193 εἶναι
2798 2139 2937 2208 μετὰ
2972 2138 3105 2196 Θεοῦ
3137 2140 3231 2194 τοῦ
3258 2160 3317 2197 τε
3342 2146 3696 2217 συναπαίρειν

2117 2227 2210 2281 καὶ
2245 2228 2710 2297 συγκαθίστασθαι
2743 2233 2807 2302 τῇ
2832 2229 3051 2304 νεφέλῃ
3084 2231 3224 2304 πλὴν
3254 2234 3333 2298 εἰς
3367 2237 3575 2301 ἑννοίας
3621 2238 3696 2300 ὡς

2117 2318 2196 2371 ἔνι
2229 2318 2433 2384 λεπτὰς
2467 2319 2557 2374 τὸν
2583 2320 2704 2375 νοῦν
2727 2320 2977 2387 ἐνιέντες,
3025 2322 3182 2377 πάλιν
3215 2325 3391 2378 ἐκεῖνο
3434 2326 3685 2398 ἐροῦμεν,

2116 2412 2198 2464 ὅτι
2252 2409 2442 2483 πρώτη
2479 2411 2580 2482 μὲν
2613 2412 2854 2484 ἄπαρσις
2887 2416 2919 2485 ἡ
2962 2413 3023 2479 ἐξ
3068 2415 3325 2482 ἀπιστίας
3363 2418 3441 2481 είς
3485 2418 3692 2487 πίστιν,

2117 2501 2211 2555 καὶ
2245 2500 2304 2568 ἐξ
2323 2500 2545 2570 ἀγνοίας
2575 2504 2655 2567 είς
2694 2503 2913 2570 γνῶσιν,
2946 2506 3036 2559 καὶ
3064 2506 3131 2560 ἐκ
3155 2505 3249 2559 τοῦ
3280 2506 3358 2580 μὴ
3385 2508 3586 2569 εἰδέναι
3612 2511 3696 2577 τίς

2114 2596 2143 2647 ὁ
2178 2594 2337 2663 φύσει
2371 2610 2430 2646 τε
2461 2594 2556 2647 καὶ
2586 2594 2815 2665 ἀληθῶς
2854 2595 3012 2662 Θεὸς,
3055 2598 3148 2649 ἐπὶ
3200 2600 3260 2652 τὸ
3282 2600 3477 2654 εἰδέναι
3511 2602 3696 2671 σαφῶς

2115 2685 2206 2739 τὸν
2257 2685 2366 2739 τῶν
2415 2686 2552 2740 ὅλων
2603 2688 2880 2759 Aeas:di
2916 2690 3011 2749 καὶ
3041 2678 3299 2765 Ποιητην.
3333 2694 3605 2764 ’Δπαρσις
3636 2694 3694 2747 δὲ

2114 2777 2304 2850 ὥσπερ
2360 2779 2479 2849 μετ’
2524 2778 2740 2850 ἐκείνην
2790 2780 3015 2851 δευτέρα
3066 2782 3163 2835 καὶ
3215 2783 3520 2856 ὲπωφελὴς,
3553 2787 3587 2857 ὴ
3629 2787 3692 2840 ὲκ

2116 2863 2449 2936 φαυλότητός
2478 2882 2536 2919 τε
2566 2867 2661 2921 καὶ
2678 2867 2995 2936 ἀσελγείας,
3023 2871 3114 2924 ἐπὶ
3144 2871 3204 2924 τὸ
3233 2872 3407 2927 θέλειν
3443 2874 3547 2946 ήδη
3576 2892 3692 2939 πως

2115 2956 2183 3010 τὰ
2218 2957 2426 3028 ἀμείνω
2455 2957 2590 3030 δρᾷν
2619 2976 2677 3013 τε
2721 2962 2816 3015 καὶ
2865 2964 3101 3032 φρονεῖν.
3151 2964 3319 3037 Τρίτη
3375 2964 3431 3019 δὲ
3491 2966 3695 3036 ταύτης

2118 3049 2530 3120 προφερεστέρα
2581 3049 2677 3103 καὶ
2705 3052 2762 3104 ὲν
2796 3051 3015 3127 εὐκλείᾳ
3046 3054 3272 3125 μείζονι,
3306 3057 3338 3127 ή
3388 3058 3453 3115 ὲκ
3480 3056 3578 3110 τοῦ
3609 3060 3694 3112 ὲν·

428 3150 675 3222 nequitia
702 3157 868 3219 atque
890 3144 1313 3216 intemperantia
1333 3159 1400 3200 eo
1421 3143 1719 3209 tendimus,
1742 3152 1804 3199 ut
1816 3144 1929 3214 jam
1951 3143 2010 3197 li-

2116 3140 2269 3209 δεοῦς
2309 3141 2403 3194 ἐπὶ
2452 3142 2512 3197 τὸ
2548 3143 2750 3214 ἀρτίως
2790 3144 2932 3216 ἔχον,
2983 3135 3302 3219 ψακτικῶς
3344 3166 3406 3203 τε
3439 3149 3556 3221 ἅμα
3596 3151 3696 3204 καὶ

426 3242 931 3300 ceatmelioratum
954 3238 1183 3306 sentire,
1202 3247 1319 3294 tum
1340 3237 1540 3293 facere.
1560 3236 1718 3310 165
1735 3236 1847 3295 Hac
1870 3252 2012 3308 pra:-

428 3333 663 3393 staltior
686 3340 775 3389 est
794 3330 958 3390 tertia
980 3339 1037 3385 et
1070 3329 1378 3402 gloriosior,
1398 3343 1531 3391 cum
1554 3344 1624 3383 ex
1643 3343 1710 3384 eo
1732 3336 1877 3383 statu
1924 3327 2013 3383 cui

428 3425 638 3497 aliquid
676 3423 843 3490 desit,
883 3421 955 3478 ad
991 3420 1389 3494 perfectionem
1435 3419 1709 3475 factorum
1754 3418 1916 3474 simul
1959 3426 2016 3473 et

428 3517 743 3588 δορατιιὼ
777 3514 1097 3570 transimus.
1124 3511 1325 3568 Annon
1368 3510 1633 3583 paulatim
1657 3509 1726 3565 ad
1746 3525 2012 3582 augmen-

430 3619 546 3665 tum
567 3607 717 3679 quod
736 3606 796 3660 in
814 3604 1034 3660 Christo
1058 3602 1405 3674 intelligitur,
1422 3602 1722 3668 tendimus,
1741 3617 1865 3657 cum
1887 3617 2014 3672 pro-

426 3700 647 3755 ﬁnimus
672 3697 737 3753 in
761 3696 939 3753 virum
962 3693 1291 3765 perfectum,
1316 3701 1373 3748 et
1403 3693 1753 3748 ascendimus
1774 3693 1830 3747 in
1853 3707 2010 3747 men-

426 3802 619 3843 suram
657 3784 836 3841 aetatis
876 3782 1237 3853 plenitudinis
1275 3783 1396 3854 ejus
1417 3781 1699 3852 “‘IAtque
1734 3781 1841 3836 hoc
1877 3782 2010 3836 illud

424 3885 512 3943 est
544 3875 798 3938 fortasse,
820 3873 971 3944 quod
1010 3872 1161 3931 beati
1200 3872 1356 3928 Pauli
1390 3886 1526 3931 voce
1566 3871 1729 3927 nobis
1759 3871 2010 3937 canitur,

433 3988 452 4021 ι
482 3968 837 4036 Eorumque
874 3974 1033 4031 retro
1073 3973 1222 4031 sunt,
1256 3964 1497 4029 oblitus,
1523 3964 1579 4019 in
1618 3978 1683 4019 ea
1706 3978 1838 4021 vero
1889 3980 2011 4035 qua:

426 4067 554 4120 ante
584 4065 746 4124 sunt,
787 4065 1073 4123 extentus,
1116 4055 1186 4111 ad
1225 4055 1559 4115 destinatum
1582 4070 1906 4126 persequor,
1939 4054 2025 4137 ad

426 4151 677 4211 brevium
713 4164 971 4220 supernae
993 4147 1299 4205 vocationis
1329 4147 1394 4200 ’⁸.
1432 4166 1451 4198 ι
1480 4146 1616 4203 Cum
1658 4146 1821 4218 igitur
1844 4146 2032 4218 spiri-,

426 4242 646 4300 tualiter
667 4256 739 4297 ex
764 4237 1076 4310 ignorantia
1104 4237 1172 4294 ad
1196 4236 1586 4308 cognitionem,
1611 4252 1678 4291 ex
1701 4237 1917 4292 inscitia
1939 4237 2007 4292 ad

424 4332 732 4397 scientiam,
754 4346 824 4386 ex
854 4329 1177 4385 inﬁdelitate
1198 4326 1268 4383 ad
1301 4326 1464 4383 ﬁdem
1494 4326 1917 4398 proﬁciscimur,
1945 4343 2008 4384 ac

424 4439 643 4495 semper
663 4424 722 4479 in
743 4422 1042 4479 virtutibus
1064 4420 1402 4491 proﬁcimus,
1426 4435 1609 4479 nonne
1641 4420 1698 4474 in
1730 4419 1910 4475 locum
1939 4435 2011 4475 ex

2117 3232 2484 3302 δογματικῶς.
2516 3235 2588 3287 Ἣ
2616 3235 2736 3306 οὐχὶ
2768 3236 2912 3290 κατὰ
2938 3237 3110 3310 βραχὺ
3139 3238 3274 3310 πρὸς
3312 3238 3540 3310 αύξησιν
3569 3239 3692 3312 ῖμεν

2114 3321 2213 3394 τὴν
2248 3324 2313 3377 ὲν
2358 3324 2581 3397 Χριστῷ
2634 3328 2951 3400 νοουμένην,
3005 3328 3410 3400 προκόπτοντες
3465 3314 3691 3401 μὲνείς

2115 3410 2283 3482 ἄνδρα
2307 3411 2528 3478 τέλειον,
2560 3414 3005 3485 ἀναθρώσκοντες
3030 3418 3088 3472 δὲ
3119 3420 3212 3473 καὶ
3238 3421 3315 3483 είς
3340 3420 3541 3492 μέτρον
3575 3422 3691 3494 ἠλι-

2114 3502 2238 3566 κίας
2261 3503 2356 3557 τοῦ
2400 3502 2771 3576 πληρώματος
2803 3508 3002 3575 αὐτοῦς
3046 3512 3217 3564 Τοῦτο
3261 3511 3401 3583 τάχα
3435 3512 3538 3565 πού
3573 3515 3691 3567 ἐστι

2086 3592 2174 3647 ’τὸ
2224 3593 2313 3652 διὰ
2365 3596 2550 3667 φωνῆς
2597 3596 2692 3651 τοῦ
2741 3597 3028 3654 θεσπεσίου
3084 3600 3297 3656 Παύλου
3348 3603 3690 3675 ὑμνούμενον

2111 3687 2281 3757 ἡμῖν·
2322 3707 2340 3741 ι
2377 3688 2500 3743 Τῶν
2537 3680 2635 3760 ιῙὲν
2684 3690 2860 3745 ὀπίσω
2911 3693 3424 3766 ἐπιλανθανόμενος,
3479 3700 3591 3761 τοῖς
3631 3695 3690 3751 δὲ

2111 3777 2418 3852 ἔμπροσθεν
2459 3782 2925 3852 ἐπεκτεινόμενος,
2961 3784 3101 3838 κατά
3145 3784 3346 3839 σκοπὸν
3386 3786 3568 3840 διώκω
3610 3789 3688 3851 είς

2111 3870 2169 3923 τὸ
2189 3870 2440 3943 βραϐεῖον
2461 3872 2560 3944 τῆς
2581 3873 2701 3935 ἀνω,
2713 3874 2974 3946 κλήσεως.
2991 3894 3010 3928 ι
3031 3877 3383 3947 ’Λπαίροντες
3410 3877 3464 3930 δὲ
3483 3878 3688 3947 νοητῶς

2111 3963 2170 4030 ἐξ
2199 3963 2422 4032 ἀγνοίας
2455 3965 2533 4029 είς
2554 3965 2871 4033 ἐπίγνωσιν,
2908 3965 2968 4032 ἐξ
2993 3964 3233 4039 ἀμαθίας
3256 3971 3337 4034 είς
3368 3969 3604 4033 σύνεσιν,
3629 3970 3686 4036 ἐξ

2110 4055 2369 4119 ἀπιστίας
2418 4056 2498 4120 είς
2533 4056 2736 4122 πίστιν,
2776 4058 2871 4111 καὶ
2900 4060 2987 4112 ἀεὶ
3024 4061 3424 4131 προκόπτοντες
3461 4062 3520 4114 ὲν
3557 4063 3688 4133 ἀρε-

2109 4147 2248 4208 ταῖς,
2284 4140 2374 4217 ἆρ’
2407 4146 2528 4217 οὐχὶ
2573 4147 2737 4201 τόπον
2784 4151 2849 4204 ὲκ
2896 4149 3062 4204 τόπου
3088 4149 3559 4223 νμεθορμιζόμεθα,
3594 4152 3687 4206 καὶ

2108 4238 2174 4319 ἐκ
2212 4236 2504 4303 διαθέσεως
2552 4230 2719 4311 ἤγουν
2750 4240 2915 4306 ἕξεως
2957 4246 3056 4314 τῆς
3096 4244 3310 4298 τοιᾶσδε
3362 4244 3547 4315 τυχὸν,
3603 4247 3684 4309 εἰς

2107 4328 2206 4400 τὴν
2241 4329 2452 4384 τοιάνδε
2481 4326 2547 4385 αὗ
2580 4331 2966 4405 μεθιστάμενοι
3001 4335 3397 4407 προσεοίκαμεν
3428 4336 3529 4407 ἤδη
3569 4353 3685 4400 πως

2107 4422 2221 4484 τοῖς
2253 4421 2500 4479 εἰωθόσιν
2527 4423 2856 4494 ὁδο,ιπορείν;

425 4518 547 4572 loco
568 4513 963 4585 demigramus,
984 4520 1044 4569 et
1064 4526 1133 4566 ex
1168 4518 1321 4566 certa
1346 4510 1579 4582 quadam
1634 4510 1924 4565 affectione
1975 4515 2072 4563 aut
2110 4509 2302 4569 habitu
2341 4510 2397 4565 in
2438 4511 2604 4569 alium
2645 4528 2747 4569 nos
2783 4515 3192 4583 transferentes,
3238 4518 3310 4573 iis
3339 4518 3433 4589 qui
3465 4517 3570 4573 iter
3601 4517 3683 4591 fa-

427 4612 608 4678 ciunt,
648 4624 834 4667 nonne
880 4622 1046 4679 quam
1090 4605 1358 4662 simillimi
1401 4605 1807 4676 quodammodo
1855 4605 2148 4662 videmur?

454 4706 692 4763 -rALL.
728 4703 979 4774 Intelligo
1002 4700 1150 4772 quod
1183 4700 1342 4757 dicis.

488 4799 650 4854 (ΠΒ.
688 4795 858 4866 Atqui
903 4809 1087 4863 neque
1130 4800 1192 4847 ut
1238 4808 1271 4848 a
1317 4793 1562 4864 nequitia
1597 4792 2000 4866 proﬁciscatur,

422 4905 601 4960 neque
630 4903 767 4943 vero
803 4894 865 4943 ut
911 4885 983 4941 ad
1026 4884 1256 4940 meliora
1300 4886 1606 4955 perveniat,
1638 4894 1696 4940 et
1732 4883 2001 4955 quodam-

422 4978 587 5035 modo
636 4978 895 5042 divertat,
942 4977 1207 5048 consequi
1254 4978 1463 5047 poterit
1510 4977 1832 5048 quisquam,
1895 4976 2002 5031 nisi

418 5070 642 5129 Christo
663 5068 864 5124 comite
885 5084 951 5127 ac
973 5068 1136 5126 duce.
1173 5069 1361 5139 Itaque
1387 5069 1594 5124 sanctis
1625 5067 1733 5122 illis
1754 5067 1999 5138 discipu-

418 5162 490 5217 lis
523 5159 783 5219 dicebat:
823 5179 842 5212 ι
876 5159 1012 5216 Sine
1060 5176 1150 5217 me
1196 5160 1339 5215 nihil
1382 5159 1614 5229 potestis
1647 5158 1829 5217 facere
1864 5161 1928 5212 ³³³.
1972 5179 1992 5212 ι

418 5255 599 5327 ΙκὶιιινΔ
619 5269 689 5310 ει
718 5267 785 5309 eo
807 5251 955 5323 quod
988 5261 1082 5309 est
1118 5251 1283 5307 simul
1318 5248 1614 5320 proﬁcisci,
1642 5247 1792 5304 nube
1816 5248 1992 5320 proii-

418 5349 680 5413 ciscente,
720 5346 995 5417 simulque
1035 5360 1160 5401 cum
1204 5343 1521 5413 quiescente
1552 5340 1859 5412 quiescere,
1884 5340 1995 5403 hoc

417 5440 688 5496 dcciarari
735 5454 835 5510 per
874 5439 1108 5508 amigma
1140 5434 1378 5499 videtur,
1403 5449 1513 5488 una
1544 5448 1669 5488 cum
1703 5420 1815 5488 Deo
1847 5440 1991 5497 eSse,

416 5539 473 5587 et
495 5531 680 5589 omnia
702 5547 829 5587 cum
852 5532 947 5585 illo
972 5530 1174 5584 facere.
1215 5526 1624 5591 Verumtamen,
1666 5525 1865 5598 inquit,
1890 5539 1989 5596 per

2022 4701 2076 4757 ,Β
2172 4699 2384 4755 ΠΑΛΔ.
2422 4702 2652 4772 Συνίημι
2679 4701 2708 4755 ὂ
2739 4704 2863 4776 φής.

2174 4791 2336 4845 ΚΥΡ.
2382 4791 2523 4845 Ἀλλ’
2555 4791 2679 4848 οὔτε
2704 4795 2801 4867 τὴν
2825 4796 2891 4850 ὲκ
2920 4796 3249 4869 φαυλότητος
3270 4799 3527 4871 ἄπαρσιν,
3557 4801 3683 4856 οὔτε

2107 4882 2214 4953 μὴν
2247 4882 2307 4936 τὸ
2338 4882 2676 4954 ἐφικνεῖσθαι
2714 4885 2874 4957 τυχὸν
2905 4888 3000 4941 καὶ
3026 4887 3450 4956 ἐγκαταυλίσθαι
3481 4890 3688 4961 τρόπον,

2098 4971 2221 5051 τινὰ
2253 4974 2366 5036 τοῖς
2409 4973 2692 5043 ἀμείνοσι,
2725 4974 3069 5047 κατορθῶσαί
3115 4995 3198 5041 τις
3232 4978 3564 5051 ἂνδυνηθῇ,
3602 4980 3690 5052 μὴ.

2099 5064 2220 5133 οὐχὶ
2249 5063 2497 5128 συνόντος
2530 5082 2589 5118 τε
2630 5065 2724 5119 καὶ
2755 5066 3060 5137 ἡγουμένου
3089 5068 3350 5140 Χριστοῦ.
3387 5069 3679 5141 Τοιγάρτοι

2101 5155 2330 5219 καὶτοῖς
2369 5156 2541 5225 ἁγίοις
2581 5157 2787 5227 ἔφασκε
2831 5157 3129 5229 μαθηταῖς’
3165 5179 3183 5212 ι
3219 5161 3403 5232 Χωρὶς
3438 5160 3578 5231 ἐμοῦ
3613 5167 3677 5221 οὐ

2100 5247 2329 5303 δύνασθε
2363 5252 2541 5303 ποιεῖν
2584 5249 2757 5304 οὐδέν.
2796 5270 2820 5303 ι
2856 5250 3067 5309 Οὐκοῦν
3111 5252 3172 5308 τὸ
3221 5255 3456 5310 συνεῖναί
3503 5271 3564 5308 τε
3602 5252 3678 5323 τῷ

2101 5341 2242 5412 Θεῷ,
2271 5343 2364 5397 καὶ
2400 5343 2497 5397 σὺν
2530 5342 2680 5415 αὐτῷ
2714 5344 2889 5399 πάντα
2930 5344 3092 5416 δρᾷν,
3119 5346 3446 5417 ύποφήνειεν
3491 5346 3558 5400 ἂν
3591 5348 3675 5399 αί-

2099 5433 2452 5504 νιγματωδῶς
2479 5435 2600 5488 τότε
2632 5435 2986 5507 συναπαίρειν
3017 5435 3325 5509 ἀπαιρούσῃ
3358 5441 3424 5511 τῇ
3457 5440 3673 5511 νεφέλῃ.

2098 5526 2192 5578 καὶ
2223 5525 2508 5599 ἡρεμούσῃ
2542 5529 2886 5598 συνηρεμεῖν.
2924 5528 3091 5600 Πλὴν,
3133 5528 3222 5585 διὰ
3254 5531 3690 5602 upon-crinium;

488 5708 947 5773 "lTim.111,12.
1024 5708 1067 5739 ’⁷
1096 5706 1294 5775 Ephes.
1328 5723 1400 5773 1v,
1425 5708 1650 5777 passim.
1727 5709 1771 5741 ’⁸
1798 5709 2036 5780 Philipp.
2066 5726 2144 5775 tu,
2175 5710 2258 5763 1'5.
2338 5711 2380 5742 "
2404 5711 2564 5768 Joan.
2594 5728 2684 5781 xv,
2711 5713 2761 5768 5.
