3966 6298
1407 291 1463 348 S.
1507 291 1779 349 CYRILU
1819 290 2288 350 ALEXANDRINI
2328 293 2643 352 ARCIIIEP.

3542 295 3642 353 400

385 420 470 476 An
523 432 657 474 vero
719 415 902 488 negari
963 419 1144 486 potest
1205 410 1339 482 quin
1384 411 1702 482 praedicatio
1749 411 1964 467 facilem

2080 413 2312 486 ἲεύομεν.
2346 416 2419 469 Ἢ
2451 416 2573 486 ούχὶ
2618 415 2774 484 λόγος
2815 415 2894 480 εἱς
2943 414 3211 489 ὀρθότητα
3240 414 3342 488 τήν
3381 415 3643 487 δογματι-

385 512 888 582 obsequentemque
915 509 1211 572 hominem,
1237 515 1292 561 et
1324 507 1474 564 illius
1507 506 1564 561 in
1587 506 1810 562 Christo
1839 509 1966 564 vita:

384 618 579 658 verum
604 613 922 665 amatorem,
948 599 1015 654 ad
1040 607 1245 654 rectam
1271 596 1588 669 dogmatum
1635 600 1965 656 sententiam

386 711 452 752 ac
477 712 690 751 morum
715 692 1112 750 correctionem
1142 690 1442 762 perducat?

457 786 656 843 PALL.
697 785 777 840 ita
806 783 1003 838 fateor.

459 875 617 932 CYR.
659 873 831 944 Igitur
879 871 1002 927 dua:
1041 877 1172 926 sunt
1220 871 1384 937 tubae,
1424 887 1546 942 qua:
1591 873 1854 944 populum
1895 873 1966 929 ad

387 963 804 1021 tabernaculum
843 970 1064 1034 cogunt.
1095 960 1202 1018 Sed
1241 963 1286 1017 si
1331 979 1439 1018 una
1474 962 1605 1018 tuba
1641 964 1964 1032 cecineriut,

395 1053 595 1122 inquit,
621 1052 850 1107 venient
876 1052 1033 1124 167
1069 1052 1139 1106 ad
1183 1061 1237 1107 te
1277 1066 1468 1108 omnes
1494 1053 1772 1124 principes
1798 1053 1968 1112 duces

391 1146 626 1200 ﬁliorum
655 1144 841 1199 Israel.
869 1143 1043 1214 Egent
1068 1143 1238 1207 enim,
1265 1151 1327 1198 ut
1352 1143 1568 1214 opinor,
1593 1145 1967 1201 admonitione

393 1246 561 1306 atque
627 1235 1012 1292 exhortatione
1071 1235 1150 1290 illi
1207 1250 1427 1306 quoque
1489 1235 1585 1306 qui
1641 1235 1969 1307 perfectiore

391 1337 519 1383 sunt
543 1327 733 1382 habitu
761 1344 775 1381 :
803 1327 900 1382 sed
938 1343 1050 1383 non
1088 1333 1257 1392 tanta,
1302 1335 1564 1398 quantam
1594 1328 1827 1398 requirit
1861 1344 1967 1384 cae-

393 1430 512 1474 tera
534 1417 864 1474 multitudo:
892 1417 963 1472 ob
985 1432 1216 1489 eamque
1239 1433 1354 1472 rem
1378 1417 1514 1474 alios
1535 1417 1757 1489 quidem
1779 1434 1970 1476 omnes

395 1510 520 1564 duae
540 1507 631 1563 vix
653 1517 958 1564 convocant
982 1509 1149 1574 tubae,
1175 1509 1270 1564 sed
1313 1509 1545 1564 eximios
1572 1525 1710 1578 una;
1739 1509 1969 1581 sapienti

394 1615 628 1670 namque
651 1613 824 1671 pauca
850 1607 982 1655 sunt
1006 1599 1139 1655 satis
1167 1617 1180 1653 :
1207 1608 1262 1655 et
1285 1599 1626 1655 occasionem
1660 1599 1705 1655 si
1742 1615 1970 1670 accepe-

393 1693 486 1756 rit,
513 1691 736 1763 adjiciet
756 1691 1048 1762 reliquum,
1073 1692 1226 1763 juxta
1250 1691 1386 1746 illud
1410 1709 1423 1744 :
1461 1709 1480 1743 ι
1512 1693 1588 1747 Da
1610 1693 1841 1762 sapienti
1873 1708 1969 1749 oc-

393 1753 695 1848 casionem,
725 1790 784 1836 et
825 1753 1124 1852 sapientior
1168 1781 1306 1848 erit;
1352 1791 1546 1836 notum
1593 1753 1689 1837 fac
1717 1782 1886 1854 justo,
1910 1790 1970 1838 et
2002 1753 2045 1811 Β

393 1873 616 1947 adjiciet
652 1873 903 1946 accipere
927 1875 990 1928 ³⁸.
1025 1894 1043 1927 ι
1077 1873 1282 1930 Deinde
1307 1873 1472 1945 jussit
1521 1881 1584 1930 ut
1617 1881 1854 1944 quatuor
1877 1873 1974 1930 da-

396 1975 590 2022 rentur
635 1967 916 2037 signorum
959 1965 1306 2030 diﬂ‘erentiee,
1332 1965 1533 2036 quibus
1573 1971 1752 2021 castra
1781 1981 1972 2023 move-

389 2066 610 2124 rentur,
633 2073 698 2114 ac
720 2056 1203 2129 proﬁciscerentur
1246 2057 1341 2126 qui
1385 2056 1454 2111 ad
1499 2057 1770 2112 orientem
1797 2066 1856 2114 et
1883 2073 1976 2114 oc-

396 2151 702 2216 cidentem,
746 2149 1057 2220 aquilonem
1101 2158 1158 2204 et
1203 2157 1451 2204 austrum
1497 2159 1714 2204 essent
1743 2165 1844 2220 per
1869 2151 1975 2207 hoc

400 2243 566 2314 igitur
597 2241 834 2297 arbitror
871 2248 1109 2312 quatuor
1141 2234 1561 2311 Evangeliorum
1600 2240 1773 2296 libros
1803 2241 1974 2313 signi-

400 2330 572 2399 ﬁcari,
597 2349 697 2404 per
717 2347 858 2404 quos
878 2331 1196 2404 dogmatum
1232 2331 1398 2387 simul
1440 2346 1506 2386 ac
1550 2347 1766 2388 morum
1799 2333 1976 2388 scien-

391 2426 476 2480 tia
513 2425 808 2481 universus
842 2423 996 2479 orbis
1018 2423 1306 2479 imbuitur.
1330 2421 1410 2478 Ac
1434 2422 1480 2478 si
1511 2422 1662 2478 aliud
1693 2423 1976 2494 quidpiam

396 2516 818 2588 excogitandum
845 2515 1248 2584 dicendumque
1273 2513 1366 2580 sit,
1395 2513 1534 2569 nihil
1563 2514 1974 2581 cunctabimus;

397 2616 457 2664 et
482 2607 694 2662 inertiae
724 2621 791 2660 ac
828 2605 1006 2660 labori
1031 2605 1288 2660 utilitatis
1312 2604 1810 2661 considerationem
1834 2622 1977 2676 prae-

399 2695 663 2750 feremus.
687 2691 900 2748 Nostrae
921 2692 1088 2765 igitur
1108 2692 1518 2764 praedicationis
1533 2702 1770 2766 quatuor
1787 2695 1980 2753 discri-

405 2785 551 2841 mina
595 2783 957 2854 reperiemus,
1000 2798 1102 2854 per
1143 2799 1267 2855 qua:
1308 2783 1602 2842 universus
1641 2786 1794 2842 orbis
1837 2788 1981 2860 opti—

392 2890 569 2941 mam,
596 2889 664 2930 ac
685 2889 877 2930 revera
908 2874 1350 2945 probatissimam
1379 2876 1508 2932 vitae
1538 2877 1803 2935 rationem
1829 2887 1980 2936 tene-

404 2965 514 3031 bit;
538 2979 708 3018 unum
730 2979 796 3019 ac
818 2963 1076 3035 primum,
1105 2979 1216 3035 quo
1241 2966 1308 3021 ad
1333 2967 1583 3024 veritatis
1610 2969 1977 3041 cognitionem

2069 506 2170 577 κὴν
2194 507 2289 560 zeal
2308 507 2389 571 είς
2417 507 2564 577 ήθῶν
2591 505 2966 578 ἐπανόρθωσιν
2991 507 3257 579 ἀποφέρει
3288 507 3384 562 τὸν
3429 507 3642 578 ἐπιεικῆ

2068 597 2162 650 zeal
2189 594 2333 669 ζωῆς
2363 598 2460 669 τῆς
2494 597 2552 651 ἐν
2589 597 2811 669 Χριστῷ
2842 597 3064 669 γνήσιον
3092 598 3364 669 ὲραστήνς

2139 775 2348 829 ΠΑΛΔ.
2379 773 2536 827 Οὕτω
2564 774 2725 846 φημί.

2139 865 2301 919 ΚΥΡ.
2334 865 2543 919 Οὐκοῦν
2569 865 2663 918 δύο
2699 864 2796 936 μὲν
2823 865 2882 918 αἱ
2921 864 3240 932 σάλπιγγες,
3276 863 3650 933 αἱ-συλλέγου-

2070 973 2161 1010 σαι
2197 955 2288 1010 τὸν
2325 955 2452 1012 λαδν
2494 958 2585 1010 ἐπὶ
2615 957 2712 1028 τὴν
2758 959 2984 1028 σκηνήν.
3035 957 3161 1011 Ἐὰν
3208 957 3264 1010 δὲ
3311 959 3409 1028 μιᾷ
3455 955 3648 1011 σαλπί-

2071 1064 2238 1113 σωσι,
2289 1048 2460 1120 φησὶ,
2513 1048 2970 1120 προσελεύσονται
3031 1048 3170 1119 πρὸς
3223 1049 3284 1102 σὲ
3344 1050 3548 1114 πάντες
3596 1049 3647 1103 σί

2068 1136 2328 1207 ἄρχοντες
2361 1137 2596 1207 ἀρχηγοὶ
2643 1136 2774 1190 υἱῶν
2816 1136 3056 1209 Ἰσραήλ.
3088 1139 3208 1190 Δεῖν
3241 1138 3340 1209 μὲν
3369 1137 3478 1209 γὰρ
3517 1139 3647 1192 ὑπο-

2068 1228 2331 1295 λαμϐάνω
2369 1229 2765 1300 παρακλήσεώς
2803 1247 2861 1283 τε
2911 1231 3004 1284 zeal
3037 1232 3384 1302 προτροπῆς,
3417 1233 3513 1285 καὶ
3535 1234 3647 1296 τοῖς

2069 1321 2167 1392 τήν
2193 1321 2307 1388 ἕξιν
2328 1322 2680 1394 τελειοτέροις
2701 1362 2716 1385 ,
2761 1321 2899 1393 πλὴν
2925 1323 2985 1375 οὺ
3005 1323 3274 1394 τοσαύτης
3303 1323 3549 1395 ὅσησπερ
3580 1323 3647 1377 ἂν

2069 1415 2241 1470 δέοιτο
2259 1415 2356 1469 zeal
2387 1416 2420 1486 ή
2448 1414 2558 1468 τῶν
2594 1413 2796 1486 ἑτέρων
2825 1413 3060 1485 πληθύς·
3082 1413 3173 1467 διὰ
3205 1415 3358 1468 τοῦτο
3390 1417 3516 1479 τοὺς
3549 1415 3646 1486 μὲν

2071 1507 2264 1571 ἀλλους
2312 1507 2558 1570 ἅπαντας
2601 1505 2694 1560 δύο
2742 1504 2896 1576 μόλις
2939 1505 3272 1560 ἀνακαλοῦσι
3323 1505 3642 1576 σάλπιγγες,

2075 1601 2172 1672 μία
2213 1599 2270 1654 δὲ
2315 1598 2443 1663 τοὺς
2485 1597 2922 1670 ὲξειλεγμένουςυ
2966 1597 3126 1670 ἀρκεῖ
3179 1599 3290 1670 γὰρ
3346 1599 3529 1668 ὀλίγον
3569 1599 3646 1672 τῷ

2075 1690 2244 1762 σοφῷ,
2279 1691 2373 1745 καὶ
2408 1689 2660 1763 ἀφορμήν
2688 1691 2738 1744 εἱ
2775 1689 2952 1757 λάϐοι,
2993 1691 3292 1762 προσθήσει
3336 1690 3400 1746 τὸ
3437 1691 3644 1758 λεῖπον,

2073 1783 2218 1840 κατά
2253 1782 2315 1839 τὸ
2340 1801 2356 1816 ο
2409 1801 2430 1836 e
2469 1783 2624 1838 Δὶδου
2671 1782 2822 1856 σοφῷ
2863 1783 3152 1856 ἀφορμὴν,
3203 1785 3298 1839 zeal
3339 1783 3646 1860 σοφώτερος

2073 1876 2244 1932 ἔσται·
2267 1875 2501 1948 γνώριζε
2521 1875 2734 1948 δικαίῳ,
2764 1877 2859 1931 zeal
2878 1875 3180 1948 προσθήσει
3201 1876 3296 1931 τοῦ
3316 1876 3584 1948 δέχεσθαι.
3619 1895 3638 1929 z

2072 1965 2206 2024 Εἶτα
2240 1967 2578 2042 προστέταχε
2606 1967 2879 2038 τέσσαρας
2913 1967 3182 2022 ποιεῖσθαι
3212 1967 3498 2039 σημασιῶν
3533 1968 3646 2022 διας

2073 2060 2245 2134 φορὰς
2266 2100 2282 2125 ,
2311 2058 2453 2113 ῶστε
2483 2059 2549 2112 δι’
2581 2057 2759 2112 αὐτῶν
2781 2055 3175 2125 ἀναζευγνύναι
3194 2074 3254 2110 τε
3273 2056 3369 2110 zeal
3391 2056 3646 2128 ἀπαίρειν

2072 2152 2198 2216 τούς
2229 2169 2288 2205 τε
2334 2150 2470 2223 πρὸς
2497 2149 2580 2220 ἠῶ
2612 2149 2705 2203 καὶ
2753 2148 2896 2213 λίϐα,
2942 2147 3114 2220 βορρᾶ
3147 2149 3240 2202 zeal
3280 2147 3465 2202 νότον·
3495 2145 3645 2220 οἶμαι

2073 2239 2166 2296 οὖν
2199 2241 2298 2306 τὰς
2324 2241 2600 2313 τέσσαρας
2633 2242 2768 2311 ήμῖν
2808 2239 2915 2293 τῶν
2949 2238 3296 2308 Εὐαγγελίων
3327 2241 3646 2311 συγγραφὰς

2073 2332 2161 2386 διὰ
2190 2333 2380 2387 τούτου
2415 2329 2796 2402 σημαίνεσθαι,
2828 2329 2893 2384 δι’
2924 2323 2998 2384 ὧν
3029 2331 3058 2384 6
3106 2330 3327 2402 σύμπας
3371 2332 3648 2401 παιδαγω-

2074 2427 2252 2493 γεῖται
2281 2423 2484 2495 κόσμος
2517 2422 2652 2493 πρὸς
2687 2421 3025 2492 δογματικήν
3065 2439 3124 2475 τε
3152 2421 3268 2492 ἅμα
3314 2422 3409 2476 zeal
3453 2422 3648 2493 ἠθικὴν

2077 2515 2410 2584 ἐπιστήμην.
2458 2513 2519 2565 El
2548 2512 2606 2566 δὲ
2645 2512 2708 2583 δή
2734 2529 2788 2564 τι
2821 2512 2925 2584 χρὴ
2958 2512 3052 2567 zeal
3081 2512 3267 2584 ἕτερον
3301 2511 3651 2578 ἐπινοοῦντας

2076 2605 2275 2674 λέγειν,
2321 2604 2729 2675 κατοκνήσομεν
2759 2604 3043 2674 οὐδαμῶς,
3091 2602 3258 2662 ὕπνου
3297 2605 3390 2660 καὶ
3433 2605 3653 2677 ἱδρῶτος

2077 2697 2360 2770 κρείττονα
2387 2697 2487 2768 τὴν
2531 2693 2624 2748 τοῦ
2671 2694 2939 2768 χρησίμου
2974 2695 3290 2767 ποιούμενοι
3325 2696 3519 2769 θήραν.
3547 2697 3653 2751 Λό-

2077 2805 2175 2858 γου
2215 2785 2504 2858 τοιγαροῦν
2534 2783 2628 2838 τοῦ
2676 2787 2806 2856 παρ’
2857 2787 2993 2856 ήμῖν
3041 2786 3312 2858 τέσσαρας
3347 2787 3653 2859 εὑρήσομεν

2077 2879 2178 2943 τὰς
2208 2876 2504 2948 διαφορὰς,
2531 2875 2598 2929 δι’
2624 2869 2699 2931 ὧν
2732 2877 2766 2948 ή
2800 2875 3066 2948 σύμπασα
3098 2878 3170 2948 γῆ
3217 2877 3310 2931 τὸν
3343 2877 3564 2950 ἄριστόν
3594 2893 3654 2932 τε

2078 2971 2173 3024 zeal
2199 2968 2480 3038 εὐδόκιμον
2514 2965 2730 3034 ἀληθῶς
2757 2966 3094 3038 κατορθώσει
3123 2966 3265 3038 βίον·
3303 2968 3401 3040 μία
3434 2968 3534 3040 μὲν
3562 2965 3657 3023 οὖν

403 3071 470 3111 ac
506 3054 733 3109 luminis
788 3055 959 3110 divini
1008 3058 1414 3128 susceptionem
1452 3074 1650 3116 vocare
1686 3062 1978 3118 consuevi-

2084 3062 2199 3114 ἔστι
2225 3061 2319 3114 zeal
2346 3059 2559 3132 πρώτη,
2590 3057 2656 3113 δι’
2681 3052 2748 3132 ἧς
2786 3058 2920 3130 πρὸς
2945 3059 3240 3128 ἐπίγνωσιν
3268 3059 3522 3131 ἀληθείας
3559 3063 3658 3116 zeal

407 3164 530 3205 inus
591 3161 687 3204 eos
741 3148 835 3220 qui
869 3156 1134 3205 creatura:
1178 3150 1360 3220 potius
1385 3166 1551 3222 quam
1583 3152 1829 3209 Creatori
1865 3170 1984 3211 ser-

407 3241 596 3306 viunt,
635 3255 701 3296 ac
742 3241 909 3296 stulte
949 3241 1097 3313 ligno
1137 3240 1332 3296 dicunt
1366 3260 1380 3296 :
1415 3243 1576 3299 Pater
1602 3260 1760 3301 meus
1796 3261 1856 3302 es
1889 3254 1944 3302 tu
1967 3288 1982 3314 ,

405 3341 460 3388 et
503 3331 673 3405 lapidi
713 3349 728 3387 :
764 3331 847 3387 Tu
863 3347 950 3388 me
995 3331 1235 3404 genuisti
1271 3333 1338 3400 ³⁸,
1386 3342 1448 3389 ιιι
1483 3335 1764 3407 propheta
1800 3339 1987 3394 verbis

397 3434 552 3481 utar.
589 3425 663 3480 lis
703 3433 886 3482 autem
927 3425 1023 3497 qui
1059 3427 1174 3498 jam
1217 3426 1592 3494 crediderunt,
1628 3430 1735 3484 tria
1773 3431 1984 3503 reliqua

393 3516 814 3588 ‘pmdicationis
869 3533 1068 3589 genera
1119 3527 1243 3589 apte
1293 3519 1654 3586 convenient;
1711 3521 1984 3592 siquidem

407 3609 572 3665 etiam
613 3609 717 3664 tria
752 3624 872 3665 esse
910 3609 1038 3664 vita:
1067 3625 1133 3665 ac
1174 3612 1612 3668 conversationis
1637 3629 1834 3684 genera
1862 3615 1984 3671 Sal-

397 3708 566 3754 vator
608 3698 828 3764 docuit;
871 3698 1012 3753 dixit
1055 3698 1226 3764 enim,
1263 3700 1413 3770 jacta
1450 3701 1544 3758 illa
1575 3704 1632 3757 in
1657 3709 1860 3759 terram
1887 3706 1986 3760 bo-

403 3804 536 3845 nam
573 3789 784 3844 semina
814 3788 1010 3844 fecisse
1052 3788 1314 3854 fructum,
1345 3805 1516 3845 unum
1552 3793 1773 3862 quidem
1801 3803 1986 3850 cente-

408 3876 634 3942 simum,
673 3877 909 3932 alterum
945 3893 1078 3934 vero
1117 3879 1536 3950 sexagesimum,
1569 3883 1792 3948 tertium
1832 3883 1985 3940 deni-

411 3985 518 4040 que
560 3967 899 4023 tricesimum
929 3969 994 4024 ".
1037 3969 1244 4026 Horum
1279 3970 1446 4043 igitur
1483 3973 1780 4045 unicuique
1810 3993 1985 4049 genus

403 4056 542 4113 item
584 4068 668 4114 est
711 4058 985 4130 quoddam
1028 4061 1296 4118 sermonis
1338 4063 1574 4120 maxime
1609 4069 1978 4126 conveniens:

412 4165 592 4223 neque
633 4152 784 4208 enim
835 4159 984 4208 recte
1029 4151 1342 4220 fecerimus,
1385 4154 1432 4210 si
1477 4155 1736 4227 legitimis
1773 4160 1980 4230 nuptiis

401 4243 756 4314 ronjunctos,
783 4241 854 4298 ob
877 4257 1110 4314 eamque
1149 4258 1266 4299 rem
1290 4244 1403 4301 Deo
1434 4261 1499 4302 ac
1523 4247 1730 4304 mundo
1751 4248 1978 4320 divisos,

2087 3156 2168 3219 εἱς
2200 3152 2466 3224 ἀνάληψιν
2503 3151 2649 3206 θείου
2689 3153 2866 3222 φωτὸς
2894 3151 3079 3206 καλεῖν
3117 3152 3399 3224 εἰθίσμεθα
3433 3155 3561 3218 τοὺς
3589 3157 3657 3226 τῇ

2087 3247 2264 3303 κτίσει
2295 3245 2446 3317 παρὰ
2467 3244 2559 3299 τὸν
2591 3243 2830 3314 κτίστην
2858 3243 3306 3315 λελατρευκότας,
3348 3246 3444 3300 zeal
3471 3245 3659 3313 λέγον-

2085 3357 2185 3404 τας
2227 3337 2454 3410 ἀμαθῶς
2511 3335 2588 3407 τῷ
2646 3335 2820 3407 ξύλῳ⁸
2849 3336 3039 3407 Πατήρ
3079 3352 3182 3406 μου
3233 3333 3284 3390 εἱ
3315 3336 3404 3401 σὺ,
3457 3335 3658 3408 καὶτῷ

2085 3431 2217 3501 λίθῳ
2242 3447 2258 3463 ο
2303 3430 2376 3483 Σὺ
2409 3426 2705 3499 ἐγέννησας
2764 3445 2868 3499 με,
2917 3427 3058 3481 κατὰ
3087 3428 3186 3497 τήν
3236 3427 3329 3482 τοῦ
3377 3429 3656 3501 προφήτου

2086 3522 2292 3594 φωνήν.
2336 3521 2464 3583 Τοῖς
2508 3536 2573 3589 γε
2616 3521 2722 3591 μὴν
2761 3519 2864 3591 ήδη
2913 3518 3363 3583 πεπιστευκόσιν,
3409 3520 3468 3572 αἱ
3509 3523 3658 3592 τρεῖς

2083 3613 2270 3685 ἕτεραι
2318 3611 2414 3665 τοῦ
2464 3610 2624 3680 λόγου
2675 3611 2930 3680 διαφοραὶ
2981 3610 3240 3682 πρέποιεν
3278 3610 3345 3665 ἂν
3395 3611 3651 3675 είκότωςο

2085 3705 2205 3758 ἐπεί
2231 3721 2311 3759 τοι
2339 3704 2434 3758 zeal
2465 3704 2613 3773 τρεῖς
2643 3697 2785 3756 εἶναι
2817 3701 2934 3772 βίου
2963 3701 3060 3755 zeal
3089 3700 3363 3764 πολιτείας
3394 3702 3657 3772 διαφορὰς

2084 3795 2360 3850 ἐδίδασκεν
2399 3797 2428 3849 6
2455 3795 2680 3865 Σωτήρο
2715 3794 2820 3864 ἔφη
2864 3795 2970 3862 γὰρ
3007 3793 3111 3858 ὅτι,
3135 3793 3203 3846 τά
3248 3793 3657 3865 καταϐληθέντα

2083 3888 2194 3942 τῶν
2223 3887 2550 3960 σπερμάτων
2579 3887 2673 3940 ἐπὶ
2696 3885 2793 3956 τὴν
2825 3884 2995 3956 καλὴν
3021 3889 3124 3956 γῆν
3173 3886 3397 3957 ἐποίησε
3420 3885 3654 3956 καρπὸν,

2081 3980 2112 4033 6
2136 3978 2234 4050 μὲν
2266 3976 2480 4043 ἑκατὸν,
2508 3978 2538 4031 6
2557 3975 2612 4030 δὲ
2644 3974 2926 4046 ἐξήκοντα,
2953 3976 2983 4030 6
3015 3974 3074 4028 δὲ
3101 3974 3417 4047 τριάκοντα.
3447 3974 3657 4029 οὐκοῦν

2083 4070 2199 4126 ἑστὶ
2223 4087 2306 4134 τις
2331 4068 2545 4141 ἑκάστῳ
2571 4067 2681 4122 τῶν
2707 4067 2966 4122 τοιούτων
2984 4107 3000 4132 ,
3029 4068 3058 4120 6
3082 4067 3233 4138 αύτῷ
3260 4067 3493 4140 μάλιστα
3526 4067 3658 4141 πρὲο

2085 4179 2204 4217 πων
2230 4161 2390 4231 λόγος
2412 4173 2428 4188 °
2453 4159 2515 4213 οὐ
2537 4159 2648 4231 γάρ
2677 4177 2763 4212 πω
2788 4158 3021 4230 δρῶντες
3049 4159 3244 4230 ὀρθῶς,
3273 4161 3398 4222 τοὺς
3429 4158 3547 4229 Θεῷ
3567 4161 3659 4213 καὶ

2081 4255 2274 4327 κόσμῳ
2297 4252 2734 4324 μεμερισμένους
2748 4290 2762 4315 ,
2791 4249 2881 4304 διὰ
2899 4249 2962 4303 τὸ
2980 4251 3122 4303 κατὰ
3142 4249 3304 4320 νόμον
3328 4249 3658 4320 ύπεζεῦχθαι

404 4339 468 4388 'e't
526 4349 622 4389 eos
667 4333 798 4388 item
854 4334 948 4406 qui
987 4335 1498 4407 praestantissimam
1551 4353 1617 4394 ac
1669 4339 1978 4412 religiosam

2086 4347 2318 4418 γάμοις,
2349 4345 2446 4399 zeal.
2481 4344 2607 4407 τοὺς
2634 4343 2726 4397 τὸν
2761 4341 3092 4413 πανάριστόν
3123 4359 3184 4396 τε
3224 4342 3318 4396 zeal
3361 4342 3658 4412 ἀσκητικὸν

402 4425 602 4489 Vitam,
631 4435 726 4481 aut
758 4437 949 4497 aptam
995 4427 1318 4482 sacerdotali
1355 4429 1570 4485 muneri
1602 4443 1978 4504 susceperunt,

2088 4434 2516 4506 ἐπανελομένους
2547 4432 2690 4502 βίον,
2719 4433 2887 4504 ήγουν
2913 4432 3006 4486 τὸν
3041 4431 3308 4504 ἱερωσύνῃ
3345 4433 3656 4503 πρέποντα,

413 4512 608 4570 iisdem
629 4517 983 4572 sermonibus
1015 4517 1168 4571 nullo
1198 4517 1514 4574 discrimine
1531 4520 1804 4591 juvandos
1823 4531 1986 4592 puta-

414 4603 679 4670 verimus,
711 4602 806 4661 sed
846 4602 953 4661 illis
987 4605 1212 4676 quidem
1251 4607 1536 4664 dicemus:
1571 4627 1590 4660 ο
1619 4609 1886 4682 Alligatus
1927 4626 1988 4668 es

414 4696 613 4752 uxori?
655 4696 767 4752 noli
808 4711 1056 4766 quan-ere
1112 4697 1468 4766 solutionem;
1533 4701 1746 4758 solutus
1799 4718 1862 4758 es
1917 4704 1987 4759 ab

417 4788 620 4844 uxore?
641 4787 752 4844 noli
776 4803 1023 4859 quaerere
1047 4804 1274 4846 uxorem
1300 4792 1378 4858 ³⁸;
1401 4810 1420 4844 z
1443 4799 1498 4846 et
1522 4807 1864 4865 quaecunque
1882 4795 1989 4850 alia

414 4881 765 4935 matrimonio
803 4881 1012 4951 junctis
1056 4889 1112 4936 et
1153 4883 1359 4938 sentire
1395 4887 1652 4940 convenit
1685 4894 1741 4942 et
1781 4886 1983 4942 facere.

420 4971 706 5042 Religiosis
733 4979 940 5037 autem,
970 4980 1027 5028 et
1049 4973 1142 5044 qui
1175 4975 1468 5030 severioris
1489 4975 1612 5031 vitae
1635 4977 1986 5048 asperitatem

420 5061 654 5116 tolerare
695 5061 1060 5128 decreverint,
1093 5083 1111 5116 ι
1143 5065 1463 5121 Mortiﬁcate
1504 5068 1748 5122 membra
1782 5077 1984 5135 vestra,

417 5165 541 5220 qua:
581 5159 709 5206 sunt
748 5166 911 5223 super
948 5161 1151 5210 terram
1179 5195 1194 5219 ,
1257 5154 1704 5221 fornicationem,
1751 5156 1988 5214 immun-

417 5241 630 5307 ditiam,
684 5241 992 5312 libidinem,
1055 5247 1556 5317 concupiscentiam
1616 5248 1814 5302 malam
1837 5250 1901 5303 ³ο.
1957 5269 1981 5302 ι

421 5333 582 5404 168
600 5334 668 5389 Et
689 5333 877 5400 illud,e
901 5335 1019 5390 Non
1047 5345 1178 5391 sunt
1197 5339 1480 5411 condigna:
1504 5340 1789 5410 passiones
1820 5341 1985 5413 hujus

419 5426 680 5495 temporis
709 5416 779 5482 ad
827 5427 1072 5492 futuram
1109 5415 1358 5497 gloriam,
1385 5446 1507 5501 qua:
1550 5431 1887 5488 revelabitur
1926 5433 1982 5489 in

417 5517 578 5573 nobis
605 5518 672 5573 “.
709 5536 728 5572 ι
763 5517 836 5573 lis
882 5516 1121 5588 denique
1155 5520 1251 5590 qui
1289 5521 1359 5577 ad
1390 5523 1757 5580 sacerdotium
1805 5527 1983 5583 vocati

504 5643 763 5721 {pl-31v;
761 5659 836 5710 rx,
858 5644 914 5700 9.
989 5645 1034 5677 ³⁸
1055 5647 1214 5721 139m.
1240 5667 1280 5718 ι,
1305 5651 1366 5718 7;
1389 5651 1500 5710 Jer.
1529 5669 1587 5721 ιι,
1612 5654 1700 5710 27.

422 5725 516 5778 vn,
541 5712 593 5770 8.
656 5714 702 5745 ‘°
727 5713 883 5768 Rom.
917 5730 1033 5783 vm,
1061 5715 1149 5771 18.

1813 5632 2072 5717 "Matth.
2101 5674 2215 5724 xm,
2240 5656 2329 5713 25.
2409 5657 2452 5690 ⁸⁸
2477 5655 2498 5712 Ι
2521 5655 2649 5712 (201⁸.
2674 5671 2771 5722 νη,
2795 5655 2884 5709 Ἦν

2085 4529 2198 4591 τοῖς
2216 4526 2351 4588 ίσοις
2367 4525 2695 4594 ἀφυλάκτοις
2708 4521 3062 4595 ὠφελήσομεν
3079 4521 3278 4590 λόγοις,
3301 4521 3417 4576 ἀλλ’
3435 4521 3660 4586 ἐκείνοις

2093 4619 2190 4690 μὲν
2226 4615 2492 4690 ἐροῦμενο
2540 4633 2560 4667 ι
2609 4614 2833 4668 Δέδεσαι
2872 4614 3131 4683 γυναικί;
3171 4613 3246 4684 μὴ
3284 4613 3437 4685 ζήτει
3474 4613 3656 4668 λύσιν·

2087 4710 2310 4764 λέλυσαι
2341 4707 2449 4764 ἀπὸ
2476 4706 2769 4775 γυναικόςς
2805 4705 2879 4776 μή
2905 4705 3056 4777 ζήτει
3081 4707 3346 4775 γυναῖκα·
3384 4725 3402 4758 ι
3447 4705 3541 4759 zeal
3559 4705 3660 4758 ὅσα

2087 4803 2200 4865 τοῖς
2231 4799 2602 4871 γεγαμηκόσιν
2635 4795 2861 4868 ἁρμόζει
2894 4798 3111 4866 φρονεῖν
3142 4813 3200 4850 τε
3230 4797 3326 4850 zeal
3356 4796 3509 4867 δρᾷν.
3535 4797 3661 4860 Τοῖς

2087 4909 2154 4960 γε
2197 4891 2306 4963 μὴν
2332 4891 2653 4960 ἀσκητικοῖς
2688 4888 2783 4942 zeal
2817 4889 3102 4959 καρτερεῖν
3146 4887 3437 4957 ἐγνωκόσι·
3491 4905 3511 4938 e
3559 4888 3660 4940 Ns-

2088 4981 2340 5054 κρώσατε
2373 4979 2444 5035 τὰ
2472 4979 2610 5050 μέλη
2640 4978 2795 5050 ὑμῶν
2837 4978 2906 5034 τὰ
2945 4979 3039 5032 ἐπὶ
3066 4977 3168 5049 τῆς
3209 4978 3348 5045 γῆς,
3384 4978 3659 5049 πορνείαν,

2089 5073 2450 5144 ἀκαθαρσίαν,
2473 5071 2664 5137 πάθος,
2684 5069 2974 5142 ἐπιθυμίαν
2995 5072 3192 5140 κακήν.
3215 5088 3234 5122 ι
3263 5071 3370 5122 Καὶ
3390 5070 3472 5134 τὸ,
3503 5087 3520 5119 ι
3550 5071 3663 5121 Οὐκ

2089 5164 2214 5230 ἄξια
2237 5164 2306 5217 τά
2338 5163 2638 5233 παθήματα
2663 5162 2757 5216 τοῦ
2783 5162 2880 5215 νῦν
2913 5162 3107 5230 καιροῦ
3138 5161 3273 5233 πρὸς
3309 5160 3410 5231 τὴν
3441 5160 3664 5231 μέλλου-

2091 5272 2188 5309 σαν
2226 5253 2384 5319 δόξαν
2429 5252 2880 5322 ἀποκαλυφθῆναι
2918 5253 2998 5314 είς
3040 5252 3207 5322 ἡμᾶς.
3247 5270 3265 5302 ι
3304 5252 3430 5314 Τοῖς
3473 5251 3533 5304 δὲ
3569 5267 3660 5303 κε-

2089 5346 2381 5418 κλημένοις
2409 5345 2489 5409 εἱς
2519 5344 2839 5415 ἱερωσύνην·
2883 5362 2900 5396 ι
2938 5343 3110 5413 Χείλη
3150 5343 3339 5415 ἱερέως
3372 5342 3663 5410 φυλάξεται

2088 5437 2326 5507 γνῶσιν,
2369 5437 2465 5490 zeal
2507 5436 2669 5506 νόμον
2713 5435 3106 5506 ὲκζητήσουσιν
3154 5437 3220 5488 ὲκ
3259 5433 3526 5503 στόματος
3568 5433 3665 5486 αύ-

2085 5527 2204 5592 τοῡ,
2240 5545 2258 5579 ι
2292 5525 2387 5580 zeal
2423 5525 2523 5579 ὅσα
2565 5524 2814 5596 Τιμοθέῳ
2843 5525 3131 5596 παρεγγυᾷ
3159 5523 3388 5596 γράφων
3424 5524 3456 5576 6
3487 5521 3665 5592 σοφὼο

2982 5656 3025 5688 ³³
3047 5655 3256 5711 Coloss.
3303 5671 3382 5724 ιιι,
3407 5657 3470 5726 5;
3504 5657 3660 5712 Rom.
