3966 6298
303 289 396 348 δθέ

1042 312 1128 368 DE
1161 314 1602 378 ADOIHLTIONE
1642 324 1706 380 IN
1749 325 2016 382 SPI‘RITU
2057 327 2144 382 ET
2191 328 2566 384 VERIT-ATE.
2603 324 2727 384 LIB.
2770 329 2833 387 V.

3448 332 3566 393 ωε

302 422 454 508 amo?
498 408 728 477 Παῦλος.
767 410 918 488 ’Δρά-
941 438 1045 492 μοι,
1076 426 1170 479 τοῦ
1202 429 1503 502 πρέποντος
1534 435 1756 508 ἐξέρπει
1798 456 1840 492 τ;

1968 438 2209 504 fuerint,
2258 457 2277 490 ι
2325 439 2494 498 Labia
2537 439 2841 496 sacerdotis
2887 441 3196 497 custodient
3241 442 3548 508 scientiam,

300 499 630 608 th‘y‘fjnara,
666 507 762 562 καὶ
809 499 1272 586 ἀτωφέρεταίποι
1321 525 1458 596 πρὸς
1497 499 1704 582 τδῠέὺκ
1751 530 1840 602 ἔχο

1977 538 2035 587 et
2055 532 2228 602 legem
2260 533 2554 603 exquirent
2592 532 2660 587 de
2697 548 2795 589 ore
2837 534 2956 604 ejus
2977 536 3051 602 υς
3082 555 3100 587 ι
3128 543 3184 590 et
3211 552 3544 608 qumcunquc

299 586 470 658 ὀρθῶς
494 609 508 657 ;

1976 624 2045 679 ad
2097 624 2446 682 Timotheum
2502 625 2750 680 scribens
2793 625 2950 696 jubet
2990 626 3076 680 vir
3118 629 3552 698 sapientissimus

298 681 512 792 Damus.
551 688 692 792 Num
743 693 909 792 igitur
955 700 1059 792 hae,
1106 719 1244 776 quas
1317 725 1349 765 ο
1396 711 1696 784 Scripturis
1741 717 1904 773 attuli
1969 723 2337 789 narrationes,
2379 722 2448 778 ab
2515 735 2584 777 eo
2633 721 2782 792 quod
2832 721 3027 777 deceat
3059 681 3334 790 aberrrant,
3379 733 3436 781 et
3483 741 3551 780 eo

297 774 692 846 detorquentur
725 787 873 854 quod
904 774 1137 851 minime
1160 806 1370 854 rectum
1401 802 1507 857 sit?

361 963 519 1060 IEYI’.
589 968 870 1060 ἶΕπιτήρει
930 978 988 1032 δὲ
1052 981 1136 1037 ὅτι
1199 984 1384 1055 μόνοις
1440 989 1705 1060 ἀπονέμει
1753 995 1869 1056 τοῖς

292 1052 534 1150 ῖερᾶσθαι
593 1057 849 1150 λαχοῦσι,
905 1066 966 1122 τὸ
1021 1052 1320 1144 κεχρῆσθαι
1370 1080 1493 1142 ταῖς
1542 1052 1864 1150 σάλπιγξινί

2047 903 2243 959 PALL.
2287 901 2506 958 Minime
2534 915 2685 956 vero.

2043 993 2199 1050 CYR.
2241 993 2378 1049 Illud
2405 1001 2588 1048 autem
2629 991 3030 1048 animadvertas
3061 989 3247 1055 velim,
3279 989 3448 1045 Deum
3482 991 3548 1047 iis

1972 1087 2237 1143 duntaxat
2293 1087 2388 1157 qui
2455 1087 2768 1142 sacerdotes
2815 1085 2977 1141 electi
3023 1093 3241 1150 essent,
3289 1085 3545 1139 tubarum

289 1142 580 1212 ἀνατιθεὶς,
609 1145 764 1221 οἶμαί
800 1171 926 1220 που,
959 1162 1072 1223 τοῖς
1096 1161 1205 1216 τῶν
1246 1163 1390 1221 λαῶν
1421 1168 1737 1237 παιδευταῖς
1771 1189 1840 1225 κα

1971 1195 2131 1236 usum
2168 1142 2438 1246 tribuere;
2483 1178 2629 1249 quod
2671 1177 2858 1250 populi
2896 1178 3104 1234 scilicet
3139 1178 3458 1234 doctoribus
3490 1186 3547 1232 et

287 1235 632 1333 ἡγιασμένοις
658 1245 738 1307 είς
775 1247 1093 1322 ἱερωσύνην,
1120 1253 1213 1308 τὸν
1246 1235 1734 1333 μυσταγωγοῦντα,
1767 1268 1862 1320 καὶ

288 1325 390 1426 μὴν
432 1330 527 1426 καὶἷ
569 1334 866 1426 εῑςμέφεσιν
903 1342 1106 1414 ἀρετῆς
1135 1325 1501 1421 ἐπαλείφοντα
1523 1325 1731 1424 λόγον..
1761 1359 1861 1413 Διά

251 1491 261 1510 ἶ
287 1421 437 1471 τοῦτο
623 1421 800 1520 οἶμαι,
829 1432 964 1504 πρὸς
997 1439 1098 1505 μὲν
1127 1440 1333 1494 Μωσέα
1359 1444 1523 1513 φησί’
1566 1465 1583 1498 ι
1610 1421 1860 1520 ’Ποίησον

249 1575 260 1598 ⁷
285 1509 492 1612 σεαυτῷ
510 1513 614 1612 ’δύο
635 1517 968 1612 σάλπιγγας.
1005 1543 1024 1576 ι
1052 1527 1222 1602 Νόμῳ
1244 1531 1302 1584 δὲ
1327 1509 1514 1608 ὥσπερ
1543 1509 1860 1612 κατασιρρα-

282 1597 446 1702 γίξιυν
474 1603 535 1657 τὸ
560 1607 776 1702 χρῆμα*
810 1630 829 1664 ι
866 1615 976 1668 Καὶ
997 1617 1047 1669 οί
1075 1597 1204 1674 υἱοὶ-
1225 1624 1452 1696 Ἀαρὼν,
1545 1597 1774 1702 φησὶνίί
1807 1635 1856 1688 οἱ

1968 1269 2349 1325 sacerdotibus
2391 1269 2723 1326 consecratis
2755 1269 3014 1340 assignet,
3051 1279 3113 1324 ut
3154 1269 3369 1340 opinor,
3401 1285 3544 1340 pne-

1963 1360 2317 1425 dicationem,
2345 1376 2467 1430 qua:
2507 1361 2574 1415 de
2621 1359 2896 1431 mysteriis
2927 1359 3141 1425 doceat,
3170 1368 3226 1415 et
3260 1359 3327 1414 ad
3364 1359 3542 1414 virtu-

1961 1458 2071 1506 tem
2109 1451 2468 1520 expetendam
2515 1450 2784 1505 instituat.
2827 1450 3014 1521 Itaque
3048 1451 3116 1505 ob
3145 1466 3265 1506 eam
3295 1467 3538 1516 causam,

1961 1551 2021 1596 ut
2044 1558 2145 1614 ego
2177 1543 2451 1609 existimo,
2501 1543 2638 1599 dicit
2677 1544 2845 1616 Moysi
2881 1561 2894 1597 :
2933 1563 2951 1594 ι
2984 1544 3091 1598 Fac
3129 1543 3226 1599 tibi
3266 1544 3404 1599 duas
3446 1552 3538 1598 tu-

1957 1628 2056 1685 bas
2088 1632 2152 1684 “.
2189 1651 2206 1682 ι
2255 1632 2499 1704 Eamque
2543 1648 2658 1687 rem
2685 1631 2854 1687 veluti
2884 1633 3002 1703 lege
3032 1632 3380 1698 conﬁrmans,
3415 1651 3433 1686 ι
3468 1632 3540 1688 Et

283 1685 479 1757 ἱερεῖς,
516 1694 802 1793 σαλπιοῦσι
831 1703 947 1768 ταῖς
977 1705 1230 1778 σάλπιγξι
1255 1728 1268 1741 ·
1300 1685 1394 1768 καὶ
1428 1685 1584 1774 ἐσται
1605 1685 1736 1793 ῦμῖν

1958 1716 2074 1782 lilii,
2091 1737 2109 1770 ι
2143 1719 2342 1790 inquit,
2377 1685 2593 1776 «λοι-οη
2615 1685 3146 1777 εαοετόοῑοεέειιεηι
3163 1721 3338 1789 tubis;
3359 1729 3415 1778 et
3429 1722 3537 1778 erit

278 1791 447 1849 μιμον
478 1783 698 1843 αἰώνιον
724 1791 803 1855 είς
831 1792 930 1858 τὰς
955 1801 1150 1864 γενεὰς
1174 1802 1348 1872 ὑμῶν.
1387 1826 1408 1859 ι

343 1966 555 2024 ΠΑΛΔ.
600 1970 810 2025 Οὐκοῦν
847 1974 955 2027 τῶν
989 1981 1276 2050 σημασιῶν
1308 1984 1437 2050 τοὺς
1465 1989 1729 2059 τρόπους,
1775 1993 1856 2056 είς

267 2057 360 2111 τὸν
391 2059 612 2131 ἑκάστῳ
643 2062 751 2115 τῶν
781 2066 1050 2122 εἰωθότων
1091 2072 1398 2144 εὐδοκιμεῖν
1428 2057 1642 2134 ἐοικότα
1673 2081 1852 2152 λόγον,

215 2205 232 2224 ³
266 2149 714 2244 παραδεξόμεθα.
766 2155 1192 2232 Συναπαροῦμεν
1239 2165 1296 2219 δὲ
1335 2166 1478 2222 οὕτω
1509 2171 1602 2226 καὶ
1646 2149 1853 2244 συγκαέ

266 2239 580 2339 ταλύσομεν
605 2247 706 2339 ,τῇ
767 2248 1001 2320 νεφέλῃ,
1063 2255 1342 2322 τουτέστι,
1408 2239 1852 2339 συμϐαδιούμεθα

268 2329 496 2399 νοητῶς,
535 2333 628 2387 καὶ
658 2343 1187 2413 συναναπαυσόμεθα
1218 2345 1297 2417 τῷ
1324 2329 1568 2422 Χριστῷ.

335 2591 508 2690 ΤΟῬῖ
538 2589 610 2648 Εὖ
650 2595 847 2690 λέγεις,
889 2602 1052 2658 Τουτὶ
1089 2606 1199 2680 γὰρ
1229 2609 1377 2680 ἡμᾶς
1406 2612 1688 2670 ἀναπείσει
1713 2635 1846 2690 φρο-

265 2682 394 2780 νεῖν,
417 2685 518 2780 καὶ
537 2689 815 2758 προφήτου
833 2689 988 2759 λόγος
1009 2694 1146 2766 ἔχων
1172 2699 1288 2752 ὡδί·
1312 2720 1328 2751 ι
1345 2702 1454 2756 Καὶ
1473 2702 1589 2769 νῦν,
1608 2682 1848 2780 Ἰσραὴλ,

264 2772 315 2824 τί
348 2774 553 2846 Κύριος
579 2780 606 2831 ὁ
629 2780 760 2844 Θεὸς
787 2785 1034 2856 ἐπιζητεῖ
1063 2790 1214 2860 παρά
1241 2792 1356 2853 σοῦ.
1377 2793 1492 2848 ἀλλ’
1523 2795 1556 2866 ἢ
1586 2797 1647 2850 τὸ

266 2866 455 2935 κρῖμα,
489 2869 585 2921 καὶ
619 2870 839 2944 ἀγαπᾷν
870 2875 1019 2942 ἔλεος
1039 2917 1052 2939 ,
1085 2881 1178 2933 καὶ
1207 2881 1422 2954 ἕτοιμον
1453 2880 1591 2941 εἶναι
1618 2889 1713 2943 τοῦ
1745 2907 1844 2948 που

263 2957 516 3026 ρευεσθαι
547 2962 686 3033 μετά
716 2964 921 3042 Κυρίου
947 2967 1084 3022 Θεοῦ
1117 2988 1248 3039 σου;
1290 2992 1309 3026 ι

327 3147 540 3201 ΠΑΛΛ.
599 3147 731 3204 Ἀλλ’
760 3151 841 3206 ὅτι
869 3153 968 3220 μὲν
994 3156 1184 3227 χρῆμα
1227 3157 1413 3226 καλὸν,
1447 3165 1542 3219 καὶ
1581 3166 1675 3221 τοῦ
1706 3185 1844 3223 παν-

258 3233 345 3326 τὸς
387 3237 562 3302 ἀξιον,
599 3241 693 3301 καὶ
721 3241 819 3318 τὴν
848 3244 941 3297 ἐπ’·
965 3247 1185 3321 ἀνδρείᾳ
1224 3250 1382 3316 δόξαν
1412 3257 1839 3326 καταπλουτοῦν,

255 3325 315 3379 τὸ
341 3330 680 3400 πορεύεσθαι
712 3335 851 3404 μετὰ
895 3339 1100 3409 Κυρίου
1146 3342 1282 3396 Θεοῦ
1322 3361 1441 3408 σου,
1485 3347 1602 3412 πῶς
1643 3351 1743 3404 οὐκ
1775 3351 1842 3406 ἂν

255 3415 462 3512 γένοιτο
493 3422 702 3491 σαφές;
731 3425 800 3478 Τί
825 3426 869 3480 δ’
895 3427 963 3482 ἂν
1003 3431 1088 3504 εἴη
1120 3433 1280 3488 πάλιν
1313 3436 1399 3502 τὸ,
1425 3437 1640 3512 ἕτοιμον
1677 3437 1838 3509 εἶναι,

254 3507 487 3583 φράσαις
515 3513 586 3565 ἂν
618 3514 854 3570 ὲθέλοντί
880 3536 991 3589 μοι.

321 3601 483 3696 ΙςΥΡ.
530 3605 662 3668 Πῶς
701 3607 810 3680 γὰρ
842 3608 939 3676 οὓς
968 3611 1062 3666 τοῦ
1091 3613 1200 3684 γὰρ
1233 3620 1450 3687 φρονεῖν
1479 3637 1540 3673 τε
1573 3622 1669 3675 καὶ
1707 3622 1840 3696 δρᾷν

251 3691 564 3786 ξπείγεσθαι
598 3699 668 3752 τά
693 3700 849 3766 Θεοῦ,
881 3705 1030 3777 παρά
1056 3709 1220 3773 πόδας
1259 3713 1390 3782 ἡμῖν
1417 3715 1706 3786 κειμένου,

250 3783 614 3854 ἀπείργοντος
635 3791 869 3859 οὐδενὸς,
893 3795 1016 3850 οὔτε
1049 3798 1156 3871 μὴν
1176 3783 1525 3870 ἀνθέλκοντος
1553 3809 1632 3872 εἰς
1659 3809 1840 3863 ἀδόκι-

197 3949 200 3952 γ
252 3883 347 3966 μον
381 3871 528 3939 νοῦν,
562 3876 744 3942 τοῦτο,
773 3876 947 3953 οἶμαι,
977 3885 1091 3940 ἔστι
1124 3888 1183 3943 τὸ
1215 3890 1429 3966 ἕτοιμον
1451 3889 1590 3950 εἶναι
1619 3897 1716 3952 τοῦ
1742 3917 1837 3954 πο-

252 3958 503 4027 ρεύεσθαι
546 3966 694 4036 μετὰ
727 3969 883 4026 Θεοῦ.

315 4137 526 4230 ΠΑΛΛ.
585 4144 754 4210 Τίνας
782 4147 838 4202 δὲ
869 4150 1006 4216 ὅλως
1043 4149 1180 4208 εἷναί
1217 4174 1398 4230 φαμεν
1437 4161 1564 4226 τοὺς
1609 4164 1834 4220 ἀκολου-

247 4224 354 4326 seu
376 4231 456 4326 τῷ
482 4232 611 4305 Θεῷ
636 4234 937 4307 ἐθέλοντας,
972 4243 1046 4314 μὴ
1079 4245 1185 4317 μὴν
1209 4224 1407 4304 ἔτινκαὶ
1437 4252 1494 4320 ὲξ
1518 4224 1646 4326 ὅλης
1673 4258 1834 4312 τοῦτο

245 4317 372 4414 δρᾷν
401 4324 700 4395 ἑλομένους
723 4329 920 4401 ψυχῆς,
950 4333 1277 4402 όκλάζοντας
1299 4341 1356 4394 δὲ
1387 4317 1524 4414 πρὸς
1549 4317 1614 4399 τὸ
1627 4317 1829 4405 ἀναλκι

246 4411 335 4463 καὶ
364 4419 844 4488 παραιτουμένους
875 4421 951 4493 (Ι)
973 4423 1036 4477 τὸ
1067 4431 1366 4500 καρτερόν;

509 4507 680 4575 Τοὺς,
709 4509 766 4562 οἵ
784 4528 846 4578 γε
875 4511 1090 4582 βραδεῖς
1109 4519 1167 4571 τέ
1187 4522 1314 4586 είσι,
1345 4525 1440 4578 καὶ
1469 4526 1621 4596 μόλις
1655 4531 1830 4597 ίέντας

247 4591 340 4691 μὲν
362 4595 456 4691 sui.
479 4598 543 4650 τὸ
575 4604 798 4670 φρονεῖν
825 4603 1031 4659 ἐθέλειν
1054 4608 1122 4662 τὰ
1150 4611 1237 4681 ἐφ’
1259 4608 1337 4678 οἷς
1366 4616 1433 4670 ἀν
1461 4591 1644 4689 ἥδοιτο
1673 4591 1824 4691 Θεὸς,

241 4682 438 4785 οὐρὴν
477 4687 561 4742 ἔτι
591 4691 689 4744 καὶ
711 4691 1100 4764 ἀντεχομένους
1129 4701 1407 4778 ὁλοκλήρῳ
1436 4682 1647 4785 διανοίᾳ
1673 4682 1828 4767 mit;

241 4777 387 4877 τείας
416 4783 798 4877 ἀγιοπρεποῦς
816 4829 830 4853 ,
855 4788 904 4841 οἳ
937 4793 1129 4862 μοῖραν
1158 4795 1258 4864 μὲν
1283 4777 1474 4872 ὥσπερ
1512 4777 1700 4875 ὀλίγην
1726 4807 1827 4877 τῆς

242 4866 463 4965 ἐνούσης
494 4876 685 4939 αὐτοῖς
706 4879 942 4950 σπουδῆς
961 4899 1020 4934 τε
1046 4886 1140 4937 καὶ
1155 4866 1464 4958 προθυμίας
1491 4866 1823 4965 ἀπονέμουσι

239 4961 302 5030 τῇ
337 4962 419 5026 είς
447 4964 586 5020 Θεὸν
627 4968 838 5042 ἀγάπῃ,
871 4971 932 5024 τὸ
957 4971 1014 5025 δέ
1045 4991 1108 5042 γε
1131 4974 1311 5032 λοιπὸν
1335 4980 1480 5035 ἀπαν
1503 4961 1824 5042 ἀσωτότατά

237 5067 293 5103 τε
324 5056 421 5109 καὶ
460 5059 724 5128 προαλῶς
769 5063 1013 5136 δαπανᾷν
1040 5067 1311 5136 ἐγνώκασι
1337 5075 1446 5137 τοῖς
1472 5076 1531 5128 ὲν
1559 5077 1692 5148 τῷδε
1721 5080 1822 5152 βίῳ

237 5152 687 5218 περισπασμοῖς,
709 5153 836 5240 ’καὶ
889 5155 1170 5227 ἀνονήτοις
1223 5160 1409 5230 ἱδρῶσι
1463 5165 1556 5217 καὶ
1604 5172 1822 5240 πικροῖς

236 5236 670 5307 φροντίσμασιν,
701 5235 776 5294 ὧν
806 5245 886 5307 είς
921 5244 1091 5300 τύπον
1117 5247 1184 5301 ἂν
1211 5245 1321 5306 εἷεν
1362 5255 1410 5306 οἱ
1445 5256 1512 5308 ὲκ
1564 5235 1820 5330 Ῥουδείμ

234 5323 408 5414 τελκαὶ
435 5326 548 5380 Γάδ
567 5343 582 5357 ’
619 5329 929 5401 γέγραπται
954 5335 1063 5406 γὰρ
1091 5336 1253 5390 πάλιν
1286 5340 1344 5392 ὲν
1367 5342 1478 5403 τοῖς
1516 5323 1814 5414 Ἀριθμοῖςο

239 5425 257 5458 I
295 5411 405 5468 Καὶ
438 5416 664 5488 κτηνῶν
705 5419 911 5491 πλῆθος
951 5418 1021 5494 ἦν
1063 5428 1179 5490 τοῖς
1243 5430 1378 5493 υίοῖς
1419 5411 1683 5504 Ῥουσεὶμῖ
1721 5435 1818 5488 καὶ

1952 1808 2113 1864 vobis
2149 1809 2454 1881 legitimum
2499 1812 2899 1885 sempiternum
2928 1811 2982 1869 in
3021 1811 3403 1884 generationes
3436 1827 3533 1869 ve-

1953 1906 2098 1955 stras
2125 1900 2190 1954 ".
2223 1919 2242 1952 ι

2023 1990 2220 2047 PALL.
2261 1992 2434 2064 Igitur
2480 1991 2764 2065 signorum
2809 1993 3023 2062 modos,
3053 2011 3363 2053 sermonem
3407 1996 3534 2053 uni-

1952 2081 2152 2151 cuique
2195 2084 2362 2138 statui
2400 2084 2540 2140 bene
2580 2100 2645 2141 ac
2675 2085 3024 2140 laudabiliter
3053 2086 3376 2151 viventium,
3404 2096 3531 2158 apte

1950 2183 2008 2228 et
2045 2175 2454 2231 accommodate
2496 2177 2804 2232 exhibitum
2854 2178 3204 2249 accipiemus.
3248 2179 3325 2233 Ila
3368 2178 3530 2234 simul

1949 2280 2170 2336 quoque
2223 2281 2349 2320 cum
2404 2268 2551 2323 nube
2605 2269 3083 2339 promovebimus,
3137 2269 3411 2339 simulque
3459 2269 3530 2325 ab

1952 2354 2146 2410 itinere
2204 2356 2582 2422 cessabimus,
2623 2357 2730 2413 hoc
2783 2368 2890 2422 est,
2930 2359 3092 2414 simul
3147 2375 3271 2415 cum
3307 2359 3529 2416 Christo

1947 2443 2307 2517 spiritualiter
2338 2447 2760 2514 ambulabimus,
2795 2449 3066 2522 simulque
3097 2451 3526 2522 requiescemus.

2015 2622 2172 2683 ΟΥΕ.
2215 2626 2383 2682 Recte
2420 2629 2520 2683 ais.
2567 2627 2660 2684 Sic
2702 2643 2938 2700 namque
2987 2629 3194 2686 sentire
3233 2632 3528 2702 persuadet

1943 2715 2229 2787 prophetae
2249 2732 2467 2788 quoque
2487 2717 2716 2783 dictum,
2739 2719 2887 2789 quod
2910 2719 2990 2774 sic
3013 2720 3180 2776 habet
3199 2739 3211 2775 :
3227 2740 3245 2772 ι
3267 2722 3335 2777 Et
3353 2739 3523 2789 nunc,

1944 2807 2132 2872 Israel,
2169 2808 2302 2879 quid
2346 2809 2612 2865 Dominus
2657 2810 2804 2865 Deus
2841 2811 3083 2880 exquirit
3115 2827 3144 2866 a
3179 2819 3253 2873 te,
3285 2813 3392 2868 nisi
3439 2814 3523 2868 l’a-

1942 2910 2070 2952 cere
2095 2896 2384 2966 judicium,
2412 2904 2470 2952 et
2500 2898 2729 2968 diligere
2764 2896 3221 2963 misericordiam,
3246 2908 3303 2955 et
3335 2916 3522 2970 prom-

1942 2996 2099 3058 ptum
2163 3004 2285 3044 esse
2347 2989 2417 3044 ad
2477 2989 2868 3044 ambulandum
2935 3005 3060 3045 cum
3121 2991 3352 3046 Domino
3409 2993 3523 3048 Deo

1866 3065 1909 3124 (ἶ
1944 3087 2038 3133 tuo
2069 3076 2209 3131 “7)

2013 3168 2209 3224 PALL.
2254 3168 2418 3240 Atqui
2465 3187 2584 3227 rem
2621 3171 2843 3241 quidem
2889 3187 3009 3227 esse
3055 3171 3342 3226 manifeste
3383 3188 3522 3243 prte-

1941 3259 2143 3314 claram
2195 3275 2260 3314 ac
2301 3261 2524 3331 plurimi
2569 3261 2898 3325 faciendam,
2925 3270 2982 3316 et
3019 3277 3142 3332 quae
3182 3261 3522 3320 fortitudinis

1941 3350 2256 3419 opinionem
2300 3353 2575 3416 conciliet,
2619 3352 2902 3406 ambulare
2948 3368 3072 3406 cum
3115 3353 3342 3408 Domino
3383 3355 3518 3419 Deo.

1941 3440 2066 3509 quis
2094 3442 2286 3511 neget?
2327 3440 2436 3496 Sed
2485 3450 2663 3497 tamen
2704 3442 2840 3497 illud
2880 3458 3071 3498 rursus
3107 3443 3242 3499 mihi
3279 3446 3522 3518 explices

1939 3530 2124 3596 velim,
2156 3531 2416 3601 quidnam
2441 3532 2513 3588 sit
2541 3542 2856 3604 promptum
2885 3550 3026 3589 esse;

2008 3622 2164 3678 CYR.
2204 3624 2420 3679 Faciam
2459 3641 2635 3680 vero:
2663 3642 2762 3681 cur
2800 3627 2948 3682 enim
2994 3628 3232 3697 negem?
3271 3626 3326 3682 Si
3368 3628 3528 3684 enim.

1940 3713 1994 3768 in
2024 3724 2282 3785 promptu
2326 3715 2399 3770 sit
2437 3716 2598 3771 nobis
2632 3717 2891 3786 positum,
2927 3727 2988 3773 ut
3015 3734 3136 3788 qua:
3167 3717 3262 3774 Dei
3297 3727 3425 3774 sunt
3460 3728 3519 3776 et

1939 3807 2258 3871 sentiamus,
2292 3814 2347 3862 et
2377 3809 2938 3874 celeriter'faeiamus,
2969 3810 3218 3882 nihilque
3243 3813 3315 3868 sit
3367 3812 3514 3882 quod

1935 3899 2230 3970 prohibeat
2257 3909 2351 3955 aut
2381 3902 2662 3972 pertrahat
2699 3903 2755 3957 in
2795 3902 3092 3975 reprobum
3133 3919 3379 3968 sensum,
3410 3904 3516 3960 hoc

1936 3989 2070 4045 illud
2115 3998 2219 4056 est,
2265 4007 2386 4046 mea
2433 3992 2657 4062 quidem
2694 3993 2986 4059 sententia,
3033 4002 3349 4066 promptum
3392 4010 3515 4052 esse

1935 4082 2002 4138 ad
2029 4082 2416 4137 ambulandum
2447 4099 2570 4138 eum
2599 4084 2730 4137 Deo.
2763 4126 2784 4130 -

2004 4170 2200 4226 PALL.
2233 4171 2380 4237 Quos
2401 4187 2533 4225 vero
2559 4171 2784 4225 omnino
2816 4171 3052 4226 dicimus
3075 4187 3171 4227 eos
3219 4173 3315 4242 qui
3338 4172 3512 4227 Deum

1933 4260 2090 4328 sequi
2133 4259 2358 4327 cupiant
2381 4259 2624 4327 quidem,
2655 4272 2766 4312 non
2795 4266 2973 4311 tamen
3003 4258 3057 4312 id
3085 4275 3153 4312 ex
3185 4267 3299 4314 toto
3327 4261 3518 4317 animo

1933 4350 2105 4403 velint
2125 4348 2361 4414 eﬂieere,
2385 4350 2481 4404 sed
2505 4365 2616 4420 pra:
2634 4349 2846 4420 ignavia
2871 4351 3250 4418 succumbant,
3273 4359 3331 4408 et
3356 4366 3510 4424 δεμες

1932 4455 2115 4496 rarum
2141 4454 2323 4494 rerum
2353 4440 2700 4495 tolerantiam
2725 4440 3124 4511 deprecentur?

1998 4530 2154 4587 CYR.
2191 4529 2317 4597 Qui,
2348 4547 2474 4586 cum
2520 4530 2790 4586 tardiores
2831 4531 2961 4597 sint,
2989 4540 3047 4588 et
3089 4533 3180 4588 vix
3222 4549 3290 4590 eo
3333 4548 3507 4604 usque

1929 4623 2350 4693 progrediantur
2369 4629 2428 4676 ut
2453 4638 2518 4677 ea
2547 4637 2738 4692 sapere
2759 4623 2929 4677 velint
2968 4639 3090 4693 qua:
3130 4625 3241 4679 Deo
3263 4626 3502 4696 placent,

1935 4711 2097 4782 169
2129 4727 2254 4766 .non
2309 4719 2490 4767 tamen
2541 4712 2752 4784 integro
2800 4723 3022 4785 totoque
3073 4715 3257 4769 animo
3302 4723 3507 4774 sancta

1928 4800 2333 4856 eonversationi
2390 4802 2792 4867 adhaarescunt,
2824 4804 2917 4874 qui
2971 4803 3056 4858 sui
3117 4804 3286 4860 studii
3339 4813 3505 4876 atque

1930 4890 2228 4947 alacritatis
2246 4892 2494 4964 exiguam
2517 4895 2945 4965 partemdivinae
2958 4895 3211 4950 eharitati
3229 4897 3500 4964 tribuunt,

1929 4981 2202 5052 reliquum
2243 4999 2376 5038 vero
2412 5000 2574 5040 omne
2621 4986 2833 5055 perdite
2875 4994 2931 5040 et
2979 4985 3406 5058 intemperanter
3445 4991 3500 5045 in

1928 5070 2094 5144 hujus
2131 5072 2258 5128 vitae
2292 5073 2742 5130 distractionibus
2781 5075 3174 5147 laboribusque
3213 5079 3500 5136 inutilibus

1927 5164 2250 5236 acerbisque
2295 5167 2445 5222 curis
2484 5181 2808 5222 consumere
2850 5161 3160 5225 statuerunt
3207 5188 3220 5223 :
3262 5187 3498 5241 quorum

1927 5253 2157 5325 ﬁguram
2196 5271 2308 5312 non
2353 5255 2590 5312 absurde
2650 5263 2838 5311 tenent
2873 5257 2970 5312 ﬁlii
3009 5258 3205 5314 Ruben
3241 5268 3297 5313 et
3331 5258 3443 5313 Cad
3476 5275 3495 5314 :

1925 5344 2189 5415 scriptum
2217 5353 2301 5400 est
2336 5347 2482 5402 enim
2509 5346 2639 5401 item
2667 5346 2723 5402 in
2756 5347 3008 5404 Numeris
3036 5367 3048 5402 :
3083 5368 3100 5400 ι
3132 5349 3200 5403 Ει
3233 5364 3495 5418 pecorum

1922 5437 2217 5494 multitudo
2251 5445 2370 5494 erat
2405 5437 2533 5494 ﬁliis
2561 5438 2761 5497 Ruben
2783 5449 2839 5498 et
2861 5439 2990 5498 ﬁliis
3012 5439 3148 5507 Gad,
3199 5439 3480 5504 munitum

301 5568 344 5598 δ’
376 5570 616 5626 Malach.
646 5589 705 5636 ιι,
736 5575 788 5630 7.
867 5579 911 5609 ⁸⁸
940 5577 1103 5633 Num.
1133 5597 1183 5646 x,
1209 5581 1262 5634 2.
1361 5583 1409 5614 "
1430 5584 1596 5650 Ibid.,
1637 5585 1688 5641 8.
1763 5587 1811 5620 “
1838 5588 1840 5644 ἶ

1954 5589 2003 5646 h.
2031 5605 2104 5658 vr,
2132 5588 2186 5647 8.

304 5680 383 5752 (1)
424 5683 567 5739 Cod.
613 5685 761 5752 Val.,
801 5690 1269 5764 παρωθουμένους,
1300 5696 1626 5766 repellentes.
