3966 6298
206 200 300 261 ων

922 202 1013 261 DE
1050 205 1493 264 ADORATIONE
1534 207 1601 263 ΙΝ
1645 203 1914 262 SPIRITU
1958 207 2044 264 ET
2086 208 2453 266 \‘ERITATE.
2497 211 2622 268 LIB;
2667 211 2753 267 Ἦ.

3361 206 3470 269 410

207 326 304 380 τῶν
331 322 450 379 καθ’
487 323 636 396 ἡμᾶς
669 321 841 389 ἰέντες
880 329 1249 400 πραγμάτων,
1282 329 1685 400 ἀνασκοπῶμεν
1715 322 1774 380 εὖ

1891 329 2390 385 considerationem
2444 331 2706 401 injectis,
2769 331 3064 401 diligenter
3111 327 3469 400 aspiciamus,

210 419 360 492 μάλα,
389 415 480 471 διὰ
515 416 674 482 ποίας
709 418 878 484 ἰόντες
914 419 1128 492 τρίϐου,
1151 424 1398 496 λαμπροί
1420 441 1482 478 τε
1512 421 1774 492 ἐσόμεθα,

206 512 292 566 καὶ
314 511 405 580 τὴν
442 511 527 580 ἐφ’
573 511 748 565 ἅπασι
790 515 904 576 τοῖς
933 515 1345 589 ἐπαινουμένοις
1377 512 1466 572 οἶά
1497 533 1621 570 τινα
1649 515 1776 568 στέ-

209 619 358 672 φανον
392 602 772 674 ἀναδησάμεθα
804 604 1002 677 ψῆφον.
1042 610 1112 662 Ἢ
1157 610 1220 664 οὐ
1262 610 1407 665 δοκῶ
1441 627 1525 664 σοι
1556 610 1777 682 φρονεῖν

205 693 325 769 ὀρθὰ
344 733 360 759 ,
381 693 441 747 τὸ
471 693 530 748 ἐν
561 711 624 764 γε
649 695 857 761 τούτοις
886 697 1217 773 φιλοκρινεῖν
1249 701 1565 774 ᾑρημένου

268 877 470 942 ΠΑΛΛ.
527 877 852 933 Παντάπασι
902 879 1002 951 μὲν
1036 875 1152 937 οὖν.
1214 880 1386 953 Φαίην
1416 881 1528 954 γὰρ
1575 881 1644 937 ἂν
1683 881 1779 936 καὶ

204 967 353 1032 αὐτὸς
403 968 514 1037 ἐγὼ
557 969 859 1041 προκλήσει
891 974 958 1043 τῇ
994 973 1132 1044 πρὸς
1177 974 1400 1046 ἀνδρίαν
1429 974 1780 1046 προκαταθή-

201 1060 380 1130 γεσθαι
417 1060 548 1124 δεῖν,
574 1061 790 1117 ἑλέσθαι
827 1081 886 1117 τε
915 1065 983 1119 τὰ
1009 1065 1077 1119 δι’
1115 1060 1190 1120 ὧν
1221 1066 1288 1121 ἀν
1319 1083 1404 1131 τις
1437 1065 1614 1120 ἔσοιτο
1641 1065 1780 1136 λαμ-

201 1155 346 1224 πρὸς,
381 1154 474 1207 καί
491 1155 591 1226 τῆς
619 1156 923 1228 ἀμωμήτου
949 1156 1095 1229 ζωῆς
1124 1158 1338 1230 ἔρχοιτο
1365 1159 1485 1213 κατ’
1515 1159 1668 1216 εὐθύ.

266 1331 425 1384 ΚΥΡ.
450 1330 660 1388 Οὐκοῦν
681 1332 784 1405 ἤδη
817 1333 1088 1405 λέγωμεν,
1116 1334 1192 1400 ὡς
1222 1335 1442 1408 ἀπάσης
1474 1338 1573 1409 μὲν
1601 1339 1780 1406 οἰκίας

196 1421 441 1493 ἔρεισμα,
474 1425 710 1496 κρηπίς’
740 1425 874 1490 νεὼς
903 1427 961 1481 δέ
986 1427 1199 1498 τρόπις,
1233 1429 1398 1501 ἀρχή·
1431 1428 1527 1483 τοῦ
1557 1430 1613 1484 δέ
1645 1448 1779 1486 κατο

195 1515 385 1587 ορθοῦν
423 1518 724 1589 ᾑρημένου,
755 1519 1006 1592 θεμέλιος
1028 1521 1095 1575 ἂν
1114 1519 1326 1589 γένοιτο
1348 1521 1442 1576 καὶ
1463 1522 1670 1578 ὐποὸάθ
1680 1541 1780 1596 ρας

195 1608 353 1679 ἀρχὴ,
389 1609 489 1680 τῆς
517 1610 776 1681 ἀληθείας
797 1613 830 1684 ἠ
851 1611 1074 1681 γνῶσις,
1105 1613 1199 1668 καὶ
1215 1614 1246 1667 ό
1263 1613 1393 1685 περί
1421 1613 1656 1680 πίστεως
1677 1618 1778 1688 τῆς

194 1703 269 1764 εἰς
295 1701 428 1756 Θεὸν
452 1703 546 1756 τὸν
572 1702 669 1758 ἕνα
696 1705 792 1758 καὶ
821 1704 981 1774 φύσει
1001 1707 1098 1761 καὶ
1119 1705 1371 1779 ἀληθινὸν
1393 1707 1781 1780 ἀκισδήλευτος
1809 1691 1854 1747 Β

190 1789 342 1862 λόγος
361 1810 374 1823 ·
419 1814 438 1848 ι
492 1795 618 1850 Ἐὰν
645 1795 755 1867 γὰρ
786 1796 862 1868 μὴ
899 1799 1228 1872 πιστεύσητε
1249 1840 1265 1866 ,
1306 1800 1414 1855 οὐδ’
1440 1801 1503 1856 οὐ
1532 1801 1607 1872 μὴ
1653 1817 1782 1855 συν-

190 1886 300 1956 ἦτε,
340 1905 359 1938 ι
392 1889 529 1960 φησί.
558 1889 619 1944 τὸ
639 1890 881 1961 Γράμμα
924 1891 988 1945 τὸ
1016 1893 1182 1962 ἱερόν.
1225 1893 1518 1958 Συνιέντας
1548 1893 1605 1947 δὲ
1628 1892 1782 1948 οῦπω

187 1977 291 2031 τῶν
338 1979 665 2050 ἀναγκαίων
697 1982 852 2037 οὐδὲν
884 1984 1190 2054 ἀπρακτεῖν
1217 1985 1456 2057 ἀνάγκη,
1497 1985 1559 2039 τὸ
1585 2002 1782 2058 κατορ-

191 2068 310 2123 θοῦν
349 2071 457 2124 οὐκ
514 2072 740 2138 εἰδότας.
790 2075 861 2128 Ἢ
909 2076 1011 2135 οὐκ
1055 2076 1124 2130 ἂν
1163 2077 1463 2146 ἀναγκαῖον
1507 2074 1650 2132 εἶναι
1675 2078 1784 2150 φὴς

189 2163 324 2234 πρὸς
369 2165 732 2239 εὐδοκίμησιν
759 2172 910 2242 ἡμῖν,
943 2169 1042 2241 τὴν
1077 2173 1169 2225 ἐπὶ
1200 2173 1366 2226 παντί⁴
1394 2171 1472 2243 τῷ
1519 2173 1784 2245 πρακτέῳ

187 2253 494 2326 διάσκεψιν,
530 2260 579 2311 εἰ
617 2261 676 2312 ἐν
714 2261 859 2332 λόγῳ
887 2263 1234 2338 πεποιήμεθα
1259 2263 1318 2317 τὸ
1340 2263 1474 2336 δρᾷν
1500 2264 1698 2334 ὀρθῶς,
1732 2265 1771 2319 ἃ.

188 2347 313 2421 ιρᾷν
339 2350 678 2420 ἀναγκαῖον;

253 2527 467 2583 ΠΑΛΛ.
509 2529 679 2600 Φημί.

251 2617 419 2671 ΚΥΡ.
462 2618 677 2690 Τροφὸς
701 2613 796 2674 οῦν
835 2620 945 2693 ἀρα
987 2624 1279 2692 συνέσεως,
1315 2625 1521 2690 πίστις.
1554 2622 1784 2689 Σύνεσις

184 2706 272 2777 δὲ,
302 2710 415 2764 τῶν
465 2712 760 2782 πρακτέων
806 2715 940 2785 ἡμῖν
977 2719 1212 2772 ποιεῖται
1240 2718 1339 2790 τὴν
1373 2717 1630 2790 βάσανον.
1666 2718 1782 2772 Καὶ

185 2801 311 2870 γοῦν
340 2803 432 2856 ὅτε
449 2805 570 2868 τοῖς
586 2803 648 2870 ἐξ
682 2806 901 2878 Ἰσραὴλ
926 2810 955 2862 ό
978 2808 1090 2864 τῶν
1109 2809 1248 2864 ὅλων
1269 2809 1401 2875 Θεὸς
1428 2809 1781 2880 παιδαγωγὸν

186 2892 370 2966 ὥσπερ
405 2895 539 2950 τινὰ
561 2937 576 2960 ,
617 2897 716 2953 καὶ
762 2898 1026 2972 ἰθυντῆρα
1057 2901 1241 2971 σοφὸν,
1279 2901 1372 2956 τὸν
1403 2901 1493 2956 διὰ
1535 2901 1782 2966 Μωσέως

1879 437 2047 493 quam
2075 422 2456 493 ingredientes
2489 423 2655 488 viam,
2688 422 2822 476 clari
2857 438 2998 488 esse,
3029 429 3088 477 et
3140 421 3239 477 illa
3254 435 3356 492 pro
3380 435 3471 475 re-

1879 521 1968 567 cte
2014 513 2354 583 honesteque
2403 510 2566 568 factis
2613 511 3015 582 approbatione
3065 511 3216 566 velut
3260 524 3467 566 corona

1880 605 2117 676 quadam
2144 606 2330 660 ornari
2351 605 2650 676 possimus.
2683 603 2767 660 An
2825 603 2924 658 tibi
2971 618 3167 672 parum
3200 612 3348 658 recte
3375 618 3470 656 sa-

1880 711 2010 768 pere
2052 697 2262 765 videor,
2297 698 2454 768 173
2480 697 2574 768 qui
2617 697 2676 752 in
2712 697 2800 752 his
2835 695 3003 750 rebus
3047 694 3180 765 quid
3228 695 3472 764 proban-

1880 789 2012 844 dum
2033 789 2105 844 sit
2127 784 2426 866 decernere
2455 789 2658 844 velim?

1951 881 2150 938 PALL.
2182 883 2418 938 Prorsus
2445 881 2786 937 rectissime:
2819 895 2947 936 nam
2986 880 3155 935 etiam
3197 879 3314 949 ipse
3353 893 3464 933 non

1881 977 2197 1047 negaverim
2218 976 2376 1047 prius
2395 975 2464 1030 ad
2509 974 2899 1030 fortitudinem
2941 974 3160 1028 incitari
3189 982 3464 1044 oportere,

1881 1078 2047 1140 atque
2070 1069 2146 1124 ita
2175 1083 2241 1126 ea
2264 1083 2385 1124 esse
2402 1067 2807 1138 amplectenda,
2834 1083 2932 1137 per
2969 1083 3091 1138 qua:
3113 1067 3296 1121 clarus
3321 1080 3465 1130 esse,

1881 1171 2141 1232 rectaque
2163 1161 2232 1217 ad
2263 1161 2434 1217 vitam
2481 1161 2641 1232 culpa
2671 1167 2952 1215 carentem
2977 1158 3270 1230 pervenire
3310 1158 3466 1228 quis-

1881 1270 1988 1326 que
2004 1254 2197 1324 possit.

1949 1346 2110 1404 CYR.
2133 1346 2254 1403 Jam
2294 1346 2463 1419 igitur
2481 1345 2786 1402 ordiamur.
2806 1344 3001 1400 Totius
3024 1342 3244 1413 quidem
3271 1339 3468 1395 domus

1881 1439 2115 1496 firmitas
2135 1448 2222 1495 est
2247 1438 2702 1504 fundamentum;
2744 1435 2902 1491 navis
2931 1450 3066 1490 vero
3111 1433 3333 1490 initium
3379 1447 3470 1485 ca-

1881 1531 2040 1599 rina;
2070 1532 2192 1603 ejus
2229 1538 2416 1586 autem
2463 1530 2560 1601 qui
2617 1528 2842 1584 virtutis
2885 1543 3088 1583 munus
3119 1525 3345 1595 exsequi
3368 1539 3469 1578 ve-

1879 1625 1964 1692 lit,
1996 1624 2436 1692 fundamentum,
2465 1639 2530 1680 ac
2575 1622 2723 1678 basis
2760 1630 2817 1678 et
2847 1621 3087 1686 initium,
3117 1632 3201 1675 est
3223 1617 3469 1689 cognitio

1883 1716 2235 1784 veritatis,ac
2257 1717 2324 1773 de
2344 1716 2452 1771 fide
2476 1717 2532 1772 in
2548 1731 2674 1771 eum
2693 1716 2789 1786 qui
2807 1730 2950 1771 unus
2966 1731 3030 1770 ac
3050 1721 3247 1768 natura
3265 1719 3466 1767 etvere

1883 1809 2032 1866 Deus
2054 1818 2160 1877 est,
2196 1808 2414 1865 sincera
2442 1808 2798 1879 praedicatio:
2843 1828 2860 1858 ι
2882 1807 3000 1862 Nisi
3032 1807 3181 1862 enim
3213 1804 3467 1862 credide-

1885 1900 2030 1965 ritis,
2061 1916 2172 1955 non
2200 1899 2526 1972 intelligetis
2550 1900 2618 1967 ³⁵⁸,
2655 1918 2674 1952 ι
2735 1899 2918 1978 inquit
2961 1914 3118 1953 sacra
3158 1897 3467 1968 Scriptura.

1884 1993 2042 2060 Quod
2075 1993 2121 2050 si
2149 1993 2288 2048 nihil
2323 2009 2393 2049 ex
2440 1992 2509 2048 iis
2552 2007 2676 2062 quae
2732 1990 3044 2047 necessaria
3089 1999 3220 2044 sunt
3248 1988 3470 2043 intelle-

1883 2085 2149 2151 xerimus,
2179 2097 2396 2141 cessare
2439 2083 2507 2138 ab
2543 2097 2712 2152 opere
2769 2096 2996 2136 necesse
3027 2086 3133 2146 est,
3161 2094 3287 2134 cum
3320 2085 3469 2133 recte

1885 2177 2068 2232 facere
2116 2177 2449 2230 nesciamus.
2497 2173 2580 2228 An
2613 2187 2769 2238 vero,
2794 2172 2840 2227 si
2887 2170 3024 2242 quid
3065 2186 3188 2226 esse
3213 2177 3472 2240 putamus

1884 2285 1950 2325 ea
1981 2277 2131 2324 recte
2154 2267 2357 2334 facere,
2387 2282 2509 2336 quae
2543 2265 2724 2322 facere
2751 2279 2978 2320 necesse
3007 2272 3112 2330 est,
3137 2279 3247 2318 non
3274 2277 3470 2317 neces—
3534 2297 3540 2303 ς

1885 2361 2092 2415 sarium
2124 2374 2244 2414 esse
2261 2357 2472 2424 fateris,
2501 2357 2568 2412 ad
2601 2356 2823 2412 laudem
2873 2355 3295 2426 assequendam,
3323 2354 3472 2409 illam

1884 2453 1953 2508 de
1984 2451 2245 2506 omnibus
2267 2451 2437 2506 rebus
2457 2450 2686 2522 agendis
2737 2448 3192 2520 inquisitionem?

1953 2543 2152 2601 PALL.
2192 2543 2408 2597 Fateor.

1953 2635 2113 2694 CYR.
2141 2636 2240 2692 Est
2267 2635 2436 2706 igitur
2460 2632 2598 2688 fides
2624 2631 3002 2705 intelligentia:
3045 2631 3255 2687 nutrix.
3303 2629 3476 2686 Intel-

1883 2729 2112 2802 ligentia
2135 2743 2270 2784 vero
2293 2743 2382 2783 res
2405 2743 2436 2782 a
2461 2725 2624 2782 nobis
2667 2725 2906 2797 agendas
2928 2724 3228 2780 examinat.
3257 2723 3470 2794 Itaque,

1885 2837 2012 2880 cum
2063 2819 2330 2877 lsraelitis
2377 2818 2469 2874 ille
2527 2819 2912 2874 universorum
2964 2816 3112 2871 Deus
3156 2816 3336 2885 legem
3372 2828 3475 2884 per

1884 2915 2108 2987 Moysen
2131 2914 2337 2979 datam,
2362 2913 2535 2968 veluti
2561 2911 2914 2982 paedagogum
2936 2908 3231 2980 quemdam
3256 2906 3475 2976 sapien-

185 2987 450 3061 ἐπέστησε
475 2989 668 3061 νόμον,
713 2991 1033 3065 ὑποϐάθραν
1059 2994 1250 3068 ὥσπερ
1280 2995 1402 3050 τινὰ
1439 2995 1536 3050 καὶ
1573 2995 1782 3049 ἀκατά-

1891 3017 2113 3079 temque
2139 3016 2415 3062 rectorem
2444 3005 2722 3075 apposuit,
2767 3012 3030 3072 tanquam
3065 3000 3253 3054 basem
3276 3014 3475 3068 quam-

188 3097 396 3137 σειστον
424 3083 631 3157 ἀρχὴν,
675 3083 777 3155 τὴν
821 3085 976 3158 παρὰ
1003 3087 1103 3158 τῆς
1139 3089 1270 3159 μιᾶς
1305 3104 1367 3141 τε
1405 3087 1502 3142 καὶ
1548 3086 1782 3156 ἀληθοῦς

185 3171 444 3244 Θεότητος
471 3174 918 3246 προκατεὸάλετο
945 3175 1175 3246 γνῶσινο
1211 3175 1287 3249 μὴ
1315 3176 1426 3247 γὰρ
1448 3176 1515 3231 ἂν
1543 3175 1782 3247 ἰσχύσειν

185 3267 375 3332 αὐτοὺς
407 3267 773 3339 ὑπελάμϐανε
810 3267 914 3338 τῆς
952 3267 1277 3341 ἀδιαόλήτου
1308 3269 1403 3323 καὶ
1437 3267 1782 3340 ἀκραιφνοῦς

185 3357 471 3427 ἐφικέσθαι
504 3361 678 3432 ζωῆς,
708 3361 880 3433 ἦγουν
908 3359 989 3432 τῷ
1018 3359 1128 3416 τῶν
1171 3359 1480 3415 καλλίστων
1506 3361 1778 3431 εἰσηγητῇ

184 3453 700 3526 καταρυθμίζεσθαι
727 3454 902 3527 νόμῳ,
928 3455 1024 3509 καὶ
1063 3455 1311 3509 ὑπείκειν
1340 3455 1604 3519 ἐντολαῖς,
1635 3457 1684 3507 εί
1708 3453 1785 3527 μὴ

185 3543 434 3618 καθάπερ
465 3545 948 3618 προανατείχισμα
968 3545 1068 3617 τὴν
1096 3546 1191 3599 ἐπὶ
1208 3545 1328 3618 Θεῷ
1358 3546 1546 3601 πίστιν
1570 3546 1785 3610 ἑλόντες

185 3637 261 3701 εἰς
281 3638 429 3707 νοῦν,
448 3639 836 3711 ἀντιφέροιντο
861 3637 1129 3708 γενναίως
1145 3640 1268 3702 ταῖς
1293 3639 1373 3702 εἰς
1390 3637 1661 3710 ῥᾳθυμίαν
1688 3637 1787 3690 αύ-

185 3729 304 3792 τοὸς
331 3729 668 3794 ἀκονούσαις
693 3729 926 3801 ἡδοναῖς.
959 3729 1108 3784 Ἔδει
1137 3728 1202 3802 δὴ
1234 3724 1499 3795 οῦν,.ἐδει,
1531 3729 1786 3802 καθάπερ

183 3818 300 3873 τινὰ
328 3819 584 3893 ψυχικὴν
621 3822 966 3894 ἀρρωστίαν,
1005 3821 1415 3894 προαποθέσθαι
1455 3822 1584 3887 τοὺς
1611 3823 1780 3877 πάλαι

184 3911 277 3981 τὴν
308 3912 592 3968 πολύθεΟν
643 3914 933 3986 πλάνησιν,
980 3915 1168 3968 πίστει
1207 3931 1270 3969 τε
1315 3916 1384 3986 τῇ
1420 3917 1502 3979 εἰς
1531 3914 1666 3970 Θεὸν
1693 3915 1786 3970 τὸν

186 4002 274 4058 ἕνα
302 4005 471 4075 φύσει
508 4005 612 4061 καὶ
638 4005 856 4077 ἀληθῶς
893 4005 1214 4079 ἐρηρεῖσθαι
1245 4006 1431 4072 καλῶς
1457 4023 1474 4038 ο
1501 4007 1786 4080 τοιγάρτοι

185 4096 272 4148 καὶ
300 4097 523 4168 πρῶτος
545 4097 735 4163 αὐτοῖς
757 4097 1146 4170 προανέλαμψε
1187 4098 1382 4170 νόμοςο
1421 4117 1442 4152 ι
1484 4100 1629 4169 Ἐγώ
1667 4103 1787 4172 εἰμι

183 4183 384 4258 Κύριος
412 4191 441 4243 ό
474 4189 617 4254 Θεός
650 4207 766 4256 σου,
817 4191 968 4255 ὅστις
998 4189 1269 4262 ἐξήγαγόν
1303 4206 1363 4244 σε
1393 4191 1459 4244 ἐκ
1490 4191 1592 4263 γῆς
1619 4191 1788 4260 Αἰγύ-

185 4296 312 4333 πτου
347 4282 407 4348 ἐξ
438 4282 605 4336 οἴκου
649 4281 916 4346 δουλείας.
947 4282 1062 4337 Οὐκ
1098 4282 1314 4337 ἔσονταί
1344 4299 1428 4336 σοι
1464 4281 1579 4336 θεοὶ
1606 4283 1787 4354 ἕτεροι

1884 3101 2011 3157 dam
2043 3108 2100 3156 et
2121 3098 2341 3154 ﬁrmum
2394 3097 2638 3160 initium,
2674 3095 2842 3149 unius
2881 3107 3132 3161 veraeque
3161 3088 3476 3144 Divinitatis

1885 3192 2259 3264 cognitionem
2297 3188 2645 3260 praestruxit;
2673 3200 2853 3253 neque
2878 3183 3025 3237 enim
3051 3179 3279 3258 putabat
3314 3192 3476 3247 posse

1886 3284 2011 3338 illos
2061 3281 2129 3337 ad
2194 3280 2362 3335 vitam
2403 3279 2752 3333 innocentem
2793 3287 3099 3343 puramque
3142 3270 3476 3340 pertingere,

1885 3381 1982 3429 aut
2009 3389 2040 3428 a
2071 3373 2210 3443 lege,
2238 3385 2360 3440 qua:
2386 3369 2454 3423 ad
2487 3383 2578 3422 res
2603 3365 2892 3435 praeclaras
2914 3360 3260 3423 hortabatur,
3282 3371 3478 3412 eorum

1888 3475 2072 3516 mores
2093 3457 2372 3529 componi,
2421 3463 2479 3511 et
2524 3454 2688 3510 facile
2743 3449 3022 3506 mandatis
3062 3448 3317 3518 obsequi,
3367 3447 3478 3503 nisi

1887 3554 2039 3609 illam
2065 3552 2122 3607 in
2144 3552 2317 3607 Deum
2359 3548 2523 3604 fidem
2572 3547 2758 3601 animo
2787 3542 3179 3613 suscepissent,
3202 3556 3313 3611 quo
3350 3555 3481 3612 per-

1888 3645 2018 3701 inde
2065 3659 2130 3698 ac
2172 3657 2333 3697 muro
2377 3638 2730 3712 praemuniti,
2779 3635 3194 3706 voluptatibus,
3240 3650 3362 3704 qua:
3409 3632 3478 3689 ad

1888 3735 2163 3807 ignaviam
2186 3734 2310 3788 illos
2331 3731 2672 3795 alliciebant,
2699 3735 2924 3784 strenue
2950 3725 3313 3782 obsisterent.
3329 3722 3482 3794 Opus

1888 3828 2060 3900 igitur
2085 3834 2225 3891 erat,
2252 3839 2394 3895 opus
2429 3831 2570 3887 erat,
2605 3822 2850 3892 inquam,
2883 3829 2946 3875 ut
2972 3820 3051 3875 illi
3078 3827 3298 3875 veteres
3328 3817 3483 3886 prius

1886 3919 2061 3977 veluti
2087 3919 2343 3975 morbum
2385 3917 2679 3987 quemdam
2723 3914 2894 3970 animi
2943 3914 3286 3986 deponerent
3323 3926 3480 3966 erro-

1887 4028 2026 4079 rem,
2049 4025 2161 4083 quo
2208 4010 2510 4064 multitudo
2565 4008 2796 4062 deorum
2837 4007 3142 4072 colebatur,
3180 4012 3238 4059 et
3276 4002 3382 4057 ﬁde
3423 4003 3499 4088 in‘

1886 4116 2016 4156 eum
2065 4099 2164 4171 qui
2191 4113 2338 4154 unus
2362 4105 2423 4152 et
2453 4104 2654 4151 natura
2691 4105 2750 4150 et
2772 4110 2903 4150 vere
2938 4095 3088 4149 Deus
3137 4101 3246 4157 est,
3269 4092 3481 4161 optimo

1889 4191 2351 4248 conﬁrmarentur
2375 4205 2402 4254 ;.
2439 4188 2676 4256 ideoque
2714 4186 2850 4256 ipsis
2889 4185 2983 4239 illa
3011 4184 3190 4255 prima
3219 4183 3307 4237 lex
3333 4197 3480 4252 prm-

1895 4283 2052 4339 fulsit
2076 4299 2090 4336 :
2123 4281 2274 4352 «Ego
2302 4295 2427 4335 sum
2459 4279 2727 4334 Dominus
2754 4277 2901 4331 Deus
2923 4283 3073 4342 tuus,
3107 4275 3203 4345 qui
3232 4274 3396 4329 eduxi
3423 4282 3480 4331 te

185 4367 322 4441 πλὴν
353 4371 518 4443 ἐμοῦ.
547 4373 627 4426 Οὐ
655 4375 904 4445 ποιήσεις
925 4373 1142 4445 σεαυτῷ
1167 4373 1412 4441 εἴδωλον,
1441 4373 1563 4428 οὐδὲ
1584 4376 1784 4440 παντὸς

1891 4374 1962 4431 de
1996 4381 2142 4428 terra
2169 4370 2409 4444 Egypti,
2434 4369 2504 4425 de
2527 4369 2694 4424 domo
2716 4366 3022 4423 servitutis.
3056 4366 3177 4422 Non
3189 4373 3352 4421 erunt
3379 4364 3479 4421 tibi

187 4458 438 4530 ὁμοίωμα
464 4464 581 4517 ὅσα
611 4463 670 4517 ἐν
699 4464 776 4535 τῷ
800 4463 1017 4536 οὐρανῷ
1040 4465 1174 4531 ἀνω,
1207 4464 1305 4520 καὶ
1327 4467 1385 4518 ἐν
1408 4467 1475 4536 τῇ
1513 4467 1584 4537 γῇ
1615 4466 1791 4531 κάτω,

185 4549 276 4604 καὶ
313 4552 415 4607 ὅσα
444 4555 506 4608 ἐν
548 4557 670 4618 τοῖς
703 4554 891 4609 ὕδασιν
921 4557 1180 4611 ὑποκάτω
1207 4555 1308 4625 τῆς
1341 4556 1448 4628 γῆς
1470 4597 1486 4624 ,
1517 4559 1579 4611 οὐ
1614 4574 1792 4630 προσ-

183 4644 441 4712 κυνήσεις
471 4647 690 4712 αὐτοῖς,
725 4647 834 4701 οὐδ’⁵
863 4647 925 4700 ού
960 4647 1035 4718 μὴ
1065 4647 1371 4720 λατρεύσῃς
1401 4649 1605 4714 αὐτοῖς.
1649 4649 1792 4720 Ἐγὼ

184 4732 291 4805 γάρ
318 4737 438 4807 εἰμι
467 4735 685 4808 Κύριος
713 4739 742 4791 ὸ
785 4737 919 4803 Θεός
945 4755 1038 4792 σου
1066 4777 1082 4803 ,
1112 4737 1142 4791 ὁ
1170 4737 1303 4803 Θεὸς
1344 4739 1615 4812 ζηλωτὴς,
1651 4741 1792 4795 ἀπο-

185 4824 356 4891 διδοὺς
394 4827 689 4900 ἁμαρτίας
717 4828 974 4898 πατέρων
1009 4829 1103 4883 ἐπὶ
1140 4829 1309 4884 τέκνα
1335 4830 1441 4890 ἓως
1473 4831 1666 4904 τρίτης
1692 4834 1789 4888 καὶ

184 4918 454 4992 τετάρτης
503 4920 707 4989 γενεᾶς
734 4922 848 4984 τοῖς
886 4920 1108 4991 μισοῦσί
1153 4937 1222 4993 με
1245 4938 1259 4952 ³
1289 4924 1384 4978 καὶ
1420 4923 1591 4978 ποιῶν
1636 4924 1789 4991 ἐλεος

184 5013 257 5073 εἰς
289 5013 552 5082 χιλιάδας
597 5015 711 5076 τοῖς
751 5011 1008 5082 ἀγαπῶσι
1061 5029 1162 5084 με,
1202 5013 1300 5066 καὶ
1333 5013 1668 5082 φυλάσσουσι
1719 5017 1788 5071 τὰ

185 5103 602 5176 προστάγματά
631 5121 756 5174 μου.
797 5121 816 5154 ι
859 5103 1006 5157 Ἔδει
1033 5103 1166 5176 γὰρ,
1201 5101 1308 5158 ἔδει
1345 5105 1603 5177 σκληροῖς
1625 5125 1792 5162 καταο

185 5196 468 5250 πτοεῖσθαι
495 5197 762 5266 δείμασι,
795 5197 919 5260 τοὺς
949 5196 1262 5269 ἀνεξίτητον
1300 5198 1592 5268 μέλλοντας
1621 5203 1790 5255 ποιεῖ-

187 5282 304 5337 σθαι
335 5286 440 5357 τὴν
471 5285 729 5356 ἐντολὴνο
756 5286 1044 5358 τοιγάρτοι
1066 5287 1160 5340 καὶ
1186 5287 1436 5361 ζηλωτὴν
1464 5290 1657 5346 ἐαυτὸν
1681 5294 1791 5347 ὀνο-

187 5378 345 5445 μάζει
384 5379 530 5432 Θεὸν
559 5419 575 5443 ,
609 5378 704 5432 καὶ
747 5379 1022 5450 ἁμαρτίας
1052 5380 1305 5451 πατέρων
1334 5381 1648 5437 ἐπιτιθέντα
1677 5387 1792 5450 τοῖς

185 5467 240 5534 ἐξ
263 5471 474 5535 αὐτῶν,
504 5470 565 5524 εῖ
584 5486 651 5539 γε
685 5471 806 5524 κατ’
845 5472 1088 5535 ἐκείνους
1115 5469 1322 5526 ἕλοιντο
1346 5472 1518 5544 βιοῦν,
1541 5475 1634 5530 καὶ
1658 5494 1790 5550 προ-

250 5655 296 5692 ⁸³
316 5657 427 5716 lsa.
457 5673 563 5725 vn,
591 5654 649 5712 9.
744 5657 788 5690 ³³
811 5657 985 5714 Exod.
1010 5673 1098 5727 xx,
1122 5657 1156 5711 2
1177 5672 1332 5728 seqq.

1890 4468 1969 4524 dii
2000 4467 2093 4522 alii
2128 4475 2332 4538 praeter
2356 4479 2445 4520 me
2475 4481 2488 4517 :
2523 4477 2634 4517 non
2673 4460 2844 4516 facies
2867 4460 2967 4516 tibi
2991 4461 3096 4532 ipsi
3121 4458 3350 4525 idolum,
3375 4474 3480 4514 ne-

1894 4576 2005 4632 que
2031 4559 2204 4615 ullius
2236 4557 2317 4612 rei
2344 4556 2723 4622 simulacrum,
2748 4569 3089 4625 quaecunque
3102 4553 3159 4607 in
3183 4551 3322 4608 caelo
3351 4557 3480 4606 sunt

1895 4666 2137 4717 sursum,
2167 4661 2225 4706 et
2261 4663 2606 4720 quaecunque
2641 4647 2699 4702 in
2749 4655 2896 4702 terra
2939 4646 3222 4709 deorsum,
3249 4651 3305 4699 et
3331 4659 3482 4714 qua:-

1897 4759 2116 4814 cunque
2132 4743 2190 4797 in
2211 4741 2370 4813 aquis
2400 4739 2504 4796 sub
2527 4746 2702 4795 terra:
2754 4754 2865 4793 non
2891 4736 3150 4792 adorabis
3186 4750 3270 4801 ea,
3296 4748 3480 4804 neque

1898 4838 2112 4894 servies
2135 4836 2264 4892 illis.
2298 4836 2414 4906 Ego
2447 4834 2599 4890 enim
2643 4848 2766 4888 sum
2817 4831 3084 4886 Dominus
3134 4829 3281 4885 Deus
3329 4837 3478 4892 tuus,

1898 4931 2045 4986 Deus
2069 4929 2291 4995 zelotes,
2321 4926 2562 4982 reddens
2601 4930 2825 4995 peccata
2854 4931 3075 4993 patrum
3116 4921 3171 4976 in
3203 4920 3366 4987 ﬁlios,
3390 4937 3482 4977 us-

1897 5037 2005 5094 que
2033 5021 2104 5076 ad
2131 5021 2352 5077 tertiam
2406 5025 2464 5074 et
2503 5025 2758 5089 quartam
2800 5016 3234 5088 generationem,
3287 5014 3355 5069 iis
3384 5013 3480 5083 qui

1897 5116 2138 5171 oderunt
2163 5129 2271 5178 me,
2302 5109 2463 5183 174
2478 5117 2536 5166 et
2556 5107 3215 5165 faciensmisericordiam
3233 5106 3288 5161 in
3307 5106 3478 5159 millia

1899 5207 1970 5261 iis
2019 5204 2117 5275 qui
2153 5204 2392 5275 diligunt
2413 5216 2522 5268 me,
2549 5207 2606 5255 et
2631 5205 2856 5256 servant
2896 5205 3170 5270 praecepta
3201 5211 3324 5250 mea
3354 5196 3418 5245 ⁸³.
3452 5211 3470 5244 ι

1896 5297 2199 5370 Oportebat
2246 5295 2396 5350 enim
2444 5300 2506 5348 ut
2529 5292 2686 5348 duris
2737 5290 3041 5346 terroribus
3069 5301 3482 5345 commoveren-

1900 5396 2008 5455 tur,
2027 5385 2123 5457 qui
2150 5382 2408 5439 mandato
2433 5380 2646 5436 aditum
2681 5377 3006 5451 praeclusuri
3028 5382 3216 5440 erant;
3244 5372 3480 5441 ideoque

1896 5491 1953 5537 et
1992 5479 2228 5536 zelotcm
2252 5490 2312 5533 se
2333 5474 2510 5531 Deum
2547 5471 2808 5544 appellat,
2837 5477 2895 5526 et
2917 5474 3140 5542 peccata
3183 5473 3480 5540 parentum
