3966 6298
491 245 588 300 HI

1562 284 1575 296 .
1616 242 1897 299 CYRILLI
1929 242 2398 309 ALEXANDRINI
2437 242 2756 298 ARClllEP.

3659 238 3759 295 ΗΞ

460 434 465 439 _
494 365 687 420 liberis
709 363 996 435 imponere
1029 379 1089 420 se
1120 364 1284 432 dicit;
1322 365 1367 420 si
1396 372 1577 421 tamen
1611 368 1866 423 similiter
1913 376 2077 437 atque

2192 366 2413 432 γονικοῖς
2447 361 2778 433 ἁμιλλᾶσθαι
2804 362 3162 433 πταίσμασιν.
3193 357 3268 412 Οὐ
3296 357 3406 429 γάρ
3435 356 3539 409 πού
3558 374 3764 428 φαμεν,

495 458 571 510 illi
613 457 821 524 vivere,
841 466 899 511 et
932 472 1060 512 cum
1086 457 1280 528 patriis
1304 467 1515 513 certare
1537 459 1714 529 culpis
1752 459 1941 514 velint.
1965 459 2072 513 Ne-

494 563 601 618 que
653 548 803 602 enim
848 548 1087 604 dicimus
1116 549 1175 604 in
1220 564 1329 604 eos
1390 548 1486 619 qui
1511 550 1649 604 nihil
1718 550 2071 620 deliquerint,

456 690 467 699 ,
494 650 719 709 peccata
743 649 1035 710 parentum
1060 640 1401 707 redundare;
1457 657 1581 696 cum
1635 641 1857 697 disertis
1894 640 2077 697 verbis

456 783 469 791 _
495 739 729 784 testetur
752 731 957 785 Deusn
990 731 1110 785 Non
1131 731 1439 787 morientur
1457 739 1644 800 patres
1669 747 1770 802 pro
1798 730 1944 799 ﬁliis,
1972 748 2074 788 ne-

496 839 603 892 que
637 822 729 876 ﬁlii
753 838 852 892 pro
876 823 1125 892 patribus
1153 840 1164 875 :
1201 823 1581 893 unusquisque
1613 823 1671 877 in
1720 838 1822 877 suo
1853 832 2077 892 peccato

497 916 769 972 morietur
801 918 867 972 “.
892 938 909 970 ι
942 918 1072 985 Sed,
1116 918 1162 973 si
1194 930 1486 989 parentum
1543 920 1874 975 sententiam
1917 921 2079 976 liberi

464 1079 470 1084 ν
497 1014 825 1078 sequantur,
854 1025 918 1065 ac
942 1011 1134 1081 patria:
1177 1012 1474 1082 impietatis
1514 1011 1722 1067 fuerint
1752 1013 2074 1078 imitatores,

496 1103 750 1171 pervenit
770 1103 992 1158 interim
1010 1105 1080 1158 ad
1105 1105 1253 1176 ipsos
1280 1120 1499 1174 quoque
1522 1104 1617 1159 Dei
1637 1105 1956 1176 indignatio.
1979 1107 2079 1170 Ae,

499 1193 545 1248 si
572 1194 788 1248 eveniat
812 1211 881 1249 ex
909 1195 1082 1265 ipsius
1101 1196 1267 1250 insita
1291 1196 1653 1267 benignitate,
1704 1203 1766 1250 ut
1791 1196 1955 1261 Deus,
1984 1194 2081 1265 qui

497 1295 582 1341 est
619 1303 785 1357 super
826 1289 1032 1353 omnia,
1080 1288 1275 1359 primis
1314 1289 1425 1343 illis
1464 1289 1709 1343 remittat
1731 1303 1924 1358 poenas
1969 1305 1981 1340 :
2023 1294 2082 1342 at

498 1386 649 1432 certe
689 1379 946 1434 secundis
997 1380 1242 1447 tandem,
1281 1388 1376 1436 aut
1399 1381 1578 1435 tertiis
1610 1380 1987 1436 commeritam
2013 1380 2082 1435 ab

499 1469 657 1524 initio
694 1470 936 1525 debitam
964 1472 1131 1541 impio
1173 1473 1359 1543 generi
1404 1472 1572 1528 infert
1602 1473 1759 1527 iram.
1808 1472 2084 1544 Compulit

466 1614 471 1619 ,
499 1557 671 1628 igitur
700 1575 796 1615 eos
825 1560 892 1616 ad
919 1561 1195 1627 timorem,
1230 1578 1356 1619 cum
1402 1578 1461 1617 se
1507 1563 1740 1619 zelotem
1784 1564 1958 1618 Deum
1984 1579 2083 1635 ap-

468 1706 469 1711 η
499 1650 762 1720 pellavit:
798 1652 906 1707 alia
936 1668 1155 1722 quoque
1191 1652 1406 1709 ratione
1452 1654 1676 1709 eosdem
1718 1655 1774 1708 in
1804 1654 1909 1710 ﬁde
1948 1671 2084 1711 eon-

2178 458 2255 522 ώς
2282 459 2395 521 τοῖς
2418 473 2481 525 γε
2509 457 2647 521 ὅλως
2675 455 2832 510 οὐδὲν
2863 452 3396 525 πεπλημμεληκόσιν
3420 452 3477 507 αἱ
3509 452 3619 506 τῶν
3655 469 3765 507 πα-

2176 550 2350 619 τέρων
2374 550 2689 619 ἐγκατασκή
2702 563 2923 603 πτουσιν
2973 545 3265 617 ἁμαρτίαι,
3296 544 3391 597 καί
3424 559 3506 598 τοι
3531 544 3767 617 διαρῤήο

2175 641 2272 712 δην
2309 641 2751 712 ἀνακεκραγότος
2778 638 2919 694 Θεοῦ
2942 657 2957 673 ο
3001 657 3021 691 ι
3077 639 3193 692 Οὐκ
3225 636 3621 691 ἀποθανοῦνται
3661 652 3770 692 πα-

2176 732 2334 805 τέρες
2366 732 2505 805 ὑπὲρ
2531 733 2761 797 τέκνων,
2796 730 2920 786 οὐδὲ
2958 731 3128 785 τέκνα
3157 729 3297 801 ὑπὲρ
3324 728 3599 800 πατέρων,
3638 730 3771 781 ἕκα-

2181 842 2304 889 στος
2337 828 2405 897 τῇ
2433 826 2627 879 ἐαυτοῦ
2662 825 2908 897 ἁμαρτίᾳ
2936 823 3308 877 ἀποθανεῖται.
3350 840 3367 873 ι
3412 820 3550 874 Ἀλλ’
3574 823 3622 874 εί
3647 822 3772 883 ταῖς

2177 915 2288 971 τῶν
2321 916 2574 987 πατέρων
2595 916 2812 970 ἕποιντο
2839 915 3086 986 γνώμαις
3121 916 3170 967 oi
3198 913 3258 979 ἐξ
3285 913 3488 978 αὐτῶν,
3517 913 3615 967 καὶ
3641 929 3774 980 προ-

2179 1007 2405 1079 γονικῆς
2440 1008 2758 1074 δυσσεϐείας
2778 1007 2986 1062 ἔσοιντο
3014 1007 3272 1078 ζηλωταὶ,
3312 1005 3633 1077 παρατείνει
3662 1020 3771 1056 που

2180 1099 2324 1170 τάχα
2354 1099 2449 1154 καὶ
2476 1101 2557 1164 είς
2584 1099 2780 1163 αὐτοὺς
2805 1101 2834 1153 ὁ
2860 1098 3050 1170 θυμός.
3080 1097 3197 1153 Κᾶν
3226 1099 3276 1151 εί
3308 1096 3519 1166 γένοιτό
3558 1113 3676 1158 πως
3710 1093 3774 1159 ἐξ

2181 1195 2425 1266 ἐμφύτου
2485 1193 2897 1266 φιλανθρωπίας
2950 1193 3159 1246 ἀνεῖναι
3207 1193 3321 1254 τοῖς
3379 1188 3618 1261 πρώτοις
3674 1187 3773 1241 τὸν

2185 1284 2328 1354 ὑπὲρ
2372 1284 2551 1338 πάντα
2577 1283 2730 1349 Θεὸν,
2779 1283 2839 1337 τὸ
2871 1280 3198 1346 κολάζεσθαι
3231 1280 3364 1346 δεῖν,
3402 1278 3518 1332 ἀλλ’
3552 1275 3646 1332 οὖν
3670 1279 3774 1348 ὀψὲ

2183 1379 2295 1441 τοῖς
2332 1376 2607 1449 δευτέροις
2628 1376 2796 1447 ἧγουν
2819 1377 2933 1438 τοῖς
2963 1374 3170 1445 τρίτοις
3200 1360 3525 1443 ἐπάγειτὴν
3566 1371 3625 1423 ἐν
3664 1372 3773 1443 ἀρ-

2183 1473 2307 1540 χαῖς
2336 1469 2414 1540 τῷ
2454 1469 2664 1540 βεϐήλῳ
2688 1467 2837 1537 γένει
2864 1465 3183 1538 πρέπουσάν
3204 1482 3263 1518 τε
3296 1465 3391 1518 καὶ
3414 1463 3775 1533 ὀφειλομένην

2185 1562 2377 1635 ὀργήν.
2405 1559 2700 1616 Κατεσόϐει
2725 1559 2901 1613 τοίνυν
2928 1559 3007 1621 είς
3026 1558 3088 1611 τὸ
3113 1557 3397 1627 φοϐεῖσθαι
3422 1554 3647 1626 (1)δεῖν,
3678 1556 3776 1625 ζη-

2186 1655 2366 1723 λωτὴν
2411 1653 2606 1707 ἑαυτὸν
2633 1650 2916 1723 ὀνομάζων
2957 1649 3129 1703 Θεόν·“
3152 1647 3400 1701 ἐϐεϐαίου
3423 1662 3489 1715 γε
3529 1645 3635 1717 μὴν
3682 1647 3777 1699 καὶ

502 1741 756 1812 ﬁrmavit,
793 1744 1104 1814 pollicendo
1148 1744 1424 1800 facturum
1476 1761 1535 1800 se
1563 1746 2000 1802 misericordiam
2029 1748 2087 1802 in

2192 1746 2392 1818 ἑτέρως
2421 1746 2502 1810 είς
2532 1745 2715 1799 πίστιν
2744 1744 2942 1806 αὐτοὺς
2969 1785 2984 1808 ,
3017 1744 3194 1795 ποιεῖν
3230 1739 3379 1803 ἔλεος
3408 1740 3489 1802 είς
3524 1739 3773 1809 χιλιάδας

501 1832 673 1887 millia
709 1833 776 1887 iis
803 1833 898 1903 qui
930 1849 989 1889 se
1015 1834 1326 1905 diligerent.
1359 1835 1459 1891 llis
1503 1835 1745 1890 vicinum
1772 1844 2090 1907 cognatum—

500 1938 608 1991 que
652 1924 969 1979 mandatum
1014 1925 1248 1994 adjecit;
1300 1926 1379 1980 ait
1419 1925 1601 1981 enim:
1655 1927 1813 1981 «Non
1853 1929 2089 1998 accipies

476 2028 699 2081 nomen
730 2015 947 2069 Domini
973 2016 1068 2070 Dei
1106 2016 1185 2070 tui
1225 2017 1279 2071 in
1305 2033 1508 2072 vanum
1535 2035 1549 2082 ;
1580 2034 1691 2072 non
1716 2019 1865 2073 enim
1898 2019 2089 2074 inson-

499 2111 611 2157 tem
636 2104 863 2159 habebit
882 2105 1150 2161 Dominus
1205 2123 1331 2162 eum
1382 2109 1475 2178 qui
1504 2109 1704 2180 accipit
1742 2125 1943 2165 nomen
1971 2112 2091 2182 ejus

500 2193 558 2248 in
578 2211 781 2250 vanum
810 2197 876 2251 ’⁵.
903 2218 920 2249 ι
960 2198 1075 2253 Hoc
1107 2200 1359 2254 nonnulli
1400 2200 1696 2267 faciebant,
1722 2201 1888 2273 lignis
1920 2218 1986 2257 ac
2008 2203 2088 2257 la-

500 2287 724 2357 pidibus
760 2288 858 2343 Dei
896 2291 1321 2360 appellationem
1352 2291 1688 2358 tribuendo;
1722 2301 1777 2348 et
1812 2293 1946 2349 illud
1994 2309 2093 2349 no-

501 2394 647 2446 men,
681 2381 829 2451 quod
856 2391 943 2437 est
969 2398 1138 2453 super
1175 2400 1343 2439 omne
1398 2401 1626 2451 nomen,
1665 2387 1832 2441 stulte
1887 2386 1955 2440 ad
1991 2387 2094 2441 hu-

460 2461 465 2467 ’
500 2489 676 2527 mana!
696 2489 890 2527 manus
915 2474 1210 2529 artiﬁcium
1268 2484 1434 2546 atque
1463 2492 1687 2547 operam
1734 2477 2044 2547 dejiciendo
2074 2496 2089 2544 ;

501 2563 570 2617 de
590 2564 791 2633 quibus
827 2564 965 2618 dixit
986 2566 1132 2620 Deus
1160 2582 1259 2637 per
1280 2567 1433 2622 lsaiaa
1466 2582 1657 2622 vocem
1688 2586 1700 2621 :
1742 2588 1760 2620 ι
1791 2569 2091 2639 Postquam

501 2655 667 2725 elegit
696 2655 851 2710 faber
878 2657 1112 2727 lignum,
1142 2659 1433 2714 constituit
1463 2659 1599 2713 illud
1629 2659 1685 2713 in
1712 2675 1995 2729 mensura,
2037 2669 2094 2716 et

501 2744 711 2815 glutine
735 2748 1044 2818 composuit
1072 2748 1207 2804 illud
1247 2756 1309 2804 ut
1332 2749 1570 2804 formam
1599 2750 1724 2818 viri,
1762 2758 1817 2806 et
1867 2760 1928 2806 ut
1971 2751 2095 2822 pul-

502 2835 876 2892 chritudinem
911 2839 1176 2908 hominis,
1228 2850 1289 2897 ut
1317 2850 1587 2899 statueret
1639 2844 1775 2899 illud
1798 2845 1855 2899 in
1892 2844 2091 2911 domo;

503 2928 714 2983 excidit
752 2930 962 3001 lignum
988 2945 1019 2986 a
1060 2934 1218 2999 silva,
1252 2935 1400 3006 quod
1437 2936 2008 3006 plantavitDominus,
2038 2944 2096 2992 et

2190 1836 2619 1909 ὑπισχνούμενος
2665 1836 2778 1898 τοῖς
2811 1833 3100 1902 ἀγαπῶσιν
3138 1831 3319 1885 αὐτόν.
3368 1827 3688 1901 Προσετίθει
3720 1827 3777 1880 δὲ

2188 1929 2399 1993 τούτοις
2431 1928 2650 1997 γείτονά
2687 1936 2745 1980 τε
2774 1926 2866 1979 καὶ
2911 1924 3148 1994 ἀδελφὴν
3187 1922 3442 1991 ἐντολήν·
3486 1939 3506 1971 ι
3554 1919 3630 1972 Οὐ
3669 1918 3777 1988 γὰρ

2189 2019 2367 2091 λήψῃ,
2404 2019 2561 2089 φησι,
2592 2017 2654 2070 τὸ
2681 2017 2854 2087 ὄνομα
2891 2014 3097 2086 Κυρίου
3131 2012 3225 2067 τοῦ
3254 2009 3390 2065 Θεοῦ
3420 2028 3515 2064 σου
3547 2011 3641 2063 ἐπὶ
3675 2026 3779 2079 μα⁴

2189 2113 2330 2184 ταίῳ
2353 2128 2366 2142 ·
2401 2112 2462 2165 οὐ
2492 2110 2601 2181 γὰρ
2633 2109 2708 2182 μὴ
2744 2108 3023 2181 καθαρίσῃ
3062 2106 3271 2178 Κύριος
3297 2105 3391 2158 τὸν
3430 2102 3779 2173 λαμϐάνοντα

2190 2207 2252 2261 τὸ
2278 2205 2449 2276 ὄνομα
2469 2202 2632 2258 αὐτοῦ
2662 2202 2754 2256 ἐπὶ
2784 2200 3050 2272 ματαίῳ.)
3090 2197 3261 2252 Τοῦτό
3293 2206 3436 2258 τινες
3465 2194 3661 2264 ἔδρων,
3689 2191 3780 2257 ξύ-

2192 2298 2307 2361 λοις
2336 2314 2397 2350 τε
2430 2296 2524 2350 καὶ
2562 2294 2732 2358 λίθοις
2758 2293 2856 2364 τὴν
2894 2291 2990 2346 τοῦ
3016 2290 3153 2344 Θεοῦ
3183 2288 3375 2359 κλῆσιν
3404 2286 3776 2349 ἁνάπτοντες,

2192 2389 2287 2441 καὶ
2314 2388 2406 2440 τὸν
2445 2386 2586 2457 ὑπὲρ
2609 2386 2717 2438 πᾶν
2741 2384 2911 2455 ὄνομα
2943 2379 3403 2450 κατακομίζοντες
3431 2377 3662 2447 ἀμαθῶς
3700 2377 3781 2439 εἰς

2192 2482 2545 2554 ἀνθρωπίνης
2587 2479 2771 2550 χειρὸς
2800 2473 3175 2546 φιλοτέχνημά
3201 2490 3264 2525 τε
3295 2473 3389 2525 καὶ
3417 2471 3596 2524 πόνον.
3634 2470 3779 2540 Ἔφη

2192 2573 2250 2627 δέ
2280 2590 2383 2627 που
2409 2572 2536 2644 περὶ
2558 2571 2738 2626 αὐτῶν
2759 2569 2846 2622 διὰ
2870 2566 3055 2638 φωνῆς
3084 2565 3308 2619 Ἡσαΐου
3338 2564 3497 2628 Θεός·
3531 2582 3549 2613 ι
3592 2562 3780 2616 Ἐκλε-

2197 2665 2430 2737 ξάμενδς
2465 2663 2675 2718 τέκτων
2705 2660 2860 2725 ξύλον
2880 2650 3150 2728 ,ἔστησεν
3178 2655 3311 2710 αὐτὸ
3343 2657 3400 2708 ἐν
3433 2656 3620 2726 μέτρῳ
3641 2694 3654 2719 ,
3686 2654 3784 2708 καὶ

2195 2759 2254 2813 ἐν
2303 2757 2466 2828 κόλλῃ
2513 2752 2848 2828 ἐρρύθμισεν
2893 2750 3047 2812 αὐτὸ,
3101 2748 3195 2802 καὶ
3237 2746 3492 2816 ἐποίησεν
3534 2744 3674 2799 αὐτὸ
3705 2744 3785 2808 ὡς

2199 2850 2414 2923 μορφὴν
2448 2848 2662 2917 ἀνδρὸς,
2699 2845 2794 2899 καὶ
2822 2843 2899 2905 ὼς
2924 2840 3237 2912 ὡραιότητα
3255 2836 3544 2909 ἀνθρώπου
3582 2837 3782 2907 στῆσαι

2195 2942 2330 2998 αὐτὸ
2350 2943 2408 2996 ἐν
2438 2940 2570 3010 οἴκῳ
2594 2956 2608 2970 ·
2632 2935 2796 3006 ἔκοψε
2824 2934 2981 3001 ξύλον
3009 2936 3074 2987 ἐκ
3095 2929 3189 2985 τοῦ
3215 2927 3424 3001 δρυμοῦ
3453 2928 3482 2981 δ
3512 2927 3782 2996 ἐφύτευσε

506 3021 683 3077 imber
709 3025 879 3090 auxit,
912 3035 974 3081 ut
997 3026 1069 3083 sit
1101 3029 1420 3086 hominibus
1445 3031 1503 3086 in
1527 3032 1966 3087 combustionem
1992 3050 2007 3099 ;
2038 3044 2089 3087 et

2198 3036 2405 3107 Κύριος
2430 3073 2444 3098 ,
2492 3031 2589 3086 καὶ
2616 3028 2771 3091 ὑετὸς
2823 3027 3121 3096 ἐμήκυνεν,
3152 3021 3241 3125 ἵνα
3282 3016 3672 3125 ᾖιᾶΛνθρώποις
3702 3019 3786 3120 είς

505 3117 786 3188 accipiens
819 3120 889 3174 ah
931 3120 1026 3176 illo
1055 3122 1355 3178 calefactus
1384 3132 1469 3179 est
1494 3143 1507 3177 :
1558 3132 1616 3179 et
1644 3125 1972 3180 accedentes
1995 3140 2092 3182 co-

502 3219 703 3266 xerunt
734 3228 901 3283 panes
932 3230 1099 3285 super
1125 3215 1295 3287 ipsis.
1334 3216 1402 3272 de
1437 3217 1651 3287 reliquo
1686 3233 1817 3274 vero
1845 3218 2096 3274 fecerunt

503 3302 657 3368 deos,
674 3313 730 3359 et
764 3305 996 3362 adorant
1056 3309 1178 3363 illos
1213 3310 1278 3364 ⁸⁸.
1313 3329 1330 3360 ι
1370 3310 1439 3365 Ει
1466 3318 1589 3381 post
1632 3310 1776 3366 alia:
1831 3309 2092 3383 (Cogno-

504 3396 641 3450 scite
696 3398 823 3467 quia
865 3398 1008 3454 cinis
1054 3408 1141 3456 est
1182 3415 1278 3455 cor
1312 3416 1528 3468 eorum,
1566 3409 1624 3456 et
1668 3410 1855 3457 errant
1877 3404 1944 3456 ".
1977 3421 1994 3454 ι
2026 3402 2093 3457 lli

503 3487 783 3556 accipiunt
814 3505 1014 3545 nomen
1041 3492 1259 3547 Domini
1304 3494 1359 3548 in
1388 3509 1614 3548 vanum.
1670 3493 1969 3561 Caeterum,
1996 3492 2092 3563 qui

499 3579 613 3649 jam
651 3596 682 3636 e
725 3581 931 3637 diaboli
976 3582 1191 3652 laqueis
1208 3583 1483 3650 exierunt,
1506 3601 1571 3639 ac
1592 3585 1767 3639 Deum
1789 3600 1983 3657 verum
2003 3601 2096 3640 co-

506 3679 839 3739 gnoverunt,
872 3662 1032 3740 175
1055 3687 1152 3726 eos
1179 3688 1381 3727 censeo
1405 3689 1514 3728 non
1545 3673 1746 3728 debere
1773 3674 1842 3729 ad
1880 3675 2094 3745 ineptas

476 3758 910 3833 ~intelligentias
962 3760 1325 3815 elaudicando
1362 3761 1493 3825 labi,
1550 3776 1729 3830 neque
1783 3761 1842 3815 in
1886 3762 1990 3816 hac
2036 3777 2095 3817 re

509 3847 838 3918 degenerem
885 3864 1111 3904 sensum
1146 3851 1314 3906 stulte
1347 3852 1661 3922 complecti,
1706 3852 1760 3906 in
1813 3868 1937 3907 eam
1970 3852 2093 3924 opi-

507 3940 731 3994 nionem
762 3940 1048 4007 adductos,
1081 3953 1143 3998 ut
1161 3943 1300 3998 alios
1316 3952 1618 4015 agnoscant
1640 3945 1792 4013 deos,
1820 3954 1917 3999 aut
1944 3953 2095 4002 certe

509 4031 853 4088 arbitrentur
907 4035 1135 4091 omnino
1184 4037 1454 4107 quosdam
1501 4052 1644 4103 esse,
1692 4046 1894 4108 praeter
1964 4054 2094 4094 eum

509 4123 607 4193 qui
677 4141 822 4181 unus
859 4134 916 4181 et
945 4142 1114 4183 verus
1151 4129 1242 4184 sit.
1299 4128 1457 4184 «Etsi
1510 4128 1658 4183 enim
1708 4129 1965 4186 dicantur
2014 4121 2095 4186 dii

508 4216 783 4287 nonnulli,
831 4236 896 4276 ac
928 4221 1157 4290 domini,
1195 4232 1253 4280 et
1282 4224 1340 4278 in
1380 4224 1542 4290 coelo,
1581 4232 1638 4279 et
1681 4225 1739 4279 in
1773 4232 1920 4281 terra
1954 4241 1967 4279 :
1998 4225 2097 4282 sed

508 4309 671 4366 nobis
727 4327 870 4368 unus
898 4313 1063 4381 Deus,
1095 4315 1259 4370 Pater
1284 4331 1502 4386 nempe,
1532 4331 1600 4370 ex
1622 4330 1734 4386 quo
1779 4317 1985 4384 omnia,
2041 4325 2097 4372 et

2201 3106 2419 3188 καῦσιν,
2454 3122 2549 3176 καὶ
2578 3117 2756 3172 λαϐὼν
2797 3116 2892 3171 ἀπ’
2930 3112 3119 3177 αὐτοῦ,
3152 3107 3495 3182 ἐθερμάνθη,
3524 3107 3620 3161 καὶ
3648 3106 3789 3160 καύ-

2201 3232 2393 3278 σαντες
2425 3212 2631 3282 ἐπεψαν
2675 3208 2873 3280 ἄρτους
2901 3207 2986 3259 ἐπ’
3030 3202 3211 3258 αὐτῶν
3230 3219 3244 3231 ’
3276 3201 3341 3256 τὸ
3363 3199 3421 3252 δὲ
3454 3198 3643 3252 λοιπὸν
3670 3199 3789 3268 εἰρ-

2199 3309 2443 3377 γάσαντο
2471 3304 2551 3366 είς
2573 3303 2758 3365 θεοὺς,
2785 3299 2879 3354 καὶ
2920 3293 3317 3368 προσκυνοῦσιν
3358 3293 3567 3354 αὐτοῖς.
3615 3309 3634 3342 ι
3676 3291 3788 3344 Καὶ

2205 3398 2323 3471 μεθ’
2345 3398 2510 3468 ἕτερα
2532 3411 2546 3427 ο
2574 3414 2593 3447 ι
2622 3390 2824 3457 Γνῶτε,
2852 3390 2936 3444 ὅτι
2964 3386 3156 3449 σποδὸς
3180 3387 3214 3456 ἡ
3247 3384 3438 3454 καρδία
3460 3382 3664 3447 αὐτῶν,
3690 3383 3786 3471 καὶ

2200 3470 2531 3544 πλανῶνται.
2588 3502 2607 3537 ι
2659 3477 2820 3538 Οὗτοι
2854 3477 3192 3549 λαμϐάνουσι
3242 3474 3305 3527 τὸ
3365 3472 3542 3542 ὄνομα
3576 3470 3788 3541 Κυρίου

2199 3558 2293 3636 ἐπὶ
2325 3577 2561 3651 ματαίῳ.
2618 3573 2758 3627 Ἀλλ’
2793 3566 2950 3642 οἶμαι
2984 3567 3094 3620 δεῖν
3127 3565 3255 3626 τοὺς
3285 3563 3339 3617 οῖ
3362 3579 3428 3632 γε
3468 3562 3657 3615 λοιπὸν
3683 3560 3790 3625 ἔξω

2199 3690 2260 3727 τε
2292 3672 2478 3741 πάγης
2515 3665 2770 3737 γεγόνασι
2808 3659 3122 3729 διαϐολικῖκ
3146 3696 3162 3723 ,
3191 3656 3285 3711 καὶ
3322 3654 3456 3708 Θεὸν
3507 3651 3788 3722 ἐγνώκασι

2199 3763 2290 3818 τὸν
2317 3757 2595 3832 ἀληθινὸν,
2626 3754 2701 3827 μὴ
2729 3756 2809 3817 εἰς
2857 3748 3074 3822 ψυχρὰς
3102 3745 3353 3811 ὀκλάζειν
3384 3744 3618 3807 ἐννοίας,
3651 3746 3790 3815 μήτε

2199 3856 2308 3926 μὴν
2350 3853 2412 3906 τὸ
2452 3849 2676 3920 ἀγεννὲς
2710 3847 2766 3899 ἐν
2803 3861 2867 3915 γε
2906 3843 2970 3914 δὴ
3010 3841 3186 3912 τούτῳ
3231 3839 3399 3911 τιμᾷν
3450 3837 3747 3907 φληνάφως
3768 3874 3785 3898 ,

2196 3943 2622 4015 ἁνθελκσμένους
2636 3940 2716 4003 είς
2738 3937 2800 3991 τὸ
2819 3936 2926 3989 δεῖν
2948 3933 3171 4006 ἑτέρους
3200 3931 3398 3986 εἰδέναι
3417 3929 3596 3993 θεοὺς,
3618 3929 3787 4000 ἡγουν

2198 4035 2407 4092 οἴεσθαί
2437 4048 2589 4096 τινας
2620 4028 2890 4100 ὑπάρχειν
2914 4024 3051 4088 ὅλως
3090 4022 3242 4094 παρὰ
3275 4021 3367 4076 τὸν
3396 4020 3492 4074 ἕνα
3526 4020 3625 4073 καὶ
3650 4019 3786 4090 άλη-

2200 4128 2309 4191 θῶς
2328 4166 2343 4184 .
2379 4146 2398 4179 ι
2452 4125 2516 4179 Εί
2546 4123 2654 4193 γὰρ
2681 4121 2776 4175 καὶ
2825 4116 3069 4188 λέγοιντό
3101 4131 3246 4178 τινες
3273 4112 3391 4167 θεοὶ
3433 4113 3530 4167 καί
3561 4112 3787 4183 κύριοι,

2198 4219 2255 4273 ἓν
2280 4236 2340 4272 τε
2372 4215 2449 4288 τῷ
2483 4210 2717 4286 οὐρανῷ,
2761 4209 2857 4279 καὶ
2888 4208 2982 4262 ἐπὶ
3013 4207 3137 4277 γῆς,
3162 4203 3277 4259 ἀλλ’
3302 4204 3436 4274 ἡμῖν
3464 4199 3547 4266 εἷς
3570 4201 3792 4288 eam};

2199 4310 2413 4383 Πατὴρ,
2445 4308 2505 4374 ἐξ
2532 4299 2595 4360 οῦ
2629 4305 2698 4359 τὰ
2724 4303 2903 4359 πάντα
2939 4300 3036 4354 καὶ
3057 4300 3219 4370 ἡμεῖς
3251 4297 3333 4360 είς
3356 4297 3519 4350 αὐτόν
3544 4312 3556 4325 ·
3585 4293 3686 4346 καὶ
3707 4287 3793 4355 εἷς

507 4405 686 4460 nosin
709 4405 890 4471 illum;
933 4415 988 4461 et
1012 4423 1156 4463 unus
1189 4407 1459 4463 Dominus
1494 4407 1656 4464 Jesus
1693 4408 1972 4476 Christus,
1996 4425 2089 4480 per

2201 4405 2400 4477 Κύριος
2437 4397 2644 4471 Ἰησοῦς
2672 4394 2927 4468 Χριστὸς,
2959 4391 3025 4446 δι’
3054 4385 3116 4446 οῦ
3154 4389 3223 4443 τὰ
3251 4389 3430 4480 πάντα
3454 4430 3469 4455 ,
3501 4386 3598 4480 καί
3624 4387 3792 4480 ἡμεῖς

484 4509 672 4563 quem
700 4496 914 4563 omnia,
941 4506 998 4571 et
1026 4513 1128 4553 nos
1179 4513 1280 4569 per
1321 4499 1530 4570 ipsum;
1574 4506 1631 4554 et
1678 4516 1823 4556 unus
1854 4500 2095 4570 Spiritus

508 4594 755 4653 sanctus,
798 4586 854 4641 in
892 4602 1002 4657 quo
1032 4588 1239 4656 omnia,
1281 4597 1338 4644 et
1384 4604 1487 4646 nos
1533 4590 1591 4646 in
1619 4590 1738 4661 ipso
1756 4590 1822 4644 ⁸³.
1854 4610 1872 4643 ι
1902 4591 2093 4661 Neque

506 4676 656 4729 enim
692 4676 999 4735 divinitatis
1032 4687 1287 4735 naturam
1319 4681 1374 4736 in
1422 4684 1605 4739 solum
1634 4699 1806 4743 unum
1837 4684 2011 4739 Deum
2037 4693 2096 4739 et

508 4769 723 4826 Patrem
746 4771 974 4827 Judaice
999 4775 1426 4842 contrahemus;
1499 4776 1599 4833 sed
1640 4777 1790 4832 illam
1826 4776 2098 4846 quodam-

490 4861 674 4943 ‘modo
720 4863 998 4920 dilatando
1044 4865 1100 4920 in
1152 4876 1395 4923 sanctam
1454 4869 2093 4939 eonsuhstantialemque

509 4951 854 5023 Trinitatem,
904 4966 1068 5027 atque
1101 4967 1215 5014 tum
1242 4975 1604 5029 personarum
1657 4961 1946 5031 qualitate,
1975 4968 2091 5015 tum

509 5042 818 5115 liypostasis
841 5050 1179 5120 proprietate
1201 5051 1614 5122 distinguendo,
1650 5052 1707 5106 in
1741 5068 1914 5107 unum
1964 5069 2090 5107 rur-

510 5150 604 5189 sus
660 5136 835 5191 Deum
887 5142 1299 5206 contrahemus,
1348 5149 1574 5211 propter
1618 5141 1868 5197 eamdem
1923 5142 2092 5196 trium

508 5227 904 5299 substantiam;
938 5233 1114 5303 etipsi
1145 5231 1473 5294 serviemus.
1502 5234 1796 5305 ipsumque
1828 5235 2093 5290 adorabi-

508 5333 649 5389 mus,
680 5321 987 5379 invocando
1016 5325 1233 5379 Patrem
1262 5332 1319 5381 et
1351 5325 1550 5380 Filium
1579 5341 1644 5381 ac
1670 5326 1937 5397 Spiritum
1965 5343 2096 5384 san-

504 5418 680 5469 ctum.
723 5433 742 5466 ι
766 5414 887 5470 Non
910 5415 1059 5471 enim
1097 5427 1280 5486 erunt,
1310 5438 1327 5469 ι
1366 5418 1564 5489 inquit,
1597 5438 1616 5472 ι
1658 5419 1737 5474 dii
1772 5420 1865 5475 alii
1895 5429 2097 5492 prater

2197 4496 2265 4553 δι’
2291 4474 2458 4550 αὐτοῦ
2485 4507 2499 4522 ⁸
2538 4491 2632 4545 καὶ
2649 4489 2707 4542 ἓν
2744 4486 2972 4556 Πνεῦμα
2988 4485 3173 4553 ἅγιον,
3200 4483 3261 4536 ἐν
3284 4474 3329 4550 ᾧ
3350 4479 3421 4535 τὰ
3454 4479 3661 4543 πάντα,
3692 4477 3789 4534 καὶ

2198 4592 2362 4661 ἡμεῖς
2390 4589 2449 4641 ἐν
2479 4583 2647 4654 αὐτῷ.
2686 4600 2706 4633 ι
2744 4581 2986 4634 ’Ήκιστα
3012 4578 3111 4648 μὲν
3141 4574 3252 4646 γὰρ
3282 4573 3383 4644 τὴν
3407 4573 3505 4640 τῆς
3529 4570 3790 4641 θεότητος

2199 4683 2363 4753 φύσιν
2387 4675 2755 4747 συστελοῦμεν
2788 4670 3111 4734 Ἰουδαϊκῶς,
3140 4670 3219 4732 εἰς
3239 4667 3397 4738 μόνον
3418 4664 3515 4720 τὸν
3539 4663 3640 4717 ἕνα
3657 4662 3790 4716 Θεὸν

2199 4774 2295 4830 καὶ
2343 4770 2583 4840 Πατέρα,
2619 4764 3043 4835 κατευρύνοντες
3081 4760 3140 4815 δέ
3189 4759 3382 4828 ὥσπερ
3422 4758 3505 4819 εἰς
3534 4755 3702 4825 ἁγίαν
3732 4770 3791 4807 τε

2203 4863 2297 4920 καὶ
2331 4859 2618 4933 ὁμοούσιον
2643 4855 2851 4929 Τριάδα
2875 4870 2888 4884 ⁸
2924 4853 3020 4907 καὶ
3042 4852 3149 4923 μὴν
3175 4851 3270 4905 καὶ
3294 4847 3606 4920 προσώπων
3642 4845 3796 4898 ποιό-

2200 4973 2346 5027 τητι,
2402 4952 2498 5007 καὶ
2544 4949 2899 5010 ὑποστάσεως
2953 4945 3179 5013 ἰδιότητι
3232 4940 3662 5002 διαστέλλοντες,
3713 4938 3795 4999 είς

2199 5050 2297 5104 ἕνα
2331 5047 2397 5119 δὴ
2436 5043 2601 5099 πάλιν
2646 5037 3009 5109 συστελΟῦμεν
3042 5036 3198 5099 Θεὸν,
3224 5034 3314 5087 διὰ
3359 5033 3422 5086 τὸ
3465 5032 3568 5103 τῆς
3602 5031 3794 5091 οὐσίας

2196 5140 2411 5201 ταυτὸν,
2433 5136 2527 5190 καλ⁸
2549 5131 2698 5203 αὐτῷ
2718 5128 3112 5202 λατρεύσομεν,
3137 5125 3286 5196 αὐτῷ
3309 5123 3790 5196 προσκυνήσομεν,

2198 5227 2617 5299 ἐπικαλούμενοι
2639 5224 2729 5277 τὸν
2747 5221 2969 5294 Πατέρα
2989 5218 3085 5272 καὶ
3099 5219 3187 5272 τὸν
3210 5216 3338 5270 Υίὸν
3361 5216 3458 5269 καὶ
3478 5215 3541 5269 τὸ
3565 5212 3789 5279 Πνεῦμα

2198 5324 2259 5379 τὸ
2279 5323 2455 5391 ἅγιον.
2479 5338 2497 5372 ι
2523 5319 2599 5373 υὺ
2618 5316 2729 5387 γὰρ
2759 5314 2992 5376 ἔσονται,
3022 5330 3040 5363 ι
3071 5310 3227 5381 φησὶ,
3248 5329 3266 5360 ι
3302 5307 3417 5361 θεοὶ
3439 5307 3622 5379 ἐτεροι
3653 5304 3793 5375 πλὴν

2209 5415 2367 5489 ἐμοῦ·
2412 5433 2429 5464 ι
2474 5411 2569 5466 καὶ
2596 5409 2757 5464 πάλιν
2782 5423 2797 5439 ο
2837 5426 2856 5460 ι
2897 5405 3105 5477 Κύριον
3133 5402 3226 5457 τὸν
3255 5400 3388 5455 Θεὸν
3420 5416 3517 5454 σου
3553 5414 3793 5473 προσκυ-

493 5580 497 5585 ’
578 5597 628 5630 ³³
649 5596 811 5652 Dent.
840 5611 983 5661 xxrv,
1021 5598 1106 5653 16.
1187 5600 1232 5633 ⁵⁸
1258 5600 1429 5655 Exod.
1457 5617 1546 5667 xx,
1571 5603 1621 5655 ’7.
1702 5603 1749 5635 ⁵⁵
1778 5601 1881 5655 lsa.
1909 5615 2049 5663 κων,
2079 5597 2089 5651 l

2192 5587 2324 5666 ωτι.
2394 5588 2744 5655 "lbid.,20.
2825 5588 2870 5619 ιη
2910 5584 3080 5641 lCor.
3109 5598 3224 5648 vm,
3249 5581 3304 5646 5,
3332 5579 3386 5635 6.

584 5707 666 5782 (l)
702 5710 793 5767 Sic
816 5711 937 5768 cod.
964 5713 1082 5769 Vat.
1112 5730 1126 5782 ;
1160 5711 1345 5771 Sirlcti
1376 5721 1578 5781 autem,
1616 5715 1694 5779 εἰς
1716 5714 1776 5770 τὸ
1798 5712 2089 5785 ἐρηρείσθα

2192 5707 2581 5778 rdﬁrmitatem,
2613 5718 2722 5760 non
2756 5699 2913 5755 male.
