3966 6298
454 259 561 314 ι·ιό

1501 256 1556 313 S.
1599 253 1875 314 CYRILLI
1915 250 2388 310 ALEXANDRINI
2427 249 2748 308 ARCHIEP:

3641 248 3744 306 μϐ

455 375 590 430 ritui
623 370 813 443 gratiae
846 373 1240 428 contumeliam
1281 372 1544 440 facerent,
1602 373 1657 428 in
1685 389 1796 444 quo
1835 369 2041 427 sancti-

2147 367 2490 438 ήγιάσθησαν
2511 407 2524 431 ,
2563 365 2657 419 καὶ
2685 362 2939 433 γεγόνασι
2985 362 3085 433 τῆς
3124 362 3271 426 θείας
3302 361 3518 430 quisue;
3548 377 3744 420 κοινω-

455 466 625 530 ﬁcati,
658 454 972 535 divinaeque
998 475 1212 520 naturae
1257 467 1558 537 participes
1598 467 1730 521 facti
1787 473 1946 520 erant
1969 465 2040 522 “.

457 559 684 614 Utenim
714 557 970 626 militem,
1003 559 1098 629 qui
1127 560 1378 631 clypeum
1405 560 1689 631 ahjecerit,
1721 575 1786 614 ac
1807 558 1875 612 de
1896 573 2042 628 pra:-

454 652 528 704 lio
568 651 792 720 fugerit,
839 651 1098 706 secundis
1157 652 1411 723 insigniri
1468 650 1884 706 characteribus
1928 664 2041 704 non

455 749 709 810 oportet;
754 739 850 795 sed
886 742 998 812 jam
1028 742 1235 811 puniri,
1266 751 1323 797 et
1361 743 1591 813 ignaviae
1621 757 1813 812 pmnas
1852 742 2038 796 luere:

456 831 525 884 ad
551 831 810 886 eumdem
844 832 1088 896 modum,
1129 834 1224 902 qui
1261 834 1316 888 in
1357 833 1496 888 adeo
1544 842 1830 904 augustam
1874 841 2042 902 atque

457 923 845 979 admirabilem
868 927 1102 996 gratiam
1135 924 1322 996 injurii
1362 924 1588 990 fuerint,
1620 939 1718 979 eos
1745 940 1856 978 non
1895 923 2042 977 dono

459 1015 702 1071 secundo
744 1015 983 1086 Spiritus
1020 1017 1226 1084 ornari,
1263 1033 1390 1072 cum
1429 1016 1583 1087 prius
1608 1016 1740 1071 illud
1767 1015 2044 1086 improba-

457 1106 660 1170 verint,
699 1107 797 1161 sed
835 1108 1018 1178 pomis
1066 1108 1264 1179 subjici
1312 1108 1490 1163 decet.
1545 1107 1680 1162 Nam
1714 1107 1881 1162 semel
1921 1106 2047 1160 illu-

459 1199 682 1254 minatis
729 1216 850 1254 eam
921 1202 1285 1265 sententiam,
1355 1216 1588 1270 eamque
1645 1199 2043 1270 cogitationum

459 1289 775 1346 ﬁrmitatem
799 1307 920 1347 esse
971 1293 1378 1359 assumendam,
1413 1301 1474 1346 ut
1521 1307 1692 1346 unum
1724 1292 1920 1356 sciant,
1947 1291 2043 1362 qui

457 1391 658 1438 natura
686 1384 758 1438 sit
802 1385 967 1451 Deus,
1017 1392 1075 1439 et
1129 1385 1254 1440 illos
1283 1395 1643 1440 exsecrentur
1692 1384 1793 1456 qui
1842 1393 2044 1454 prater

461 1477 569 1526 hoc
597 1473 748 1527 aliud
783 1473 1064 1544 quidpiam
1100 1474 1806 1545 suadentzoptandumque
1848 1475 1904 1529 in
1926 1475 2044 1546 pri-

460 1565 567 1619 mis
593 1565 799 1621 ducant
827 1567 882 1621 in
900 1567 1047 1622 idola
1087 1566 1321 1636 insilire,
1357 1583 1422 1624 ac
1456 1569 1659 1640 templa
1699 1569 2040 1637 disturbare,

457 1666 515 1713 et
542 1657 829 1728 gentilium
861 1660 1090 1715 numina
1145 1659 1283 1714 nihil
1309 1676 1429 1716 esse
1457 1669 1692 1731 putent;
1729 1657 1785 1716 id
1821 1676 2044 1733 quoque

457 1751 665 1806 veteris
687 1751 824 1822 legis
852 1753 1011 1822 177
1037 1753 1192 1808 locus
1207 1753 1432 1809 docebit
1454 1773 1467 1809 :
1495 1755 1764 1826 scriptum
1789 1763 1875 1810 est
1894 1755 2045 1810 enim

459 1839 519 1895 in
545 1842 806 1898 Numeris
837 1861 849 1899 :
883 1863 902 1895 ι
928 1843 997 1898 Ει
1029 1844 1249 1901 locutus
1281 1855 1365 1901 est
1406 1846 1676 1903 Dominus
1717 1847 1785 1902 ad
1823 1845 2046 1920 Moysen

459 1930 517 1986 in
544 1933 789 1988 occiduis
809 1935 1060 2004 partibus
1111 1935 1270 1991 Moab
1296 1952 1468 2007 prope
1499 1937 1796 1992 Jordanem
1849 1947 2048 1995 contra

457 2019 952 2090 Jerieho,dicens:
985 2025 1237 2095 Loquere
1264 2026 1393 2082 filiis
1443 2027 1632 2094 Israel,
1689 2036 1747 2081 et
1779 2027 1933 2084 dices
1976 2027 2046 2084 ad

457 2126 589 2167 eos:
619 2113 728 2168 Vos
775 2116 1089 2171 transibitis
1117 2116 1415 2176 Iordanem
1451 2118 1505 2172 in
1531 2127 1732 2174 terram
1759 2118 2045 2188 Chanaan,

455 2215 515 2260 ct
544 2206 786 2276 perdetis
821 2225 1013 2264 omnes
1043 2210 1358 2268 habitantes
1394 2213 1451 2267 in
1499 2221 1645 2268 terra
1693 2222 1820 2268 ante
1850 2213 2046 2270 faciem

456 2304 720 2365 vestram,
770 2305 828 2354 et
879 2298 1144 2355 auferetis
1170 2302 1424 2371 speculas
1469 2318 1686 2369 eorum,
1745 2311 1802 2358 et
1861 2304 2047 2359 omnia

459 2387 604 2443 idola
631 2405 826 2444 eorum
861 2391 1097 2447 conﬂata
1139 2392 1466 2460 destructis,
1521 2402 1579 2449 et
1629 2411 1821 2449 onmes
1855 2396 2050 2452 titulos

455 2495 648 2536 eorum
679 2481 942 2538 auferetis
967 2485 1032 2538 ⁸⁷.
1063 2504 1082 2536 ι
1114 2485 1381 2556 lntelligis
1407 2486 1594 2558 igitur,
1620 2487 1688 2542 iis
1722 2488 1817 2557 qui
1855 2488 2051 2544 Jorda-

456 2585 586 2626 nem
615 2573 940 2629 transierint
998 2590 1138 2644 opus
1184 2591 1305 2632 esse
1325 2585 1387 2632 ut
1426 2593 1551 2633 aras
1573 2586 1629 2634 et
1681 2580 1836 2636 lucos
1863 2596 1894 2635 e
1927 2596 2047 2636 me-

457 2659 553 2716 dio
583 2663 794 2728 tollant,
833 2679 1039 2735 eosque
1074 2666 1195 2722 sine
1225 2669 1577 2726 cunctatione
1601 2686 1708 2725 una
1733 2687 1858 2726 cum
1883 2673 2047 2730 idolis

413 2777 428 2792 -
456 2767 524 2807 ac
547 2753 725 2808 titulis
750 2754 1104 2812 disturbent?
1127 2757 1262 2815 Nam
1291 2759 1607 2831 hujusmodi
1632 2764 1882 2834 pestibus
1923 2781 2049 2836 par-

455 2861 608 2914 cere,
641 2847 994 2903 manifestum
1019 2857 1105 2906 est
1153 2851 1420 2907 indicium
1467 2868 1580 2908 non
1624 2856 1759 2910 satis
1798 2873 1901 2912 nos
1925 2873 2049 2916 esse

457 2939 830 3006 conﬁrmatos,
855 2958 1036 3013 neque
1063 2959 1158 3000 cor
1182 2945 1435 3002 criminis
1479 2962 1681 3019 expers
1705 2949 1818 3004 Deo
1847 2965 2047 3006 conse—

456 3046 662 3098 crasse,
716 3043 908 3103 aperte
942 3035 1012 3091 de
1039 3037 1224 3108 impiis
1265 3047 1430 3110 atque
1473 3041 1752 3111 perversis
1797 3041 2042 3098 dicenti:

2143 456 2244 510 νοί.
2283 456 2495 527 Ὥσπερ
2528 455 2638 525 γὰρ
2685 453 3024 526 στρατιώτην
3063 453 3154 506 τὸν
3191 452 3497 522 ῥιψάσπιδά
3543 473 3602 508 τε
3641 456 3741 510 καὶ

2143 547 2547 618 φυγοπόλεμον,
2601 546 2661 599 οὗ
2724 547 2996 615 δευτέροις
3045 543 3310 615 τιμᾶσθαι
3365 546 3740 617 σημάντροις,

2144 640 2259 694 ἀλλ’
2294 640 2396 710 ήδη
2439 638 2764 704 κολάζεσθαι
2805 637 2910 707 χρὴ
2932 679 2946 702 ,
2985 636 3207 707 καὶτῆς
3243 637 3567 708 ἀνανδρείας
3599 640 3746 693 ἀπο-

2142 733 2382 787 τιννύναι
2413 731 2625 801 λόγους⁹
2661 730 2752 784 τὸν
2790 730 2973 795 αὑτὸν,
3007 724 3182 800 οἶμαι,
3213 732 3477 801 προσήκει
3510 733 3742 802 τρόπον,

2142 826 2269 888 τοὺς
2299 823 2442 877 οὕτω
2476 823 2682 894 σεπτήν
2710 839 2769 875 τε
2794 821 2888 876 καὶ
2922 821 3251 890 ὰξιάγαστον
3284 823 3745 893 περιυϐρίζοντας

2143 918 2324 989 χάριν,
2362 918 2423 972 οὐ
2469 915 2563 970 τοῦ
2596 915 2852 990 δευτέρου
2887 912 3155 985 τιμᾶσθαι
3195 913 3516 985 Πνεῦματος
3553 917 3699 970 δόσει
3725 957 3742 981 ,

2143 1012 2244 1082 τῆς
2272 1008 2496 1084 πρώτης
2545 1008 2942 1080 ἀθετουμένης,
2977 1006 3092 1060 ἀλλ’
3125 1007 3226 1079 ήδη
3271 1011 3482 1073 ποιναῖς
3513 1010 3745 1064 ὑποκεῖ-

2147 1102 2272 1157 σθαι
2297 1103 2517 1174 πρέπει.
2550 1102 2674 1156 Ὅτι
2699 1099 2808 1172 γὰρ
2849 1101 2974 1164 τοὺς
3002 1099 3148 1166 ἅπαξ
3175 1102 3625 1184 πεφῳτισμένους
3658 1104 3747 1167 είς

2145 1195 2304 1250 τοῦτο
2344 1195 2480 1250 ίέναι
2519 1195 2789 1266 προσήκει
2830 1193 3058 1264 γνώμης
3088 1232 3102 1257 ,
3134 1195 3230 1246 καὶ
3270 1193 3617 1265 ἑδραιότητος
3649 1195 3747 1249 λο-

2146 1284 2384 1356 γισμῶν,
2413 1285 2489 1349 ὠς
2517 1286 2720 1339 είδέναι
2757 1285 2857 1355 μὲν
2880 1283 2977 1338 ἕνα
3003 1283 3094 1335 τὸν
3124 1282 3285 1352 φύσει
3313 1283 3470 1348 Θεὸν,
3500 1302 3746 1356 καταμυ-

2149 1377 2310 1431 σάττε
2319 1377 2439 1432 σθαι
2459 1377 2517 1431 δὲ
2535 1378 2660 1441 τοὺς
2673 1375 2858 1447 ἕτερόν
2873 1393 2924 1429 τι
2941 1374 3092 1446 παρὰ
3109 1373 3267 1428 τοῦτο
3287 1376 3737 1448 εἰσηγουμένους,

2147 1473 2240 1524 καὶ
2274 1469 2715 1541 ὲπιθυμημάτων
2750 1467 3024 1522 ποιεῖσθαι
3058 1465 3367 1532 κάλλιστον,
3403 1470 3466 1524 τὸ
3497 1469 3739 1540 ἐπιθρώ-

2148 1581 2300 1618 σκειν
2327 1561 2588 1628 εἰδώλοις,
2622 1551 2720 1616 καῖ
2740 1561 3050 1615 κατασείειν
3073 1560 3257 1624 ναοὺς,
3287 1564 3382 1616 καὶ
3411 1563 3564 1616 οὐδὲν
3590 1566 3741 1634 ήγεῖ-

2149 1655 2276 1709 σθαι
2306 1656 2376 1709 τὰ
2416 1654 2687 1726 Ἐλλήνων
2721 1652 3044 1722 σεϐάσματα
3063 1691 3079 1716 ,
3110 1651 3205 1705 καὶ
3233 1652 3458 1723 ἀρχαῖος
3483 1655 3634 1722 ἡμᾶς
3664 1653 3742 1707 δι-

2076 1735 2120 1791 Β
2148 1746 2296 1813 δάξει
2319 1745 2499 1815 λόγος.
2527 1744 2848 1815 Γέγραπται
2874 1741 2980 1812 γὰρ
3003 1744 3060 1794 ὲν
3084 1743 3193 1806 τοῖς
3238 1743 3544 1814 Ἀριθμᾰς·
3581 1764 3602 1795 ι
3632 1743 3743 1797 Καὶ

2149 1839 2382 1910 ἐλάλησε
2435 1839 2643 1908 Κύριος
2693 1835 2828 1907 πρὸς
2885 1834 3093 1905 Μωσῆν
3147 1835 3238 1887 ἐπὶ
3287 1834 3509 1904 δυσμῶν
3566 1835 3742 1890 Μωάσ

2149 1931 2305 2003 παρὰ
2331 1930 2423 1984 τὸν
2469 1929 2745 2001 Ἰορδάνην
2781 1927 2925 1982 κατὰ
2971 1923 3206 1997 Ἰεριχὼ,
3247 1927 3420 1995 λέγων
3446 1942 3461 1956 ·
3494 1927 3743 1998 Λάλησον

2147 2026 2262 2086 τοῖς
2290 2023 2426 2086 υἱοῖς
2469 2020 2720 2093 Ἰσραὴλ,
2771 2019 2866 2072 καὶ
2898 2019 3045 2089 ἐρεῖς
3089 2017 3225 2089 πρὸς
3260 2017 3486 2082 αὐτούς·
3553 2020 3741 2090 Ὑμεῖς

2147 2115 2450 2171 διαδαίνετε
2493 2113 2583 2167 τὸν
2625 2113 2900 2186 Ἰορδάνην
2943 2113 3026 2176 εἰς
3055 2111 3156 2183 γῆν
3192 2111 3436 2172 Χαναὰν,
3479 2112 3576 2165 καὶ
3632 2115 3740 2165 ἀπ-

2150 2209 2330 2260 ολεῖτε
2358 2207 2566 2269 πάντας
2592 2207 2720 2268 τοὺς
2745 2203 3129 2268 κατοικοῦντας
3162 2204 3221 2256 ὲν
3251 2207 3316 2275 τῇ
3345 2207 3415 2275 γῇ
3440 2205 3546 2276 πρὸ
3569 2223 3740 2277 προσ-

2145 2297 2297 2352 ώπου
2331 2298 2509 2368 ὑμῶν.
2564 2298 2677 2350 Καὶ
2730 2295 2978 2366 ὲξαρεῖτε
3014 2295 3111 2360 τὰς
3147 2297 3380 2360 σκοπιὰς
3407 2297 3608 2362 αὐτῶν,
3645 2298 3740 2351 καὶ

2150 2390 2332 2446 πάντα
2364 2389 2432 2443 τὰ
2476 2389 2672 2442 εἴδωλα
2702 2388 2772 2441 τὰ
2801 2387 3049 2459 χωνευτὰ
3081 2387 3260 2441 αὐτῶν
3291 2388 3542 2442 ἀπολεῖτε
3577 2390 3738 2456 αὐτὰ,

2149 2481 2246 2536 καὶ
2281 2482 2462 2545 πάσας
2493 2479 2593 2545 τὰς
2631 2479 2832 2550 στήλας
2860 2479 3041 2535 αὐτῶν
3069 2480 3339 2552 ὲξαρεῖτε.
3380 2499 3399 2532 ι
3434 2481 3633 2551 Συνίης
3657 2483 3748 2540 ὅτι

2149 2575 2276 2637 τοὺς
2303 2572 2674 2643 παρελθόντας
2688 2572 2780 2625 τὸν
2819 2571 3114 2642 Ἰορδάνην,
3161 2572 3226 2624 ὲκ
3261 2571 3429 2641 μέσου
3464 2571 3735 2625 ποιεῖσθαι

2150 2667 2256 2738 Χρὴ
2310 2665 2525 2736 βωμοὺς
2574 2664 2668 2717 καὶ
2713 2662 2914 2734 τεμένη
2947 2703 2962 2729 ,
3000 2663 3096 2716 καὶ
3149 2664 3336 2727 αὐτοῖς
3369 2662 3610 2727 εἰδώλοις
3643 2665 3734 2718 καὶ

2152 2756 2381 2825 στήλαις
2415 2753 2810 2826 ἀναμοχλεύειν
2839 2753 3103 2825 ἀμελητί;
3146 2754 3223 2818 ὡς
3245 2755 3308 2809 τό
3340 2771 3399 2822 γε
3430 2754 3598 2824 φειδὼ
3625 2757 3738 2820 τοῖς

2147 2847 2412 2911 τοιούτοις
2431 2847 2593 2918 τυχὸν
2621 2846 2917 2918 ἀπονέμειν
2948 2847 3138 2910 κακοῖς
3171 2847 3404 2918 μήνυσις
3428 2846 3495 2900 ἂν
3523 2845 3737 2914 γένοιτο

2151 2939 2350 3010 σαφὴς,
2377 2938 2471 2992 τοῦ
2507 2938 2582 3010 μὴ
2609 2938 2927 3010 ὲρηρεῖσθαι
2960 2938 3163 3003 καλῶς,
3195 2939 3333 3010 μήτε
3359 2938 3465 3012 μὴν
3497 2941 3738 2994 ἀκαταιο

2147 3033 2331 3086 τίατον
2351 3031 2428 3102 τῷ
2456 3031 2576 3103 Θεῷ
2604 3031 2700 3103 τὴν
2732 3032 2960 3104 καρδίαν
2986 3032 3271 3102 ἀφιεροῦν,
3320 3032 3498 3087 καίτοι
3522 3032 3745 3101 λέγοντι

463 3124 612 3178 «Non
644 3125 902 3183 adorabis
934 3128 1069 3185 deos
1097 3131 1364 3201 ipsorum,
1396 3148 1576 3203 neque
1604 3133 1754 3190 coles
1779 3149 1906 3202 eos;
1930 3151 2039 3191 non

2149 3124 2338 3193 σαφῶς
2367 3124 2496 3195 περὶ
2525 3123 2633 3176 τῶν
2669 3123 2845 3177 ἀθέων
2875 3123 2970 3177 καὶ⁵
3008 3122 3263 3194 πονηρῶν
3287 3139 3300 3153 ο
3335 3142 3354 3176 ι
3389 3123 3463 3177 Οὐ
3491 3140 3722 3194 προσκυ-

455 3213 624 3270 facies
649 3218 804 3287 juxta
825 3235 992 3288 opera
1026 3237 1242 3287 eorum,
1277 3222 1372 3278 sed
1397 3222 1736 3281 destruendo
1765 3225 2038 3294 destrues,

453 3309 876 3363 etconterendo
923 3318 1184 3368 conteres
1224 3313 1420 3370 titulos
1475 3330 1692 3383 eorum,
1731 3325 1788 3372 et
1835 3318 2043 3373 servies

454 3399 688 3457 Domino
738 3403 851 3459 Deo
879 3413 1010 3470 tuo;
1063 3414 1119 3462 et
1170 3406 1496 3463 benedicam
1535 3424 1734 3479 panem
1783 3419 1961 3476 tuum,
1987 3421 2044 3466 et

454 3489 646 3546 vinum
676 3500 852 3560 tuum,
881 3504 938 3551 et
959 3511 1158 3566 aquam
1201 3507 1376 3564 tuam,
1412 3507 1468 3554 et
1490 3497 2044 3556 avertaminfirmita-

455 3589 564 3637 tem
600 3601 631 3639 a
671 3586 863 3653 vobis;
912 3603 1024 3642 non
1058 3589 1166 3644 erit
1207 3589 1500 3646 infecunda
1529 3609 1710 3664 neque
1755 3596 1960 3650 sterilis
1987 3595 2040 3650 in

455 3679 600 3727 terra
629 3682 740 3742 tua,
778 3692 1076 3732 numerum
1122 3677 1343 3734 dierum
1388 3688 1610 3736 tuorum
1657 3684 1892 3752 explebo
1917 3686 1982 3739 “.
2017 3704 2034 3737 ι

453 3763 644 3834 Neque
686 3767 836 3820 enim
867 3776 953 3822 est
973 3769 1296 3837 obscurum,
1338 3772 1475 3840 quin
1518 3772 1850 3846 hominibus
1892 3775 2042 3832 bene

453 3856 818 3922 confirmatis,
852 3868 909 3915 et
942 3876 1010 3916 ex
1049 3862 1261 3935 integra
1284 3871 1470 3920 mente
1511 3866 1900 3922 universorum
1927 3869 2042 3924 Deo

453 3948 679 4016 deditis,
716 3959 884 4022 atque
933 3952 1056 4024 ejus
1093 3955 1176 4009 rei
1217 3955 1592 4012 certissimum
1652 3969 2041 4031 argumentum

453 4041 702 4112 praebere
737 4044 1110 4112 studentibus.
1148 4047 1411 4118 idipsum,
1445 4051 1592 4121 quod
1633 4066 1758 4108 aras
1789 4060 1846 4107 et
1903 4053 2040 4108 titu-

451 4131 557 4200 los,
588 4142 645 4189 et
674 4134 888 4192 ludicra
913 4137 1201 4194 hominum
1236 4150 1420 4197 mente
1452 4151 1849 4215 corruptorum
1881 4160 2042 4202 ever-

451 4231 599 4295 tunt,
630 4227 817 4284 divina
851 4230 926 4286 sit
947 4230 1060 4287 illis
1081 4232 1226 4295 dona
1243 4234 1693 4298 conciliaturum.

516 4505 714 4561 PALL.
744 4506 950 4561 Verum
982 4517 1084 4565 est.

518 4595 676 4652 ΟΥΕ.
699 4597 793 4651 Na.
827 4639 855 4662 .,
877 4601 924 4653 si
947 4614 1112 4656 manu
1135 4599 1399 4659 fabricata
1431 4603 1724 4662 simulacra
1741 4605 2000 4664 destruxe
2015 4639 2034 4652 -

447 4685 548 4753 ris,
583 4688 782 4758 inquit,
811 4705 876 4745 ac
898 4690 1012 4745 Deo
1033 4691 1290 4748 servieris
1313 4709 1496 4750 mores
1519 4694 1736 4751 illorum
1780 4714 2028 4768 perosus,

454 4796 475 4829 ι
496 4776 823 4834 Benedicam
845 4795 1041 4850 panem
1066 4789 1245 4848 tuum,
1266 4791 1322 4838 et
1341 4784 1530 4839 vinum
1555 4793 1733 4853 tuum,
1760 4796 1816 4843 et
1836 4806 2035 4860 aquam

446 4875 618 4923 tuam.
663 4889 682 4921 ι
713 4871 971 4943 Mysticus
1005 4873 1098 4929 hic
1126 4889 1308 4930 sermo
1333 4884 1418 4931 est
1438 4885 1602 4948 atque
1627 4879 1882 4948 abditus;
1906 4897 2035 4936 nam

444 4959 681 5014 sinceris
694 4960 792 5014 Dei
815 4962 1122 5019 cultoribus
1144 4963 1235 5020 illa
1253 4964 1459 5022 Christi
1478 4968 1868 5038 mysteriorum
1885 4985 2038 5025 com-

443 5047 768 5112 municatio,
803 5057 860 5104 et
899 5053 1073 5107 sancti
1109 5053 1454 5125 baptismatis
1478 5057 1651 5127 gratia
1677 5057 1745 5112 ad
1770 5059 2034 5128 spiritua-

442 5139 552 5196 lem
575 5140 1022 5199 benedictionem
1045 5147 1218 5214 valet;
1239 5148 1308 5204 iis
1345 5156 1530 5203 autem
1553 5148 1649 5218 qui
1675 5148 1880 5219 duplici
1900 5159 2030 5206 sunt

418 5230 628 5342 lldhuc
651 5233 856 5299 animo,
886 5244 944 5292 et
980 5237 1049 5292 ad
1091 5238 1456 5295 defectionem
1499 5246 1557 5294 et
1589 5241 1866 5309 apostasin
1901 5257 2026 5313 spe-

422 5325 627 5395 :ctant,
671 5325 754 5382 ira
807 5335 864 5383 et
902 5330 1310 5393 condemnatio,
1347 5336 1405 5385 et
1461 5331 1734 5386 malorum
1778 5334 2026 5390 omnium

439 5418 696 5475 cumulus
733 5426 820 5475 est
857 5421 1008 5478 illius
1041 5421 1345 5492 spiritualis
1375 5422 1783 5480 benedictionis
1830 5438 2026 5496 perce-

508 5569 554 5602 “
578 5569 748 5629 llebr.
773 5590 828 5641 ι,
851 5574 942 5631 29.

517 5685 596 5758 (1)
630 5685 715 5744 Al.
743 5689 855 5744 Kal
885 5689 993 5761 γὰρ
1017 5691 1116 5763 οὐχ
1143 5687 1306 5764 ἧττόν
1332 5711 1384 5749 τι
1408 5711 1457 5749 τ.
1487 5695 1536 5750 δ.
1567 5714 1616 5751 τ.
1649 5714 1704 5768 μ.
1745 5695 1918 5752 ἔσται.

2146 3219 2332 3287 νήσεις
2362 3218 2472 3281 τοῖς
2504 3217 2648 3282 θεοῖς
2675 3216 2876 3283 αὐτῶν,
2911 3216 3019 3270 οὐδ’
3054 3217 3114 3270 οὐ
3145 3215 3219 3287 μὴ
3246 3215 3551 3289 λατρεύσῃς
3590 3215 3734 3273 κατὰ

2143 3310 2212 3364 τὰ
2238 3309 2374 3380 ἔργα
2403 3310 2607 3375 αὐτῶν,
2636 3311 2772 3365 ἀλλὰ
2804 3313 3124 3384 καθαιρέσει
3155 3315 3407 3380 καθελεῖς
3426 3357 3440 3380 ,
3480 3316 3575 3369 καὶ
3604 3333 3732 3371 συνι-

2145 3401 2346 3472 τρίὸων
2374 3402 2685 3473 συντρίψεις
2709 3403 2808 3468 τὰς
2839 3405 3038 3478 στήλας
3064 3407 3266 3472 αὐτῶν,
3291 3409 3386 3462 καὶ
3416 3409 3732 3480 λατρεύσεις

2144 3495 2338 3566 Κυρίῳ
2369 3495 2447 3566 τῷ
2476 3496 2595 3568 Θεῷ
2641 3515 2735 3551 σου
2763 3538 2776 3562 ,
2825 3499 2919 3552 καὶ
2964 3499 3246 3571 εὐλογήσω
3286 3501 3376 3554 τὸν
3408 3501 3587 3573 ἄρτον,
3611 3519 3733 3568 σου,

2145 3587 2241 3640 καὶ
2269 3588 2359 3642 τὸν
2393 3585 2534 3643 οἶνόν
2569 3606 2662 3642 σου
2691 3630 2704 3655 ,
2731 3591 2825 3643 καὶ
2851 3590 2912 3644 τὸ
2944 3591 3086 3662 ὕδωρ
3122 3609 3213 3645 σου
3239 3608 3254 3623 ο
3287 3595 3382 3646 καὶ
3403 3593 3737 3664 ἀποστρέψαι)

2148 3680 2423 3752 μαλακίαν
2456 3683 2549 3752 ἀφ’
2604 3682 2760 3754 ὑμῶν
2781 3701 2794 3714 ·
2827 3683 2928 3737 οὐκ
2963 3683 3117 3737 ἔσται
3156 3683 3370 3754 ἄγονος,
3394 3685 3514 3740 οὐδὲ
3543 3688 3731 3758 στεῖρα

2144 3775 2238 3827 ἐπὶ
2271 3775 2371 3846 τῆς
2417 3776 2518 3846 γῆς
2569 3793 2702 3841 σου,
2759 3775 2852 3830 τὸν
2898 3776 3135 3848 ἀριθμὸν
3194 3776 3302 3832 τῶν
3353 3778 3577 3850 ἡμερῶν
3631 3797 3731 3833 σου

2144 3868 2550 3940 ἀναπληρώσω.
2599 3888 2618 3922 ι
2658 3871 2815 3924 Ἔστι
2844 3870 2953 3941 γὰρ
2987 3871 3087 3923 οὐκ
3119 3872 3464 3944 ἀσυμφανὲς,
3496 3874 3572 3936 ὡς
3613 3875 3730 3937 τοῖς

2143 3959 2285 4027 ἄγαν
2323 3960 2738 4031 ὲρηρεισμὲνοις
2783 3961 2878 4014 καὶ
2907 3961 2967 4025 ea
2998 3961 3183 4030 ὑγιοῦς
3225 3963 3462 4028 διανοίας
3495 3963 3571 4035 τῷ
3619 3964 3730 4017 τῶν

2143 4050 2282 4104 ὅλων
2333 4050 2452 4121 Θεῷ
2501 4052 2918 4123 προσκειμένοις
2951 4091 2966 4116 ,
3011 4053 3286 4121 ἀπόδειξίν
3333 4072 3393 4108 τε
3438 4054 3533 4108 τοῦ
3584 4055 3729 4126 πρά·

2145 4159 2354 4212 γματος
2386 4143 2590 4214 ἐναργῆ
2642 4142 2915 4197 ποιεῖσθαι
2969 4143 3372 4216 μεμελετηκόσι
3400 4186 3415 4210 ,
3447 4146 3508 4200 τὸ
3552 4163 3730 4201 κατα-

2143 4235 2312 4288 σείειν
2341 4233 2561 4306 βωμούς
2605 4252 2665 4288 τε
2697 4235 2793 4288 καὶ
2831 4235 3057 4306 στήλας,
3093 4236 3187 4290 καὶ
3211 4236 3530 4308 ἀνθρώπων.
3557 4237 3726 4311 ἀθύρ-

2146 4342 2292 4396 ματα
2324 4325 2801 4397 παρεφθαρμένων
2833 4325 2922 4382 τὸν
2956 4326 3082 4381 νοῦν
3103 4367 3119 4394 ,
3169 4327 3342 4383 θείων-
3381 4327 3536 4389 ἔσται
3572 4349 3729 4403 χαρι-

2145 4417 2372 4488 σμάτων
2405 4415 2689 4489 πρόξενον.

2211 4509 2424 4564 ΠΑΛΛ.
2472 4508 2718 4579 Ἀληθές.

2211 4602 2377 4656 ΚΥΡ.
2419 4602 2482 4655 Εἰ
2529 4601 2640 4672 γὰρ
2670 4601 2735 4674 δὴ
2777 4602 3013 4674 καθέλῃς
3043 4604 3110 4658 τὰ
3153 4605 3529 4677 χειροποιητὰ,
3570 4606 3709 4678 φησι·

2137 4690 2496 4766 λατρεύσειάς
2534 4711 2595 4746 τε
2630 4694 2773 4764 Θεῷ,
2807 4693 2878 4749 τὰ
2920 4699 3048 4768 παρ’
3089 4698 3318 4762 ἐκείνοις
3342 4698 3437 4769 ἔθη
3487 4715 3698 4770 μεμιση

2139 4783 2273 4852 κὼς,
2307 4803 2327 4837 ι
2370 4785 2668 4857 Εὐλογήσω
2712 4787 2804 4842 τὸν
2836 4787 3000 4857 ἄρτον
3041 4807 3155 4856 σου,
3191 4791 3405 4845 καὶτὸν
3434 4787 3576 4844 οἶνόν
3609 4807 3725 4846 σου.

2137 4876 2324 4931 καὶτὸ
2357 4877 2502 4948 ὕδωρ
2542 4896 2656 4934 σου.
2701 4897 2721 4931 ι
2775 4881 3051 4944 Μυστικὸς
3103 4883 3131 4935 ὁ
3175 4882 3334 4950 λόγος
3387 4883 3482 4936 καὶ
3533 4882 3735 4951 βαθὺς’

2135 4968 2250 5030 τοῖς
2281 4967 2390 5039 γὰρ
2436 4967 2555 5038 Θεῷ
2584 4969 2850 5039 γνησίοις,
2900 4972 3037 5042 πρὸς
3074 4973 3325 5042 εὐλογίας
3371 4974 3524 5028 ἔσται
3561 4991 3730 5027 πνευ-

2139 5062 2397 5130 ματικῆς,
2428 5061 2536 5113 τῶν
2562 5060 2654 5113 τοῦ
2686 5063 2921 5134 Χριστοῦ
2955 5065 3327 5136 μυστηρίωνή
3357 5063 3596 5136 μέθεξις,
3634 5067 3730 5119 καὶ

2136 5151 2170 5221 ή
2199 5149 2287 5204 διὰ
2315 5151 2412 5204 τοῦ
2444 5151 2598 5221 ἁγίου
2632 5153 3009 5225 βαπτίσματος
3044 5157 3224 5228 χάρις.
3259 5159 3383 5220 Τοῖς
3416 5174 3480 5226 γε
3510 5158 3617 5229 μὴν
3649 5158 3726 5211 δι⁴

2133 5242 2398 5315 ψυχοῦσιν
2433 5246 2546 5310 ἔτι,
2587 5249 2970 5320 κεκινημένοις
3009 5253 3088 5313 είς
3113 5251 3436 5314 ἀπόστασιν,
3467 5251 3607 5322 ὀργὴ
3632 5251 3726 5304 καὶ

2133 5337 2476 5410 κατάκριμαο
2516 5340 2610 5394 καὶ
2648 5339 2701 5393 τί
2727 5341 2837 5411 γὰρ
2869 5341 2989 5412 οὐχὶ
3017 5341 3126 5396 τῶν
3158 5341 3367 5409 δεινῶν,
3399 5342 3461 5396 τὸ
3491 5342 3723 5412 μεταλαρ

2133 5431 2249 5500 χεῖν
2264 5431 2379 5485 ἐστι
2397 5431 2475 5503 (1)
2506 5432 2604 5503 τῆς
2621 5432 2871 5502 εὐλογίας
2888 5433 2988 5505 τῆς
3009 5435 3384 5507 πνευματικῆς
3403 5453 3417 5502 ;
3433 5435 3528 5490 καὶ
3546 5435 3724 5503 τοῦτο,

1041 5585 1088 5618 ﬂ
1117 5575 1281 5632 Num.
1311 5593 1460 5645 χχιιι,
1487 5578 1672 5636 50-52.
1750 5581 1795 5614 ⁸⁸
1819 5582 1993 5638 Exod.
2025 5600 2138 5652 XIII,
2163 5585 2353 5642 24-26.
