  <div class='ocr_page' id='page_1' title='image "/cluster/home/n/w/nwhite01/storage/ocr_20150623/68/pst.000005712694/220.png"; bbox 0 0 3966 6298; ppageno 0'>
   <div class='ocr_carea' id='block_1_1' title="bbox 181 249 2672 320">
    <p class='ocr_par' dir='ltr' id='par_1_1' title="bbox 181 249 2672 320">
     <span class='ocr_line' id='line_1_1' title="bbox 181 249 2672 320; baseline 0.006 -16"><span class='ocrx_word' id='word_1_1' title='bbox 181 252 270 305; x_wconf 73' lang='grc'><strong>417</strong></span> <span class='ocrx_word' id='word_1_2' title='bbox 861 249 949 304; x_wconf 86' lang='lat' dir='ltr'><strong>DE</strong></span> <span class='ocrx_word' id='word_1_3' title='bbox 986 249 1426 308; x_wconf 76' lang='lat' dir='ltr'><strong>ADORATIONE</strong></span> <span class='ocrx_word' id='word_1_4' title='bbox 1459 253 1530 310; x_wconf 76' lang='lat' dir='ltr'><strong>TN</strong></span> <span class='ocrx_word' id='word_1_5' title='bbox 1569 253 1838 312; x_wconf 79' lang='lat' dir='ltr'><strong>SPIRITU</strong></span> <span class='ocrx_word' id='word_1_6' title='bbox 1876 255 1964 310; x_wconf 83' lang='lat' dir='ltr'><strong>ET</strong></span> <span class='ocrx_word' id='word_1_7' title='bbox 2007 249 2372 314; x_wconf 60' lang='lat' dir='ltr'><strong>VE‘RITATE.</strong></span> <span class='ocrx_word' id='word_1_8' title='bbox 2413 259 2545 318; x_wconf 74' lang='lat' dir='ltr'><strong>LIB.</strong></span> <span class='ocrx_word' id='word_1_9' title='bbox 2585 264 2672 320; x_wconf 81' lang='lat' dir='ltr'><strong>Vl.</strong></span> 
     </span>
    </p>
   </div>
   <div class='ocr_carea' id='block_1_2' title="bbox 3311 274 3417 329">
    <p class='ocr_par' dir='ltr' id='par_1_2' title="bbox 3311 274 3417 329">
     <span class='ocr_line' id='line_1_2' title="bbox 3311 274 3417 329; baseline 0.019 -2"><span class='ocrx_word' id='word_1_10' title='bbox 3311 274 3417 329; x_wconf 68' lang='lat'><strong>£18</strong></span> 
     </span>
    </p>
   </div>
   <div class='ocr_carea' id='block_1_3' title="bbox 176 362 1719 455">
    <p class='ocr_par' dir='ltr' id='par_1_3' title="bbox 176 362 1719 439">
     <span class='ocr_line' id='line_1_3' title="bbox 176 362 1719 439; baseline 0.003 -18"><span class='ocrx_word' id='word_1_11' title='bbox 176 362 330 438; x_wconf 68' lang='grc' dir='ltr'>οἶμαι,</span> <span class='ocrx_word' id='word_1_12' title='bbox 367 366 535 432; x_wconf 72' lang='grc' dir='ltr'>ἔστιν,</span> <span class='ocrx_word' id='word_1_13' title='bbox 579 364 608 418; x_wconf 84' lang='lat'><strong>6</strong></span> <span class='ocrx_word' id='word_1_14' title='bbox 655 365 750 419; x_wconf 74' lang='lat' dir='ltr'><strong>xui.</strong></span> <span class='ocrx_word' id='word_1_15' title='bbox 780 366 808 419; x_wconf 99' lang='lat'><strong>6</strong></span> <span class='ocrx_word' id='word_1_16' title='bbox 857 367 1018 436; x_wconf 80' lang='grc' dir='ltr'>σοφὸς</span> <span class='ocrx_word' id='word_1_17' title='bbox 1049 366 1152 439; x_wconf 76' lang='grc' dir='ltr'><strong>ἔφη</strong></span> <span class='ocrx_word' id='word_1_18' title='bbox 1196 369 1440 437; x_wconf 71' lang='grc' dir='ltr'>Παῦλος,</span> <span class='ocrx_word' id='word_1_19' title='bbox 1489 371 1568 425; x_wconf 79' lang='grc' dir='ltr'>ὅτι</span> <span class='ocrx_word' id='word_1_20' title='bbox 1611 392 1628 424; x_wconf 81' lang='grc' dir='ltr'><strong>ι</strong></span> <span class='ocrx_word' id='word_1_21' title='bbox 1679 371 1719 426; x_wconf 71' lang='grc'><strong>’4.</strong></span> 
     </span>
    </p>
   </div>
   <div class='ocr_carea' id='block_1_4' title="bbox 1821 362 3418 455">
    <p class='ocr_par' dir='ltr' id='par_1_4' title="bbox 1841 373 3418 455">
     <span class='ocr_line' id='line_1_4' title="bbox 1841 373 3418 455; baseline 0.008 -29"><span class='ocrx_word' id='word_1_22' title='bbox 1841 373 1956 442; x_wconf 99' lang='lat' dir='ltr'><strong>ptio</strong></span> <span class='ocrx_word' id='word_1_23' title='bbox 1983 391 1996 426; x_wconf 90' lang='lat'><strong>:</strong></span> <span class='ocrx_word' id='word_1_24' title='bbox 2022 373 2186 444; x_wconf 89' lang='lat' dir='ltr'><strong>idque</strong></span> <span class='ocrx_word' id='word_1_25' title='bbox 2213 375 2348 431; x_wconf 89' lang='lat' dir='ltr'><strong>illud</strong></span> <span class='ocrx_word' id='word_1_26' title='bbox 2375 386 2478 443; x_wconf 91' lang='lat' dir='ltr'><strong>est,</strong></span> <span class='ocrx_word' id='word_1_27' title='bbox 2505 386 2567 433; x_wconf 91' lang='lat' dir='ltr'><strong>ut</strong></span> <span class='ocrx_word' id='word_1_28' title='bbox 2589 388 2744 450; x_wconf 92' lang='lat' dir='ltr'><strong>puto,</strong></span> <span class='ocrx_word' id='word_1_29' title='bbox 2764 381 2911 452; x_wconf 76' lang='lat' dir='ltr'><strong>quod</strong></span> <span class='ocrx_word' id='word_1_30' title='bbox 2931 384 3150 455; x_wconf 85' lang='lat' dir='ltr'><strong>sapiens</strong></span> <span class='ocrx_word' id='word_1_31' title='bbox 3170 385 3256 441; x_wconf 90' lang='lat' dir='ltr'><strong>vir</strong></span> <span class='ocrx_word' id='word_1_32' title='bbox 3275 386 3418 442; x_wconf 82' lang='lat' dir='ltr'><strong>Pau-</strong></span> 
     </span>
    </p>
   </div>
   <div class='ocr_carea' id='block_1_5' title="bbox 180 456 1732 534">
    <p class='ocr_par' dir='ltr' id='par_1_5' title="bbox 180 456 1732 534">
     <span class='ocr_line' id='line_1_5' title="bbox 180 456 1732 534; baseline 0.003 -22"><span class='ocrx_word' id='word_1_33' title='bbox 180 459 353 513; x_wconf 81' lang='grc' dir='ltr'>ἐσθίων</span> <span class='ocrx_word' id='word_1_34' title='bbox 399 459 492 512; x_wconf 70' lang='grc' dir='ltr'><strong>καὶ</strong></span> <span class='ocrx_word' id='word_1_35' title='bbox 545 458 713 511; x_wconf 80' lang='grc' dir='ltr'>πίνων</span> <span class='ocrx_word' id='word_1_36' title='bbox 749 457 812 510; x_wconf 84' lang='grc' dir='ltr'><strong>τὸ</strong></span> <span class='ocrx_word' id='word_1_37' title='bbox 859 459 1016 529; x_wconf 89' lang='grc' dir='ltr'>σῶμα</span> <span class='ocrx_word' id='word_1_38' title='bbox 1051 460 1146 513; x_wconf 78' lang='grc' dir='ltr'>καὶ</span> <span class='ocrx_word' id='word_1_39' title='bbox 1189 456 1329 532; x_wconf 80' lang='grc' dir='ltr'>αἷμα</span> <span class='ocrx_word' id='word_1_40' title='bbox 1364 461 1458 515; x_wconf 78' lang='grc' dir='ltr'>τοῦ</span> <span class='ocrx_word' id='word_1_41' title='bbox 1495 462 1732 534; x_wconf 76' lang='grc' dir='ltr'><strong>Χριστοῦ</strong></span> 
     </span>
    </p>
   </div>
   <div class='ocr_carea' id='block_1_6' title="bbox 176 547 1734 624">
    <p class='ocr_par' dir='ltr' id='par_1_6' title="bbox 176 547 1734 624">
     <span class='ocr_line' id='line_1_6' title="bbox 176 547 1734 624; baseline 0.003 -23"><span class='ocrx_word' id='word_1_42' title='bbox 176 548 403 612; x_wconf 79' lang='grc' dir='ltr'><strong>ἀναξίως,</strong></span> <span class='ocrx_word' id='word_1_43' title='bbox 433 547 753 619; x_wconf 81' lang='grc' dir='ltr'><strong>κατάκριμα</strong></span> <span class='ocrx_word' id='word_1_44' title='bbox 783 548 958 620; x_wconf 86' lang='grc' dir='ltr'>ἐαυτῷ</span> <span class='ocrx_word' id='word_1_45' title='bbox 987 550 1157 603; x_wconf 81' lang='grc' dir='ltr'>ἐσθίει</span> <span class='ocrx_word' id='word_1_46' title='bbox 1199 552 1292 605; x_wconf 71' lang='grc' dir='ltr'><strong>καὶ</strong></span> <span class='ocrx_word' id='word_1_47' title='bbox 1323 551 1460 617; x_wconf 89' lang='grc' dir='ltr'>πίει,</span> <span class='ocrx_word' id='word_1_48' title='bbox 1505 552 1579 624; x_wconf 81' lang='grc' dir='ltr'>μὴ</span> <span class='ocrx_word' id='word_1_49' title='bbox 1617 553 1734 606; x_wconf 85' lang='grc' dir='ltr'>δια-</span> 
     </span>
    </p>
   </div>
   <div class='ocr_carea' id='block_1_7' title="bbox 177 638 1733 715">
    <p class='ocr_par' dir='ltr' id='par_1_7' title="bbox 177 638 1733 715">
     <span class='ocr_line' id='line_1_7' title="bbox 177 638 1733 715; baseline 0.003 -22"><span class='ocrx_word' id='word_1_50' title='bbox 177 640 354 710; x_wconf 85' lang='grc' dir='ltr'>κρίνων</span> <span class='ocrx_word' id='word_1_51' title='bbox 375 638 436 692; x_wconf 87' lang='grc' dir='ltr'><strong>τὸ</strong></span> <span class='ocrx_word' id='word_1_52' title='bbox 461 638 618 709; x_wconf 86' lang='grc' dir='ltr'>σῶμα</span> <span class='ocrx_word' id='word_1_53' title='bbox 641 639 866 710; x_wconf 81' lang='grc' dir='ltr'>Κυρίου.</span> <span class='ocrx_word' id='word_1_54' title='bbox 893 640 1242 712; x_wconf 77' lang='grc' dir='ltr'>Δοκιμαζέτω</span> <span class='ocrx_word' id='word_1_55' title='bbox 1275 642 1385 705; x_wconf 77' lang='grc' dir='ltr'>δὲ,›</span> <span class='ocrx_word' id='word_1_56' title='bbox 1425 645 1612 715; x_wconf 77' lang='grc' dir='ltr'>φησὶν,</span> <span class='ocrx_word' id='word_1_57' title='bbox 1659 665 1675 695; x_wconf 79' lang='grc' dir='ltr'><strong>ι</strong></span> <span class='ocrx_word' id='word_1_58' title='bbox 1704 647 1733 698; x_wconf 93' lang='lat'><strong>6</strong></span> 
     </span>
    </p>
   </div>
   <div class='ocr_carea' id='block_1_8' title="bbox 172 730 1733 804">
    <p class='ocr_par' dir='ltr' id='par_1_8' title="bbox 172 730 1733 804">
     <span class='ocr_line' id='line_1_8' title="bbox 172 730 1733 804; baseline 0.001 -18"><span class='ocrx_word' id='word_1_59' title='bbox 172 731 436 802; x_wconf 72' lang='grc' dir='ltr'>ἄνθρωπος</span> <span class='ocrx_word' id='word_1_60' title='bbox 476 730 687 795; x_wconf 80' lang='grc' dir='ltr'>ἐαυτὸν,</span> <span class='ocrx_word' id='word_1_61' title='bbox 712 731 806 784; x_wconf 79' lang='grc' dir='ltr'>καὶ</span> <span class='ocrx_word' id='word_1_62' title='bbox 826 731 946 784; x_wconf 88' lang='grc' dir='ltr'>τότε</span> <span class='ocrx_word' id='word_1_63' title='bbox 969 733 1031 784; x_wconf 88' lang='grc' dir='ltr'><strong>ἐκ</strong></span> <span class='ocrx_word' id='word_1_64' title='bbox 1051 733 1145 785; x_wconf 82' lang='grc' dir='ltr'><strong>τοῦ</strong></span> <span class='ocrx_word' id='word_1_65' title='bbox 1171 734 1336 804; x_wconf 73' lang='grc' dir='ltr'>ἄρτου</span> <span class='ocrx_word' id='word_1_66' title='bbox 1365 735 1614 801; x_wconf 79' lang='grc' dir='ltr'><strong>ἐσθιέτω,</strong></span> <span class='ocrx_word' id='word_1_67' title='bbox 1638 737 1733 789; x_wconf 73' lang='grc' dir='ltr'><strong>καὶ</strong></span> 
     </span>
    </p>
   </div>
   <div class='ocr_carea' id='block_1_9' title="bbox 175 820 1730 896">
    <p class='ocr_par' dir='ltr' id='par_1_9' title="bbox 175 820 1730 896">
     <span class='ocr_line' id='line_1_9' title="bbox 175 820 1730 896; baseline 0.001 -20"><span class='ocrx_word' id='word_1_68' title='bbox 175 824 231 876; x_wconf 72' lang='grc' dir='ltr'><strong>ἐκ</strong></span> <span class='ocrx_word' id='word_1_69' title='bbox 255 820 342 875; x_wconf 85' lang='grc' dir='ltr'>τοῦ</span> <span class='ocrx_word' id='word_1_70' title='bbox 385 822 648 893; x_wconf 81' lang='grc' dir='ltr'><strong>ποτηρίου</strong></span> <span class='ocrx_word' id='word_1_71' title='bbox 685 823 910 875; x_wconf 84' lang='grc' dir='ltr'><strong>πινέτω·</strong></span> <span class='ocrx_word' id='word_1_72' title='bbox 946 842 964 874; x_wconf 78' lang='grc' dir='ltr'><strong>ι</strong></span> <span class='ocrx_word' id='word_1_73' title='bbox 1010 824 1203 877; x_wconf 84' lang='grc' dir='ltr'>Ἔσται</span> <span class='ocrx_word' id='word_1_74' title='bbox 1242 824 1422 877; x_wconf 89' lang='grc' dir='ltr'>τοίνυν</span> <span class='ocrx_word' id='word_1_75' title='bbox 1457 826 1596 896; x_wconf 78' lang='grc' dir='ltr'>πρὸς</span> <span class='ocrx_word' id='word_1_76' title='bbox 1637 826 1730 880; x_wconf 85' lang='grc' dir='ltr'>εὑ-</span> 
     </span>
    </p>
   </div>
   <div class='ocr_carea' id='block_1_10' title="bbox 171 912 1732 986">
    <p class='ocr_par' dir='ltr' id='par_1_10' title="bbox 171 912 1732 986">
     <span class='ocr_line' id='line_1_10' title="bbox 171 912 1732 986; baseline 0.003 -20"><span class='ocrx_word' id='word_1_77' title='bbox 171 914 358 982; x_wconf 86' lang='grc' dir='ltr'>λογίας,</span> <span class='ocrx_word' id='word_1_78' title='bbox 395 913 549 983; x_wconf 75' lang='grc' dir='ltr'>φησὶ,</span> <span class='ocrx_word' id='word_1_79' title='bbox 580 912 687 966; x_wconf 87' lang='grc' dir='ltr'><strong>τῶν</strong></span> <span class='ocrx_word' id='word_1_80' title='bbox 716 914 886 981; x_wconf 82' lang='grc' dir='ltr'>ἁγίων</span> <span class='ocrx_word' id='word_1_81' title='bbox 937 916 1251 986; x_wconf 83' lang='grc' dir='ltr'>μυστηρίων</span> <span class='ocrx_word' id='word_1_82' title='bbox 1286 917 1318 986; x_wconf 76' lang='grc' dir='ltr'>ἡ</span> <span class='ocrx_word' id='word_1_83' title='bbox 1351 915 1587 985; x_wconf 84' lang='grc' dir='ltr'><strong>μέθεξις,</strong></span> <span class='ocrx_word' id='word_1_84' title='bbox 1618 921 1732 982; x_wconf 89' lang='grc' dir='ltr'>τοῖς</span> 
     </span>
    </p>
   </div>
   <div class='ocr_carea' id='block_1_11' title="bbox 172 989 1730 1080">
    <p class='ocr_par' dir='ltr' id='par_1_11' title="bbox 172 989 1730 1080">
     <span class='ocr_line' id='line_1_11' title="bbox 172 989 1730 1080; baseline 0.004 -22"><span class='ocrx_word' id='word_1_85' title='bbox 172 1023 226 1074; x_wconf 87' lang='grc' dir='ltr'><strong>γε</strong></span> <span class='ocrx_word' id='word_1_86' title='bbox 269 1005 338 1067; x_wconf 77' lang='grc' dir='ltr'><strong>ὡς</strong></span> <span class='ocrx_word' id='word_1_87' title='bbox 380 989 598 1074; x_wconf 78' lang='grc' dir='ltr'>ἀληθῶς</span> <span class='ocrx_word' id='word_1_88' title='bbox 628 1005 1063 1075; x_wconf 79' lang='grc' dir='ltr'>φιλοθεωτὰτοις.</span> <span class='ocrx_word' id='word_1_89' title='bbox 1115 1008 1225 1060; x_wconf 77' lang='grc' dir='ltr'><strong>Καὶ</strong></span> <span class='ocrx_word' id='word_1_90' title='bbox 1255 1008 1730 1080; x_wconf 79' lang='grc' dir='ltr'>ἀπαλλαγήσονται</span> 
     </span>
    </p>
   </div>
   <div class='ocr_carea' id='block_1_12' title="bbox 169 1097 1730 1173">
    <p class='ocr_par' dir='ltr' id='par_1_12' title="bbox 169 1097 1730 1173">
     <span class='ocr_line' id='line_1_12' title="bbox 169 1097 1730 1173; baseline 0.005 -25"><span class='ocrx_word' id='word_1_91' title='bbox 169 1097 220 1149; x_wconf 79' lang='grc' dir='ltr'>δὲ</span> <span class='ocrx_word' id='word_1_92' title='bbox 280 1097 646 1167; x_wconf 80' lang='grc' dir='ltr'>μαλακισμοῦ,</span> <span class='ocrx_word' id='word_1_93' title='bbox 705 1098 969 1160; x_wconf 83' lang='grc' dir='ltr'>τουτέστι,</span> <span class='ocrx_word' id='word_1_94' title='bbox 1023 1098 1118 1152; x_wconf 83' lang='grc' dir='ltr'><strong>τοῦ</strong></span> <span class='ocrx_word' id='word_1_95' title='bbox 1171 1104 1346 1153; x_wconf 83' lang='grc' dir='ltr'>νοσεῖν</span> <span class='ocrx_word' id='word_1_96' title='bbox 1400 1102 1632 1173; x_wconf 77' lang='grc' dir='ltr'>ἑτοίμως</span> <span class='ocrx_word' id='word_1_97' title='bbox 1669 1103 1730 1156; x_wconf 81' lang='grc' dir='ltr'>τὸ</span> 
     </span>
    </p>
   </div>
   <div class='ocr_carea' id='block_1_13' title="bbox 169 1187 1727 1264">
    <p class='ocr_par' dir='ltr' id='par_1_13' title="bbox 169 1187 1727 1264">
     <span class='ocr_line' id='line_1_13' title="bbox 169 1187 1727 1264; baseline 0.005 -25"><span class='ocrx_word' id='word_1_98' title='bbox 169 1187 355 1240; x_wconf 78' lang='grc' dir='ltr'>ἀδικεῖν</span> <span class='ocrx_word' id='word_1_99' title='bbox 389 1188 652 1256; x_wconf 81' lang='grc' dir='ltr'>πεφυκὸς,</span> <span class='ocrx_word' id='word_1_100' title='bbox 673 1189 766 1242; x_wconf 79' lang='grc' dir='ltr'>καὶ</span> <span class='ocrx_word' id='word_1_101' title='bbox 793 1191 1128 1260; x_wconf 75' lang='grc' dir='ltr'>ἀποκομίζον</span> <span class='ocrx_word' id='word_1_102' title='bbox 1158 1193 1236 1254; x_wconf 87' lang='grc' dir='ltr'><strong>είς</strong></span> <span class='ocrx_word' id='word_1_103' title='bbox 1256 1193 1548 1264; x_wconf 81' lang='grc' dir='ltr'>ἀνανδρίαν</span> <span class='ocrx_word' id='word_1_104' title='bbox 1567 1212 1580 1224; x_wconf 94' lang='grc'><strong>·</strong></span> <span class='ocrx_word' id='word_1_105' title='bbox 1613 1193 1727 1247; x_wconf 81' lang='grc' dir='ltr'>ἁλλ’</span> 
     </span>
    </p>
   </div>
   <div class='ocr_carea' id='block_1_14' title="bbox 166 1277 1726 1355">
    <p class='ocr_par' dir='ltr' id='par_1_14' title="bbox 166 1277 1726 1355">
     <span class='ocr_line' id='line_1_14' title="bbox 166 1277 1726 1355; baseline 0.005 -25"><span class='ocrx_word' id='word_1_106' title='bbox 166 1277 273 1330; x_wconf 82' lang='grc' dir='ltr'>οὐδὲ</span> <span class='ocrx_word' id='word_1_107' title='bbox 302 1278 490 1346; x_wconf 84' lang='grc' dir='ltr'>ἁγονος</span> <span class='ocrx_word' id='word_1_108' title='bbox 508 1277 680 1340; x_wconf 84' lang='grc' dir='ltr'>ἐσται,</span> <span class='ocrx_word' id='word_1_109' title='bbox 714 1280 899 1350; x_wconf 77' lang='grc' dir='ltr'>φησὶν,</span> <span class='ocrx_word' id='word_1_110' title='bbox 930 1281 989 1332; x_wconf 89' lang='grc' dir='ltr'><strong>ἐν</strong></span> <span class='ocrx_word' id='word_1_111' title='bbox 1017 1281 1219 1345; x_wconf 83' lang='grc' dir='ltr'>αὐτοῖς,</span> <span class='ocrx_word' id='word_1_112' title='bbox 1248 1283 1368 1335; x_wconf 87' lang='grc' dir='ltr'><strong>οὑδέ</strong></span> <span class='ocrx_word' id='word_1_113' title='bbox 1389 1285 1596 1355; x_wconf 88' lang='grc' dir='ltr'>στεῖρα.</span> <span class='ocrx_word' id='word_1_114' title='bbox 1627 1285 1726 1338; x_wconf 84' lang='grc' dir='ltr'><strong>Γο-</strong></span> 
     </span>
    </p>
   </div>
   <div class='ocr_carea' id='block_1_15' title="bbox 167 1369 1729 1450">
    <p class='ocr_par' dir='ltr' id='par_1_15' title="bbox 167 1369 1729 1450">
     <span class='ocr_line' id='line_1_15' title="bbox 167 1369 1729 1450; baseline 0.008 -31"><span class='ocrx_word' id='word_1_115' title='bbox 167 1369 428 1439; x_wconf 84' lang='grc' dir='ltr'>νιμωτάτη</span> <span class='ocrx_word' id='word_1_116' title='bbox 452 1371 560 1442; x_wconf 81' lang='grc' dir='ltr'>γὰρ</span> <span class='ocrx_word' id='word_1_117' title='bbox 583 1372 730 1425; x_wconf 81' lang='grc' dir='ltr'>πᾶσα</span> <span class='ocrx_word' id='word_1_118' title='bbox 765 1371 1012 1443; x_wconf 80' lang='grc' dir='ltr'>θεοφιλὴς</span> <span class='ocrx_word' id='word_1_119' title='bbox 1040 1374 1132 1426; x_wconf 79' lang='grc' dir='ltr'><strong>καὶ</strong></span> <span class='ocrx_word' id='word_1_120' title='bbox 1152 1374 1272 1427; x_wconf 85' lang='grc' dir='ltr'>ὁσία</span> <span class='ocrx_word' id='word_1_121' title='bbox 1286 1374 1454 1446; x_wconf 76' lang='grc' dir='ltr'>ψυχὴ,</span> <span class='ocrx_word' id='word_1_122' title='bbox 1476 1378 1571 1432; x_wconf 77' lang='grc' dir='ltr'><strong>καὶ</strong></span> <span class='ocrx_word' id='word_1_123' title='bbox 1595 1394 1729 1450; x_wconf 88' lang='grc' dir='ltr'>καρ-</span> 
     </span>
    </p>
   </div>
   <div class='ocr_carea' id='block_1_16' title="bbox 165 1462 1728 1540">
    <p class='ocr_par' dir='ltr' id='par_1_16' title="bbox 165 1462 1728 1540">
     <span class='ocr_line' id='line_1_16' title="bbox 165 1462 1728 1540; baseline 0.007 -26"><span class='ocrx_word' id='word_1_124' title='bbox 165 1463 275 1524; x_wconf 84' lang='grc' dir='ltr'>ποῖς</span> <span class='ocrx_word' id='word_1_125' title='bbox 314 1462 490 1530; x_wconf 81' lang='grc' dir='ltr'>ἁγίοις</span> <span class='ocrx_word' id='word_1_126' title='bbox 532 1466 865 1536; x_wconf 87' lang='grc' dir='ltr'>κατάκομος,</span> <span class='ocrx_word' id='word_1_127' title='bbox 899 1466 1043 1538; x_wconf 78' lang='grc' dir='ltr'>φημὶ</span> <span class='ocrx_word' id='word_1_128' title='bbox 1082 1467 1139 1521; x_wconf 83' lang='grc' dir='ltr'>δὲ</span> <span class='ocrx_word' id='word_1_129' title='bbox 1188 1468 1250 1538; x_wconf 76' lang='grc' dir='ltr'>δὴ</span> <span class='ocrx_word' id='word_1_130' title='bbox 1290 1469 1474 1537; x_wconf 86' lang='grc' dir='ltr'>πάλιν,</span> <span class='ocrx_word' id='word_1_131' title='bbox 1527 1475 1640 1536; x_wconf 91' lang='grc' dir='ltr'>τοῖς</span> <span class='ocrx_word' id='word_1_132' title='bbox 1669 1472 1728 1540; x_wconf 82' lang='grc' dir='ltr'>ἐξ</span> 
     </span>
    </p>
   </div>
   <div class='ocr_carea' id='block_1_17' title="bbox 164 1552 716 1623">
    <p class='ocr_par' dir='ltr' id='par_1_17' title="bbox 164 1552 716 1623">
     <span class='ocr_line' id='line_1_17' title="bbox 164 1552 716 1623; baseline 0.007 -19"><span class='ocrx_word' id='word_1_133' title='bbox 164 1552 351 1622; x_wconf 79' lang='grc' dir='ltr'>ἀρετῆς</span> <span class='ocrx_word' id='word_1_134' title='bbox 384 1553 523 1623; x_wconf 81' lang='grc' dir='ltr'>αύχή</span> <span class='ocrx_word' id='word_1_135' title='bbox 534 1571 716 1622; x_wconf 83' lang='grc' dir='ltr'>μασιν.</span> 
     </span>
    </p>
   </div>
   <div class='ocr_carea' id='block_1_18' title="bbox 224 1636 775 1717">
    <p class='ocr_par' dir='ltr' id='par_1_18' title="bbox 224 1636 775 1717">
     <span class='ocr_line' id='line_1_18' title="bbox 224 1636 775 1717; baseline 0.011 -22"><span class='ocrx_word' id='word_1_136' title='bbox 224 1644 427 1698; x_wconf 81' lang='grc' dir='ltr'>ΠΑΛΛ.</span> <span class='ocrx_word' id='word_1_137' title='bbox 470 1636 600 1698; x_wconf 86' lang='grc' dir='ltr'>Ὧδε</span> <span class='ocrx_word' id='word_1_138' title='bbox 642 1645 775 1717; x_wconf 82' lang='grc' dir='ltr'>ἔχει.</span> 
     </span>
    </p>
   </div>
   <div class='ocr_carea' id='block_1_19' title="bbox 222 1735 1727 1822">
    <p class='ocr_par' dir='ltr' id='par_1_19' title="bbox 222 1735 1727 1822">
     <span class='ocr_line' id='line_1_19' title="bbox 222 1735 1727 1822; baseline 0.009 -35"><span class='ocrx_word' id='word_1_139' title='bbox 222 1735 383 1790; x_wconf 70' lang='grc' dir='ltr'><strong>ΚΥΡ.</strong></span> <span class='ocrx_word' id='word_1_140' title='bbox 426 1737 860 1792; x_wconf 84' lang='grc' dir='ltr'>Εὑκατάσειστον</span> <span class='ocrx_word' id='word_1_141' title='bbox 905 1739 962 1793; x_wconf 86' lang='grc' dir='ltr'>δὲ</span> <span class='ocrx_word' id='word_1_142' title='bbox 1008 1739 1106 1812; x_wconf 80' lang='grc' dir='ltr'>τὴν</span> <span class='ocrx_word' id='word_1_143' title='bbox 1154 1742 1382 1813; x_wconf 84' lang='grc' dir='ltr'>καρδίαν</span> <span class='ocrx_word' id='word_1_144' title='bbox 1438 1743 1581 1822; x_wconf 80' lang='grc' dir='ltr'>ἔχειν</span> <span class='ocrx_word' id='word_1_145' title='bbox 1627 1747 1727 1800; x_wconf 81' lang='grc' dir='ltr'>οὐκ</span> 
     </span>
    </p>
   </div>
   <div class='ocr_carea' id='block_1_20' title="bbox 156 1825 1725 1904">
    <p class='ocr_par' dir='ltr' id='par_1_20' title="bbox 156 1825 1725 1904">
     <span class='ocr_line' id='line_1_20' title="bbox 156 1825 1725 1904; baseline 0.01 -26"><span class='ocrx_word' id='word_1_146' title='bbox 156 1825 271 1891; x_wconf 73' lang='grc' dir='ltr'>ἐῶν,</span> <span class='ocrx_word' id='word_1_147' title='bbox 304 1829 631 1901; x_wconf 86' lang='grc' dir='ltr'>εύμηχανῶς</span> <span class='ocrx_word' id='word_1_148' title='bbox 679 1833 961 1904; x_wconf 78' lang='grc' dir='ltr'>ἐπιτρέπει</span> <span class='ocrx_word' id='word_1_149' title='bbox 1008 1835 1142 1904; x_wconf 84' lang='grc' dir='ltr'>πρὸς</span> <span class='ocrx_word' id='word_1_150' title='bbox 1173 1836 1234 1889; x_wconf 79' lang='grc' dir='ltr'>τὸ</span> <span class='ocrx_word' id='word_1_151' title='bbox 1263 1837 1373 1891; x_wconf 87' lang='grc' dir='ltr'>δεῖν</span> <span class='ocrx_word' id='word_1_152' title='bbox 1403 1837 1621 1892; x_wconf 76' lang='grc' dir='ltr'>ἑλέσθαι</span> <span class='ocrx_word' id='word_1_153' title='bbox 1662 1840 1725 1894; x_wconf 78' lang='grc' dir='ltr'>τὸ</span> 
     </span>
    </p>
   </div>
   <div class='ocr_carea' id='block_1_21' title="bbox 153 1914 1726 1996">
    <p class='ocr_par' dir='ltr' id='par_1_21' title="bbox 153 1914 1726 1996">
     <span class='ocr_line' id='line_1_21' title="bbox 153 1914 1726 1996; baseline 0.008 -26"><span class='ocrx_word' id='word_1_154' title='bbox 153 1917 377 1988; x_wconf 79' lang='grc' dir='ltr'>βεϐηκὸς</span> <span class='ocrx_word' id='word_1_155' title='bbox 406 1922 486 1986; x_wconf 79' lang='grc' dir='ltr'>εἰς</span> <span class='ocrx_word' id='word_1_156' title='bbox 517 1922 718 1987; x_wconf 87' lang='grc' dir='ltr'>πίστιν,</span> <span class='ocrx_word' id='word_1_157' title='bbox 749 1925 843 1977; x_wconf 75' lang='grc' dir='ltr'><strong>καὶ</strong></span> <span class='ocrx_word' id='word_1_158' title='bbox 875 1927 955 1988; x_wconf 85' lang='grc' dir='ltr'>εἰς</span> <span class='ocrx_word' id='word_1_159' title='bbox 986 1914 1266 1980; x_wconf 65' lang='grc' dir='ltr'>εὐσέϐειαν</span> <span class='ocrx_word' id='word_1_160' title='bbox 1294 1928 1563 1996; x_wconf 79' lang='grc' dir='ltr'>ἁσφαλές’</span> <span class='ocrx_word' id='word_1_161' title='bbox 1595 1930 1726 1984; x_wconf 82' lang='grc' dir='ltr'>ποτὲ</span> 
     </span>
    </p>
   </div>
   <div class='ocr_carea' id='block_1_22' title="bbox 155 2011 1725 2088">
    <p class='ocr_par' dir='ltr' id='par_1_22' title="bbox 155 2011 1725 2088">
     <span class='ocr_line' id='line_1_22' title="bbox 155 2011 1725 2088; baseline 0.006 -26"><span class='ocrx_word' id='word_1_162' title='bbox 155 2011 244 2079; x_wconf 81' lang='grc' dir='ltr'>μὲν</span> <span class='ocrx_word' id='word_1_163' title='bbox 285 2011 397 2083; x_wconf 79' lang='grc' dir='ltr'>γὰρ</span> <span class='ocrx_word' id='word_1_164' title='bbox 445 2012 727 2083; x_wconf 79' lang='grc' dir='ltr'>λογισμοῖς</span> <span class='ocrx_word' id='word_1_165' title='bbox 767 2017 882 2079; x_wconf 90' lang='grc' dir='ltr'>τοῖς</span> <span class='ocrx_word' id='word_1_166' title='bbox 929 2015 1258 2088; x_wconf 85' lang='grc' dir='ltr'>καθήκουσιν</span> <span class='ocrx_word' id='word_1_167' title='bbox 1316 2020 1725 2088; x_wconf 88' lang='grc' dir='ltr'>μεταπαιδεύων</span> 
     </span>
    </p>
   </div>
   <div class='ocr_carea' id='block_1_23' title="bbox 151 2104 1724 2180">
    <p class='ocr_par' dir='ltr' id='par_1_23' title="bbox 151 2104 1724 2180">
     <span class='ocr_line' id='line_1_23' title="bbox 151 2104 1724 2180; baseline 0.006 -25"><span class='ocrx_word' id='word_1_168' title='bbox 151 2105 230 2156; x_wconf 74' lang='grc' dir='ltr'><strong>ἐπὶ</strong></span> <span class='ocrx_word' id='word_1_169' title='bbox 253 2104 313 2156; x_wconf 79' lang='grc' dir='ltr'>τὸ</span> <span class='ocrx_word' id='word_1_170' title='bbox 358 2105 609 2175; x_wconf 79' lang='grc' dir='ltr'>ἄμεινον,</span> <span class='ocrx_word' id='word_1_171' title='bbox 655 2107 1088 2173; x_wconf 77' lang='grc' dir='ltr'>ἁποσπουδάζειν</span> <span class='ocrx_word' id='word_1_172' title='bbox 1139 2109 1372 2176; x_wconf 84' lang='grc' dir='ltr'>κελεύει,</span> <span class='ocrx_word' id='word_1_173' title='bbox 1428 2110 1626 2180; x_wconf 82' lang='grc' dir='ltr'>μᾶλλον</span> <span class='ocrx_word' id='word_1_174' title='bbox 1668 2113 1724 2165; x_wconf 87' lang='grc' dir='ltr'>δὲ</span> 
     </span>
    </p>
   </div>
   <div class='ocr_carea' id='block_1_24' title="bbox 153 2194 1725 2271">
    <p class='ocr_par' dir='ltr' id='par_1_24' title="bbox 153 2194 1725 2271">
     <span class='ocr_line' id='line_1_24' title="bbox 153 2194 1725 2271; baseline 0.006 -24"><span class='ocrx_word' id='word_1_175' title='bbox 153 2194 589 2266; x_wconf 62' lang='grc' dir='ltr'>ἀποτρέψεσθαι</span> <span class='ocrx_word' id='word_1_176' title='bbox 641 2197 939 2263; x_wconf 85' lang='grc' dir='ltr'>παντελῶς,</span> <span class='ocrx_word' id='word_1_177' title='bbox 964 2199 1040 2264; x_wconf 85' lang='grc' dir='ltr'>ὡς</span> <span class='ocrx_word' id='word_1_178' title='bbox 1082 2199 1302 2271; x_wconf 84' lang='grc' dir='ltr'>ὀλέθρου</span> <span class='ocrx_word' id='word_1_179' title='bbox 1353 2200 1632 2270; x_wconf 81' lang='grc' dir='ltr'>πρόξενον,</span> <span class='ocrx_word' id='word_1_180' title='bbox 1664 2203 1725 2256; x_wconf 75' lang='grc' dir='ltr'>τὸ</span> 
     </span>
    </p>
   </div>
   <div class='ocr_carea' id='block_1_25' title="bbox 151 2283 1720 2364">
    <p class='ocr_par' dir='ltr' id='par_1_25' title="bbox 151 2283 1720 2364">
     <span class='ocr_line' id='line_1_25' title="bbox 151 2283 1720 2364; baseline 0.006 -27"><span class='ocrx_word' id='word_1_181' title='bbox 151 2283 286 2338; x_wconf 84' lang='grc' dir='ltr'>θύειν</span> <span class='ocrx_word' id='word_1_182' title='bbox 313 2285 562 2349; x_wconf 78' lang='grc' dir='ltr'>εἰδώλοις</span> <span class='ocrx_word' id='word_1_183' title='bbox 590 2287 621 2356; x_wconf 83' lang='grc' dir='ltr'>ἦ</span> <span class='ocrx_word' id='word_1_184' title='bbox 667 2293 1015 2359; x_wconf 79' lang='grc' dir='ltr'>προσκυνεῖν,</span> <span class='ocrx_word' id='word_1_185' title='bbox 1052 2291 1305 2361; x_wconf 79' lang='grc' dir='ltr'>διαϐολῆς</span> <span class='ocrx_word' id='word_1_186' title='bbox 1342 2293 1442 2364; x_wconf 79' lang='grc' dir='ltr'>τῆς</span> <span class='ocrx_word' id='word_1_187' title='bbox 1469 2294 1720 2364; x_wconf 85' lang='grc' dir='ltr'>ἐσχάτης,</span> 
     </span>
    </p>
   </div>
   <div class='ocr_carea' id='block_1_26' title="bbox 149 2380 1723 2452">
    <p class='ocr_par' dir='ltr' id='par_1_26' title="bbox 149 2380 1723 2452">
     <span class='ocr_line' id='line_1_26' title="bbox 149 2380 1723 2452; baseline 0.006 -19"><span class='ocrx_word' id='word_1_188' title='bbox 149 2380 340 2449; x_wconf 76' lang='grc' dir='ltr'>μᾶλλον</span> <span class='ocrx_word' id='word_1_189' title='bbox 365 2381 426 2433; x_wconf 88' lang='grc' dir='ltr'>δὲ</span> <span class='ocrx_word' id='word_1_190' title='bbox 449 2380 767 2445; x_wconf 86' lang='grc' dir='ltr'>δυσσεϐείας</span> <span class='ocrx_word' id='word_1_191' title='bbox 792 2383 890 2452; x_wconf 85' lang='grc' dir='ltr'>τῆς</span> <span class='ocrx_word' id='word_1_192' title='bbox 916 2384 1178 2438; x_wconf 85' lang='grc' dir='ltr'>ἀνωτάτω</span> <span class='ocrx_word' id='word_1_193' title='bbox 1203 2386 1417 2449; x_wconf 80' lang='grc' dir='ltr'>δεικνὺς</span> <span class='ocrx_word' id='word_1_194' title='bbox 1438 2387 1723 2442; x_wconf 88' lang='grc' dir='ltr'>ἀνάπλεων</span> 
     </span>
    </p>
   </div>
   <div class='ocr_carea' id='block_1_27' title="bbox 146 2471 1723 2544">
    <p class='ocr_par' dir='ltr' id='par_1_27' title="bbox 146 2471 1723 2544">
     <span class='ocr_line' id='line_1_27' title="bbox 146 2471 1723 2544; baseline 0.006 -21"><span class='ocrx_word' id='word_1_195' title='bbox 146 2471 237 2540; x_wconf 80' lang='grc' dir='ltr'><strong>τὴν</strong></span> <span class='ocrx_word' id='word_1_196' title='bbox 269 2472 486 2525; x_wconf 82' lang='grc' dir='ltr'>τοιάνδε</span> <span class='ocrx_word' id='word_1_197' title='bbox 517 2471 690 2525; x_wconf 87' lang='grc' dir='ltr'>νόσον·</span> <span class='ocrx_word' id='word_1_198' title='bbox 720 2473 848 2527; x_wconf 85' lang='grc' dir='ltr'><strong>ποτέ</strong></span> <span class='ocrx_word' id='word_1_199' title='bbox 876 2475 931 2527; x_wconf 86' lang='grc' dir='ltr'>δὲ</span> <span class='ocrx_word' id='word_1_200' title='bbox 963 2475 1056 2527; x_wconf 76' lang='grc' dir='ltr'><strong>καὶ</strong></span> <span class='ocrx_word' id='word_1_201' title='bbox 1090 2475 1276 2544; x_wconf 83' lang='grc' dir='ltr'>φόϐον,</span> <span class='ocrx_word' id='word_1_202' title='bbox 1315 2477 1405 2530; x_wconf 81' lang='grc' dir='ltr'><strong>τὸν</strong></span> <span class='ocrx_word' id='word_1_203' title='bbox 1435 2479 1529 2530; x_wconf 77' lang='grc' dir='ltr'>τοῦ</span> <span class='ocrx_word' id='word_1_204' title='bbox 1560 2479 1723 2533; x_wconf 82' lang='grc' dir='ltr'>κολὰ-</span> 
     </span>
    </p>
   </div>
   <div class='ocr_carea' id='block_1_28' title="bbox 147 2561 1722 2637">
    <p class='ocr_par' dir='ltr' id='par_1_28' title="bbox 147 2561 1722 2637">
     <span class='ocr_line' id='line_1_28' title="bbox 147 2561 1722 2637; baseline 0.004 -20"><span class='ocrx_word' id='word_1_205' title='bbox 147 2561 325 2625; x_wconf 76' lang='grc' dir='ltr'>ζεσθαι</span> <span class='ocrx_word' id='word_1_206' title='bbox 374 2564 545 2633; x_wconf 87' lang='grc' dir='ltr'>λέγω,</span> <span class='ocrx_word' id='word_1_207' title='bbox 586 2565 929 2636; x_wconf 84' lang='grc' dir='ltr'>παιδαγωγὸν</span> <span class='ocrx_word' id='word_1_208' title='bbox 963 2565 1153 2637; x_wconf 83' lang='grc' dir='ltr'>ὥσπερ</span> <span class='ocrx_word' id='word_1_209' title='bbox 1194 2569 1318 2621; x_wconf 88' lang='grc' dir='ltr'><strong>τινά</strong></span> <span class='ocrx_word' id='word_1_210' title='bbox 1350 2571 1445 2621; x_wconf 58' lang='grc' dir='ltr'><strong>καὶ⁵</strong></span> <span class='ocrx_word' id='word_1_211' title='bbox 1478 2574 1722 2637; x_wconf 87' lang='grc' dir='ltr'>γενναῖον</span> 
     </span>
    </p>
   </div>
   <div class='ocr_carea' id='block_1_29' title="bbox 145 2658 1721 2733">
    <p class='ocr_par' dir='ltr' id='par_1_29' title="bbox 145 2658 1721 2733">
     <span class='ocr_line' id='line_1_29' title="bbox 145 2658 1721 2733; baseline 0.006 -24"><span class='ocrx_word' id='word_1_212' title='bbox 145 2658 266 2726; x_wconf 70' lang='grc' dir='ltr'>ἡμῖν</span> <span class='ocrx_word' id='word_1_213' title='bbox 296 2659 606 2730; x_wconf 79' lang='grc' dir='ltr'>ἐπιστήσας</span> <span class='ocrx_word' id='word_1_214' title='bbox 645 2658 884 2727; x_wconf 82' lang='grc' dir='ltr'>φύλακα,</span> <span class='ocrx_word' id='word_1_215' title='bbox 915 2661 1236 2730; x_wconf 86' lang='grc' dir='ltr'>περιτρέπει</span> <span class='ocrx_word' id='word_1_216' title='bbox 1269 2662 1605 2733; x_wconf 87' lang='grc' dir='ltr'>πανταχόθεν</span> <span class='ocrx_word' id='word_1_217' title='bbox 1629 2664 1721 2718; x_wconf 70' lang='grc' dir='ltr'><strong>ἐπὶ</strong></span> 
     </span>
    </p>
   </div>
   <div class='ocr_carea' id='block_1_30' title="bbox 145 2749 1720 2828">
    <p class='ocr_par' dir='ltr' id='par_1_30' title="bbox 145 2749 1720 2828">
     <span class='ocr_line' id='line_1_30' title="bbox 145 2749 1720 2828; baseline 0.004 -27"><span class='ocrx_word' id='word_1_218' title='bbox 145 2749 198 2801; x_wconf 80' lang='grc' dir='ltr'><strong>τὸ</strong></span> <span class='ocrx_word' id='word_1_219' title='bbox 248 2750 490 2822; x_wconf 84' lang='grc' dir='ltr'>ἀρέσκον</span> <span class='ocrx_word' id='word_1_220' title='bbox 540 2749 704 2822; x_wconf 84' lang='grc' dir='ltr'>αὐτῷ.</span> <span class='ocrx_word' id='word_1_221' title='bbox 752 2753 862 2805; x_wconf 81' lang='grc' dir='ltr'><strong>Καὶ</strong></span> <span class='ocrx_word' id='word_1_222' title='bbox 913 2752 1044 2822; x_wconf 81' lang='grc' dir='ltr'>γοῦν</span> <span class='ocrx_word' id='word_1_223' title='bbox 1091 2756 1150 2807; x_wconf 89' lang='grc' dir='ltr'><strong>ἐν</strong></span> <span class='ocrx_word' id='word_1_224' title='bbox 1187 2751 1265 2824; x_wconf 88' lang='grc' dir='ltr'>τῷ</span> <span class='ocrx_word' id='word_1_225' title='bbox 1316 2755 1720 2828; x_wconf 84' lang='grc' dir='ltr'>Δευτερονομίῳ</span> 
     </span>
    </p>
   </div>
   <div class='ocr_carea' id='block_1_31' title="bbox 145 2841 1722 2921">
    <p class='ocr_par' dir='ltr' id='par_1_31' title="bbox 145 2841 1722 2921">
     <span class='ocr_line' id='line_1_31' title="bbox 145 2841 1722 2921; baseline 0.007 -29"><span class='ocrx_word' id='word_1_226' title='bbox 145 2841 300 2908; x_wconf 79' lang='grc' dir='ltr'>φησὶν</span> <span class='ocrx_word' id='word_1_227' title='bbox 339 2843 370 2894; x_wconf 89' lang='lat'><strong>6</strong></span> <span class='ocrx_word' id='word_1_228' title='bbox 412 2841 686 2912; x_wconf 80' lang='grc' dir='ltr'>μακάριος</span> <span class='ocrx_word' id='word_1_229' title='bbox 726 2843 933 2914; x_wconf 80' lang='grc' dir='ltr'>Μωσῆς</span> <span class='ocrx_word' id='word_1_230' title='bbox 957 2858 970 2873; x_wconf 76' lang='grc'><strong>⁸</strong></span> <span class='ocrx_word' id='word_1_231' title='bbox 1008 2862 1026 2896; x_wconf 76' lang='grc' dir='ltr'><strong>ι</strong></span> <span class='ocrx_word' id='word_1_232' title='bbox 1066 2845 1177 2898; x_wconf 74' lang='grc' dir='ltr'><strong>Καὶ</strong></span> <span class='ocrx_word' id='word_1_233' title='bbox 1225 2845 1399 2899; x_wconf 81' lang='grc' dir='ltr'>ταῦτα</span> <span class='ocrx_word' id='word_1_234' title='bbox 1449 2847 1518 2902; x_wconf 83' lang='grc' dir='ltr'><strong>τὰ</strong></span> <span class='ocrx_word' id='word_1_235' title='bbox 1551 2865 1722 2921; x_wconf 87' lang='grc' dir='ltr'>προσ-</span> 
     </span>
    </p>
   </div>
   <div class='ocr_carea' id='block_1_32' title="bbox 144 2933 1718 3010">
    <p class='ocr_par' dir='ltr' id='par_1_32' title="bbox 144 2933 1718 3010">
     <span class='ocr_line' id='line_1_32' title="bbox 144 2933 1718 3010; baseline 0.006 -25"><span class='ocrx_word' id='word_1_236' title='bbox 144 2933 388 3002; x_wconf 77' lang='grc' dir='ltr'>τάγματα</span> <span class='ocrx_word' id='word_1_237' title='bbox 425 2933 523 2988; x_wconf 74' lang='grc' dir='ltr'>καὶ</span> <span class='ocrx_word' id='word_1_238' title='bbox 568 2933 638 2986; x_wconf 90' lang='grc' dir='ltr'><strong>τὰ</strong></span> <span class='ocrx_word' id='word_1_239' title='bbox 683 2934 946 3006; x_wconf 79' lang='grc' dir='ltr'>κρίματα,</span> <span class='ocrx_word' id='word_1_240' title='bbox 980 2934 1334 3006; x_wconf 76' lang='grc' dir='ltr'>ἂφυλὰξεσθε</span> <span class='ocrx_word' id='word_1_241' title='bbox 1375 2939 1468 2993; x_wconf 79' lang='grc' dir='ltr'>τοῦ</span> <span class='ocrx_word' id='word_1_242' title='bbox 1495 2941 1718 3010; x_wconf 84' lang='grc' dir='ltr'>ποιῆσαι</span> 
     </span>
    </p>
   </div>
   <div class='ocr_carea' id='block_1_33' title="bbox 143 3025 1718 3103">
    <p class='ocr_par' dir='ltr' id='par_1_33' title="bbox 143 3025 1718 3103">
     <span class='ocr_line' id='line_1_33' title="bbox 143 3025 1718 3103; baseline 0.006 -27"><span class='ocrx_word' id='word_1_243' title='bbox 143 3025 227 3076; x_wconf 63' lang='grc' dir='ltr'>ἐπὶ</span> <span class='ocrx_word' id='word_1_244' title='bbox 261 3027 361 3096; x_wconf 84' lang='grc' dir='ltr'>τῆς</span> <span class='ocrx_word' id='word_1_245' title='bbox 409 3030 545 3098; x_wconf 85' lang='grc' dir='ltr'>γῆς,</span> <span class='ocrx_word' id='word_1_246' title='bbox 595 3028 661 3099; x_wconf 79' lang='grc' dir='ltr'>ῆν</span> <span class='ocrx_word' id='word_1_247' title='bbox 688 3027 888 3100; x_wconf 85' lang='grc' dir='ltr'>Κύριος</span> <span class='ocrx_word' id='word_1_248' title='bbox 918 3032 951 3082; x_wconf 88' lang='lat'><strong>6</strong></span> <span class='ocrx_word' id='word_1_249' title='bbox 977 3029 1108 3093; x_wconf 74' lang='grc' dir='ltr'>Θεὸς</span> <span class='ocrx_word' id='word_1_250' title='bbox 1132 3029 1240 3085; x_wconf 90' lang='grc' dir='ltr'><strong>τῶν</strong></span> <span class='ocrx_word' id='word_1_251' title='bbox 1283 3031 1534 3103; x_wconf 86' lang='grc' dir='ltr'>πατέρων</span> <span class='ocrx_word' id='word_1_252' title='bbox 1564 3032 1718 3102; x_wconf 87' lang='grc' dir='ltr'>ὑμῶν</span> 
     </span>
    </p>
   </div>
   <div class='ocr_carea' id='block_1_34' title="bbox 141 3113 1718 3194">
    <p class='ocr_par' dir='ltr' id='par_1_34' title="bbox 141 3113 1718 3194">
     <span class='ocr_line' id='line_1_34' title="bbox 141 3113 1718 3194; baseline 0.006 -28"><span class='ocrx_word' id='word_1_253' title='bbox 141 3113 342 3170; x_wconf 82' lang='grc' dir='ltr'>δίδωσιν</span> <span class='ocrx_word' id='word_1_254' title='bbox 377 3119 515 3190; x_wconf 80' lang='grc' dir='ltr'>ὑμῖν</span> <span class='ocrx_word' id='word_1_255' title='bbox 545 3120 601 3171; x_wconf 87' lang='grc' dir='ltr'><strong>ἐν</strong></span> <span class='ocrx_word' id='word_1_256' title='bbox 631 3118 818 3191; x_wconf 87' lang='grc' dir='ltr'>κλήρῳ</span> <span class='ocrx_word' id='word_1_257' title='bbox 845 3119 1024 3184; x_wconf 86' lang='grc' dir='ltr'>πάσας</span> <span class='ocrx_word' id='word_1_258' title='bbox 1047 3123 1146 3185; x_wconf 89' lang='grc' dir='ltr'><strong>τάς</strong></span> <span class='ocrx_word' id='word_1_259' title='bbox 1173 3123 1406 3192; x_wconf 78' lang='grc' dir='ltr'>ἡμέρας,</span> <span class='ocrx_word' id='word_1_260' title='bbox 1452 3122 1518 3187; x_wconf 78' lang='grc' dir='ltr'>ἃς</span> <span class='ocrx_word' id='word_1_261' title='bbox 1561 3124 1718 3194; x_wconf 84' lang='grc' dir='ltr'>ὑμεῖς</span> 
     </span>
    </p>
   </div>
   <div class='ocr_carea' id='block_1_35' title="bbox 136 3205 1719 3283">
    <p class='ocr_par' dir='ltr' id='par_1_35' title="bbox 136 3205 1719 3283">
     <span class='ocr_line' id='line_1_35' title="bbox 136 3205 1719 3283; baseline 0.005 -23"><span class='ocrx_word' id='word_1_262' title='bbox 136 3205 259 3278; x_wconf 74' lang='grc' dir='ltr'>ζῆτε</span> <span class='ocrx_word' id='word_1_263' title='bbox 295 3211 389 3263; x_wconf 76' lang='grc' dir='ltr'>ἐπὶ</span> <span class='ocrx_word' id='word_1_264' title='bbox 428 3210 539 3280; x_wconf 82' lang='grc' dir='ltr'>τῆς</span> <span class='ocrx_word' id='word_1_265' title='bbox 574 3212 696 3282; x_wconf 78' lang='grc' dir='ltr'>γῆς.</span> <span class='ocrx_word' id='word_1_266' title='bbox 761 3212 1032 3283; x_wconf 78' lang='grc' dir='ltr'>Ἀπωλεία</span> <span class='ocrx_word' id='word_1_267' title='bbox 1059 3213 1310 3267; x_wconf 83' lang='grc' dir='ltr'>ἀπολεῖτε</span> <span class='ocrx_word' id='word_1_268' title='bbox 1341 3216 1546 3279; x_wconf 80' lang='grc' dir='ltr'>πάντας</span> <span class='ocrx_word' id='word_1_269' title='bbox 1591 3215 1719 3280; x_wconf 75' lang='grc' dir='ltr'>τοὺς</span> 
     </span>
    </p>
   </div>
   <div class='ocr_carea' id='block_1_36' title="bbox 139 3297 1718 3376">
    <p class='ocr_par' dir='ltr' id='par_1_36' title="bbox 139 3297 1718 3376">
     <span class='ocr_line' id='line_1_36' title="bbox 139 3297 1718 3376; baseline 0.006 -25"><span class='ocrx_word' id='word_1_270' title='bbox 139 3298 346 3366; x_wconf 78' lang='grc' dir='ltr'>τόπους,</span> <span class='ocrx_word' id='word_1_271' title='bbox 376 3304 436 3354; x_wconf 86' lang='grc' dir='ltr'><strong>ἐν</strong></span> <span class='ocrx_word' id='word_1_272' title='bbox 480 3297 568 3365; x_wconf 76' lang='grc' dir='ltr'><strong>οἷς</strong></span> <span class='ocrx_word' id='word_1_273' title='bbox 623 3303 959 3375; x_wconf 86' lang='grc' dir='ltr'>ἐλάτρευσαν</span> <span class='ocrx_word' id='word_1_274' title='bbox 1006 3305 1123 3357; x_wconf 87' lang='grc' dir='ltr'>ἐκεῖ</span> <span class='ocrx_word' id='word_1_275' title='bbox 1169 3304 1236 3358; x_wconf 87' lang='grc' dir='ltr'><strong>τά</strong></span> <span class='ocrx_word' id='word_1_276' title='bbox 1272 3304 1400 3376; x_wconf 76' lang='grc' dir='ltr'>ἔθνη</span> <span class='ocrx_word' id='word_1_277' title='bbox 1438 3309 1550 3370; x_wconf 84' lang='grc' dir='ltr'>τοῖς</span> <span class='ocrx_word' id='word_1_278' title='bbox 1577 3306 1718 3370; x_wconf 90' lang='grc' dir='ltr'>θεοῖς</span> 
     </span>
    </p>
   </div>
   <div class='ocr_carea' id='block_1_37' title="bbox 134 3390 1718 3470">
    <p class='ocr_par' dir='ltr' id='par_1_37' title="bbox 134 3390 1718 3470">
     <span class='ocr_line' id='line_1_37' title="bbox 134 3390 1718 3470; baseline 0.006 -28"><span class='ocrx_word' id='word_1_279' title='bbox 134 3390 329 3456; x_wconf 82' lang='grc' dir='ltr'>αὐτῶν,</span> <span class='ocrx_word' id='word_1_280' title='bbox 355 3391 454 3457; x_wconf 83' lang='grc' dir='ltr'><strong>οὓς</strong></span> <span class='ocrx_word' id='word_1_281' title='bbox 483 3394 648 3464; x_wconf 85' lang='grc' dir='ltr'>ὑμεῖς</span> <span class='ocrx_word' id='word_1_282' title='bbox 670 3394 769 3465; x_wconf 84' lang='grc' dir='ltr'><strong>κλη</strong></span> <span class='ocrx_word' id='word_1_283' title='bbox 779 3397 1052 3466; x_wconf 86' lang='grc' dir='ltr'>ρονομεῖτε</span> <span class='ocrx_word' id='word_1_284' title='bbox 1075 3395 1272 3460; x_wconf 77' lang='grc' dir='ltr'>αὐτοὺς</span> <span class='ocrx_word' id='word_1_285' title='bbox 1301 3397 1394 3450; x_wconf 77' lang='grc' dir='ltr'><strong>ἐπὶ</strong></span> <span class='ocrx_word' id='word_1_286' title='bbox 1417 3397 1525 3450; x_wconf 88' lang='grc' dir='ltr'><strong>τῶν</strong></span> <span class='ocrx_word' id='word_1_287' title='bbox 1548 3397 1718 3470; x_wconf 82' lang='grc' dir='ltr'>ὀρέων</span> 
     </span>
    </p>
   </div>
   <div class='ocr_carea' id='block_1_38' title="bbox 133 3480 1720 3560">
    <p class='ocr_par' dir='ltr' id='par_1_38' title="bbox 133 3480 1720 3560">
     <span class='ocr_line' id='line_1_38' title="bbox 133 3480 1720 3560; baseline 0.006 -27"><span class='ocrx_word' id='word_1_288' title='bbox 133 3480 237 3535; x_wconf 86' lang='grc' dir='ltr'><strong>τῶν</strong></span> <span class='ocrx_word' id='word_1_289' title='bbox 271 3482 522 3555; x_wconf 71' lang='grc' dir='ltr'>ὑψηλῶν,</span> <span class='ocrx_word' id='word_1_290' title='bbox 565 3485 662 3538; x_wconf 73' lang='grc' dir='ltr'>καὶ</span> <span class='ocrx_word' id='word_1_291' title='bbox 692 3486 784 3539; x_wconf 75' lang='grc' dir='ltr'><strong>ἐπὶ</strong></span> <span class='ocrx_word' id='word_1_292' title='bbox 816 3485 922 3540; x_wconf 92' lang='grc' dir='ltr'><strong>τῶν</strong></span> <span class='ocrx_word' id='word_1_293' title='bbox 949 3485 1130 3552; x_wconf 82' lang='grc' dir='ltr'>θινῶν,</span> <span class='ocrx_word' id='word_1_294' title='bbox 1167 3488 1260 3560; x_wconf 66' lang='grc' dir='ltr'><strong>καῖ</strong></span> <span class='ocrx_word' id='word_1_295' title='bbox 1292 3488 1552 3542; x_wconf 78' lang='grc' dir='ltr'>ὑποκάτω</span> <span class='ocrx_word' id='word_1_296' title='bbox 1604 3489 1720 3542; x_wconf 86' lang='grc' dir='ltr'>δέν-</span> 
     </span>
    </p>
   </div>
   <div class='ocr_carea' id='block_1_39' title="bbox 129 3569 1715 3649">
    <p class='ocr_par' dir='ltr' id='par_1_39' title="bbox 129 3569 1715 3649">
     <span class='ocr_line' id='line_1_39' title="bbox 129 3569 1715 3649; baseline 0.006 -26"><span class='ocrx_word' id='word_1_297' title='bbox 129 3569 251 3638; x_wconf 84' lang='grc' dir='ltr'>δρου</span> <span class='ocrx_word' id='word_1_298' title='bbox 278 3572 501 3637; x_wconf 86' lang='grc' dir='ltr'>δασέος.</span> <span class='ocrx_word' id='word_1_299' title='bbox 559 3575 670 3630; x_wconf 78' lang='grc' dir='ltr'><strong>Καὶ</strong></span> <span class='ocrx_word' id='word_1_300' title='bbox 702 3576 1083 3648; x_wconf 75' lang='grc' dir='ltr'>κατασκάψετε</span> <span class='ocrx_word' id='word_1_301' title='bbox 1113 3577 1240 3641; x_wconf 76' lang='grc' dir='ltr'>τοὺς</span> <span class='ocrx_word' id='word_1_302' title='bbox 1273 3577 1486 3649; x_wconf 74' lang='grc' dir='ltr'>βωμοὺς</span> <span class='ocrx_word' id='word_1_303' title='bbox 1518 3578 1715 3645; x_wconf 81' lang='grc' dir='ltr'>αὐτῶν,</span> 
     </span>
    </p>
   </div>
   <div class='ocr_carea' id='block_1_40' title="bbox 132 3661 1717 3742">
    <p class='ocr_par' dir='ltr' id='par_1_40' title="bbox 132 3661 1717 3742">
     <span class='ocr_line' id='line_1_40' title="bbox 132 3661 1717 3742; baseline 0.006 -28"><span class='ocrx_word' id='word_1_304' title='bbox 132 3661 220 3715; x_wconf 76' lang='grc' dir='ltr'><strong>καὶ</strong></span> <span class='ocrx_word' id='word_1_305' title='bbox 253 3667 593 3740; x_wconf 82' lang='grc' dir='ltr'>συντρίψετε</span> <span class='ocrx_word' id='word_1_306' title='bbox 625 3667 727 3732; x_wconf 89' lang='grc' dir='ltr'><strong>τὰς</strong></span> <span class='ocrx_word' id='word_1_307' title='bbox 765 3669 966 3740; x_wconf 81' lang='grc' dir='ltr'>στήλας</span> <span class='ocrx_word' id='word_1_308' title='bbox 999 3667 1201 3732; x_wconf 85' lang='grc' dir='ltr'>αὑτῶν,</span> <span class='ocrx_word' id='word_1_309' title='bbox 1235 3668 1330 3742; x_wconf 82' lang='grc' dir='ltr'>καὶ</span> <span class='ocrx_word' id='word_1_310' title='bbox 1355 3669 1422 3722; x_wconf 84' lang='grc' dir='ltr'>τὰ</span> <span class='ocrx_word' id='word_1_311' title='bbox 1453 3668 1590 3742; x_wconf 75' lang='grc' dir='ltr'>ἄλση</span> <span class='ocrx_word' id='word_1_312' title='bbox 1616 3670 1717 3724; x_wconf 84' lang='grc' dir='ltr'>αὑ-</span> 
     </span>
    </p>
   </div>
   <div class='ocr_carea' id='block_1_41' title="bbox 128 3753 1715 3830">
    <p class='ocr_par' dir='ltr' id='par_1_41' title="bbox 128 3753 1715 3830">
     <span class='ocr_line' id='line_1_41' title="bbox 128 3753 1715 3830; baseline 0.004 -23"><span class='ocrx_word' id='word_1_313' title='bbox 128 3753 230 3807; x_wconf 83' lang='grc' dir='ltr'><strong>τῶν</strong></span> <span class='ocrx_word' id='word_1_314' title='bbox 271 3758 574 3830; x_wconf 79' lang='grc' dir='ltr'>ἐκκόψετε,</span> <span class='ocrx_word' id='word_1_315' title='bbox 620 3761 715 3814; x_wconf 74' lang='grc' dir='ltr'><strong>καὶ</strong></span> <span class='ocrx_word' id='word_1_316' title='bbox 744 3763 812 3814; x_wconf 84' lang='grc' dir='ltr'><strong>τὰ</strong></span> <span class='ocrx_word' id='word_1_317' title='bbox 840 3759 1054 3829; x_wconf 85' lang='grc' dir='ltr'>γλυπτὰ</span> <span class='ocrx_word' id='word_1_318' title='bbox 1085 3761 1194 3814; x_wconf 87' lang='grc' dir='ltr'><strong>τῶν</strong></span> <span class='ocrx_word' id='word_1_319' title='bbox 1229 3758 1368 3814; x_wconf 90' lang='grc' dir='ltr'>θεῶν</span> <span class='ocrx_word' id='word_1_320' title='bbox 1396 3760 1576 3816; x_wconf 86' lang='grc' dir='ltr'>αὑτῶν</span> <span class='ocrx_word' id='word_1_321' title='bbox 1612 3778 1715 3815; x_wconf 86' lang='grc' dir='ltr'>κα-</span> 
     </span>
    </p>
   </div>
   <div class='ocr_carea' id='block_1_42' title="bbox 130 3846 1715 3924">
    <p class='ocr_par' dir='ltr' id='par_1_42' title="bbox 130 3846 1715 3924">
     <span class='ocr_line' id='line_1_42' title="bbox 130 3846 1715 3924; baseline 0.008 -29"><span class='ocrx_word' id='word_1_322' title='bbox 130 3846 431 3903; x_wconf 86' lang='grc' dir='ltr'>τακαύσετε</span> <span class='ocrx_word' id='word_1_323' title='bbox 459 3851 624 3922; x_wconf 77' lang='grc' dir='ltr'>πυρὶ,</span> <span class='ocrx_word' id='word_1_324' title='bbox 654 3852 747 3905; x_wconf 73' lang='grc' dir='ltr'><strong>καὶ</strong></span> <span class='ocrx_word' id='word_1_325' title='bbox 773 3852 1025 3906; x_wconf 88' lang='grc' dir='ltr'>ἀπολεῖτε</span> <span class='ocrx_word' id='word_1_326' title='bbox 1047 3852 1108 3906; x_wconf 81' lang='grc' dir='ltr'>τὸ</span> <span class='ocrx_word' id='word_1_327' title='bbox 1127 3853 1298 3924; x_wconf 75' lang='grc' dir='ltr'>ὄνομα</span> <span class='ocrx_word' id='word_1_328' title='bbox 1319 3852 1498 3906; x_wconf 80' lang='grc' dir='ltr'>αὐτῶν</span> <span class='ocrx_word' id='word_1_329' title='bbox 1531 3853 1596 3906; x_wconf 86' lang='grc' dir='ltr'><strong>ἐκ</strong></span> <span class='ocrx_word' id='word_1_330' title='bbox 1621 3853 1715 3907; x_wconf 79' lang='grc' dir='ltr'>τοῦ</span> 
     </span>
    </p>
   </div>
   <div class='ocr_carea' id='block_1_43' title="bbox 128 3936 1712 4014">
    <p class='ocr_par' dir='ltr' id='par_1_43' title="bbox 128 3936 1712 4014">
     <span class='ocr_line' id='line_1_43' title="bbox 128 3936 1712 4014; baseline 0.008 -28"><span class='ocrx_word' id='word_1_331' title='bbox 128 3936 284 3992; x_wconf 81' lang='grc' dir='ltr'>τόπου</span> <span class='ocrx_word' id='word_1_332' title='bbox 319 3941 569 3996; x_wconf 77' lang='grc' dir='ltr'>ἐκείνου.</span> <span class='ocrx_word' id='word_1_333' title='bbox 601 3961 621 3994; x_wconf 68' lang='grc' dir='ltr'><strong>ο</strong></span> <span class='ocrx_word' id='word_1_334' title='bbox 650 3943 714 3997; x_wconf 81' lang='grc' dir='ltr'><strong>Οἱ</strong></span> <span class='ocrx_word' id='word_1_335' title='bbox 736 3943 833 4014; x_wconf 82' lang='grc' dir='ltr'><strong>μὲν</strong></span> <span class='ocrx_word' id='word_1_336' title='bbox 877 3942 1144 4014; x_wconf 83' lang='grc' dir='ltr'>Ἐλλήνων</span> <span class='ocrx_word' id='word_1_337' title='bbox 1175 3944 1329 4014; x_wconf 76' lang='grc' dir='ltr'>σοφοὶ</span> <span class='ocrx_word' id='word_1_338' title='bbox 1353 3945 1447 3998; x_wconf 78' lang='grc' dir='ltr'><strong>καὶ</strong></span> <span class='ocrx_word' id='word_1_339' title='bbox 1470 3944 1712 4014; x_wconf 81' lang='grc' dir='ltr'>λογάδες,</span> 
     </span>
    </p>
   </div>
   <div class='ocr_carea' id='block_1_44' title="bbox 129 4032 1715 4108">
    <p class='ocr_par' dir='ltr' id='par_1_44' title="bbox 129 4032 1715 4108">
     <span class='ocr_line' id='line_1_44' title="bbox 129 4032 1715 4108; baseline 0.008 -29"><span class='ocrx_word' id='word_1_340' title='bbox 129 4032 340 4101; x_wconf 78' lang='grc' dir='ltr'>ποιηταὶ</span> <span class='ocrx_word' id='word_1_341' title='bbox 383 4033 446 4087; x_wconf 84' lang='grc' dir='ltr'><strong>δέ</strong></span> <span class='ocrx_word' id='word_1_342' title='bbox 489 4033 756 4106; x_wconf 85' lang='grc' dir='ltr'>μάλιστα,</span> <span class='ocrx_word' id='word_1_343' title='bbox 783 4035 1036 4108; x_wconf 85' lang='grc' dir='ltr'>ὀρειάδας</span> <span class='ocrx_word' id='word_1_344' title='bbox 1061 4034 1212 4100; x_wconf 78' lang='grc' dir='ltr'>τινὰς</span> <span class='ocrx_word' id='word_1_345' title='bbox 1244 4036 1337 4090; x_wconf 58' lang='grc' dir='ltr'><strong>καὶ⁸</strong></span> <span class='ocrx_word' id='word_1_346' title='bbox 1364 4035 1715 4108; x_wconf 81' lang='grc' dir='ltr'>ἁμαδρυάδας</span> 
     </span>
    </p>
   </div>
   <div class='ocr_carea' id='block_1_45' title="bbox 125 4119 1716 4200">
    <p class='ocr_par' dir='ltr' id='par_1_45' title="bbox 125 4119 1716 4200">
     <span class='ocr_line' id='line_1_45' title="bbox 125 4119 1716 4200; baseline 0.006 -26"><span class='ocrx_word' id='word_1_347' title='bbox 125 4119 448 4193; x_wconf 77' lang='grc' dir='ltr'>ὀνομάζουσι</span> <span class='ocrx_word' id='word_1_348' title='bbox 488 4127 739 4199; x_wconf 82' lang='grc' dir='ltr'>νύμφας,</span> <span class='ocrx_word' id='word_1_349' title='bbox 789 4129 910 4200; x_wconf 73' lang='grc' dir='ltr'>ἦτοι</span> <span class='ocrx_word' id='word_1_350' title='bbox 957 4127 1236 4199; x_wconf 85' lang='grc' dir='ltr'>δαίμονας.</span> <span class='ocrx_word' id='word_1_351' title='bbox 1289 4128 1411 4182; x_wconf 66' lang='lat' dir='ltr'><strong>Eia!</strong></span> <span class='ocrx_word' id='word_1_352' title='bbox 1435 4129 1492 4183; x_wconf 82' lang='grc' dir='ltr'><strong>δέ</strong></span> <span class='ocrx_word' id='word_1_353' title='bbox 1539 4129 1588 4182; x_wconf 80' lang='grc' dir='ltr'>οἳ</span> <span class='ocrx_word' id='word_1_354' title='bbox 1621 4130 1716 4184; x_wconf 74' lang='grc' dir='ltr'><strong>καὶ</strong></span> 
     </span>
    </p>
   </div>
   <div class='ocr_carea' id='block_1_46' title="bbox 124 4215 1713 4292">
    <p class='ocr_par' dir='ltr' id='par_1_46' title="bbox 124 4215 1713 4292">
     <span class='ocr_line' id='line_1_46' title="bbox 124 4215 1713 4292; baseline 0.001 -22"><span class='ocrx_word' id='word_1_355' title='bbox 124 4215 228 4277; x_wconf 62' lang='lat'><strong>70?;</strong></span> <span class='ocrx_word' id='word_1_356' title='bbox 277 4218 426 4271; x_wconf 89' lang='grc' dir='ltr'><strong>κατὰ</strong></span> <span class='ocrx_word' id='word_1_357' title='bbox 478 4219 654 4272; x_wconf 89' lang='grc' dir='ltr'>τόπον</span> <span class='ocrx_word' id='word_1_358' title='bbox 711 4218 970 4290; x_wconf 79' lang='grc' dir='ltr'>ὑψώμασι</span> <span class='ocrx_word' id='word_1_359' title='bbox 1004 4221 1132 4282; x_wconf 79' lang='grc' dir='ltr'>τοὺς</span> <span class='ocrx_word' id='word_1_360' title='bbox 1163 4217 1314 4290; x_wconf 88' lang='grc' dir='ltr'><strong>παρὰ</strong></span> <span class='ocrx_word' id='word_1_361' title='bbox 1364 4219 1516 4288; x_wconf 83' lang='grc' dir='ltr'>σφίσι</span> <span class='ocrx_word' id='word_1_362' title='bbox 1547 4221 1713 4292; x_wconf 83' lang='grc' dir='ltr'>τιμᾷν</span> 
     </span>
    </p>
   </div>
   <div class='ocr_carea' id='block_1_47' title="bbox 122 4302 1712 4379">
    <p class='ocr_par' dir='ltr' id='par_1_47' title="bbox 122 4302 1712 4379">
     <span class='ocr_line' id='line_1_47' title="bbox 122 4302 1712 4379; baseline 0.003 -20"><span class='ocrx_word' id='word_1_363' title='bbox 122 4302 382 4374; x_wconf 71' lang='grc' dir='ltr'>ᾑρημένοι</span> <span class='ocrx_word' id='word_1_364' title='bbox 411 4308 608 4372; x_wconf 81' lang='grc' dir='ltr'>θεοὺς,</span> <span class='ocrx_word' id='word_1_365' title='bbox 639 4307 855 4379; x_wconf 83' lang='grc' dir='ltr'>βωμοὺς</span> <span class='ocrx_word' id='word_1_366' title='bbox 881 4309 1124 4372; x_wconf 82' lang='grc' dir='ltr'>ἱστάντες</span> <span class='ocrx_word' id='word_1_367' title='bbox 1151 4305 1209 4362; x_wconf 87' lang='grc' dir='ltr'><strong>ἐν</strong></span> <span class='ocrx_word' id='word_1_368' title='bbox 1229 4308 1400 4379; x_wconf 76' lang='grc' dir='ltr'>δρεσι,</span> <span class='ocrx_word' id='word_1_369' title='bbox 1437 4307 1712 4378; x_wconf 85' lang='grc' dir='ltr'>βουθυτεῖν</span> 
     </span>
    </p>
   </div>
   <div class='ocr_carea' id='block_1_48' title="bbox 1837 465 3418 548">
    <p class='ocr_par' dir='ltr' id='par_1_48' title="bbox 1837 465 3418 548">
     <span class='ocr_line' id='line_1_48' title="bbox 1837 465 3418 548; baseline 0.008 -30"><span class='ocrx_word' id='word_1_370' title='bbox 1837 465 1922 519; x_wconf 90' lang='lat' dir='ltr'><strong>lus</strong></span> <span class='ocrx_word' id='word_1_371' title='bbox 1953 465 2090 521; x_wconf 77' lang='lat' dir='ltr'><strong>dixit</strong></span> <span class='ocrx_word' id='word_1_372' title='bbox 2115 485 2128 520; x_wconf 90' lang='lat'><strong>:</strong></span> <span class='ocrx_word' id='word_1_373' title='bbox 2170 485 2189 519; x_wconf 77' lang='grc' dir='ltr'><strong>ι</strong></span> <span class='ocrx_word' id='word_1_374' title='bbox 2229 467 2333 534; x_wconf 87' lang='lat' dir='ltr'><strong>Qui</strong></span> <span class='ocrx_word' id='word_1_375' title='bbox 2355 468 2650 525; x_wconf 86' lang='lat' dir='ltr'><strong>manducat</strong></span> <span class='ocrx_word' id='word_1_376' title='bbox 2671 479 2728 526; x_wconf 90' lang='lat' dir='ltr'><strong>et</strong></span> <span class='ocrx_word' id='word_1_377' title='bbox 2748 472 2889 528; x_wconf 90' lang='lat' dir='ltr'><strong>bibit</strong></span> <span class='ocrx_word' id='word_1_378' title='bbox 2912 465 3115 531; x_wconf 86' lang='lat' dir='ltr'><strong>Christi</strong></span> <span class='ocrx_word' id='word_1_379' title='bbox 3139 492 3341 548; x_wconf 90' lang='lat' dir='ltr'><strong>corpus</strong></span> <span class='ocrx_word' id='word_1_380' title='bbox 3362 487 3418 531; x_wconf 88' lang='lat' dir='ltr'><strong>et</strong></span> 
     </span>
    </p>
   </div>
   <div class='ocr_carea' id='block_1_49' title="bbox 1835 553 3412 630">
    <p class='ocr_par' dir='ltr' id='par_1_49' title="bbox 1835 553 3412 630">
     <span class='ocr_line' id='line_1_49' title="bbox 1835 553 3412 630; baseline 0.01 -24"><span class='ocrx_word' id='word_1_381' title='bbox 1835 553 2156 623; x_wconf 86' lang='lat' dir='ltr'><strong>sanguinem</strong></span> <span class='ocrx_word' id='word_1_382' title='bbox 2176 556 2424 628; x_wconf 83' lang='lat' dir='ltr'><strong>indigne,</strong></span> <span class='ocrx_word' id='word_1_383' title='bbox 2441 557 2714 628; x_wconf 84' lang='lat' dir='ltr'><strong>judicium</strong></span> <span class='ocrx_word' id='word_1_384' title='bbox 2737 560 2841 615; x_wconf 89' lang='lat' dir='ltr'><strong>sibi</strong></span> <span class='ocrx_word' id='word_1_385' title='bbox 2863 563 3157 619; x_wconf 90' lang='lat' dir='ltr'><strong>manducat</strong></span> <span class='ocrx_word' id='word_1_386' title='bbox 3176 575 3232 620; x_wconf 91' lang='lat' dir='ltr'><strong>et</strong></span> <span class='ocrx_word' id='word_1_387' title='bbox 3249 566 3412 630; x_wconf 88' lang='lat' dir='ltr'><strong>bibit,</strong></span> 
     </span>
    </p>
   </div>
   <div class='ocr_carea' id='block_1_50' title="bbox 1837 644 3414 719">
    <p class='ocr_par' dir='ltr' id='par_1_50' title="bbox 1837 644 3414 719">
     <span class='ocr_line' id='line_1_50' title="bbox 1837 644 3414 719; baseline 0.006 -22"><span class='ocrx_word' id='word_1_388' title='bbox 1837 659 1943 697; x_wconf 88' lang='lat' dir='ltr'><strong>non</strong></span> <span class='ocrx_word' id='word_1_389' title='bbox 1967 644 2505 716; x_wconf 83' lang='lat' dir='ltr'><strong>dijudicanscorpus.</strong></span> <span class='ocrx_word' id='word_1_390' title='bbox 2525 646 2726 703; x_wconf 80' lang='lat' dir='ltr'><strong>Probet</strong></span> <span class='ocrx_word' id='word_1_391' title='bbox 2737 657 2972 714; x_wconf 67' lang='lat' dir='ltr'><strong>autem,»</strong></span> <span class='ocrx_word' id='word_1_392' title='bbox 2995 650 3224 719; x_wconf 70' lang='lat' dir='ltr'><strong>inquit,c</strong></span> <span class='ocrx_word' id='word_1_393' title='bbox 3247 653 3414 707; x_wconf 91' lang='lat' dir='ltr'><strong>homo</strong></span> 
     </span>
    </p>
   </div>
   <div class='ocr_carea' id='block_1_51' title="bbox 1833 736 3413 809">
    <p class='ocr_par' dir='ltr' id='par_1_51' title="bbox 1833 736 3413 809">
     <span class='ocr_line' id='line_1_51' title="bbox 1833 736 3413 809; baseline 0.006 -20"><span class='ocrx_word' id='word_1_394' title='bbox 1833 751 1891 790; x_wconf 87' lang='lat' dir='ltr'><strong>se</strong></span> <span class='ocrx_word' id='word_1_395' title='bbox 1916 736 2125 804; x_wconf 83' lang='lat' dir='ltr'><strong>ipsum;</strong></span> <span class='ocrx_word' id='word_1_396' title='bbox 2154 746 2209 792; x_wconf 89' lang='lat' dir='ltr'><strong>et</strong></span> <span class='ocrx_word' id='word_1_397' title='bbox 2228 747 2365 794; x_wconf 83' lang='lat' dir='ltr'><strong>tunc</strong></span> <span class='ocrx_word' id='word_1_398' title='bbox 2387 739 2455 795; x_wconf 87' lang='lat' dir='ltr'><strong>de</strong></span> <span class='ocrx_word' id='word_1_399' title='bbox 2484 754 2624 809; x_wconf 85' lang='lat' dir='ltr'><strong>pane</strong></span> <span class='ocrx_word' id='word_1_400' title='bbox 2654 740 2748 794; x_wconf 90' lang='lat' dir='ltr'><strong>illo</strong></span> <span class='ocrx_word' id='word_1_401' title='bbox 2770 740 2915 805; x_wconf 86' lang='lat' dir='ltr'><strong>edat,</strong></span> <span class='ocrx_word' id='word_1_402' title='bbox 2945 749 3002 796; x_wconf 90' lang='lat' dir='ltr'><strong>et</strong></span> <span class='ocrx_word' id='word_1_403' title='bbox 3026 740 3094 796; x_wconf 91' lang='lat' dir='ltr'><strong>de</strong></span> <span class='ocrx_word' id='word_1_404' title='bbox 3124 743 3294 798; x_wconf 85' lang='lat' dir='ltr'><strong>calice</strong></span> <span class='ocrx_word' id='word_1_405' title='bbox 3323 744 3413 798; x_wconf 90' lang='lat' dir='ltr'><strong>bi-</strong></span> 
     </span>
    </p>
   </div>
   <div class='ocr_carea' id='block_1_52' title="bbox 1832 826 3413 905">
    <p class='ocr_par' dir='ltr' id='par_1_52' title="bbox 1832 826 3413 905">
     <span class='ocr_line' id='line_1_52' title="bbox 1832 826 3413 905; baseline 0.006 -25"><span class='ocrx_word' id='word_1_406' title='bbox 1832 826 1924 881; x_wconf 93' lang='lat' dir='ltr'><strong>bat</strong></span> <span class='ocrx_word' id='word_1_407' title='bbox 1962 829 2025 881; x_wconf 67' lang='lat'><strong>‘9.</strong></span> <span class='ocrx_word' id='word_1_408' title='bbox 2063 847 2081 879; x_wconf 74' lang='grc' dir='ltr'><strong>ι</strong></span> <span class='ocrx_word' id='word_1_409' title='bbox 2111 828 2184 884; x_wconf 89' lang='lat' dir='ltr'><strong>Iis</strong></span> <span class='ocrx_word' id='word_1_410' title='bbox 2206 829 2381 899; x_wconf 82' lang='lat' dir='ltr'><strong>igitur</strong></span> <span class='ocrx_word' id='word_1_411' title='bbox 2416 831 2510 900; x_wconf 87' lang='lat' dir='ltr'><strong>qui</strong></span> <span class='ocrx_word' id='word_1_412' title='bbox 2532 845 2662 885; x_wconf 89' lang='lat' dir='ltr'><strong>vere</strong></span> <span class='ocrx_word' id='word_1_413' title='bbox 2696 831 2793 886; x_wconf 88' lang='lat' dir='ltr'><strong>Dei</strong></span> <span class='ocrx_word' id='word_1_414' title='bbox 2831 841 2958 886; x_wconf 90' lang='lat' dir='ltr'><strong>sunt</strong></span> <span class='ocrx_word' id='word_1_415' title='bbox 2987 840 3284 901; x_wconf 84' lang='lat' dir='ltr'><strong>amatores,</strong></span> <span class='ocrx_word' id='word_1_416' title='bbox 3311 851 3413 905; x_wconf 90' lang='lat' dir='ltr'><strong>pro</strong></span> 
     </span>
    </p>
   </div>
   <div class='ocr_carea' id='block_1_53' title="bbox 1833 917 3411 998">
    <p class='ocr_par' dir='ltr' id='par_1_53' title="bbox 1833 917 3411 998">
     <span class='ocr_line' id='line_1_53' title="bbox 1833 917 3411 998; baseline 0.006 -27"><span class='ocrx_word' id='word_1_417' title='bbox 1833 917 2234 985; x_wconf 86' lang='lat' dir='ltr'><strong>benedictione,</strong></span> <span class='ocrx_word' id='word_1_418' title='bbox 2266 920 2464 990; x_wconf 85' lang='lat' dir='ltr'><strong>inquit,</strong></span> <span class='ocrx_word' id='word_1_419' title='bbox 2495 922 2655 992; x_wconf 76' lang='lat'><strong>1&#39;78</strong></span> <span class='ocrx_word' id='word_1_420' title='bbox 2681 923 2787 977; x_wconf 87' lang='lat' dir='ltr'><strong>erit</strong></span> <span class='ocrx_word' id='word_1_421' title='bbox 2815 924 2907 978; x_wconf 90' lang='lat' dir='ltr'><strong>illa</strong></span> <span class='ocrx_word' id='word_1_422' title='bbox 2932 932 3247 979; x_wconf 90' lang='lat' dir='ltr'><strong>sanctorum</strong></span> <span class='ocrx_word' id='word_1_423' title='bbox 3291 937 3411 998; x_wconf 83' lang='lat' dir='ltr'><strong>my-</strong></span> 
     </span>
    </p>
   </div>
   <div class='ocr_carea' id='block_1_54' title="bbox 1831 1011 3410 1079">
    <p class='ocr_par' dir='ltr' id='par_1_54' title="bbox 1831 1011 3410 1079">
     <span class='ocr_line' id='line_1_54' title="bbox 1831 1011 3410 1079; baseline 0.005 -15"><span class='ocrx_word' id='word_1_424' title='bbox 1831 1011 2124 1064; x_wconf 90' lang='lat' dir='ltr'><strong>steriorum</strong></span> <span class='ocrx_word' id='word_1_425' title='bbox 2157 1011 2607 1079; x_wconf 84' lang='lat' dir='ltr'><strong>communicatio;</strong></span> <span class='ocrx_word' id='word_1_426' title='bbox 2639 1021 2696 1068; x_wconf 91' lang='lat' dir='ltr'><strong>et</strong></span> <span class='ocrx_word' id='word_1_427' title='bbox 2725 1015 2804 1069; x_wconf 85' lang='lat' dir='ltr'><strong>ab</strong></span> <span class='ocrx_word' id='word_1_428' title='bbox 2848 1015 3164 1071; x_wconf 86' lang='lat' dir='ltr'><strong>inﬁrmitate</strong></span> <span class='ocrx_word' id='word_1_429' title='bbox 3206 1017 3410 1072; x_wconf 87' lang='lat' dir='ltr'><strong>libera-</strong></span> 
     </span>
    </p>
   </div>
   <div class='ocr_carea' id='block_1_55' title="bbox 1832 1102 3411 1180">
    <p class='ocr_par' dir='ltr' id='par_1_55' title="bbox 1832 1102 3411 1180">
     <span class='ocr_line' id='line_1_55' title="bbox 1832 1102 3411 1180; baseline 0.006 -24"><span class='ocrx_word' id='word_1_430' title='bbox 1832 1102 2058 1167; x_wconf 88' lang='lat' dir='ltr'><strong>buntur,</strong></span> <span class='ocrx_word' id='word_1_431' title='bbox 2093 1102 2148 1156; x_wconf 93' lang='lat' dir='ltr'><strong>id</strong></span> <span class='ocrx_word' id='word_1_432' title='bbox 2173 1111 2277 1166; x_wconf 89' lang='lat' dir='ltr'><strong>est,</strong></span> <span class='ocrx_word' id='word_1_433' title='bbox 2311 1118 2381 1158; x_wconf 90' lang='lat' dir='ltr'><strong>ne</strong></span> <span class='ocrx_word' id='word_1_434' title='bbox 2410 1103 2581 1158; x_wconf 86' lang='lat' dir='ltr'><strong>libere</strong></span> <span class='ocrx_word' id='word_1_435' title='bbox 2605 1106 2655 1159; x_wconf 91' lang='lat' dir='ltr'><strong>ei</strong></span> <span class='ocrx_word' id='word_1_436' title='bbox 2680 1107 2873 1160; x_wconf 88' lang='lat' dir='ltr'><strong>morbo</strong></span> <span class='ocrx_word' id='word_1_437' title='bbox 2906 1108 3286 1174; x_wconf 87' lang='lat' dir='ltr'><strong>succumbant,</strong></span> <span class='ocrx_word' id='word_1_438' title='bbox 3314 1110 3411 1180; x_wconf 87' lang='lat' dir='ltr'><strong>qui</strong></span> 
     </span>
    </p>
   </div>
   <div class='ocr_carea' id='block_1_56' title="bbox 1830 1194 3412 1269">
    <p class='ocr_par' dir='ltr' id='par_1_56' title="bbox 1830 1194 3412 1269">
     <span class='ocr_line' id='line_1_56' title="bbox 1830 1194 3412 1269; baseline 0.006 -21"><span class='ocrx_word' id='word_1_439' title='bbox 1830 1195 1999 1260; x_wconf 63' lang='lat' dir='ltr'><strong>laedit,</strong></span> <span class='ocrx_word' id='word_1_440' title='bbox 2025 1203 2080 1248; x_wconf 88' lang='lat' dir='ltr'><strong>et</strong></span> <span class='ocrx_word' id='word_1_441' title='bbox 2101 1194 2170 1249; x_wconf 88' lang='lat' dir='ltr'><strong>ad</strong></span> <span class='ocrx_word' id='word_1_442' title='bbox 2194 1195 2465 1266; x_wconf 81' lang='lat' dir='ltr'><strong>ignaviam</strong></span> <span class='ocrx_word' id='word_1_443' title='bbox 2490 1197 2744 1263; x_wconf 87' lang='lat' dir='ltr'><strong>abducit;</strong></span> <span class='ocrx_word' id='word_1_444' title='bbox 2780 1215 2957 1269; x_wconf 88' lang='lat' dir='ltr'><strong>neque</strong></span> <span class='ocrx_word' id='word_1_445' title='bbox 2982 1200 3296 1266; x_wconf 83' lang='lat' dir='ltr'><strong>infecunda,</strong></span> <span class='ocrx_word' id='word_1_446' title='bbox 3325 1202 3412 1257; x_wconf 91' lang='lat' dir='ltr'><strong>in-</strong></span> 
     </span>
    </p>
   </div>
   <div class='ocr_carea' id='block_1_57' title="bbox 1830 1284 3410 1363">
    <p class='ocr_par' dir='ltr' id='par_1_57' title="bbox 1830 1284 3410 1363">
     <span class='ocr_line' id='line_1_57' title="bbox 1830 1284 3410 1363; baseline 0.006 -26"><span class='ocrx_word' id='word_1_447' title='bbox 1830 1285 1968 1354; x_wconf 90' lang='lat' dir='ltr'><strong>quit,</strong></span> <span class='ocrx_word' id='word_1_448' title='bbox 1987 1285 2094 1338; x_wconf 90' lang='lat' dir='ltr'><strong>erit</strong></span> <span class='ocrx_word' id='word_1_449' title='bbox 2118 1284 2172 1338; x_wconf 90' lang='lat' dir='ltr'><strong>in</strong></span> <span class='ocrx_word' id='word_1_450' title='bbox 2199 1286 2324 1350; x_wconf 85' lang='lat' dir='ltr'><strong>illis,</strong></span> <span class='ocrx_word' id='word_1_451' title='bbox 2345 1301 2522 1356; x_wconf 88' lang='lat' dir='ltr'><strong>neque</strong></span> <span class='ocrx_word' id='word_1_452' title='bbox 2539 1287 2772 1342; x_wconf 86' lang='lat' dir='ltr'><strong>sterilis:</strong></span> <span class='ocrx_word' id='word_1_453' title='bbox 2792 1288 3182 1346; x_wconf 85' lang='lat' dir='ltr'><strong>fecundissima</strong></span> <span class='ocrx_word' id='word_1_454' title='bbox 3205 1294 3410 1363; x_wconf 88' lang='lat' dir='ltr'><strong>quippe</strong></span> 
     </span>
    </p>
   </div>
   <div class='ocr_carea' id='block_1_58' title="bbox 1829 1376 3410 1446">
    <p class='ocr_par' dir='ltr' id='par_1_58' title="bbox 1829 1376 3410 1446">
     <span class='ocr_line' id='line_1_58' title="bbox 1829 1376 3410 1446; baseline 0.008 -18"><span class='ocrx_word' id='word_1_455' title='bbox 1829 1385 1913 1429; x_wconf 90' lang='lat' dir='ltr'><strong>est</strong></span> <span class='ocrx_word' id='word_1_456' title='bbox 1942 1376 2119 1429; x_wconf 89' lang='lat' dir='ltr'><strong>omnis</strong></span> <span class='ocrx_word' id='word_1_457' title='bbox 2143 1376 2236 1430; x_wconf 89' lang='lat' dir='ltr'><strong>Dei</strong></span> <span class='ocrx_word' id='word_1_458' title='bbox 2267 1391 2456 1432; x_wconf 89' lang='lat' dir='ltr'><strong>amans</strong></span> <span class='ocrx_word' id='word_1_459' title='bbox 2484 1385 2539 1431; x_wconf 87' lang='lat' dir='ltr'><strong>et</strong></span> <span class='ocrx_word' id='word_1_460' title='bbox 2579 1387 2765 1434; x_wconf 90' lang='lat' dir='ltr'><strong>sancta</strong></span> <span class='ocrx_word' id='word_1_461' title='bbox 2805 1382 3006 1446; x_wconf 88' lang='lat' dir='ltr'><strong>anima,</strong></span> <span class='ocrx_word' id='word_1_462' title='bbox 3048 1391 3104 1438; x_wconf 89' lang='lat' dir='ltr'><strong>et</strong></span> <span class='ocrx_word' id='word_1_463' title='bbox 3137 1383 3410 1441; x_wconf 85' lang='lat' dir='ltr'><strong>fructibus</strong></span> 
     </span>
    </p>
   </div>
   <div class='ocr_carea' id='block_1_59' title="bbox 1829 1467 3087 1539">
    <p class='ocr_par' dir='ltr' id='par_1_59' title="bbox 1829 1467 3087 1539">
     <span class='ocr_line' id='line_1_59' title="bbox 1829 1467 3087 1539; baseline 0.006 -18"><span class='ocrx_word' id='word_1_464' title='bbox 1829 1467 2052 1533; x_wconf 87' lang='lat' dir='ltr'><strong>sanctis,</strong></span> <span class='ocrx_word' id='word_1_465' title='bbox 2079 1468 2271 1539; x_wconf 83' lang='lat' dir='ltr'><strong>gloria,</strong></span> <span class='ocrx_word' id='word_1_466' title='bbox 2305 1468 2549 1538; x_wconf 85' lang='lat' dir='ltr'><strong>inquam,</strong></span> <span class='ocrx_word' id='word_1_467' title='bbox 2583 1470 2849 1526; x_wconf 88' lang='lat' dir='ltr'><strong>virtutum</strong></span> <span class='ocrx_word' id='word_1_468' title='bbox 2874 1481 3087 1528; x_wconf 85' lang='lat' dir='ltr'><strong>ornata.</strong></span> 
     </span>
    </p>
   </div>
   <div class='ocr_carea' id='block_1_60' title="bbox 1901 1645 2617 1706">
    <p class='ocr_par' dir='ltr' id='par_1_60' title="bbox 1901 1645 2617 1706">
     <span class='ocr_line' id='line_1_60' title="bbox 1901 1645 2617 1706; baseline 0.008 -6"><span class='ocrx_word' id='word_1_469' title='bbox 1901 1645 2095 1700; x_wconf 78' lang='lat' dir='ltr'><strong>PALL.</strong></span> <span class='ocrx_word' id='word_1_470' title='bbox 2124 1647 2214 1703; x_wconf 89' lang='lat' dir='ltr'><strong>Sic</strong></span> <span class='ocrx_word' id='word_1_471' title='bbox 2239 1663 2296 1704; x_wconf 90' lang='lat' dir='ltr'><strong>se</strong></span> <span class='ocrx_word' id='word_1_472' title='bbox 2319 1665 2409 1705; x_wconf 92' lang='lat' dir='ltr'><strong>res</strong></span> <span class='ocrx_word' id='word_1_473' title='bbox 2430 1648 2617 1706; x_wconf 89' lang='lat' dir='ltr'><strong>habet.</strong></span> 
     </span>
    </p>
   </div>
   <div class='ocr_carea' id='block_1_61' title="bbox 1757 1729 3406 1804">
    <p class='ocr_par' dir='ltr' id='par_1_61' title="bbox 1757 1729 3406 1804">
     <span class='ocr_line' id='line_1_61' title="bbox 1757 1729 3406 1804; baseline 0.009 -17"><span class='ocrx_word' id='word_1_474' title='bbox 1757 1729 1798 1785; x_wconf 86' lang='grc' dir='ltr'><strong>Β</strong></span> <span class='ocrx_word' id='word_1_475' title='bbox 1899 1735 2056 1791; x_wconf 80' lang='lat' dir='ltr'><strong>CYR.</strong></span> <span class='ocrx_word' id='word_1_476' title='bbox 2086 1736 2223 1804; x_wconf 84' lang='lat' dir='ltr'><strong>Quia</strong></span> <span class='ocrx_word' id='word_1_477' title='bbox 2255 1754 2386 1794; x_wconf 87' lang='lat' dir='ltr'><strong>vero</strong></span> <span class='ocrx_word' id='word_1_478' title='bbox 2417 1742 2668 1797; x_wconf 89' lang='lat' dir='ltr'><strong>mutabili</strong></span> <span class='ocrx_word' id='word_1_479' title='bbox 2705 1743 2872 1798; x_wconf 89' lang='lat' dir='ltr'><strong>corde</strong></span> <span class='ocrx_word' id='word_1_480' title='bbox 2900 1760 3003 1800; x_wconf 92' lang='lat' dir='ltr'><strong>nos</strong></span> <span class='ocrx_word' id='word_1_481' title='bbox 3030 1760 3152 1801; x_wconf 89' lang='lat' dir='ltr'><strong>esse</strong></span> <span class='ocrx_word' id='word_1_482' title='bbox 3182 1746 3406 1802; x_wconf 86' lang='lat' dir='ltr'><strong>minime</strong></span> 
     </span>
    </p>
   </div>
   <div class='ocr_carea' id='block_1_62' title="bbox 1827 1823 3405 1907">
    <p class='ocr_par' dir='ltr' id='par_1_62' title="bbox 1827 1823 3405 1907">
     <span class='ocr_line' id='line_1_62' title="bbox 1827 1823 3405 1907; baseline 0.01 -31"><span class='ocrx_word' id='word_1_483' title='bbox 1827 1823 2051 1892; x_wconf 90' lang='lat' dir='ltr'><strong>patitur,</strong></span> <span class='ocrx_word' id='word_1_484' title='bbox 2087 1824 2381 1884; x_wconf 87' lang='lat' dir='ltr'><strong>artiﬁciose</strong></span> <span class='ocrx_word' id='word_1_485' title='bbox 2410 1828 2480 1882; x_wconf 91' lang='lat' dir='ltr'><strong>ad</strong></span> <span class='ocrx_word' id='word_1_486' title='bbox 2518 1830 2873 1887; x_wconf 85' lang='lat' dir='ltr'><strong>stabilitatem</strong></span> <span class='ocrx_word' id='word_1_487' title='bbox 2912 1833 3037 1890; x_wconf 90' lang='lat' dir='ltr'><strong>ﬁdei</strong></span> <span class='ocrx_word' id='word_1_488' title='bbox 3079 1835 3405 1907; x_wconf 84' lang='lat' dir='ltr'><strong>pietatisque</strong></span> 
     </span>
    </p>
   </div>
   <div class='ocr_carea' id='block_1_63' title="bbox 1825 1913 3406 1997">
    <p class='ocr_par' dir='ltr' id='par_1_63' title="bbox 1825 1913 3406 1997">
     <span class='ocr_line' id='line_1_63' title="bbox 1825 1913 3406 1997; baseline 0.01 -31"><span class='ocrx_word' id='word_1_489' title='bbox 1825 1913 2140 1970; x_wconf 86' lang='lat' dir='ltr'><strong>ﬁrmitatem</strong></span> <span class='ocrx_word' id='word_1_490' title='bbox 2183 1918 2614 1987; x_wconf 85' lang='lat' dir='ltr'><strong>amplectendam</strong></span> <span class='ocrx_word' id='word_1_491' title='bbox 2658 1923 2929 1978; x_wconf 82' lang='lat' dir='ltr'><strong>convertit</strong></span> <span class='ocrx_word' id='word_1_492' title='bbox 2966 1943 2979 1977; x_wconf 95' lang='lat'><strong>:</strong></span> <span class='ocrx_word' id='word_1_493' title='bbox 3012 1938 3406 1997; x_wconf 88' lang='lat' dir='ltr'><strong>nonnunquam</strong></span> 
     </span>
    </p>
   </div>
   <div class='ocr_carea' id='block_1_64' title="bbox 1825 2005 3408 2082">
    <p class='ocr_par' dir='ltr' id='par_1_64' title="bbox 1825 2005 3408 2082">
     <span class='ocr_line' id='line_1_64' title="bbox 1825 2005 3408 2082; baseline 0.009 -24"><span class='ocrx_word' id='word_1_494' title='bbox 1825 2005 1975 2058; x_wconf 90' lang='lat' dir='ltr'><strong>enim</strong></span> <span class='ocrx_word' id='word_1_495' title='bbox 2009 2007 2467 2063; x_wconf 85' lang='lat' dir='ltr'><strong>convenientibus</strong></span> <span class='ocrx_word' id='word_1_496' title='bbox 2505 2010 2813 2065; x_wconf 88' lang='lat' dir='ltr'><strong>rationibus</strong></span> <span class='ocrx_word' id='word_1_497' title='bbox 2837 2012 2903 2066; x_wconf 89' lang='lat' dir='ltr'><strong>ad</strong></span> <span class='ocrx_word' id='word_1_498' title='bbox 2942 2013 2996 2066; x_wconf 91' lang='lat' dir='ltr'><strong>id</strong></span> <span class='ocrx_word' id='word_1_499' title='bbox 3039 2016 3184 2082; x_wconf 90' lang='lat' dir='ltr'><strong>quod</strong></span> <span class='ocrx_word' id='word_1_500' title='bbox 3213 2017 3408 2073; x_wconf 86' lang='lat' dir='ltr'><strong>melius</strong></span> 
     </span>
    </p>
   </div>
   <div class='ocr_carea' id='block_1_65' title="bbox 1825 2097 3406 2164">
    <p class='ocr_par' dir='ltr' id='par_1_65' title="bbox 1825 2097 3406 2164">
     <span class='ocr_line' id='line_1_65' title="bbox 1825 2097 3406 2164; baseline 0.008 -14"><span class='ocrx_word' id='word_1_501' title='bbox 1825 2103 1911 2150; x_wconf 88' lang='lat' dir='ltr'><strong>est</strong></span> <span class='ocrx_word' id='word_1_502' title='bbox 1960 2097 2272 2164; x_wconf 81' lang='lat' dir='ltr'><strong>traducens,</strong></span> <span class='ocrx_word' id='word_1_503' title='bbox 2299 2100 2571 2156; x_wconf 86' lang='lat' dir='ltr'><strong>idolorum</strong></span> <span class='ocrx_word' id='word_1_504' title='bbox 2599 2102 2930 2157; x_wconf 87' lang='lat' dir='ltr'><strong>sacriﬁcium</strong></span> <span class='ocrx_word' id='word_1_505' title='bbox 2961 2104 3406 2162; x_wconf 83' lang='lat' dir='ltr'><strong>adorationemve</strong></span> 
     </span>
    </p>
   </div>
   <div class='ocr_carea' id='block_1_66' title="bbox 1823 2192 3408 2266">
    <p class='ocr_par' dir='ltr' id='par_1_66' title="bbox 1823 2192 3408 2266">
     <span class='ocr_line' id='line_1_66' title="bbox 1823 2192 3408 2266; baseline 0.006 -22"><span class='ocrx_word' id='word_1_506' title='bbox 1823 2192 2120 2263; x_wconf 79' lang='lat' dir='ltr'><strong>negligere,</strong></span> <span class='ocrx_word' id='word_1_507' title='bbox 2147 2193 2256 2247; x_wconf 89' lang='lat' dir='ltr'><strong>imo</strong></span> <span class='ocrx_word' id='word_1_508' title='bbox 2277 2209 2409 2250; x_wconf 88' lang='lat' dir='ltr'><strong>vero</strong></span> <span class='ocrx_word' id='word_1_509' title='bbox 2435 2195 2677 2250; x_wconf 87' lang='lat' dir='ltr'><strong>aversari</strong></span> <span class='ocrx_word' id='word_1_510' title='bbox 2700 2211 2949 2266; x_wconf 90' lang='lat' dir='ltr'><strong>prorsus,</strong></span> <span class='ocrx_word' id='word_1_511' title='bbox 2977 2204 3039 2251; x_wconf 91' lang='lat' dir='ltr'><strong>ut</strong></span> <span class='ocrx_word' id='word_1_512' title='bbox 3064 2199 3256 2252; x_wconf 89' lang='lat' dir='ltr'><strong>mortis</strong></span> <span class='ocrx_word' id='word_1_513' title='bbox 3276 2215 3408 2254; x_wconf 81' lang='lat' dir='ltr'><strong>con-</strong></span> 
     </span>
    </p>
   </div>
   <div class='ocr_carea' id='block_1_67' title="bbox 1825 2285 3406 2360">
    <p class='ocr_par' dir='ltr' id='par_1_67' title="bbox 1825 2285 3406 2360">
     <span class='ocr_line' id='line_1_67' title="bbox 1825 2285 3406 2360; baseline 0.004 -22"><span class='ocrx_word' id='word_1_514' title='bbox 1825 2285 2146 2340; x_wconf 90' lang='lat' dir='ltr'><strong>ciliatricem</strong></span> <span class='ocrx_word' id='word_1_515' title='bbox 2167 2286 2355 2357; x_wconf 87' lang='lat' dir='ltr'><strong>jubet;</strong></span> <span class='ocrx_word' id='word_1_516' title='bbox 2381 2287 2652 2358; x_wconf 89' lang='lat' dir='ltr'><strong>ejusmodi</strong></span> <span class='ocrx_word' id='word_1_517' title='bbox 2678 2289 2929 2343; x_wconf 89' lang='lat' dir='ltr'><strong>morbum</strong></span> <span class='ocrx_word' id='word_1_518' title='bbox 2959 2289 3266 2360; x_wconf 79' lang='lat' dir='ltr'><strong>gravissimi</strong></span> <span class='ocrx_word' id='word_1_519' title='bbox 3292 2291 3406 2346; x_wconf 82' lang='lat' dir='ltr'><strong>cri-</strong></span> 
     </span>
    </p>
   </div>
   <div class='ocr_carea' id='block_1_68' title="bbox 1824 2377 3409 2450">
    <p class='ocr_par' dir='ltr' id='par_1_68' title="bbox 1824 2377 3409 2450">
     <span class='ocr_line' id='line_1_68' title="bbox 1824 2377 3409 2450; baseline 0.005 -20"><span class='ocrx_word' id='word_1_520' title='bbox 1824 2377 2008 2443; x_wconf 89' lang='lat' dir='ltr'><strong>minis,</strong></span> <span class='ocrx_word' id='word_1_521' title='bbox 2033 2378 2144 2432; x_wconf 89' lang='lat' dir='ltr'><strong>imo</strong></span> <span class='ocrx_word' id='word_1_522' title='bbox 2166 2395 2298 2434; x_wconf 91' lang='lat' dir='ltr'><strong>vero</strong></span> <span class='ocrx_word' id='word_1_523' title='bbox 2323 2387 2582 2435; x_wconf 59' lang='lat' dir='ltr'><strong>extrema:</strong></span> <span class='ocrx_word' id='word_1_524' title='bbox 2607 2379 2902 2450; x_wconf 89' lang='lat' dir='ltr'><strong>impietatis</strong></span> <span class='ocrx_word' id='word_1_525' title='bbox 2925 2381 3144 2450; x_wconf 89' lang='lat' dir='ltr'><strong>plenum</strong></span> <span class='ocrx_word' id='word_1_526' title='bbox 3168 2397 3288 2437; x_wconf 89' lang='lat' dir='ltr'><strong>esse</strong></span> <span class='ocrx_word' id='word_1_527' title='bbox 3311 2382 3409 2438; x_wconf 88' lang='lat' dir='ltr'><strong>de-</strong></span> 
     </span>
    </p>
   </div>
   <div class='ocr_carea' id='block_1_69' title="bbox 1823 2474 3406 2542">
    <p class='ocr_par' dir='ltr' id='par_1_69' title="bbox 1823 2474 3406 2542">
     <span class='ocr_line' id='line_1_69' title="bbox 1823 2474 3406 2542; baseline 0.006 -22"><span class='ocrx_word' id='word_1_528' title='bbox 1823 2476 2134 2524; x_wconf 86' lang='lat' dir='ltr'><strong>monstrans</strong></span> <span class='ocrx_word' id='word_1_529' title='bbox 2172 2487 2185 2523; x_wconf 88' lang='lat'><strong>:</strong></span> <span class='ocrx_word' id='word_1_530' title='bbox 2221 2485 2615 2541; x_wconf 85' lang='lat' dir='ltr'><strong>nonnunquam</strong></span> <span class='ocrx_word' id='word_1_531' title='bbox 2654 2487 2786 2526; x_wconf 90' lang='lat' dir='ltr'><strong>vero</strong></span> <span class='ocrx_word' id='word_1_532' title='bbox 2811 2480 3040 2536; x_wconf 91' lang='lat' dir='ltr'><strong>metum,</strong></span> <span class='ocrx_word' id='word_1_533' title='bbox 3083 2488 3279 2542; x_wconf 55' lang='lat' dir='ltr'><strong>patum,</strong></span> <span class='ocrx_word' id='word_1_534' title='bbox 3315 2474 3406 2530; x_wconf 88' lang='lat' dir='ltr'><strong>in-</strong></span> 
     </span>
    </p>
   </div>
   <div class='ocr_carea' id='block_1_70' title="bbox 1822 2555 3406 2630">
    <p class='ocr_par' dir='ltr' id='par_1_70' title="bbox 1822 2555 3406 2630">
     <span class='ocr_line' id='line_1_70' title="bbox 1822 2555 3406 2630; baseline 0.006 -22"><span class='ocrx_word' id='word_1_535' title='bbox 1822 2571 2007 2625; x_wconf 90' lang='lat' dir='ltr'><strong>quam,</strong></span> <span class='ocrx_word' id='word_1_536' title='bbox 2032 2555 2404 2624; x_wconf 84' lang='lat' dir='ltr'><strong>formidinem,</strong></span> <span class='ocrx_word' id='word_1_537' title='bbox 2440 2558 2611 2614; x_wconf 88' lang='lat' dir='ltr'><strong>veluti</strong></span> <span class='ocrx_word' id='word_1_538' title='bbox 2645 2559 2998 2630; x_wconf 65' lang='lat' dir='ltr'><strong>paedagogum</strong></span> <span class='ocrx_word' id='word_1_539' title='bbox 3032 2561 3289 2630; x_wconf 89' lang='lat' dir='ltr'><strong>aliquem,</strong></span> <span class='ocrx_word' id='word_1_540' title='bbox 3317 2571 3406 2617; x_wconf 80' lang='lat' dir='ltr'><strong>at-</strong></span> 
     </span>
    </p>
   </div>
   <div class='ocr_carea' id='block_1_71' title="bbox 1821 2650 3405 2723">
    <p class='ocr_par' dir='ltr' id='par_1_71' title="bbox 1821 2650 3405 2723">
     <span class='ocr_line' id='line_1_71' title="bbox 1821 2650 3405 2723; baseline 0.005 -23"><span class='ocrx_word' id='word_1_541' title='bbox 1821 2663 1927 2717; x_wconf 92' lang='lat' dir='ltr'><strong>que</strong></span> <span class='ocrx_word' id='word_1_542' title='bbox 1974 2664 2226 2704; x_wconf 86' lang='lat' dir='ltr'><strong>severum</strong></span> <span class='ocrx_word' id='word_1_543' title='bbox 2271 2651 2576 2716; x_wconf 90' lang='lat' dir='ltr'><strong>custodem,</strong></span> <span class='ocrx_word' id='word_1_544' title='bbox 2621 2650 2784 2707; x_wconf 91' lang='lat' dir='ltr'><strong>nobis</strong></span> <span class='ocrx_word' id='word_1_545' title='bbox 2821 2666 3124 2721; x_wconf 90' lang='lat' dir='ltr'><strong>opponens,</strong></span> <span class='ocrx_word' id='word_1_546' title='bbox 3159 2653 3405 2723; x_wconf 88' lang='lat' dir='ltr'><strong>undique</strong></span> 
     </span>
    </p>
   </div>
   <div class='ocr_carea' id='block_1_72' title="bbox 1821 2741 3403 2816">
    <p class='ocr_par' dir='ltr' id='par_1_72' title="bbox 1821 2741 3403 2816">
     <span class='ocr_line' id='line_1_72' title="bbox 1821 2741 3403 2816; baseline 0.002 -19"><span class='ocrx_word' id='word_1_547' title='bbox 1821 2741 1890 2797; x_wconf 83' lang='lat' dir='ltr'><strong>ad</strong></span> <span class='ocrx_word' id='word_1_548' title='bbox 1930 2742 1982 2797; x_wconf 91' lang='lat' dir='ltr'><strong>id</strong></span> <span class='ocrx_word' id='word_1_549' title='bbox 2021 2744 2168 2814; x_wconf 92' lang='lat' dir='ltr'><strong>quod</strong></span> <span class='ocrx_word' id='word_1_550' title='bbox 2196 2745 2302 2800; x_wconf 87' lang='lat' dir='ltr'><strong>sibi</strong></span> <span class='ocrx_word' id='word_1_551' title='bbox 2347 2746 2526 2816; x_wconf 88' lang='lat' dir='ltr'><strong>placet</strong></span> <span class='ocrx_word' id='word_1_552' title='bbox 2565 2743 2808 2800; x_wconf 89' lang='lat' dir='ltr'><strong>adducit.</strong></span> <span class='ocrx_word' id='word_1_553' title='bbox 2835 2744 3024 2814; x_wconf 88' lang='lat' dir='ltr'><strong>Itaque</strong></span> <span class='ocrx_word' id='word_1_554' title='bbox 3053 2745 3109 2799; x_wconf 89' lang='lat' dir='ltr'><strong>in</strong></span> <span class='ocrx_word' id='word_1_555' title='bbox 3135 2746 3403 2801; x_wconf 84' lang='lat' dir='ltr'><strong>Deutero-</strong></span> 
     </span>
    </p>
   </div>
   <div class='ocr_carea' id='block_1_73' title="bbox 1820 2837 3404 2910">
    <p class='ocr_par' dir='ltr' id='par_1_73' title="bbox 1820 2837 3404 2910">
     <span class='ocr_line' id='line_1_73' title="bbox 1820 2837 3404 2910; baseline 0.003 -20"><span class='ocrx_word' id='word_1_556' title='bbox 1820 2837 2006 2893; x_wconf 89' lang='lat' dir='ltr'><strong>nomio</strong></span> <span class='ocrx_word' id='word_1_557' title='bbox 2059 2837 2236 2908; x_wconf 89' lang='lat' dir='ltr'><strong>inquit</strong></span> <span class='ocrx_word' id='word_1_558' title='bbox 2262 2838 2458 2894; x_wconf 89' lang='lat' dir='ltr'><strong>beatus</strong></span> <span class='ocrx_word' id='word_1_559' title='bbox 2495 2837 2749 2910; x_wconf 81' lang='lat' dir='ltr'><strong>Moyses:</strong></span> <span class='ocrx_word' id='word_1_560' title='bbox 2788 2857 2807 2890; x_wconf 80' lang='grc' dir='ltr'><strong>ι</strong></span> <span class='ocrx_word' id='word_1_561' title='bbox 2839 2838 2908 2894; x_wconf 88' lang='lat' dir='ltr'><strong>Et</strong></span> <span class='ocrx_word' id='word_1_562' title='bbox 2948 2839 3064 2893; x_wconf 61' lang='lat' dir='ltr'><strong>hate</strong></span> <span class='ocrx_word' id='word_1_563' title='bbox 3092 2846 3220 2892; x_wconf 89' lang='lat' dir='ltr'><strong>sunt</strong></span> <span class='ocrx_word' id='word_1_564' title='bbox 3259 2855 3404 2909; x_wconf 81' lang='lat' dir='ltr'><strong>prae-</strong></span> 
     </span>
    </p>
   </div>
   <div class='ocr_carea' id='block_1_74' title="bbox 1821 2929 3405 3001">
    <p class='ocr_par' dir='ltr' id='par_1_74' title="bbox 1821 2929 3405 3001">
     <span class='ocr_line' id='line_1_74' title="bbox 1821 2929 3405 3001; baseline 0.002 -18"><span class='ocrx_word' id='word_1_565' title='bbox 1821 2937 1977 2999; x_wconf 88' lang='lat' dir='ltr'><strong>ccpta</strong></span> <span class='ocrx_word' id='word_1_566' title='bbox 2001 2936 2056 2984; x_wconf 90' lang='lat' dir='ltr'><strong>et</strong></span> <span class='ocrx_word' id='word_1_567' title='bbox 2075 2929 2284 3001; x_wconf 87' lang='lat' dir='ltr'><strong>judicia</strong></span> <span class='ocrx_word' id='word_1_568' title='bbox 2317 2945 2440 3000; x_wconf 68' lang='lat' dir='ltr'><strong>quae</strong></span> <span class='ocrx_word' id='word_1_569' title='bbox 2481 2929 2795 2994; x_wconf 73' lang='lat' dir='ltr'><strong>servabitis,</strong></span> <span class='ocrx_word' id='word_1_570' title='bbox 2825 2937 2888 2984; x_wconf 90' lang='lat' dir='ltr'><strong>ut</strong></span> <span class='ocrx_word' id='word_1_571' title='bbox 2910 2929 3122 2984; x_wconf 86' lang='lat' dir='ltr'><strong>faciatis</strong></span> <span class='ocrx_word' id='word_1_572' title='bbox 3175 2929 3230 2982; x_wconf 91' lang='lat' dir='ltr'><strong>in</strong></span> <span class='ocrx_word' id='word_1_573' title='bbox 3257 2938 3405 2986; x_wconf 87' lang='lat' dir='ltr'><strong>terra</strong></span> 
     </span>
    </p>
   </div>
   <div class='ocr_carea' id='block_1_75' title="bbox 1745 3019 3404 3119">
    <p class='ocr_par' dir='ltr' id='par_1_75' title="bbox 1745 3019 3404 3119">
     <span class='ocr_line' id='line_1_75' title="bbox 1745 3019 3404 3119; baseline 0.001 -45"><span class='ocrx_word' id='word_1_574' title='bbox 1745 3061 1787 3119; x_wconf 64' lang='grc' dir='ltr'>ο</span> <span class='ocrx_word' id='word_1_575' title='bbox 1821 3036 1986 3092; x_wconf 88' lang='lat' dir='ltr'><strong>quam</strong></span> <span class='ocrx_word' id='word_1_576' title='bbox 2012 3022 2277 3076; x_wconf 90' lang='lat' dir='ltr'><strong>Dominus</strong></span> <span class='ocrx_word' id='word_1_577' title='bbox 2303 3021 2448 3076; x_wconf 86' lang='lat' dir='ltr'><strong>Deus</strong></span> <span class='ocrx_word' id='word_1_578' title='bbox 2470 3029 2689 3091; x_wconf 90' lang='lat' dir='ltr'><strong>patrum</strong></span> <span class='ocrx_word' id='word_1_579' title='bbox 2711 3028 3022 3076; x_wconf 88' lang='lat' dir='ltr'><strong>vestrorum</strong></span> <span class='ocrx_word' id='word_1_580' title='bbox 3049 3019 3142 3074; x_wconf 90' lang='lat' dir='ltr'><strong>dat</strong></span> <span class='ocrx_word' id='word_1_581' title='bbox 3165 3020 3320 3075; x_wconf 83' lang='lat' dir='ltr'><strong>vobis</strong></span> <span class='ocrx_word' id='word_1_582' title='bbox 3347 3022 3404 3076; x_wconf 91' lang='lat' dir='ltr'><strong>in</strong></span> 
     </span>
    </p>
   </div>
   <div class='ocr_carea' id='block_1_76' title="bbox 1821 3111 3405 3185">
    <p class='ocr_par' dir='ltr' id='par_1_76' title="bbox 1821 3111 3405 3185">
     <span class='ocr_line' id='line_1_76' title="bbox 1821 3111 3405 3185; baseline -0.001 -17"><span class='ocrx_word' id='word_1_583' title='bbox 1821 3115 2242 3185; x_wconf 87' lang='lat' dir='ltr'><strong>possessionem,</strong></span> <span class='ocrx_word' id='word_1_584' title='bbox 2287 3113 2545 3168; x_wconf 86' lang='lat' dir='ltr'><strong>omnibus</strong></span> <span class='ocrx_word' id='word_1_585' title='bbox 2588 3113 2788 3168; x_wconf 88' lang='lat' dir='ltr'><strong>diebus</strong></span> <span class='ocrx_word' id='word_1_586' title='bbox 2837 3113 3039 3182; x_wconf 90' lang='lat' dir='ltr'><strong>quibus</strong></span> <span class='ocrx_word' id='word_1_587' title='bbox 3081 3127 3180 3166; x_wconf 91' lang='lat' dir='ltr'><strong>vos</strong></span> <span class='ocrx_word' id='word_1_588' title='bbox 3219 3111 3405 3167; x_wconf 86' lang='lat' dir='ltr'><strong>vivitis</strong></span> 
     </span>
    </p>
   </div>
   <div class='ocr_carea' id='block_1_77' title="bbox 1818 3203 3402 3278">
    <p class='ocr_par' dir='ltr' id='par_1_77' title="bbox 1818 3203 3402 3278">
     <span class='ocr_line' id='line_1_77' title="bbox 1818 3203 3402 3278; baseline -0.003 -16"><span class='ocrx_word' id='word_1_589' title='bbox 1818 3221 1986 3278; x_wconf 85' lang='lat' dir='ltr'><strong>super</strong></span> <span class='ocrx_word' id='word_1_590' title='bbox 2032 3215 2256 3261; x_wconf 85' lang='lat' dir='ltr'><strong>terram.</strong></span> <span class='ocrx_word' id='word_1_591' title='bbox 2287 3205 2604 3260; x_wconf 88' lang='lat' dir='ltr'><strong>Perditione</strong></span> <span class='ocrx_word' id='word_1_592' title='bbox 2645 3204 2890 3274; x_wconf 91' lang='lat' dir='ltr'><strong>perdetis</strong></span> <span class='ocrx_word' id='word_1_593' title='bbox 2934 3203 3117 3258; x_wconf 89' lang='lat' dir='ltr'><strong>omnia</strong></span> <span class='ocrx_word' id='word_1_594' title='bbox 3156 3204 3294 3269; x_wconf 90' lang='lat' dir='ltr'><strong>loca,</strong></span> <span class='ocrx_word' id='word_1_595' title='bbox 3342 3204 3402 3259; x_wconf 89' lang='lat' dir='ltr'><strong>in</strong></span> 
     </span>
    </p>
   </div>
   <div class='ocr_carea' id='block_1_78' title="bbox 1818 3294 3402 3368">
    <p class='ocr_par' dir='ltr' id='par_1_78' title="bbox 1818 3294 3402 3368">
     <span class='ocr_line' id='line_1_78' title="bbox 1818 3294 3402 3368; baseline -0.001 -17"><span class='ocrx_word' id='word_1_596' title='bbox 1818 3297 2022 3368; x_wconf 88' lang='lat' dir='ltr'><strong>quibus</strong></span> <span class='ocrx_word' id='word_1_597' title='bbox 2050 3296 2360 3351; x_wconf 87' lang='lat' dir='ltr'><strong>servierunt</strong></span> <span class='ocrx_word' id='word_1_598' title='bbox 2390 3302 2580 3366; x_wconf 78' lang='lat' dir='ltr'><strong>gentes</strong></span> <span class='ocrx_word' id='word_1_599' title='bbox 2619 3294 2726 3349; x_wconf 91' lang='lat' dir='ltr'><strong>diis</strong></span> <span class='ocrx_word' id='word_1_600' title='bbox 2764 3309 2978 3358; x_wconf 86' lang='lat' dir='ltr'><strong>eorum,</strong></span> <span class='ocrx_word' id='word_1_601' title='bbox 3008 3309 3129 3362; x_wconf 66' lang='lat' dir='ltr'><strong>quae</strong></span> <span class='ocrx_word' id='word_1_602' title='bbox 3151 3309 3250 3348; x_wconf 86' lang='lat' dir='ltr'><strong>vos</strong></span> <span class='ocrx_word' id='word_1_603' title='bbox 3270 3309 3402 3364; x_wconf 87' lang='lat' dir='ltr'><strong>pos-</strong></span> 
     </span>
    </p>
   </div>
   <div class='ocr_carea' id='block_1_79' title="bbox 1818 3385 3400 3453">
    <p class='ocr_par' dir='ltr' id='par_1_79' title="bbox 1818 3385 3400 3453">
     <span class='ocr_line' id='line_1_79' title="bbox 1818 3385 3400 3453; baseline 0 -11"><span class='ocrx_word' id='word_1_604' title='bbox 1818 3387 2087 3453; x_wconf 89' lang='lat' dir='ltr'><strong>sidebitis,</strong></span> <span class='ocrx_word' id='word_1_605' title='bbox 2113 3388 2168 3442; x_wconf 90' lang='lat' dir='ltr'><strong>in</strong></span> <span class='ocrx_word' id='word_1_606' title='bbox 2201 3388 2481 3442; x_wconf 89' lang='lat' dir='ltr'><strong>montibus</strong></span> <span class='ocrx_word' id='word_1_607' title='bbox 2501 3387 2754 3452; x_wconf 85' lang='lat' dir='ltr'><strong>excelsis,</strong></span> <span class='ocrx_word' id='word_1_608' title='bbox 2780 3385 2912 3440; x_wconf 86' lang='lat' dir='ltr'><strong>etin</strong></span> <span class='ocrx_word' id='word_1_609' title='bbox 2939 3385 3190 3448; x_wconf 88' lang='lat' dir='ltr'><strong>collibus,</strong></span> <span class='ocrx_word' id='word_1_610' title='bbox 3219 3393 3275 3439; x_wconf 92' lang='lat' dir='ltr'><strong>et</strong></span> <span class='ocrx_word' id='word_1_611' title='bbox 3294 3385 3400 3442; x_wconf 81' lang='lat' dir='ltr'><strong>sub</strong></span> 
     </span>
    </p>
   </div>
   <div class='ocr_carea' id='block_1_80' title="bbox 1818 3476 3488 3555">
    <p class='ocr_par' dir='ltr' id='par_1_80' title="bbox 1818 3476 3488 3555">
     <span class='ocr_line' id='line_1_80' title="bbox 1818 3476 3488 3555; baseline -0.002 -21"><span class='ocrx_word' id='word_1_612' title='bbox 1818 3479 2016 3534; x_wconf 90' lang='lat' dir='ltr'><strong>arbore</strong></span> <span class='ocrx_word' id='word_1_613' title='bbox 2038 3493 2208 3549; x_wconf 89' lang='lat' dir='ltr'><strong>opaca</strong></span> <span class='ocrx_word' id='word_1_614' title='bbox 2240 3495 2254 3532; x_wconf 91' lang='lat'><strong>:</strong></span> <span class='ocrx_word' id='word_1_615' title='bbox 2276 3487 2333 3533; x_wconf 90' lang='lat' dir='ltr'><strong>et</strong></span> <span class='ocrx_word' id='word_1_616' title='bbox 2356 3479 2616 3534; x_wconf 87' lang='lat' dir='ltr'><strong>evertetis</strong></span> <span class='ocrx_word' id='word_1_617' title='bbox 2641 3493 2765 3533; x_wconf 90' lang='lat' dir='ltr'><strong>aras</strong></span> <span class='ocrx_word' id='word_1_618' title='bbox 2785 3491 2999 3540; x_wconf 89' lang='lat' dir='ltr'><strong>eorum,</strong></span> <span class='ocrx_word' id='word_1_619' title='bbox 3024 3483 3080 3530; x_wconf 92' lang='lat' dir='ltr'><strong>et</strong></span> <span class='ocrx_word' id='word_1_620' title='bbox 3102 3476 3402 3532; x_wconf 88' lang='lat' dir='ltr'><strong>conteretis</strong></span> <span class='ocrx_word' id='word_1_621' title='bbox 3483 3551 3488 3555; x_wconf 85' lang='lat'><em>_</em></span> 
     </span>
    </p>
   </div>
   <div class='ocr_carea' id='block_1_81' title="bbox 1819 3567 3399 3635">
    <p class='ocr_par' dir='ltr' id='par_1_81' title="bbox 1819 3567 3399 3635">
     <span class='ocr_line' id='line_1_81' title="bbox 1819 3567 3399 3635; baseline 0 -12"><span class='ocrx_word' id='word_1_622' title='bbox 1819 3569 2009 3624; x_wconf 77' lang='lat' dir='ltr'><strong>titulos</strong></span> <span class='ocrx_word' id='word_1_623' title='bbox 2049 3584 2264 3635; x_wconf 90' lang='lat' dir='ltr'><strong>eorum,</strong></span> <span class='ocrx_word' id='word_1_624' title='bbox 2305 3577 2362 3624; x_wconf 90' lang='lat' dir='ltr'><strong>et</strong></span> <span class='ocrx_word' id='word_1_625' title='bbox 2398 3571 2553 3625; x_wconf 88' lang='lat' dir='ltr'><strong>lucos</strong></span> <span class='ocrx_word' id='word_1_626' title='bbox 2581 3583 2774 3624; x_wconf 86' lang='lat' dir='ltr'><strong>eorum</strong></span> <span class='ocrx_word' id='word_1_627' title='bbox 2816 3567 3132 3632; x_wconf 89' lang='lat' dir='ltr'><strong>succidetis,</strong></span> <span class='ocrx_word' id='word_1_628' title='bbox 3169 3575 3226 3622; x_wconf 87' lang='lat' dir='ltr'><strong>et</strong></span> <span class='ocrx_word' id='word_1_629' title='bbox 3251 3569 3399 3623; x_wconf 56' lang='lat' dir='ltr'><strong>sculv</strong></span> 
     </span>
    </p>
   </div>
   <div class='ocr_carea' id='block_1_82' title="bbox 1815 3659 3402 3733">
    <p class='ocr_par' dir='ltr' id='par_1_82' title="bbox 1815 3659 3402 3733">
     <span class='ocr_line' id='line_1_82' title="bbox 1815 3659 3402 3733; baseline 0 -17"><span class='ocrx_word' id='word_1_630' title='bbox 1815 3662 1973 3733; x_wconf 87' lang='lat' dir='ltr'><strong>ptilia</strong></span> <span class='ocrx_word' id='word_1_631' title='bbox 2013 3661 2243 3716; x_wconf 88' lang='lat' dir='ltr'><strong>deorum</strong></span> <span class='ocrx_word' id='word_1_632' title='bbox 2283 3676 2477 3717; x_wconf 88' lang='lat' dir='ltr'><strong>eorum</strong></span> <span class='ocrx_word' id='word_1_633' title='bbox 2508 3660 2846 3717; x_wconf 87' lang='lat' dir='ltr'><strong>comburetis</strong></span> <span class='ocrx_word' id='word_1_634' title='bbox 2883 3659 3020 3730; x_wconf 91' lang='lat' dir='ltr'><strong>igni,</strong></span> <span class='ocrx_word' id='word_1_635' title='bbox 3059 3668 3115 3714; x_wconf 90' lang='lat' dir='ltr'><strong>et</strong></span> <span class='ocrx_word' id='word_1_636' title='bbox 3156 3659 3402 3730; x_wconf 83' lang='lat' dir='ltr'><strong>perdetis</strong></span> 
     </span>
    </p>
   </div>
   <div class='ocr_carea' id='block_1_83' title="bbox 1815 3748 3400 3820">
    <p class='ocr_par' dir='ltr' id='par_1_83' title="bbox 1815 3748 3400 3820">
     <span class='ocr_line' id='line_1_83' title="bbox 1815 3748 3400 3820; baseline 0.001 -15"><span class='ocrx_word' id='word_1_637' title='bbox 1815 3765 2019 3806; x_wconf 83' lang='lat' dir='ltr'><strong>nomen</strong></span> <span class='ocrx_word' id='word_1_638' title='bbox 2055 3764 2247 3806; x_wconf 89' lang='lat' dir='ltr'><strong>eorum</strong></span> <span class='ocrx_word' id='word_1_639' title='bbox 2282 3765 2351 3806; x_wconf 82' lang='lat' dir='ltr'><strong>ex</strong></span> <span class='ocrx_word' id='word_1_640' title='bbox 2379 3751 2500 3806; x_wconf 88' lang='lat' dir='ltr'><strong>loco</strong></span> <span class='ocrx_word' id='word_1_641' title='bbox 2525 3751 2620 3806; x_wconf 90' lang='lat' dir='ltr'><strong>illo</strong></span> <span class='ocrx_word' id='word_1_642' title='bbox 2656 3751 2724 3805; x_wconf 79' lang='grc' dir='ltr'><strong>⁷ο.</strong></span> <span class='ocrx_word' id='word_1_643' title='bbox 2755 3769 2775 3802; x_wconf 72' lang='grc' dir='ltr'><strong>ι</strong></span> <span class='ocrx_word' id='word_1_644' title='bbox 2820 3748 3134 3806; x_wconf 80' lang='lat' dir='ltr'><strong>Graecorum</strong></span> <span class='ocrx_word' id='word_1_645' title='bbox 3175 3749 3400 3820; x_wconf 89' lang='lat' dir='ltr'><strong>quidem</strong></span> 
     </span>
    </p>
   </div>
   <div class='ocr_carea' id='block_1_84' title="bbox 1816 3839 3400 3911">
    <p class='ocr_par' dir='ltr' id='par_1_84' title="bbox 1816 3839 3400 3911">
     <span class='ocr_line' id='line_1_84' title="bbox 1816 3839 3400 3911; baseline -0.001 -15"><span class='ocrx_word' id='word_1_646' title='bbox 1816 3839 2092 3911; x_wconf 87' lang='lat' dir='ltr'><strong>sapientes</strong></span> <span class='ocrx_word' id='word_1_647' title='bbox 2113 3848 2169 3895; x_wconf 90' lang='lat' dir='ltr'><strong>et</strong></span> <span class='ocrx_word' id='word_1_648' title='bbox 2200 3840 2386 3896; x_wconf 78' lang='lat' dir='ltr'><strong>eximii</strong></span> <span class='ocrx_word' id='word_1_649' title='bbox 2411 3841 2556 3896; x_wconf 82' lang='lat' dir='ltr'><strong>inter</strong></span> <span class='ocrx_word' id='word_1_650' title='bbox 2589 3849 2838 3907; x_wconf 68' lang='lat' dir='ltr'><strong>caeteros,</strong></span> <span class='ocrx_word' id='word_1_651' title='bbox 2869 3848 3044 3911; x_wconf 72' lang='lat' dir='ltr'><strong>poeta:</strong></span> <span class='ocrx_word' id='word_1_652' title='bbox 3063 3855 3196 3895; x_wconf 90' lang='lat' dir='ltr'><strong>vero</strong></span> <span class='ocrx_word' id='word_1_653' title='bbox 3221 3841 3400 3895; x_wconf 79' lang='lat' dir='ltr'><strong>maxi-</strong></span> 
     </span>
    </p>
   </div>
   <div class='ocr_carea' id='block_1_85' title="bbox 1815 3931 3400 4004">
    <p class='ocr_par' dir='ltr' id='par_1_85' title="bbox 1815 3931 3400 4004">
     <span class='ocr_line' id='line_1_85' title="bbox 1815 3931 3400 4004; baseline 0.002 -18"><span class='ocrx_word' id='word_1_654' title='bbox 1815 3947 1936 3997; x_wconf 89' lang='lat' dir='ltr'><strong>me,</strong></span> <span class='ocrx_word' id='word_1_655' title='bbox 1990 3931 2222 3987; x_wconf 86' lang='lat' dir='ltr'><strong>oreadas</strong></span> <span class='ocrx_word' id='word_1_656' title='bbox 2272 3933 2536 4003; x_wconf 90' lang='lat' dir='ltr'><strong>quasdam</strong></span> <span class='ocrx_word' id='word_1_657' title='bbox 2575 3941 2633 3988; x_wconf 90' lang='lat' dir='ltr'><strong>et</strong></span> <span class='ocrx_word' id='word_1_658' title='bbox 2672 3932 3072 4003; x_wconf 84' lang='lat' dir='ltr'><strong>hamadryadas</strong></span> <span class='ocrx_word' id='word_1_659' title='bbox 3108 3933 3400 4004; x_wconf 86' lang='lat' dir='ltr'><strong>nymphas,</strong></span> 
     </span>
    </p>
   </div>
   <div class='ocr_carea' id='block_1_86' title="bbox 1815 4019 3398 4096">
    <p class='ocr_par' dir='ltr' id='par_1_86' title="bbox 1815 4019 3398 4096">
     <span class='ocr_line' id='line_1_86' title="bbox 1815 4019 3398 4096; baseline -0.002 -16"><span class='ocrx_word' id='word_1_660' title='bbox 1815 4024 2091 4080; x_wconf 62' lang='lat' dir='ltr'><strong>daemones</strong></span> <span class='ocrx_word' id='word_1_661' title='bbox 2113 4023 2389 4090; x_wconf 74' lang='lat' dir='ltr'><strong>videlicet,</strong></span> <span class='ocrx_word' id='word_1_662' title='bbox 2415 4025 2709 4096; x_wconf 87' lang='lat' dir='ltr'><strong>appellant.</strong></span> <span class='ocrx_word' id='word_1_663' title='bbox 2735 4024 2909 4080; x_wconf 85' lang='lat' dir='ltr'><strong>Erant</strong></span> <span class='ocrx_word' id='word_1_664' title='bbox 2932 4023 3100 4080; x_wconf 89' lang='lat' dir='ltr'><strong>etiam</strong></span> <span class='ocrx_word' id='word_1_665' title='bbox 3124 4024 3241 4093; x_wconf 88' lang='lat' dir='ltr'><strong>qui,</strong></span> <span class='ocrx_word' id='word_1_666' title='bbox 3269 4019 3398 4078; x_wconf 78' lang='lat' dir='ltr'><strong>cum</strong></span> 
     </span>
    </p>
   </div>
   <div class='ocr_carea' id='block_1_87' title="bbox 1812 4113 3403 4177">
    <p class='ocr_par' dir='ltr' id='par_1_87' title="bbox 1812 4113 3403 4177">
     <span class='ocr_line' id='line_1_87' title="bbox 1812 4113 3403 4177; baseline -0.003 -7"><span class='ocrx_word' id='word_1_667' title='bbox 1812 4115 1950 4171; x_wconf 76' lang='lat' dir='ltr'><strong>locis</strong></span> <span class='ocrx_word' id='word_1_668' title='bbox 1970 4115 2299 4170; x_wconf 85' lang='lat' dir='ltr'><strong>editioribus</strong></span> <span class='ocrx_word' id='word_1_669' title='bbox 2327 4131 2458 4170; x_wconf 91' lang='lat' dir='ltr'><strong>suos</strong></span> <span class='ocrx_word' id='word_1_670' title='bbox 2488 4115 2622 4170; x_wconf 88' lang='lat' dir='ltr'><strong>deos</strong></span> <span class='ocrx_word' id='word_1_671' title='bbox 2643 4113 2896 4170; x_wconf 89' lang='lat' dir='ltr'><strong>venerari</strong></span> <span class='ocrx_word' id='word_1_672' title='bbox 2915 4115 3139 4177; x_wconf 89' lang='lat' dir='ltr'><strong>vellent,</strong></span> <span class='ocrx_word' id='word_1_673' title='bbox 3169 4113 3282 4167; x_wconf 88' lang='lat' dir='ltr'><strong>aris</strong></span> <span class='ocrx_word' id='word_1_674' title='bbox 3303 4127 3403 4167; x_wconf 83' lang='lat' dir='ltr'><strong>ex-</strong></span> 
     </span>
    </p>
   </div>
   <div class='ocr_carea' id='block_1_88' title="bbox 1813 4203 3394 4269">
    <p class='ocr_par' dir='ltr' id='par_1_88' title="bbox 1813 4203 3394 4269">
     <span class='ocr_line' id='line_1_88' title="bbox 1813 4203 3394 4269; baseline -0.004 -7"><span class='ocrx_word' id='word_1_675' title='bbox 1813 4207 2040 4262; x_wconf 87' lang='lat' dir='ltr'><strong>structis</strong></span> <span class='ocrx_word' id='word_1_676' title='bbox 2089 4207 2145 4260; x_wconf 89' lang='lat' dir='ltr'><strong>in</strong></span> <span class='ocrx_word' id='word_1_677' title='bbox 2189 4206 2488 4269; x_wconf 89' lang='lat' dir='ltr'><strong>montibus,</strong></span> <span class='ocrx_word' id='word_1_678' title='bbox 2532 4204 2702 4258; x_wconf 87' lang='lat' dir='ltr'><strong>boves</strong></span> <span class='ocrx_word' id='word_1_679' title='bbox 2740 4204 3028 4258; x_wconf 86' lang='lat' dir='ltr'><strong>immolare</strong></span> <span class='ocrx_word' id='word_1_680' title='bbox 3062 4203 3394 4269; x_wconf 86' lang='lat' dir='ltr'><strong>studebant;</strong></span> 
     </span>
    </p>
   </div>
   <div class='ocr_carea' id='block_1_89' title="bbox 1811 4293 3392 4352">
    <p class='ocr_par' dir='ltr' id='par_1_89' title="bbox 1811 4293 3392 4352">
     <span class='ocr_line' id='line_1_89' title="bbox 1811 4293 3392 4352; baseline -0.003 0"><span class='ocrx_word' id='word_1_681' title='bbox 1811 4305 1869 4352; x_wconf 88' lang='lat' dir='ltr'><strong>et</strong></span> <span class='ocrx_word' id='word_1_682' title='bbox 1907 4312 2032 4352; x_wconf 92' lang='lat' dir='ltr'><strong>cum</strong></span> <span class='ocrx_word' id='word_1_683' title='bbox 2068 4296 2215 4350; x_wconf 90' lang='lat' dir='ltr'><strong>circa</strong></span> <span class='ocrx_word' id='word_1_684' title='bbox 2248 4295 2604 4350; x_wconf 87' lang='lat' dir='ltr'><strong>formosiores</strong></span> <span class='ocrx_word' id='word_1_685' title='bbox 2643 4294 2870 4348; x_wconf 89' lang='lat' dir='ltr'><strong>arbores</strong></span> <span class='ocrx_word' id='word_1_686' title='bbox 2900 4301 3109 4348; x_wconf 87' lang='lat' dir='ltr'><strong>statuas</strong></span> <span class='ocrx_word' id='word_1_687' title='bbox 3133 4300 3188 4348; x_wconf 89' lang='lat' dir='ltr'><strong>et</strong></span> <span class='ocrx_word' id='word_1_688' title='bbox 3220 4293 3392 4348; x_wconf 89' lang='lat' dir='ltr'><strong>simu-</strong></span> 
     </span>
    </p>
   </div>
   <div class='ocr_carea' id='block_1_90' title="bbox 122 4380 1719 4473">
    <p class='ocr_par' dir='ltr' id='par_1_90' title="bbox 122 4391 1711 4473">
     <span class='ocr_line' id='line_1_90' title="bbox 122 4391 1711 4473; baseline 0.007 -28"><span class='ocrx_word' id='word_1_689' title='bbox 122 4391 473 4462; x_wconf 76' lang='grc' dir='ltr'>ἐσπούδαζον,</span> <span class='ocrx_word' id='word_1_690' title='bbox 499 4399 603 4453; x_wconf 76' lang='grc' dir='ltr'><strong>καὶ</strong></span> <span class='ocrx_word' id='word_1_691' title='bbox 628 4403 740 4465; x_wconf 90' lang='grc' dir='ltr'>τοῖς</span> <span class='ocrx_word' id='word_1_692' title='bbox 767 4401 874 4454; x_wconf 91' lang='grc' dir='ltr'><strong>τῶν</strong></span> <span class='ocrx_word' id='word_1_693' title='bbox 899 4400 1129 4472; x_wconf 88' lang='grc' dir='ltr'>δένδρων</span> <span class='ocrx_word' id='word_1_694' title='bbox 1150 4401 1530 4471; x_wconf 84' lang='grc' dir='ltr'>εὐφυεστέροις</span> <span class='ocrx_word' id='word_1_695' title='bbox 1559 4419 1711 4473; x_wconf 83' lang='grc' dir='ltr'>περι-</span> 
     </span>
    </p>
   </div>
   <div class='ocr_carea' id='block_1_91' title="bbox 1821 4380 3398 4473">
    <p class='ocr_par' dir='ltr' id='par_1_91' title="bbox 1821 4380 3398 4447">
     <span class='ocr_line' id='line_1_91' title="bbox 1821 4380 3398 4447; baseline -0.003 -6"><span class='ocrx_word' id='word_1_696' title='bbox 1821 4386 1960 4441; x_wconf 80' lang='lat' dir='ltr'><strong>Iaera</strong></span> <span class='ocrx_word' id='word_1_697' title='bbox 2007 4384 2318 4439; x_wconf 67' lang='lat' dir='ltr'><strong>daemonum</strong></span> <span class='ocrx_word' id='word_1_698' title='bbox 2379 4381 2824 4447; x_wconf 87' lang='lat' dir='ltr'><strong>constituissent,</strong></span> <span class='ocrx_word' id='word_1_699' title='bbox 2877 4380 3074 4436; x_wconf 87' lang='lat' dir='ltr'><strong>ovibus</strong></span> <span class='ocrx_word' id='word_1_700' title='bbox 3121 4380 3398 4436; x_wconf 72' lang='lat' dir='ltr'><strong>caedendis</strong></span> 
     </span>
    </p>
   </div>
   <div class='ocr_carea' id='block_1_92' title="bbox 122 4482 1712 4562">
    <p class='ocr_par' dir='ltr' id='par_1_92' title="bbox 122 4482 1712 4562">
     <span class='ocr_line' id='line_1_92' title="bbox 122 4482 1712 4562; baseline 0.006 -26"><span class='ocrx_word' id='word_1_701' title='bbox 122 4482 436 4554; x_wconf 84' lang='grc' dir='ltr'>ιδρύσαντες</span> <span class='ocrx_word' id='word_1_702' title='bbox 477 4491 585 4560; x_wconf 76' lang='grc' dir='ltr'>ἕλη</span> <span class='ocrx_word' id='word_1_703' title='bbox 621 4491 714 4544; x_wconf 75' lang='grc' dir='ltr'>καὶ</span> <span class='ocrx_word' id='word_1_704' title='bbox 743 4491 1032 4560; x_wconf 85' lang='grc' dir='ltr'>δαιμονίων</span> <span class='ocrx_word' id='word_1_705' title='bbox 1069 4491 1386 4562; x_wconf 77' lang='grc' dir='ltr'>ἰνδάλματα,</span> <span class='ocrx_word' id='word_1_706' title='bbox 1433 4491 1712 4562; x_wconf 82' lang='grc' dir='ltr'>μηλοσφα-</span> 
     </span>
    </p>
   </div>
   <div class='ocr_carea' id='block_1_93' title="bbox 118 4576 1710 4653">
    <p class='ocr_par' dir='ltr' id='par_1_93' title="bbox 118 4576 1710 4653">
     <span class='ocr_line' id='line_1_93' title="bbox 118 4576 1710 4653; baseline 0.006 -26"><span class='ocrx_word' id='word_1_707' title='bbox 118 4576 258 4642; x_wconf 85' lang='grc' dir='ltr'>γίαις</span> <span class='ocrx_word' id='word_1_708' title='bbox 286 4581 630 4653; x_wconf 85' lang='grc' dir='ltr'>ἐκέχρηντο.</span> <span class='ocrx_word' id='word_1_709' title='bbox 671 4581 806 4635; x_wconf 85' lang='grc' dir='ltr'>Ἀλλ’</span> <span class='ocrx_word' id='word_1_710' title='bbox 825 4578 893 4653; x_wconf 74' lang='grc' dir='ltr'>ἦν</span> <span class='ocrx_word' id='word_1_711' title='bbox 913 4583 1207 4651; x_wconf 81' lang='grc' dir='ltr'>ἀναγκαῖον</span> <span class='ocrx_word' id='word_1_712' title='bbox 1235 4582 1710 4653; x_wconf 76' lang='grc' dir='ltr'>κατορῥωδοῦντας</span> 
     </span>
    </p>
   </div>
   <div class='ocr_carea' id='block_1_94' title="bbox 116 4669 1709 4744">
    <p class='ocr_par' dir='ltr' id='par_1_94' title="bbox 116 4669 1709 4744">
     <span class='ocr_line' id='line_1_94' title="bbox 116 4669 1709 4744; baseline 0.005 -24"><span class='ocrx_word' id='word_1_713' title='bbox 116 4669 257 4724; x_wconf 74' lang='grc' dir='ltr'>οὐδὲν</span> <span class='ocrx_word' id='word_1_714' title='bbox 299 4675 437 4737; x_wconf 74' lang='grc' dir='ltr'>τοὺς</span> <span class='ocrx_word' id='word_1_715' title='bbox 488 4674 605 4727; x_wconf 81' lang='grc' dir='ltr'><strong>ὑπὸ</strong></span> <span class='ocrx_word' id='word_1_716' title='bbox 631 4673 750 4744; x_wconf 83' lang='grc' dir='ltr'>Θεῷ</span> <span class='ocrx_word' id='word_1_717' title='bbox 777 4673 1068 4742; x_wconf 84' lang='grc' dir='ltr'>γεγονότας</span> <span class='ocrx_word' id='word_1_718' title='bbox 1108 4672 1186 4744; x_wconf 84' lang='grc' dir='ltr'>τῷ</span> <span class='ocrx_word' id='word_1_719' title='bbox 1215 4675 1334 4727; x_wconf 85' lang='grc' dir='ltr'>κατ’</span> <span class='ocrx_word' id='word_1_720' title='bbox 1364 4672 1622 4744; x_wconf 81' lang='grc' dir='ltr'>ἀλήθειάν</span> <span class='ocrx_word' id='word_1_721' title='bbox 1647 4692 1709 4728; x_wconf 89' lang='grc' dir='ltr'><strong>τε</strong></span> 
     </span>
    </p>
   </div>
   <div class='ocr_carea' id='block_1_95' title="bbox 117 4756 1706 4834">
    <p class='ocr_par' dir='ltr' id='par_1_95' title="bbox 117 4756 1706 4834">
     <span class='ocr_line' id='line_1_95' title="bbox 117 4756 1706 4834; baseline 0.006 -28"><span class='ocrx_word' id='word_1_722' title='bbox 117 4756 202 4807; x_wconf 82' lang='grc' dir='ltr'><strong>καὶ</strong></span> <span class='ocrx_word' id='word_1_723' title='bbox 223 4757 413 4825; x_wconf 78' lang='grc' dir='ltr'>φύσει,</span> <span class='ocrx_word' id='word_1_724' title='bbox 439 4759 516 4813; x_wconf 71' lang='grc' dir='ltr'>τὰ</span> <span class='ocrx_word' id='word_1_725' title='bbox 542 4759 655 4812; x_wconf 85' lang='grc' dir='ltr'><strong>τῶν</strong></span> <span class='ocrx_word' id='word_1_726' title='bbox 685 4760 1048 4830; x_wconf 81' lang='grc' dir='ltr'>πλανωμένων</span> <span class='ocrx_word' id='word_1_727' title='bbox 1071 4762 1378 4814; x_wconf 88' lang='grc' dir='ltr'>κατασείειν</span> <span class='ocrx_word' id='word_1_728' title='bbox 1394 4761 1706 4834; x_wconf 84' lang='grc' dir='ltr'>ἀθύρματα,</span> 
     </span>
    </p>
   </div>
   <div class='ocr_carea' id='block_1_96' title="bbox 115 4847 1708 4926">
    <p class='ocr_par' dir='ltr' id='par_1_96' title="bbox 115 4847 1708 4926">
     <span class='ocr_line' id='line_1_96' title="bbox 115 4847 1708 4926; baseline 0.006 -29"><span class='ocrx_word' id='word_1_729' title='bbox 115 4847 198 4898; x_wconf 77' lang='grc' dir='ltr'>καὶ</span> <span class='ocrx_word' id='word_1_730' title='bbox 243 4849 359 4902; x_wconf 89' lang='grc' dir='ltr'><strong>τῶν</strong></span> <span class='ocrx_word' id='word_1_731' title='bbox 411 4851 558 4921; x_wconf 84' lang='grc' dir='ltr'>παρ’</span> <span class='ocrx_word' id='word_1_732' title='bbox 600 4850 826 4914; x_wconf 87' lang='grc' dir='ltr'>ἐκείνοις</span> <span class='ocrx_word' id='word_1_733' title='bbox 868 4851 1008 4904; x_wconf 88' lang='grc' dir='ltr'>ἐθῶν</span> <span class='ocrx_word' id='word_1_734' title='bbox 1047 4851 1122 4915; x_wconf 84' lang='grc' dir='ltr'>ὡς</span> <span class='ocrx_word' id='word_1_735' title='bbox 1172 4852 1442 4905; x_wconf 85' lang='grc' dir='ltr'>ἀπωτάτω</span> <span class='ocrx_word' id='word_1_736' title='bbox 1491 4856 1708 4926; x_wconf 89' lang='grc' dir='ltr'>χωρεῖν.</span> 
     </span>
    </p>
   </div>
   <div class='ocr_carea' id='block_1_97' title="bbox 117 4934 1714 5018">
    <p class='ocr_par' dir='ltr' id='par_1_97' title="bbox 117 4934 1714 5018">
     <span class='ocr_line' id='line_1_97' title="bbox 117 4934 1714 5018; baseline 0.008 -33"><span class='ocrx_word' id='word_1_737' title='bbox 117 4934 402 5010; x_wconf 81' lang='grc' dir='ltr'>Τοιγάρτοι</span> <span class='ocrx_word' id='word_1_738' title='bbox 442 4939 596 5013; x_wconf 75' lang='grc' dir='ltr'>φησὶ</span> <span class='ocrx_word' id='word_1_739' title='bbox 648 4941 840 4994; x_wconf 78' lang='grc' dir='ltr'>πάλινο</span> <span class='ocrx_word' id='word_1_740' title='bbox 893 4960 910 4993; x_wconf 78' lang='grc' dir='ltr'><strong>ι</strong></span> <span class='ocrx_word' id='word_1_741' title='bbox 965 4939 1090 4995; x_wconf 81' lang='grc' dir='ltr'><strong>Ἐὰν</strong></span> <span class='ocrx_word' id='word_1_742' title='bbox 1121 4941 1178 4994; x_wconf 83' lang='grc' dir='ltr'>δὲ</span> <span class='ocrx_word' id='word_1_743' title='bbox 1212 4942 1570 5018; x_wconf 81' lang='grc' dir='ltr'>ἐξολοθρεύσῃ</span> <span class='ocrx_word' id='word_1_744' title='bbox 1601 4945 1714 5000; x_wconf 85' lang='grc' dir='ltr'><strong>Κύ-</strong></span> 
     </span>
    </p>
   </div>
   <div class='ocr_carea' id='block_1_98' title="bbox 117 5030 1717 5104">
    <p class='ocr_par' dir='ltr' id='par_1_98' title="bbox 117 5030 1717 5104">
     <span class='ocr_line' id='line_1_98' title="bbox 117 5030 1717 5104; baseline 0.005 -25"><span class='ocrx_word' id='word_1_745' title='bbox 117 5044 219 5096; x_wconf 88' lang='grc' dir='ltr'>ριος</span> <span class='ocrx_word' id='word_1_746' title='bbox 263 5034 293 5085; x_wconf 87' lang='lat'><strong>6</strong></span> <span class='ocrx_word' id='word_1_747' title='bbox 347 5033 496 5097; x_wconf 88' lang='grc' dir='ltr'>Θεός</span> <span class='ocrx_word' id='word_1_748' title='bbox 547 5048 647 5084; x_wconf 90' lang='grc' dir='ltr'><strong>σου</strong></span> <span class='ocrx_word' id='word_1_749' title='bbox 684 5033 753 5084; x_wconf 81' lang='grc' dir='ltr'><strong>τὰ</strong></span> <span class='ocrx_word' id='word_1_750' title='bbox 783 5032 930 5102; x_wconf 71' lang='grc' dir='ltr'>ἔθνη,</span> <span class='ocrx_word' id='word_1_751' title='bbox 986 5033 1064 5094; x_wconf 85' lang='grc' dir='ltr'><strong>είς</strong></span> <span class='ocrx_word' id='word_1_752' title='bbox 1102 5030 1194 5095; x_wconf 80' lang='grc' dir='ltr'><strong>οὒς</strong></span> <span class='ocrx_word' id='word_1_753' title='bbox 1231 5033 1295 5085; x_wconf 84' lang='grc' dir='ltr'><strong>σὺ</strong></span> <span class='ocrx_word' id='word_1_754' title='bbox 1330 5032 1569 5104; x_wconf 81' lang='grc' dir='ltr'>πορεύσῃ</span> <span class='ocrx_word' id='word_1_755' title='bbox 1599 5035 1717 5088; x_wconf 84' lang='grc' dir='ltr'>ἐκεῖ</span> 
     </span>
    </p>
   </div>
   <div class='ocr_carea' id='block_1_99' title="bbox 116 5121 1714 5196">
    <p class='ocr_par' dir='ltr' id='par_1_99' title="bbox 116 5121 1714 5196">
     <span class='ocr_line' id='line_1_99' title="bbox 116 5121 1714 5196; baseline 0.006 -26"><span class='ocrx_word' id='word_1_756' title='bbox 116 5121 196 5174; x_wconf 80' lang='grc' dir='ltr'>τοῦ</span> <span class='ocrx_word' id='word_1_757' title='bbox 231 5125 675 5196; x_wconf 83' lang='grc' dir='ltr'>κληρονομῆσαι</span> <span class='ocrx_word' id='word_1_758' title='bbox 725 5123 820 5195; x_wconf 79' lang='grc' dir='ltr'>τὴν</span> <span class='ocrx_word' id='word_1_759' title='bbox 870 5124 973 5193; x_wconf 79' lang='grc' dir='ltr'>γῆν</span> <span class='ocrx_word' id='word_1_760' title='bbox 1014 5123 1216 5188; x_wconf 83' lang='grc' dir='ltr'>αὐτῶν,</span> <span class='ocrx_word' id='word_1_761' title='bbox 1269 5124 1377 5177; x_wconf 82' lang='grc' dir='ltr'><strong>ἀπὸ</strong></span> <span class='ocrx_word' id='word_1_762' title='bbox 1421 5125 1714 5195; x_wconf 85' lang='grc' dir='ltr'>προσώπου</span> 
     </span>
    </p>
   </div>
   <div class='ocr_carea' id='block_1_100' title="bbox 114 5213 1714 5288">
    <p class='ocr_par' dir='ltr' id='par_1_100' title="bbox 114 5213 1714 5288">
     <span class='ocr_line' id='line_1_100' title="bbox 114 5213 1714 5288; baseline 0.004 -26"><span class='ocrx_word' id='word_1_763' title='bbox 114 5227 219 5279; x_wconf 81' lang='grc' dir='ltr'>σου,</span> <span class='ocrx_word' id='word_1_764' title='bbox 248 5218 344 5268; x_wconf 58' lang='grc' dir='ltr'><strong>καὶ⁵</strong></span> <span class='ocrx_word' id='word_1_765' title='bbox 387 5213 977 5286; x_wconf 81' lang='grc' dir='ltr'>κατακληρονομήσῃς</span> <span class='ocrx_word' id='word_1_766' title='bbox 1005 5213 1221 5277; x_wconf 73' lang='grc' dir='ltr'>αὐτοὺς,</span> <span class='ocrx_word' id='word_1_767' title='bbox 1263 5215 1356 5266; x_wconf 74' lang='grc' dir='ltr'>καὶ</span> <span class='ocrx_word' id='word_1_768' title='bbox 1383 5216 1714 5288; x_wconf 78' lang='grc' dir='ltr'>κατοικήσῃς</span> 
     </span>
    </p>
   </div>
   <div class='ocr_carea' id='block_1_101' title="bbox 115 5301 1705 5378">
    <p class='ocr_par' dir='ltr' id='par_1_101' title="bbox 115 5301 1705 5378">
     <span class='ocr_line' id='line_1_101' title="bbox 115 5301 1705 5378; baseline 0.012 -27"><span class='ocrx_word' id='word_1_769' title='bbox 115 5301 163 5353; x_wconf 86' lang='grc' dir='ltr'><strong>ἐν</strong></span> <span class='ocrx_word' id='word_1_770' title='bbox 213 5307 282 5375; x_wconf 80' lang='grc' dir='ltr'>τῇ</span> <span class='ocrx_word' id='word_1_771' title='bbox 346 5307 425 5374; x_wconf 82' lang='grc' dir='ltr'>γῇ</span> <span class='ocrx_word' id='word_1_772' title='bbox 476 5302 695 5363; x_wconf 80' lang='grc' dir='ltr'>αὐτῶν,</span> <span class='ocrx_word' id='word_1_773' title='bbox 741 5303 974 5374; x_wconf 84' lang='grc' dir='ltr'>πρόσεχε</span> <span class='ocrx_word' id='word_1_774' title='bbox 1026 5301 1227 5372; x_wconf 85' lang='grc' dir='ltr'>σαυτῷ,</span> <span class='ocrx_word' id='word_1_775' title='bbox 1277 5302 1352 5373; x_wconf 84' lang='grc' dir='ltr'>μὴ</span> <span class='ocrx_word' id='word_1_776' title='bbox 1391 5303 1705 5378; x_wconf 79' lang='grc' dir='ltr'>ἐκζητήσῃς</span> 
     </span>
    </p>
   </div>
   <div class='ocr_carea' id='block_1_102' title="bbox 113 5383 1713 5466">
    <p class='ocr_par' dir='ltr' id='par_1_102' title="bbox 113 5383 1713 5466">
     <span class='ocr_line' id='line_1_102' title="bbox 113 5383 1713 5466; baseline 0.004 -21"><span class='ocrx_word' id='word_1_777' title='bbox 113 5393 570 5464; x_wconf 74' lang='grc' dir='ltr'>ἐπακολουθῆσαι</span> <span class='ocrx_word' id='word_1_778' title='bbox 621 5383 808 5458; x_wconf 71' lang='grc' dir='ltr'>αὐτοῖς</span> <span class='ocrx_word' id='word_1_779' title='bbox 851 5394 989 5465; x_wconf 86' lang='grc' dir='ltr'><strong>μετά</strong></span> <span class='ocrx_word' id='word_1_780' title='bbox 1033 5392 1094 5447; x_wconf 81' lang='grc' dir='ltr'>τὸ</span> <span class='ocrx_word' id='word_1_781' title='bbox 1138 5393 1578 5466; x_wconf 81' lang='grc' dir='ltr'>ἐξολοθρευθῆναι</span> <span class='ocrx_word' id='word_1_782' title='bbox 1611 5399 1713 5452; x_wconf 86' lang='grc' dir='ltr'>αύ-</span> 
     </span>
    </p>
   </div>
   <div class='ocr_carea' id='block_1_103' title="bbox 111 5481 1714 5556">
    <p class='ocr_par' dir='ltr' id='par_1_103' title="bbox 111 5481 1714 5556">
     <span class='ocr_line' id='line_1_103' title="bbox 111 5481 1714 5556; baseline 0.006 -24"><span class='ocrx_word' id='word_1_783' title='bbox 111 5485 226 5548; x_wconf 79' lang='grc' dir='ltr'>τοὺς</span> <span class='ocrx_word' id='word_1_784' title='bbox 276 5487 395 5540; x_wconf 82' lang='grc' dir='ltr'><strong>ἀπὸ</strong></span> <span class='ocrx_word' id='word_1_785' title='bbox 445 5483 764 5556; x_wconf 78' lang='grc' dir='ltr'>προσώπου</span> <span class='ocrx_word' id='word_1_786' title='bbox 815 5500 939 5543; x_wconf 89' lang='grc' dir='ltr'>σου,</span> <span class='ocrx_word' id='word_1_787' title='bbox 989 5483 1048 5534; x_wconf 85' lang='grc' dir='ltr'><strong>οὑ</strong></span> <span class='ocrx_word' id='word_1_788' title='bbox 1108 5481 1182 5553; x_wconf 84' lang='grc' dir='ltr'>μὴ</span> <span class='ocrx_word' id='word_1_789' title='bbox 1233 5481 1538 5555; x_wconf 83' lang='grc' dir='ltr'>ἐκζητήσῃς</span> <span class='ocrx_word' id='word_1_790' title='bbox 1587 5487 1714 5552; x_wconf 82' lang='grc' dir='ltr'>τοὺς</span> 
     </span>
    </p>
   </div>
   <div class='ocr_carea' id='block_1_104' title="bbox 109 5572 1710 5645">
    <p class='ocr_par' dir='ltr' id='par_1_104' title="bbox 109 5572 1710 5645">
     <span class='ocr_line' id='line_1_104' title="bbox 109 5572 1710 5645; baseline 0.003 -18"><span class='ocrx_word' id='word_1_791' title='bbox 109 5572 253 5642; x_wconf 81' lang='grc' dir='ltr'>θεοὺς</span> <span class='ocrx_word' id='word_1_792' title='bbox 271 5577 502 5642; x_wconf 75' lang='grc' dir='ltr'>αὐτῶν,</span> <span class='ocrx_word' id='word_1_793' title='bbox 533 5575 742 5641; x_wconf 84' lang='grc' dir='ltr'>λέγων,</span> <span class='ocrx_word' id='word_1_794' title='bbox 775 5575 898 5638; x_wconf 83' lang='grc' dir='ltr'>Πῶς</span> <span class='ocrx_word' id='word_1_795' title='bbox 926 5573 1221 5628; x_wconf 84' lang='grc' dir='ltr'>ποιοῦσιτὰ</span> <span class='ocrx_word' id='word_1_796' title='bbox 1245 5574 1371 5645; x_wconf 83' lang='grc' dir='ltr'>ἐθνη</span> <span class='ocrx_word' id='word_1_797' title='bbox 1402 5574 1572 5630; x_wconf 81' lang='grc' dir='ltr'>ταῦτα</span> <span class='ocrx_word' id='word_1_798' title='bbox 1598 5580 1710 5644; x_wconf 87' lang='grc' dir='ltr'>τοῖς</span> 
     </span>
    </p>
   </div>
   <div class='ocr_carea' id='block_1_105' title="bbox 170 5695 1397 5766">
    <p class='ocr_par' dir='ltr' id='par_1_105' title="bbox 170 5695 1397 5766">
     <span class='ocr_line' id='line_1_105' title="bbox 170 5695 1397 5766; baseline -0.003 -11"><span class='ocrx_word' id='word_1_799' title='bbox 170 5697 212 5731; x_wconf 86' lang='grc'><strong><em>⁶⁹</em></strong></span> <span class='ocrx_word' id='word_1_800' title='bbox 235 5699 259 5755; x_wconf 81' lang='grc' dir='ltr'><strong>Ι</strong></span> <span class='ocrx_word' id='word_1_801' title='bbox 284 5701 427 5758; x_wconf 88' lang='lat' dir='ltr'><strong>Cor.</strong></span> <span class='ocrx_word' id='word_1_802' title='bbox 463 5713 551 5766; x_wconf 72' lang='grc' dir='ltr'>χι,</span> <span class='ocrx_word' id='word_1_803' title='bbox 579 5695 677 5760; x_wconf 68' lang='lat'><strong>27,</strong></span> <span class='ocrx_word' id='word_1_804' title='bbox 709 5696 798 5753; x_wconf 70' lang='lat'><strong>28.</strong></span> <span class='ocrx_word' id='word_1_805' title='bbox 875 5698 922 5730; x_wconf 80' lang='lat'><strong>&#39;°</strong></span> <span class='ocrx_word' id='word_1_806' title='bbox 960 5698 1120 5753; x_wconf 89' lang='lat' dir='ltr'><strong>Deut.</strong></span> <span class='ocrx_word' id='word_1_807' title='bbox 1161 5713 1258 5764; x_wconf 80' lang='lat' dir='ltr'><strong>xu,</strong></span> <span class='ocrx_word' id='word_1_808' title='bbox 1285 5695 1397 5751; x_wconf 78' lang='grc'><strong>1-5.</strong></span> 
     </span>
    </p>
   </div>
   <div class='ocr_carea' id='block_1_106' title="bbox 1817 4471 3394 4548">
    <p class='ocr_par' dir='ltr' id='par_1_106' title="bbox 1817 4471 3394 4548">
     <span class='ocr_line' id='line_1_106' title="bbox 1817 4471 3394 4548; baseline -0.004 -16"><span class='ocrx_word' id='word_1_809' title='bbox 1817 4492 2042 4548; x_wconf 89' lang='lat' dir='ltr'><strong>operam</strong></span> <span class='ocrx_word' id='word_1_810' title='bbox 2066 4475 2288 4531; x_wconf 88' lang='lat' dir='ltr'><strong>dabant.</strong></span> <span class='ocrx_word' id='word_1_811' title='bbox 2323 4473 2431 4530; x_wconf 91' lang='lat' dir='ltr'><strong>Sed</strong></span> <span class='ocrx_word' id='word_1_812' title='bbox 2464 4488 2688 4529; x_wconf 90' lang='lat' dir='ltr'><strong>necesse</strong></span> <span class='ocrx_word' id='word_1_813' title='bbox 2725 4481 2852 4528; x_wconf 84' lang='lat' dir='ltr'><strong>erat</strong></span> <span class='ocrx_word' id='word_1_814' title='bbox 2871 4480 2953 4538; x_wconf 87' lang='lat' dir='ltr'><strong>ut,</strong></span> <span class='ocrx_word' id='word_1_815' title='bbox 2994 4471 3045 4526; x_wconf 91' lang='lat' dir='ltr'><strong>ei</strong></span> <span class='ocrx_word' id='word_1_816' title='bbox 3077 4471 3171 4542; x_wconf 87' lang='lat' dir='ltr'><strong>qui</strong></span> <span class='ocrx_word' id='word_1_817' title='bbox 3199 4482 3394 4527; x_wconf 88' lang='lat' dir='ltr'><strong>natura</strong></span> 
     </span>
    </p>
   </div>
   <div class='ocr_carea' id='block_1_107' title="bbox 1815 4563 3394 4638">
    <p class='ocr_par' dir='ltr' id='par_1_107' title="bbox 1815 4563 3394 4638">
     <span class='ocr_line' id='line_1_107' title="bbox 1815 4563 3394 4638; baseline -0.001 -16"><span class='ocrx_word' id='word_1_818' title='bbox 1815 4575 1872 4622; x_wconf 90' lang='lat' dir='ltr'><strong>et</strong></span> <span class='ocrx_word' id='word_1_819' title='bbox 1910 4584 2039 4624; x_wconf 89' lang='lat' dir='ltr'><strong>vere</strong></span> <span class='ocrx_word' id='word_1_820' title='bbox 2079 4568 2225 4622; x_wconf 88' lang='lat' dir='ltr'><strong>Deus</strong></span> <span class='ocrx_word' id='word_1_821' title='bbox 2260 4574 2363 4633; x_wconf 92' lang='lat' dir='ltr'><strong>est,</strong></span> <span class='ocrx_word' id='word_1_822' title='bbox 2393 4565 2622 4638; x_wconf 88' lang='lat' dir='ltr'><strong>subjecti</strong></span> <span class='ocrx_word' id='word_1_823' title='bbox 2652 4565 2924 4630; x_wconf 88' lang='lat' dir='ltr'><strong>homines,</strong></span> <span class='ocrx_word' id='word_1_824' title='bbox 2948 4564 3087 4619; x_wconf 88' lang='lat' dir='ltr'><strong>nihil</strong></span> <span class='ocrx_word' id='word_1_825' title='bbox 3130 4563 3394 4634; x_wconf 32' lang='lat' dir='ltr'><strong>1prtime-</strong></span> 
     </span>
    </p>
   </div>
   <div class='ocr_carea' id='block_1_108' title="bbox 1812 4657 3391 4726">
    <p class='ocr_par' dir='ltr' id='par_1_108' title="bbox 1812 4657 3391 4726">
     <span class='ocr_line' id='line_1_108' title="bbox 1812 4657 3391 4726; baseline -0.004 -10"><span class='ocrx_word' id='word_1_826' title='bbox 1812 4669 2048 4726; x_wconf 90' lang='lat' dir='ltr'><strong>scentes,</strong></span> <span class='ocrx_word' id='word_1_827' title='bbox 2076 4660 2379 4716; x_wconf 89' lang='lat' dir='ltr'><strong>errantium</strong></span> <span class='ocrx_word' id='word_1_828' title='bbox 2422 4659 2706 4714; x_wconf 90' lang='lat' dir='ltr'><strong>hominum</strong></span> <span class='ocrx_word' id='word_1_829' title='bbox 2737 4659 2948 4714; x_wconf 88' lang='lat' dir='ltr'><strong>ludicra</strong></span> <span class='ocrx_word' id='word_1_830' title='bbox 2973 4657 3391 4723; x_wconf 89' lang='lat' dir='ltr'><strong>demolirentur,</strong></span> 
     </span>
    </p>
   </div>
   <div class='ocr_carea' id='block_1_109' title="bbox 1810 4750 3390 4824">
    <p class='ocr_par' dir='ltr' id='par_1_109' title="bbox 1810 4750 3390 4824">
     <span class='ocr_line' id='line_1_109' title="bbox 1810 4750 3390 4824; baseline -0.003 -14"><span class='ocrx_word' id='word_1_831' title='bbox 1810 4762 1866 4809; x_wconf 90' lang='lat' dir='ltr'><strong>et</strong></span> <span class='ocrx_word' id='word_1_832' title='bbox 1888 4754 1957 4810; x_wconf 89' lang='lat' dir='ltr'><strong>ab</strong></span> <span class='ocrx_word' id='word_1_833' title='bbox 1991 4754 2207 4808; x_wconf 84' lang='lat' dir='ltr'><strong>illorum</strong></span> <span class='ocrx_word' id='word_1_834' title='bbox 2237 4753 2484 4808; x_wconf 90' lang='lat' dir='ltr'><strong>moribus</strong></span> <span class='ocrx_word' id='word_1_835' title='bbox 2509 4752 2824 4824; x_wconf 82' lang='lat' dir='ltr'><strong>longissime</strong></span> <span class='ocrx_word' id='word_1_836' title='bbox 2857 4751 3197 4808; x_wconf 88' lang='lat' dir='ltr'><strong>recederent.</strong></span> <span class='ocrx_word' id='word_1_837' title='bbox 3233 4750 3390 4805; x_wconf 83' lang='lat' dir='ltr'><strong>Ideo—</strong></span> 
     </span>
    </p>
   </div>
   <div class='ocr_carea' id='block_1_110' title="bbox 1811 4840 3393 4916">
    <p class='ocr_par' dir='ltr' id='par_1_110' title="bbox 1811 4840 3393 4916">
     <span class='ocr_line' id='line_1_110' title="bbox 1811 4840 3393 4916; baseline -0.003 -16"><span class='ocrx_word' id='word_1_838' title='bbox 1811 4862 1920 4916; x_wconf 86' lang='lat' dir='ltr'><strong>que</strong></span> <span class='ocrx_word' id='word_1_839' title='bbox 1954 4862 2148 4900; x_wconf 88' lang='lat' dir='ltr'><strong>rursus</strong></span> <span class='ocrx_word' id='word_1_840' title='bbox 2183 4845 2359 4900; x_wconf 88' lang='lat' dir='ltr'><strong>dicit:</strong></span> <span class='ocrx_word' id='word_1_841' title='bbox 2395 4863 2413 4897; x_wconf 79' lang='grc' dir='ltr'><strong>ι</strong></span> <span class='ocrx_word' id='word_1_842' title='bbox 2447 4844 2584 4900; x_wconf 87' lang='lat' dir='ltr'><strong>Cum</strong></span> <span class='ocrx_word' id='word_1_843' title='bbox 2613 4843 2774 4914; x_wconf 79' lang='lat'><strong>1&#39;79</strong></span> <span class='ocrx_word' id='word_1_844' title='bbox 2801 4840 3251 4898; x_wconf 77' lang='lat' dir='ltr'><strong>exterminaverit</strong></span> <span class='ocrx_word' id='word_1_845' title='bbox 3282 4841 3393 4896; x_wconf 85' lang='lat' dir='ltr'><strong>Do-</strong></span> 
     </span>
    </p>
   </div>
   <div class='ocr_carea' id='block_1_111' title="bbox 1812 4932 3397 5006">
    <p class='ocr_par' dir='ltr' id='par_1_111' title="bbox 1812 4932 3397 5006">
     <span class='ocr_line' id='line_1_111' title="bbox 1812 4932 3397 5006; baseline -0.003 -15"><span class='ocrx_word' id='word_1_846' title='bbox 1812 4937 1996 4992; x_wconf 90' lang='lat' dir='ltr'><strong>minus</strong></span> <span class='ocrx_word' id='word_1_847' title='bbox 2015 4936 2161 4990; x_wconf 89' lang='lat' dir='ltr'><strong>Deus</strong></span> <span class='ocrx_word' id='word_1_848' title='bbox 2187 4946 2316 4992; x_wconf 91' lang='lat' dir='ltr'><strong>tuus</strong></span> <span class='ocrx_word' id='word_1_849' title='bbox 2336 4944 2527 5006; x_wconf 86' lang='lat' dir='ltr'><strong>gentes</strong></span> <span class='ocrx_word' id='word_1_850' title='bbox 2570 4949 2707 5004; x_wconf 90' lang='lat' dir='ltr'><strong>quas</strong></span> <span class='ocrx_word' id='word_1_851' title='bbox 2734 4942 2790 4988; x_wconf 90' lang='lat' dir='ltr'><strong>tu</strong></span> <span class='ocrx_word' id='word_1_852' title='bbox 2815 4932 3162 5004; x_wconf 84' lang='lat' dir='ltr'><strong>ingredieris,</strong></span> <span class='ocrx_word' id='word_1_853' title='bbox 3189 4937 3248 4985; x_wconf 89' lang='lat' dir='ltr'><strong>ut</strong></span> <span class='ocrx_word' id='word_1_854' title='bbox 3271 4946 3397 5000; x_wconf 85' lang='lat' dir='ltr'><strong>pos-</strong></span> 
     </span>
    </p>
   </div>
   <div class='ocr_carea' id='block_1_112' title="bbox 1812 5025 3473 5096">
    <p class='ocr_par' dir='ltr' id='par_1_112' title="bbox 1812 5025 3473 5096">
     <span class='ocr_line' id='line_1_112' title="bbox 1812 5025 3473 5096; baseline 0.001 -12"><span class='ocrx_word' id='word_1_855' title='bbox 1812 5028 1993 5084; x_wconf 89' lang='lat' dir='ltr'><strong>sideas</strong></span> <span class='ocrx_word' id='word_1_856' title='bbox 2026 5036 2245 5093; x_wconf 85' lang='lat' dir='ltr'><strong>terram,</strong></span> <span class='ocrx_word' id='word_1_857' title='bbox 2279 5044 2309 5082; x_wconf 92' lang='lat' dir='ltr'><strong>a</strong></span> <span class='ocrx_word' id='word_1_858' title='bbox 2341 5027 2478 5083; x_wconf 88' lang='lat' dir='ltr'><strong>facie</strong></span> <span class='ocrx_word' id='word_1_859' title='bbox 2504 5035 2617 5091; x_wconf 88' lang='lat' dir='ltr'><strong>tua,</strong></span> <span class='ocrx_word' id='word_1_860' title='bbox 2642 5033 2697 5080; x_wconf 89' lang='lat' dir='ltr'><strong>et</strong></span> <span class='ocrx_word' id='word_1_861' title='bbox 2728 5025 3039 5096; x_wconf 88' lang='lat' dir='ltr'><strong>possederis</strong></span> <span class='ocrx_word' id='word_1_862' title='bbox 3060 5043 3177 5095; x_wconf 91' lang='lat' dir='ltr'><strong>eos,</strong></span> <span class='ocrx_word' id='word_1_863' title='bbox 3205 5039 3261 5084; x_wconf 90' lang='lat' dir='ltr'><strong>et</strong></span> <span class='ocrx_word' id='word_1_864' title='bbox 3294 5029 3394 5086; x_wconf 90' lang='lat' dir='ltr'><strong>ha-</strong></span> <span class='ocrx_word' id='word_1_865' title='bbox 3447 5054 3473 5072; x_wconf 82' lang='grc' dir='ltr'><strong>ο</strong></span> 
     </span>
    </p>
   </div>
   <div class='ocr_carea' id='block_1_113' title="bbox 1815 5119 3398 5192">
    <p class='ocr_par' dir='ltr' id='par_1_113' title="bbox 1815 5119 3398 5192">
     <span class='ocr_line' id='line_1_113' title="bbox 1815 5119 3398 5192; baseline 0.001 -15"><span class='ocrx_word' id='word_1_866' title='bbox 1815 5122 2074 5177; x_wconf 83' lang='lat' dir='ltr'><strong>bitaveris</strong></span> <span class='ocrx_word' id='word_1_867' title='bbox 2095 5123 2151 5176; x_wconf 91' lang='lat' dir='ltr'><strong>in</strong></span> <span class='ocrx_word' id='word_1_868' title='bbox 2174 5131 2320 5176; x_wconf 88' lang='lat' dir='ltr'><strong>terra</strong></span> <span class='ocrx_word' id='word_1_869' title='bbox 2343 5121 2611 5191; x_wconf 90' lang='lat' dir='ltr'><strong>ipsorum,</strong></span> <span class='ocrx_word' id='word_1_870' title='bbox 2634 5134 2764 5175; x_wconf 88' lang='lat' dir='ltr'><strong>cave</strong></span> <span class='ocrx_word' id='word_1_871' title='bbox 2789 5119 2886 5173; x_wconf 91' lang='lat' dir='ltr'><strong>tibi</strong></span> <span class='ocrx_word' id='word_1_872' title='bbox 2915 5119 3042 5192; x_wconf 90' lang='lat' dir='ltr'><strong>ipsi,</strong></span> <span class='ocrx_word' id='word_1_873' title='bbox 3066 5137 3136 5176; x_wconf 90' lang='lat' dir='ltr'><strong>ne</strong></span> <span class='ocrx_word' id='word_1_874' title='bbox 3173 5123 3398 5179; x_wconf 88' lang='lat' dir='ltr'><strong>studeas</strong></span> 
     </span>
    </p>
   </div>
   <div class='ocr_carea' id='block_1_114' title="bbox 1819 5210 3390 5284">
    <p class='ocr_par' dir='ltr' id='par_1_114' title="bbox 1819 5210 3390 5284">
     <span class='ocr_line' id='line_1_114' title="bbox 1819 5210 3390 5284; baseline -0.001 -15"><span class='ocrx_word' id='word_1_875' title='bbox 1819 5214 1976 5284; x_wconf 87' lang='lat' dir='ltr'><strong>sequi</strong></span> <span class='ocrx_word' id='word_1_876' title='bbox 1998 5228 2111 5278; x_wconf 91' lang='lat' dir='ltr'><strong>eos,</strong></span> <span class='ocrx_word' id='word_1_877' title='bbox 2138 5222 2424 5283; x_wconf 89' lang='lat' dir='ltr'><strong>postquam</strong></span> <span class='ocrx_word' id='word_1_878' title='bbox 2448 5212 2791 5268; x_wconf 86' lang='lat' dir='ltr'><strong>cxterminati</strong></span> <span class='ocrx_word' id='word_1_879' title='bbox 2812 5210 3018 5266; x_wconf 88' lang='lat' dir='ltr'><strong>fuerint</strong></span> <span class='ocrx_word' id='word_1_880' title='bbox 3035 5229 3066 5268; x_wconf 90' lang='lat' dir='ltr'><strong>a</strong></span> <span class='ocrx_word' id='word_1_881' title='bbox 3094 5213 3232 5270; x_wconf 88' lang='lat' dir='ltr'><strong>facie</strong></span> <span class='ocrx_word' id='word_1_882' title='bbox 3270 5223 3390 5279; x_wconf 89' lang='lat' dir='ltr'><strong>tua;</strong></span> 
     </span>
    </p>
   </div>
   <div class='ocr_carea' id='block_1_115' title="bbox 1818 5301 3394 5373">
    <p class='ocr_par' dir='ltr' id='par_1_115' title="bbox 1818 5301 3394 5373">
     <span class='ocr_line' id='line_1_115' title="bbox 1818 5301 3394 5373; baseline -0.001 -15"><span class='ocrx_word' id='word_1_883' title='bbox 1818 5320 1926 5359; x_wconf 90' lang='lat' dir='ltr'><strong>non</strong></span> <span class='ocrx_word' id='word_1_884' title='bbox 1957 5303 2211 5373; x_wconf 80' lang='lat' dir='ltr'><strong>exquires</strong></span> <span class='ocrx_word' id='word_1_885' title='bbox 2243 5303 2376 5358; x_wconf 91' lang='lat' dir='ltr'><strong>deos</strong></span> <span class='ocrx_word' id='word_1_886' title='bbox 2399 5318 2611 5367; x_wconf 89' lang='lat' dir='ltr'><strong>eorum,</strong></span> <span class='ocrx_word' id='word_1_887' title='bbox 2630 5301 2819 5356; x_wconf 90' lang='lat' dir='ltr'><strong>dicens</strong></span> <span class='ocrx_word' id='word_1_888' title='bbox 2845 5319 2859 5354; x_wconf 89' lang='lat'><strong>:</strong></span> <span class='ocrx_word' id='word_1_889' title='bbox 2881 5301 3165 5368; x_wconf 87' lang='lat' dir='ltr'><strong>Quomodo</strong></span> <span class='ocrx_word' id='word_1_890' title='bbox 3189 5303 3394 5357; x_wconf 88' lang='lat' dir='ltr'><strong>faciunt</strong></span> 
     </span>
    </p>
   </div>
   <div class='ocr_carea' id='block_1_116' title="bbox 1815 5393 3394 5465">
    <p class='ocr_par' dir='ltr' id='par_1_116' title="bbox 1815 5393 3394 5465">
     <span class='ocr_line' id='line_1_116' title="bbox 1815 5393 3394 5465; baseline 0 -15"><span class='ocrx_word' id='word_1_891' title='bbox 1815 5404 2004 5465; x_wconf 80' lang='lat' dir='ltr'><strong>gentes</strong></span> <span class='ocrx_word' id='word_1_892' title='bbox 2048 5395 2132 5449; x_wconf 67' lang='lat' dir='ltr'><strong>hae</strong></span> <span class='ocrx_word' id='word_1_893' title='bbox 2180 5395 2287 5448; x_wconf 89' lang='lat' dir='ltr'><strong>diis</strong></span> <span class='ocrx_word' id='word_1_894' title='bbox 2327 5395 2460 5458; x_wconf 88' lang='lat' dir='ltr'><strong>suis,</strong></span> <span class='ocrx_word' id='word_1_895' title='bbox 2511 5393 2590 5448; x_wconf 90' lang='lat' dir='ltr'><strong>sic</strong></span> <span class='ocrx_word' id='word_1_896' title='bbox 2631 5401 2687 5448; x_wconf 91' lang='lat' dir='ltr'><strong>et</strong></span> <span class='ocrx_word' id='word_1_897' title='bbox 2737 5408 2838 5465; x_wconf 89' lang='lat' dir='ltr'><strong>ego</strong></span> <span class='ocrx_word' id='word_1_898' title='bbox 2884 5394 3115 5461; x_wconf 88' lang='lat' dir='ltr'><strong>faciam;</strong></span> <span class='ocrx_word' id='word_1_899' title='bbox 3161 5409 3269 5450; x_wconf 91' lang='lat' dir='ltr'><strong>non</strong></span> <span class='ocrx_word' id='word_1_900' title='bbox 3313 5393 3394 5450; x_wconf 89' lang='lat' dir='ltr'><strong>sic</strong></span> 
     </span>
    </p>
   </div>
   <div class='ocr_carea' id='block_1_117' title="bbox 1813 5483 3392 5553">
    <p class='ocr_par' dir='ltr' id='par_1_117' title="bbox 1813 5483 3392 5553">
     <span class='ocr_line' id='line_1_117' title="bbox 1813 5483 3392 5553; baseline 0 -14"><span class='ocrx_word' id='word_1_901' title='bbox 1813 5485 1982 5540; x_wconf 84' lang='lat' dir='ltr'><strong>facies</strong></span> <span class='ocrx_word' id='word_1_902' title='bbox 2010 5483 2240 5537; x_wconf 90' lang='lat' dir='ltr'><strong>Domino</strong></span> <span class='ocrx_word' id='word_1_903' title='bbox 2270 5483 2381 5537; x_wconf 84' lang='lat' dir='ltr'><strong>Deo</strong></span> <span class='ocrx_word' id='word_1_904' title='bbox 2406 5491 2502 5537; x_wconf 92' lang='lat' dir='ltr'><strong>tuo</strong></span> <span class='ocrx_word' id='word_1_905' title='bbox 2532 5501 2544 5535; x_wconf 90' lang='lat'><strong>:</strong></span> <span class='ocrx_word' id='word_1_906' title='bbox 2575 5483 3012 5540; x_wconf 88' lang='lat' dir='ltr'><strong>abominationes</strong></span> <span class='ocrx_word' id='word_1_907' title='bbox 3052 5485 3198 5539; x_wconf 87' lang='lat' dir='ltr'><strong>enim</strong></span> <span class='ocrx_word' id='word_1_908' title='bbox 3253 5499 3392 5553; x_wconf 87' lang='lat' dir='ltr'><strong>quas</strong></span> 
     </span>
    </p>
   </div>
   <div class='ocr_carea' id='block_1_118' title="bbox 1813 5573 3397 5645">
    <p class='ocr_par' dir='ltr' id='par_1_118' title="bbox 1813 5573 3397 5645">
     <span class='ocr_line' id='line_1_118' title="bbox 1813 5573 3397 5645; baseline 0.001 -13"><span class='ocrx_word' id='word_1_909' title='bbox 1813 5576 2078 5633; x_wconf 90' lang='lat' dir='ltr'><strong>Dominus</strong></span> <span class='ocrx_word' id='word_1_910' title='bbox 2118 5574 2253 5642; x_wconf 90' lang='lat' dir='ltr'><strong>odit,</strong></span> <span class='ocrx_word' id='word_1_911' title='bbox 2286 5574 2535 5632; x_wconf 87' lang='lat' dir='ltr'><strong>fecerunt</strong></span> <span class='ocrx_word' id='word_1_912' title='bbox 2567 5575 2676 5632; x_wconf 88' lang='lat' dir='ltr'><strong>diis</strong></span> <span class='ocrx_word' id='word_1_913' title='bbox 2714 5577 2856 5645; x_wconf 88' lang='lat' dir='ltr'><strong>suis;</strong></span> <span class='ocrx_word' id='word_1_914' title='bbox 2885 5593 3014 5632; x_wconf 86' lang='lat' dir='ltr'><strong>nam</strong></span> <span class='ocrx_word' id='word_1_915' title='bbox 3050 5575 3217 5631; x_wconf 87' lang='lat' dir='ltr'><strong>etiam</strong></span> <span class='ocrx_word' id='word_1_916' title='bbox 3252 5573 3397 5634; x_wconf 74' lang='lat' dir='ltr'><strong>ﬁlios</strong></span> 
     </span>
    </p>
   </div>
  </div>
