3966 6298
580 270 686 326 449

1622 261 1675 316 S.
1719 259 1990 318 CYlllLLl
2030 257 2500 315 ALEXANDRlNl
2537 259 2855 319 ARCllll'IP.

3755 263 3866 320 4‘20

582 405 713 444 suos
747 397 803 444 et
840 388 985 450 ﬁlias
1029 401 1159 442 suas
1199 385 1529 441 coniburuit
1565 384 1677 455 igni
1722 384 1830 439 diis
1867 384 1982 439 suis
2024 385 2090 434 '“.
2143 401 2160 432 ι

2271 381 2408 444 Θεοῖς
2455 384 2656 450 αὐτῶν,
2689 389 2899 456 ποιήσω
2931 389 3026 440 καὶ
3051 386 3178 452 ἐγώο
3209 386 3271 438 οὐ
3305 387 3540 456 ποιήσῃς
3567 384 3711 438 οὕτω
3746 385 3867 438 Κυ-

581 481 730 536 Bene
765 478 1022 550 prohibet
1057 477 1286 534 omnino
1337 477 1618 547 legislator
1667 493 1734 532 ne
1761 477 2060 531 errantium
2090 475 2165 528 ri-

584 581 672 627 tus
695 570 1011 634 imitentur,
1038 578 1094 623 et
1119 569 1188 624 ab
1214 569 1379 638 impia
1403 569 1496 623 illa
1524 569 1826 623 liberorum
1850 568 1996 623 caede
2019 582 2168 622 rece-

571 663 714 718 dere
736 662 929 733 jubet,
960 661 1190 729 illosque
1232 661 1514 730 sanguinis
1541 659 1792 729 cupidos,
1823 669 1879 714 et
1917 659 2036 714 falsi
2066 674 2167 712 no-

582 757 748 811 minis
815 755 947 811 deos
1017 762 1368 822 corruptores
1436 767 1503 806 ac
1565 751 1870 821 perditores
1941 751 2168 805 humani

577 849 802 920 generis
843 862 962 902 esse
1007 846 1270 916 coarguit,
1297 844 1389 914 qui
1415 844 1721 906 teterrime,
1748 858 1860 912 prae
1903 858 1999 899 sua
2042 843 2168 898 libi-

583 940 736 1004 dine,
759 941 875 1008 ipsa
899 954 1118 1008 quoque
1142 936 1468 992 necessariae
1489 935 1884 990 benevolentia:
1897 936 2021 1005 jura
2042 950 2172 989 con-

580 1041 832 1088 temnant
875 1049 887 1084 :
932 1050 950 1081 ι
1001 1030 1220 1085 Creavit
1251 1030 1401 1084 enim
1434 1028 1618 1082 omnia
1651 1029 1824 1091 Deus,
1865 1037 1925 1081 ut
1965 1035 2167 1090 essent,

581 1130 642 1177 et
663 1124 928 1179 salutares
951 1129 1079 1175 sunt
1103 1118 1482 1190 generationes
1505 1117 1720 1182 mundi,
1744 1124 1800 1171 et
1833 1132 1941 1170 non
1971 1125 2056 1170 est
2083 1116 2170 1169 in-

578 1214 830 1269 ferorum
855 1227 1086 1283 regnum
1113 1211 1168 1264 in
1208 1219 1374 1264 terra.
1403 1208 1614 1264 Invidia
1638 1223 1768 1262 vero
1793 1207 1997 1262 diaboli
2023 1224 2173 1263 mors

585 1304 833 1359 introivit
855 1305 910 1358 in
935 1303 1198 1358 mundum
1219 1304 1284 1356 7'.
1317 1321 1336 1353 ι
1366 1302 1444 1356 Ac
1467 1301 1651 1355 divina
1671 1300 1894 1370 quidem
1920 1302 2173 1355 voluntas

581 1397 783 1452 evertit
813 1405 1067 1462 mortem,
1108 1395 1508 1463 interitumque
1550 1393 1806 1457 destruit,
1848 1401 1904 1447 et
1945 1407 2009 1446 ea
2051 1408 2174 1463 qua:

584 1499 734 1554 sunt,
760 1489 942 1560 perire
983 1505 1092 1544 non
1134 1488 1375 1558 patitur;
1415 1486 1624 1540 creavit
1664 1485 1832 1550 enim,
1863 1494 1924 1540 ut
1964 1494 2168 1550 essent,

585 1581 790 1645 omnia,
816 1580 961 1634 sicut
988 1579 1254 1648 scriptum
1287 1585 1372 1630 est
1403 1593 1415 1627 :
1445 1575 1546 1652 qui.
1577 1591 1710 1630 vero
1742 1575 2049 1630 daemonum
2073 1592 2170 1630 cu-

583 1671 812 1742 piditate
840 1681 1096 1739 tanquam
1122 1668 1332 1722 retibus
1356 1666 1422 1720 ad
1445 1681 1690 1722 errorem
1723 1669 1983 1737 pertracti
2020 1677 2167 1734 sunt,

581 1780 778 1819 eorum
819 1762 1122 1823 interitum,
1165 1760 1279 1830 qui,
1323 1767 1382 1813 ut
1407 1759 1678 1822 viverent,
1712 1769 1838 1813 sunt
1869 1760 2038 1826 editi;
2069 1777 2166 1815 eo-

584 1869 819 1922 rumque
861 1860 1116 1915 mortem,
1161 1852 1276 1920 qui,
1319 1859 1379 1904 ut
1410 1859 1615 1914 essent,
1643 1850 1813 1904 creati
1837 1859 1988 1914 sunt,
2015 1853 2167 1906 velut

583 1947 936 2000 condimenta
979 1944 1226 2014 quzedam
1281 1951 1336 1997 et
1385 1943 1768 1998 odoratissima
1817 1944 2170 2014 thymiamata

581 2037 800 2091 Satanae
827 2037 1084 2090 oﬂ‘erunt.
1116 2036 1493 2090 Pulcherrime
1533 2036 1700 2106 igitur
1734 2035 1951 2090 illorum
1991 2053 2172 2093 mores

579 2128 920 2199 gravissimis
954 2127 1282 2182 criminibus
1317 2142 1437 2181 esse
1483 2127 1676 2195 plenos
1705 2128 1968 2192 ostendit,
2003 2129 2175 2186 viola-

584 2222 742 2290 rique
777 2221 921 2290 apud
952 2236 1049 2275 eos
1089 2229 1364 2284 naturam,
1397 2221 1762 2290 optabilisque
1798 2236 1926 2292 erga
1967 2222 2171 2276 liberos

577 2312 785 2367 amoris
826 2315 950 2383 jura
983 2312 1329 2377 conculcari;
1364 2321 1426 2366 ut
1459 2313 1774 2367 auditorum
1804 2313 2048 2367 animum
2082 2313 2169 2366 in-

580 2421 845 2476 genuum,
875 2414 931 2459 et
962 2405 1222 2460 vitiorum
1246 2405 1552 2469 inimicum,
1581 2405 1646 2458 ad
1674 2420 1736 2458 ea
1769 2405 2167 2474 amplectenda.

578 2497 910 2566 fortiterque
945 2495 1281 2564 arripienda,
1321 2511 1443 2564 qua:
1478 2495 1594 2564 ipse
1632 2495 1798 2549 vellet
1842 2509 1906 2548 ac
1931 2493 2168 2565 juberct,

575 2586 862 2655 aptissime
887 2584 1204 2638 transferat.
1231 2586 1410 2654 Atque
1434 2585 1551 2639 htec
1581 2585 1648 2639 ad
1675 2585 1892 2639 illorum
1923 2586 2170 2656 impieta-

583 2687 692 2731 tem
713 2675 1064 2731 evertendam
1093 2677 1224 2730 olim
1254 2676 1433 2731 edicta
1467 2685 1614 2731 sunt.
1643 2676 1912 2747 Supremo
1941 2687 2168 2748 prater-

574 2782 645 2820 -ea
685 2767 954 2836 supplicio
1004 2767 1202 2832 sanxit,
1227 2767 1271 2822 si
1305 2768 1430 2837 quis
1465 2767 1842 2822 conﬁrmatum
1889 2769 2166 2824 hominem

573 2866 638 2912 et
662 2859 756 2928 qui
787 2859 1038 2914 veritatis
1067 2861 1433 2928 cognitionem
1474 2860 1562 2930 pie
1596 2862 1946 2930 suscepisset,
1973 2878 2002 2915 a
2040 2877 2168 2916 sen-

577 2949 753 3003 tentia
794 2948 1070 3005 deducere
1123 2959 1404 3005 tentasset.
1457 2951 1547 3006 Sic
1593 2953 1741 3007 enim
1798 2969 1990 3008 rursus
2027 2954 2104 3008 ait
2149 2971 2165 3009 :

2271 472 2371 541 ρίῳ
2401 472 2478 542 τῷ
2511 473 2626 543 Θεῷ
2658 491 2749 526 σου
2771 492 2782 503 ·
2814 475 2884 528 τά
2908 475 3015 545 γὰρ
3047 475 3408 545 βδελύγματα,
3451 477 3487 529 ἃ
3507 475 3707 544 Κύριος
3734 477 3863 547 ἐμί-

2271 581 2456 633 σησεν,
2489 566 2748 634 ἐποίησαν
2778 571 2887 629 τοῖς
2916 567 3055 630 θεοῖς
3085 567 3282 632 αὐτῶν,
3317 567 3397 619 ὅτι
3427 569 3521 619 καὶ
3546 569 3672 630 τοὺς
3701 569 3861 632 υἱοὺς

2271 655 2450 708 αὐτῶν
2484 656 2579 734 και
2609 657 2707 721 τάς
2754 657 3060 728 θυγατέρας
3110 659 3288 713 αὐτῶν
3348 659 3733 713 κατακαίουσιν
3789 663 3858 712 ἐν

2273 748 2407 815 πυρὶ
2457 749 2570 810 τοῖς
2605 748 2748 812 θεοῖς
2791 749 2989 803 αὐτῶν.
3038 768 3056 800 ι
3092 746 3166 804 Εὖ
3202 767 3264 818 γε
3318 753 3347 804 ό
3395 751 3688 822 νομοθέτης
3718 755 3860 805 ἀποο

2273 837 2471 905 φάσκει
2501 837 2775 902 παντελῶς
2817 838 2928 891 τῶν
2958 838 3325 909 πλανωμένων
3349 839 3446 910 τὴν
3477 841 3730 910 μίμησιν,
3760 843 3856 896 καλ

2271 927 2574 998 ἀποφοιτᾷν
2601 924 2659 981 εὖ
2693 930 2837 998 μάλα
2869 929 3080 983 κελεύει
3101 931 3198 1000 τῆς
3227 930 3487 1001 ἀνηλεοῦς
3511 932 3844 985 τῶν-τέκνω-

2275 1017 2508 1087 σφαγῆς.
2544 1017 2780 1088 Φθόρους
2802 1019 2857 1071 δὲ
2882 1021 2974 1072 καὶ
2999 1019 3284 1089 λυμεῶνας
3311 1019 3409 1088 τῆς
3437 1020 3533 1073 ἀνθ
3543 1021 3861 1090 ρωπότητος

2271 1108 2399 1171 τοὺς
2427 1108 2787 1180 φιλαιμάτους
2811 1128 2871 1164 τε
2898 1111 2989 1164 καὶ
3017 1110 3406 1181 ψευδωνύμους
3436 1110 3647 1181 ἐλέγχει
3675 1111 3858 1175 θεοὺς.

2273 1198 2369 1251 καὶ
2401 1200 2594 1262 αὐτοὺς
2629 1201 2837 1271 ἀγρίως
2865 1203 2993 1264 τοὺς
3016 1202 3112 1272 τῆς
3141 1201 3443 1270 ἀναγκαίας
3473 1203 3858 1275 φιλοστοργίας

2273 1288 2638 1358 ἀτιμάζοντας
2658 1289 2877 1358 νόμους,
2897 1291 2983 1344 διά
3003 1307 3065 1358 γε
3088 1291 3145 1344 τὸ
3173 1291 3322 1360 σφίσι
3346 1291 3559 1345 δοκοῦν·
3589 1313 3606 1345 ι
3630 1295 3855 1346 Ἔκτισε

2277 1379 2376 1448 μὲν
2429 1379 2538 1449 γὰρ
2589 1382 2666 1443 εἰς
2713 1379 2773 1432 τὸ
2817 1376 2959 1435 εἶναι
3017 1382 3084 1436 τά
3125 1383 3304 1436 πάντα
3338 1383 3490 1449 Θεὸς,
3530 1384 3627 1436 καὶ
3679 1386 3855 1454 σωτή-

2277 1489 2382 1544 ριοι
2412 1473 2469 1524 αἱ
2498 1471 2744 1540 γενέσεις
2763 1473 2854 1526 τοῦ
2897 1475 3126 1545 κόσμου,
3169 1476 3262 1528 καὶ
3296 1476 3396 1528 οὐκ
3420 1475 3568 1530 ἔστιν
3603 1477 3732 1547 ᾅδου
3759 1477 3853 1547 βα-

2276 1563 2472 1618 σίλειον
2506 1565 2598 1618 ἐπὶ
2624 1567 2746 1637 γῆς.
2779 1566 2962 1636 Φθόνῳ
2984 1567 3055 1636 ξδὲ
3091 1567 3343 1621 διαϐόλου
3375 1568 3605 1632 Θάνατος
3639 1571 3721 1632 είς
3763 1571 3851 1622 τὸν

2275 1658 2480 1729 κόσμον
2501 1659 2768 1731 εἰσῆλθεν.
2803 1679 2822 1711 ι
2851 1660 2958 1714 Καὶ
2983 1663 3016 1730 ἠ
3049 1661 3144 1730 μὲν
3173 1661 3294 1714 θεία
3319 1662 3534 1733 θέλησις
3555 1664 3850 1733 ἀνατρέπει

2275 1749 2526 1817 θάνατον,
2555 1753 2649 1805 καὶ
2689 1751 2950 1805 καταλύει
2981 1751 3185 1822 φθοράν
3206 1769 3220 1782 ο
3263 1753 3441 1806 καὶτὸ
3473 1755 3572 1807 οὐκ
3605 1749 3745 1808 εἶναι
3785 1755 3851 1808 τὰ

2275 1840 2403 1894 δντα
2441 1842 2540 1911 (1),
2580 1845 2757 1912 μισεῖο
2809 1842 2993 1897 ἔκτισε
3027 1845 3136 1915 γὰρ
3166 1846 3246 1908 είς
3277 1845 3336 1898 τὺ
3379 1841 3518 1898 εἶναι
3552 1846 3618 1899 τά
3654 1848 3846 1907 πάντα,

2275 1934 2418 1988 καθά
2451 1934 2776 2005 γέγραπται.
2814 1936 2878 1988 Oi
2920 1935 2978 1988 δὲ
3030 1938 3150 2000 ταῖς
3184 1936 3289 1989 τῶν
3317 1936 3612 2008 δαιμονίων
3661 1939 3850 1991 πλεον-

2273 2025 2447 2090 εξίαις
2477 2027 2934 2096 σεσαγηνευμένοι
2965 2027 3100 2099 πρὸς
3131 2027 3416 2097 πλάνησιν,
3447 2029 3700 2101 καθάπερ
3726 2030 3849 2102 ἡδύ-

2278 2136 2480 2189 σματα,
2501 2120 2597 2172 καὶ
2617 2118 2822 2186 τῶνζᾶτι
2843 2119 3075 2190 μάλιστα
3093 2120 3343 2191 χρηστῶν
3363 2121 3453 2173 καὶ
3473 2121 3848 2192 εὐοσμοτάτων

2275 2211 2656 2281 θυμιαμάτων,
2713 2211 3140 2282 προσκομίζουσι
3197 2211 3275 2281 τῷ
3327 2213 3542 2283 Σατανᾷ
3601 2214 3711 2266 τῶν
3758 2215 3848 2266 ἐπὶ

2276 2303 2386 2374 ζωῇ
2422 2303 2719 2372 γεγονότων
2749 2303 2840 2356 τὸν
2877 2303 3118 2374 ὄλεθρον,
3150 2303 3243 2356 καὶ
3271 2304 3378 2357 τῶν
3407 2306 3742 2374 ἐκτισμένων
3770 2307 3848 2369 εἰς

2271 2395 2332 2448 τὸ
2359 2390 2518 2456 εἶναι,
2552 2395 2644 2448 τὸν
2677 2395 2920 2449 θάνατον.
2948 2394 3304 2463 Εὺφυέστατα
3332 2397 3529 2461 τοίνυν,
3561 2398 3659 2468 τῆς
3685 2400 3845 2468 ἐσχά-

2270 2505 2371 2557 της
2399 2488 2569 2552 δεῖξαι
2610 2487 2864 2557 διαϐολῆς
2910 2487 2976 2541 τὰ
3005 2491 3135 2560 παρ’
3165 2490 3394 2554 ἐκείνοις
3425 2489 3646 2560 ἔμπλεω
3688 2492 3847 2560 ἠϐου-

2272 2579 2406 2649 λήθη
2453 2579 2547 2631 καὶ
2584 2577 2745 2647 φύσιν
2786 2578 3168 2649 ἀδικουμένην,
3225 2580 3318 2632 καὶ
3363 2579 3462 2650 τῆς
3511 2579 3844 2632 πολυεύκτου

2273 2670 2614 2746 φιλοπαιδίας
2663 2670 3082 2741 πεπατημένους
3118 2670 3384 2742 θεσμοὺς,
3432 2672 3746 2742 μτασοὸῶν
3785 2669 3841 2726 εὖ

2275 2766 2419 2836 μάλα
2455 2767 2544 2822 τὸν
2580 2767 2772 2836 εὐγενῆ
2811 2767 2904 2820 καὶ
2941 2767 3235 2837 μισόκακον
3273 2766 3397 2819 νοῦν
3427 2767 3535 2819 τῶν
3559 2767 3844 2838 ἀκροωμέ-

2271 2876 2377 2912 νων
2427 2859 2520 2914 ἐπὶ
2555 2860 2618 2913 τὸ
2664 2861 2860 2932 χρῆναι
2897 2861 3064 2930 τιμᾷν
3111 2860 3204 2912 καὶ
3262 2857 3580 2913 ἀνθελέσθαι
3632 2861 3844 2930 γοργῶς

2279 2950 2422 3022 άπερ
2470 2951 2536 3004 ἂν
2580 2952 2742 3014 αὐτὸς
2793 2950 3032 3022 βούλοιτό
3076 2967 3135 3004 τε
3171 2950 3264 3004 καὶ
3317 2951 3484 3017 λέγοι.
3533 2951 3642 3003 Καὶ
3685 2953 3843 3004 ταυτὶ

587 3059 609 3091 ‹
638 3039 792 3106 Quod
817 3041 860 3095 si
886 3043 1190 3096 surrexerit
1214 3043 1267 3096 in
1293 3044 1476 3098 medio
1501 3044 1580 3099 tui
1602 3045 1890 3115 propheta,
1916 3048 2002 3101 vel
2025 3063 2168 3101 som-

2275 3043 2394 3112 μὲν,
2445 3043 2524 3106 είς
2559 3042 2870 3114 ἀνατροπὴν
2910 3045 3008 3114 τῆς
3061 3045 3192 3113 παρ’
3239 3042 3464 3104 ἐκείνοις
3497 3042 3841 3112 ἀνοσιότητος

575 3131 741 3188 nians
756 3134 1115 3198 somnium,et
1134 3134 1350 3189 dederit
1367 3136 1465 3189 tibi
1485 3137 1699 3207 signum
1721 3145 1813 3191 aut
1833 3138 2164 3209 prodigium,

570 3233 636 3279 et
655 3225 868 3279 venerit
897 3226 1113 3295 signum
1147 3235 1243 3280 aut
1267 3227 1578 3298 prodigium
1625 3229 1773 3298 quod
1801 3230 2016 3286 locutus
2047 3231 2166 3287 fue-

575 3315 656 3370 rit
681 3316 749 3371 ad
777 3323 852 3381 te,
883 3317 1104 3372 dicens:
1132 3318 1355 3381 Eamus,
1386 3328 1441 3374 ct
1473 3321 1781 3376 serviamus
1807 3322 1914 3377 diis
1949 3323 2164 3388 alienis,

583 3409 744 3477 180
775 3425 913 3478 quos
941 3425 1051 3464 non
1093 3412 1362 3467 novistis:
1404 3429 1512 3468 non
1554 3413 1792 3469 audietis
1830 3415 1998 3470 verba
2037 3432 2166 3486 pro-

573 3501 757 3570 pheta:
780 3500 948 3565 illius,
976 3511 1070 3555 aut
1094 3503 1213 3572 ejus
1237 3505 1331 3572 qui
1380 3504 1678 3559 somniavit
1708 3506 2015 3570 somnium;
2040 3507 2166 3575 quia

579 3596 754 3643 tentat
777 3605 874 3644 vos
903 3590 1169 3645 Dominus
1193 3593 1338 3646 Deus
1371 3601 1575 3657 vester,
1609 3602 1667 3646 ut
1716 3595 1852 3648 sciat
1876 3611 1944 3649 an
1977 3595 2169 3665 diliga-

577 3680 651 3733 tis
690 3681 980 3734 Dominum
1015 3682 1184 3736 Deum
1219 3690 1462 3736 vestrum
1509 3701 1576 3739 ex
1599 3694 1713 3738 toto
1747 3687 1911 3741 corde
1959 3695 2164 3751 vestro,

575 3775 636 3821 et
667 3783 735 3820 ex
770 3776 882 3822 tota
912 3769 1094 3823 anima
1117 3779 1301 3824 vestra
1335 3790 1347 3822 :
1382 3781 1507 3840 post
1535 3775 1829 3828 Dominum
1857 3777 2029 3830 Deum
2068 3794 2165 3831 ve-

577 3867 758 3913 strum
784 3859 1154 3926 ambulabitis,
1183 3869 1240 3916 et.
1263 3862 1442 3930 ipsum
1485 3864 1770 3930 timebitis,
1814 3874 1870 3920 et
1912 3869 2165 3924 mandata

572 3951 700 4019 ejus
733 3952 1078 4018 custodietis,
1105 3963 1160 4008 et
1182 3971 1373 4010 vocem
1400 3959 1518 4028 ejus
1546 3958 1809 4024 audietis,
1850 3970 1905 4014 et
1929 3961 2006 4016 illi
2045 3979 2163 4018 ser-

577 4040 742 4095 vietis
763 4081 777 4106 ,
805 4050 860 4096 et
884 4041 960 4095 illi
997 4043 1377 4112 adhaarebitis;
1407 4056 1462 4102 et
1495 4049 1761 4118 propheta
1790 4051 1903 4116 ille,
1933 4053 2021 4107 vel
2070 4055 2162 4124 qui

576 4134 852 4190 somnium
869 4137 1189 4202 somniavit,
1217 4140 1486 4195 morietur
1512 4159 1524 4195 :
1551 4141 1770 4197 locutus
1800 4154 1884 4200 est
1929 4147 2076 4200 enim
2106 4155 2164 4202 ut

575 4228 875 4284 abduceret
903 4237 953 4284 te
980 4245 1010 4284 a
1042 4229 1276 4286 Domino
1298 4233 1409 4286 Deo
1440 4241 1534 4288 tuo
1559 4235 1625 4287 ⁷³.
1661 4254 1678 4286 ι
1708 4235 1878 4302 Quam
1909 4239 2054 4308 justa
2081 4250 2164 4295 est

574 4319 694 4376 haec
721 4322 826 4387 lex,
851 4338 913 4376 ac
943 4323 1055 4377 Deo
1075 4325 1440 4380 conveniens!
1467 4327 1601 4380 Nam
1623 4327 1668 4381 si
1694 4344 1985 4399 corporum
2019 4333 2162 4386 occi-

2271 3133 2643 3203 ὲνομοθετεῖτο
2671 3134 2858 3188 πάλαι.
2884 3132 3176 3204 Καθορίζει
3197 3134 3252 3187 δὲ
3282 3132 3508 3188 θάνατον
3546 3133 3639 3186 τοῦ
3685 3151 3840 3204 μετα⁹

2269 3227 2477 3280 πείθειν
2513 3227 2784 3292 ἐθέλοντος
2809 3228 2900 3281 τὸν
2923 3230 3020 3300 ὲρη
3032 3226 3329 3299 ρεισμένον,
3355 3227 3562 3296 καὶτῆς
3590 3227 3843 3296 ἀληθείας

2267 3319 2365 3390 τὴν
2406 3319 2606 3387 γνῶσιν
2645 3319 2908 3387 φιλοθέως
2934 3321 3354 3390 είσδεδεγμένον.
3396 3321 3540 3389 Ἔφη
3567 3321 3677 3391 γὰρ
3705 3319 3841 3372 οὕτω

2269 3410 2428 3463 πάλιν
2449 3426 2460 3438 ·
2501 3429 2518 3461 ι
2565 3409 2689 3462 Ἑάν
2714 3411 2769 3464 δὲ
2797 3412 3002 3481 ἀναστῇ
3029 3411 3086 3462 ἐν
3118 3411 3198 3463 σοι
3229 3413 3511 3480 προφήτης
3536 3411 3568 3479 ἢ
3597 3411 3842 3462 ἐνυπνια-

2269 3501 2493 3572 ζόμενος
2527 3503 2588 3555 τὸ
2610 3502 2880 3565 ἐνύπνιον,
2911 3503 3004 3556 καὶ
3025 3503 3099 3572 δῷ
3123 3520 3204 3555 σοι
3230 3504 3452 3572 σημεῖον
3475 3502 3506 3571 ἦ
3536 3503 3719 3572 τέρας,
3755 3501 3841 3553 καὶ

2268 3592 2396 3666 ἔνλθῖ]
2422 3593 2483 3645 τὸ
2515 3596 2738 3664 σημεῖον
2785 3594 2818 3666 ἢ
2848 3595 2909 3648 τὸ
2943 3595 3124 3666 τέρας,
3161 3595 3188 3648 δ
3219 3595 3444 3664 ὲλάλησε
3481 3594 3616 3666 πρὸς
3650 3594 3729 3655 σὲ,
3755 3593 3839 3645 λέ-

2268 3701 2378 3753 γων
2396 3701 2408 3714 '
2443 3685 2804 3757 Πορευθῶμεν
2831 3686 2927 3739 καὶ
2946 3686 3331 3757 λατρεύσωμεν
3355 3687 3496 3748 θεοῖς
3519 3685 3730 3756 ἑτέροις
3753 3684 3841 3747 οὓς

2267 3779 2367 3830 οὐκ
2395 3779 2590 3843 οἴδατε,
2623 3780 2722 3832 οὐκ
2759 3778 3058 3831 ἀκούσεσθε
3095 3779 3202 3831 τῶν
3237 3779 3406 3844 λόγων
3437 3777 3529 3830 τοῦ
3562 3780 3838 3847 προφήτου

2267 3873 2474 3924 ἐκείνου
2515 3870 2548 3938 ἢ
2599 3871 2692 3923 τοῦ
2744 3869 3199 3940 ἐνυπνιαζομένου
3239 3870 3298 3922 τὸ
3337 3869 3593 3922 ἐνύπνιον
3644 3872 3835 3930 έκεῖνο,

2265 3962 2345 4015 ὅτι
2377 3960 2624 4028 πειράζει
2658 3960 2863 4031 Κύριος
2889 3963 2915 4012 ό
2946 3959 3079 4023 Θεός
3111 3977 3203 4012 σου
3237 3961 3380 4030 ὑμᾶς
3410 3959 3504 4013 τοῦ
3541 3960 3760 4024 εἰδέναι,
3795 3962 3839 4013 εί

2266 4055 2517 4122 ἀγαπᾶτε
2560 4053 2651 4105 τὸν
2684 4054 2815 4106 Θεὸν
2859 4052 3012 4124 ὑμῶν
3037 4051 3095 4117 ἐξ
3128 4053 3253 4123 ὅλης
3281 4052 3381 4122 τῆς
3410 4053 3636 4123 καρδίας
3668 4054 3837 4124 ὑμῶν,

2267 4149 2356 4200 καὶ
2386 4147 2444 4213 ἐξ
2461 4147 2588 4214 ὅλης
2613 4148 2711 4212 τῆς
2731 4145 2910 4216 ψυχῆς
2936 4145 3086 4215 ὑμῶν
3107 4161 3121 4174 ·
3153 4145 3327 4197 ὀπίσω
3356 4145 3564 4215 Κυρίου
3590 4145 3684 4198 τοῦ
3710 4145 3838 4198 Θεοῦ

2266 4238 2294 4288 ὑ
2305 4237 2418 4305 μῶν
2449 4235 2798 4306 πορεύσεσθε,
2827 4236 2920 4288 καὶ
2949 4234 3141 4287 τοῦτον
3176 4234 3548 4305 φοϐηθήσεσθε
3568 4276 3582 4296 ,
3618 4237 3713 4288 καὶ
3749 4236 3842 4298 τὰς

2266 4327 2481 4390 ἐντολὰς
2506 4327 2671 4380 αὑτοῦ
2690 4327 3011 4396 φυλάξεσθε,
3043 4327 3137 4380 καὶ
3165 4327 3266 4398 τῆς
3289 4328 3470 4396 φωνῆς
3491 4326 3658 4380 αὐτοῦ
3683 4327 3841 4381 ἀκού-

576 4413 794 4468 soribus
828 4415 1055 4468 omnino
1093 4415 1230 4468 mori
1274 4432 1500 4472 necesse
1532 4427 1618 4472 est
1652 4421 1959 4476 secundum
1986 4423 2163 4493 leges,

2272 4421 2450 4481 σεσθε,
2495 4421 2589 4473 καὶ
2625 4420 2773 4490 αὺτῷ
2809 4419 3144 4484 δουλεύσετε,
3189 4421 3284 4472 καὶ
3325 4419 3472 4489 αὑτῷ
3526 4420 3830 4489 προστεθή-

573 4505 851 4573 quomodo
867 4520 975 4558 non
987 4507 1360 4574 aequissimum
1381 4516 1465 4562 est
1490 4517 1551 4562 ut
1564 4508 1707 4563 idem
1731 4513 2025 4569 discrimen
2043 4516 2168 4570 sub—

2271 4510 2450 4564 σεσθε.
2513 4511 2624 4562 Καὶ
2679 4511 2708 4562 ό
2764 4511 3049 4581 προφήτης
3106 4511 3311 4572 ἐκεῖνος
3363 4509 3455 4579 ἢὸ
3503 4509 3564 4561 τὸ
3593 4509 3839 4563 ἐνύπνιον

567 4603 683 4659 eat,
701 4595 796 4664 qui
813 4597 996 4649 animo
1014 4597 1386 4664 perniciosum
1403 4615 1647 4656 errorem
1667 4603 1954 4668 invexerit,
1974 4613 2029 4660 et
2044 4622 2168 4660 eum

2271 4601 2723 4672 ὲνυπνιαζόμενος
2775 4604 3011 4666 ἐκεῖνος,
3040 4603 3419 4655 ἀποθανεῖται’
3454 4603 3688 4672 ὲ).άλησε
3738 4607 3840 4674 γὲρ

567 4688 693 4757 ηυί,
719 4689 876 4758 juxta
899 4687 1204 4743 Salvatoris
1223 4690 1396 4760 ipsius
1414 4707 1626 4758 vocem,
1654 4709 1882 4764 corpore
1906 4706 2168 4766 pratstan-

2271 4695 2647 4766 ἀποπλανῆσαί
2699 4711 2756 4747 σε
2796 4695 2904 4748 ἀπὸ
2950 4695 3156 4766 Κυρίου
3201 4697 3294 4750 τοῦ
3324 4697 3458 4750 Θεοῦ
3509 4714 3624 4750 σου.
3693 4717 3712 4748 ι
3759 4699 3840 4759 Ὧς

572 4779 684 4834 ιίοι·
697 4787 800 4845 est,
821 4779 875 4834 in
895 4779 1221 4850 perditionis
1243 4781 1429 4837 foveas
1454 4786 1785 4855 conjecerit?
1801 4787 2168 4844 Justissimum

2271 4789 2414 4851 ὅσιός
2440 4805 2500 4841 τε
2546 4789 2640 4840 καὶ
2668 4787 2787 4858 Θεῷ
2829 4788 3054 4858 πρέπων
3095 4789 3123 4840 ό
3153 4789 3348 4858 νόμοςί
3383 4790 3446 4842 ΕΞ
3479 4791 3585 4860 γάρ
3621 4808 3700 4843 τοι
3734 4793 3838 4850 τοῖς

574 4872 744 4943 igitur
766 4872 980 4942 putavit
1007 4873 1152 4928 Deus
1194 4882 1256 4928 ut
1276 4883 1525 4929 extremo
1557 4878 1822 4947 supplicio
1843 4880 2021 4935 lueret
2046 4896 2163 4951 pce-

2271 4883 2366 4938 :th
2417 4879 2684 4949 σωμάτων
2725 4882 3009 4946 φονευταῖς
3052 4880 3226 4950 πάντη
3280 4897 3338 4932 τε
3387 4880 3482 4932 καὶ
3528 4881 3749 4942 πάντως
3784 4879 3839 4932 τὸ

574 4979 675 5018 nas
696 4963 958 5032 deceptor
991 4971 1047 5018 et
1070 4964 1362 5034 impostor;
1387 4968 1746 5038 eamdemque
1771 4970 2024 5026 similiter
2043 4989 2165 5044 pue-

2271 4973 2575 5029 ὲκτεθνάναι
2613 4972 2721 5024 δεῖν
2763 4971 2954 5040 ἕψεται
3005 4973 3148 5024 κατά
3185 4973 3412 5042 νόμους,
3455 4970 3573 5034 πῶς
3615 4968 3684 5024 ἂν
3726 4972 3837 5041 οὐχὶ

575 5069 703 5107 nam
727 5053 987 5109 adversus
1005 5071 1101 5110 eos
1123 5057 1430 5122 constituit,
1456 5059 1550 5128 qui
1589 5060 1766 5114 levem
1795 5062 2166 5134 mobilemque

572 5143 821 5198 animum
838 5145 1104 5224 ejusmodi
1121 5146 1440 5202 hominibus
1455 5147 1854 5202 adhibuissent.
1867 5149 1969 5204 Cui
1987 5152 2154 5218 enim,

576 5234 775 5306 inquit,
799 5235 1040 5308 etl‘ugere
1066 5238 1288 5302 licebat,
1308 5239 1377 5293 ad
1401 5239 1690 5292 veritatem
1708 5237 1951 5307 vigilanti
1975 5241 2160 5295 animo

575 5327 914 5398 respicienti,
953 5329 1000 5385 is
1044 5345 1208 5400 quam
1242 5330 1313 5384 ob
1352 5345 1572 5384 causam
1619 5339 1811 5398 sponte
1856 5331 1922 5384 ad
1973 5333 2160 5400 perni-

571 5419 715 5474 ciem
756 5421 990 5492 refugit?
1019 5441 1037 5472 ι
1072 5420 1230 5486 Quod
1268 5421 1314 5476 si
1341 5422 1599 5476 inventus
1639 5420 1806 5476 fuerit
1846 5423 1899 5476 in
1931 5439 2036 5477 una
2065 5442 2160 5478 ur-

2276 5064 2676 5119 κινδυνεύσειεν
2731 5063 2956 5126 εἰκότως
3010 5065 3038 5116 ό
3083 5063 3229 5134 ψυχῇ
3293 5061 3392 5132 τὴν
3429 5061 3676 5132 ὀλέθριον
3722 5063 3838 5114 ἐπι-

2267 5157 2448 5226 φέρων
2500 5155 2783 5225 πλάνησιν,
2833 5155 2927 5208 καὶ
2977 5154 3188 5226 βόθροις
3225 5155 3324 5224 τῆς
3368 5152 3646 5216 ἀπωλείας
3684 5153 3838 5210 ἐνιεὶς

2266 5248 2364 5315 τὴν
2409 5247 2618 5317 ἀμείνω
2667 5245 2935 5316 σώματος,
2959 5246 3098 5300 κατά
3137 5246 3235 5316 τὴν
3268 5244 3432 5300 αὐτοῦ
3465 5244 3558 5297 τοῦ
3593 5245 3834 5313 Σωτῆρος

2269 5336 2485 5406 φωνήνς
2537 5334 2748 5406 Χρῆναι
2787 5335 2886 5405 μὲν
2928 5335 2989 5405 δὴ
3024 5335 3123 5406 τὴν
3151 5336 3235 5404 ἐφ’
3281 5335 3473 5405 αἵματι
3508 5331 3834 5404 πράττεσθαι

2269 5429 2444 5498 δίκην,
2480 5428 2570 5481 τὸν
2605 5427 2894 5482 ἀπατεῶνα
2922 5428 3015 5481 καὶ
3048 5426 3374 5501 βωμολόχον,
3409 5426 3647 5479 ἐδικαίου
3675 5423 3832 5487 Θεός·

647 5579 684 5607 ⁷¹
722 5580 878 5632 Deut.
909 5595 1000 5637 xu,
1027 5577 1114 5631 9.9.
1183 5579 1227 5608 ⁷⁸
1255 5578 1380 5646 Sap.
1417 5595 1454 5640 ι,
1485 5579 1580 5642 Ης
1609 5595 1666 5641 u,
1693 5577 1795 5637 Ἡ.
1860 5579 1906 5608 ⁷³
1930 5579 2092 5633 Deut.
2111 5596 2225 5642 xui,
2249 5580 2364 5634 1-5.

650 5715 723 5782 (1)
780 5714 851 5767 εἰ(
906 5716 1074 5768 eedex
1138 5715 1466 5780 Vaticanus;
1519 5715 1686 5768 Codex
1738 5717 1920 5771 Sirleti
1951 5755 1964 5782 ,
2001 5716 2258 5786 ὀνόματα.
