3966 6298
190 284 303 339 «ιὲι

950 282 1039 339 οε
1077 282 1515 341 ADORATIONE
1556 252 1623 341 ιιι
1658 284 1771 342 seu

1871 287 1925 365 fu
1966 289 2054 345 ET
2092 260 2457 345 ventura.
2502 289 2627 343 LIB.
2668 289 2754 344 v1.

3356 276 3475 347 tet“

192 401 398 471 ποινὴν
436 399 494 452 δε
536 400 632 470 τὴν
660 399 781 468 ἴσην
827 399 1264 469 καταξηφίζεται
1297 404 1389 457 καὶ
1417 402 1504 454 τὸν
1535 402 1771 475 εὐπαρά-

1881 404 2031 460 bium
2063 414 2299 471 tuarum,
2329 420 2466 475 quas
2485 386 2749 458 Dominus
2773 402 2918 458 Deus
2957 412 3085 460 tuus
3110 396 3202 461 dat
3231 404 3351 473 tibi,
3376 408 3461 462 vir

196 489 381 561 φορόν
412 505 470 542 τε
516 487 609 541 καὶ
654 487 891 558 ἐλαφρὸν
938 488 1365 543 ὑποτεθεικότων
1401 493 1510 555 τοῖς,
1558 493 1781 545 τοιοῖσδε

198 580 359 636 νοῦν.
409 579 555 646 Ἐξὸν
601 578 708 650 γὰρ
741 579 979 644 εὐκόλως
1022 580 1323 651 διαδράναι,
1353 582 1539 653 φησὶν,
1582 581 1781 654 ἀνανή-

136 686 146 724 ι
201 688 380 742 φοντα
417 672 551 742 πρὸς
603 670 664 723 τὺ
706 670 926 743 ἀληθὲς,
985 671 1287 725 ἐθελούσιον
1335 672 1450 725 ἀνθ’
1507 672 1627 725 ὅτου
1682 676 1781 740 τὴν

200 764 288 829 εἴς
313 782 379 834 γε
426 764 486 817 τὸ
531 762 748 819 ἀδικοῦν
785 762 1097 835 ἀποδρομὴν
1131 763 1455 835 suntquam;
1496 782 1515 815 ι
1568 763 1692 817 Ἐὰν
1725 763 1781 817 δὲ

199 859 409 930 εὑρεθῇ
433 860 490 911 ὲν
530 858 611 913 σοι
643 858 700 909 ὲν
725 858 823 931 μιᾷ
854 856 963 911 τῶν
1002 840 1209 912 πόλεών
1254 874 1370 924 σου,
1402 849 1476 910 ὧν
1506 855 1708 929 Κύριος
1755 857 1783 909 ὀ

200 949 343 1015 Θεός
372 967 466 1003 σου
493 949 676 1003 δίδωσί
728 966 834 1009 σοι,
868 948 1064 1018 ἀνὴρ-η
1100 947 1256 1018 γυνὴ,
1290 948 1435 1011 ὅστις
1464 948 1677 1018 ποιήσει
1723 947 1783 999 τὸ

143 1054 152 1113 έ
202 1043 446 1114 πονηρὸν
475 1041 718 1099 ἐναντίον
769 1039 979 1113 Κυρίου
1011 1039 1104 1093 τοῦ
1152 1039 1285 1093 Θεοῦ
1329 1057 1443 1103 σου,
1494 1037 1782 1111 παρελθεῖν

144 1120 151 1127 ’
199 1134 307 1205 τὴν
355 1134 619 1205 διαθήκην
673 1132 858 1196 αὐτοῦ,
925 1133 1017 1185 καὶ
1064 1131 1391 1195 ἀπελθόντες
1443 1131 1780 1202 λατρεύσωσι

202 1224 351 1289 θεοῖς
371 1225 598 1296 ἑτέροις,
637 1225 730 1279 καὶ
758 1223 1209 1295 προσκυνήσωσιν
1237 1223 1440 1289 αὐτοῖς,
1481 1221 1557 1292 τῷ
1579 1221 1715 1293 ἡλίῳ
1746 1221 1779 1293 ἢ

203 1320 274 1387 τῇ
315 1316 587 1388 celi,ng
622 1317 778 1371 παντί
812 1314 918 1367 τῶν
951 1307 1013 1367 ὲκ
1038 1313 1133 1368 τοῦ
1169 1314 1374 1384 κόσμου
1397 1312 1491 1367 τοῦ
1530 1313 1778 1385 οὐρανοῦ,

204 1408 242 1461 ἃ
277 1410 338 1461 οὐ
375 1406 674 1479 προσέταξέ
710 1424 812 1469 σοι,
849 1405 941 1459 καί
980 1407 1078 1458 οὐκ
1118 1404 1391 1476 ἀνηγγέλη
1424 1423 1538 1468 σοι,
1568 1406 1662 1458 καὶ
1687 1406 1780 1458 ὲκο

207 1498 438 1570 ζητήσει
477 1497 703 1567 σφόδρα,
746 1497 840 1550 καὶ
887 1497 993 1549 ἰδοὺ
1039 1495 1236 1567 ἀληθὲς
1273 1494 1464 1564 γέγονε
1515 1494 1574 1548 τὸ
1608 1495 1778 1566 ῥῆμα,

204 1590 499 1659 γεγένηται
534 1589 596 1641 τὸ
625 1587 899 1659 βδέλυγμα
924 1585 1078 1640 τοῦτο
1106 1587 1163 1639 ὲν
1191 1586 1426 1658 Ἰσραήλ·
1458 1586 1549 1640 καὶ
1574 1584 1782 1653 ἐξάξεις

202 1680 301 1732 τὸν
358 1680 642 1751 ἄνθρωπον
685 1681 911 1745 ἐκεῖνον,
944 1679 977 1751 ἢ
1018 1679 1117 1750 τὴν
1140 1680 1376 1747 γυναῖκα
1428 1678 1666 1749 ἐκείνην,
1704 1677 1782 1731 οῖ-

204 1788 356 1835 τινες
386 1771 646 1841 ἐποίησαν
670 1770 729 1825 τὸ
755 1773 985 1840 πρᾶγμα
1011 1770 1071 1823 τὸ
1092 1770 1325 1841 πονηρὸν
1356 1769 1534 1834 τοῦτο,
1575 1769 1670 1823 καί⁷
1700 1767 1779 1822 λι-
1810 1759 1852 1814 Β

201 1862 533 1934 θθϐολήσετε
582 1862 780 1926 αὐτοὺς
841 1864 897 1921 ἐν
948 1861 1138 1928 λίθοις,
1191 1862 1286 1913 καὶ⁵
1337 1861 1778 1931 τελευτήσουσινο

204 1954 300 2007 ἐπὶ
330 1954 453 2006 δυσὶ
487 1953 750 2024 μάρτυσιν
778 1952 811 2022 ἢ
844 1951 934 2003 ἐπὶ
962 1951 1107 2021 τρισὶ
1139 1949 1404 2020 μάρτυσιν
1431 1948 1782 2002 ἀποθανεῖται

198 2045 230 2097 ὁ
261 2043 659 2112 ἀποθνήσκων*
697 2043 799 2095 οὐκ
856 2039 1204 2094 ἀποθανεῖται
1247 2039 1330 2108 ἐφ’
1379 2041 1460 2093 ἐνὶ
1516 2039 1778 2112 μάρτυρι·

201 2135 299 2188 καὶ
335 2136 371 2202 ἡ
420 2134 542 2203 χεὶρ
573 2134 680 2187 τῶν
714 2132 1006 2205 μαρτύρων
1036 2131 1189 2185 ἔσται
1227 2131 1316 2185 ἐπ’
1361 2132 1509 2203 αὑτῷ
1541 2133 1600 2185 ὲν
1633 2130 1783 2203 πρώ-

199 2242 317 2288 τοις
359 2224 668 2278 θανατῶσαι
698 2225 880 2290 αὑτὸν,
917 2225 1011 2277 καὶ
1054 2226 1088 2295 ἡ
1119 2225 1240 2295 χεὶρ
1269 2223 1364 2277 τοῦ
1397 2224 1597 2288 παντὸς
1648 2224 1780 2277 λαοῦ

201 2318 296 2373 ἐπ’
331 2302 577 2387 ἐσχάτων
597 2334 608 2345 ·
644 2317 740 2375 καὶ
773 2317 989 2387 ὲξαρεῖς
1009 2318 1099 2371 τὸν
1129 2317 1362 2388 πονηρὸν
1409 2316 1466 2383 ἐξ
1496 2317 1650 2386 ὑμῶν
1682 2317 1780 2369 αὐ-

199 2406 330 2459 τῶψ
376 2425 394 2456 ι
431 2405 563 2458 Θεοῦ
595 2405 705 2476 γὰρ
737 2405 1064 2477 ἠδικημένου
1100 2407 1227 2476 περὶ
1256 2406 1315 2457 τὺ
1344 2405 1474 2459 ῐδιον
1508 2405 1777 2476 σέδασμα,

199 2497 263 2550 τὺ
295 2495 653 2569 ὲποικτείρειν
686 2497 785 2549 οὐκ
822 2496 1082 2565 ἀσφαλές.
1136 2494 1459 2567 Ἑπιζήμιον
1492 2496 1548 2549 δὲ
1581 2496 1777 2568 κομιδῆ

196 2585 260 2640 τὸ
295 2586 366 2658 μὴ
401 2588 458 2640 ἐν
503 2585 681 2659 καιρῷ
727 2588 1117 2658 μαλακίζεσθαι
1150 2587 1286 2658 πρὸς
1337 2587 1630 2660 ἀνάνδρους
1658 2588 1777 2657 φιλ-

195 2677 457 2748 αλληλίας
477 2691 492 2708 ⁸
537 2679 632 2731 καὶ
668 2679 843 2745 τοῦτο,
883 2675 1055 2750 οἶμαι,
1086 2678 1231 2732 ἔστιν
1255 2679 1392 2751 ὅπερ
1412 2677 1514 2749 ἔφη
1537 2678 1774 2749 Κύριος·

198 2788 220 2822 ι
278 2770 335 2821 Ὀ
364 2770 595 2838 ἀγαπῶν
624 2770 833 2842 πατέρα
863 2770 895 2842 ἢ
930 2762 1140 2842 μητέρα
1175 2770 1317 2842 ὑπὲρ
1342 2769 1463 2842 ἐμὲ,
1512 2770 1613 2824 οὐκ
1653 2769 1772 2823 ἔστι

196 2876 307 2931 μου
336 2860 505 2927 ἄξιος.
546 2881 563 2913 ι
614 2861 851 2933 Ἐῥρέτω
872 2861 980 2934 γὰρ
1010 2861 1105 2915 καὶ
1132 2862 1252 2915 τότε
1298 2861 1460 2931 νόμος
1492 2861 1773 2933 φιλοστορ-

191 2951 342 3019 γίας,
391 2952 484 3004 καὶ
530 2954 765 3021 φυσικῆς
813 2952 1035 3023 ἀγάπης
1094 2952 1324 3024 οἰχέσθω
1380 2952 1631 3024 δύναμις,
1680 2953 1774 3006 καί

193 3044 304 3095 πᾶν
351 3042 525 3095 ὁτιοῦν
555 3043 667 3095 τῶν
716 3044 958 3113 ἡκόντων
994 3045 1075 3106 εἰς
1103 3042 1534 3114 φιλανθρωπίαν,
1571 3044 1665 3097 καί
1706 3044 1772 3097 ἵν’

1883 504 1977 550 aut
2009 496 2205 550 mulier
2262 510 2382 565 qua:
2408 493 2572 548 faciat
2596 492 2797 546 malum
2836 492 2890 545 in
2916 503 3210 563 conspectu
3242 496 3460 551 Domini

1885 586 1984 651 tui,
2008 595 2068 640 ut
2093 585 2563 656 transgrediantur
2585 593 2800 653 pactum
2820 583 2956 652 ejus,
2981 592 3035 636 et
3056 584 3319 641 abeuntes
3340 601 3461 642 ser-

1883 679 2085 733 vierint
2107 679 2212 733 diis
2240 678 2454 741 alienis,
2487 684 2542 731 et
2573 674 2921 730 adoraverint
2943 674 3086 740 illos,
3111 677 3280 731 solem
3300 678 3459 734 vide-

1880 772 2037 835 licet,
2052 778 2148 825 aut
2171 771 2379 833 lunam,
2416 774 2509 822 aut
2533 766 2782 837 quemvis
2814 766 2983 820 alium
3019 773 3274 820 ornatum
3311 768 3456 834 caeli,

1882 878 2003 933 quae
2040 878 2150 915 non
2176 861 2410 932 praecepi
2441 860 2564 924 tibi,
2603 873 2783 928 neque
2819 858 3138 913 annuntiata
3166 865 3294 912 sunt
3317 859 3457 915 tibi:

1882 962 1937 1008 et
1962 952 2315 1025 investigabis
2341 951 2659 1023 diligenter;
2686 957 2742 1004 et
2775 964 2903 1004 ecce
2928 964 3121 1004 verum
3152 948 3356 1003 factum
3377 957 3461 1004 est

1883 1046 2132 1110 verbum,
2155 1054 2212 1099 et
2236 1044 2376 1099 facta
2411 1052 2495 1097 est
2517 1042 2849 1097 abominatio
2873 1041 2989 1097 hanc
3012 1041 3067 1096 in
3089 1041 3256 1096 Israel
3282 1059 3295 1094 :
3320 1042 3459 1098 edu-

1882 1153 1971 1193 ces
1992 1138 2269 1192 hominem
2294 1137 2468 1202 illum,
2488 1135 2576 1190 vel
2599 1135 2886 1189 mulierem
2908 1135 3075 1199 illam,
3095 1134 3190 1205 qui
3210 1134 3461 1191 fecerunt

1883 1244 1998 1283 rem
2024 1229 2162 1283 hanc
2184 1228 2402 1292 malam,
2425 1234 2481 1281 et
2502 1224 2814 1295 lapidabitis
2832 1240 2927 1280 eos
2949 1224 3244 1294 lapidibus,
3269 1235 3325 1281 et
3344 1241 3462 1279 mo-

1882 1320 2094 1375 rientur
2135 1338 2148 1372 :
2191 1320 2247 1374 in
2275 1318 2492 1373 duobus
2517 1318 2769 1381 testibus,
2798 1317 2883 1370 vel
2921 1316 2979 1369 in
3013 1317 3194 1373 tribus
3226 1318 3461 1372 testibus

1883 1409 2268 1481 morietur,qui
2293 1409 2531 1463 moritur
2547 1424 2562 1473 ;
2579 1422 2689 1462 non
2708 1406 2977 1462 morietur
3000 1407 3057 1460 in
3071 1422 3182 1461 uno
3204 1415 3342 1462 teste
3371 1425 3383 1460 :
3405 1417 3462 1462 et

1882 1517 2128 1568 manus,»
2159 1500 2391 1570 inquit,¢
2420 1496 2642 1553 testium
2666 1496 2774 1551 erit
2795 1510 2961 1566 super
2984 1496 3163 1565 ipsum
3188 1495 3243 1549 in
3267 1497 3461 1565 primis

1880 1593 1948 1648 ad
1989 1589 2424 1647 interficiendum
2468 1603 2617 1653 eum,
2658 1595 2714 1642 et
2754 1601 2948 1640 manus
2989 1586 3155 1641 totius
3188 1586 3376 1656 populi
3402 1587 3476 1639 in'

1880 1684 2180 1739 extremis:
2208 1692 2265 1737 et
2297 1680 2565 1735 auferetis
2587 1679 2788 1733 malum
2826 1693 2857 1732 a
2883 1677 3039 1732 vobis
3061 1677 3196 1747 ipsis
3218 1677 3283 1732 ".
3317 1696 3335 1728 ι
3361 1677 3459 1731 Dei

1880 1791 2114 1846 namque
2146 1775 2298 1829 cultu
2322 1773 2524 1828 violato
2554 1769 2933 1825 misericordia
2966 1767 3324 1849 commoveri,
3352 1767 3477 1822 mi-'

1881 1868 2029 1923 nime
2060 1876 2236 1923 tutum
2270 1875 2380 1930 est;
2420 1862 2516 1918 sed
2545 1861 2600 1914 in
2626 1861 2819 1930 primis
2853 1861 3221 1931 periculosum
3248 1860 3477 1929 impor--

1882 1966 2016 2012 tuno
2034 1965 2139 2012 tem
2146 1972 2275 2026 pore
2293 1956 2360 2009 ad
2376 1966 2580 2011 mutua:
2592 1952 2988 2006 benevolentiae
3004 1952 3274 2021 ignaviam
3290 1949 3462 2004 emol-

1880 2050 1967 2105 liri
1998 2068 2011 2103 :
2038 2049 2203 2119 idque
2223 2049 2354 2103 illud
2381 2058 2485 2115 est,
2506 2049 2724 2119 opinor,
2745 2044 2890 2115 quod
2911 2044 2989 2097 ait
3011 2042 3265 2097 Christus
3281 2060 3294 2095 :
3310 2061 3328 2093 ι
3353 2041 3459 2107 Qui

1880 2150 2025 2196 amat
2047 2149 2252 2211 patrem
2278 2148 2371 2195 aut
2395 2149 2625 2195 matrem
2650 2140 2774 2211 plus
2798 2151 2962 2208 quam
2995 2149 3104 2198 me,
3128 2149 3237 2188 non
3262 2144 3346 2188 est
3370 2150 3459 2188 me

1883 2232 2080 2304 dignus
2096 2235 2160 2287 ⁷³.
2184 2254 2202 2284 ι
2228 2234 2416 2289 Valeat
2434 2235 2581 2288 enim
2593 2248 2660 2287 eo
2683 2242 2930 2300 tempore
2946 2226 3166 2298 pietatis
3187 2226 3457 2296 lsllex,

1879 2326 2102 2380 recedat
2144 2327 2410 2381 naturalis
2451 2326 2655 2381 amoris
2698 2326 2802 2390 vis,
2858 2331 2914 2379 et
2956 2338 3020 2377 ea
3064 2321 3247 2376 omnia
3300 2334 3456 2390 qum-

1877 2430 2093 2486 cunque
2118 2417 2183 2471 ad
2210 2418 2495 2472 hominum
2520 2416 2871 2472 dilectionem
2904 2422 3172 2485 spectant,
3196 2420 3273 2476 et,
3299 2420 3361 2465 ut
3383 2412 3458 2466 ita

1877 2503 2144 2570 dicamus,
2168 2506 2258 2576 pia
2280 2506 2484 2561 duritia
2502 2508 2714 2561 colatur
2729 2506 2892 2561 Deus.
2911 2506 2993 2559 An
3016 2518 3147 2558 vero
3169 2517 3280 2557 non
3302 2501 3456 2571 pium

1874 2606 1994 2646 csse
2022 2607 2236 2657 censes,
2262 2595 2354 2664 qui
2381 2594 2584 2649 nullam
2622 2609 2843 2649 causam
2878 2594 3064 2648 dicere
3101 2592 3312 2662 possint
3358 2605 3458 2645 cur

1875 2681 2195 2747 defecerint,
2220 2695 2277 2740 et
2315 2686 2370 2739 in
2408 2686 2687 2756 apostasia
2720 2685 2858 2759 lapsi
2895 2685 3025 2749 sint,
3068 2699 3164 2738 eos
3186 2682 3304 2737 sine
3343 2683 3455 2737 ulla

1873 2772 2226 2829 miseratione
2252 2774 2468 2845 puniri;
2495 2776 2698 2846 quippe
2737 2777 2830 2845 qui
2874 2776 3021 2830 illam
3065 2789 3231 2845 supra
3271 2774 3453 2828 omnia

1873 2865 2099 2936 gloriam
2126 2866 2428 2933 oﬂ‘endant,
2473 2883 2711 2937 eumque
2752 2875 2962 2923 temere
3001 2868 3199 2938 injuria
3237 2866 3469 2921 allicere’

1872 2971 1985 3011 non
2026 2965 2345 3023 vereantur,
2386 2959 2474 3013 cui
2500 2972 2717 3031 aequum
2758 2965 2880 3012 erat
2920 2955 3236 3012 stabilitatis
3270 2955 3453 3010 studio
3556 2990 3569 2997 ι

1873 3045 2117 3101 laetitiam
2142 3047 2377 3103 afferre?

191 3132 367 3197 οὕτως
397 3135 660 3204 εἴπωμεν,
687 3133 753 3186 δι’
780 3132 1037 3195 εὐσεϐοῦς
1068 3132 1433 3205 σκληρότητος
1468 3132 1856 3205 θεραπευέσθω
1889 3133 2044 3199 Θεὸς.
2080 3136 2151 3189 Ἦ
2215 3139 2324 3208 γὰρ
2376 3140 2478 3211 οὐχ
2540 3139 2689 3193 ὅσιον
2728 3135 2868 3192 εἶναι
2904 3136 3027 3208 φὴς,
3096 3136 3225 3199 τοὺς
3276 3136 3451 3208 ἀπρο·

195 3227 457 3297 φάσιστον
507 3226 727 3296 ἔχοντας
767 3224 868 3296 τὴν
911 3227 1233 3290 ἀπόστασιν,
1283 3224 1609 3289 κολάζεσθαι
1656 3226 1765 3279 δεῖν
1803 3225 2348 3298 ἀφιλοικτειρμόνως,
2381 3230 2457 3293 ὡς
2494 3231 2592 3302 τὴν
2651 3230 2911 3284 ἐπέκεινα
2949 3228 3165 3281 πάντων
3212 3228 3452 3281 καταλυο

193 3320 429 3385 ποῦντας
473 3320 650 3387 δόξαν,
681 3321 775 3376 καί.
812 3321 1053 3390 ὑϐρίζειν
1099 3320 1425 3392 ἀφυλάκτως
1470 3321 1530 3375 οὐ
1562 3320 2052 3391 παραιτουμένους,
2078 3321 2138 3375 ὃν
2156 3318 2226 3393 ἦν
2277 3322 2340 3393 δή
2371 3339 2475 3377 που
2528 3327 2775 3395 κρεῖττον
2803 3324 2924 3385 ταῖς
2984 3321 3063 3384 εἰς
3127 3318 3452 3391 ἑδραιότητα

191 3414 613 3486 κατευφραίνειν
648 3414 937 3479 σπουδαῖς;

134 3564 147 3569 _
260 3507 471 3561 HAAA.
516 3507 721 3569 Ὄσιον,
757 3508 872 3571 πῶς
901 3508 1009 3579 γὰρ
1038 3506 1133 3574 ob;

1935 3504 2131 3561 PALL.
2159 3504 2394 3558 Prorsus
2430 3501 2581 3571 pium
2610 3519 2622 3554 :
2652 3499 2888 3571 quidni?

260 3597 426 3652 ΚΥΡ.
468 3600 833 3670 Μεμνήσομαι
880 3599 936 3652 δὲ
969 3599 1268 3662 διειπόντος
1313 3597 1479 3653 αὐτοῦ
1520 3601 1632 3664 τοῖς
1667 3599 1766 3669 ἀρ-

1944 3597 2101 3653 CYR.
2146 3593 2600 3650 Commemorabo
2641 3601 2822 3647 autem
2864 3590 2985 3662 ejus
3022 3588 3212 3654 verba,
3254 3588 3451 3659 priscis

188 3689 530 3762 χαιοτέροις·
570 3709 588 3742 ι
626 3691 691 3743 Τί
736 3690 968 3761 εὖροσαν
1010 3692 1057 3743 οἰ
1089 3690 1322 3760 πατέρες
1366 3689 1518 3760 ὑμῶν
1553 3690 1611 3742 ὲν
1644 3690 1768 3761 ἐμοὶ

1871 3689 1979 3744 iliis
2002 3685 2322 3743 hominibus
2360 3684 2638 3740 dicentis:
2674 3702 2693 3734 ‹
2732 3680 2875 3748 Quid
2919 3681 3256 3735 invenerunt
3279 3683 3336 3733 in
3359 3695 3449 3734 me

188 3779 590 3851 πλημμέλημα,
625 3779 707 3833 ὅτι
747 3781 1067 3851 ἀπέστησαν
1093 3781 1185 3832 ἀπ’
1219 3777 1352 3849 ἐμοῦ
1402 3777 1639 3850 μακρὰν,
1670 3779 1769 3832 καὶ

187 3870 561 3942 ἐπορεύθησαν
596 3871 770 3925 ὀπίσω
805 3871 917 3924 τῶν
962 3872 1227 3942 ματαίων,
1280 3869 1375 3923 καὶ
1420 3868 1765 3942 ἐματαιώθηο

187 3979 317 4028 σαν;
355 3982 374 4015 ι
414 3963 822 4034 Κατατεθηπὼς
848 3964 907 4017 δὲ
948 3964 1136 4034 ὥσπερ
1185 3964 1269 4016 ἐπ’
1300 3963 1561 4034 ἀκράτοις
1617 3950 1765 4033 ἀμαι-

189 4054 328 4118 θίαις
375 4053 504 4116 τοὺς
552 4051 612 4119 ἐξ
660 4054 895 4125 Ἰσραὴλ,
929 4048 1029 4107 ὧδέ
1066 4054 1140 4125 πή
1175 4070 1371 4124 φησιν·
1408 4072 1427 4105 ι
1473 4051 1694 4126 Ἐξέστη
1737 4054 1766 4106 ὁ

185 4140 412 4216 οὐρανὸς
445 4145 538 4197 ἐπὶ
566 4146 762 4216 τούτῳ,
786 4146 880 4198 καί
905 4144 1123 4217 ἔφριξεν
1149 4144 1240 4197 ὲπί.
1263 4142 1446 4196 πλεῖον
1477 4144 1511 4214 ἡ
1538 4142 1608 4214 γῆ
1635 4144 1765 4213 61:6-

184 4236 303 4307 δρα,
335 4235 490 4303 λέγει
538 4236 742 4307 Κύριος
765 4253 777 4268 '
811 4237 893 4291 δτι
921 4237 1013 4291 δύο
1048 4235 1259 4308 πονηρά
1299 4235 1554 4307 εποίησεν
1585 4236 1614 4288 ὁ
1638 4235 1765 4298 λαός

188 4345 309 4398 μου.
356 4327 487 4398 Ἐμὲ
529 4328 854 4397 ἐγκατέλιπε
910 4327 1090 4400 πηγὴν
1144 4327 1334 4390 ὕδατος
1389 4326 1610 4391 ζῶντος,
1667 4326 1762 4379 καὶ

183 4413 401 4487 ὤρυξαν
430 4418 643 4481 ἑαυτοῖς
680 4416 918 4481 λάκκους
968 4415 1481 4488 συντετριμμένους,
1513 4414 1646 4483 οἳ,οὑ
1668 4415 1760 4467 δυ-

181 4508 438 4579 νήσονται
483 4507 628 4579 ὕδωρ
676 4508 940 4579 συνέχειν.
979 4527 997 4560 ι
1055 4508 1346 4571 Εὐϐουλίας
1384 4506 1493 4577 γὰρ
1544 4506 1762 4577 ἁπάσης

179 4596 527 4669 ἀφαμαρτεῖν
566 4598 810 4671 οἰηθείην
858 4600 925 4654 ἂν
971 4598 1168 4669 ἔγωγε.
1206 4598 1299 4651 καὶ
1342 4596 1486 4668 μάλα
1535 4596 1762 4659 εἰκότως

178 4690 329 4753 τοὺς,
360 4690 416 4742 οἴ
438 4706 502 4758 γε
542 4692 641 4762 τῆς
669 4694 748 4755 εἰς
775 4693 908 4745 Θεὸν
958 4689 1361 4759 ἀποφοιτῶντες
1385 4687 1660 4759 λατρείας,
1694 4689 1757 4759 τῇ

178 4779 356 4833 κτίσει
402 4780 725 4852 λατρεύουσι
767 4781 923 4853 παρὰ
966 4781 1057 4833 τδν
1090 4781 1330 4851 Κτίστην
1364 4780 1458 4832 καὶ
1494 4779 1756 4848 {lum-rm,

1866 3790 2050 3851 patres
2071 3779 2240 3834 vestri
2266 3777 2475 3841 delicti,
2500 3776 2629 3846 quia
2652 3780 2998 3830 recesserunt
3019 3772 3178 3844 longe
3204 3787 3234 3826 a
3259 3786 3368 3836 me,
3391 3778 3450 3826 et

1866 3872 2123 3926 abierunt
2140 3879 2264 3941 post
2284 3869 2577 3931 vanitates,
2602 3873 2658 3920 et
2677 3864 2804 3920 vani
2830 3863 2959 3919 facti
2984 3871 3114 3918 sunt
3134 3862 3213 3915 ὀἳ
3239 3880 3257 3913 ι
3285 3861 3450 3916 Cum-

1865 3977 1974 4032 que
2003 3960 2243 4016 ﬂliorum
2276 3960 2441 4015 Israel
2468 3957 2638 4013 veluti
2661 3969 2869 4010 meram
2894 3954 3182 4009 stultitiam
3206 3952 3448 4007 demira-

1866 4063 2040 4119 retur,
2074 4055 2186 4108 ait:
2222 4073 2240 4103 ι
2271 4050 2567 4121 Obstupuit
2592 4048 2789 4104 caelum
2817 4061 2983 4116 super
3008 4046 3133 4109 hoc,
3161 4053 3216 4098 et
3253 4044 3446 4097 inhor-

1866 4143 1977 4197 ruit
2017 4151 2163 4197 terra
2189 4150 2339 4196 extra
2380 4139 2625 4202 modum,
2661 4136 2796 4190 dicit
2829 4135 3125 4199 Dominus;
3165 4133 3291 4201 quia
3334 4133 3448 4186 duo

1862 4234 2004 4288 mala
2024 4233 2154 4287 fecit
2179 4232 2414 4301 populus
2434 4244 2608 4283 meus:
2632 4244 2720 4282 me
2743 4226 3037 4295 dereliquit
3061 4225 3266 4278 fontem
3291 4239 3446 4292 aquae

1863 4326 2020 4387 τίνω,
2044 4334 2101 4378 et
2122 4323 2381 4377 foderunt
2404 4321 2508 4375 sibi
2543 4321 2696 4374 lacus
2732 4317 3024 4379 contritos,
3051 4315 3146 4384 qui
3178 4329 3286 4368 non
3312 4329 3446 4382 pos-

1863 4422 1994 4468 sunt
2019 4427 2214 4482 aquam
2242 4411 2525 4465 continere
2548 4410 2613 4461 7'.
2647 4428 2665 4459 ι
2694 4408 2803 4463 Eos
2828 4407 2974 4461 enim
3011 4405 3079 4459 ab
3117 4403 3266 4456 omni
3295 4412 3444 4458 recto

1863 4505 2090 4560 consilio
2112 4505 2391 4568 aberrare,
2419 4500 2565 4556 haud
2591 4498 2827 4555 absurde
2853 4495 3182 4559 censuerim,
3208 4494 3303 4563 qui
3326 4494 3441 4547 dis-

1863 4596 2127 4650 cedentes
2172 4610 2202 4649 a
2245 4594 2343 4649 Dei
2394 4593 2576 4658 cultu,
2636 4598 2905 4647 creatura:
2955 4587 3206 4643 serviunt
3258 4585 3442 4655 potius

1860 4702 2025 4757 quam.
2063 4685 2310 4743 Creatori
2352 4694 2516 4755 atque
2548 4682 2870 4748 ‘Conditori;
2898 4688 2993 4734 aut
3033 4677 3102 4732 ad
3137 4677 3441 4747 turpiorem

1859 4778 2040 4833 adhuc
2061 4793 2308 4833 errorem
2330 4777 2557 4847 delapsi,
2584 4776 2817 4831 adorant
2839 4789 3004 4844 opera
3030 4786 3289 4827 manuum
3317 4786 3441 4825 sua~

178 4871 350 4943 ἤγουν
386 4868 467 4924 ἔτι
515 4873 650 4944 πρὸς
697 4873 892 4943 αἰσχίω
934 4871 1417 4943 καταθρώσκοντες
1466 4856 1771 4938 πλόινηιιιιν,¹

1871 4886 1978 4925 mm
2005 4887 2019 4923 :
2046 4885 2170 4925 cum
2193 4876 2339 4924 esset
2360 4865 2640 4939 perfacile,
2660 4867 2704 4921 si
2724 4875 2874 4921 recte
2898 4878 3090 4933 sapere
3111 4862 3451 4925 voluissent,

179 4960 548 5034 προσκυνοῦσι
575 4967 686 5029 τοίς
708 4964 893 5038 ἔργοις
927 4963 1033 5018 τῶν
1063 4963 1279 5035 χειρῶν·
1309 4961 1485 5015 αὐτῶν
1504 4977 1516 4989 ³
1540 4961 1642 5013 καί
1671 4976 1754 5012 τοι

176 5050 240 5127 ἦν
289 5056 551 5121 εὐκόλως,
582 5058 740 5126 εἰπερ
783 5059 987 5111 ἕλοιντο
1017 5059 1233 5127 φρονεῖν
1261 5054 1456 5126 ὀρθῶς,
1486 5054 1589 5123 τῆς
1615 5052 1770 5122 ὑπὲρ·

179 5147 359 5200 πάντα
404 5149 499 5200 καὶ
531 5149 771 5220 ἀρρήτου
815 5148 1030 5218 φύσεως
1054 5145 1493 5202 καταθεάσασθαι
1530 5143 1590 5198 τὸ
1621 5144 1755 5198 κάλ-

175 5236 262 5301 λος
292 5237 405 5291 ἀπὸ
441 5239 671 5303 κτίσεως
713 5240 941 5311 κόσμου,
975 5241 1070 5293 καὶ
1105 5240 1167 5292 ὲκ
1196 5238 1296 5308 τῆς
1323 5236 1432 5289 τῶν
1452 5234 1753 5303 γεγονότων

176 5328 481 5399 εὐρυθμίας
522 5329 615 5382 τὸν
646 5331 937 5401 ταξίαρχον
966 5330 1061 5384 καὶ
1090 5328 1333 5400 ἡγεμόνα
1369 5326 1463 5381 καὶ
1489 5326 1750 5395 δημιουρ-

176 5419 265 5486 γὸν
288 5418 447 5473 τοῦδε
465 5419 560 5474 τοῦ
584 5421 783 5486 παντὸς
807 5424 1028 5478 ἐννοεῖν.
1067 5421 1227 5475 ’Δλλά
1252 5418 1516 5491 τὴνηοῦτω
1543 5417 1748 5487 σεπτήν

176 5528 228 5566 τε
262 5513 355 5567 καὶ
384 5514 716 5588 ἀξιάγαστον
758 5515 985 5591 γνώμην
1026 5514 1437 5577 διαπτύσαντες,
1469 5510 1613 5572 τινὲς
1638 5507 1749 5562 τῶν

238 5699 284 5731 ’⁸
306 5693 835 5762 Deut.xvn,2seqq.
909 5692 954 5723 ⁷⁵
978 5690 1228 5753 Matthx,
1260 5689 1348 5742 57.
1426 5688 1471 5718 ⁷⁸
1496 5686 1613 5740 Jer.
1636 5700 1695 5744 ιι.
1723 5684 1776 5736 :‘i.

1855 4977 2082 5017 summae
2118 4962 2268 5018 illius
2291 4969 2347 5017 et
2383 4960 2679 5016 ineffabilis
2718 4966 2930 5013 naturae
2967 4954 3449 5027 pulchritudinem-

1855 5054 2233 5125 contemplari,
2261 5070 2440 5125 neque
2485 5054 2661 5109 solum
2699 5068 2764 5107 ex
2807 5058 3060 5105 creatura
3100 5049 3311 5113 mundi,
3340 5047 3437 5103 sed

1853 5146 2021 5200 etiam
2087 5161 2155 5200 ex
2194 5162 2382 5202 rerum
2448 5161 2569 5215 quae
2613 5142 2845 5199 conditae
2886 5147 3015 5196 sunt
3064 5139 3446 5196 concinnitate

1853 5237 2159 5308 principem
2185 5253 2249 5292 ac
2280 5237 2476 5292 ducem
2509 5245 2565 5291 et
2588 5234 2837 5306 Opificem
2875 5233 3040 5305 hujus
3060 5231 3437 5287 universitatis

1853 5326 2180 5399 intelligere.
2229 5326 2333 5383 Sed
2371 5326 2618 5382 nonnulli
2664 5341 2694 5381 e
2737 5325 2935 5395 priscis
2974 5324 3083 5379 illis
3119 5321 3439 5377 hominibus

1851 5420 2142 5475 consilium
2161 5418 2298 5473 adeo
2316 5418 2729 5489 suspiciendum
2746 5426 2806 5473 et
2827 5414 3150 5472 admirabile
3172 5428 3437 5483 respuen-

1852 5517 1953 5571 tes,
1979 5524 2166 5571 aurea,
2188 5518 2250 5562 ut
2270 5518 2356 5562 est
2376 5507 2517 5578 apud
2532 5507 2752 5564 Graecos
2776 5515 2986 5577 poetas,
3008 5519 3108 5574 pro
3128 5503 3286 5559 aereis
3306 5516 3439 5571 pcr-

1852 5684 1896 5715 ττ
1944 5683 2111 5753 una,
2138 5682 2221 5747 te,
2255 5682 2347 5737 ιδ.
