3966 6298
467 249 574 310 ιοσ
1490 243 1546 301 s.
1587 242 1862 302 CYR1LLI
1902 245 2380 308 ALEXANDRINI
2419 240 2741 307 ARCHIEP.
3632 253 3740 312 ιρι

466 374 839 422 mutaverunt.
871 363 1073 432 Quare,
1101 363 1311 435 abjeeta
1349 361 1468 427 Dei,
1496 362 1590 432 qui
1617 361 1920 416 secundum
1949 377 2046 415 na-

2157 362 2546 434 ἀρχαιοτέρων,
2577 361 2782 434 χρύσεα
2811 358 3078 431 χαλκείων
3099 360 3420 433 ἠλλάξαντο,
3450 367 3594 422 κατὰ
3612 375 3745 438 τοὺς

468 467 646 510 turam
691 465 794 518 est,
835 455 1157 509 adoratione
1198 452 1486 524 pueriliter
1525 466 1776 505 conversn
1819 458 1947 504 sunt
1986 446 2051 504 ad

2158 455 2287 524 παρ’
2311 455 2537 524 Ἕλλησι
2567 447 2796 523 ποιητάς
2830 450 3008 524 (1).Τὸ
3032 453 3140 525 γάρ
3159 471 3244 507 τοι
3257 455 3460 526 ,χρῆναι
3487 459 3755 527 μεθέντες
3781 440 3794 498 ί

468 549 718 602 inutilem
743 557 800 601 et
823 563 1024 600 vanum
1052 546 1323 600 idolorum
1351 545 1578 598 cultum.
1607 543 1792 612 Itaque
1817 541 2051 598 dedecus

2157 545 2275 617 Θεῷ
2305 545 2384 618 τῷ
2411 539 2552 600 κατὰ
2581 538 2744 615 φύσιν
2777 549 3126 616 προσκυνεῖν,
3167 550 3550 619 μειρακιωδῶς
3576 553 3747 625 ἐτρά-

468 639 587 692 risu
625 638 850 708 dignum
888 651 989 690 suo
1016 636 1181 706 capiti
1223 640 1596 705 asperserunt,
1627 648 1834 703 suaque
1861 642 2051 703 sponte

2157 651 2320 689 ποντο
2360 627 2496 706 πρὸς
2538 635 2794 706 ἀνόνητον
2842 628 3275 708 εἰκαιολατρείαν
3309 639 3419 708 (-2)’
3473 641 3747 711 αἰσχύνην

467 730 692 799 superni
717 729 906 782 auxilii
935 726 1348 782 destitutionem
1373 724 1607 796 amplexi
1645 734 1791 779 sunt.
1817 725 2055 794 Ideoque

467 824 606 878 dixit
631 825 774 878 Deus
803 842 848 876 ει
881 824 952 878 Ut
972 822 1210 876 dedecus
1231 820 1370 875 furis
1391 835 1516 874 cum
1539 819 1918 888 deprehensus
1941 818 2057 872 fue-

468 916 561 978 rit,
591 915 670 969 sic
705 915 1036 968 erubescent
1073 912 1170 966 filii
1199 911 1387 975 Israel,
1417 906 1543 981 ipsi,
1573 919 1632 964 et
1656 918 1810 980 reges
1836 924 2052 974 eorum,

468 1015 524 1062 et
548 1007 824 1077 principes
864 1007 1132 1076 ipsorum,
1176 1012 1232 1060 et
1268 1003 1583 1059 sacerdotes
1606 1009 1821 1066 eorum,
1846 999 1901 1055 et
1923 1016 2054 1070 pro-

468 1100 650 1168 phetae
675 1115 896 1152 eorum:
929 1099 1077 1168 ligno
1102 1097 1362 1151 dixerunt
1395 1112 1407 1148 :
1436 1094 1598 1150 Pater
1623 1109 1779 1149 meus
1800 1109 1861 1149 es
1887 1102 1974 1160 tu;
2001 1102 2056 1149 et

466 1190 662 1259 lapidi:
692 1190 770 1244 Tu
799 1189 1036 1260 genuisti
1061 1204 1168 1243 me.
1196 1189 1266 1243 Et
1287 1195 1576 1243 verterunt
1599 1186 1666 1242 ad
1691 1201 1778 1240 me
1806 1194 1975 1256 terga,
1999 1187 2057 1240 et

467 1297 576 1335 non
602 1281 769 1336 facies
794 1297 953 1347 suas;
1005 1289 1063 1336 et
1089 1281 1145 1336 in
1169 1287 1415 1350 tempore
1438 1280 1709 1335 malorum
1739 1271 1896 1347 182
1923 1293 2054 1332 suo-

467 1387 592 1426 rum
620 1373 807 1426 dicent
831 1391 841 1424 :
864 1373 1059 1443 Surge,
1085 1380 1142 1427 et
1164 1372 1310 1426 salva
1333 1388 1454 1427 nos.
1482 1372 1551 1426 Et
1579 1370 1672 1425 ubi
1695 1379 1827 1425 sunt
1851 1369 1927 1425 dii
1953 1370 2053 1438 tui,

467 1479 606 1532 quos
646 1465 825 1520 fecisti
871 1465 970 1518 tibi
1013 1465 1152 1534 ipsi?
1179 1464 1235 1518 Si
1263 1473 1488 1535 surgent
1511 1471 1568 1518 et
1607 1458 1895 1518 salvabunt
1919 1471 1971 1516 te
1997 1462 2055 1517 in

2155 727 2249 780 καὶ
2300 725 2513 796 γέλωτα
2551 718 2652 798 τῆς
2693 717 2906 781 ἓαυτῶν
2938 727 3298 798 καταχέοντες
3328 729 3578 800 κεφαλῆς
3643 732 3745 786 καὶ

2153 819 2478 889 ἐπικουρίας
2519 817 2622 888 τῆς
2669 809 2876 874 ἄνωθεν
2941 811 3274 889 αύτόκλητον
3320 820 3589 891 ᾑρημένοι
3643 819 3744 892 τὴν

2153 913 2494 968 ἀπόπτωσιν.
2553 907 2664 966 καὶ
2715 913 2845 982 γοῦν
2904 903 3009 985 ἔφη
3062 905 3228 975 Θεόςο
3280 930 3300 966 ι
3364 913 3453 977 Ὠς
3505 915 3738 986 αἰσχύνη

2155 1005 2393 1059 κλέπτου
2433 995 2567 1060 ’ὅταν
2617 995 2751 1075 άλῷ,
2809 1002 2992 1067 οὕτως·
3023 998 3476 1074 α’ῖσχυνθήσονται
3522 1005 3573 1056 οί
3629 1004 3739 1058 υίοὶ

2169 1097 2382 1169 Ἰσραὴλ
2411 1090 2586 1162 αὐτοὶ,
2611 1097 2706 1151 καὶ
2725 1098 2773 1150 οῖ
2805 1087 3041 1166 βασιλεῖς
3067 1095 3268 1162 αὐτῶν,
3287 1095 3377 1148 καὶ
3396 1097 3446 1149 οῖ
3474 1097 3738 1166 ἄρχοντες

2155 1189 2355 1253 αὐτῶν,
2381 1189 2477 1242 καὶ
2503 1189 2553 1241 οῖ
2584 1189 2747 1259 ἱερεῖς
2776 1179 2976 1251 αὐτῶν,
3005 1186 3100 1240 καὶ
3128 1187 3176 1239 οἱ
3211 1188 3492 1257 προφῆται
3516 1185 3699 1239 αὐτῶν
3717 1201 3735 1217 ο

2151 1279 2230 1350 τῷ
2260 1278 2402 1348 ξύλῳ
2433 1263 2612 1344 εἶπαν,
2646 1277 2729 1330 ὅτι
2763 1276 2953 1346 Πατήρ
2987 1293 3091 1346 μου
3138 1269 3190 1328 εἷ
3215 1275 3303 1341 σὺ,
3336 1276 3429 1328 καὶ
3457 1274 3536 1345 τῷ
3570 1275 3733 1345 λίθῳ·

2157 1363 2229 1425 Σὺ
2276 1370 2575 1441 ἐγέννησας
2605 1385 2694 1439 με.
2724 1368 2836 1422 Καὶ
2880 1366 3149 1439 ἔστρεψαν
3188 1366 3276 1419 ἐπ’
3305 1366 3406 1437 ἐμὲ
3444 1367 3611 1433 νῶτα,
3641 1369 3738 1421 καὶ

2154 1464 2216 1516 οὐ
2258 1464 2524 1535 πρόσωπα
2570 1459 2790 1514 αὐτῶν*
2835 1459 2926 1515 καὶ
2971 1461 3030 1514 ὲν
3065 1458 3140 1528 τῷ
3186 1459 3364 1530 καιρῷ
3401 1459 3512 1512 τῶν
3550 1461 3737 1513 κακῶν

467 1564 713 1628 tempore
753 1557 1065 1612 afllietionis
1093 1557 1236 1610 tuae?
1269 1559 1400 1627 quia
1433 1557 1586 1627 juxta
1625 1568 1917 1609 numerum
1958 1569 2051 1607 ur-

2157 1555 2332 1607 αὐτῶν
2374 1553 2620 1625 ἐροῦσινο
2677 1551 2909 1605 Ἀνᾶστα
2937 1551 3032 1604 καὶ
3071 1549 3245 1603 σῶσον
3294 1549 3460 1621 ἡμᾶς.
3494 1551 3604 1604 Και
3629 1549 3735 1604 ποῦ

465 1647 619 1702 bium
649 1655 867 1701 tuarum
901 1653 1061 1699 erant
1087 1645 1163 1699 dii
1188 1646 1290 1709 tui,
1316 1645 1481 1710 Juda;
1507 1652 1564 1698 et
1579 1645 1735 1715 juxta
1757 1658 2051 1708 numerum

2157 1641 2291 1699 ε’ίσὶν
2322 1647 2371 1698 οί
2412 1644 2522 1697 θεοί
2555 1661 2670 1709 σου,
2708 1637 2801 1706 οὓς
2839 1640 3102 1713 ἐποίησας
3149 1641 3365 1713 σαυτῷ;
3401 1641 3464 1694 Εί
3498 1642 3739 1712 ἀναστή-

464 1741 678 1794 viarum
702 1738 1027 1802 Jerusalem,
1057 1737 1440 1793 sacriﬁcabant
1462 1737 1608 1791 Baal.
1630 1735 1741 1792 Cur
1760 1736 2049 1806 loquimini

2157 1755 2337 1792 σονται
2377 1737 2470 1791 καὶ
2516 1735 2750 1790 σώσουσι
2802 1752 2862 1788 σε
2891 1736 2949 1790 ὲν
2989 1733 3065 1804 τῷ
3094 1733 3271 1806 καιρῷ
3299 1728 3402 1806 τῆς
3427 1735 3732 1799 κακώσεως

465 1833 532 1886 ad
556 1832 675 1886 me?
697 1830 899 1885 Omnes
917 1845 1015 1884 vos
1037 1829 1202 1898 impie
1223 1828 1432 1900 egistis,
1454 1836 1509 1883 et
1530 1843 1720 1883 omnes
1741 1843 1838 1882 vos
1861 1827 2049 1898 inique

465 1923 676 1978 fecistis
712 1923 898 1986 inme,
926 1921 1066 1976 dicit
1088 1920 1354 2007 Dominus
1379 1920 1440 1974 ⁷⁸.
1475 1939 1493 1972 ι

2159 1848 2290 1898 σου;
2339 1831 2422 1884 ὅτι
2453 1829 2598 1884 κατὰ
2634 1828 2864 1901 ἀριθμὸν
2895 1829 3004 1884 τῶν
3047 1824 3253 1882 πόλεών
3305 1845 3398 1882 σου
3437 1822 3576 1900 ἦσαν
3622 1829 3738 1882 θεοί

2157 1938 2277 1986 σου,
2327 1920 2517 1985 Ἰούδα,
2557 1921 2650 1974 καὶ
2693 1919 2837 1974 κατὰ
2881 1914 3112 1991 ἀριθμὸν
3154 1919 3344 1972 διόδων
3392 1921 3491 1990 τῆς
3534 1919 3738 1988 Ἰερου⁸

468 2018 681 2088 σαλὴμ,
737 2017 892 2070 ἔθυον
945 2016 1024 2086 τῷ
1070 2015 1240 2068 Βαάλ.
1291 2014 1453 2068 Ἰνατί
1512 2013 1732 2068 λαλεῖτε·
1780 2017 1916 2088 πρός
1961 2031 2062 2085 με;
2091 2014 2297 2080 Πάντες
2323 2017 2481 2088 ὑμεῖς
2509 2017 2822 2087 ἠνομήσατε
2849 2017 2928 2078 είς
2945 2015 3067 2086 ἐμὲ,
3092 2012 3240 2082 λέγει
3269 2011 3492 2084 Κύριος.
3528 2033 3546 2064 ι

536 2107 732 2161 PALL.
758 2106 932 2161 Grave
957 2122 1148 2162 revera
1176 2107 1409 2172 crimen,
1436 2105 1656 2178 Cyrille.

533 2199 690 2252 ΟΥΕ.
729 2198 836 2252 Sed
874 2207 961 2252 est
999 2199 1218 2269 aliquis,
1247 2206 1309 2252 ut
1350 2199 1568 2269 opinor,
1595 2213 1988 2270 nonnunquam
2012 2213 2048 2254 ο

463 2297 656 2345 nostro
679 2305 899 2360 quoque
925 2305 1159 2345 numero
1183 2290 1364 2345 adhuc
1390 2306 1501 2344 non
1524 2290 1820 2344 admodum
1843 2288 2048 2345 conﬁr-

465 2391 673 2447 matus,
717 2383 811 2452 qui
857 2381 1097 2436 fucatam
1141 2397 1206 2436 ac
1246 2382 1556 2436 simulatam
1599 2397 1728 2452 erga
1766 2381 2048 2437 Christum

464 2468 787 2522 charitatem
834 2475 1095 2535 sectetur,
1143 2478 1200 2524 et
1240 2470 1360 2525 ovis
1400 2470 1803 2539 quodammodo
1848 2471 2048 2540 pellem

464 2561 570 2614 sibi
595 2561 1080 2629 circumposuerit,
1109 2575 1307 2631 nempe
1347 2568 1409 2614 ut
1441 2560 1509 2615 ad
1545 2561 1783 2631 speciem
1805 2577 1926 2618 esse
1951 2564 2049 2618 Dei

464 2658 679 2705 amator
702 2651 977 2716 videatur,
1007 2667 1132 2705 cum
1173 2660 1319 2706 terra
1361 2653 1454 2716 sit,
1483 2660 1538 2708 et
1564 2653 1820 2708 immanis
1845 2653 2046 2721 bellua,

465 2743 736 2811 malignus
777 2743 907 2796 item
946 2758 1014 2797 ac
1037 2744 1257 2809 varius;
1283 2745 1421 2799 adeo
1464 2754 1523 2798 ut
1559 2744 1706 2799 domi
1737 2745 1958 2815 quidem
1985 2763 2050 2803 ac

465 2831 536 2885 de
572 2839 754 2896 nocte,
799 2833 1054 2897 latenter,
1099 2833 1345 2903 inquam,
1383 2833 1779 2889 daemoniorum
1819 2837 2050 2892 cultura:

465 2921 539 2975 sit
561 2921 814 2988 deditus;
843 2921 989 2977 idem
1017 2930 1222 2988 tamen,
1250 2933 1311 2979 ut
1335 2925 1632 2980 verisimile
1666 2933 1782 2992 est,
1811 2937 1968 2998 putet
1990 2945 2048 2984 se

465 3029 627 3085 posse
651 3015 820 3068 Deum
849 3030 1069 3085 quoque
1095 3014 1274 3086 ipsum
1311 3012 1575 3088 effugere,
1603 3027 1661 3073 et
1682 3019 1831 3073 illam
1855 3020 2050 3075 ineffa-

467 3106 594 3160 bilis
631 3106 778 3161 illius
818 3114 1028 3161 natura}
1068 3107 1486 3179 intelligentiam
1516 3111 1723 3166 fallere.
1747 3113 1928 3168 Facile
1951 3130 2052 3168 au-

467 3205 576 3251 tem
615 3198 832 3252 ostendi
870 3205 1070 3267 potest,
1097 3197 1192 3268 qui
1233 3199 1308 3253 ita
1351 3200 1572 3266 sentiat,
1598 3216 1724 3256 eum
1764 3203 2052 3274 gentiliqu

466 3305 685 3359 quoque
723 3289 955 3345 stultitia
989 3289 1234 3359 turpiora
1274 3291 1534 3361 cogitare.
1561 3292 1696 3347 Nam
1737 3292 2051 3349 Graecorum

465 3381 810 3449 sapientibus
835 3382 938 3447 sol,
965 3382 1058 3452 qui
1087 3381 1343 3437 conditus
1361 3398 1423 3438 ac
1447 3383 1622 3440 factus
1635 3394 1738 3449 est,
1756 3386 2049 3453 luminare,

466 3471 709 3542 inquam,
737 3473 873 3527 illud
911 3490 1188 3545 magnum,
1215 3484 1272 3529 et
1295 3474 1364 3528 ad
1391 3475 1496 3530 hoc
1520 3476 1699 3546 ipsum
1727 3492 1759 3530 a
1781 3478 1894 3532 Deo
1915 3493 2049 3533 con-

465 3564 664 3630 ditum,
687 3565 812 3635 jure
853 3565 1063 3634 optimo
1098 3567 1284 3622 omnia
1311 3569 1563 3637 aspicere
1592 3576 1648 3622 et
1673 3569 2049 3624 omnia-exau-

463 3655 586 3710 dire
611 3656 943 3712 videbatur:
970 3657 1238 3726 putabant
1257 3658 1428 3723 enim,
1453 3658 1600 3728 quod
1624 3674 1726 3728 pro
1747 3660 1860 3714 Deo
1881 3660 2054 3715 susci-

464 3755 713 3814 peretur,
741 3746 794 3800 id
827 3746 1028 3801 divina:
1061 3755 1273 3803 naturae
1307 3749 1738 3818 proprietatibus
1759 3739 2051 3820 praeditum

464 3851 588 3890 esse
610 3845 868 3905 oportere
896 3855 908 3890 :
931 3845 1016 3892 est
1035 3846 1219 3893 autem
1239 3854 1468 3894 summ
1490 3849 1698 3896 naturae
1719 3842 2048 3911 proprietas,

465 3925 651 3978 omnia
695 3925 837 3981 scire
874 3933 1039 3998 atque
1080 3929 1412 3999 perspicere.
1451 3929 1562 3986 Sed
1599 3931 1678 3984 illi
1713 3931 1935 4002 quidem
1975 3935 2051 3990 ita

466 4011 783 4067 sentiebant
805 4031 817 4066 :
844 4013 913 4068 ad
935 4029 1038 4070 nos
1057 4030 1190 4070 vero
1211 4016 1358 4071 Deus
1376 4017 1506 4071 olim
1531 4017 1829 4073 clamabat:
1859 4038 1878 4070 ‹
1907 4021 2052 4077 Deus

466 4102 846 4173 propinquans
883 4118 986 4176 ego
1027 4119 1171 4171 sum,
1198 4105 1638 4174 dicitDominus,
1667 4117 1724 4164 et
1761 4125 1870 4164 non
1907 4110 2051 4167 Deus

465 4196 534 4250 de
565 4197 724 4266 longe
763 4215 777 4251 :
813 4206 871 4252 et
911 4213 942 4253 a
982 4213 1070 4253 me
1092 4198 1463 4254 abscondetur
1503 4200 1712 4271 aliquid
1737 4201 1821 4256 7'?
1849 4221 1868 4255 ι
1900 4203 2048 4259 Nihil

2227 2106 2440 2165 ΠΑΔΔ.
2481 2110 2660 2162 Δεινόν
2691 2125 2753 2177 γε
2773 2105 2847 2172 ὼς
2877 2107 3092 2179 ἀληθῶς
3115 2107 3175 2160 τὸ
3197 2107 3407 2178 χρῆμα,
3433 2098 3477 2160 ὦ
3503 2110 3622 2160 τᾶν.

2222 2198 2388 2253 ΚΥΡ.
2439 2198 2577 2252 Ἀλλ’
2625 2199 2653 2251 ό
2688 2197 2788 2268 μέν
2816 2215 2898 2260 τις
2936 2195 3046 2249 ἔσθ’
3085 2197 3172 2249 ὅτε
3202 2195 3312 2249 τῶν
3338 2195 3634 2249 τελούντων
3671 2197 3734 2249 ἐν

2151 2289 2304 2359 ἡμῖν,
2341 2287 2730 2359 ἐρηρεισμένος
2771 2287 2829 2341 δὲ
2872 2285 3026 2340 οὔπω
3061 2285 3204 2350 λίαν,
3258 2284 3641 2339 κατάπλαστον
3669 2285 3733 2338 δι

2152 2382 2246 2437 καὶ
2299 2375 2462 2453 νόθην
2497 2380 2596 2451 τὴν
2633 2383 2714 2444 είς
2750 2379 2986 2452 Χριστὸν
3029 2377 3388 2450 ἐπιτηδεύσας
3427 2379 3730 2448 ἀγάπησιν,

2152 2475 2249 2528 καὶ
2274 2468 2387 2536 οἷος
2428 2471 2617 2544 ὥσπερ
2664 2471 2858 2526 κώδιον
2902 2470 3082 2543 ἑαυτῷ
3118 2470 3417 2543 περιτιθεὶς
3460 2470 3523 2524 τὸ
3554 2469 3733 2548 δοκεῖν

2151 2561 2290 2618 εἶναι
2337 2564 2610 2637 θεοφιλὴς,
2652 2563 2847 2636 πικρὸν
2894 2563 2991 2618 καὶ
3045 2563 3257 2618 ἀνόσιον
3307 2562 3462 2616 ἔσται
3515 2561 3727 2633 θηρίον,

2152 2657 2376 2728 κέρκωψ
2421 2674 2483 2711 τε
2511 2658 2606 2711 καὶ
2642 2656 3092 2728 ἀλλοπρόσαλλος,
3130 2655 3207 2718 ὡς
3230 2655 3368 2709 οῖκοι
3409 2654 3504 2708 καὶ
3550 2651 3730 2719 νυκτὶ,

2151 2751 2294 2822 φημὶ
2322 2750 2387 2820 δὴ
2410 2750 2471 2806 τὸ
2499 2749 2816 2821 λεληθάτως,
2844 2751 2965 2812 ταῖς
2999 2749 3108 2801 τῶν
3143 2748 3433 2818 δαιμονίων
3471 2749 3734 2818 προσκεῖ-

2152 2845 2276 2898 σθαι
2311 2843 2608 2914 λατρείαις,
2655 2839 2864 2894 οίεσθαι
2907 2840 2965 2894 δέ
3007 2858 3108 2894 που
3156 2839 3299 2894 κατὰ
3342 2839 3403 2893 τὸ
3431 2839 3596 2903 εἰκὸς,
3634 2839 3734 2892 καὶ

2154 2934 2315 2988 αὑτὸν
2336 2932 2594 2987 δύνασθαι
2623 2931 2905 3002 διαδράναι
2933 2929 3088 2994 Θεὸν,
3119 2930 3215 2984 καὶ
3244 2927 3333 2983 τὸν
3367 2931 3462 3000 τῆς
3487 2925 3732 3000 ἀρρήτου

2155 3024 2370 3094 φύσεως
2397 3020 2868 3093 παραλογίσασθαι
2890 3020 3035 3075 νοῦν.
3075 3017 3320 3090 Ἐκδείξῃ
3346 3016 3391 3072 δ’
3425 3018 3488 3072 ἄν
3520 3034 3604 3080 τις
3635 3019 3734 3069 καὶ

2153 3111 2272 3165 λίαν
2310 3111 2569 3180 ἀμογητὶ,
2601 3109 2693 3162 τὸν
2739 3103 2851 3178 ᾧγε
2881 3109 3040 3162 ταυτὶ
3084 3108 3317 3178 πάρεστι
3361 3106 3598 3177 φρονεῖν,
3631 3107 3732 3175 τῆς

2164 3202 2430 3273 Ἑλλήνων
2467 3200 2791 3271 άϐελτηρίας
2823 3199 2893 3254 τὰ
2934 3200 3131 3270 αἰσχίω
3158 3193 3575 3269 βεϐουλημένον.
3605 3199 3733 3262 Τοῖς

2155 3295 2255 3365 μὲν
2292 3293 2400 3364 γὰρ
2434 3294 2560 3364 παρ’
2610 3292 2836 3364 Ἕλλησι
2881 3295 3064 3361 σοφοῖς
3099 3290 3312 3346 κτιστὸν
3345 3292 3448 3346 καὶ
3472 3291 3734 3362 γεννητὸν

2152 3386 2300 3452 ὄντα,
2331 3385 2487 3438 πάντ’
2521 3386 2722 3455 ὲφορᾷν
2747 3385 2841 3438 καὶ
2871 3381 3026 3438 πάντ’
3051 3384 3362 3448 ἐπακούειν,
3387 3381 3564 3454 ὀρθῶς
3587 3384 3730 3454 ἔχειν

2152 3478 2328 3531 ἐδόκει
2367 3477 2458 3531 τὸν
2506 3477 2658 3548 ἣλιον
2693 3477 2791 3548 (5),
2829 3477 2922 3531 τὸν
2963 3477 3227 3549 φωστῆρα
3269 3475 3359 3531 τὸν
3402 3476 3596 3547 μέγαν,
3637 3475 3733 3530 καὶ

2151 3570 2238 3622 ἐπ’
2279 3570 2429 3640 αὐτῷ
2464 3570 2529 3642 δὴ
2563 3570 2740 3641 τούτῳ
2783 3570 3153 3643 πεποιημένον
3182 3569 3333 3642 παρὰ
3357 3568 3492 3623 Θεοῦ
3513 3587 3525 3600 ’
3559 3569 3731 3640 ᾤοντο

2151 3660 2261 3732 γὰρ
2300 3661 2408 3716 δεῖν
2450 3661 2512 3716 τὸ
2539 3663 2596 3716 ιν
2627 3662 2762 3716 Θεοῦ
2796 3662 2946 3729 τάξει
2995 3661 3460 3735 παρειλημμένον,
3494 3665 3609 3726 τοῖς
3629 3662 3732 3732 τῆς

2153 3752 2304 3816 θείας
2342 3753 2557 3822 φύσεως
2589 3754 2984 3808 καταπλουτεῖν
3029 3753 3350 3825 ἀξιώμασιν.
3397 3752 3640 3826 Ἀξίωμα
3668 3754 3729 3808 δὲ

2151 3845 2250 3914 τῆς
2275 3845 2534 3899 ἀνωτάτω
2558 3844 2792 3915 φύσεως,
2823 3845 2892 3900 τὰ
2915 3845 3094 3901 πάντα
3122 3846 3316 3900 είδέναι
3345 3847 3437 3900 καὶ
3462 3845 3725 3918 καθορᾷν.

2164 3933 2303 3989 Ἀλλ’
2334 3935 2530 3989 ἐκεῖνοι
2557 3935 2656 4006 μὲν
2695 3938 2753 3990 ὲν
2780 3935 3022 4001 τούτοιςο
3052 3938 3184 4008 ἡμῖν
3214 3937 3272 3990 δὲ
3303 3936 3434 4001 Θεὸς
3458 3937 3730 4008 ἐπεφώνει

2151 4027 2347 4082 πάλαιο
2383 4046 2400 4080 ι
2436 4027 2567 4092 Θεὸς
2605 4027 2837 4098 ὲγγίζων
2873 4028 2983 4098 ἐγώ
3021 4030 3159 4102 είμι,
3196 4028 3342 4098 λέγει
3376 4029 3602 4100 Κύριος,
3633 4032 3730 4084 καὶ

2151 4119 2272 4190 οὐκὶ
2300 4116 2433 4184 Θεὸς
2462 4119 2774 4192 πόρρωθενο
2812 4120 2887 4192 μὴ
2916 4121 3012 4174 ἀπ’
3046 4121 3180 4192 ἐμοῦ
3212 4121 3550 4194 κρυὸἡσεταί
3572 4140 3660 4188 τι;
3700 4141 3721 4173 ι

2152 4209 2320 4264 Δάθοι
2357 4210 2464 4281 γὰρ
2505 4210 2659 4265 οὐδὲν
2701 4209 2793 4264 τόν
2840 4227 2905 4279 γε
2939 4211 3152 4282 άληθῶς
3197 4210 3357 4281 φύσει
3403 4211 3558 4266 Θεόν.
3614 4213 3730 4267 Καὶ

463 4288 614 4341 enim
651 4288 822 4343 latere
848 4298 1032 4359 potest
1070 4305 1197 4344 eum
1261 4292 1355 4360 qui
1395 4299 1592 4346 natura
1632 4309 1867 4364 vereque
1906 4296 2050 4351 Deus

2157 4301 2585 4372 μυσταγωγείτω
2606 4304 2635 4355 ὁ
2660 4301 2928 4374 μακάριος
2951 4301 3116 4356 Δαῦὶδ
3137 4302 3310 4373 λέγων
3329 4320 3343 4334 ·
3369 4322 3388 4356 ι
3419 4302 3612 4357 Σύνετε
3633 4298 3724 4370 δὴν

463 4387 568 4434 est.
609 4380 778 4450 quue
819 4381 1040 4437 divinus
1064 4382 1236 4437 David
1263 4398 1363 4438 nos
1387 4383 1608 4438 docebit
1641 4385 1832 4441 dicens
1858 4404 1870 4440 :
1905 4405 1923 4438 ι
1955 4388 2046 4442 ln-

2157 4393 2383 4462 ἄφρονες
2420 4393 2478 4446 ἐν
2512 4392 2590 4464 τῷ
2612 4393 2742 4465 λαῷ,
2789 4394 2883 4447 καὶ
2915 4393 3107 4465 μωροί,
3145 4395 3278 4447 ποτὲ
3312 4395 3620 4465 φρονήσατε
3641 4409 3658 4424 ⁶
3696 4395 3728 4446 ό

467 4471 717 4540 telligite,
746 4472 1072 4542 insipientes
1099 4472 1156 4527 in
1196 4473 1420 4543 populo,
1446 4483 1503 4528 et
1545 4475 1719 4540 stulti,
1752 4476 2046 4545 aliquando

2157 4483 2425 4554 φυτεύσας
2448 4484 2507 4538 τὸ
2533 4483 2646 4550 οὖς,
2683 4485 2784 4538 οὐκ
2809 4484 3060 4552 άκούσει;
3103 4486 3194 4539 καὶ
3218 4486 3248 4536 ὁ
3288 4486 3498 4550 πλάσας
3525 4485 3728 4555 ὀφθαλ-

466 4564 640 4631 sapite
654 4581 672 4615 ;
691 4564 783 4633 qui
801 4564 1069 4634 plantavit
1091 4580 1304 4630 aurem,
1328 4580 1439 4619 non
1455 4565 1674 4620 audiet?
1695 4576 1749 4621 et
1772 4569 1866 4637 qui
1891 4568 2048 4623 finxit

2157 4575 2309 4644 μους,
2327 4575 2446 4645 οὐχὶ
2467 4577 2746 4640 κατανοεῖς
2775 4593 2792 4625 ι
2813 4575 3110 4644 Ἐφασκον,
3127 4571 3300 4647 οἶμαι,
3318 4576 3459 4639 τινὲς
3483 4577 3544 4641 ἐξ
3563 4579 3731 4630 ἀσυν-

466 4654 710 4718 oculum,
739 4670 849 4709 non
872 4655 1184 4710 considerat
1203 4656 1284 4710 '°?
1316 4676 1334 4708 ι
1361 4656 1628 4712 Dicebant
1655 4659 1803 4712 enim
1835 4660 2047 4715 scilicet

2157 4666 2303 4730 εσίας
2322 4683 2335 4698 ο
2373 4686 2391 4718 ι
2435 4665 2548 4718 Οὐκ
2579 4665 2767 4736 δψεται
2795 4665 3000 4737 Κύριος
3020 4708 3036 4733 ,
3068 4666 3174 4719 οὐδ’
3200 4667 3260 4720 οὑ
3284 4669 3504 4738 συνήσει
3529 4670 3559 4721 ό
3594 4668 3731 4732 Θεὸς

466 4745 720 4800 nonnulli
746 4761 857 4816 prae
889 4746 1122 4801 stultitia
1150 4763 1163 4800 :
1198 4765 1214 4798 ι
1243 4746 1364 4801 Non
1401 4747 1609 4802 videbit
1634 4749 1916 4813 Dominus,
1945 4766 2045 4805 ne-

2161 4758 2374 4814 Ἰακώ6.
2419 4778 2438 4811 ι
2478 4761 2550 4812 Ἦ
2595 4759 2697 4812 οὐκ
2741 4759 2948 4830 ⁴Ιιλίθιον
2985 4757 3201 4832 κομιδῇ,
3242 4759 3303 4814 τὸ
3342 4761 3481 4831 μήτε
3526 4760 3731 4815 εἰδέναι

467 4852 577 4906 que
619 4838 892 4910 intelliget
932 4840 1079 4895 Deus
1117 4839 1286 4896 Jacob
1313 4840 1377 4894 3‘.
1414 4860 1432 4893 ›
1482 4841 1679 4896 Annon
1705 4843 2050 4913 desipientia

2157 4853 2326 4921 λέγειν
2352 4853 2444 4908 τὸν
2471 4852 2571 4922 τῆς
2608 4850 2862 4920 γνώσεως
2897 4852 3155 4923 χορηγὸν,
3205 4853 3342 4925 μήτε
3369 4852 3478 4924 μὴν
3509 4854 3732 4909 ἑπαίειν

467 4944 694 4984 summa;
720 4932 1033 4999 estdicere,
1059 4933 1286 4988 minime
1311 4948 1438 4988 eum
1463 4935 1623 4998 scire,
1650 4934 1743 5004 qui
1778 4935 2047 5005 cognitio-

2157 4940 2383 5007 πίεσθαι,
2421 4941 2514 4996 τὸν
2545 4943 2658 5006 τοῖς
2701 4939 2831 5013 παρ’
2866 4941 3031 4996 αὐτοῦ
3057 4942 3306 5015 γεγονόσι
3333 4942 3396 4996 τὸ
3425 4940 3622 5015 χρῆμα
3653 4945 3736 4998 δι-

467 5019 555 5072 nis
599 5021 835 5076 tributor
859 5023 958 5089 sit;
987 5041 1052 5079 ac
1091 5033 1286 5095 putare
1324 5042 1452 5082 eum
1477 5042 1587 5082 non
1628 5027 1909 5092 exaudire,
1951 5028 2047 5096 qui
2144 5035 2344 5103 δόντας
3088 5015 3116 5029 ν
3151 5013 3164 5028 ν

467 5108 616 5164 hunc
640 5126 860 5167 sensum
885 5116 1050 5173 rebus
1075 5133 1106 5172 a
1130 5133 1189 5172 se
1221 5119 1456 5173 conditis
1485 5117 1732 5172 dederit?

536 5290 582 5322 "
603 5291 715 5346 Jer.
747 5308 805 5356 ιι,
836 5293 1023 5349 26-29.
1086 5297 1130 5328 ⁷⁹
1160 5296 1273 5351 Jer.
1310 5311 1464 5360 mu,
1491 5295 1578 5347 25.
1656 5293 1701 5326 ⁸⁰
1734 5293 1875 5350 Psal.
1902 5313 2048 5364 xcm,

2167 5299 2220 5355 9.
2297 5300 2342 5333 ⁸¹
2379 5300 2543 5368 lbid.,
2575 5303 2627 5357 7.

535 5431 609 5500 (I)
642 5433 907 5490 Homerus
936 5436 1095 5491 Iliad.
1124 5438 1177 5502 ς’
1211 5455 1225 5489 :

538 5504 775 5567 Χρύσεα
800 5509 1118 5573 χαλκείων,
1149 5507 1484 5575 ἑκατόμϐοι’
1509 5509 1888 5566 ἐννεαϐοίων.

551 5592 604 5670 2)
627 5592 761 5670 Qud.
787 5596 930 5670 ναι..
956 5595 1415 5668 εἰδωλολατρεξαν.
1436 5598 1700 5670 Superius
1721 5600 1865 5656 idem
1885 5601 2031 5670 cod.,

462 5662 628 5718 ῑωλον
653 5663 929 5733 λατρείαν.

2212 5442 2286 5515 (5)
2325 5443 2641 5523 Homerum-
2673 5446 2944 5523 intelligit,
2970 5449 3062 5523 qui
3115 5449 3314 5505 Iliados
3360 5450 3528 5523 tertio
3576 5451 3724 5523 Aga-

2139 5530 2485 5570 memnonem
2515 5516 2569 5570 in
2598 5515 2805 5573 ﬁndere
2830 5515 3008 5574 Solem
3037 5521 3375 5577 invocantem
3397 5522 3524 5578 fecit
3561 5540 3575 5576 :

2154 5604 2384 5673 Ἠέλιός
2406 5606 2457 5664 θ’
2481 5608 2549 5675 ὃς
2580 5608 2753 5666 πάντ’
2779 5613 2999 5683 ἐφορᾷς
3030 5615 3126 5669 καί
3171 5616 3344 5671 πάντ’
3373 5617 3726 5689 ἐπακούεις.,
