3966 6298
201 261 299 322 125

268 374 469 432 ΠΑΛΛ.
524 370 807 426 Ἀπίθανον
841 370 1136 434 παντελῶς.

268 468 423 522 ΚΥΡ.
468 462 878 536 Προσκυνητέον
907 457 999 515 οὖν
1029 462 1138 532 ἄρα
1176 462 1321 533 μόνῳ
1353 478 1411 513 τε
1439 462 1532 514 καὶ
1555 461 1767 533 όλοτρόο

207 576 312 621 πως
353 553 540 626 Κυρίῳ
583 552 663 622 τῷ
723 551 862 621 Θεῷ,
916 553 1056 604 κατά
1085 552 1184 615 τὰς
1215 553 1252 604 Γ
1257 551 1463 623 ραφάς,
1505 553 1674 621 ἑτέρῳ
1711 551 1766 604 δὲ

207 651 324 722 παρ’
353 646 516 702 αὐτὸν
536 644 731 698 οὐδενί.
769 643 1081 714 Γέγραπται
1111 643 1240 715 γὰρ,
1266 643 1346 696 ὃτι
1385 663 1402 694 ι
1429 642 1642 706 Τέλειος
1669 642 1765 713 ἔσῃ

205 741 430 798 ἐναντίον
458 737 664 809 Κυρίου
694 736 790 790 τοῦ
816 736 951 789 Θεοῦ
989 754 1104 790 σου.
1151 755 1168 787 ›
1204 735 1491 806 Τελειότης
1523 735 1580 788 δὲ
1609 753 1769 788 πνευ-

207 833 416 907 ματικὴ,
457 832 519 885 τὸ
558 830 840 902 ἱδρυμένον
882 832 940 883 ἐν
976 830 1187 894 πίστει,
1224 829 1316 883 καὶ
1344 828 1644 900 ἀμώμητον
1689 831 1767 892 εἰς

204 925 466 997 λατρείαν,
501 922 597 976 καὶ
642 921 743 991 τῆς
791 921 870 984 εις
909 920 1041 974 Θεὸν
1085 921 1306 992 ἀγάπης
1353 920 1415 974 τὸ
1447 919 1768 992 ἀδιάϐλητον

205 1016 406 1078 κάλλος.
1213 1030 1218 1038 ’
1526 1032 1533 1044 ·’
1577 1035 1582 1042 ’

267 1108 471 1164 ΠΛΛΛ.
509 1105 666 1159 Οὕτω
700 1123 772 1177 φη
783 1104 862 1176 μί.

265 1201 422 1256 ΚΥΡ.
469 1196 596 1271 Ἆρ’
645 1196 772 1265 οὖν,
809 1194 854 1252 ῶ
897 1198 1201 1264 Παλλάδιε,
1248 1200 1377 1262 τοὺς
1424 1199 1625 1270 ἥκιστα
1669 1198 1767 1268 μὲν

204 1294 332 1356 θεοῖς
361 1293 567 1364 ἑτέροις
587 1331 600 1354 ,
649 1292 815 1362 ήγουν
857 1293 922 1362 τῇ
974 1292 1148 1344 κτίσει
1187 1292 1340 1364 παρά
1371 1292 1462 1345 τὸν
1490 1292 1769 1345 Κτίσαντα

204 1385 516 1456 προσκυνεῖν
551 1383 862 1454 ἑλομένους·
906 1383 1266 1453 πειθομένους
1314 1383 1390 1454 (1)
1436 1383 1494 1437 δὲ
1536 1383 1637 1437 οὐκ
1669 1378 1767 1437 οἷδ’

202 1477 337 1539 ὅπως
380 1479 501 1539 ταῖς
548 1475 657 1528 τῶν
705 1473 1236 1545 εἰδωλολατρούντων
1284 1473 1764 1544 ψευδομαντείαις,

206 1565 384 1637 μώμου
414 1567 508 1618 καὶ
545 1565 722 1629 αἰτίας
752 1565 1170 1636 ἀπαλλάξομεν;
1212 1565 1244 1635 ἢ
1275 1563 1384 1617 τῶν
1420 1565 1500 1627 εἰς
1531 1565 1770 1618 ἀπόστασ-

203 1674 279 1710 σιν
315 1658 676 1729 ἐγκλημάτων
723 1658 1039 1729 ἐλευθέρους
1085 1656 1403 1725 ἀποφαίνειν
1435 1659 1548 1719 τοῖς
1591 1673 1654 1724 γε
1692 1657 1768 1722 ὡς

200 1751 402 1823 ἀληθῶς
429 1753 673 1823 γνησίοις
701 1752 938 1823 ἀσφαλές
958 1768 973 1818 ;

264 1931 472 1986 ΠᾹΛΛ.
502 1931 792 2002 οὐδαμῶς.

261 2020 425 2076 ΚΥΡ.
496 2021 938 2092 ’Δστρογοητεῖαι
991 2021 1049 2073 δὲ
1115 2022 1208 2075 καὶ
1268 2020 1618 2092 κληδονισμοὶ
1677 2018 1772 2073 καὶ

194 2111 645 2181 ψευδομαντεῖαι,
677 2113 771 2165 καὶ
811 2110 1184 2182 δαιμονιώδεις
1224 2110 1584 2182 φενακισμοὶ,
1632 2108 1770 2181 πρι-

197 2220 343 2256 ποιεν
369 2202 459 2267 ἂν,
491 2199 644 2273 οἶμαί
674 2220 798 2268 που,
836 2204 1018 2274 μόνοις
1033 2220 1092 2256 τε
1118 2203 1212 2257 καὶ
1237 2203 1380 2274 τάχα
1393 2205 1504 2268 τοῖς
1528 2202 1773 2258 ὲκτοπώ-

196 2310 323 2346 τατα
389 2291 901 2363 προτεθυμημένοις
957 2292 1054 2364 τὴν
1103 2292 1275 2347 ἀκλεᾶ
1341 2296 1437 2348 καὶ
1496 2295 1772 2366 ἐπάρατον

198 2385 632 2456 εἰδωλολατρείαν
667 2384 1054 2449 εἰσοικίζεσθαι
1086 2385 1226 2438 κατὰ
1246 2385 1390 2443 νοῦν.

261 2476 470 2529 ΠΔΛΛ.
527 2474 734 2546 Ὀρθῶς
781 2475 937 2546 ἔφης.
1003 2475 1242 2529 Ἐπείτοι
1296 2479 1392 2530 καὶ
1441 2471 1770 2553 θεῖοςήμῖν

199 2568 480 2639 παρεγγυᾷ
525 2566 719 2635 λόγος,
773 2567 872 2638 τὴν
920 2566 1001 2630 είς
1049 2583 1114 2636 γε
1161 2566 1384 2632 τούτους
1434 2571 1772 2643 αἰσχρότητα

199 2658 705 2728 ηταμυσάττεσθαι
751 2658 883 2713 δεῖν.
943 2659 1097 2730 Ἔχει
1141 2660 1196 2713 δὲ
1241 2659 1434 2726 οὕτως·
1491 2682 1508 2715 ι
1552 2663 1679 2718 Ἐὰν
1709 2665 1768 2719 δὲ

198 2753 433 2826 εἰσέλθῃς
464 2757 544 2818 εἰς
573 2753 670 2824 τὴν
705 2753 838 2824 γῆν,
876 2753 942 2824 ἢν
994 2752 1199 2823 Κύριος
1221 2753 1250 2806 ὁ
1281 2752 1414 2817 Θεός
1463 2771 1556 2807 σου
1586 2755 1770 2811 δίδωσί

200 2863 294 2911 σοι,
339 2849 398 2900 οὺ
449 2845 680 2918 μαθήσῃ
729 2847 903 2898 ποιεῖν
954 2846 1097 2900 κατά
1144 2845 1213 2901 τὰ
1261 2846 1605 2919 βδελύγματα
1661 2849 1770 2905 τῶν

198 2938 356 2993 ἐθνῶν
371 2939 620 2993 ἐκείνων
650 2939 749 3009 οὐχ
769 2938 1128 3009 εὑρεθήσεται
1159 2941 1217 2992 ὲν
1247 2939 1330 2992 σοὶ
1359 2940 1770 3014 περικαθαίρων

198 3031 281 3084 τὸν
319 3031 433 3085 υίὸν
483 3030 650 3085 αὐτοῦ
699 3031 796 3084 καὶ
839 3030 938 3100 τὴν
973 3029 1252 3103 θυγατέρα
1290 3032 1456 3085 αὐτοῦ
1505 3034 1563 3087 ὲν
1613 3020 1766 3103 πυρὶ,

202 3126 595 3195 μαντευόμενος
654 3122 940 3194 μαντείαν,
996 3126 1094 3176 καὶ
1140 3102 1622 3196 κληδονιζόμενος,
1673 3102 1769 3179 καὶ
1796 3102 1837 3160 C

199 3217 596 3288 οἰωνιζόμενος,
645 3216 972 3288 φαρμακδς,
1010 3216 1224 3288 ἐπᾴδων
1271 3217 1560 3288 ὲπαοιδὴν,
1598 3219 1768 3287 ἐγγα-

201 3307 529 3380 στρίμυθος,
582 3308 677 3361 καὶ
720 3306 1159 3378 τερατοσκόπος,
1211 3307 1306 3360 καὶ
1373 3307 1597 3376 ἐρωτῶν
1643 3308 1770 3373 τοὺς

199 3401 430 3472 νεκρούς·
459 3401 581 3454 ἔστι
615 3399 726 3471 γὰρ
753 3399 1028 3470 βδέλυγμα
1055 3398 1248 3470 Κυρίῳ
1285 3397 1364 3471 τῷ
1391 3398 1511 3470 Θεῷ
1538 3417 1632 3454 σου
1663 3403 1769 3465 πᾶς

198 3495 357 3553 ποιῶν
396 3494 598 3550 ταῦτα.
643 3513 662 3547 ι
711 3492 820 3546 Καὶ
867 3491 984 3562 μεθ’
1010 3491 1173 3564 ἕτερα
1203 3492 1367 3546 πάλιν
1411 3492 1563 3564 φησί·
1608 3513 1626 3545 ι
1665 3493 1769 3546 Τέ-

199 3585 326 3651 λειος
349 3587 443 3659 ἔσῃ
467 3585 652 3639 ἔναντι
674 3584 882 3655 Κυρίου
906 3582 998 3636 τοῦ
1019 3581 1155 3635 Θεοῦ
1185 3599 1302 3636 σου’
1326 3582 1396 3635 τά
1419 3582 1546 3654 ἔθνη
1573 3584 1767 3651 ταῦτα,

199 3677 281 3744 οὓς
304 3681 364 3734 σὺ
387 3677 966 3750 κατακληρονομὴσεις
991 3674 1210 3738 αὐτοὺς,
1231 3668 1378 3727 οὗτοι
1399 3673 1770 3746 κληδονισμῶν

201 3773 283 3824 καὶ
305 3771 576 3842 μαντειῶν
591 3759 934 3826 ἀκούσονται·
962 3766 1044 3820 σοὶ
1069 3765 1126 3820 δὲ
1146 3765 1245 3836 οὑχ
1270 3764 1440 3829 οὕτως
1457 3765 1626 3820 ἔδωκε
1659 3766 1771 3821 Κύ-

204 3880 304 3933 ριος
330 3865 357 3916 ὀ
393 3864 536 3928 Θεός
568 3880 682 3917 σου.
730 3862 1024 3932 Προφήτην
1058 3859 1122 3913 ὲκ
1155 3858 1265 3912 τῶν
1294 3856 1536 3928 ἀδελφῶν
1571 3874 1664 3912 σου
1695 3859 1771 3925 ὡς

201 3955 286 4025 ἐμὲ
313 3957 611 4027 ἀναστήσει
638 3954 842 4024 Κύριος
873 3956 902 4008 ὁ
935 3952 1068 4016 Θεός
1095 3969 1211 4006 σουο
1253 3950 1444 4025 [αὑτοῦ
1473 3951 1770 4006 ἀκούσεσθε

201 4047 324 4102 κατὰ
351 4047 535 4101 πάντα
557 4047 657 4100 ὅσα
682 4045 866 4117 ᾐτήσω
893 4045 1043 4116 παρά
1086 4043 1292 4116 Κυρίου
1341 4043 1436 4098 τοῦ
1483 4043 1619 4099 Θεοῦ
1651 4043 1767 4117 σου]

201 4137 248 4190 ὲν
281 4139 480 4212 Χωρὴϐ
505 4141 574 4210 τῇ
599 4139 780 4209 ἡμέρᾳ
808 4138 907 4208 τῆς
942 4136 1256 4206 ἐκκλησίας.
1291 4154 1310 4188 ι

259 4232 420 4287 ΚΥΡ.
453 4227 627 4298 Εὖγε,
662 4225 708 4285 ὦ
739 4230 980 4299 φιλότης.
1021 4227 1293 4300 Ἐψόμεθα
1329 4229 1440 4300 γὰρ
1470 4227 1590 4301 οὐχὶ
1610 4246 1772 4302 τερα·

202 4328 473 4393 τοσκόποις
511 4343 574 4378 τε
615 4327 710 4378 καὶ
749 4325 1211 4396 νεκρομόιντεσιν,
1248 4323 1363 4377 ἀλλ’
1389 4323 1510 4377 οὐδὲ
1543 4325 1771 4393 πτήσεις

910 257 998 312 DE
1036 254 1485 312 ADORATIONE
1519 257 1584 312 IN
1621 256 1890 322 SPIRITU
1932 256 2018 312 ET
2059 255 2426 312 VERITATE.
2471 256 2598 310 LIB.
2640 255 2724 310 V’I.

1792 377 1837 433 Α
1938 369 2133 425 PALL.
2171 368 2485 425 Absurdum
2512 371 2755 422 omnino.

3348 255 3450 312 HG

1871 519 1878 525 ,
1939 460 2094 515 CYR.
2139 459 2234 514 Ille
2276 459 2442 531 igitur
2471 459 2620 513 solus
2659 469 2823 527 atque
2867 458 3044 511 modis
3074 457 3332 514 omnibus
3369 467 3450 513 est

1868 551 2180 608 adorandus
2218 552 2483 607 Dominus
2524 551 2703 614 Deus,
2751 558 2811 604 ut
2853 549 3150 621 Scripturte
3194 551 3450 618 tradunt;

1867 644 2010 700 alius
2033 661 2164 700 vero
2187 653 2386 714 praeter
2414 644 2590 715 ipsum
2616 643 2820 698 nullus.
2851 641 3128 713 Scriptum
3154 652 3238 697 est
3263 644 3410 697 enim
3437 662 3449 696 :

1877 754 1894 786 ι
1917 735 2198 790 Perfectus
2213 737 2325 790 eris
2343 742 2470 789 ante
2489 735 2779 790 Dominum
2793 733 2965 788 Deum
2985 742 3138 787 tuum
3155 734 3219 786 θ’.
3247 753 3264 785 ι
3295 733 3453 805 183

1871 828 2039 882 Porro
2075 827 2378 898 spiritualis
2403 826 2668 898 perfectio
2694 833 2778 882 est
2806 824 3035 880 ﬁrmitas
3061 822 3209 889 ﬁdei,
3237 833 3293 879 et
3317 824 3456 880 inte-

1869 933 1965 988 ger
1988 919 2190 984 cultus,
2219 926 2276 973 et
2315 917 2822 989 irreprehensibilis
2863 914 2921 970 in
2957 915 3132 971 Deum
3169 913 3456 969 charitatis

1871 1010 2247 1080 pulchritudo.

1871 1165 1874 1168 ,
1941 1100 2141 1156 PALL.
2177 1101 2269 1158 Sic
2294 1103 2493 1157 sentio.

1937 1193 2096 1250 CYR.
2122 1195 2266 1249 Num
2291 1194 2477 1264 igitur,
2503 1191 2730 1257 Palladi,
2756 1193 2849 1263 qui
2877 1190 3104 1246 minime
3129 1190 3205 1246 illi
3231 1189 3456 1260 quidem

1871 1285 2005 1341 deos
2033 1287 2242 1342 alienos
2266 1295 2360 1341 aut
2384 1294 2532 1342 certe
2557 1294 2866 1341 creaturam
2890 1284 3074 1355 potius
3099 1299 3262 1354 quam
3286 1283 3456 1338 Crea-

1872 1386 2047 1431 torem
2089 1375 2321 1431 adorare
2365 1377 2421 1431 in
2460 1377 2700 1430 animum
2743 1373 3090 1440 induxerint;
3130 1373 3226 1428 sed
3266 1371 3454 1436 iidem,

1869 1468 2057 1522 nescio
2080 1484 2188 1539 qua
2216 1468 2426 1524 ratione
2456 1475 2659 1533 tamen,
2686 1465 2839 1522 falsis
2869 1466 3014 1521 idola
3037 1465 3334 1521 colentium
3358 1479 3453 1518 va-

1871 1560 2077 1616 ticiniis
2099 1560 2263 1616 ﬁdem
2288 1561 2512 1626 habent,
2537 1575 2633 1616 eos
2655 1559 3084 1631 reprehensione
3107 1567 3270 1629 atque
3293 1557 3454 1628 culpa

1869 1669 2064 1710 vacare
2105 1654 2391 1710 dicemus?
2441 1663 2537 1710 aut
2573 1653 2794 1709 eosdem
2836 1654 3181 1710 desertorum
3223 1651 3456 1708 crimine

1798 1737 1843 1797 Β
1873 1748 2076 1804 liberos
2115 1749 2490 1818 pronuntiare,
2517 1748 2586 1806 iis
2628 1756 2806 1803 tutum
2844 1763 2964 1804 esse
2991 1746 3326 1818 putabimus,
3361 1747 3456 1817 qui

1875 1856 2002 1896 vere
2035 1840 2358 1911 sincereque
2385 1841 2482 1896 Dei
2510 1849 2782 1896 amatores
2805 1841 2948 1896 sint?

1945 1932 2142 1988 PALL.
2170 1933 2412 1989 Minime.

1944 2026 2101 2083 CYII.
2125 2028 2413 2084 Astrorum
2434 2044 2654 2099 quoque
2677 2028 3026 2100 praestigiosae
3048 2027 3462 2082 observationes

1873 2125 1929 2172 et
1949 2117 2152 2184 omina,
2177 2128 2233 2172 et
2259 2117 2407 2173 falsae
2431 2119 2821 2184 divinationes,
2845 2125 2902 2172 et
2931 2116 3278 2171 daemoniacae
3300 2115 3461 2170 dece-

1872 2209 2112 2282 ptiones,
2158 2209 2268 2265 illis
2303 2211 2455 2276 solis,
2483 2219 2545 2265 ut
2571 2211 2792 2280 opinor,
2845 2210 3204 2275 conveniunt,
3256 2210 3462 2280 quibus

1873 2301 2268 2358 absurdissime
2307 2302 2487 2372 placet
2529 2303 2821 2374 ignobilem
2869 2310 3032 2374 atque
3064 2303 3459 2358 exsecrabilem

1872 2393 2144 2450 idolorum
2178 2395 2386 2450 cultum
2428 2395 2484 2450 in
2513 2395 2758 2450 animum
2792 2394 3103 2451 admittere.

1944 2485 2140 2540 PALL.
2176 2486 2344 2540 Recte
2372 2486 2529 2541 dicis.
2571 2487 2708 2541 Nam
2752 2487 2976 2542 divinus
3015 2501 3237 2557 quoque
3278 2501 3463 2542 sermo

1871 2575 2034 2632 nobis
2055 2577 2306 2648 praecipit
2341 2577 2611 2648 ejusmodi
2641 2593 2824 2634 rerum
2851 2577 3093 2633 dedecus
3121 2593 3186 2632 ac
3219 2577 3460 2647 turpitu-

1869 2667 2056 2723 dinem
2093 2669 2418 2724 abominari.
2447 2669 2538 2724 Sic
2561 2678 2744 2726 autem
2775 2670 2940 2725 habet
2968 2687 2981 2724 :
3014 2690 3032 2722 ι
3063 2669 3201 2726 Cum
3227 2685 3360 2726 vero
3381 2669 3463 2726 in-

1870 2775 2093 2830 gressus
2119 2759 2290 2816 fueris
2319 2761 2375 2815 in
2407 2771 2606 2816 terram
2654 2777 2817 2832 quam
2862 2761 3128 2817 Dominus
3159 2763 3306 2818 Deus
3335 2770 3463 2818 tuus

1872 2853 1965 2910 dat
1993 2853 2113 2920 tibi,
2141 2869 2252 2909 non
2275 2854 2455 2910 disces
2477 2855 2658 2910 facere
2677 2857 2832 2926 juxta
2858 2855 3299 2913 abominationes
3326 2873 3462 2929 gen-

1874 2945 2009 2999 tium
2054 2945 2270 3001 illarum
2300 2963 2312 3000 :
2343 2961 2452 3001 non
2478 2948 2792 3003 invenietur
2824 2948 2880 3002 in
2909 2957 2962 3003 te
3001 2948 3244 3005 lustrans
3286 2949 3461 3004 ﬁlium

1873 3052 2056 3102 suum,
2089 3046 2185 3092 aut
2209 3039 2375 3094 ﬁliam
2413 3054 2567 3094 suam
2604 3039 2662 3094 in
2692 3040 2837 3111 igne,
2874 3040 3130 3098 divinans
3163 3042 3462 3100 divinatio-

1872 3146 2019 3196 nem,
2061 3138 2120 3186 et
2156 3132 2430 3198 ominans,
2475 3139 2862 3203 etaugurans,
2914 3133 3214 3200 veneﬁcus,
3268 3135 3431 3191 incan

1872 3231 1994 3280 tans
2050 3225 2478 3281 incantationem
2506 3267 2520 3291 ,
2578 3226 2880 3296 Pythonem
2940 3227 3174 3292 habens,
3226 3234 3283 3283 et
3327 3244 3430 3299 por

1870 3325 2149 3371 tentorum
2191 3318 2491 3387 inspector,
2542 3324 2599 3372 et
2642 3317 2986 3388 interrogans
3032 3327 3280 3375 mortuos
3377 3329 3464 3375 est

1871 3409 2018 3464 enim
2046 3409 2384 3465 abominatio
2427 3409 2660 3466 Domino
2685 3410 2798 3464 Deo
2844 3417 2940 3464 tuo
2980 3410 3162 3466 omnis
3199 3412 3295 3482 qui
3333 3411 3464 3468 facit

1872 3500 2000 3555 talia
2023 3501 2091 3553 ³³.
2125 3521 2143 3552 ι
2178 3501 2247 3556 Ει
2269 3511 2394 3572 post
2435 3501 2541 3556 alia
2582 3517 2776 3556 rursus
2818 3501 2898 3556 ait
2934 3517 2946 3554 :
2986 3521 3004 3554 ι
3034 3502 3318 3559 Perfectus
3350 3504 3463 3560 eris

1871 3610 2054 3650 coram
2076 3595 2311 3650 Domino
2330 3597 2443 3651 Deo
2471 3605 2565 3651 tuo
2593 3614 2605 3650 :
2643 3606 2832 3668 gentes
2861 3598 2948 3653 ιιεε
2976 3614 3114 3669 quas
3137 3607 3195 3654 tu
3217 3600 3466 3669 posside-

1873 3679 1977 3752 bis,
2008 3687 2094 3742 hae
2113 3687 2297 3742 omina
2318 3696 2374 3744 et
2395 3688 2763 3745 divinationes
2783 3691 3010 3746 audient
3034 3710 3046 3745 :
3071 3691 3171 3747 tibi
3194 3708 3329 3749 vero
3350 3709 3461 3748 non

1872 3776 1953 3831 sic
1981 3776 2135 3832 dedit
2171 3778 2436 3834 Dominus
2458 3780 2604 3835 Deus
2637 3787 2793 3849 tuus;
2819 3782 3144 3853 prophetam
3178 3797 3246 3837 ex
3277 3782 3463 3839 fratri-

1873 3868 1976 3925 bus
1996 3870 2126 3937 tuis,
2151 3878 2213 3924 ut
2232 3886 2341 3938 me,
2363 3872 2626 3927 excitabit
2641 3873 2906 3930 Dominus
2927 3875 3072 3930 Deus
3090 3883 3245 3942 tuus;
3280 3875 3461 3947 ipsum

1873 3963 2128 4030 audietis,
2152 3964 2306 4035 juxta
2343 3965 2528 4020 omnia
2557 3981 2900 4037 quacunque
2942 3968 3152 4038 petiisti
3177 3985 3207 4024 a
3229 3969 3464 4026 Domino

1875 4055 1986 4111 Deo
2008 4065 2105 4112 tuo
2130 4057 2187 4111 in
2212 4057 2418 4126 Horeb,
2446 4057 2503 4112 in
2529 4057 2616 4113 die
2644 4061 3082 4130 congregationis
3108 4060 3173 4113 °".
3224 4081 3242 4111 ι

1942 4238 2100 4293 CYR.
2133 4237 2399 4292 Praeclare
2446 4238 2548 4303 ais,
2595 4237 2801 4292 Palladi
2831 4255 2843 4290 :
2869 4251 3049 4307 neque
3078 4237 3227 4292 enim
3263 4254 3461 4309 seque-

1875 4344 1999 4382 mur
2021 4336 2404 4398 portentorum
2436 4328 2798 4397 conjectores,
2830 4335 2886 4380 et
2916 4327 3306 4384 necromantia:
3335 4345 3466 4399 ope-

193 4415 296 4471 τῶν
319 4419 560 4486 οἰωνῶν,
585 4417 660 4480 ὡς
688 4417 886 4488 ἀληθές
905 4434 956 4470 τι
988 4416 1179 4487 χρῆμα
1203 4415 1642 4486 παραδεξόμεθα,
1668 4414 1770 4469 κᾶν

1879 4435 1992 4474 ram
2035 4420 2231 4474 dantes
2273 4421 2424 4491 :jam
2463 4432 2597 4474 vero
2631 4433 2812 4488 neque
2838 4419 3055 4474 volatus
3095 4419 3311 4485 avium,
3342 4428 3463 4475 tan-

201 4517 244 4566 ει
268 4510 513 4583 φέροιντο
547 4509 684 4582 πρὸς
727 4507 933 4574 δεξιὸν,
977 4507 1075 4560 εἴτ’
1102 4504 1197 4560 οὖν
1227 4509 1306 4570 είς
1341 4505 1620 4577 εὐώνυμον
1657 4505 1734 4577 (2)
1755 4521 1768 4535 '

194 4599 290 4655 κᾶν
337 4605 384 4656 εί
431 4604 574 4676 πρὸς
619 4602 858 4671 ἑσπέραν
898 4618 956 4654 τε
982 4601 1075 4654 καὶ
1110 4601 1244 4672 πρὸς
1269 4599 1372 4670 ήῶσ
1413 4599 1623 4672 μωρίας
1664 4599 1774 4670 γὰρ

174 4697 343 4762 ⁸ταυτὶ.
367 4697 468 4768 τῆς
505 4697 770 4767 ἐσχάτης.
823 4693 1098 4764 Ἥγεμόνα
1130 4694 1186 4747 δὲ
1213 4695 1306 4746 τοῦ
1341 4693 1544 4758 παντὸς
1586 4691 1772 4746 7:010:5-

200 4802 338 4855 μενοι
371 4789 462 4845 τὸν
497 4789 738 4861 Χριστὸν
767 4787 857 4841 τὸν
881 4786 947 4840 δι’
980 4787 1127 4858 ἡμᾶς
1150 4786 1274 4841 καθ’
1295 4787 1443 4858 ἡμᾶς
1463 4785 1770 4857 προφήτην,

205 4879 318 4947 παρ’
364 4879 533 4933 αὐτοῦ
581 4878 868 4950 ληψόμεθα
913 4876 1020 4932 τῶν
1055 4879 1370 4948 ἀναγκαίων
1411 4876 1508 4949 τὴν
1549 4877 1768 4946 γνῶσιν,

188 4969 282 5020 καὶ
306 4970 454 5042 αὐτῷ
487 4969 985 5042 προσεδρεύσομεν,
1013 4969 1270 5040 οἰμώζειν
1306 4968 1492 5040 μακρά
1513 4971 1634 5033 ταῖς
1664 4969 1772 5024 τῶν

183 5055 483 5129 δαιμονίων
519 5062 904 5132 ψευδοεπείαις
942 5062 1037 5115 καὶ
1081 5061 1142 5113 τὸ
1181 5059 1454 5132 ἐρρῶσθαι
1497 5060 1769 5129 λέγοντες.

202 5150 350 5223 Μόνῳ
375 5154 486 5226 γὰρ
512 5153 704 5225 ὥσπερ
731 5154 793 5207 τὸ
823 5155 1020 5226 χρῆναι
1051 5151 1334 5218 ζωοποιεῖν
1360 5153 1453 5206 καὶ
1478 5153 1774 5224 κατάρχειν

191 5241 294 5298 τῶν
323 5245 463 5302 ὅλων
486 5290 502 5315 ,
533 5248 782 5319 φυσικῶς
813 5265 874 5301 τε
904 5247 998 5301 καὶ
1034 5245 1216 5308 ίδικῶς
1257 5244 1601 5299 ἀνακείσεται
1636 5245 1772 5317 θεῷ’

260 5383 304 5415 ⁸³
327 5384 490 5441 Deut.
519 5386 788 5452 “111,15.
867 5386 915 5418 ⁸³
961 5383 1099 5440 ibid.
1125 5382 1296 5455 j9-I2.
1377 5381 1419 5413 ⁸³
1460 5381 1597 5437 ibid.
1642 5381 1828 5438 15-15.

262 5500 337 5574 (I)
370 5501 512 5558 Cod.
545 5504 692 5567 Vat.,
727 5500 1178 5574 προσκειμένουςἶ

370 5547 1300 5629 véiﬁa'filixitéi-‘iiit'iéh‘iéi'i'tidicat
1335 5583 1457 5641 quae
1476 5579 1619 5641 sunt
1642 5547 1776 5626 ilia-

193 5641 277 5696 dos
304 5640 374 5708 Μ,
404 5645 503 5699 ubi
530 5645 731 5699 Hector
760 5644 828 5699 ad
863 5641 1304 5712 Polydamantem
1337 5640 1550 5710 inquit:

202 5714 352 5782 Γύγη
392 5715 445 5769 δ’
478 5714 742 5769 clatron
783 5711 1303 5780 τανυπτερύγεσσι
1338 5711 1604 5779 κελεύεις

515 5811 783 5892 Parnm.
831 5811 948 5872 Gn.
981 5807 1252 5880 LXVIII.

1879 4525 2044 4580 quam
2062 4524 2255 4564 verum
2275 4509 2481 4581 aliquid
2499 4509 2880 4579 polliceantur,
2899 4509 3254 4581 accipiemus,
3274 4527 3467 4582 quam-

1879 4602 1964 4656 vis
2003 4601 2350 4656 dextrorsum
2404 4599 2655 4655 ferantur
2697 4607 2794 4654 aut
2838 4599 3239 4668 sinistrorsum,
3273 4610 3369 4657 aut
3395 4602 3466 4658 ad

1879 4709 2135 4749 occasum
2158 4693 2244 4748 vel
2281 4693 2348 4748 ad
2391 4701 2578 4748 ortum
2620 4692 2752 4748 solis
2777 4711 2790 4746 :
2817 4700 2946 4748 sunt
2969 4695 3118 4748 enim
3143 4693 3260 4748 haec
3281 4702 3466 4750 extre-

1880 4798 1982 4839 mae
2033 4782 2344 4838 dementiae.
2393 4783 2600 4839 Ducem
2647 4798 2781 4839 vero
2826 4784 2896 4839 ad
2941 4784 3128 4839 omnia
3170 4798 3469 4854 sequemur

1879 4876 2184 4941 Christum,
2215 4877 2369 4931 illum
2398 4885 2627 4948 propter
2664 4893 2766 4932 nos
2801 4876 3039 4932 similem
3074 4876 3237 4931 nobis
3261 4877 3468 4932 factum

1879 4976 1936 5024 et
1969 4969 2321 5039 prophetam;
2353 4970 2423 5025 ab
2449 4969 2570 5041 ipso
2599 4969 2933 5040 accipiemus
2981 4983 3169 5023 rerum
3207 4984 3467 5026 necessa-

1881 5061 2087 5116 riarum
2130 5061 2519 5134 cognitionem,
2557 5061 3189 5132 ipsique‘assidebimus,
3231 5078 3296 5118 ac
3334 5061 3469 5118 falsa

1883 5153 2280 5210 daemoniorum
2318 5155 2541 5210 oracula
2583 5153 2906 5224 abjiciemus
2933 5161 2989 5208 et
3028 5164 3464 5210 contemnemus.
3494 5136 3501 5143 ’

1886 5245 2048 5319 184
2075 5247 2146 5304 Ut
2188 5247 2338 5303 enim
2378 5247 2546 5303 rebus
2580 5245 2856 5302 universis
2877 5257 2935 5301 et
2956 5246 3125 5303 vitam
3149 5247 3390 5302 tribuere
3413 5251 3471 5304 et

1883 5503 2219 5566 Πείθεσθαι,
2246 5499 2366 5555 τῶν
2393 5499 2522 5554 οὔτι
2541 5498 2936 5567 μετατρέπομ’
2959 5497 3085 5552 οὐδ’
3121 5491 3368 5566 ἀλεγίζω

1877 5572 2001 5625 ΕΖτ⁹
2024 5573 2122 5625 ἐπὶ
2162 5571 2307 5632 δέξί
2340 5571 2471 5624 ἴωσι.
2505 5568 2654 5638 πρὸς
2678 5567 2766 5637 ἠῶ
2796 5571 2847 5638 τ’
2877 5568 3085 5634 ἠέλιόν
3105 5583 3188 5630 τε,

1888 5643 2010 5698 Εἶτ’
2037 5644 2129 5697 ἐπ’
2145 5641 2426 5712 ἀριστερὰ
2447 5637 2604 5712 τοίγε
2624 5639 2758 5696 ποτὶ
2782 5637 2960 5708 ζόφον
2978 5638 3282 5706 ἠερόεντα.

2997 5794 3072 5859 14
