3966 6298
512 245 615 300 427

1513 237 1566 292 S.
1600 237 1871 293 CYRILLI
1910 239 2378 295 ALEXANDRINI
2418 241 2734 300 ARCHIEP.

3652 255 3764 312 828

504 377 685 424 ortum
711 363 864 426 dare,
897 360 1199 415 secundum
1231 369 1480 413 naturam
1508 375 1569 414 ac
1599 362 1818 430 proprie
1851 361 1949 415 soli
1972 362 2052 415 De

2188 363 2274 415 τὸν
2307 363 2497 426 αὑτὸν,
2523 360 2709 434 οἶμαι,
2742 368 2972 438 τρόπον,
3012 368 3102 422 καὶ
3129 371 3189 424 τὺ
3215 372 3431 427 πάντων
3473 374 3620 446 ἔχειν
3653 379 3759 450 τὴν

507 453 860 512 tribuendum
882 459 997 506 est:
1029 452 1130 516 sic,
1157 459 1216 504 ut
1242 452 1458 521 opinor,
1483 453 1726 506 omnium
1749 469 1967 522 quoque
1997 469 2082 507 rc-

505 563 624 604 rum
668 545 1036 616 cognitionem
1083 543 1288 598 habere
1331 553 1456 598 :est
1502 552 1685 598 autem
1723 546 1841 616 ejus
1874 554 2082 598 natura:

503 641 789 712 proprium
818 653 906 693 res
929 635 1140 692 futuras
1163 636 1450 692 manifeste
1475 637 1640 702 scire,
1669 645 1723 709 et
1746 653 1929 693 rerum
1953 638 2079 691 uui-

501 747 788 790 versarum
835 729 1220 800 cognitionem,
1249 730 1305 783 in
1347 744 1404 784 se
1449 730 1567 798 ipso
1587 729 1761 784 veluti
1795 729 2078 783 collectam

496 836 709 884 tenere.
740 825 820 879 An
863 821 962 878 tibi
993 838 1184 892 parum
1225 821 1500 892 sapienter
1531 835 1592 876 ac
1626 837 1754 876 vere
1782 822 1968 878 dicere
2000 824 2080 877 vi-

501 917 730 973 demur?

571 1002 764 1058 PALL.
798 1001 913 1055 lmo
942 1015 1075 1056 vero
1101 1000 1354 1054 maxime.

565 1095 722 1152 CYR.
758 1095 816 1149 In
847 1094 1026 1165 ipsum
1055 1093 1221 1164 igitur
1245 1094 1616 1162 pcccabimus,
1641 1103 1698 1148 et
1721 1095 1788 1148 ad
1814 1094 1960 1150 illius
1987 1110 2077 1150 su-

496 1200 698 1257 prema:
726 1185 913 1257 gloria:
943 1185 1199 1257 injuriam
1229 1191 1480 1239 nostrum
1515 1185 1724 1240 crimen
1754 1185 2072 1256 pertinebit,

495 1277 540 1332 si
575 1275 803 1332 nefariis
849 1283 905 1330 et
953 1275 1186 1345 impuris
1234 1275 1522 1345 spiritibus
1558 1277 1736 1332 inesse
1786 1275 2076 1332 credemus

487 1385 557 1424 ea
610 1368 812 1440 quibus
841 1368 932 1423 ille
963 1366 1276 1433 decoratur,
1303 1375 1358 1423 et
1385 1368 1679 1424 admodum
1709 1368 1938 1440 insignis
1967 1378 2069 1425 est.

491 1461 609 1515 Jam
635 1461 782 1514 enim
808 1458 946 1514 adeo
981 1459 1146 1514 stulte
1186 1461 1554 1515 sentientibus
1582 1460 1773 1515 licebit
1815 1460 1950 1514 illud
1977 1477 2071 1516 su-

491 1549 691 1620 spicari
720 1567 732 1602 :
758 1548 926 1604 vitam
970 1563 1189 1619 quoque
1235 1550 1479 1606 tribuere
1509 1564 1692 1619 posse,
1734 1558 1897 1620 atque
1935 1550 2072 1606 adeo

490 1641 830 1698 conditorem
856 1656 976 1697 esse
998 1640 1275 1705 Satanam,
1307 1642 1352 1696 si
1380 1657 1500 1712 quae
1535 1641 1778 1696 omnium
1803 1650 2069 1711 praestan-

2185 455 2402 524 γνῶσιν.
2441 458 2598 512 Ἰδιον
2631 459 2687 512 δὲ
2716 461 2930 530 φύσεως
2975 463 3074 533 τῆς
3108 465 3296 530 αὐτοῦ,
3323 467 3386 520 τὸ
3415 469 3614 523 εἰδέναι
3653 489 3760 526 σα-

2185 548 2301 617 φῶς
2351 549 2421 602 τὰ
2476 552 2747 622 ἐσόμενα,
2815 555 2908 609 καὶ
2970 556 3390 629 συνειλεγμένην
3457 560 3647 634 ὥσπερ
3697 566 3762 618 ἐν

2183 641 2361 712 ἑαυτῷ
2388 643 2486 714 τὴν
2509 643 2618 698 τῶν
2644 646 2779 700 ὅλων
2808 649 3010 720 είδησιν
3041 649 3202 720 ἔχειν.
3243 653 3314 704 Ἢ
3342 653 3463 724 οὐχὶ
3505 656 3665 724 σοφός
3688 674 3756 710 τε

2182 735 2274 789 καὶ
2296 735 2534 806 ἀτρεκὴς
2559 737 2586 790 ὁ
2607 737 2698 790 ἐπὶ
2723 738 2855 808 τῷδε
2878 739 3061 810 λόγος;

2249 998 2459 1051 ΠΑΛΛ.
2505 999 2654 1053 Πάνυ
2682 1001 2777 1069 μὲν
2799 995 2911 1054 οὖν.

2247 1089 2410 1142 ΚΥΡ.
2445 1090 2541 1153 El;
2571 1089 2734 1144 αὑτὸν
2766 1087 2858 1145 οῦν
2889 1091 2995 1161 ἀρα
3025 1093 3512 1168 πλημμελήσομεν,
3537 1100 3632 1154 καὶ
3666 1103 3752 1168 είς

2175 1179 2274 1249 τὴν
2317 1181 2577 1236 ἀνωτάτω
2607 1181 2763 1247 δόξαν
2812 1184 2844 1253 ἠ
2889 1183 3106 1255 γραφὴ,
3155 1188 3201 1239 εί
3255 1187 3504 1259 βεϐήλοις
3547 1209 3609 1246 τε
3653 1195 3748 1248 καὶ

2175 1271 2508 1341 ἀκαθάρτοις
2566 1273 2870 1344 πνεύμασιν
2917 1276 3116 1330 ἐνεῖναι
3160 1279 3525 1352 πιστεύσομεν
3569 1284 3637 1337 τά
3676 1286 3750 1338 δι’

2173 1353 2249 1416 ὧν
2285 1362 2446 1427 αὐτὸς
2490 1364 2947 1420 κατακαλλύνοιτό
2985 1383 3045 1420 τε
3097 1368 3190 1422 καὶ
3229 1370 3464 1442 ὑπάρχει
3497 1373 3615 1428 λίαν
3648 1378 3746 1430 ὲκ-

2173 1455 2408 1524 πρεπής.
2471 1455 2613 1526 Ὦρα
2679 1457 2779 1529 ἤδη
2843 1459 3219 1531 διακειμένους
3283 1463 3380 1518 ὡδὶ
3448 1467 3744 1539 φληνάφως

2171 1543 2415 1596 ὑπονοεῖν
2462 1545 2557 1598 καὶ
2599 1545 2882 1609 ζωοποιεῖν
2929 1547 3222 1614 δύνασθαι,
3270 1552 3363 1605 καὶ
3403 1555 3466 1625 δὴ
3514 1557 3608 1610 καὶ
3651 1559 3744 1629 δη-

2175 1635 2432 1708 μιουργὸν
2462 1637 2726 1709 ὑπάρχειν
2755 1639 2849 1694 τὸν
2881 1641 3147 1709 Σατανᾶν,
3176 1644 3315 1698 είτά
3348 1648 3566 1701 πάντων
3599 1651 3743 1715 ἐξαί-

489 1735 697 1789 tissima
722 1742 870 1799 sunt,
894 1742 951 1788 et
981 1734 1201 1805 proprie
1225 1733 1323 1789 Dei
1346 1741 1556 1790 naturae
1581 1734 1922 1798 tribuuntur,
1955 1748 2052 1788 nor

2177 1742 2306 1794 ρετα
2355 1727 2448 1780 καὶ
2500 1727 2680 1791 ίδικῶς
2743 1730 3077 1802 ἀνακείμενα
3120 1735 3184 1804 τῇ
3232 1735 3327 1789 τοῦ
3375 1736 3512 1793 Θεοῦ
3557 1741 3739 1810 φύσει,

487 1823 661 1876 solum
692 1821 794 1892 ipsi
830 1821 1434 1888 concedemus,'verum
1467 1823 1633 1877 etiam
1674 1830 1870 1877 natura
1906 1823 2069 1877 insita

485 1929 605 1970 esse
643 1915 932 1970 dicemus:
959 1914 1247 1986 proprium
1289 1923 1375 1968 est
1417 1930 1580 1985 porro
1611 1922 1775 1984 atque
1805 1915 2068 1970 eximium

483 2021 709 2061 summm
735 2004 882 2059 illius
902 2011 1112 2059 naturae
1133 2004 1344 2059 bonum
1371 2005 1612 2075 cognitio
1639 2019 1823 2060 rerum
1853 2005 2066 2062 futura-

482 2111 622 2151 rum.
655 2095 738 2150 An
763 2111 952 2150 verum
979 2110 1090 2149 non
1113 2103 1198 2150 est
1220 2095 1367 2165 quod
1392 2095 1549 2151 dico?

549 2185 746 2241 PALL.
779 2185 848 2241 Et
880 2185 1103 2256 quidem
1133 2187 1369 2241 maxime
1397 2205 1409 2240 :
1435 2187 1513 2240 ait
1549 2187 1696 2242 enim
1736 2189 2063 2258 quibusdam

481 2293 576 2346 per
615 2276 768 2332 Isaiae
795 2291 1010 2342 vocem,
1036 2277 1130 2347 qui
1157 2293 1221 2332 ea
1263 2293 1386 2348 quae
1417 2278 1512 2333 Dei
1540 2286 1689 2343 sunt,
1736 2279 1804 2334 ad
1844 2288 2063 2336 creatu-

477 2381 592 2420 ram
619 2365 926 2421 deferrent:
963 2384 981 2416 ‹
1015 2365 1342 2420 Mementote
1369 2365 1586 2432 horum,
1610 2374 1666 2420 et
1689 2367 2060 2436 ingemiscite;

469 2456 856 2526 paenitentiam
897 2455 1064 2526 agite,
1105 2456 1198 2525 qui
1227 2456 1456 2520 erratis;
1493 2464 1550 2510 et
1586 2455 1761 2510 redite
1793 2455 1981 2522 corde,
2008 2465 2066 2512 et

467 2555 809 2601 mementote
842 2547 1093 2615 priorum
1131 2561 1162 2600 a
1203 2545 1423 2610 saeculo,
1451 2545 1580 2615 quia
1603 2560 1706 2617 ego
1745 2560 1865 2600 sum
1892 2547 2058 2612 Deus,

470 2647 531 2692 et
559 2653 667 2691 non
703 2645 787 2692 est
813 2637 956 2691 alius
982 2645 1180 2706 praeter
1209 2651 1317 2701 me,
1343 2637 1679 2692 annuntians
1698 2637 1852 2707 prius
1875 2645 2060 2694 extre-

479 2744 585 2792 ma,
611 2735 908 2797 antequam
945 2726 1076 2781 ﬁant
1101 2735 1156 2782 et
1179 2727 1341 2782 simul
1366 2727 1634 2798 completa
1662 2727 1796 2792 sint,
1822 2735 1879 2782 et
1900 2727 2013 2782 dixi
2043 2745 2056 2780 :

465 2818 648 2874 'Omne
693 2817 985 2873 consilium
1024 2832 1208 2872 meum
1248 2817 1444 2882 stabit;
1487 2825 1545 2872 et
1597 2817 1779 2871 omnia
1807 2832 1929 2888 quae
1959 2817 2057 2871 de-

461 2908 625 2965 -crevi
659 2907 859 2964 faciam
891 2908 958 2963 ⁸⁸.
991 2926 1010 2959 ι
1042 2907 1113 2968 Ut
1150 2909 1297 2963 enim
1324 2907 1641 2964 ostenderet
1677 2923 1788 2964 non
1822 2923 1944 2963 esse
1975 2909 2055 2963 al-

473 3010 654 3057 terum
695 3007 897 3072 prater
921 3013 980 3056 se
1002 3008 1198 3054 natura
1235 3015 1299 3055 ac
1323 3015 1453 3054 vere
1487 2999 1681 3066 Deum,
1708 2999 2055 3054 auditoribus
2082 3036 2124 3095 C

460 3094 604 3149 illud
631 3101 906 3164 tanquam
941 3093 1211 3149 indicium
1253 3093 1458 3156 attulit,
1502 3107 1699 3162 nempe
1725 3092 2050 3148 annuntiare

459 3204 527 3245 (se
548 3203 710 3260 posse
733 3196 998 3255 extrema,
1029 3188 1348 3258 priusquam
1379 3186 1590 3241 ﬁerent.

533 3279 691 3336 CYR.
720 3281 987 3336 Praeclare
1019 3280 1125 3345 ais,
1156 3279 1384 3334 Palladi.
1419 3278 1525 3333 Sed
1557 3278 1743 3343 velim,
1781 3287 1840 3332 ut
1869 3277 2049 3332 adhuc

465 3374 756 3446 diligenter
784 3374 1074 3430 veritatem
1095 3372 1472 3442 dispiciamus,
1511 3380 1674 3441 atque
1705 3369 1839 3425 illud
1863 3369 2045 3424 consi-

450 3467 741 3532 deremus,
760 3481 867 3535 qua
885 3465 1120 3531 ratione,
1137 3465 1183 3520 si
1201 3464 1426 3519 omnino
1458 3464 1604 3520 inter
1640 3478 1736 3518 eos
1761 3477 2048 3518 censemur

445 3558 554 3627 qui
589 3565 737 3613 recte
778 3565 834 3610 et
863 3555 1180 3626 evangelice
1211 3555 1399 3610 vivere
1428 3554 1639 3618 volunt,
1665 3553 1925 3608 falsarum
1956 3551 2043 3606 di-

454 3645 1229 3703 vinationumassentationes
1261 3657 1584 3714 sequamur;
1621 3649 1677 3697 et
1704 3657 1830 3696 cum
1861 3643 1933 3697 ita
1965 3641 2040 3697 si-

462 3751 584 3791 mus
619 3735 849 3799 intenti,
901 3742 1164 3804 tanquam
1207 3735 1287 3788 ab
1352 3733 1462 3788 illis
1513 3729 1720 3801 aliquid
1773 3747 1901 3787 vere
1953 3731 2040 3786 di-

456 3837 648 3891 catur,
700 3824 978 3895 quomodo
1027 3839 1138 3879 non
1181 3823 1480 3879 Salvatoris
1524 3823 1700 3878 nostri
1739 3837 1929 3877 vocem
1969 3822 2039 3878 de

458 3917 746 3973 mendacio
781 3915 1230 3972 condemnemus.
1261 3915 1410 3970 Dixit
1434 3913 1582 3970 enim
1614 3912 1858 3984 profecto
1879 3929 2035 3970 arro-

454 4009 712 4081 gantibus
733 4007 1097 4078 superbisque
1127 4005 1332 4062 Iudaeis
1359 4023 1371 4058 :
1403 4023 1420 4056 ι
1449 4001 1559 4060 Vos
1583 4019 1651 4059 ex
1677 4010 1830 4073 patre
1854 4011 2035 4060 vestro

453 4099 672 4155 diabolo
692 4098 845 4162 estis,
871 4104 927 4152 et
948 4094 1222 4150 desideria
1242 4095 1416 4165 patris
1435 4095 1602 4150 vestri
1630 4095 1796 4150 vultis
1820 4095 2029 4162 facere;

451 4191 543 4246 ille
568 4187 840 4245 homicida
866 4186 970 4242 fuit
990 4185 1062 4241 ab
1083 4185 1262 4252 initio,
1293 4193 1350 4240 et
1378 4185 1434 4240 in
1463 4185 1693 4240 veritate
1715 4201 1825 4240 non
1850 4188 2027 4254 stetit;

454 4282 613 4354 185
655 4281 786 4352 quia
821 4295 934 4335 non
967 4287 1054 4336 est
1092 4279 1297 4335 veritas
1336 4278 1392 4333 in
1434 4278 1592 4348 ipso:
1619 4293 1745 4335 cum
1783 4279 2030 4350 loquitur

2179 1816 2516 1887 χαριούμεθά
2554 1835 2614 1872 τε
2664 1819 2846 1891 αὐτῷ,
2889 1823 2983 1876 καὶ
3033 1830 3482 1896 προσπεφυκέναι
3535 1836 3734 1904 φαμέν

2169 1907 2296 1962 ἴδιον
2334 1910 2391 1964 δὲ
2419 1911 2512 1964 καὶ
2544 1912 2820 1984 ἐξαίρετον
2852 1917 3054 1985 ἀγαθὸν
3074 1920 3172 1989 τῆς
3201 1921 3467 1977 ἀνωτάτω
3495 1926 3737 1995 φύσεως,

2163 2000 2274 2054 τῶν
2309 2002 2584 2072 ἐσομένων
2617 2004 2651 2074 ἡ
2683 2004 2903 2072 γνῶσις.
2941 2008 3011 2061 Ἦ
3034 2009 3134 2063 οὐκ
3173 2010 3369 2084 ἀληθὲς
3396 2015 3425 2067 ὃ
3457 2033 3629 2087 φημι;

2236 2173 2445 2229 ΠΑΛΛ.
2489 2175 2602 2229 Καὶ
2629 2177 2795 2246 μάλα.
2827 2179 2965 2248 Φησὶ
3008 2181 3117 2252 γὰρ
3143 2183 3232 2237 διά
3269 2186 3452 2258 φωνῆς
3489 2189 3732 2253 Ἡσαΐου.

2163 2266 2301 2337 πρός
2345 2282 2496 2330 τινας
2549 2267 2903 2332 ἀνατιθέντας
2955 2273 3021 2342 τῇ
3077 2274 3252 2329 κτίσει
3299 2277 3371 2331 τά
3421 2279 3515 2334 τοῦ
3574 2282 3730 2338 Θεοῦ·

2169 2376 2187 2408 ι
2218 2357 2508 2427 Μνήσθητε
2534 2358 2730 2426 ταῦτα,
2779 2362 2873 2415 κα)¹
2903 2363 3212 2430 στενάξατε·
3246 2374 3641 2444 μετανοήσατε,
3676 2379 3728 2430 οἱ

2162 2447 2594 2518 πεπλανημένοι,
2615 2449 2978 2521 ἐπιστρέψατε
2998 2456 3065 2526 τῇ
3090 2456 3307 2528 καρδίᾳ,
3334 2461 3427 2514 καὶ
3455 2465 3732 2536 μνήσθητε

2162 2539 2406 2610 πρότερα
2443 2539 2553 2593 ἀπὸ
2597 2540 2692 2595 τοῦ
2727 2542 2952 2608 αίῶνος,
2995 2545 3077 2598 ὅτι
3111 2547 3222 2615 ἐγώ
3271 2551 3388 2620 εἰμι
3434 2551 3593 2621 Θεὸς,
3636 2556 3731 2610 καὶ

2159 2629 2260 2684 οὐκ
2303 2628 2448 2684 ἐστιν
2487 2629 2568 2684 ἔτι
2611 2631 2749 2704 πλὴν
2789 2633 2922 2704 ἐμοῦ
2966 2635 3314 2704 ἀναγγέλλων
3360 2641 3624 2714 πρότερον
3662 2645 3731 2698 τὰ

2159 2721 2383 2793 ἔσχατα,
2423 2723 2553 2795 πρὶν
2578 2723 2718 2778 αὐτὰ
2748 2726 3031 2794 γενέσθαι,
3063 2729 3158 2782 καὶ
3187 2729 3304 2800 ἀμα
3345 2734 3726 2807 συνετελέσθη,

2159 2815 2252 2868 καὶ
2293 2814 2442 2870 εἶπα·
2483 2817 2643 2873 Πᾶσά
2690 2835 2791 2890 μου
2833 2819 2866 2890 ή
2913 2818 3079 2893 βουλὴ
3106 2823 3385 2894 στήσεται,
3421 2829 3515 2882 καὶ
3549 2831 3729 2884 πάντα

2157 2906 2258 2961 ὅσα
2307 2908 2696 2980 βεϐούλευμαι,
2745 2912 2974 2983 ποιήσω.
3016 2933 3036 2966 ι
3084 2915 3334 2986 Μήνυσιν
3379 2917 3486 2992 γὰρ
3533 2921 3729 2994 ὥσπερ

2159 2997 2252 3052 τοῦ
2285 3000 2362 3071 μὴ
2405 2999 2592 3072 ἕτερον
2640 2998 2778 3057 εἷναί
2825 3020 2950 3058 τινα
2979 3004 3108 3076 παρ’
3139 3006 3301 3062 αὑτὸν
3340 3009 3500 3078 φύσει
3526 3029 3588 3065 τε
3630 3015 3730 3068 καὶ

2157 3089 2375 3160 άληθῶς
2405 3091 2538 3145 Θεὸν
2563 3093 2676 3155 τοῖς
2701 3093 3071 3165 ἀκροωμένοις
3101 3097 3266 3151 ὲτίθει
3286 3098 3346 3152 τὸ
3371 3099 3727 3171 ἀναγγέλλειν

2156 3180 2418 3236 δύνασθαι
2446 3181 2515 3236 τὰ
2544 3181 2746 3254 ἔσχατα
2779 3183 2911 3253 πρὶν
2945 3185 3086 3239 αὐτὰ
3102 3187 3374 3255 γενέσθαι.

2224 3273 2392 3328 ΚΥΡ.
2432 3267 2506 3328 Εῦ
2545 3291 2645 3342 γε,
2681 3268 2728 3328 ὦ
2768 3275 3055 3351 Παλλάδιε.
3101 3279 3402 3352 Βουλοίμην
3439 3283 3485 3336 δ’
3535 3285 3600 3338 ἂν
3641 3285 3729 3342 ἔτι

2153 3364 2587 3436 περιαθροῦντας
2617 3360 2675 3420 εὖ
2719 3366 2865 3437 μάλα
2889 3368 2950 3422 τὸ
2981 3369 3196 3440 ἀληθὲς,
3229 3373 3324 3426 καὶ
3354 3375 3474 3429 τόδε
3505 3377 3726 3433 διασκο-

2153 3458 2294 3510 πεῖν’
2318 3456 2439 3511 τίνα
2487 3456 2685 3528 τρόπον
2713 3457 2827 3525 ἔτι,
2869 3460 2917 3513 εί
2964 3461 3208 3532 τελοῖμεν
3249 3464 3385 3529 ὅλως
3417 3465 3473 3521 ἐν
3509 3483 3574 3536 γε
3605 3473 3722 3535 τοῖς

2150 3549 2391 3604 ἐθέλουσι
2431 3549 2579 3620 βιοῦν
2615 3550 2788 3622 ὀρθῶς
2810 3569 2870 3605 τε
2895 3552 2988 3606 καὶ
3017 3553 3386 3624 εὐαγγελικῶς
3405 3598 3420 3622 ,
3451 3561 3574 3624 ταῖς
3612 3561 3724 3615 τῶν

2148 3641 2584 3712 ψευδομαντειῶν
2612 3641 2871 3707 θωπείαις
2917 3644 3157 3716 ἑψόμεθα
3195 3647 3288 3700 καὶ
3324 3648 3388 3718 δὴ
3430 3650 3523 3704 καὶ
3550 3667 3723 3722 προσ-

2146 3734 2462 3805 εσχηκότες,
2495 3735 2570 3799 ὡς
2613 3733 2700 3805 εἴη
2741 3752 2828 3800 τις
2868 3736 3026 3806 λόγος
3050 3739 3078 3791 ό
3109 3741 3236 3809 παρ’
3266 3740 3445 3795 αὐτῶν
3487 3741 3717 3814 ἀληθὴς,

2143 3825 2396 3897 οὐχὶντῆς
2439 3827 2533 3880 τοῦ
2583 3827 2837 3898 Σωτῆρος
2883 3828 3244 3901 καθοριοῦμεν
3275 3834 3457 3904 φωνῆς
3493 3833 3554 3887 τὸ
3599 3834 3719 3889 δια-

2141 3916 2430 3988 ψεύδεσθαι
2459 3919 2588 3974 δεῖν.
2626 3918 2772 3989 Ἔφη
2809 3920 2918 3991 γάρ
2949 3938 3050 3974 που
3081 3921 3174 3976 καὶ
3208 3923 3344 3994 πρὸς
3367 3925 3492 3988 τοὺς
3525 3925 3720 3989 ἀλαζό-

2141 4025 2240 4072 νας
2265 4009 2360 4063 καὶ
2385 4009 2649 4082 ὑϐριστὰς
2684 4010 2989 4077 Ἰουδαίους·
3019 4031 3038 4066 ι
3081 4013 3268 4085 Ὑμεῖς
3295 4017 3360 4069 ὲκ
3390 4016 3486 4070 τοῦ
3508 4018 3714 4090 πατρὸς

2141 4100 2295 4172 ὑμῶν
2341 4101 2434 4156 τοῦ
2478 4102 2725 4156 διαϐόλου
2777 4104 2900 4157 ἐστὲ
2929 4144 2944 4170 ,
2997 4105 3091 4160 καὶ
3141 4105 3241 4170 τὰς
3281 4108 3572 4180 ἐπιθυμίας
3615 4111 3714 4165 τοῦ

2140 4190 2346 4261 πατρὸς
2373 4191 2526 4262 ὑμῶν
2569 4191 2753 4246 θέλετε
2797 4196 2988 4249 ποιεῖν·
3024 4197 3230 4262 ἐκεῖνος
3268 4197 3716 4269 ἀνθρωποκτόνος

2136 4275 2205 4352 ἦν
2235 4281 2330 4334 ἀπ’
2378 4282 2573 4354 ἀρχῆς,
2607 4284 2703 4337 καὶ
2732 4285 2790 4339 ὲν
2831 4288 2898 4356 τῇ
2945 4287 3174 4358 ἀληθείᾳ
3205 4288 3301 4359 οὐχ
3344 4290 3592 4361 ἔστηκεν,
3625 4292 3714 4347 ὅτι

442 4373 815 4438 mendacium,
840 4388 909 4428 ex
947 4371 1187 4442 propriis
1227 4371 1500 4440 loquitur;
1537 4371 1664 4440 quia
1689 4371 1922 4426 mendax
1947 4380 2029 4427 est

2161 4371 2236 4424 ιὺκ
2279 4369 2428 4426 ἔστιν
2473 4372 2699 4444 ἀλήθεια
2747 4374 2804 4427 ἐν
2836 4375 3002 4447 αὐτῷ’
3035 4377 3161 4432 ὅταν
3208 4379 3363 4433 λαλεῖ
3396 4381 3457 4436 τὸ
3493 4381 3711 4452 ψεῦδος,

448 4467 586 4537 ipse,
609 4472 668 4521 et
701 4472 858 4536 pater
887 4465 1008 4535 ejus
1039 4463 1105 4516 ⁸⁸.
1139 4482 1158 4514 ι
1191 4461 1478 4529 Quomodo
1511 4461 1702 4533 igitur,
1737 4465 1832 4533 qui
1873 4480 2028 4520 men-

445 4558 550 4612 dax
568 4564 675 4620 est,
698 4571 867 4611 verax
889 4554 997 4609 erit
1018 4553 1300 4623 unquam?
1321 4561 1416 4608 aut
1449 4554 1724 4623 quomodo
1745 4569 1856 4609 non
1878 4555 2030 4610 omni

442 4665 510 4702 ex.
527 4655 682 4718 parte
697 4645 953 4710 mendax,
972 4645 1068 4714 qui
1087 4643 1141 4697 in
1155 4643 1385 4699 veritate
1399 4658 1510 4699 non
1528 4644 1712 4699 stetit?
1726 4644 1917 4700 Nonne
1932 4644 2030 4716 igi-

443 4750 534 4792 tur
565 4739 700 4811 jam,
739 4736 970 4802 Palladi,
1000 4735 1177 4790 cuivis
1215 4734 1566 4792 manifestum
1588 4736 1716 4804 erit,
1749 4737 1793 4794 si
1822 4736 2026 4792 daemo-

439 4831 661 4886 niorum
703 4829 939 4886 vocibus
981 4828 1270 4884 veritatem
1325 4829 1652 4897 tribuemus,
1706 4829 1825 4888 fore
1867 4841 1928 4887 ut
1955 4833 2023 4888 de

442 4920 729 4975 mendacio
749 4919 1034 4976 Christum
1054 4918 1507 4992 condemnemus,
1538 4928 1595 4976 et
1621 4922 1844 4976 mentiri
1870 4921 2020 4977 veri-

442 5019 612 5066 tatem
643 5009 930 5066 dicamus?

506 5183 704 5243 PALL.
739 5184 895 5241 Haud
919 5185 1078 5258 longe
1097 5186 1393 5242 aberimus.

506 5276 662 5333 CYR.
687 5276 999 5344 Quinetiam
1032 5279 1179 5348 (nam
1215 5277 1349 5330 illud
1374 5289 1593 5344 quoque
1634 5275 1701 5330 iis
1723 5291 1844 5346 quae
1873 5277 2018 5334 dicta

437 5376 564 5424 sunt
624 5369 936 5442 adjiciam),
975 5386 1005 5424 a
1044 5369 1263 5424 Christo
1308 5366 1624 5431 didicimus,
1674 5367 2016 5438 impurorum

2137 4462 2202 4515 ὲκ
2233 4461 2342 4516 τῶν
2370 4460 2514 4517 ἰδίων
2541 4462 2723 4529 λαλεῖ,
2753 4466 2833 4518 ὅτι
2875 4465 3116 4539 ψευστής
3150 4470 3298 4524 ἐστιν
3340 4471 3522 4537 αὐτὸς,
3559 4474 3650 4526 καὶ
3681 4475 3713 4526 ὀ

2135 4548 2318 4623 πατὴρ
2340 4550 2530 4608 αὐτοῦ.
2569 4571 2588 4604 ›
2616 4553 2750 4607 Τίνα
2781 4553 2846 4625 δὴ
2874 4551 2966 4609 οῦν
2997 4555 3149 4610 ἔσται
3174 4558 3376 4629 τρόπον
3408 4561 3709 4633 νημερτὴς,

2132 4642 2407 4714 ψευστής;
2438 4642 2555 4707 πῶς
2590 4643 2646 4697 δὲ
2678 4645 2799 4716 οὐχὶ
2837 4645 3014 4717 πάντη
3065 4665 3122 4701 τε
3153 4649 3248 4704 καὶ
3274 4649 3491 4714 πάντως
3520 4652 3708 4722 ἀμαρ-
3751 4651 3755 4653 “

2131 4735 2356 4806 τοεπὴς,
2402 4735 2431 4788 ὁ
2476 4735 2550 4806 μὴ
2599 4736 2847 4808 ἑστηκὼς
2894 4739 2953 4793 ὲν
3001 4742 3068 4811 τῇ
3117 4739 3379 4813 ἀληθείᾳ;
3435 4737 3560 4811 ’Ἆρ’
3611 4741 3712 4797 οῦν

2131 4827 2388 4899 ἐναργὲς,
2435 4819 2480 4879 ὧ
2519 4826 2817 4896 Παλλάδιε,
2863 4829 3026 4884 παντί
3076 4848 3181 4885 που
3213 4831 3432 4898 λοιπὸν,
3471 4834 3553 4888 ὅτι
3585 4837 3709 4898 ταῖς

2128 4915 2237 4971 τῶν
2298 4916 2590 4990 δαιμονίων
2651 4922 2859 4988 φωναῖς
2925 4922 2987 4975 τὸ
3042 4922 3242 4994 ἀληθὲς
3309 4925 3703 4996 ἀπονέμοντες,

2129 5008 2630 5080 καταῂφιούμεθα
2662 5010 2756 5064 τοῦ
2789 5011 3028 5082 Χριστοῦ
3057 5013 3156 5084 τὴν
3184 5013 3581 5087 ψευδομυθίαν,
3609 5015 3708 5069 καὶ

2127 5098 2443 5168 ψευδοεπεῖν
2474 5099 2707 5170 ἐροῦμεν
2733 5097 2832 5170 τὴν
2857 5099 3118 5171 ἀλήθειαν
3141 5118 3156 5169 ;

2198 5189 2403 5242 ΠΑΛΛ.
2436 5188 2851 5261 Κινδυνεύομεν.

2199 5280 2364 5333 ΚΥΡ.
2393 5279 2603 5343 Ἄλλως
2643 5297 2702 5333 τε
2727 5319 2740 5344 ,
2774 5277 3068 5352 προσθείην
3101 5281 3210 5352 γὰρ
3241 5284 3353 5346 τοῖς
3387 5283 3704 5354 εἰρημένοις

2125 5373 2219 5427 καὶ
2265 5372 2417 5426 τόδε·
2470 5371 2824 5444 δεδιδάγμεθα
2875 5371 3027 5443 παρά
3076 5373 3358 5444 Χριστοῦ,
3408 5376 3536 5439 τοὺς
3589 5375 3702 5429 τῶν

436 5461 728 5530 spirituum
752 5461 922 5516 verba
949 5457 1059 5513 non
1091 5457 1401 5545 admittere,
1425 5473 1493 5514 ne
1525 5457 1570 5514 si
1595 5460 1763 5516 velint
1793 5461 2025 5532 quidem.

2161 5463 2449 5536 καθὰρτων
2481 5465 2805 5534 πνευμάτων
2838 5462 2912 5536 μὴ
2965 5463 3288 5534 προσίεσθαι
3331 5465 3560 5536 λόγους,
3592 5465 3702 5522 κᾶν

516 5633 558 5663 ⁵⁵
605 5632 706 5686 lsa.
752 5645 891 5695 xm,
940 5626 1091 5681 8—10.
1175 5627 1220 5659 ”
1250 5628 1404 5684 Joan.
1455 5645 1566 5694 vm,
1595 5631 1661 5684 Η
