3966 6298
439 223 554 296 ἰει

1468 235 1523 289 S.
1569 233 1847 290 CYRILLI
1888 234 2357 294 ALEXANDRINI
2397 241 2712 300 ARCHIEP.

3619 249 3732 304 452

453 357 716 413 ditionem
765 352 956 409 abibit.
995 351 1182 420 Neque
1219 349 1366 404 enim
1395 347 1677 419 Scriptura
1723 348 1792 402 iis
1826 349 1920 418 qui
1973 365 2022 403 ει

2143 353 2297 422 λόγος
2327 355 2388 408 οὐ
2414 360 2526 420 τοῖς
2557 358 2621 411 ἐκ
2652 356 2808 424 Θεοῦ,
2841 357 2915 430 μὴ
2949 357 3179 428 γένοιτο,
3211 363 3618 432 πραττομένοις
3659 365 3731 420 τὰ

451 451 564 506 Deo
582 449 763 504 futura
797 447 1132 518 praedicunt,
1162 458 1351 514 poenas
1373 441 1680 508 constituit,
1723 441 1868 496 absit
1897 459 1908 494 :
1937 457 2034 496 ex-

452 542 687 614 cipiatur
714 539 860 595 enim
889 553 918 591 a
946 550 1106 606 poena
1146 534 1236 588 ille
1274 540 1589 588 sanctorum
1636 532 2031 603 prophetarum

450 636 587 692 ordo
615 653 627 688 :
657 633 754 690 sed
775 633 843 686 iis
867 631 960 700 qui
986 629 1098 694 illa,
1121 635 1384 697 tanquam
1408 640 1473 680 ex
1490 626 1601 680 Deo
1622 625 1754 691 sint,
1785 623 2029 694 ﬁngunt;

447 727 596 801 quod
637 720 970 796 praedicendi
1021 735 1224 773 munus
1279 732 1349 772 ne
1392 716 1681 772 mendacio
1708 716 1934 786 quidem
1966 715 2031 769 li-

2143 444 2219 509 ὡς
2239 445 2404 500 Θεοῦ’
2435 449 2519 501 ὅτι
2565 443 2699 520 μηδὲ
2731 450 2961 521 ψεύδους
2999 451 3290 524 ἐλευθέραν
3315 453 3600 509 ἐποιοῦντο
3627 458 3729 528 τὴν

2143 542 2565 610 προαγόρευσιν.
2609 541 2918 614 Ἐπειδὴδέ
2963 544 3064 598 οὐκ
3104 543 3161 611 ἐξ
3202 542 3464 615 ἀληθείας
3490 545 3726 613 ἑλόντες,

2141 627 2391 684 λαλοῦσιν
2435 631 2472 686 ἃ
2507 634 2574 687 ἂν
2611 632 2917 704 βούλοιντο,
2947 636 3129 690 καὶτὸ
3155 635 3300 690 κατά
3331 638 3475 706 σφᾶς
3504 638 3726 706 αὐτοὺς,

2146 717 2406 792 ταύτῃτοι
2437 722 2894 795 διημαρτήκασιν.
3039 715 3046 721 ’

447 821 640 876 herum
681 815 900 871 faciant.
952 812 1163 883 Itaque,
1209 808 1358 880 quia,
1407 824 1534 864 cum
1569 824 1601 863 a
1628 809 1864 864 veritate
1912 820 2023 862 non
2062 812 2400 880 acceperint,
2433 815 2737 885 loquuntur
2787 831 2910 886 quae
2965 816 3158 872 volunt
3195 833 3264 874 ex
3303 835 3364 876 se
3404 820 3561 893 ipsis,
3601 822 3726 878 ideo

614 927 693 964 ιιι.

614 927 648 964 n
681 951 693 964 .

445 917 713 1061 Ρθὲῗίλὶ.
766 1002 908 1058 Num
943 1001 1111 1071 igitur
1159 999 1215 1053 in
1261 999 1370 1054 hoc
1422 998 1810 1070 dignoscemus
1847 1001 2034 1049 utrum

445 1099 592 1154 Deus
624 1096 717 1162 sit,
746 1096 840 1166 qui
877 1108 1141 1165 responsa
1175 1091 1413 1158 dederit,
1464 1107 1534 1146 an
1585 1090 1663 1145 illi
1703 1105 1770 1144 ex
1814 1101 1872 1142 se
1903 1086 2036 1156 ipsis

445 1192 742 1262 loquantur
761 1189 784 1242 ?

516 1281 674 1337 CYR.
703 1281 772 1334 Et
796 1277 1293 1350 quidem'maxime
1324 1295 1336 1329 :
1371 1291 1500 1330 nam
1527 1274 1582 1329 id
1621 1288 1841 1344 quoque
1870 1273 2034 1328 nobis

429 1357 633 1427 divina
657 1371 745 1426 lex
768 1372 878 1442 jam
914 1368 1294 1440 persuadebit.
1331 1366 1422 1422 Sic
1444 1367 1592 1422 enim
1627 1365 1767 1420 dixit
1801 1366 1944 1420 Deus
1974 1365 2029 1419 in

445 1462 869 1521 Deuteronomio
894 1478 908 1516 :
939 1482 956 1514 ι
982 1461 1139 1528 Quod
1163 1461 1207 1517 si
1223 1461 1426 1516 dixerit
1447 1460 1720 1532 quispiam
1742 1459 1797 1513 in
1819 1458 1984 1514 corde
2015 1477 2027 1511 :

443 1557 732 1625 Quomodo
753 1570 1148 1627 cognoscemus
1190 1554 1421 1608 verbum
1450 1553 1598 1623 quod
1634 1551 1900 1607 Dominus
1921 1566 2030 1605 non

444 1658 530 1706 est
563 1649 814 1705 locutus?
839 1662 1180 1718 quaecunque
1202 1646 1424 1702 locutus
1452 1643 1619 1698 fuerit
1645 1643 1736 1697 ille
1761 1642 2030 1712 propheta

2210 993 2420 1046 HAAA.
2458 987 2584 1064 ’Ἆρ’
2616 990 2731 1058 οὖν,
2765 994 2822 1049 ἐν
2871 993 3006 1065 τῷδε
3050 996 3462 1064 διαγνωσόμεθα
3518 1000 3724 1072 πότερα

2137 1083 2270 1148 Θεὸς
2297 1087 2324 1138 6
2347 1086 2734 1157 χρησμοδοτῶν
2778 1089 2948 1154 ἐστιν,
2979 1089 3146 1160 ῆγουν
3171 1090 3366 1145 ἐκεῖνοι
3396 1092 3618 1148 λαλοῦσι
3652 1094 3722 1149 τὰ

2137 1177 2288 1248 σφῶν
2320 1179 2530 1247 abeam;

2187 1272 2373 1326 κΚΥΡ.
2410 1273 2521 1326 Kal.
2550 1275 2696 1346 μάλα
2721 1293 2733 1308 ⁸
2769 1277 2912 1346 θεῖος
2945 1281 3054 1351 γὰρ
3081 1280 3176 1334 καὶ
3203 1281 3348 1352 ἡμᾶς
3387 1280 3527 1352 πρὸς
3565 1280 3722 1336 τοῦτο

2138 1363 2300 1429 εὐθὺς
2345 1367 2631 1421 ἀναπείσει
2691 1370 2876 1442 νόμος.
2934 1373 3080 1445 Ἔφη
3133 1374 3241 1445 γὰρ
3284 1372 3428 1426 οῦτω
3479 1374 3614 1439 Θεὸς
3665 1378 3720 1428 ἐν

2142 1458 2576 1532 Δευτερονομίῳ·
2627 1481 2645 1514 ι
2692 1462 2818 1517 Ἐὰν
2861 1465 2918 1518 δέ
2958 1465 3090 1538 λέγῃ
3114 1483 3198 1530 τις
3241 1468 3299 1520 ἐν
3340 1466 3560 1536 καρδίᾳυ
3595 1467 3719 1532 Πῶς

2138 1549 2465 1619 γνωσόμεθα
2511 1551 2570 1605 τὸ
2622 1554 2805 1626 ῥῆμα,
2852 1557 2880 1610 ὃ
2929 1558 3028 1611 οὐκ
3059 1558 3291 1629 ἐλάλησε
3340 1558 3581 1630 Κύριος;
3621 1561 3717 1613 ὃσα

2140 1639 2234 1693 ἐὰν
2277 1639 2486 1714 λαλήσῃ
2532 1647 2560 1698 6
2614 1650 2903 1721 προφήτης
2949 1651 3156 1714 ἐκεῖνος
3219 1651 3315 1705 ἐπὶ
3365 1651 3443 1722 τῷ
3493 1651 3718 1722 ὀνόματι

446 1743 500 1796 in
535 1743 758 1797 nomine
777 1740 1012 1805 Domini,
1042 1740 1095 1795 id
1120 1749 1304 1794 autem
1330 1753 1435 1792 nec
1467 1736 1669 1791 factum
1707 1734 1895 1798 fuerit,
1929 1750 2022 1788 ne-

2138 1731 2370 1803 Κυρίου,
2422 1735 2518 1788 καὶ
2568 1717 2909 1812 μὴῖγένηται
2950 1742 3012 1795 τὸ
3069 1743 3222 1814 ῥῆμα
3264 1744 3294 1797 ὃ
3339 1717 3441 1798 οὐκ
3488 1717 3717 1817 ἐλάλησα

443 1845 550 1900 que
579 1830 872 1901 contigerit
909 1831 1014 1884 hoc
1047 1828 1301 1893 verbum,
1337 1825 1485 1897 quod
1530 1841 1640 1880 non
1689 1833 1775 1881 est
1813 1825 2032 1880 locutus

444 1922 742 1987 Dominus,
795 1922 850 1976 in
890 1922 1171 1992 impietate
1209 1921 1430 1974 locutus
1462 1927 1547 1973 est
1585 1917 1675 1972 ille
1718 1917 2027 1988 propheta:

440 2029 550 2069 non
613 2014 963 2069 abstinebitis
1018 2015 1087 2068 ab
1132 2012 1316 2067 illo“.
1351 2030 1368 2062 ι
1412 2009 1680 2081 lntelligis
1728 1998 1797 2064 ἐκ
1844 2023 2030 2063 rerum

439 2105 826 2175 praedictarum
861 2103 1218 2159 frustratione
1247 2103 1620 2158 certissimum
1647 2108 2032 2171 argumentum

438 2198 581 2253 sumi
607 2237 622 2262 ,
660 2197 809 2268 quod
847 2212 958 2252 non
989 2213 1056 2252 ex
1089 2196 1204 2251 Deo
1237 2193 1524 2266 quidpiam
1553 2192 1880 2264 praedictum
1911 2192 1984 2246 sit
2014 2209 2026 2245 :

434 2290 684 2344 veritatis
731 2290 880 2345 enim
907 2290 1081 2344 amica
1122 2297 1207 2343 est
1232 2286 1459 2342 veritas.
1503 2283 1829 2356 Hujusmodi
1863 2283 2028 2354 quid-

435 2383 560 2437 dam
593 2383 761 2438 etiam
788 2398 889 2452 per
915 2381 1169 2438 Jeremite
1193 2393 1387 2435 vocem
1416 2379 1494 2433 ait
1520 2396 1532 2430 :
1566 2398 1584 2429 ‹
1627 2379 1773 2432 Deus
1798 2376 2028 2448 propin-

435 2490 611 2544 quans
637 2491 738 2546 ego
757 2489 902 2539 sum,
927 2473 1062 2528 dicit
1079 2472 1363 2536 Dominus,
1389 2479 1446 2526 et
1463 2486 1575 2525 non
1590 2470 1736 2525 Deus
1751 2469 1818 2523 de
1834 2470 2026 2539 longe;

435 2567 480 2619 si
506 2567 878 2621 abscondetur
902 2567 1070 2620 homo
1107 2565 1165 2618 in
1195 2563 1454 2628 occultis,
1482 2571 1538 2618 et
1577 2576 1679 2632 ego
1698 2576 1811 2616 non
1828 2559 2028 2615 videbo

433 2659 598 2713 eum?
627 2659 786 2729 187
803 2658 997 2714 Nonne
1013 2659 1214 2713 coelum
1235 2664 1290 2711 et
1302 2663 1507 2711 terram
1523 2669 1624 2726 ego
1643 2653 1879 2724 impleo?
1894 2651 2029 2706 dicit

434 2750 718 2805 Dominus.
773 2747 976 2803 Audivi
1027 2763 1149 2818 quae
1182 2746 1488 2817 loquuntur
1531 2743 1815 2815 prophetae
1843 2783 1858 2808 ,
1906 2757 2028 2812 quae

434 2842 770 2912 prophetant
820 2840 877 2894 in
923 2840 1149 2895 nomine
1174 2855 1297 2894 meo
1336 2838 1470 2895 falsa
1501 2841 1567 2891 θ’.
1607 2857 1624 2889 ι
1666 2836 1895 2900 Deinde,
1931 2849 2026 2890 ac-

434 2932 719 2988 cusatione
772 2931 924 3003 gravi
963 2929 1178 2986 divinas
1217 2930 1367 3001 leges
1423 2925 1895 2984 contemnentium
1932 2923 2023 2978 in-

435 3027 684 3097 terjecta,
725 3041 848 3095 qua:
884 3023 1272 3095 praedictiones
1302 3039 1368 3078 ex
1394 3023 1506 3078 Deo
1529 3021 1660 3086 sint,
1694 3034 1884 3090 quaeve
1911 3032 2023 3072 non
2053 3059 2098 3118 Ο

435 3118 564 3183 sint,
595 3127 853 3188 tanquam
881 3117 1107 3173 evidens
1129 3116 1392 3171 indicium
1419 3114 1599 3178 alTert,
1623 3111 1796 3183 ipsam
1825 3124 2023 3179 nempe

437 3211 739 3265 veritatem.
773 3209 864 3265 Ait
905 3210 1053 3265 enim
1087 3210 1290 3265 iterum
1333 3225 1345 3261 :
1387 3227 1404 3260 ι
1446 3206 1755 3276 Propheta,
1811 3202 1869 3257 in
1914 3217 2023 3272 quo

431 3313 517 3359 est
549 3305 845 3370 somnium,
895 3311 952 3359 et
1007 3303 1064 3358 in
1093 3318 1202 3373 quo
1242 3308 1328 3357 est
1373 3314 1556 3355 sermo
1609 3312 1800 3360 meus,
1833 3302 2024 3349 narret

433 3397 663 3453 verbum
690 3413 873 3451 meum
897 3397 954 3451 in
976 3396 1212 3451 veritate
1239 3394 1304 3446 ”.
1344 3413 1362 3445 ι
1402 3393 1562 3456 Nam,
1594 3390 1642 3444 si
1675 3385 1808 3458 quid
1843 3386 2021 3441 visum

433 3491 600 3545 fuerit
637 3507 668 3544 a
696 3491 930 3546 veritate
968 3489 1282 3558 discrepare
1307 3526 1322 3550 ,
1359 3483 1495 3539 illud
1525 3483 1706 3552 ipsum
1753 3477 2021 3534 continuo

432 3598 593 3638 suum
639 3591 923 3653 parentem
957 3590 1121 3650 atque
1175 3586 1457 3633 auctorem
1521 3589 1642 3628 esse
1695 3571 2018 3626 mendacem

435 3673 630 3743 prodet
653 3715 668 3737 ,
705 3682 762 3728 et
787 3690 816 3727 a
843 3688 943 3727 suo
970 3671 1142 3726 corde
1187 3670 1526 3738 loquentem,
1556 3681 1664 3719 non
1691 3681 1760 3720 ex
1783 3679 1879 3719 ore
1914 3663 2020 3718 D0-

434 3766 591 3827 mini,
616 3765 759 3818 sicut
779 3763 1047 3831 scriptum
1074 3771 1176 3816 est.

500 3853 698 3908 PALL.
757 3854 1013 3908 Placetne
1073 3851 1303 3921 aliquid,
1358 3850 1505 3921 quod
1567 3847 1881 3903 necessario
1946 3847 2017 3901 sit

436 3945 812 4016 quterendum,
841 3960 1249 4015 proponamus;
1285 3959 1355 3998 an
1377 3943 1432 3997 id
1471 3942 1700 3996 missum
1725 3939 2011 4003 faciamus,

435 4055 496 4093 ac
518 4037 702 4108 potius
720 4052 1010 4108 pergamus
1028 4052 1138 4107 quo
1157 4051 1256 4092 nos
1277 4045 1369 4091 tua
1389 4035 1610 4090 duxerit
1625 4033 1842 4090 oratio?

501 4130 658 4185 CYR.
690 4131 876 4200 Atqui,
901 4130 1130 4195 Palladi,
1153 4145 1276 4200 quae
1293 4129 1362 4184 ad
1385 4130 1681 4185 utilitatem
1702 4131 2013 4186 necessaria

432 4234 579 4288 sunt,
602 4239 710 4278 non
739 4223 794 4277 in
818 4223 1062 4280 minimis
1074 4222 1329 4278 ducimus
1352 4241 1364 4276 :
1390 4223 1575 4293 itaque
1597 4222 1970 4278 minuslibere
1994 4262 2009 4286 ,

431 4316 627 4388 siquid
647 4317 897 4373 videatur
920 4315 1193 4388 proferre,
1216 4315 1472 4387 equidem
1495 4314 2011 4386 reprehendendum

2134 1828 2358 1899 Κύριος,
2380 1831 2436 1884 ἐν
2461 1830 2688 1902 ἀσεϐείᾳ
2715 1831 2975 1903 ἐλάλησεν
3000 1834 3027 1887 6
3067 1835 3375 1905 προφήτης,
3399 1835 3502 1889 οὐκ
3528 1835 3718 1905 ἀφέξεφ

2137 1921 2228 1976 σθε
2259 1922 2355 1976 ἀπ’
2380 1922 2564 1978 αὐτοῦ.
2600 1942 2619 1974 ι
2641 1922 2885 1986 ’Λκούεις
2915 1925 2996 1977 ὅτι
3019 1924 3119 1989 τὰς
3145 1927 3202 1978 ἐν
3235 1928 3347 1990 τοῖς
3373 1944 3719 1999 προηγορευ-

2137 2014 2316 2085 μένοις
2351 2015 2676 2082 ἀποτεύξεις
2726 2015 3002 2081 ἀπόδειξιν
3039 2018 3262 2074 ἔσεσθαί
3307 2037 3476 2089 φησιν
3512 2022 3716 2094 ἐναργῆ

2131 2105 2226 2158 τοῦ
2264 2106 2338 2178 μὴ
2385 2109 2448 2160 ἐκ
2493 2107 2630 2161 Θεοῦ
2693 2109 3235 2180 κεχρησμοδοτῆσθαί
3285 2127 3373 2176 τι;
3423 2111 3574 2181 φιλεῖ
3611 2113 3716 2182 γὰρ

2133 2198 2394 2269 ἀλήθειαν
2454 2201 2487 2268 ἡ
2542 2199 2790 2270 ἀλήθεια.
2845 2199 3098 2254 Τοιοῦτόν
3159 2200 3215 2254 τί
3275 2220 3411 2274 φησι
3482 2203 3574 2258 διὰ
3619 2204 3715 2274 τῆς

2148 2290 2410 2363 Ἰερεμίου
2444 2291 2650 2361 φωνῆς·
2690 2310 2711 2344 ‹
2763 2290 2897 2355 Θεὸς
2937 2291 3173 2361 ἐγγίςων
3215 2293 3325 2363 ἐγώ
3373 2296 3526 2367 είμι,
3570 2296 3715 2365 λέγει

2131 2382 2364 2454 Κύριος,
2394 2383 2488 2436 καὶ
2525 2384 2648 2454 οὐχὶ
2672 2383 2806 2447 Θεὸς
2834 2383 3140 2455 πόρρωθενο
3172 2388 3222 2440 εί
3253 2389 3592 2460 κρυϐήσεται
3622 2389 3714 2442 ἀν-

2133 2475 2348 2547 θρωπος
2391 2479 2447 2530 ἐν
2496 2477 2816 2547 κρυφαίοις,
2849 2480 2944 2532 καὶ
2974 2477 3086 2548 ἐγὼ
3127 2479 3230 2534 οὐκ
3268 2479 3474 2550 ὄψομαι
3513 2483 3713 2547 αὒτόν;

2130 2565 2222 2636 Μὴ
2247 2566 2368 2636 οὐχὶ
2387 2565 2478 2619 τὸν
2507 2565 2738 2637 οὐρανὸν
2769 2567 2864 2620 καὶ
2907 2566 3006 2638 τὴν
3037 2568 3140 2639 γῆν
3171 2567 3282 2638 ἐγὼ
3309 2569 3542 2642 πληρῶ;
3570 2571 3716 2638 λέγει

2130 2659 2355 2730 Κύριος.
2399 2659 2660 2712 Ἤκουσα
2707 2659 2745 2713 ἃ.
2787 2659 3039 2714 λαλοῦσιν
3074 2661 3124 2714 οἱ
3165 2662 3442 2732 προφῆται
3465 2703 3480 2728 ,
3517 2662 3552 2716 ἃ
3585 2679 3716 2732 προ-

2130 2750 2456 2822 φητεύουσιν
2485 2753 2534 2804 οἱ
2567 2753 2844 2825 προφῆται
2876 2754 2935 2806 ἐν
2966 2753 3045 2825 τῷ
3071 2754 3298 2824 ὀνόματί
3329 2772 3432 2824 μου
3463 2754 3660 2828 ψευδῆ.
3687 2775 3712 2808 ι

2131 2836 2266 2895 Εῐτα
2303 2841 2394 2896 διὰ
2445 2843 2613 2914 μέσου
2649 2845 2775 2907 τοὺς
2805 2842 2915 2897 τῶν
2947 2843 3106 2899 θείων
3140 2845 3320 2916 νόμων
3364 2850 3715 2920 καταφρονη-

2131 2951 2333 3001 σαντας
2386 2939 2850 3010 ἐπαιτιασάμενος
2920 2939 2980 2994 οὑ
3042 2941 3284 3013 μικρῶς,
3347 2941 3557 3013 ἐναργῆ
3613 2943 3715 3013 τὴν

2129 3028 2407 3094 ἀπόδειξιν
2440 3030 2548 3084 τῶν
2569 3048 2628 3082 τε
2663 3031 2728 3084 ἐκ
2757 3029 2895 3084 Θεοῦ
2924 3033 3018 3086 καὶ⁴
3061 3032 3136 3104 μὴ
3161 3074 3177 3101 ,
3214 3033 3398 3089 δίδωσι
3444 3033 3550 3106 τὴν
3581 3035 3713 3104 ἀλή-

2134 3123 2305 3179 θειαν.
2344 3125 2489 3194 Ἔφη
2535 3124 2642 3195 γὰρ
2685 3123 2880 3178 πάλιν·
2922 3143 2940 3176 ι
2996 3124 3055 3178 '0
3087 3127 3413 3198 προφήτης,
3470 3128 3532 3182 ἐν
3575 3120 3621 3196 ᾧ
3654 3127 3714 3180 τδ

2133 3214 2380 3268 ἐνύπνιον
2414 3213 2580 3267 αὐτοῦ
2603 3255 2618 3281 ,
2647 3218 2740 3268 καὶ
2772 3219 2829 3270 ἐν
2872 3209 2916 3284 ᾧ
2958 3217 2986 3269 6
3025 3216 3183 3286 λόγος
3217 3234 3317 3288 μου
3346 3217 3487 3292 πρὸς
3526 3217 3708 3284 αὐτὸν,

2129 3307 2481 3380 διηγησάσθω
2511 3309 2602 3364 τὸν
2625 3308 2781 3378 λόγον
2808 3327 2910 3381 μου
2934 3312 3020 3364 ἐπ’
3046 3309 3330 3380 ἀληθείας.
3373 3330 3392 3362 ι
3436 3311 3528 3376 Ὠς
3554 3313 3712 3386 εἴπερ

2128 3417 2180 3454 τι
2216 3400 2461 3470 φαίνοιτο
2495 3401 2595 3471 τῆς
2632 3400 2893 3472 ἀληθείας
2931 3402 3284 3474 ἡμαρτηκδς,
3319 3403 3612 3469 ἐκδείξειεν
3647 3405 3715 3461 ἂν

2127 3493 2261 3546 αὐτὸ
2311 3493 2472 3558 εὐθὺς
2503 3493 2773 3565 ψευδοεπῆ
2819 3493 2910 3547 τόν
2936 3496 3271 3567 γεννήτορα,
3325 3497 3423 3550 καὶ
3454 3496 3568 3551 ἀπὸ
3614 3499 3713 3568 τῆς

2127 3585 2322 3640 ἑαυτοῦ
2374 3587 2643 3643 λαλοῦντα
2693 3588 2955 3660 καρδίας,
2995 3588 3097 3642 οὐκ
3137 3588 3244 3643 ἀπὸ
3281 3589 3554 3660 στόματος
3599 3592 3712 3645 Κυ-

2129 3675 2246 3746 ρίου
2266 3719 2279 3743 ,
2311 3677 2457 3732 καθά
2488 3678 2818 3753 γέγραπται.

2196 3857 2405 3913 ΠΑΛΛ.
2453 3857 2640 3911 Βούλει
2686 3875 2738 3912 τι
2781 3858 2966 3931 θῶμεν
3001 3859 3110 3914 τῶν
3142 3860 3463 3930 ἀναγκαίων
3499 3862 3581 3926 είς
3613 3861 3712 3932 βά-

2126 3970 2313 4019 σανον,
2349 3954 2382 4025 ἢ
2409 3953 2678 4026 παρέντες
2715 3953 2884 4026 ἴωμεν
2905 3995 2920 4021 ,
2944 3949 3091 4030 ⁴ᾗπερ
3119 3956 3186 4010 ἃν
3211 3955 3240 4008 6
3269 3955 3362 4020 σὸς
3394 3956 3547 4027 ἡμᾶς
3570 3957 3707 4012 ἀπο-

2123 4046 2327 4119 κομίσῃ
2361 4045 2518 4115 λόγος
2535 4063 2550 4112 ;

2193 4140 2356 4194 ΚΥΡ.
2405 4140 2516 4193 Καὶ
2553 4139 2694 4211 μὴν,
2724 4133 2770 4194 ὦ
2804 4139 3095 4207 Παλλάδιε,
3130 4141 3238 4196 τῶν
3268 4141 3592 4210 ἀναγκαίων
3625 4143 3711 4206 είς

2120 4233 2306 4304 ὄνησιν
2337 4231 2397 4284 οὐ
2427 4229 2634 4303 βραχὺς
2668 4234 2805 4304 ἡμῖν
2829 4234 2857 4287 6
2887 4233 3065 4302 λόγος’
3097 4233 3173 4297 ὡς
3203 4233 3266 4287 τό
3296 4251 3378 4288 τοι
3414 4234 3493 4306 μὴ
3541 4236 3711 4306 φάναι

2119 4323 2180 4376 τὸ
2221 4323 2410 4378 δοκοῦν
2455 4324 2759 4397 ἐλευθέρως
2805 4327 3239 4398 ἐπαιτιασαίμην
3287 4326 3391 4394 ἂν,
3427 4328 3526 4382 καὶ
3564 4327 3713 4400 μάλα

431 4421 650 4480 putem;
677 4409 839 4479 idque
855 4410 978 4478 jure
992 4410 1218 4479 optimo.
1244 4407 1614 4474 Quamobrem
1636 4407 1776 4462 nihil
1797 4406 2013 4460 veritus

2138 4414 2363 4480 ;ίκὸτως’
2400 4413 2577 4488 φράζε
2606 4416 2670 4488 δὴ
2691 4411 2785 4471 οῦν
2807 4417 3046 4489 ὀκνήσας
3067 4417 3238 4474 οὐδέν.
3265 4446 3274 4454 ·

430 4503 540 4566 dic,
566 4503 610 4556 si
632 4501 767 4572 quid
801 4503 960 4555 velis.

501 4594 697 4648 PALL.
722 4593 777 4648 Si
801 4608 908 4646 non
930 4593 997 4647 ab
1018 4609 1114 4648 ore
1153 4593 1370 4648 Domini
1395 4595 1698 4664 loquuntur
1733 4593 2009 4658 nonnulli,

429 4685 521 4739 sed
559 4693 832 4747 eructant,
873 4692 934 4738 ut
961 4683 1060 4746 ais,
1085 4683 1152 4737 de
1182 4685 1346 4739 corde
1368 4700 1509 4750 suo;
1546 4699 1789 4754 quonam
1837 4683 2007 4754 igitur

430 4775 592 4830 modo
620 4785 873 4830 sanctum
916 4774 1247 4841 Samuelem,
1289 4778 1542 4847 quamvis
1561 4777 1675 4848 jam
1705 4785 2006 4839 mortuum,

428 4865 750 4935 l’ythonissa
798 4864 889 4918 illa
924 4864 1122 4921 mulier
1185 4867 1253 4921 ad
1293 4867 1422 4922 Saul
1473 4867 1753 4938 produxit,
1794 4865 1890 4936 qui
1929 4865 2009 4920 illi

430 4973 613 5012 rerum
656 4956 964 5012 futurarum
1000 4960 1206 5016 exitum
1244 4959 1575 5029 exponeret?
1616 4958 1741 5012 Haec
1760 4957 1908 5011 enim
1933 4958 2012 5012 sic

429 5063 548 5102 esse
570 5059 740 5120 gesta,
763 5065 938 5121 neque
957 5051 1115 5108 aliter
1137 5051 1426 5113 accidisse,
1452 5050 1677 5118 quidam
1699 5059 1912 5120 putant.

471 5224 647 5281 (ΠΒ.
664 5227 806 5283 Num
829 5239 888 5284 tu
909 5242 1129 5298 quoque
1145 5243 1257 5282 non
1278 5227 1353 5284 ita
1373 5243 1430 5283 se
1451 5244 1564 5283 rem
1589 5229 1793 5285 habere
1813 5240 1974 5301 putas
1990 5273 2003 5298 ,

428 5316 482 5370 in
505 5332 680 5389 eoque
700 5319 910 5374 rectius
922 5318 1203 5374 existimas
1221 5335 1242 5374 τ
1254 5335 1323 5374 an
1341 5319 1572 5377 ridicule
1592 5321 1726 5393 justi
1750 5324 1856 5378 viri
1883 5325 2003 5380 ani-

427 5422 573 5462 mam
629 5423 822 5464 revera
870 5417 1115 5463 coactam
1177 5425 1298 5468 esse
1350 5412 1528 5480 dicis,
1565 5425 1621 5470 et
1679 5416 2003 5476 muliercula

427 5511 654 5556 vocante
679 5500 929 5555 venisse?

2191 4595 2400 4649 IIAAA.
2426 4595 2490 4648 Εἰ
2523 4595 2596 4667 μὴ
2623 4595 2734 4648 ἀπὸ
2765 4595 3031 4663 στόματος
3052 4595 3257 4667 Κυρίου
3281 4594 3511 4649 λαλοῦσί
3535 4614 3708 4664 τινες,

2120 4686 2436 4756 ἐρεύγονται
2467 4685 2555 4752 δὲ,
2592 4685 2669 4750 ὡς
2719 4685 2858 4757 φὴς,
2891 4689 2962 4743 τὰ
3006 4687 3118 4742 ἀπὸ
3162 4687 3392 4758 καρδίας
3413 4725 3428 4752 ,
3478 4689 3606 4742 τίνα
3641 4689 3708 4760 δὴ

2119 4777 2320 4850 τρόπον
2349 4777 2442 4830 καί
2491 4795 2574 4831 τοι
2615 4777 2889 4833 τεθνεῶτα
2928 4780 3021 4833 τὸν
3055 4779 3209 4848 ἀγιον
3241 4779 3499 4851 Σαμουὴλ
3539 4782 3576 4851 ὴ
3615 4783 3707 4849 ἐγ-

2119 4870 2492 4942 γαστρίμυθος
2547 4871 2732 4942 ἐκείνη
2783 4870 2922 4943 γυνὴ
2973 4872 3315 4943 παρεκόμισε
3363 4870 3445 4942 τῷ
3500 4873 3702 4936 Σαοὺλ,

2116 4961 2178 5014 τὸ
2225 4961 2334 5014 τῶν
2373 4961 2648 5032 ἐσομένων
2695 4963 2843 5034 αὐτῷ
2891 4962 3257 5034 σαφηνιοῦντα
3299 4962 3513 5034 πέραςς
3545 4966 3706 5020 ταυτὶ

2116 5049 2224 5121 γὰρ
2257 5043 2361 5103 ὧδε
2409 5049 2761 5121 πεπρᾶχθαι,
2795 5037 3021 5124 καὶ⁶οὑχ
3067 5051 3270 5122 ἑτέρως
3302 5051 3451 5122 ἔχειν
3496 5051 3706 5109 οἴονταί

2113 5160 2277 5206 τινες.

2183 5236 2348 5290 ΚΥΡ.
2394 5237 2508 5290 Οἴει
2555 5237 2613 5291 δὲ
2665 5238 2826 5302 αὐτὸς
2869 5237 2967 5309 οὐχ
3009 5231 3114 5293 ὧδε
3161 5238 3343 5309 ἐχειν,
3388 5243 3488 5297 καὶ
3531 5244 3706 5313 λογιεῖ

2111 5328 2272 5383 τοῦτο
2321 5329 2578 5401 ἄμεινον,
2625 5331 2793 5400 ῆγουν
2839 5329 3136 5402 φληνάφως
3191 5332 3292 5404 τὴν
3343 5333 3440 5387 τοῦ
3485 5335 3703 5391 δικαίου

2111 5422 2290 5492 ψυχὴν
2321 5421 2674 5477 ἐκϐεϐιάσθαι
2702 5424 2808 5495 φὴς
2841 5423 2980 5479 κατά
3005 5423 3067 5478 τὸ
3093 5423 3314 5496 ἀληθὲς,
3347 5427 3446 5481 καὶ
3469 5428 3700 5497 γυναίου

2112 5513 2406 5578 καλοῦντος
2432 5515 2610 5571 ἐλθεῖν
2631 5533 2645 5585 ;
2956 5518 2960 5519 ί
3055 5517 3058 5519 ’
3294 5516 3309 5521 ”

507 5683 562 5714 ’⁸
595 5682 758 5735 Deut.
801 5697 954 5736 xvnt.
985 5680 1074 5741 2-1.
1112 5682 1200 5736 22.
1281 5686 1323 5715 "
1347 5685 1458 5740 Jer.
1483 5703 1641 5755 nm,
1667 5691 1859 5750 25-25.
1938 5696 1984 5728 ’³
2014 5695 2148 5751 ibid.
2177 5695 2267 5750 ‘28.
