3966 6298
196 399 293 459 453

907 404 997 461 DE
1032 403 1479 471 ADORATIONE
1512 407 1580 472 IN
1623 405 1891 463 SPIRITU
1935 405 2021 461 ΕΤ
2063 405 2430 461 VERITATE.
2474 404 2602 458 LIB.
2646 403 2735 461 V'l.

3336 405 3442 465 451.

261 511 461 570 ΠΑΛΛ.
654 493 737 568 ἀν’
766 513 946 587 ἐχοιμι
997 518 1184 588 σαφῶς
1231 519 1426 573 εἰπεῖν.
1479 517 1761 583 Ἑνδείξειε

1941 517 2135 572 PALL.
2173 514 2456 586 Equidem
2503 522 2850 586 compertum
2899 532 3008 570 non
3065 517 3244 574 habeo
3313 517 3449 588 quid

201 607 240 660 δ’
259 605 338 672 ἂν,
370 599 526 676 οἶμαί
553 623 678 672 που,
707 607 768 662 τὸ
797 608 1016 680 ἀληθὲς,
1045 611 1078 682 η
1103 609 1358 682 βάσανος.

263 783 420 838 ΚΥΡ.
465 778 539 838 Εὖ
586 782 743 856 ἔφης.
791 785 1000 840 υὺκοῦν
1049 786 1227 840 ἐκεῖνο
1275 785 1369 840 καὶ
1415 785 1525 857 πρό
1563 802 1628 855 γε
1657 785 1768 839 τῶν

201 877 366 932 ἄλλων
414 877 984 948 πολυπραγμονείσθω
1027 879 1198 946 τέως,
1232 879 1464 950 πότερον
1511 878 1601 933 διὰ
1633 877 1768 932 Θεοῦ

202 969 766 1041 πολυπραγμονοῦνται
795 973 886 1025 καὶ
913 975 1294 1045 τερατεύονται
1326 972 1423 1026 καὶ
1461 971 1769 1044 ἀποπεραί-

200 1077 340 1116 νουσι
376 1064 556 1129 ταυτὶ,
587 1065 756 1136 ἤγουν
784 1063 876 1119 διὰ
917 1066 1168 1137 πονηρῶν
1202 1067 1532 1138 πνευμάτων
1561 1059 1642 1130 οἷς
1677 1081 1771 1136 με-

200 1149 318 1222 λέτη
347 1151 410 1204 τὸ
447 1154 809 1225 ἐπιτήδευμα.

266 1246 471 1301 ΠΑΛΛ.
520 1247 630 1300 Kal
676 1247 759 1311 τίς
792 1247 857 1302 ἂν
885 1250 963 1315 είς
1011 1250 1170 1304 τοῦτο
1219 1249 1498 1323 λογισμῶν
1542 1253 1773 1318 ἀτοπίας

201 1332 442 1402 ἀφίκοιτο
469 1334 556 1398 ἂν,
584 1334 659 1399 ὡς
687 1337 895 1390 οῐεσθαι
925 1337 1012 1392 διὰ
1041 1338 1176 1392 Θεοῦ
1201 1340 1590 1410 τερατεύεσθαι
1616 1344 1774 1396 ταυτὶ

202 1425 568 1496 νεκρομάντας
601 1445 660 1481 τε
691 1429 784 1481 καὶ
822 1430 1299 1502 ἐγγαστριμύθους
1329 1433 1425 1486 καὶ
1453 1434 1772 1502 ἐπαοιδούς;

201 1517 648 1590 Διαμεμνήσομαι
701 1520 808 1593 γὰρ
860 1522 956 1575 τοῦ
1009 1523 1215 1594 νόμον,
1267 1525 1467 1588 παντὸς
1519 1525 1773 1597 ἑλομένου

201 1609 350 1663 τοῦτο
386 1612 522 1683 δρᾷν
568 1613 760 1685 ποινὴν
799 1613 1184 1685 καθορίζοντος
1213 1617 1603 1690 τὴνέσχάτην.
1641 1614 1777 1673 Εἶτα

202 1701 315 1767 πῶς
339 1704 441 1758 οὑκ
464 1706 820 1776 ἀπόπληκτον
857 1707 1060 1762 ἐννοεῖν
1082 1751 1098 1776 ,
1126 1708 1218 1761 τὸν
1247 1708 1464 1781 θανάτῳ
1491 1712 1775 1766 καταδεδι-

202 1795 488 1864 κασμένον,
523 1796 626 1851 οὑκ
673 1797 901 1869 ἀπᾴδειν
934 1797 1089 1870 Θεῷ;
1127 1800 1203 1853 Οὑ
1226 1800 1336 1873 γάρ
1380 1819 1466 1855 πω
1499 1804 1610 1867 τοῖς
1647 1805 1778 1858 ἐαυ-

199 1885 289 1940 τοῦ
316 1887 668 1960 διαμαχεῖται
699 1890 904 1962 νόμοις.

264 1979 430 2034 ΚΥΡ.
459 1981 694 2053 Ἀριστα
721 1981 928 2054 διανοῇ.
961 1983 1072 2048 Τὰς
1123 1985 1181 2038 δὲ
1223 1986 1331 2040 τῶν
1373 1987 1548 2056 ἁγίων
1597 1987 1776 2060 ψυχὰς

199 2068 468 2161 σωμάτων
523 2069 951 2161 ἀηλλαγμένας
1016 2075 1391 2161 παρερρίφθαι
1442 2077 1737 2149 νομιοῦμεν
1763 2117 1777 2142 ,

199 2157 286 2210 καὶ
313 2157 478 2227 λόγου
517 2159 615 2230 μὲν
646 2158 929 2227 ἀξιοῦσθαι
962 2157 1214 2234 μηδενὸς,
1243 2166 1402 2236 ἥκειν
1434 2166 1489 2220 δὲ
1517 2167 1615 2239 ἤδη
1645 2169 1782 2240 πρὸς

199 2247 354 2303 τοῦτο
389 2250 790 2322 ταλαιπωρίας,
819 2253 894 2317 ῶς
917 2257 1013 2308 καὶ
1039 2259 1298 2328 πονηροῖς
1328 2258 1424 2312 καὶ
1449 2257 1782 2332 ἀκαθάρτοις

203 2342 523 2397 ὑποκεῖσθαι
583 2344 895 2416 πνεύμασι,
947 2348 1044 2402 καί
1095 2348 1433 2421 ἀνεθελήτως
1465 2351 1781 2407 ἀκολουθεῖν

204 2434 626 2506 περιτρέπουσιν
668 2435 908 2501 εὐκόλως
931 2433 1094 2509 οἵπερ
1117 2436 1182 2492 ἂν
1211 2439 1417 2493 ’ἐλοιντο
1447 2441 1627 2512 τυχόν.
1655 2443 1784 2496 Καί-

203 2541 279 2578 τοι
310 2525 371 2578 τὸ
411 2525 515 2595 τῆς
551 2526 980 2597 ’Δποκαλύψεως
1023 2528 1229 2599 βιϐλίον
1267 2532 1400 2600 ἡμῖν
1446 2533 1718 2598 συντιθεὶς
1754 2534 1782 2586 ὁ

207 2617 359 2685 σοφὸς
406 2617 689 2691 Ἰωάννης,
725 2619 754 2673 ὃ
781 2621 877 2674 καὶ
898 2623 1026 2685 ταῖς
1053 2622 1162 2678 τῶν
1190 2625 1456 2697 Πατέρων
1491 2626 1783 2698 τετίμηται

205 2707 419 2780 ψήφοις.
459 2711 560 2774 τὰς
607 2710 717 2765 τῶν
767 2713 939 2782 ἁγίων
985 2714 1163 2786 ψυχὰς
1213 2717 1305 2771 ὑπ’
1351 2717 1483 2772 αὑτὸ
1533 2718 1594 2771 τὸ
1640 2719 1783 2772 θεῖον

207 2800 491 2857 τεθεᾶσθαι
522 2803 913 2876 θυσιαστήριον
934 2846 948 2872 ,
973 2806 1346 2862 διεϐεϐαιοῦτο
1375 2807 1591 2878 σαφῶς.
1620 2811 1683 2864 Εἰ
1728 2810 1785 2863 δὲ

212 2890 298 2946 δαὶ
329 2893 386 2960 ἐξ
435 2893 622 2948 αὑτῶν
657 2895 880 2950 ἕλκουσι
923 2897 1033 2951 τῶν
1076 2899 1190 2954 ἄνω
1236 2899 1444 2970 μονῶν,
1480 2901 1574 2954 καὶ
1602 2895 1785 2956 τόπων

211 2981 371 3047 αὑτὰς
438 2982 551 3038 τῶν
620 2986 932 3057 ἱερωτάτων
983 2989 1448 3060 κατακομίζουσιν
1521 2991 1784 3060 ἀφειδῶς,

215 3073 566 3147 ἀπείργοντος
592 3077 806 3143 οὐδενὸς
828 3118 842 3144 ,
870 3078 1102 3150 βάσιμος
1141 3081 1239 3152 μὲν
1264 3080 1435 3135 ἆπασι
1457 3085 1569 3146 τοῖς
1600 3083 1790 3154 δαιμο-

211 3166 334 3230 νίοις
354 3170 381 3222 ὁ
404 3169 673 3240 οὐρανὸς,
708 3171 1025 3240 ἀνοίγνυται
1059 3171 1115 3225 δὲ
1142 3171 1282 3226 κατά
1322 3171 1384 3226 τὸ
1412 3173 1560 3237 εἰκὸς
1603 3174 1788 3238 αὑτοῖς

212 3261 300 3312 καὶ
339 3261 374 3331 ἡ
417 3257 516 3315 τοῦ
550 3262 885 3334 παραδείσου
920 3263 1086 3334 πύληο
1121 3267 1444 3336 παραχωρεῖ
1468 3265 1547 3330 δὲ,
1579 3265 1655 3328 ὠς
1680 3265 1787 3318 ἐοι-

213 3367 334 3418 κεν,
361 3355 457 3408 καὶ
501 3356 536 3426 ἠ
570 3354 795 3426 φλογίνη
834 3355 1110 3427 ῥομφαία,
1145 3357 1239 3410 καὶ
1277 3357 1398 3428 οὑχὶ
1437 3357 1538 3428 τῆς
1577 3358 1785 3411 εἰσόδου

214 3443 300 3496 καὶ
326 3445 504 3512 ἐξόδου
533 3447 698 3518 μόνον
725 3448 927 3510 αὑτοῖς·
960 3449 1075 3502 ἀλλ’
1111 3450 1160 3501 εί
1192 3447 1466 3518 βούλοιντό
1499 3467 1653 3512 τινας
1692 3451 1788 3503 καὶ

210 3535 309 3589 τῶν
339 3537 468 3594 εἵσω
501 3540 811 3609 γεγονότων
840 3541 1155 3612 ἐκκομίζειν
1186 3542 1251 3595 ἐκ
1290 3541 1626 3614 παρρησίας
1669 3537 1790 3595 εἶτα

212 3627 321 3698 οὑχὶ
360 3630 424 3703 δὴ
470 3631 637 3686 τοῦτό
690 3631 836 3698 ἐστι,
870 3633 969 3704 τὴν
1019 3635 1076 3686 ἐν
1122 3633 1344 3704 Χριστῷ
1380 3633 1659 3705 διασύρειν
1689 3633 1780 3686 ἐλο

213 3719 352 3787 πίδα,
386 3723 482 3778 κα)⁵
501 3723 820 3798 τρισάθλιον
843 3725 1164 3795 ὑποφαίνειν
1190 3724 1298 3780 τῶν
1321 3724 1789 3798 τεθαυμασμένων

212 3811 297 3865 τὸν
330 3814 471 3884 βίον;

275 3904 477 3962 ΠΔΛΛ.
517 3911 767 3964 Ἔοικεν.

276 3997 434 4055 ΚΥΡ.
469 4002 585 4055 Καὶ
635 4001 741 4073 μὴν
773 4003 872 4056 οὑκ
904 4003 1249 4075 ἀσυμφανές.
1283 4004 1407 4069 Πῶς
1442 4004 1500 4058 δὲ
1527 4000 1594 4076 ἦν
1632 4005 1790 4076 ἄμει-

217 4101 296 4139 νον
333 4087 409 4160 τῷ
459 4090 770 4163 θαυμασίῳ
811 4093 1040 4165 Παύλῳ,
1089 4094 1152 4147 τὸ
1201 4093 1501 4161 ἀναλῦσαι,
1549 4094 1644 4148 καὶ
1693 4095 1792 4148 σὺν

218 4176 422 4252 Χριστῷ
451 4178 633 4249 εἶναι;
676 4185 740 4238 El
772 4185 883 4258 γὰρ
925 4185 990 4258 δὴ
1034 4186 1325 4257 μέλλοιμεν
1373 4186 1484 4242 τῶν
1533 4186 1792 4257 ἐπιγείων

215 4273 711 4346 ἀποφοιτήσαντες,
766 4278 862 4330 καὶ
911 4277 1009 4331 σὺν
1041 4279 1265 4351 Χριστῷ
1310 4281 1630 4349 γεγονότες,
1670 4283 1786 4344 τοῖς

217 4360 602 4437 ἀντικειμένοις
654 4367 979 4422 ὑποκεῖσθαι
1020 4367 1333 4440 πνεύμασι,
1357 4371 1660 4424 κεκένωται
1693 4370 1792 4440 μὲν

215 4450 247 4522 ἡ
274 4455 446 4520 πίστις
467 4497 483 4523 ,
513 4457 670 4512 κατά
708 4458 771 4512 τὸ
813 4461 1204 4531 γεγραμμένον
1224 4501 1238 4526 ,
1279 4460 1340 4514 τὺ
1368 4461 1423 4515 δὲ
1453 4463 1706 4534 ἐνδημεῖν
1735 4463 1792 4516 ὲν
1819 4503 1821 4505 ι

1872 609 2084 674 dicam;
2131 608 2248 674 sed,
2278 608 2380 662 nisi
2422 607 2599 671 fallor,
2639 606 2772 677 quid
2802 622 2993 662 verum
3025 609 3116 674 sit,
3147 610 3453 666 declarabit

1872 701 2177 770 inquisitio.

1939 793 2096 848 ΟΥΕ.
2134 793 2304 848 Recte
2328 792 2486 848 dicis.
2507 792 2677 863 Igitur
2699 791 2833 846 illud
2863 801 2988 847 aulae
3027 792 3131 846 alia
3164 791 3456 862 diligenter
3485 868 3487 870 η

1875 883 2099 940 interim
2130 884 2546 955 investigemus,
2579 894 2764 939 utrum
2783 884 2880 939 Dei
2912 898 3142 938 munere
3175 884 3292 938 haec
3325 899 3456 952 por-

1873 989 2024 1035 tenta
2065 977 2233 1033 eda-nt
2285 988 2448 1047 atque
2489 976 2745 1042 eﬂiciant,
2795 977 2891 1047 qui
2941 976 3254 1050 hujusmodi
3294 977 3461 1031 rebus

1875 1071 2118 1136 student,
2160 1085 2230 1123 an
2268 1069 2539 1123 malorum
2581 1069 2874 1139 spirituum
2906 1084 3091 1139 opera.

1945 1244 2141 1299 PALL.
2179 1243 2312 1311 Quis
2331 1259 2464 1297 vero
2485 1242 2552 1298 ad
2588 1253 2694 1298 tam
2718 1242 2932 1314 ineptas
2954 1243 3315 1313 cogitationes
3335 1210 3483 1313 per-1

1876 1333 2080 1398 veniat,
2119 1344 2178 1389 ut
2214 1335 2515 1390 arbitretur
2539 1333 2636 1387 Dei
2671 1348 2838 1403 opera
2871 1343 3127 1403 portenta
3147 1333 3265 1388 haec
3299 1334 3465 1388 edere

1877 1438 2284 1492 necromantas,
2338 1438 2394 1484 et
2433 1429 2723 1500 pythones,
2764 1439 2820 1483 et
2857 1427 3277 1484 incantatores?
3327 1427 3464 1482 Nam

1877 1531 2068 1576 contra
2083 1521 2529 1576 commemorabo
2556 1522 2734 1591 legem
2763 1536 2887 1589 quae
2913 1519 3242 1590 supplicium
3280 1529 3466 1575 extre-

1881 1630 2031 1668 mum
2073 1613 2340 1680 decernit,
2385 1614 2640 1684 quisquis
2679 1614 2796 1668 haec
2853 1613 3034 1667 facere
3072 1627 3240 1666 ausus
3277 1611 3462 1667 fuerit.

1879 1708 2044 1777 Atqui
2069 1708 2345 1777 quomodo
2366 1722 2476 1761 non
2499 1707 2779 1762 dementia
2809 1705 2880 1762 sit
2912 1705 3152 1777 cogitare
3201 1719 3327 1760 eum
3370 1704 3465 1774 qui

1880 1797 2076 1868 capitis
2125 1796 2546 1860 condemnetur,
2592 1797 2705 1851 Deo
2750 1812 2860 1850 non
2909 1795 3237 1866 displicere?
3278 1793 3468 1864 Neque

1809 1883 1851 1938 B
1879 1890 2030 1944 enim
2059 1889 2150 1944 ille
2188 1904 2312 1943 cum
2334 1889 2449 1944 suis
2497 1888 2978 1960 legibuspugnare
3010 1886 3317 1943 censendus
3363 1895 3466 1941 est.

1944 1981 2107 2051 188
2120 1979 2277 2036 CVR.
2292 1978 2509 2051 Optime
2531 1979 2892 2036 ratiocinaris.
2908 1980 3025 2035 Jam
3041 1995 3172 2034 vero
3183 1979 3288 2034 isto
3307 1977 3470 2036 modo

1887 2083 2206 2128 sanctorum
2222 2073 2466 2126 virorum
2491 2071 2722 2135 animas,
2743 2085 2866 2140 quae
2890 2086 2920 2125 e
2941 2069 3267 2139 corporibus
3277 2081 3468 2123 exces-

1881 2172 2094 2226 serunt,
2127 2170 2471 2231 contemptas
2503 2176 2626 2216 esse
2659 2160 2997 2230 putabimus,
3023 2175 3202 2229 neque
3234 2158 3344 2212 alio
3371 2173 3472 2211 nu-

1884 2269 2036 2308 mero
2055 2253 2268 2318 haberi,
2300 2263 2465 2324 atque
2516 2251 2654 2307 adeo
2676 2251 2732 2305 in
2756 2266 2851 2306 eas
2876 2251 3127 2306 miserias
3157 2249 3468 2321 pervenire,

1884 2359 1945 2404 ut
1970 2347 2138 2403 etiam
2164 2362 2403 2418 nequam
2446 2345 2734 2418 spiritibus
2756 2345 3018 2416 subjectae
3055 2346 3186 2410 sint,
3205 2354 3263 2400 et
3289 2343 3474 2398 invita:

1885 2450 2189 2510 sequantur
2217 2455 2334 2505 eos,
2367 2454 2699 2510 quocunque
2746 2437 2824 2492 illi
2859 2438 3156 2502 voluerint,
3185 2436 3338 2492 nullo
3373 2451 3471 2491 ne-

1884 2531 2033 2602 gotio
2082 2530 2559 2585 circumferentes.
2608 2528 2774 2599 Atqui
2821 2529 3065 2584 Joannes
3102 2528 3192 2583 ille
3231 2527 3470 2598 sapiens,

1884 2623 1980 2692 qui
2024 2620 2383 2692 Apocalypsis
2429 2620 2677 2675 libellum
2721 2618 3073 2689 conscripsit,
3107 2617 3206 2689 qui
3247 2617 3471 2672 Patrum

1881 2713 2094 2785 judicio
2139 2711 2534 2782 comprobatus
2581 2719 2686 2777 est,
2738 2718 3058 2766 sanctorum
3108 2709 3321 2764 animas
3369 2708 3472 2763 sub

1888 2807 2006 2877 ipso
2030 2807 2125 2862 Dei
2152 2806 2312 2861 altari
2335 2821 2394 2862 se
2435 2805 2809 2877 conspexisse,
2857 2811 3048 2876 aperte
3090 2802 3468 2860 confirmat".

1887 2897 2043 2965 Quod
2090 2899 2135 2952 si
2158 2913 2254 2954 eas
2278 2913 2346 2952 ex
2390 2898 2499 2954 illis
2529 2911 2751 2968 quoque
2795 2895 3053 2968 supernis
3094 2895 3478 2952 mansionibus

1889 2993 2136 3057 trahunt,
2163 3000 2220 3047 et
2241 2991 2309 3046 de
2335 2991 2724 3059 sacratissimis
2769 2989 2910 3046 locis
2949 2988 3209 3044 deferunt
3253 3003 3472 3053 secure,

1891 3085 2112 3140 nemine
2155 3084 2508 3156 prohibente,
2537 3085 2780 3152 primum
2834 3081 3093 3136 omnibus
3119 3080 3345 3149 quidem
3369 3079 3477 3134 daa-

1892 3176 2094 3232 moniis
2121 3185 2208 3231 est
2233 3175 2290 3230 in
2314 3177 2514 3231 malum
2541 3190 2816 3238 accessus,
2843 3172 3042 3228 deinde
3066 3171 3264 3226 iisdem
3300 3179 3474 3241 patet,

1893 3275 1955 3322 ut
1989 3281 2334 3338 consequens
2359 3274 2463 3332 est,
2507 3265 2748 3336 paradisi
2787 3265 2985 3334 janua:
3011 3263 3160 3320 cedit
3208 3272 3475 3334 przeterea

1890 3356 2138 3412 ﬂammea
2163 3357 2256 3412 illa
2294 3358 2642 3427 rhompbaaa:
2669 3353 2750 3410 sic
2771 3353 2918 3408 enim
2939 3357 3202 3424 consequi
3228 3352 3471 3417 videtur,

1891 3465 2074 3520 neque
2120 3450 2431 3521 ingressum
2456 3457 2621 3518 atque
2662 3446 2873 3501 exitum
2899 3445 3008 3499 illis
3046 3444 3212 3500 modo
3236 3444 3477 3499 liberum

1891 3541 2134 3612 praebet;
2184 3540 2282 3596 sed
2315 3540 2447 3595 licet
2488 3539 2568 3594 eis
2613 3538 2801 3602 etiam,
2838 3537 2886 3592 si
2908 3535 3098 3601 libeat,
3147 3536 3363 3607 aliquos
3411 3551 3479 3592 eo

1892 3634 2170 3704 ingressos
2194 3632 2432 3688 educere
2464 3650 2476 3684 :
2503 3645 2686 3686 nonne
2717 3644 2850 3701 ergo
2874 3629 2979 3684 hoc
2998 3637 3108 3695 est,
3133 3643 3287 3699 spem
3312 3644 3476 3700 quam

1893 3727 1950 3783 in
1977 3727 2198 3784 Christo
2219 3726 2509 3791 habemus,
2551 3722 2827 3779 irridere?
2861 3732 2920 3778 et
2961 3720 3329 3778 miserrimam
3355 3738 3478 3779 esse

1893 3820 2186 3876 ostendere
2204 3819 2615 3875 admirabilium
2641 3817 2889 3873 virorum
2915 3815 3127 3870 vitam?

1966 3910 2164 3965 PALL.
2191 3911 2268 3966 Ita
2293 3911 2533 3966 videtur.

1965 4002 2125 4058 CYR.
2157 4003 2261 4059 Sed
2291 4005 2437 4060 idem
2467 4005 2695 4061 minime
2739 4006 3040 4061 obscurum
3064 4012 3166 4061 est.
3194 4003 3482 4071 Quomodo

1893 4103 2076 4152 autem
2103 4096 2298 4152 melius
2321 4097 2620 4153 eratbeato
2665 4099 2837 4154 Paulo
2865 4098 3090 4162 resolvi,
3124 4106 3326 4152 etesse
3353 4111 3479 4151 cum

1897 4188 2122 4245 Christo
2146 4187 2192 4218 ’⁸
2215 4187 2237 4240 ?
2262 4187 2421 4250 Nam,
2467 4188 2512 4241 si
2559 4196 2750 4256 postea
2792 4203 2955 4256 quam
2983 4201 3012 4240 e
3051 4186 3286 4240 terrenis
3314 4185 3484 4239 rebus

1895 4275 2321 4340 excesserimus,
2345 4285 2401 4330 et
2425 4291 2552 4330 cum
2579 4275 2801 4330 Christo
2829 4275 3120 4337 fuerimus,
3146 4273 3483 4328 adversariis

1896 4369 2184 4439 spiritibus
2207 4365 2536 4437 subjiciendi
2577 4379 2788 4429 sumus,
2818 4363 3097 4418 exinanita
3127 4370 3210 4416 est
3241 4361 3395 4425 fides,
3421 4369 3484 4417 ut

1897 4459 2163 4530 scriptum
2209 4465 2295 4512 est
2314 4457 2401 4522 ";
2452 4471 2515 4511 ac
2556 4455 2768 4510 versari
2797 4455 2854 4508 in
2887 4469 3141 4525 corpore,
3168 4467 3334 4523 quam
3355 4466 3480 4507 esse

217 4542 434 4616 σώματι,
464 4551 558 4605 τοῦ
577 4553 824 4605 συνεῖναι
846 4549 1087 4622 Χριστῷ,
1113 4552 1220 4614 πᾶς
1239 4568 1325 4616 τις
1354 4545 1467 4619 οῦν,
1494 4547 1668 4624 οἶμαι,
1699 4553 1784 4607 καὶ

1895 4567 2021 4607 cum
2046 4549 2288 4615 Christo,
2311 4547 2512 4619 quivis,
2541 4547 2760 4617 opinor,
2783 4546 2942 4618 longe
2967 4544 3325 4616 prastantius
3359 4557 3484 4599 esse

215 4634 549 4710 ἀσυγκρίτως
579 4644 890 4712 διενεγκεῖν
931 4642 1312 4714 ἐπιψηφιεῖται
1343 4643 1529 4698 λοιπὸν
1551 4684 1564 4708 ,
1611 4644 1791 4698 καὶτὸ

215 4726 299 4781 ἐπὶ
329 4732 519 4787 τούτου
555 4735 1038 4806 δυσανεκτότερονο
1069 4733 1149 4788 ἔτι
1186 4735 1284 4805 μὲν
1311 4735 1422 4806 γάρ
1449 4737 1506 4790 ἐν
1538 4735 1675 4806 τῷδε
1712 4734 1792 4806 τῷ

217 4815 307 4891 βίῳ
352 4826 676 4898 ποιούμενοι
703 4825 804 4890 τὰς
825 4826 1139 4899 διατριϐάς,
1171 4826 1294 4898 οὑχ).
1332 4828 1448 4890 τοῖς
1480 4826 1574 4879 τοῦ
1603 4827 1788 4881 διαϐό-

216 4906 299 4963 λου
351 4914 664 4988 θελήμασιν
705 4916 1126 4989 ὑπεξεύγμεθα,
1168 4917 1451 4989 πατοῦμεν
1501 4917 1559 4970 δὲ
1605 4918 1792 4972 ἐπάνω

217 4996 379 5065 ὅψεων
423 5007 520 5060 καὶ
575 5007 859 5080 σκορπίων
902 5009 1140 5080 μᾶλλον,
1188 5009 1282 5062 καὶ
1314 5009 1407 5061 ἐπὶ
1451 5009 1634 5061 πᾶσαν
1689 5009 1790 5081 τὴν

215 5089 433 5164 δύναμιν
458 5097 556 5151 τοῦ
589 5099 790 5172 ἐχθροῦ
815 5141 829 5165 ,
860 5099 1004 5154 κατὰ
1035 5100 1135 5171 τὴν
1162 5099 1258 5152 τοῦ
1290 5099 1546 5170 Σωτῆρος
1577 5101 1782 5170 φωνήν.

218 5177 339 5238 Εἶτα
377 5188 474 5244 σὺν
507 5191 736 5260 Χριστῷ
775 5191 1083 5259 γεγονότες,
1118 5191 1235 5254 πῶς
1275 5192 1333 5245 ἐν
1385 5191 1624 5264 χείροσιν
1673 5193 1794 5247 ἐσό-

221 5275 382 5344 μεθα;
414 5281 534 5344 πῶς
557 5282 620 5334 δὲ
651 5281 814 5345 αὑτὸς
843 5280 1099 5353 ἀληθεύει
1129 5281 1323 5350 λέγων’
1364 5299 1383 5333 ι
1430 5282 1512 5335 Τὰ
1544 5282 1794 5355 πρόϐατα

218 5369 279 5422 τὰ
318 5373 426 5442 ἐμὰ
467 5373 572 5445 τῆς
619 5378 806 5446 φωνῆς
859 5393 959 5444 μου
1006 5375 1300 5442 ἀκούουσι,
1336 5374 1494 5446 κάγὼ
1541 5376 1794 5446 γινώσκω

221 5459 365 5526 αὑτὰ,
389 5465 483 5517 καὶ
503 5465 1003 5537 ἀκολουθοῦσίιμοι,
1038 5467 1192 5535 κάγὼ
1221 5466 1415 5536 δίδωμι
1439 5467 1632 5531 αὑτοῖς
1649 5466 1794 5538 ζωὴν

221 5553 442 5620 αἰώνιον,
494 5559 593 5612 καὶ
638 5559 700 5614 οὑ
752 5559 825 5631 μὴ
873 5559 1180 5613 ἀπόλωνται
1226 5560 1306 5624 εἰς
1339 5559 1432 5613 τὸν
1474 5559 1669 5627 αἰῶνα,
1703 5562 1794 5614 καὶ

221 5642 305 5712 οὑχ
334 5647 574 5717 ἁρπάσει
614 5666 701 5712 τις
732 5649 870 5704 αὑτὰ
899 5651 967 5704 ἐκ
992 5650 1098 5704 τῶν
1136 5649 1338 5722 χειρῶν
1382 5666 1507 5723 μουο
1537 5653 1564 5706 ὁ
1602 5653 1794 5724 Πατήρ

285 5824 323 5855 ’⁸
348 5827 516 5899 Apoc.
559 5845 633 5894 γι,
663 5829 716 5884 9.
792 5832 835 5864 "
861 5829 1057 5901 Philip.
1089 5848 1124 5895 ι,
1167 5832 1258 5887 ‘23.
1337 5833 1381 5864 "
1408 5833 1561 5888 ῐὶοιιι.
1601 5848 1672 5897 tv,
1709 5832 1788 5886 ll.

1895 4643 2125 4713 posthac
2169 4640 2477 4713 judicahit;
2520 4651 2594 4704 et,
2641 4639 2789 4709 quod
2847 4640 2953 4695 hoc
2979 4639 3099 4709 ipso
3147 4651 3367 4708 quoque
3411 4634 3485 4691 sit

1896 4735 2078 4789 minus
2111 4732 2424 4798 ferendum,
2470 4731 2536 4797 si,
2567 4746 2692 4786 cum
2720 4730 2903 4786 adhuc
2931 4731 2983 4784 in
3007 4730 3109 4784 hac
3133 4729 3248 4783 vita
3291 4741 3472 4783 versa»

1896 4840 2041 4889 mur,
2080 4825 2312 4896 subjecti
2340 4824 2565 4879 minime
2596 4839 2788 4880 sumus
2811 4822 3015 4879 diaboli
3057 4821 3480 4892 cupiditatibus,

1895 4916 1992 4970 sed
2018 4915 2294 4970 calcamus
2317 4916 2502 4986 potius
2553 4931 2720 4988 super
2742 4923 3026 4986 serpentes
3056 4922 3111 4968 et
3136 4915 3478 4986 scorpiones,

1893 5017 1950 5061 et
1974 5023 2139 5078 super
2161 5024 2379 5064 omnem
2400 5017 2724 5080 potestatem
2753 5008 2981 5070 inimici,
3001 5008 3155 5078 juxta
3181 5007 3484 5064 Salvatori's

1891 5101 2064 5155 nostri
2096 5117 2286 5158 vocem
2321 5102 2387 5153 ⁸⁷.
2419 5103 2583 5174 Ergo,
2627 5102 2720 5156 ubi
2741 5117 2865 5156 cum
2913 5100 3136 5156 Christo
3185 5099 3480 5168 fuerimus,

1891 5192 2170 5262 quomodo
2182 5193 2369 5265 pejore
2393 5192 2710 5248 conditione
2737 5190 2908 5245 futuri
2935 5207 3128 5246 sumus
3149 5190 3472 5261 ?‘quomodo

1893 5283 2059 5338 etiam
2085 5300 2253 5339 verax
2275 5284 2382 5339 erit
2409 5283 2545 5353 ipse,
2571 5297 2694 5336 cum
2720 5281 2855 5336 dicit
2881 5295 2896 5336 :
2927 5300 2944 5333 ι
2967 5281 3108 5338 Oves
3132 5297 3266 5336 mea:
3290 5294 3479 5334 vocem
3512 5281 3518 5293 ’·

1896 5393 2073 5432 meam
2103 5377 2366 5442 audiunt;
2405 5384 2459 5429 et
2482 5391 2582 5446 ego
2622 5390 2892 5445 cognosco
2935 5391 3058 5440 eas,
3083 5385 3144 5430 et
3176 5383 3483 5444 sequuntur

1900 5483 2022 5533 me;
2053 5476 2109 5522 et
2150 5467 2314 5521 vitam
2359 5475 2622 5521 zeternam
2659 5465 2730 5519 do
2759 5467 2873 5532 eis;
2905 5475 2960 5522 et
2994 5482 3102 5520 non
3138 5465 3396 5534 peribunt
3424 5465 3481 5520 in

1901 5567 2188 5618 :etcrnum,
2208 5566 2262 5611 et
2286 5573 2393 5611 non
2419 5556 2590 5627 rapiet
2614 5572 2707 5611 eas
2731 5557 3018 5627 quisquam
3043 5557 3109 5610 de
3134 5570 3296 5610 manu
3320 5572 3439 5610 mea
3463 5573 3476 5609 :

1906 5652 2067 5706 Pater
2094 5666 2269 5719 meus,
2305 5651 2398 5722 qui
2430 5651 2580 5707 dedit
2606 5652 2762 5719 mihi,
2799 5651 3055 5708 omnibus
3090 5650 3262 5721 major
3288 5658 3398 5715 cst;
3424 5655 3481 5703 et

1867 5835 1908 5863 ⁹⁷
1937 5833 2068 5886 an.
2103 5850 2152 5897 .\',
2205 5833 2282 5886 19.
