3966 6298
471 402 578 459 435
1500 403 1555 459 S.
1592 403 1869 461 CYRILLi
1908 399 2381 459 ALEXANDRINI
2419 397 2736 454 ARCIHEP.
3644 392 3753 450 436

474 534 638 576 nemo
661 524 844 589 potest
872 533 1067 589 rapere
1094 534 1164 574 ex
1186 533 1351 574 manu
1379 519 1558 575 Patris
1589 520 1698 576 mei
1722 520 1805 574 "1'
1825 539 1844 572 ι
1881 520 2054 575 Dece-

2163 527 2266 588 μου
2290 514 2351 579 ὃς
2381 513 2551 568 ἔδωκέ
2590 530 2711 584 μοι,
2748 508 2969 565 πάντων
3015 507 3220 580 μείζων
3261 509 3382 563 ἐστὶ
3402 548 3418 575 ,
3450 510 3546 564 xal
3574 509 3752 574 οὐδεὶς

474 613 557 683 pit
574 613 742 669 etiam
767 611 979 667 scilicet
1006 610 1168 682 189
1195 611 1421 681 pictatis
1444 612 1501 666 in
1525 611 1808 669 Christum
1825 611 2060 667 athletas

474 702 827 758 beatissimus
852 700 1072 766 Petrus,
1106 715 1233 755 cum
1254 700 1324 756 ad
1357 701 1507 757 hunc
1541 702 1766 757 modum
1791 702 2015 772 scripsit
2040 718 2054 754 :

455 815 496 847 σε
528 794 719 864 Itaque
766 799 823 847 et
854 792 893 846 ii
916 791 1012 861 qui
1054 792 1341 862 patiuntur
1375 792 1678 849 secundum
1719 793 2057 849 voluntatem

474 886 586 951 Dei,
620 881 768 942 ﬁdeli
799 883 1045 940 Creatori
1088 884 1473 940 commendent
1500 884 1711 942 animas
1738 900 1885 941 suas.
1911 885 1956 920 ’³
1983 903 1996 939 :
2032 904 2049 937 ι

468 977 627 1043 Quod
663 976 709 1032 si
741 976 855 1031 Deo
884 976 1322 1032 commendatam
1351 978 1590 1032 animam
1619 978 1763 1049 cogit
1806 978 2053 1046 Satanas,

475 1069 700 1139 agitque
736 1084 801 1123 ac
836 1067 946 1123 fert
987 1084 1320 1141 quocunque
1362 1086 1465 1142 pro
1506 1081 1753 1141 tempore
1798 1072 2054 1138 voluerit,

469 1156 751 1227 quomodo
780 1158 870 1213 ille
895 1170 1212 1214 sanctorum
1236 1169 1538 1229 protector,
1574 1162 1668 1232 qui
1703 1163 2054 1233 uniuscujus—

472 1264 581 1318 que
634 1249 887 1320 spiritum
911 1250 1081 1305 veluti
1104 1250 1414 1322 depositum
1435 1252 1876 1307 commendatum
1901 1268 2057 1307 acce-

472 1339 574 1408 pit,
610 1338 789 1393 ﬁdelis
828 1338 1057 1409 intelligi
1079 1340 1315 1409 poterit?
1339 1341 1705 1396 Deliramenta
1739 1340 1902 1411 igitur
1928 1350 2056 1395 sunt

474 1428 611 1496 haec,
649 1429 762 1484 imo
804 1444 937 1484 vero
980 1436 1171 1500 stupor
1217 1430 1495 1498 immanis,
1534 1440 1730 1502 putare
1773 1431 2056 1501 propheta:

474 1521 714 1577 animam
764 1536 957 1577 revera
1005 1520 1223 1592 frigidis
1279 1523 1677 1578 scelestissimae
1718 1523 2054 1579 muliercula

473 1614 817 1672 carminibus
859 1630 929 1671 ex
971 1614 1257 1671 attributis
1298 1615 1402 1671 sibi
1450 1615 1674 1671 sedibus
1711 1630 1831 1671 esse
1870 1615 2052 1670 detra-

474 1715 640 1763 ctam.

544 1796 743 1852 PALL.
767 1797 1026 1864 Quaenam
1066 1797 1237 1867 igitur
1270 1796 1436 1852 fuerit
1472 1813 1687 1863 rerum,
1740 1813 1877 1867 quas
1923 1813 2054 1853 con-

2160 608 2384 663 δύναται
2426 606 2694 678 ἁρπάζειν
2725 605 2791 657 ἐκ
2815 605 2914 674 τῆς
2948 600 3132 674 χειρὸς
3154 601 3248 655 τοῦ
3290 603 3505 673 Πατρός
3550 620 3686 674 μου;
3719 622 3744 655 ι

2161 699 2505 771 Πεφενάκικε
2533 698 2589 752 δὲ
2628 698 2771 768 τάχα
2810 713 2913 749 που
2946 695 3044 765 τῆς
3076 695 3157 759 είς
3196 694 3431 765 Χριστὸν
3462 696 3748 760 εὐσεϐείας

2162 790 2291 856 τοὺς
2330 787 2592 860 ἀθλητὰς,
2627 784 2920 859 γεγραφὼς
2951 784 3047 838 ὡδὶ
3088 786 3183 840 καὶ
3211 787 3238 839 ὁ
3283 785 3593 854 σοφώτατος
3637 788 3748 840 Πέ-

2159 896 2310 952 τροςο
2358 897 2378 931 ι
2424 878 2589 930 Ὥστε
2637 877 2732 930 καὶ
2779 874 2885 929 ὑπὸ
2932 873 3109 928 ἀλλων
3154 874 3457 944 πάσχοντες
3501 877 3645 954 κατά
3683 877 3749 929 τὸ

2161 967 2376 1041 θέλημα
2414 964 2612 1031 αύτῆῦ,
2646 963 2823 1036 πιστῷ
2857 963 3070 1037 Κτίστῃ
3117 963 3607 1034 παρατιθέσθωσαν
3645 964 3749 1027 τάς

2161 1060 2342 1131 ψυχὰς
2372 1058 2572 1114 αὐτῶν.
2615 1076 2634 1109 ι
2667 1057 2731 1110 Εἰ
2760 1055 2816 1110 δὲ
2863 1054 2940 1128 τῷ
2968 1054 3088 1126 Θεῷ
3133 1054 3539 1126 παρατεθεῖσαν
3566 1055 3748 1128 ψυχὴν

2161 1149 2403 1223 βιάζεται
2429 1152 2458 1204 ὀ
2498 1150 2772 1214 Σατανᾶς,
2806 1148 2956 1219 ἄγων
3003 1161 3063 1201 τε
3099 1145 3196 1201 καὶ
3248 1147 3429 1217 φέρων
3472 1141 3632 1220 οἷπερ
3680 1148 3749 1202 ἂν

2158 1244 2332 1298 ἕλοιτο
2378 1243 2522 1299 κατά
2565 1241 2809 1314 καιροὺς,
2862 1240 2978 1302 πῶς
3022 1239 3089 1293 ἂν
3127 1241 3302 1293 νοοῖτο
3351 1240 3544 1304 πιστὸς
3573 1242 3602 1294 ὁ
3634 1241 3745 1294 τῶν

2160 1335 2331 1403 ἁγίων
2376 1333 2768 1406 προεστηκὼς,
2814 1330 2910 1384 καὶ
2938 1329 3112 1384 ὀἱονεὶ
3160 1331 3637 1402 παρακαταθήκην
3680 1331 3745 1384 τὸ

2158 1426 2388 1480 ἑκάστου
2422 1423 2640 1496 πνεῦμα
2663 1421 2878 1489 λαϐὡν;
2912 1422 3094 1494 Λῆρος
3132 1416 3229 1476 οὖν
3276 1421 3386 1493 ἄρα
3433 1422 3621 1488 ταυτὶ,
3645 1423 3743 1477 καὶ

2155 1515 2471 1587 ἀποπληξία
2524 1515 2705 1587 δεινὴ,
2754 1513 2816 1567 τὸ
2856 1513 2999 1567 κατά
3068 1511 3330 1585 ἀλήθειαν
3381 1511 3591 1567 οἴεσθαι
3641 1514 3743 1585 τὴν

2157 1612 2437 1682 προφήτου
2454 1609 2637 1681 φωνὴν
2661 1597 2893 1679 ψυῂραῖς
2908 1605 3143 1678 ἐπῳδαῖς
3168 1605 3390 1675 γυναίου
3420 1606 3745 1679 μυσαρωτά-

2156 1719 2247 1756 του
2270 1702 2376 1758 τῶν
2414 1700 2825 1776 ἐκνεμηθέντων
2850 1700 2988 1772 αὐτῇ
3027 1698 3363 1756 καθελκῦσαι
3399 1700 3606 1754 τόπων.

2226 1796 2436 1850 ΠΛΛΛ.
2477 1794 2573 1858 Τίς
2624 1788 2720 1849 οὖν
2764 1791 2832 1847 ἂν
2892 1791 3108 1862 γένοιτο
3153 1790 3265 1847 τῶν
3305 1789 3678 1863 θεωρημάτων
3715 1791 3747 1844 ὁ

474 1887 796 1944 siderandas
817 1865 1224 1959 proposuimus,
1262 1889 1587 1959 explicatio?
1625 1865 1894 1947 nam—haec
1918 1889 2055 1945 adeo

2162 1888 2352 1957 λόγος;
2383 1886 2582 1958 χρῆναι
2613 1884 2723 1956 γὰρ
2753 1878 2907 1954 οἴμαι
2940 1883 3005 1938 τὰ
3030 1881 3207 1947 οὕτως
3236 1880 3436 1953 αίσχρά
3466 1881 3591 1954 μηδ’
3619 1881 3746 1936 ὅσον

479 1979 660 2051 turpia
685 1995 755 2034 ne
784 1979 1127 2050 simplicibus
1148 1980 1392 2051 quidem,
1427 1990 1488 2035 ut
1516 1981 1589 2040 ita
1610 1980 1818 2046 dicam,
1854 1982 2059 2053 cogita-

476 2070 721 2126 tionibus
741 2071 1079 2128 admittenda
1113 2088 1330 2129 censeo.

544 2162 704 2219 CYR.
748 2164 1051 2235 Propositis
1094 2165 1252 2237 prius
1296 2181 1464 2223 sacra:
1498 2166 1798 2239 Scripturae
1834 2167 2054 2233 verbis,

477 2266 594 2311 tum
630 2271 753 2328 quae
785 2257 971 2313 animo
1010 2267 1311 2314 occurrunt
1351 2274 1723 2329 exponemus,
1759 2267 1813 2314 et
1854 2259 2058 2330 ubique

473 2349 736 2405 decorum
760 2350 1052 2422 diligenter
1076 2350 1453 2407 retinebimus.
1484 2352 1561 2406 Ea
1577 2351 1658 2406 sic
1679 2352 1919 2406 habent:
1947 2372 1964 2403 ι
1991 2352 2061 2406 Et

477 2437 700 2495 Samuel
723 2447 977 2495 mortuus
1005 2447 1091 2495 est
1127 2458 1139 2492 :
1161 2446 1219 2493 et
1239 2439 1571 2509 planxerunt
1593 2454 1722 2494 eum
1766 2440 2060 2495 universus

475 2526 642 2583 Israel
674 2535 765 2583 :et
789 2529 1125 2598 sepelierunt
1144 2542 1269 2582 eum
1293 2528 1349 2583 in
1372 2527 1731 2590 Armathaim,
1761 2528 1819 2582 in
1839 2527 2059 2584 civitate

475 2622 598 2692 ejus
614 2638 628 2674 :
642 2629 698 2676 et
715 2619 844 2674 Saul
859 2620 1085 2678 abstulit
1099 2620 1505 2691 pythonicos,et
1520 2621 1829 2691 cognitores
1841 2636 1873 2676 a
1890 2631 2055 2677 terra.

477 2712 548 2768 Et
564 2720 963 2783 congregantur
976 2711 1234 2783 allophyli
1243 2751 1256 2777 ,
1268 2720 1325 2767 et
1340 2711 1586 2778 veniunt,
1605 2721 1661 2770 et
1670 2722 1940 2769 castrame
1947 2721 2062 2768 tan-

482 2812 573 2860 tur
605 2802 661 2857 in
688 2800 890 2857 Sonam
928 2819 943 2855 :
982 2810 1040 2858 et
1070 2809 1364 2872 congregat
1383 2800 1509 2857 Saul
1538 2816 1755 2858 omnem
1780 2802 2059 2858 hominem

482 2891 669 2955 lsrael,
698 2899 756 2947 et
787 2896 1242 2947 castrametantur
1256 2889 1310 2945 in
1327 2889 1550 2947 Gelboe.
1585 2892 1653 2949 Et
1670 2892 2059 2949 viditSaulca-

481 2990 595 3039 stra
618 2982 1036 3054 allophylorum,
1061 2990 1118 3039 et
1129 2980 1346 3049 timuit,
1363 2992 1420 3040 et
1434 2992 1842 3041 consternatum
1868 2996 2060 3043 estcor

477 3074 600 3147 ejus
624 3074 784 3130 valde
815 3092 827 3128 :
866 3082 924 3130 et
939 3072 1218 3131 consuluit
1248 3072 1384 3132 Saul
1407 3091 1507 3146 per
1534 3076 1848 3142 Dominum,
1866 3087 1922 3133 et
1947 3093 2057 3133 non

477 3164 763 3237 respondit
798 3166 854 3223 ei
889 3166 1153 3223 Dominus
1205 3183 1306 3238 per
1359 3168 1590 3233 somnia,
1632 3183 1811 3238 neque
1856 3169 1912 3224 in
1942 3186 2058 3225 ma-
2084 3206 2126 3264 ο

476 3256 714 3327 nifestis,
752 3272 933 3330 neque
991 3259 1047 3317 in
1082 3259 1389 3331 prophetis.
1431 3260 1501 3318 Et
1542 3259 1682 3314 dixit
1710 3259 1839 3315 Saul
1884 3262 2057 3317 servis

470 3336 887 3418 'suis:Qua:rite
909 3351 1047 3407 mihi
1081 3351 1374 3407 mulierem
1420 3351 1793 3425 pythonissam
1815 3393 1830 3417 ,
1869 3360 1925 3407 et
1968 3352 2058 3408 ibo

475 3440 547 3498 ad
595 3441 766 3509 illam,
796 3451 858 3500 et
901 3458 1142 3514 quaeram
1169 3458 1269 3514 per
1301 3443 1471 3499 illam.
1517 3444 1585 3498 Et
1615 3443 1874 3500 dixerunt
1913 3445 2055 3501 servi

475 3532 599 3603 ejus
623 3533 692 3588 ad
723 3549 852 3592 eum
886 3552 901 3589 :
944 3535 1086 3591 Ecce
1109 3534 1310 3591 mulier
1330 3535 1649 3605 pythonissa
1679 3542 1765 3591 est
1800 3536 1856 3592 in
1907 3534 2055 3591 Aen-

475 3622 599 3680 dor.
629 3624 700 3680 Et
718 3633 1012 3695 coopertus
1026 3634 1111 3680 est
1126 3624 1276 3691 Saul,
1301 3633 1357 3680 et
1373 3625 1549 3679 induit
1570 3642 1627 3681 se
1645 3626 1891 3682 vestibus
1906 3626 2054 3693 aliis,

475 3725 536 3773 et
559 3716 710 3773 vadit
741 3715 860 3786 ipse
902 3724 960 3772 et
1009 3715 1121 3771 duo
1175 3715 1281 3771 viri
1318 3730 1444 3771 cum
1492 3716 1613 3786 ipso
1656 3716 1726 3772 ad
1770 3718 2056 3773 mulierem

478 3814 662 3872 nocte,
703 3813 761 3861 et
787 3805 925 3862 dixit
941 3805 1020 3860 illi
1046 3823 1059 3859 :
1082 3805 1271 3861 Divina
1288 3805 1424 3861 mihi
1442 3807 1499 3862 in
1514 3808 1782 3880 Pythone,
1801 3817 1859 3863 et
1889 3823 2056 3864 evoca

480 3893 551 3949 ad
585 3909 673 3949 me
698 3909 1082 3964 quemcunque
1117 3893 1307 3950 dixero
1332 3894 1453 3951 tibi.
1501 3896 1570 3953 Et
1598 3896 1738 3952 dixit
1766 3897 1964 3954 mulier
1988 3897 2055 3954 ad

481 3985 639 4039 illum
666 4001 679 4038 :
713 3984 853 4040 Ecce
883 3986 994 4057 jam
1021 3992 1076 4039 tu
1107 3985 1250 4041 nosti
1273 4000 1613 4056 quaecunque
1636 3986 1768 4045 fecit
1800 3988 1928 4044 Saul
1949 4030 1964 4055 ,
1997 3999 2059 4046 ut

479 4075 868 4132 exterminavit
903 4077 1228 4148 pythonicos
1257 4086 1314 4133 et
1356 4079 1668 4150 cognitores
1697 4078 1765 4135 de
1796 4086 1968 4146 terra;
1999 4088 2057 4137 et

479 4183 582 4223 cur
619 4177 678 4224 tu
716 4167 998 4223 insidiaris
1036 4167 1233 4224 animae
1262 4183 1418 4232 meae,
1450 4179 1512 4225 ut
1541 4150 1758 4227 occidas
1785 4174 1944 4227 eam?
1989 4171 2057 4227 Et

477 4257 682 4328 iuravit
708 4258 786 4312 illi
816 4257 965 4324 Saul,
986 4258 1176 4314 dicens
1206 4276 1217 4313 :
1251 4259 1397 4315 Vivit
1418 4260 1713 4327 Dominus,
1752 4263 1798 4319 si
1841 4262 2057 4319 eveniet

479 4349 581 4404 tibi
617 4351 746 4405 mali
787 4350 1069 4422 quidpiam
1112 4350 1171 4405 in
1214 4352 1385 4407 verbo
1421 4353 1545 4409 hoc.
1584 4354 1653 4410 Et
1690 4354 1828 4411 dixit
1858 4356 2057 4412 mulier

479 4440 630 4496 Sauli
651 4459 667 4496 :
689 4440 861 4508 Quem
881 4443 1132 4500 excitabo
1148 4443 1283 4500 tibi?
1298 4445 1366 4501 Et
1386 4444 1522 4500 dixit
1542 4463 1554 4499 :
1579 4446 2054 4516 190$amuelem

2157 1981 2353 2044 εἰπεῖν,
2383 1977 2489 2032 κᾶν
2518 1977 2649 2047 γοῦν
2681 1976 2738 2029 ἐν
2762 1973 2947 2045 ψιλαῖς
2972 1973 3201 2038 ἐννοίαις
3229 1972 3399 2029 ἑλεῖν.

2230 2160 2396 2215 ΚΥΡ.
2441 2157 2584 2212 Αὐτὸ
2617 2155 2957 2228 παραθέντες
3001 2156 3063 2211 τὺ
3098 2156 3340 2229 Γράμμα
3376 2154 3438 2209 τὸ
3466 2154 3644 2226 ἱερὸν,
3666 2156 3743 2209 τὰ

2163 2253 2243 2315 είς
2295 2249 2417 2304 νοῦν
2464 2249 2610 2303 ίόψτα
2662 2248 2784 2302 τότε
2836 2247 2984 2319 σαφῆ
3019 2249 3455 2319 καταστήσομεν,
3491 2246 3738 2318 πανταχῆ

2156 2341 2251 2395 τοῦ
2282 2340 2589 2412 πρέποντος
2625 2339 2797 2412 ἀπρὶξ
2822 2338 3081 2411 ἡμμένοι.
3110 2340 3265 2410 Ἔχει
3293 2338 3349 2392 δέ
3378 2336 3541 2392 οὕτω·
3578 2356 3598 2390 ι
3627 2339 3741 2392 Καὶ

2160 2433 2416 2506 Σαμουὴλ
2448 2432 2711 2509 ἀπέθανε,
2739 2433 2836 2486 καὶ
2867 2430 3132 2502 ἐκόψαντο
3160 2430 3322 2485 αὐτὸν
3351 2432 3461 2494 πᾶς
3496 2430 3738 2502 Ἰσραὴλ,

2161 2527 2255 2581 καὶ
2294 2526 2592 2581 θάπτουσιν
2625 2524 2789 2579 αὑτὸν
2814 2524 2873 2579 ἐν
2915 2522 3251 2595 Ἀρμαθατμ,
3282 2523 3339 2575 ἐν
3369 2521 3525 2576 πόλει
3548 2521 3738 2577 αὐτοῦ’

2159 2620 2255 2674 καὶ
2293 2619 2466 2674 Σαοὺλ
2514 2616 2755 2689 περιεῖλε
2786 2616 2913 2680 τοὺς
2959 2616 3462 2687 ἐγγαστριμύθους,
3494 2614 3591 2669 καὶ
3613 2615 3742 2679 τοὺς

2163 2710 2404 2782 γνὼστας
2443 2710 2551 2764 ἀπὸ
2583 2709 2684 2780 τῆς
2712 2709 2838 2780 γῆς,
2883 2709 2995 2762 Kal
3024 2707 3465 2778 συναθροίζονται
3498 2708 3549 2760 oi
3577 2706 3741 2760 ἀλλό-

2161 2803 2346 2874 φυλοι,
2376 2803 2470 2856 καὶ
2497 2801 2749 2874 ἔρχονται
2774 2798 2869 2855 καὶ
2903 2799 3376 2872 παρεμϐάλλουσιν
3403 2801 3486 2864 είς
3514 2800 3739 2872 Σωνάμ.

2161 2897 2273 2951 Kal
2322 2893 2667 2964 συναθροίζει
2716 2893 2892 2947 Σαοὺλ
2929 2892 3108 2947 πάντα
3154 2892 3324 2965 ἄνδρα
3365 2891 3601 2965 Ἰσραὴλ,
3641 2892 3742 2944 καὶ

2162 2974 2643 3058 παρεμϐάλλουσιν
2694 2986 2775 3049 εἰς
2819 2984 3074 3039 Γελϐουέ.
3114 2986 3226 3040 Kal
3274 2980 3378 3038 εἶδε
3419 2983 3595 3038 Σαοὺλ
3635 2983 3742 3057 τὴν

2165 3080 2522 3154 παρεμϐολὴν
2573 3079 2686 3134 τῶν
2758 3078 3104 3150 ἀλλοφύλων,
3159 3078 3254 3133 καὶ
3311 3077 3583 3149 ἐφοϐήθη,
3641 3077 3743 3131 καὶ

2164 3173 2359 3244 ἐξέστη
2409 3175 2443 3243 ἡ
2497 3170 2698 3244 καρδία
2761 3170 2924 3226 αὐτοῦ
2976 3170 3200 3243 σφόδρα.
3248 3169 3359 3225 Καὶ
3412 3169 3742 3241 ἐπηρώτησε

2160 3264 2333 3320 Σαοὺλ
2372 3263 2460 3317 διὰ
2496 3264 2731 3335 Κυρίου,
2766 3262 2864 3317 καὶ
2911 3263 3014 3316 οὐκ
3042 3260 3312 3334 ἀπεκρίθη
3342 3260 3490 3332 αύτῷ
3532 3260 3742 3333 Κύριος

2156 3356 2217 3410 ἐν
2262 3357 2374 3421 τοῖς
2405 3354 2711 3419 ἐνυπνίοις,
2754 3353 2848 3409 καὶ
2892 3355 2949 3408 ἐν
2989 3355 3104 3418 τοῖς
3144 3352 3355 3425 ϐήλοις,
3385 3352 3479 3406 καὶ
3527 3354 3585 3406 ἐν
3624 3351 3744 3414 τοῖς

2159 3450 2486 3521 προφήταις.
2520 3448 2631 3502 Καὶ
2662 3444 2786 3500 εἷπε
2824 3445 2998 3500 Σαοὺλ
3037 3446 3153 3509 τοῖς
3188 3442 3378 3498 παισὶν
3408 3441 3595 3497 αὐτοῦ·
3631 3444 3743 3514 Ζη-

2157 3539 2359 3612 τήσατέ
2390 3557 2479 3610 μοι
2511 3539 2744 3608 γυναῖκα
2768 3533 3242 3607 ἐγγαστρίμυθον,
3272 3532 3367 3587 καὶ
3397 3531 3741 3605 πορεύσομαι

2160 3632 2296 3704 πρὸς
2346 3632 2544 3703 αὐτὴν,
2592 3629 2688 3685 καὶ
2736 3628 2955 3700 ζητήσω
3002 3628 3062 3682 ἐν
3111 3627 3280 3698 αὐτῇ.
3321 3625 3432 3680 Kal
3480 3623 3638 3679 εἶπον
3687 3626 3741 3679 οί

2158 3725 2352 3788 παῖδες
2383 3722 2549 3779 αὐτοῦ
2580 3722 2717 3794 πρὸς
2743 3720 2925 3775 αὐτόν’
2978 3718 3112 3773 Ἰδοὺ
3139 3717 3279 3788 γυνὴ
3300 3716 3742 3788 ἐγγαστρίμυθος

2158 3819 2216 3871 ἐν
2249 3816 2498 3888 Ἀενδώρ.
2529 3816 2639 3870 Kal
2677 3812 3085 3883 συνεκαλύψατο
3103 3811 3298 3866 Σαούλο
3339 3810 3433 3865 καὶ
3477 3808 3742 3879 περιεϐά-

2159 3910 2282 3963 λετο
2309 3909 2500 3980 ἱμάτια
2528 3907 2693 3979 ἕτερα
2710 3947 2725 3967 ,
2754 3906 2846 3958 καὶ
2894 3903 3185 3976 πορεύεται
3214 3901 3377 3967 αὐτὸς
3404 3901 3500 3954 καὶ
3523 3899 3617 3954 δύο
3644 3900 3740 3955 ἀν-

2156 3999 2282 4069 δρες
2330 3999 2445 4068 μετ’
2493 3993 2695 4062 αὐτοῦ,
2747 3994 2841 4048 xal
2885 3993 3136 4066 ἔρχονται
3172 3991 3312 4065 πρδς
3358 3992 3461 4063 τὴν
3502 3992 3743 4060 γυναῖκα

2157 4091 2385 4154 νυκτὸς,
2440 4090 2534 4143 καὶ
2576 4084 2735 4141 εἶπεν
2772 4086 2933 4157 αὐτῇ·
2978 4084 3295 4139 Μάντευσαι
3342 4083 3405 4154 δή
3444 4100 3535 4155 μοι
3568 4084 3628 4138 ἐν
3659 4080 3742 4152 τῷ

2158 4179 2601 4251 ἐγγαστριμύθῳ,
2623 4178 2716 4233 καὶ
2734 4176 2975 4246 ἀνάγαγέ
3007 4193 3096 4248 μοι
3127 4174 3186 4229 ὃν
3210 4175 3307 4229 ἐὰν
3332 4174 3470 4229 είπω
3496 4191 3597 4228 σοι.
3626 4172 3744 4228 Kal

2159 4267 2310 4325 εἶπεν
2364 4268 2513 4340 αὑτῷ
2538 4270 2571 4337 ἡ
2608 4268 2771 4339 γυνή⁹
2808 4266 2941 4320 Ἰδοὺ
2988 4263 3054 4336 δὴ
3083 4264 3149 4318 σὺ
3177 4259 3327 4327 οἶδας
3366 4264 3467 4317 ὅσα
3510 4261 3743 4333 ἐποίησε

2159 4362 2331 4418 Σαοὺλ
2381 4362 2458 4424 ὡς
2501 4358 2865 4430 ἐξωλόθρευσε
2912 4356 3038 4420 τοὺς
3087 4353 3601 4427 ἐγγαστριμύθους,
3642 4352 3743 4407 καὶ

2159 4456 2283 4518 τοὺς
2313 4452 2561 4523 γνὼοτας
2591 4451 2699 4505 ἀπὸ
2727 4451 2825 4521 τῆς
2853 4450 2979 4522 γῆς,
3011 4450 3105 4504 καὶ
3144 4449 3285 4503 ίνατί
3325 4447 3389 4500 σὺ
3422 4443 3741 4514 παγιδεύεις

474 4531 658 4589 excita
679 4533 837 4588 mihi.
870 4534 942 4591 Et
961 4535 1098 4591 vidit
1129 4536 1329 4592 mulier
1359 4537 1690 4604 Samuelem,
1713 4550 1769 4594 et
1790 4540 2055 4595 exclama-

2162 4546 2259 4617 τὴν
2316 4544 2496 4615 ψυχήν
2557 4560 2680 4615 μου,
2737 4542 3046 4596 θανατῶσαι
3097 4541 3301 4610 αύτήν;
3356 4538 3469 4592 Kal
3520 4534 3741 4607 ὤμοσεν

479 4630 560 4691 vlt
582 4637 717 4680 voce
746 4638 961 4696 magna.
998 4625 1066 4683 Et
1094 4627 1230 4684 dixit
1267 4628 1464 4684 mulier
1501 4629 1568 4684 ad
1606 4629 1735 4685 Saul
1779 4630 1928 4687 :Cur
1962 4630 2057 4687 (Ιο-

479 4713 672 4785 cepisti
697 4731 786 4771 me
803 4714 896 4773 ?et
912 4723 969 4771 tu
991 4731 1053 4774 es
1069 4716 1219 4774 Saul.
1245 4718 1459 4775 Etdixit
1480 4720 1558 4775 illi
1583 4736 1677 4776 rex
1700 4739 1712 4775 :
1729 4721 1807 4777 Ne
1825 4721 2020 4778 timeas
2039 4741 2059 4789 ξ

481 4804 571 4861 dic
599 4821 764 4878 quem
800 4807 1025 4865 videris.
1072 4808 1141 4866 Et
1164 4809 1303 4866 dixit
1342 4810 1422 4866 illi
1460 4812 1660 4867 mulier
1703 4830 1717 4866 :
1758 4813 1900 4869 Deos
1943 4813 2055 4869 vidi

436 4872 457 4917 λ
480 4872 885 4958 ascendentese
909 4907 1075 4957 terra.
1100 4902 1171 4957 Et
1199 4902 1338 4958 dixit
1362 4903 1432 4958 ad
1454 4903 1602 4957 illam
1639 4920 1652 4956 :
1695 4902 1837 4970 Quid
1857 4919 2057 4975 cogno-

483 4986 644 5043 visti?
666 4988 736 5044 Et
760 4989 900 5044 dixit
926 4989 1002 5044 illi
1036 5008 1050 5045 :
1085 4990 1277 5048 Virum
1303 4998 1518 5047 rectum
1553 4992 1939 5047 ascendentem
1984 4993 2054 5049 de

481 5084 647 5141 terra,
683 5084 739 5131 et
777 5077 868 5133 hic
914 5079 1148 5136 amictus
1183 5079 1443 5150 diploide.
1475 5081 1545 5135 Et
1598 5081 1853 5151 cognovit
1887 5082 2052 5149 Saul,

480 5165 629 5235 quod
657 5165 874 5226 Samuel
908 5179 1054 5228 esset
1090 5170 1202 5236 hic,
1258 5176 1317 5224 et
1359 5170 1642 5227 inclinavit
1682 5186 1741 5227 se
1778 5171 1834 5228 in
1859 5172 2054 5230 faciem

480 5273 635 5313 suam
658 5260 715 5316 in
739 5269 961 5328 terram,
988 5270 1046 5318 et
1065 5261 1315 5318 adoravit
1345 5277 1493 5318 eum.
1526 5264 1596 5321 Et
1618 5264 1759 5321 dixit
1785 5264 2003 5323 Samuel
2038 5285 2052 5321 :

479 5350 590 5406 Cur
614 5352 1058 5424 inquietastime,
1100 5361 1162 5410 ut
1181 5355 1575 5411 ascenderem?
1603 5356 1670 5412 Et
1710 5356 1849 5414 dixit
1881 5358 2009 5416 Saul
2037 5379 2049 5415 :

479 5438 738 5499 Coarctor
761 5443 953 5508 valde;
994 5451 1052 5497 et
1082 5443 1341 5518 allophyli
1371 5430 1810 5519 bellumxgerunt
1858 5448 2053 5506 adver-

480 5550 598 5590 sum
626 5553 744 5603 me;
775 5546 830 5595 et
866 5538 1013 5615 Deus
1057 5542 1284 5597 recessit
1322 5559 1353 5598 a
1385 5558 1494 5609 me,
1525 5551 1582 5600 et
1623 5560 1735 5601 non
1775 5546 2056 5601 exaudivit

482 5641 567 5679 me
590 5626 792 5693 adhuc,
830 5643 1006 5698 neque
1031 5627 1089 5684 in
1117 5645 1281 5687 manu
1311 5632 1724 5702 prophetarum,
1754 5651 1934 5707 neque
1957 5652 2056 5706 per

555 5808 599 5887 _”"
622 5805 756 5861 Joan
809 5823 859 5873 Χ,
887 5807 1075 5863 27-29.
1154 5809 1241 5865 "1
1268 5810 1412 5866 P011“.
1444 5826 1513 5877 IV,
1548 5810 1627 5866 19.

2158 4636 2298 4706 αὐτῇ
2315 4634 2525 4697 Σαοὺλ,
2566 4632 2763 4700 λέγων’
2799 4633 2873 4704 Ζῇ
2910 4629 3136 4702 Κύριος,
3166 4632 3215 4683 εἰ
3247 4627 3622 4699 ἀπαντήσεταί
3652 4643 3739 4680 σοι

2158 4725 2341 4779 ἀδικία
2370 4727 2426 4777 ἐν
2456 4722 2526 4793 τῷ
2548 4723 2690 4793 λόγῳ
2710 4719 2904 4790 τούτῳ.
2922 4719 3034 4773 Kal
3058 4715 3209 4771 εἶπεν
3230 4716 3415 4787 ὴγυνὴ
3437 4714 3513 4785 τῷ
3540 4712 3738 4766 Σαούλ·

2160 4816 2293 4870 Τίνα
2324 4815 2588 4884 ἀναγάγω
2616 4830 2697 4866 σοι
2723 4829 2738 4879 ;
2768 4812 2879 4865 Kal
2908 4807 3051 4865 εἷπε
3084 4808 3189 4863 Τὸν
3218 4806 3470 4880 Σαμουὴλ
3492 4803 3740 4874 ἀνάγαγε

2163 4926 2272 4979 μοι.
2325 4906 2438 4961 Kal
2483 4902 2623 4959 εἶδεν
2653 4906 2688 4976 ἡ
2713 4903 2852 4975 γυνὴ
2887 4902 2979 4957 τὸν
3002 4901 3291 4973 Σαμουὴλ,
3332 4899 3424 4953 καὶ
3469 4895 3741 4967 ἀνεϐόησε

2163 5001 2315 5071 φωνῇ
2347 4998 2579 5071 μεγάλῃ.
2618 4997 2730 5051 Kal
2757 4991 2910 5049 εἶπεν
2943 4995 2976 5065 ἡ
3007 4994 3146 5064 γυνὴ
3175 4991 3313 5063 πρὸς
3335 4989 3527 5044 Σαούλ⁸
3568 4987 3743 5041 Ἰνατί

2162 5092 2507 5163 παρελογίσω
2540 5107 2635 5162 με;
2669 5090 2762 5143 καὶ
2793 5088 2857 5142 σὺ
2897 5083 2948 5140 εἴ
2985 5085 3176 5140 Σαούλ.
3217 5084 3329 5138 Kal
3356 5078 3509 5135 εἶπεν
3541 5080 3684 5151 αὕτῇ
3711 5076 3743 5132 ὃ

2164 5181 2435 5255 βασιλεύςο
2462 5181 2554 5252 Μὴ
2588 5180 2778 5250 φοϐοῦ,
2807 5176 2962 5233 εἷπον
2993 5178 3116 5231 τίνα
3139 5176 3410 5247 ἑώρακας.
3446 5173 3558 5228 Kal
3582 5166 3743 5224 εἶπεν

2164 5273 2374 5345 αὐτῷή
2426 5275 2586 5344 γυνή·
2620 5271 2787 5335 Θεοὺς
2835 5269 3056 5342 ἑώρακα
3103 5267 3497 5328 ἀναϐαίνοντας
3539 5265 3604 5316 ἐκ
3633 5261 3744 5330 τῆς

2160 5362 2286 5431 γῆς.
2325 5363 2435 5415 Kal
2469 5357 2622 5414 εἶπεν
2649 5359 2807 5431 αὐτῇ
2858 5358 2924 5412 Τί
2969 5357 3174 5426 ἐγνως;
3207 5356 3319 5409 Kal
3362 5350 3514 5407 εἶπεν
3557 5349 3742 5420 αὐτῷ·

2164 5453 2365 5525 Ἀνδρα
2413 5452 2592 5525 ὄρθιον
2639 5450 2999 5507 ἀναϐαίνοντα
3046 5449 3111 5502 ἐκ
3151 5448 3253 5519 τῆς
3280 5446 3406 5517 γῆς,
3442 5445 3535 5498 καὶ
3581 5434 3749 5505 οὗτος

2165 5546 2415 5601 διπλοῐδα
2441 5543 2905 5617 ἀναϐεϐλημένος.
2934 5544 3047 5598 Kal
3078 5541 3220 5612 ἔγνω
3245 5537 3435 5603 Σαοὺλ,
3466 5537 3549 5590 ὅτι
3579 5525 3749 5597 οὗτος

2169 5637 2419 5709 Σαμουὴλ
2438 5678 2451 5703 ,
2483 5638 2579 5691 καὶ
2623 5636 2822 5706 ἔκυψεν
2860 5635 2955 5690 ἐπὶ
2986 5634 3278 5707 πρόσωπον
3320 5627 3485 5685 αὐτοῦ
3516 5626 3610 5681 ἐπὶ
3636 5624 3749 5697 τὴν
