3966 6298
272 339 362 395 137

984 337 1072 392 DE
1111 335 1551 392 ADORATIONE
1591 335 1655 390 ΙΝ
1693 335 1959 391 SPlRlTU
2001 335 2089 389 ET
2134 337 2496 391 VERITATE.
2542 340 2668 394 LIB.
2713 343 2804 398 Ἣ.

3411 345 3515 401 438

268 456 398 525 γῆν,
433 453 523 507 καὶ
570 453 976 524 προσεκύνησεν
1021 453 1190 524 αύτῷ.
1228 455 1338 506 Καὶ
1383 451 1505 508 εἰπε
1552 453 1815 524 Σαμουήλη

1933 456 2259 520 somnia;et
2287 470 2435 509 nunc
2479 458 2664 511 vocavi
2722 467 2794 524 te,
2837 469 2897 514 ut
2952 460 3162 519 indices
3200 460 3335 516 mihi
3372 463 3505 534 quid

231 547 434 606 τῚνατί
513 545 950 616 παρηνώχλησάς
1027 564 1117 617 μοι
1183 546 1450 618 ἀναϐῆναί
1532 563 1649 616 με;
1725 545 1815 598 Κα¹

1934 546 2149 601 faciam.
2193 547 2261 603 Et
2302 547 2442 602 dixit
2486 547 2702 605 Samuel
2742 567 2754 603 :
2799 550 2911 605 Cur
2949 553 3252 624 interrogas
3299 555 3428 611 me?
3457 565 3514 612 et

269 637 382 693 εἷπε
435 637 626 692 Σαούλ·
677 638 938 708 Θλίὸομαι
1002 640 1244 711 σφόδρα,
1297 641 1390 694 καὶ
1445 641 1494 692 oi
1547 639 1833 709 ἀλλόφυλοι

237 721 593 801 ἶπολεμοῦσιν
643 732 701 784 ἐν
750 731 907 800 ἐμοὶ,
955 732 1050 784 καὶ
1103 734 1130 786 ὁ
1177 731 1310 796 Θεὸς
1369 730 1678 802 ἀφέστηκεν
1737 730 1831 784 ἀπ’

268 824 434 894 ἐμοῦ,
475 824 569 877 καὶ
622 823 722 877 οὑκ
761 825 1041 895 ἐπακηκοέ
1101 840 1202 894 μου
1258 823 1376 888 ἔτι,
1433 823 1527 877 καὶ
1576 824 1635 876 ἐν
1687 821 1832 892 χειρὶ

267 915 369 969 τῶν
426 916 756 988 προφητῶν,
807 917 901 970 καὶ
944 918 1001 969 ἐν
1048 917 1160 978 τοῖς
1223 915 1526 978 ἐνυπνίοιςο
1580 914 1677 968 καὶ
1735 911 1832 967 νῦν

257 987 508 1090 ῗκέκληκά
575 1023 676 1074 σε,
743 1008 1012 1078 γνωρίσαι
1085 1023 1224 1077 μοι,
1288 1005 1343 1061 τί
1427 1005 1658 1076 ποιήσω.
1721 1004 1829 1057 Καὶ

266 1095 380 1152 εἷπε
423 1101 706 1171 Σαμουήλ·
762 1101 924 1154 Ἰνατί
985 1101 1271 1170 ἐπερωτᾷς
1329 1116 1432 1170 με,
1485 1099 1580 1153 καὶ
1626 1095 1828 1166 Κύριος

264 1192 570 1263 ἀφέστηκεν
615 1192 723 1246 ἀπὸ
782 1193 912 1256 σοῦ,
960 1191 1053 1244 καὶ
1103 1191 1293 1258 γέγονε
1345 1187 1484 1260 μετά
1541 1187 1633 1242 τοῦ
1691 1187 1827 1258 πλη-

264 1283 372 1336 σίον
415 1299 538 1348 σου;
590 1284 685 1336 καὶ¹
735 1283 1003 1352 πεποίηκε
1056 1281 1260 1353 Κύριός
1305 1298 1422 1342 σοι,
1473 1279 1656 1343 καθὼς
1704 1279 1827 1333 ἐλά·

259 1378 384 1445 λησε
427 1375 629 1446 Κύριος
684 1376 741 1427 ἐν
797 1374 938 1444 χειρί
979 1389 1103 1443 μουο
1157 1374 1252 1426 καὶ
1298 1373 1579 1444 διαρῤήξει
1623 1372 1825 1442 Κύριος

259 1471 352 1540 τὴν
387 1469 663 1540 βασιλείαν
707 1485 800 1520 σου
843 1469 906 1519 ἐκ
945 1467 1127 1537 χειρός
1154 1482 1279 1529 σου,
1316 1465 1410 1517 καὶ
1451 1463 1612 1517 δώσει
1653 1464 1824 1532 αὐτὴν

257 1560 332 1631 τῷ
354 1560 580 1632 πλησίον
606 1576 699 1612 σου
733 1559 811 1629 τῷ
849 1557 1036 1610 Δα6ίδ·
1071 1556 1206 1610 διότι
1245 1555 1346 1609 οὐκ
1371 1555 1610 1626 ἡκούσας
1639 1554 1823 1623 φωνῆς

255 1652 492 1725 Κυρίου,
527 1652 622 1704 καὶ
663 1651 764 1704 οὐκ
803 1648 1128 1719 ἐπλήρωσας
1169 1647 1338 1717 θυμὸν
1357 1646 1528 1717 ὀργῆς
1568 1643 1734 1700 αὑτοῦ
1765 1645 1821 1698 ἐν

267 1746 533 1818 Ἀμαλὴκ,
561 1745 648 1799 διά
673 1743 831 1798 τοῦτο
868 1742 930 1796 τὺ
959 1741 1112 1813 ῥῆμα
1153 1741 1375 1815 ἐποίησε
1405 1739 1610 1811 Κύριός
1641 1755 1723 1792 σοι
1761 1739 1820 1790 ἐν

252 1840 314 1908 τῇ
342 1837 526 1910 ἡμέρᾳ
553 1837 743 1909 ταύτῃ·
771 1836 864 1889 καὶ
895 1831 1210 1904 παραδώσει
1241 1831 1445 1902 Κύριος
1472 1831 1564 1884 τὸν
1604 1828 1785 1901 Ἰσραὴ

251 1931 389 2000 μετά
419 1929 514 1984 σοῦ
555 1931 634 1992 είς
663 1931 849 2000 χεῖρας
890 1924 1231 1993 ἀλλοφύλων,
1269 1923 1362 1976 καὶ
1393 1919 1583 1991 αὔριον
1609 1921 1696 1984 σὺ,
1723 1920 1817 1974 καὶ

246 2025 291 2076 οί
320 2023 428 2076 υἱοί
459 2040 552 2076 σου
583 2020 720 2092 μετά
746 2019 838 2073 σού
871 2017 1182 2079 πεσοῦνται,
1216 2014 1312 2068 καὶ
1338 2014 1438 2084 τὴν
1467 2013 1818 2084 παρεμϐολὴν

256 2113 476 2185 Ἰσραὴλ
503 2111 660 2166 δώσει
693 2111 894 2182 Κύριος
919 2110 998 2173 είς
1032 2109 1219 2178 χεῖρας
1257 2105 1588 2174 ἀλλοφύλων.
1623 2123 1640 2157 ι
1673 2100 1819 2174 Ἀρά

243 2225 324 2260 σοι
371 2203 558 2258 λοιπὸν
590 2203 855 2258 ἐνδοιάσαι
901 2201 1078 2271 Θέμις,
1114 2200 1194 2253 ὅτι
1234 2199 1356 2262 ταῖς
1385 2196 1578 2251 ἑαυτοῦ
1616 2196 1818 2267 ψήφοις

245 2294 692 2365 κατεγνωσμένος
730 2294 1026 2364 ἐκτέτηκεν
1053 2293 1129 2363 (1)
1155 2293 1185 2344 ό
1219 2289 1425 2354 Σαούλ;
1462 2288 1680 2359 Ἐπειδὴ
1709 2289 1818 2358 γὰρ

244 2387 428 2441 ἐδεδίει
463 2386 572 2442 τῶν
615 2385 991 2456 ἠθροισμένων
1025 2385 1112 2452 ἐφ’
1151 2381 1332 2453 ἐαυτῷ
1375 2380 1437 2434 τὸ
1472 2381 1698 2443 ἀσθενὲς
1737 2381 1818 2443 είς

247 2479 456 2549 μάχην,
512 2476 803 2548 μανθάνειν
851 2475 1003 2545 ἠξίου
1055 2475 1122 2528 τὰ
1174 2473 1410 2544 ἐσόμενα
1462 2470 1614 2540 παρὰ
1658 2469 1814 2524 Θεοῦ.

244 2569 654 2640 Σεσιωπηκότος
687 2568 766 2632 δὲ,
795 2567 888 2621 καὶ
913 2564 1386 2626 ἀποκαλύπτοντας
1418 2562 1593 2625 οὐδὲν,
1621 2561 1819 2632 τρέπε-

243 2681 328 2718 ται
356 2661 495 2734 πρὸς
531 2661 592 2714 τὸ
612 2661 800 2714 λυπεῖν
840 2660 930 2712 τὸν
967 2659 1179 2729 σιωπᾷν
1209 2654 1505 2727 ᾑρημένον.
1545 2654 1815 2721 Ἀφικνεί-

243 2773 327 2808 ut
363 2754 421 2808 δέ
467 2753 606 2824 πρὸς
660 2752 1120 2822 νεκυομαντείαν,
1164 2748 1344 2803 καίτοι
1396 2747 1521 2808 τοὺς
1561 2742 1810 2812 γνώστας

245 2846 296 2897 δέ
327 2863 470 2916 φημι
505 2845 630 2908 τοὺς
678 2844 959 2915 οἰομένους
1009 2843 1209 2897 εἰδέναι
1253 2839 1325 2895 τά
1375 2839 1630 2909 ἐσόμενα.
1683 2832 1819 2890 Εἷτά

245 2952 423 3006 φησιν·
463 2955 484 2988 ε
535 2935 800 3002 Ἀνάγαγέ
826 2952 914 3005 μοι
961 2934 1051 2988 τὸν
1093 2931 1376 3004 Σαμουὴλ,
1420 2949 1438 2982 ι
1472 2929 1571 3000 οὺχ
1610 2928 1688 2991 ὼς
1718 2927 1816 2998 τῆς

241 3029 446 3099 ἐπῳδῆς
473 3028 595 3098 ἦτοι
624 3028 723 3097 τῆς
753 3027 943 3098 μάγων
968 3026 1181 3096 τέχνης,
1212 3025 1312 3093 τὴν
1335 3023 1430 3077 τοῦ
1457 3023 1612 3090 ἀγίου
1637 3019 1814 3091 ψυχὴν

1789 1799 1894 1881 λΒ

1935 638 2196 694 Dominus
2217 639 2444 702 recessit
2473 655 2503 693 a
2544 649 2693 704 te,et
2723 641 2860 698 abiit
2884 641 2952 696 ad
2983 644 3290 711 proximum
3317 655 3471 701 tuum
3495 662 3510 699 :

1931 737 1989 784 et
2030 729 2159 786 fecit
2196 731 2294 786 tibi
2335 732 2600 789 Dominus
2663 733 2805 789 sicut
2855 735 3072 790 locutus
3121 747 3207 792 est
3251 737 3306 792 in
3346 755 3510 794 manu

1932 837 2085 888 mea;
2114 831 2170 876 et
2195 822 2470 884 discindet
2489 825 2754 880 Dominus
2777 841 3007 896 regnum
3043 826 3111 881 de
3137 843 3302 883 manu
3327 837 3440 892 tua,
3457 838 3514 882 et

1931 912 2084 967 dabit
2147 913 2280 968 illud
2315 916 2566 984 proximo
2611 927 2705 972 tuo
2743 917 2948 984 David;
3002 918 3266 988 quianon
3311 919 3509 974 audisti

1930 1018 2119 1058 vocem
2157 1005 2394 1071 Domini,
2433 1014 2491 1061 et
2515 1023 2625 1068 non
2668 1008 2909 1078 implesti
2949 1007 3085 1062 iram
3119 1008 3513 1080 indignationis

1929 1095 2048 1164 ejus
2086 1095 2142 1149 in
2180 1096 2402 1152 Amalec
2451 1116 2462 1151 :
2515 1109 2742 1168 prepter
2797 1099 2902 1155 hoc
2955 1100 3186 1154 verbum
3234 1099 3365 1154 fecit
3412 1099 3508 1154 tibi

1928 1187 2193 1242 Dominus
2215 1188 2271 1242 in
2296 1188 2386 1243 die
2403 1189 2526 1254 hac,
2554 1199 2612 1244 et
2637 1189 2815 1244 tradet
2843 1191 3107 1246 Dominus
3137 1191 3300 1245 lsrael
3329 1198 3506 1245 teeum

1928 1277 1983 1330 in
2008 1294 2202 1333 manus
2225 1279 2622 1352 allophylorum
2663 1300 2673 1334 :
2710 1288 2766 1336 et
2790 1297 2914 1336 cras
2940 1290 2996 1335 tu
3029 1293 3089 1338 et
3125 1282 3223 1336 filii
3271 1283 3357 1336 tui
3424 1291 3506 1336 tc—

1925 1384 2049 1424 cum
2077 1371 2292 1436 cadent,
2330 1381 2387 1426 et
2417 1384 2596 1428 castra
2633 1373 2802 1429 lsrael
2827 1373 2987 1429 dabit
3005 1375 3272 1429 Dominus
3309 1374 3365 1428 in
3387 1389 3498 1428 ma-

1925 1475 2030 1515 nus
2059 1461 2454 1533 allophylorum
2483 1465 2517 1516 '.
2546 1484 2561 1513 ι
2592 1464 2733 1518 Num
2787 1464 2955 1536 igitur
2985 1466 3215 1536 posthac
3247 1464 3504 1520 dubitare

1923 1558 2131 1628 poteris
2175 1558 2307 1629 quin
2339 1560 2468 1616 Saul
2491 1576 2586 1615 sua
2611 1563 2883 1618 sententia
2919 1562 3314 1618 condemnatus
3352 1570 3502 1615 exta'

1923 1648 2312 1717 buerit?Nam,
2345 1667 2469 1708 cum
2493 1668 2683 1708 eorum
2715 1653 2866 1709 vires
2910 1652 2976 1708 ad
3013 1651 3386 1724 pugnandum,
3410 1650 3501 1718 qui

1922 1741 2212 1796 adversum
2269 1759 2328 1798 se
2388 1745 2700 1815 congregati
2751 1744 3005 1808 fuerant,
3057 1743 3500 1813 pertimesceret,

1922 1833 2173 1902 quaesivit
2197 1849 2226 1888 a
2253 1835 2364 1889 Deo
2401 1836 2616 1891 discere
2641 1837 2772 1907 quid
2797 1847 3130 1892 eventurum
3167 1843 3314 1890 esset
3355 1851 3369 1886 :
3409 1834 3504 1887 illo

1919 1934 2101 1979 autem
2133 1932 2363 1990 tacente,
2392 1926 2458 1980 ad
2490 1928 2610 1998 ejus
2629 1928 2915 1994 offensam,
2944 1928 3038 1998 qui
3071 1938 3250 1983 tacere
3300 1935 3495 1982 statue-

1919 2026 2025 2082 rat,
2048 2019 2410 2073 convertitur.
2458 2019 2646 2089 Itaque
2674 2019 2742 2075 ad
2782 2018 3069 2074 mulierem
3114 2017 3502 2073 necromantiae

1919 2124 2139 2180 operam
2166 2109 2387 2164 dantem
2408 2111 2624 2181 pergit;
2660 2110 2972 2182 cognitores
2995 2118 3179 2165 autem
3220 2107 3364 2172 dico,
3405 2106 3501 2176 qui

1919 2218 1978 2258 se
2031 2201 2351 2257 existimant
2387 2202 2572 2258 futura
2627 2218 2981 2274 cognoscere.
3021 2201 3229 2257 Deinde
3268 2200 3447 2270 inquit
3486 2217 3498 2251 :

1928 2315 1944 2345 ι
1978 2295 2163 2348 Excita
2193 2294 2328 2348 mihi
2353 2293 2662 2350 Samuelem
2684 2335 2700 2357 ,
2725 2313 2742 2345 ›
2771 2309 2880 2348 non
2919 2291 3066 2363 quod
3104 2306 3170 2346 ea
3193 2289 3278 2344 vis
3300 2288 3498 2344 carmi-

1918 2401 2052 2440 num
2074 2385 2160 2439 vel
2197 2385 2419 2456 magica
2450 2386 2586 2440 artis
2622 2391 2770 2440 esset
2801 2395 2863 2438 ut
2918 2383 3100 2438 sancti.
3119 2381 3227 2435 viri
3262 2379 3501 2434 animam

1917 2494 2150 2536 evocare
2175 2485 2377 2548 posset,
2405 2475 2506 2530 sed
2537 2474 2685 2545 quod
2709 2488 2928 2542 semper
2953 2471 3268 2526 divinantes
3304 2467 3498 2537 hujus-

1918 2570 2065 2624 modi
2126 2585 2260 2625 voce
2287 2575 2533 2622 utantur.
2561 2563 2760 2618 Audivi
2783 2570 2968 2618 autem
2992 2576 3090 2616 eos
3124 2557 3356 2614 occultis
3373 2555 3500 2626 qui-

1932 2661 2165 2716 busdam
2196 2659 2385 2716 verbis
2433 2658 2642 2712 illicere
2679 2655 2986 2718 damonia;
3024 2661 3100 2717 et,
3126 2667 3268 2720 aqua
3307 2649 3499 2703 incan-

1922 2753 2108 2817 tanda,
2136 2753 2430 2808 simulacra
2452 2758 2507 2804 et
2530 2749 2773 2811 umbras,
2795 2755 2856 2802 et
2897 2754 3154 2814 tanquam
3178 2742 3234 2796 in
3274 2739 3500 2811 speculo

1921 2843 2126 2898 formas
2157 2842 2421 2913 quasdam
2441 2838 2770 2910 conspicari,
2805 2835 3094 2892 daemoniis
3115 2832 3377 2887 videlicet
3396 2847 3490 2886 eo-

1916 2954 2039 2994 rum
2073 2937 2275 3009 ﬁguras
2307 2945 2432 3007 apte
2469 2933 2822 3005 fingentibus,
2852 2931 2947 3000 qui
2971 2927 3191 2984 evocari
3213 2925 3492 2981 dicuntur.

1915 3031 2101 3101 Itaque
2122 3029 2275 3100 191
2290 3028 2429 3083 dixit
2443 3026 2682 3096 primum
2700 3024 2791 3077 illa
2817 3021 3015 3076 mulier
3037 3038 3049 3073 :
3070 3017 3244 3072 Video
3260 3017 3395 3072 deos
3409 3031 3494 3070 as-

242 3120 598 3190 παρενεγκεῖν
619 3117 944 3188 δυναμένης,
981 3116 1094 3171 ἀλλ’
1118 3116 1192 3179 ὼς
1215 3115 1304 3168 ἀεὶ
1335 3114 1444 3166 τῶν
1479 3109 1814 3182 μαντευομέ-

1921 3123 2214 3179 cendentes
2229 3129 2425 3177 eterra
2445 3121 2465 3152 ¹
2480 3137 2494 3186 ;
2510 3117 2736 3174 deinde:
2765 3135 2782 3165 ι
2804 3113 3043 3178 Etvidit,
3069 3132 3086 3163 ι
3107 3110 3307 3180 inquit,
3336 3129 3354 3159 ‹
3373 3123 3496 3165 mu-

241 3229 340 3265 νων
383 3214 447 3282 τῇ
499 3210 675 3280 τοιᾷδε
709 3207 1066 3279 κεχρημένων
1107 3208 1282 3276 φωνῇ·
1321 3202 1602 3274 ἐπυθόμην
1633 3200 1689 3253 δὲ
1728 3199 1810 3252 ὅτι

239 3303 408 3371 λόγοις
448 3303 598 3357 τισὶν
627 3301 956 3373 ἀπορρήτοις
999 3296 1494 3368 καταγοητεύοντες
1525 3294 1594 3348 τά
1624 3289 1812 3362 δαιμό-

239 3412 341 3457 νια,
372 3395 462 3450 καὶ
501 3393 654 3448 ὕδατι
693 3392 1108 3462 κατεπᾴδοντες,
1146 3389 1339 3444 εἴδωλα
1373 3388 1466 3442 καὶ
1505 3384 1686 3448 σκιὰς,
1718 3381 1811 3436 καὶ

237 3487 307 3552 ὡς
347 3488 402 3541 ὲν
449 3487 710 3557 ἐσόπτρῳ
757 3486 972 3559 μορφὰς
1016 3481 1388 3538 καταθεῶνταί
1436 3493 1628 3542 τινων,
1666 3472 1808 3543 τάχα

239 3596 333 3632 που
375 3578 482 3632 τῶν
536 3576 823 3649 δαιμονίων
880 3572 1411 3643 καταπλαττομένων
1465 3565 1696 3628 ἀστείως
1743 3562 1812 3615 τὰ

235 3668 337 3721 τῶν
381 3670 700 3740 λεγομένων
749 3666 1164 3738 ἀνακομιεῖσθαι
1211 3667 1486 3734 σχήματα.
1523 3660 1635 3715 Καὶ
1677 3658 1810 3724 γοῦν

236 3757 328 3830 ἔφη
357 3760 454 3830 μὲν
475 3763 546 3813 ὲν
575 3760 772 3831 ἀρχαῖς
792 3758 851 3812 τὸ
877 3757 1117 3826 γύναιον·
1152 3754 1293 3826 ’0ρῶ
1317 3755 1472 3817 θεοὺς
1494 3749 1812 3806 ἀναϐαίνον-

235 3866 325 3913 τας
349 3851 409 3903 ἐκ
435 3851 545 3920 τῆς
569 3849 694 3919 γῆς.
726 3845 861 3904 Εἶτα
886 3848 987 3920 μὲν
1015 3847 1191 3900 τοῦτο·
1230 3865 1249 3898 ι
1282 3846 1392 3899 Καὶ
1415 3840 1540 3908 εἶδε,
1575 3861 1593 3895 ι
1623 3842 1810 3913 φησὶν,

242 3963 258 3994 ι
284 3946 317 4016 ἡ
340 3948 474 4019 γυνὴ
511 3947 604 4001 τὸν
638 3945 910 4017 Σαμουήλ.
940 3963 954 3995 ι
984 3943 1303 4000 Χαλεπδνδὲ
1337 3942 1508 4006 οὐδὲν,
1535 3942 1593 3993 ἐν
1620 3937 1720 4009 ῐσῳ
1749 3955 1808 3992 τε

242 4035 326 4088 καὶ
377 4038 549 4108 ὁμοίῳ
607 4039 845 4107 σχήματι
891 4035 986 4090 τοῦ
1035 4034 1307 4106 μακαρίου
1347 4031 1599 4104 Σαμουὴλ
1649 4029 1807 4084 σκιάν

1915 3212 2018 3266 lier
2037 3210 2349 3267 Samuclem
2363 3208 2403 3261 ³.
2431 3227 2448 3258 ι
2472 3206 2618 3262 Nihil
2636 3221 2767 3259 vero
2781 3203 3040 3274 prohibet
3052 3200 3306 3254 umbram
3319 3197 3432 3252 visa
3441 3212 3491 3250 ιιι

1915 3300 2086 3356 fuisse
2129 3309 2293 3369 atque
2332 3298 2689 3353 simulacrum
2728 3293 2992 3364 persimili
3038 3293 3201 3346 beato
3249 3289 3490 3345 Samueli

1916 3393 2089 3463 ﬁgura
2111 3391 2506 3446 dmmoniorum
2532 3405 2698 3458 opera
2722 3386 3094 3442 eﬂ‘ormatum.
3117 3383 3274 3450 Quod
3299 3382 3346 3436 si
3369 3381 3494 3452 quis

1916 3491 2072 3554 putet
2095 3491 2378 3537 evocatam
2416 3496 2608 3535 revera
2640 3479 2808 3534 fuisse
2845 3477 3127 3548 prepheta:
3151 3475 3412 3539 animam,
3437 3483 3493 3529 et

1919 3573 2168 3628 mulieris
2189 3573 2374 3628 verbis
2413 3570 2672 3625 tribuerit
2695 3569 3020 3634 veritatem;
3045 3582 3200 3637 ergo,
3230 3565 3360 3636 quia
3402 3580 3494 3620 ea-

1914 3665 2042 3720 dem
2065 3664 2205 3720 dixit
2225 3665 2358 3720 deos
2386 3679 2418 3718 e
2452 3670 2598 3718 terra
2630 3660 2990 3716 ascendentes
3030 3674 3090 3714 se
3113 3657 3339 3721 vidisse,
3381 3672 3490 3710 non

1917 3755 2199 3814 divinandi
2249 3753 2640 3810 consuetudini
2701 3752 2974 3808 condonet
3010 3750 3334 3814 falsitatem;
3394 3749 3488 3802 sed

1913 3864 2106 3903 revera
2145 3848 2278 3904 deos
2313 3863 2434 3904 esse
2478 3854 2630 3916 putet
2667 3845 2934 3916 quosdam
2958 3841 3228 3916 ejusmodi
3249 3840 3488 3904 ordinis,

1909 3940 2007 4010 qui
2024 3941 2292 3995 exsistant
2312 3955 2342 3994 c
2364 3949 2506 3994 terra
2527 3955 2677 4005 ;cum
2691 3939 2783 3994 ille
2799 3938 2893 4008 qui
2909 3936 3211 3993 secundum
3234 3941 3364 3990 natu
3376 3949 3491 3990 ram

1913 4030 2058 4085 Deus
2079 4040 2184 4095 est,
2212 4046 2356 4086 unus
2381 4030 2455 4085 sit
2476 4045 2539 4085 ac
2563 4030 2734 4084 solus.

241 4129 457 4200 ὀφθῆναι
517 4131 620 4185 καὶ
664 4131 910 4195 εἴδωλον,
969 4131 1034 4184 ἐκ
1081 4128 1463 4200 δαιμονιώδους
1513 4124 1796 4198 ἐνεργείας
1839 4126 2297 4196 μεμορφωμένον.
2372 4124 2546 4194 Εἴπερ
2588 4120 2684 4176 οὖν
2724 4121 2891 4175 οἴοιτό
2928 4137 3014 4182 τις
3076 4117 3487 4187 ἀνακεκλῆσθαι

241 4224 368 4278 κατὰ
399 4225 456 4278 τὸ
491 4225 694 4294 ἀληθὲς
731 4223 831 4294 τὴν
863 4221 954 4276 τοῦ
1023 4223 1301 4291 προφήτου
1341 4219 1538 4290 ψυχὴν,
1587 4217 1682 4271 καὶ
1721 4219 1833 4277 τοῖς
1870 4215 1965 4268 τοῦ
2008 4218 2232 4283 γυναίου
2279 4215 2461 4283 λόγοις
2505 4213 2882 4282 ἐπιψηφιεῖται
2921 4210 2984 4262 τὸ
3046 4209 3269 4278 ἀληθὲς,
3299 4207 3486 4276 ἐπειδὴ

241 4315 327 4367 καὶ
368 4316 522 4382 θεοὺς
555 4315 946 4377 ἀναϐαίνοντας
1009 4312 1116 4366 ἀπὸ
1171 4315 1272 4382 τῆς
1331 4311 1437 4381 γῆς
1475 4310 1763 4364 τεθεᾶσθαι
1791 4327 1977 4380 φησιν,
2019 4309 2113 4362 καὶ
2143 4307 2258 4368 τοῖς
2289 4305 2387 4373 τῆς
2418 4302 2678 4372 μαντείας
2703 4301 2849 4353 ἔθεσι
2883 4299 3190 4369 χαριζέσθω
3227 4298 3289 4351 τὺ
3351 4295 3487 4366 ψεῦ-

240 4407 338 4470 δος,
362 4409 474 4461 ἀλλ’
505 4407 704 4462 οἰέσθω
727 4407 869 4461 κατά
895 4406 1152 4477 ἀλήθειαν
1183 4405 1276 4458 καὶ
1299 4404 1455 4467 θεοὺς
1481 4398 1620 4456 εἷναί
1641 4418 1792 4465 τινας
1827 4400 1928 4470 τῆς
1965 4395 2220 4466 τοιαύτης
2257 4393 2466 4458 τάξεως
2500 4394 2627 4455 τοὺς
2656 4390 2994 4461 ἀνασχόντας
3023 4388 3132 4442 ἀπὸ
3190 4389 3292 4460 τῆς
3358 4389 3484 4469 γῆς⁹

241 4500 406 4552 καίτοι
432 4501 571 4553 Θεοῦ
623 4500 765 4554 κατά
811 4499 975 4568 φύσιν
1011 4499 1162 4560 ὄντος
1220 4496 1337 4559 ἐνὸς
1367 4512 1426 4549 τε
1474 4495 1570 4548 καὶ
1618 4493 1802 4564 μόνου.

306 4598 508 4650 ΠᾹΛΛ.
540 4596 720 4664 Ἔφης
753 4594 850 4664 μὲν
877 4591 1075 4663 ὀρθῶς.
1093 4593 1238 4663 Ἑρεϊ
1261 4591 1318 4644 δὲ
1346 4587 1459 4654 οὖν,
1493 4585 1669 4661 οἶμαι,
1695 4587 1799 4651 τὶς,

1979 4579 2177 4636 PALL.
2219 4579 2314 4632 Est
2337 4575 2559 4646 quidem
2612 4582 2722 4630 ate
2753 4582 2902 4630 recte
2937 4574 3168 4630 dictum.
3211 4575 3485 4632 Craterum

241 4687 420 4740 Καίτοι
518 4687 818 4756 λελάληκεν
899 4683 1075 4754 ἀληθῆ
1160 4680 1644 4751 φιλοπευστοῦντος
1709 4677 1804 4732 τοῦ

241 4778 401 4828 Σαοὺλ
451 4778 708 4848 ἐσόμενα.
777 4776 850 4829 Ού
920 4774 1112 4845 μικρὸς
1158 4773 1215 4826 δὲ
1263 4774 1394 4842 ἡμῖν
1442 4770 1807 4837 δεδαπάνηται

239 4864 385 4932 λόγος
417 4869 742 4939 ἀπελέγχων
780 4868 862 4921 ὅτι
905 4868 1005 4920 οὐκ
1043 4867 1101 4918 ἐν
1135 4863 1467 4936 ἀκαθάρτοις
1499 4860 1806 4931 πνεύμασιν

239 4955 269 5023 ἡ
292 4957 538 5030 ἀλήθεια.

307 5131 469 5186 ΚΥΡ.
505 5135 582 5188 Ού
627 5136 734 5207 γάρ
778 5131 892 5190 οὖν.
960 5135 1326 5204 Ἀνάρμοστον
1363 5131 1470 5202 γὰρ
1524 5130 1713 5202 χρῆμά
1757 5147 1808 5182 τι

243 5223 331 5275 καὶ
352 5226 662 5296 ἀωμφυές,
699 5227 813 5296 φῶς
842 5229 937 5281 καὶ
965 5227 1178 5291 σκότος,
1210 5225 1442 5296 Χριστὸς
1471 5224 1564 5276 καὶ
1596 5221 1806 5276 Βελιάλ-

241 5317 345 5379 τοῖς
375 5335 438 5384 γε
467 5319 578 5389 μὴν
615 5321 1011 5392 παροτρύνουσι
1042 5320 1136 5374 καὶ
1179 5317 1510 5372 καταλυπεῖν
1537 5316 1807 5379 εἰωθόσιν,

242 5404 613 5463 ἀποκαλύπτει
655 5412 819 5476 Θεὸς,
861 5413 956 5466 καὶ
979 5413 1044 5464 δι’
1073 5405 1146 5465 ὧν
1173 5411 1374 5479 ἥκιστα
1418 5407 1524 5479 χρὴ
1556 5407 1668 5460 ἔσθ’
1699 5408 1806 5471 ὅτε,

243 5495 304 5546 τά
330 5497 566 5566 ἐσόμενα
585 5539 600 5562 ,
637 5501 976 5572 ἐνηχούντων
1003 5499 1148 5554 κατὰ
1179 5500 1240 5552 τὸ
1273 5497 1418 5560 εἰκὸς
1445 5497 1616 5564 ἁγίων
1649 5497 1812 5563 ἀγγέ-

309 5630 321 5658 ¹
350 5631 366 5682 1
394 5633 527 5690 Βοεῐ.
569 5650 751 5698 xxwu,
788 5635 935 5688 3-19.
1012 5638 1030 5666 ²
1053 5635 1072 5687 l
1097 5635 1229 5703 Reg.
1260 5647 1442 5692 xxvm,
1473 5631 1555 5684 15.

1911 4673 2058 4728 dicet
2101 4671 2332 4725 fortasse
2378 4667 2650 4738 quispiam
2687 4685 2699 4721 :
2733 4667 2898 4739 Atqui
2945 4683 3075 4723 vera
3125 4667 3284 4734 dixit,
3324 4669 3486 4724 Sanle

1910 4780 2035 4834 quae
2061 4763 2246 4818 futura
2270 4768 2452 4816 essent
2493 4759 2825 4815 sciscitante.
2851 4760 2971 4815 Non
2993 4767 3077 4814 est
3098 4767 3282 4814 autem
3321 4776 3350 4814 a
3390 4776 3486 4815 no-

1913 4856 2000 4912 bis
2022 4855 2216 4925 exigua
2239 4854 2507 4909 orationis
2530 4867 2656 4923 pars
2679 4852 2735 4907 in
2767 4867 2835 4907 eo
2861 4857 3183 4919 consumpta
3206 4859 3268 4904 ut
3291 4852 3496 4921 proha-

1915 4963 2102 5003 remus
2169 4961 2281 5002 non
2340 4947 2522 5001 inesse
2564 4945 2620 4999 in
2665 4943 2900 5014 impuris
2947 4941 3236 5012 spiritibus
3285 4944 3488 4998 verita-

1915 5047 2047 5093 tem.

1983 5132 2140 5187 CYR.
2189 5131 2328 5195 Non,
2373 5131 2616 5200 inquam.
2643 5129 2832 5198 Neque
2855 5130 3003 5184 enim
3043 5129 3296 5199 componi
3322 5139 3482 5197 atque

1911 5223 2285 5294 coagmentari
2311 5221 2473 5276 simul
2497 5229 2730 5290 possunt
2752 5221 2846 5274 lux
2862 5230 2920 5277 et
2947 5222 3205 5286 tenebrae,
3231 5220 3485 5276 Christus

1911 5325 1969 5370 et
1997 5315 2162 5369 Belial
2191 5331 2204 5367 :
2231 5329 2420 5368 verum
2449 5313 2794 5368 irritantibus
2817 5329 2879 5369 ac
2911 5330 3052 5385 saepe
3077 5310 3484 5368 oﬂfendentibus

1915 5408 2123 5461 revelat
2147 5405 2332 5458 futura
2357 5406 2522 5468 Deus,
2550 5404 2823 5459 interdum
2849 5407 3013 5461 ctiam
3037 5419 3133 5473 per
3155 5416 3292 5472 quos
3317 5401 3480 5454 mini-

1919 5514 2002 5551 me
2029 5495 2308 5559 convenit,
2351 5494 2734 5551 i'nsonanlibus
2762 5495 3004 5550 humano
3037 5493 3222 5548 animo
3279 5490 3488 5545 sanctis

1633 5631 1653 5661 ³
1678 5630 1811 5683 ibid.
1855 5631 1933 5683 l2.

305 5744 379 5813 (I)
433 5745 570 5797 (loti.
636 5749 775 5813 νια,,
811 5749 1182 5818 ἐκτετίμηκεν.
1233 5750 1398 5803 Paulo
1452 5748 1586 5800 inita
1642 5748 1813 5801 utitur

1925 5747 2020 5800 ὡς)
2052 5745 2328 5804 τήκεσθαι.
