3966 6298
434 302 536 363 ιὸθ

430 413 647 487 angelis
674 426 744 467 ea
767 423 910 480 qua},
949 406 998 462 si
1024 406 1061 460 ii
1102 402 1400 460 didicerint
1437 405 1534 474 qui
1578 390 1797 460 curiose
1823 405 2015 461 scisci-

434 517 665 572 tantur,-
690 500 991 560 admodum
1028 498 1411 563 iutabeseent;
1463 511 1637 566 eaque
1675 495 2014 567 praenotione
2040 506 2060 522 ‘

435 599 604 655 veluti
623 593 952 668 quibusdam
971 591 1068 646 iraa
1087 605 1152 645 ac
1164 604 1457 661 pmnarum
1481 588 1587 649 sibi
1606 588 2015 644 imminentium

436 689 696 763 primitiis
728 684 1151 758 torquebuntur.
1200 682 1261 737 ln
1302 680 1510 736 sanctis
1541 680 1692 735 enim
1732 680 2017 752 prophetis

436 783 700 846 insident,
747 778 941 848 eisque
1000 773 1484 832 communicantur
1536 772 1862 842 plerumque
1906 787 2017 827 non

435 874 614 930 tristia
661 871 863 935 solum,
903 875 963 924 et
997 866 1200 938 quibus
1238 878 1475 920 interere
1495 870 1553 919 et
1576 864 1633 917 in
1656 864 1810 919 luctu
1833 865 2017 935 jacere

435 962 708 1035 quispiam
749 958 955 1032 possit;
998 956 1096 1012 sed
1126 955 1296 1010 etiam
1335 967 1685 1024 quaecunque
1738 953 2019 1008 nonnullis

437 1054 641 1111 laetitiae
660 1060 717 1107 et
733 1047 1066 1123 iucunditati
1091 1046 1276 1102 futura
1301 1052 1433 1101 sunt
1462 1062 1475 1098 :
1505 1042 1691 1115 impiis
1727 1054 1910 1099 autem
1954 1060 2019 1100 ac

438 1145 666 1203 nefariis
687 1143 1088 1200 divinationum
1107 1138 1369 1196 studiosis
1397 1137 1545 1193 Deus
1575 1137 1717 1193 mala
1737 1152 1861 1208 quae
1884 1137 2018 1209 ipsis

438 1243 702 1293 eventura
725 1242 855 1291 sunt
877 1232 1073 1304 aperit.

510 1324 708 1382 PALL.
754 1322 1040 1391 Quomodo
1079 1328 1284 1385 autem,
1335 1324 1431 1374 aut
1454 1316 1600 1373 unde
1637 1316 1753 1372 haec
1797 1315 2018 1387 probari

443 1426 703 1489 poterunt
717 1417 740 1472 ?

506 1509 666 1567 CYR.
720 1507 803 1564 Ab
824 1506 961 1578 ipsis
980 1505 1210 1561 Litteris
1257 1505 1616 1572 sacris;nam
1664 1516 1788 1574 qum
1825 1501 2022 1574 priscis

439 1602 563 1670 illis,
590 1599 908 1657 hominibus
936 1597 1289 1664 acciderunt,
1328 1596 1533 1668 scripta
1586 1604 1713 1651 sunt
1749 1603 1808 1650 ut
1849 1593 2022 1666 ﬁgura

440 1695 604 1751 nobis
617 1702 823 1759 essent,
847 1700 904 1748 et
926 1690 1244 1761 modusque
1264 1689 1491 1761 mystice
1515 1688 1912 1743 imbueremur.
1936 1685 2022 1741 An

1461 294 1518 349 S.
1558 293 1832 350 CYRILLI
1873 295 2346 353 ALEXANDRINI
2386 295 2699 352 ARCHIEP.

2116 405 2227 461 λων
2276 407 2356 470 εἰς
2398 404 2737 478 ἀνθρώπινον
2789 403 2949 469 νοῦν,
2998 405 3143 476 άπερ
3182 405 3249 461 ἂν
3288 408 3337 459 εἰ
3381 407 3606 479 μάθοιεν
3645 415 3701 467 οἱ

2118 497 2495 567 φιλοπευστεϊν
2536 496 2836 569 ⁴ᾑρημένοι,
2887 498 3361 568 καταταχήσονται
3414 499 3568 568 λίαν,
3599 504 3701 558 καὶ

2116 587 2371 661 ἀπαρχὴν
2399 590 2589 660 ὥσπερ
2608 586 2730 640 τινὰ.
2756 586 2858 657 τῆς
2890 586 3072 656 σφίσιν
3106 587 3503 660 ὲπηρτημένης
3529 592 3705 664 ὀργῆς

2117 697 2175 735 τε
2198 681 2293 734 καὶ
2316 680 2473 749 δίκης
2501 677 2834 750 ὑπομένουσι
2860 678 2961 749 τὴν
2990 678 3325 749 πρόγνωσιν.
3364 677 3567 748 Ἀγίοις
3599 683 3702 751 μὲν

2117 771 2228 843 γὰρ
2278 772 2589 842 προφήταις
2653 768 3097 835 ὲπαναπαύεται,
3150 771 3248 824 καὶ
3311 770 3702 826 ἀνακοινοῦται

2119 863 2406 930 πολλάκις,
2428 862 2548 934 οὐχὶ
2581 861 2646 934 δὴ
2677 861 2814 933 μόνα
2839 862 2908 915 τὰ
2939 860 3259 932 σκυθρωπὰ,
3289 863 3384 915 καὶ
3402 857 3602 935 οἷσπερ
3634 865 3702 918 ἄν

2116 971 2204 1018 τις
2251 954 2655 1023 ὲπιστυγνάσας
2693 952 2912 1008 καθίσει
2958 950 3244 1024 δακρύων,
3272 950 3410 1007 ἀλλὰ
3457 954 3552 1006 καὶ
3598 955 3701 1008 ὅσα

2120 1045 2256 1117 πρὸς
2293 1044 2556 1116 εὐθυμίας
2597 1044 2690 1099 καὶ
2736 1043 3040 1115 εὐημερίας
3073 1042 3226 1097 ἔσται
3268 1042 3432 1097 τισίνο
3464 1044 3703 1109 ἀνοσίοις

2118 1135 2176 1190 δὲ
2204 1136 2298 1190 καὶ
2340 1135 2717 1205 ὲναγεστάτοις
2750 1134 3138 1206 φιλομάντεσι,
3175 1132 3246 1187 τὰ
3289 1135 3472 1204 σφίσιν
3513 1137 3697 1200 αὐτοῖς

2120 1228 2352 1300 ἐσόμενα
2380 1226 2766 1282 διεκκαλύπτει
2798 1228 2965 1282 κακά.

2189 1320 2400 1374 ΠΑΛΛ.
2428 1319 2541 1374 Καὶ
2562 1319 2647 1383 τίς
2675 1320 2707 1391 ἢ
2744 1318 2909 1373 πόθεν
2942 1318 3008 1373 ἂν
3032 1317 3242 1388 γένοιτο
3267 1317 3474 1373 τούτων
3496 1320 3631 1391 ήμῖν
3662 1322 3696 1391 ή

2120 1412 2302 1477 πίστις
2326 1430 2342 1480 ;

2191 1505 2358 1559 ΚΥΡ.
2407 1505 2543 1559 Ἀπό
2573 1521 2639 1575 γε
2671 1503 2781 1559 τῶν
2808 1502 2969 1576 ἱερῶν
2992 1504 3361 1576 Γραμμάτων·
3386 1505 3557 1570 τύπος
3593 1504 3700 1577 γὰρ

2120 1598 2256 1669 ἡμῖν
2300 1596 2398 1651 καί
2440 1596 2833 1669 μυσταγωγίας
2871 1596 3158 1667 ἀνεγράφη
3207 1596 3439 1668 τρόπος,
3478 1598 3549 1650 τὰ
3590 1599 3701 1660 τοῖς

2122 1689 2498 1761 ἀρχαιοτέροις
2539 1687 2944 1759 συμϐεϐηκότα.
2989 1687 3057 1741 Ἢ
3091 1687 3202 1758 γὰρ
3245 1688 3349 1740 οὐκ
3392 1682 3580 1754 οῐσθα,
3622 1688 3701 1741 ὅτι

443 1794 663 1857 ignoras
683 1784 845 1840 Balac
872 1782 1051 1865 ﬁlium
1091 1781 1325 1851 Sephor,
1368 1781 1523 1835 illum
1561 1778 1924 1834 Moabitarum
1965 1784 2023 1833 et

2136 1781 2310 1836 Βαλὰκ
2345 1782 2374 1835 6
2400 1780 2495 1835 τοῦ
2524 1779 2785 1851 Σεπφὼρ,
2831 1782 2861 1834 6
2898 1778 3210 1835 Μωαϐιτῶν
3237 1779 3327 1865 καί
3350 1778 3703 1850 Μαδιηναίων

444 1878 865 1935 Madianitarum
914 1883 1227 1948 tyrannum,
1266 1879 1394 1929 'cum
1439 1871 1638 1928 fortem
1677 1879 1734 1926 et
1768 1870 2028 1927 invictam

444 1968 665 2027 lsraelis
718 1965 1136 2023 multitudinem
1188 1964 1625 2036 pertimesceret,
1671 1978 1735 2018 ac
1768 1960 1924 2018 brevi
1970 1977 2030 2017 se

443 2075 572 2115 cum
622 2058 840 2116 caeteris
891 2056 1149 2130 gentibus
1195 2055 1359 2111 simul
1395 2054 1702 2126 periturum
1747 2052 2029 2109 existima-

445 2157 546 2216 ret,
588 2150 843 2207 mercede
867 2158 1026 2220 pacta
1047 2147 1374 2204 conduxisse
1395 2146 1646 2203 Balaam?
1676 2164 1696 2198 ι
1723 2145 1880 2211 Veni,
1903 2164 1921 2197 ι
1943 2144 2031 2199 in-

443 2242 582 2312 quit,
627 2261 645 2294 ‹
673 2250 729 2297 et
749 2240 983 2296 maledic
1007 2240 1214 2297 Israeli.
1240 2238 1489 2310 Cumque
1509 2238 1789 2294 venissent
1807 2235 1989 2292 nuntii
2015 2253 2028 2288 :

442 2334 828 2400 Diversamini,
853 2353 871 2386 ι
900 2333 1097 2403 inquit,
1124 2351 1142 2384 ι
1164 2332 1253 2387 hic
1269 2339 1430 2387 nocte
1448 2332 1583 2398 hac;
1611 2338 1669 2385 et
1690 2327 2035 2400 respondebo

443 2426 603 2482 vobis
626 2427 893 2497 quidquid
914 2426 1115 2481 dixerit
1129 2425 1394 2481 Dominus
1416 2423 1482 2480 ad
1501 2439 1588 2480 me
1604 2423 1644 2478 δ.
1658 2444 1676 2475 ι
1703 2422 1861 2493 192
1872 2422 2039 2477 Cum-

444 2531 553 2586 que
587 2516 782 2588 frigida
813 2525 871 2573 et
907 2532 939 2572 a
969 2515 1253 2573 daemoniis
1288 2514 1532 2570 immissa
1580 2514 1794 2569 somnia
1827 2526 2039 2583 quaere-

445 2617 550 2675 ret,
576 2619 631 2664 et
652 2625 773 2680 qua:
788 2626 853 2666 ex
879 2609 1215 2665 carminibus
1234 2617 1290 2662 et
1304 2607 1527 2679 magicis
1558 2606 1768 2662 artibus
1783 2606 1890 2662 sibi
1909 2621 2040 2662 con-

445 2702 656 2768 tingere
678 2700 948 2765 solebant,
1008 2705 1304 2769 separaret,
1350 2697 1642 2753 Dominum
1680 2696 1818 2752 dixit
1850 2712 2038 2753 secum

445 2779 763 2846 locuturum
789 2809 802 2844 :
827 2791 1000 2845 Deum
1022 2790 1169 2845 enim
1193 2805 1252 2845 se
1291 2788 1483 2845 audire
1506 2789 1813 2846 simulabat.
1840 2789 2041 2858 Quam-

446 2882 533 2936 vis
553 2890 741 2937 autem
766 2896 935 2937 sacrae
960 2880 1183 2939 Littera:
1207 2881 1487 2937 consuetis
1504 2881 1910 2937 incantatorum
1940 2898 2038 2938 vo-

447 2974 608 3029 cibus
633 2982 880 3039 utantur,
913 2989 1023 3029 non
1053 2981 1236 3030 tamen
1282 2974 1563 3045 sapienter
1591 2975 2038 3031 existimabimus

446 3080 575 3120 eum
603 3065 698 3136 qui
730 3074 926 3121 natura
975 3075 1033 3122 et
1077 3081 1211 3122 vere
1241 3067 1388 3122 Deus
1420 3076 1525 3132 est,
1557 3067 1710 3121 velut
1742 3082 1810 3121 ex
1851 3066 2037 3121 chari-

2128 1873 2413 1945 τύραννος,
2437 1871 2536 1945 τὴν
2565 1869 3008 1940 ἁκαταγώνιστόν
3040 1888 3100 1923 τε
3133 1870 3229 1924 καὶ
3262 1854 3569 1941 ἄθραυστον
3608 1869 3701 1923 τοῦ

2143 1966 2360 2039 Ἰσραὴλ
2383 1964 2808 2038 κατορρωδήσας
2836 1962 3077 2035 πληθὺν,
3103 1963 3199 2017 καὶ
3235 1961 3435 2015 αὐτίκα
3460 1961 3526 2033 δὴ
3559 1961 3705 2032 μάλα

2131 2059 2246 2123 τοῖς
2274 2057 2481 2130 ἑτέροις
2506 2056 2683 2111 ἔθνεσι
2709 2053 3116 2109 συνδιόλλυσθαι
3143 2051 3546 2117 πεπιστευκὼς,
3575 2070 3705 2107 κατ-

2134 2150 2422 2221 εμισθοῦτο
2445 2149 2536 2204 τὸν
2559 2148 2790 2220 Βαλαάμ
2814 2165 2829 2213 ;
2854 2166 2874 2199 ι
2896 2146 3065 2217 Δεῦρο
3091 2145 3176 2217 δή,
3196 2165 3215 2199 ι
3235 2145 3430 2215 λέγων,
3453 2164 3471 2197 ι
3490 2145 3704 2215 ἐπάρα-

2136 2241 2226 2295 σαί
2251 2259 2339 2313 μοι
2370 2242 2464 2295 τὸν
2496 2240 2729 2313 Ἰσραήλ.
2747 2237 2965 2310 Ἐπειδὴ
2984 2237 3042 2291 δὲ
3062 2231 3196 2308 ἧκον
3219 2238 3267 2291 οἰ
3296 2235 3574 2307 πρέσϐεις·
3595 2236 3705 2290 Κα-

2133 2336 2402 2390 ταλύσατε
2431 2335 2617 2402 αὐτοῦ,
2646 2353 2664 2387 ι
2692 2334 2848 2405 φησὶ,
2889 2352 2909 2385 ι
2928 2334 3027 2404 τὴν
3048 2332 3218 2386 νύκτα
3239 2372 3254 2398 ,
3283 2331 3379 2385 καὶ
3401 2330 3709 2402 άποκριθήτ

2139 2446 2303 2501 σομαι
2331 2420 2459 2500 ὑμῖν
2486 2430 2718 2500 πρᾶγμα
2753 2426 2782 2479 ὃ
2804 2425 2898 2480 ἐὰν
2928 2424 3140 2497 λαλήσῃ
3167 2424 3370 2494 Κύριος
3402 2425 3540 2497 πρός
3566 2442 3657 2495 με.
3683 2443 3703 2476 ι

2149 2520 2454 2593 Ὀνειράτια
2486 2519 2543 2573 δὲ
2569 2517 2754 2591 ψυχρὰ
2785 2518 2881 2572 καὶ
2910 2517 3239 2589 δαιμονιώδη
3272 2515 3451 2588 ζητῶν
3472 2560 3488 2585 ,
3520 2517 3615 2571 καὶ
3647 2518 3707 2585 ἐξ

2139 2614 2352 2685 ἐπῳδῆς
2372 2611 2512 2684 τάχα
2537 2628 2641 2665 που
2670 2611 2763 2665 καὶ
2791 2611 3129 2682 μαγγανείας
3158 2609 3307 2680 αύτῷ
3341 2610 3711 2681 συμϐαίνοντα

2138 2703 2479 2776 προσδοκῶν,
2521 2703 2728 2775 Κύριον
2774 2702 2878 2772 ἔφη
2912 2700 3166 2772 λαλήσειν
3199 2700 3366 2772 αὐτῷ·
3404 2699 3713 2755 Baculus-etv

2139 2798 2248 2867 γὰρ
2307 2795 2631 2867 ἐσκήπτετο.
2680 2793 2822 2848 Ἀλλ’
2876 2794 2924 2847 εἰ
2981 2792 3077 2847 καὶ
3119 2794 3241 2856 ταῖς
3294 2791 3552 2864 συνήθεσι
3606 2790 3712 2846 τῶν

2141 2888 2351 2959 γοήτων
2377 2890 2582 2959 φωναῖς
2620 2886 2680 2940 τὸ
2710 2885 2952 2957 Γράμμα
2979 2885 3178 2957 χρῆται
3209 2884 3271 2938 τὸ
3305 2884 3448 2956 ἱερὸν
3468 2928 3484 2953 ,
3510 2884 3613 2938 οῦκ
3637 2884 3704 2938 ἂν

2139 2977 2457 3049 οἰηθείημεν
2503 2975 2679 3048 ὀρθῶς
2722 2975 3078 3048 φρονοῦντες,
3121 2975 3256 3029 Θεὸν
3290 2975 3382 3029 τὸν
3416 2976 3579 3045 φύσει
3620 2976 3715 3030 καὶ

2142 3066 2361 3138 ἀληθῶς
2385 3068 2506 3131 ταῖς
2532 3066 2773 3137 βεϐήλων
2805 3065 3215 3137 ἐνιέναιψυχαίς
3245 3065 3321 3129 ὡς
3342 3065 3399 3132 ἐξ
3415 3065 3638 3135 ἀγάπης
3651 3065 3715 3119 τὸ

449 3163 559 3211 tate
583 3154 937 3228 profanorum
961 3156 1247 3211 hominum
1277 3156 1479 3211 animis
1509 3157 1807 3211 immittere
1827 3148 2030 3211 verita-'-

2136 3157 2462 3231 άληθὲς,καί
2484 3158 2638 3229 ἀνδρὶ
2659 3156 2903 3237 μυσαρῷ
2930 3158 3025 3211 καὶ
3051 3158 3210 3229 γόητι
3238 3157 3715 3230 καίεἰδωλολάτρῃ

451 3253 580 3312 tem,
622 3252 680 3301 et
723 3261 851 3301 cum
876 3246 1100 3302 homine
1154 3246 1606 3313 sceleratissimo,
1650 3256 1707 3303 et
1751 3261 1931 3318 mago,
1974 3257 2031 3303 et

449 3337 611 3394 idolis
626 3337 813 3395 dedito
836 3338 1510 3411 colloqui.Verumtamen,
1535 3359 1553 3391 ι
1576 3339 1760 3407 Venit,
1788 3359 1806 3393 ι
1830 3340 2028 3412 inquit,

457 3448 476 3481 ι
514 3430 660 3486 Deus
681 3430 751 3486 ad
773 3431 1014 3497 Balaam,
1054 3440 1112 3488 et
1141 3431 1280 3488 dixit
1318 3432 1399 3487 illi
1431 3473 1442 3486 .
1475 3430 1622 3498 Quid
1648 3431 1901 3488 homines
1938 3432 2030 3488 isti

448 3536 618 3592 penes
642 3530 694 3580 te
717 3523 778 3577 '?
803 3544 822 3576 ι
853 3523 1042 3595 quue
1061 3538 1281 3581 causam
1327 3525 1597 3580 adventus
1639 3540 1833 3580 eorum
1858 3540 2030 3595 expo-

449 3626 617 3671 nente
644 3634 658 3670 :
691 3634 711 3667 ι
742 3614 908 3681 Dixit,
934 3634 954 3667 ι
976 3615 1176 3685 inquit,
1195 3635 1215 3666 ι
1243 3616 1510 3672 Dominus
1532 3616 1751 3673 Balaam
1781 3636 1794 3671 :
1820 3618 1900 3673 Ne
1938 3632 2033 3671 eas

450 3717 578 3757 cum
599 3703 730 3768 illis,
757 3718 939 3773 neque
960 3703 1261 3759 maledicas
1282 3706 1487 3775 populo
1513 3724 1526 3759 :
1554 3713 1640 3767 est
1676 3706 1825 3762 enim
1861 3707 2032 3762 bene-

451 3792 636 3848 dictus
649 3794 691 3846 ⁸.
725 3812 743 3845 ι
772 3792 912 3848 Ecce
933 3794 1046 3863 jam
1069 3802 1257 3864 aperte
1306 3794 1500 3852 beatus
1535 3796 1764 3868 angelus
1802 3813 1871 3855 ex
1901 3813 2030 3868 per-

453 3898 586 3938 sona
615 3883 713 3938 Dei
741 3882 1092 3953 deceptorem
1136 3884 1290 3940 illum
1332 3894 1495 3956 atque
1548 3898 1871 3959 nugatorem
1911 3904 2029 3944 ma-

454 3989 585 4041 gum
608 3975 829 4040 avertit,
881 3990 952 4030 ne
975 3975 1303 4033 maledicere
1327 3977 1527 4034 audeat
1545 3979 1624 4033 illi
1658 3980 1750 4050 qui
1776 3980 1902 4036 sita
1920 3980 2033 4036 Deo

458 4064 798 4131 benedictus,
823 4080 1004 4136 neque
1020 4065 1222 4123 divinis
1244 4068 1484 4125 decretis
1522 4078 1761 4141 opponat
1803 4070 2031 4126 humani

459 4153 797 4226 infelicisque
821 4156 1038 4212 consilii
1063 4166 1415 4214 commenta:
1456 4175 1567 4215 non
1591 4160 1741 4231 quod
1786 4161 1876 4217 illa
1917 4176 2031 4216 ma-

456 4249 680 4305 ledictio
709 4247 926 4307 ofﬁcere
958 4249 1166 4321 aliquid
1199 4262 1417 4322 posset;
1471 4254 1568 4309 sed
1615 4263 1676 4310 ut
1725 4261 1914 4325 aperte
1967 4269 2030 4310 ac

458 4339 766 4406 manifeste,
795 4341 892 4411 qui
916 4341 973 4396 in
1006 4341 1322 4414 huiusmodi
1369 4358 1522 4414 spem
1557 4345 1721 4400 stulte
1761 4344 2033 4401 adductus

454 4438 621 4496 esset,
667 4445 767 4501 per
797 4430 954 4485 illum
992 4447 1213 4503 quoque
1267 4434 1469 4488 certior
1528 4433 1706 4501 ﬁeret,
1748 4451 2031 4507 nunquam

2137 3249 2480 3323 προσλαλεῖν.
2510 3250 2679 3324 Πλὴν,
2715 3268 2735 3303 ι
2769 3246 2963 3315 Ἦλθε,
3004 3269 3022 3301 ι
3051 3250 3238 3320 φησὶν,
3273 3269 3292 3302 ι
3323 3251 3352 3303 6
3382 3249 3518 3314 Θεὸς
3569 3249 3709 3321 πρὸς

2138 3343 2388 3414 Βαλαὰμ,
2414 3343 2509 3398 καί
2532 3340 2684 3399 εἶπεν
2714 3343 2883 3416 αὐτῷ’
2911 3344 2979 3397 Τί
3005 3345 3055 3399 οἰ
3082 3343 3357 3416 ἄνθρωποι
3386 3339 3534 3399 οῦτοι
3566 3344 3718 3415 παρὰ

2139 3435 2250 3500 σοίς
2279 3455 2297 3487 ι
2324 3434 2433 3489 Τοῦ
2466 3435 2525 3490 δὲ
2553 3435 2653 3505 τῆς
2682 3434 2920 3505 ἀφίξεως
2941 3434 3038 3507 τὴν
3069 3434 3250 3489 αἰτίαν
3277 3433 3713 3504 ἀπηγγελκότος,

2148 3546 2166 3579 ‹
2202 3522 2360 3592 Εἷπε,
2399 3545 2417 3579 ι
2460 3526 2647 3599 φησὶν,
2678 3545 2697 3578 ι
2734 3528 2762 3580 6
2788 3525 2920 3590 Θεὸς
2941 3527 3078 3599 πρὸς
3095 3526 3343 3596 Βαλαάμ·
3375 3526 3449 3579 Ού
3473 3525 3718 3599 πορεύσῃ

2141 3621 2256 3691 μετ’
2293 3618 2494 3684 αὐτῶν,
2534 3618 2643 3672 οὐδ’
2671 3618 2731 3673 οὐ
2766 3617 2840 3690 μὴ
2862 3618 3146 3690 καταρὰσῃ
3171 3618 3263 3672 τὸν
3280 3617 3431 3672 λαόν*
3464 3617 3715 3688 ἔστιγὰρ
3786 3626 3793 3631 “

2140 3710 2336 3784 εύλογη
2347 3712 2526 3784 μένος.
2544 3731 2564 3765 ι
2583 3711 2715 3766 Ἰδοὺ
2733 3711 2798 3784 δὴ
2817 3711 3002 3782 σαφῶς
3023 3713 3087 3764 ἐκ
3110 3709 3402 3782 προσώπου
3437 3709 3535 3765 τοῦ
3553 3708 3713 3775 Θεοῦ,

2137 3805 2166 3858 6
2196 3805 2465 3877 μακάριος
2510 3804 2742 3874 ἄγγελος
2778 3803 2872 3858 τὸν
2913 3803 3208 3858 ἀπατεῶνα
3243 3802 3337 3857 καὶ
3361 3802 3712 3873 εἰκαιόμυθον

2137 3894 2439 3966 ἀποτρέπει
2497 3894 2672 3965 γόητα
2712 3892 2806 3947 τὸν
2854 3892 3219 3964 εύλογημένον
3266 3891 3418 3963 παρὰ
3461 3891 3584 3962 Θεῷ
3636 3891 3712 3962 μὴ

2137 3984 2447 4059 ἐπαρᾶσθαι
2500 3985 2721 4056 ζητεῖν,
2776 3985 2912 4058 μηδὲ
2960 3987 3083 4048 ταῖς
3129 3982 3338 4038 ἄνωθεν
3395 3982 3715 4052 ἀντεξάγειν

2137 4078 2341 4150 ψήφοις
2394 4076 2462 4132 τὰ
2506 4076 2566 4144 ἐξ
2614 4077 2965 4151 ἀνθρωπίνης
3029 4075 3351 4139 δυσϐουλίας
3408 4075 3713 4146 εύρέματα,

2136 4168 2235 4238 οὐχ
2261 4166 2338 4230 ὡς
2367 4166 2468 4238 τῆς
2508 4167 2648 4238 ἀρᾶς
2680 4165 2971 4237 ἰσχυούοης
3004 4166 3229 4231 ἀδικεῖν,
3266 4163 3380 4218 ἀλλ’
3408 4163 3498 4217 ἵνα
3528 4163 3717 4233 σαφῶς

2136 4276 2197 4314 τε
2222 4259 2320 4313 κσιίΙ
2362 4259 2609 4330 ἐναργῶς
2655 4259 2684 4312 ό
2723 4258 2823 4331 τὴν
2869 4259 3124 4330 τοιαύτην
3158 4258 3351 4312 ἐλπίδα
3387 4256 3715 4329 παραλόγως

2138 4349 2570 4423 εἰσδεδεγμένος,
2602 4348 3015 4423 πληροφοροῖτο,
3043 4349 3134 4405 καὶ
3172 4350 3235 4404 δι’
3268 4348 3455 4413 αὐτοῦ,
3478 4345 3557 4412 ὡς
3602 4347 3705 4400 οὐκ

2138 4443 2206 4499 ἂν
2245 4443 2455 4514 γένοιτό
2480 4460 2610 4498 ποτε
2640 4443 2961 4507 Μωαϐίταις
2987 4443 3021 4514 ἢ
3046 4442 3401 4514 Μαδιηναίοις
3430 4437 3713 4510 ἁλώσιμος

454 4521 571 4577 fore
605 4530 733 4587 uta
751 4522 1006 4578 Moabitis
1039 4524 1125 4579 vel
1148 4523 1459 4580 Madianitis
1481 4524 1647 4581 Israel
1689 4541 2030 4598 expugnare-

2139 4535 2168 4588 6
2229 4513 2480 4608 Ἰσραὴλ,
2533 4533 2963 4608 προασπίζοντός
3009 4513 3086 4588 τε
3138 4513 3233 4588 καί
3282 4529 3719 4604 ὑπεραθλοῦντος

456 4623 566 4680 tur,
599 4614 688 4670 cui
729 4623 1009 4685 protector
1032 4628 1179 4674 esset
1234 4633 1297 4673 ac
1341 4627 1712 4688 prOpugnator
1747 4619 1913 4687 Deus,
1937 4619 2034 4690 qui

456 4708 725 4778 populum
748 4707 1102 4763 benedictum
1124 4709 1341 4779 sibique
1377 4709 1624 4764 deditum
1662 4725 1763 4766 sua
1784 4712 2035 4784 benigni-

428 4802 566 4874 \Iate
589 4797 848 4852 muniret.
874 4796 1053 4867 Atque
1087 4798 1205 4854 haec
1227 4799 1450 4869 quidem
1492 4799 1686 4857 beatus
1726 4802 1954 4874 angelus
1978 4811 2035 4858 et

455 4888 618 4955 dixit,
640 4889 895 4946 etfacere
916 4892 1197 4962 praecepit.
1220 4890 1349 4959 Sed,
1371 4902 1727 4965 posteaquam
1744 4896 2031 4965 promissis

459 4981 786 5035 muneribus
809 4980 879 5036 ad
900 4982 1157 5038 eumdem
1178 4983 1268 5039 ille
1293 4992 1446 5042 vates
1483 4986 1697 5044 illectus
1745 4994 1847 5051 est,
1888 4988 2036 5057 quod

457 5071 691 5129 fortasse
718 5072 774 5127 id
800 5088 931 5128 vere
978 5089 1039 5129 se
1071 5076 1452 5146 praestiturum
1503 5080 1847 5152 opinaretur,
1887 5080 2038 5135 abire

458 5162 683 5232 quidem
708 5163 960 5233 permisit
994 5168 1220 5238 angelus
1244 5187 1260 5239 ;
1283 5171 1377 5228 sed
1425 5173 1481 5229 in
1505 5171 1687 5227 media
1714 5181 2039 5242 conspectus

460 5259 547 5307 cst
599 5252 688 5308 via
710 5252 939 5325 fulgenti
982 5258 1163 5329 gladio
1210 5278 1222 5313 :
1273 5261 1329 5317 in
1354 5277 1465 5332 quo
1512 5260 1801 5316 manifeste
1849 5261 2038 5318 docuit

458 5358 609 5411 cum,
645 5345 693 5402 si
718 5347 1045 5408 maledicere
1089 5353 1255 5408 vellet
1288 5353 1358 5407 iis
1395 5352 1490 5422 qui
1528 5352 1807 5409 benedicti
1852 5363 2030 5420 erant,

459 5432 663 5494 bellum
687 5447 744 5495 et
761 5438 1027 5498 adversus
1049 5442 1244 5509 Deum,
1276 5449 1333 5497 et
1369 5442 1634 5501 adversus
1656 5443 1879 5515 angelos
1911 5460 2034 5499 sus-

459 5535 769 5598 capturum.
788 5531 1147 5603 Posteaquam
1169 5548 1300 5588 vero
1319 5533 1385 5589 ad
1403 5534 1747 5591 Madianitam
1762 5535 2033 5607 pervenit,

541 5706 560 5739 ⁸
589 5707 750 5766 Num.
795 5722 926 5775 xx",
952 5706 1071 5763 6-8.
1151 5711 1170 5742 ³
1196 5708 1331 5764 ibid.
1360 5712 1410 5767 9.
1490 5711 1509 5741 ⁶
1534 5709 1670 5767 ibid.
1702 5712 1783 5768 l2.

2140 4626 2298 4696 Θεοῦ,
2332 4628 2427 4682 καὶ
2460 4630 2580 4693 ταῖς
2611 4627 2923 4700 εὐμενείαις
2960 4627 3393 4698 άνατειχίζοντος
3432 4624 3527 4678 τὸν
3566 4621 3717 4694 αὐτῷ

2142 4717 2535 4789 προσκείμενον
2584 4719 2681 4774 καὶ
2721 4715 3084 4788 εὐλογηθέντα
3145 4715 3293 4769 λαόν.
3341 4712 3505 4768 Ἀλλὰ
3556 4712 3720 4764 ταυτὶ

2144 4808 2244 4877 μὲν
2275 4809 2304 4860 6
2344 4806 2633 4873 θεσπέσιος
2670 4807 2903 4878 ἄγγελος
2940 4807 3045 4879 ἔφη
3089 4824 3151 4861 τε
3185 4806 3281 4860 καὶ
3323 4805 3457 4877 δρᾷν
3505 4803 3717 4857 ἐνετέλ-

2139 4896 2282 4949 λετοο
2315 4895 2503 4968 ἐπειδὴ
2541 4896 2598 4950 δὲ
2624 4899 2743 4961 ταῖς
2762 4896 2873 4951 τῶν
2901 4896 3090 4969 δώρων
3120 4894 3478 4966 ὑποσχέσεσιν
3501 4891 3599 4945 ἐπὶ
3639 4889 3719 4959 τῷ

2141 4986 2340 5058 χρῆναι
2374 4987 2610 5058 βαδίζειν
2653 4988 2682 5041 6
2714 4989 2905 5060 μάντις
2929 4989 3260 5056 ὲδελεάζετο,
3308 4986 3449 5057 τάχα
3484 5001 3589 5038 που
3619 4983 3716 5038 καὶ

2140 5078 2356 5150 ἀληθῶς
2407 5079 2649 5151 ἰσχύσειν
2695 5081 3048 5151 ὑπειληφὼς,
3087 5081 3225 5136 ἰέναι
3273 5081 3370 5151 μὲν
3417 5077 3641 5148 ἐφίησιν
3686 5076 3716 5127 6

2143 5170 2407 5241 μακάριος
2439 5171 2703 5239 ἄγγελος,
2742 5172 2884 5227 κατὰ
2924 5172 3098 5244 μέσην
3138 5172 3195 5225 δὲ
3253 5170 3411 5241 ῶφθη
3439 5169 3541 5239 τὴν
3576 5166 3711 5230 ὁδδν,

2144 5262 2639 5336 συναστραπτούσῃ
2686 5263 2932 5336 ῥομφαίᾳ
2955 5302 2971 5327 ,
3005 5263 3275 5317 διδάσκων
3310 5259 3557 5331 ἐναργῶς
3586 5257 3660 5321 ὼς
3687 5257 3715 5309 6

2141 5356 2374 5425 πόλεμος
2396 5354 2544 5426 αὑτῷ
2570 5354 2709 5426 πρός
2757 5371 2818 5407 τε
2842 5353 2972 5408 Θεὸν
3003 5353 3099 5407 καὶ
3120 5351 3405 5421 ἀγγέλους,
3430 5350 3480 5403 εἰ
3510 5346 3717 5417 ἑπαρᾶ-

2144 5448 2267 5503 σθαι
2300 5447 2542 5519 βούλοιτο
2564 5449 2692 5512 τοὺς
2716 5449 2914 5519 εύλογη
2924 5447 3135 5518 μένους.
3183 5443 3405 5515 Ἐπειδὴ
3429 5443 3489 5497 δὲ
3517 5442 3717 5511 ἀφῖκτο

2142 5539 2279 5612 πρὸς
2338 5540 2429 5595 τὸν
2486 5540 2853 5615 Μαδιηναῖον,
2906 5539 3121 5613 βωμοὺς
3180 5538 3278 5611 μὲν
3331 5536 3563 5609 ἀνίστη,
3616 5532 3715 5588 καλ
