  <div class='ocr_page' id='page_1' title='image "/cluster/home/n/w/nwhite01/storage/ocr_20150623/68/pst.000005712694/232.png"; bbox 0 0 3966 6298; ppageno 0'>
   <div class='ocr_carea' id='block_1_1' title="bbox 149 327 242 386">
    <p class='ocr_par' dir='ltr' id='par_1_1' title="bbox 149 327 242 386">
     <span class='ocr_line' id='line_1_1' title="bbox 149 327 242 386; baseline -0.022 1"><span class='ocrx_word' id='word_1_1' title='bbox 149 327 242 386; x_wconf 70' lang='grc' dir='ltr'><strong>ιιι</strong></span> 
     </span>
    </p>
   </div>
   <div class='ocr_carea' id='block_1_2' title="bbox 851 319 2671 382">
    <p class='ocr_par' dir='ltr' id='par_1_2' title="bbox 851 319 2671 382">
     <span class='ocr_line' id='line_1_2' title="bbox 851 319 2671 382; baseline 0.001 -2"><span class='ocrx_word' id='word_1_2' title='bbox 851 327 938 380; x_wconf 85' lang='grc' dir='ltr'><strong>ΒΕ</strong></span> <span class='ocrx_word' id='word_1_3' title='bbox 977 325 1418 382; x_wconf 67' lang='lat' dir='ltr'><strong>ADOIiATlONE</strong></span> <span class='ocrx_word' id='word_1_4' title='bbox 1457 326 1524 380; x_wconf 80' lang='lat' dir='ltr'><strong>lN</strong></span> <span class='ocrx_word' id='word_1_5' title='bbox 1563 319 1834 380; x_wconf 77' lang='lat' dir='ltr'><strong>SPlBlTU</strong></span> <span class='ocrx_word' id='word_1_6' title='bbox 1874 324 1962 379; x_wconf 84' lang='lat' dir='ltr'><strong>ET</strong></span> <span class='ocrx_word' id='word_1_7' title='bbox 2007 325 2374 382; x_wconf 67' lang='lat' dir='ltr'><strong>VERITATE.</strong></span> <span class='ocrx_word' id='word_1_8' title='bbox 2408 325 2542 381; x_wconf 83' lang='lat' dir='ltr'><strong>LIB.</strong></span> <span class='ocrx_word' id='word_1_9' title='bbox 2586 328 2671 381; x_wconf 78' lang='lat' dir='ltr'><strong>Yl.</strong></span> 
     </span>
    </p>
   </div>
   <div class='ocr_carea' id='block_1_3' title="bbox 3303 311 3408 384">
    <p class='ocr_par' dir='ltr' id='par_1_3' title="bbox 3303 311 3408 384">
     <span class='ocr_line' id='line_1_3' title="bbox 3303 311 3408 384; baseline 0 0"><span class='ocrx_word' id='word_1_10' title='bbox 3303 311 3408 384; x_wconf 60' lang='lat' dir='ltr'><strong>ita</strong></span> 
     </span>
    </p>
   </div>
   <div class='ocr_carea' id='block_1_4' title="bbox 151 438 1750 516">
    <p class='ocr_par' dir='ltr' id='par_1_4' title="bbox 151 438 1726 516">
     <span class='ocr_line' id='line_1_4' title="bbox 151 438 1726 516; baseline -0.003 -16"><span class='ocrx_word' id='word_1_11' title='bbox 151 445 429 516; x_wconf 82' lang='grc' dir='ltr'><strong>βουθυτεῖν</strong></span> <span class='ocrx_word' id='word_1_12' title='bbox 469 442 709 496; x_wconf 80' lang='grc' dir='ltr'>ἐκέλευε·</span> <span class='ocrx_word' id='word_1_13' title='bbox 763 444 1047 514; x_wconf 78' lang='grc' dir='ltr'><strong>προφήτης</strong></span> <span class='ocrx_word' id='word_1_14' title='bbox 1091 443 1147 496; x_wconf 88' lang='grc' dir='ltr'>δὲ</span> <span class='ocrx_word' id='word_1_15' title='bbox 1191 438 1260 514; x_wconf 84' lang='grc' dir='ltr'>ἦν</span> <span class='ocrx_word' id='word_1_16' title='bbox 1313 441 1512 505; x_wconf 75' lang='grc' dir='ltr'>εὐθὺς,</span> <span class='ocrx_word' id='word_1_17' title='bbox 1558 442 1655 512; x_wconf 73' lang='grc' dir='ltr'><strong>οὐχ</strong></span> <span class='ocrx_word' id='word_1_18' title='bbox 1698 442 1726 495; x_wconf 87' lang='grc' dir='ltr'>ὁ</span> 
     </span>
    </p>
   </div>
   <div class='ocr_carea' id='block_1_5' title="bbox 1855 438 3410 516">
    <p class='ocr_par' dir='ltr' id='par_1_5' title="bbox 1855 442 3410 515">
     <span class='ocr_line' id='line_1_5' title="bbox 1855 442 3410 515; baseline 0.003 -19"><span class='ocrx_word' id='word_1_19' title='bbox 1855 459 1950 498; x_wconf 64' lang='grc' dir='ltr'>ηε</span> <span class='ocrx_word' id='word_1_20' title='bbox 1972 443 2262 510; x_wconf 76' lang='lat' dir='ltr'><strong>exstruxit,</strong></span> <span class='ocrx_word' id='word_1_21' title='bbox 2295 452 2352 499; x_wconf 90' lang='lat' dir='ltr'><strong>et</strong></span> <span class='ocrx_word' id='word_1_22' title='bbox 2375 442 2545 498; x_wconf 85' lang='lat' dir='ltr'><strong>boves</strong></span> <span class='ocrx_word' id='word_1_23' title='bbox 2569 442 2856 500; x_wconf 86' lang='lat' dir='ltr'><strong>immolare</strong></span> <span class='ocrx_word' id='word_1_24' title='bbox 2891 444 3076 514; x_wconf 86' lang='lat' dir='ltr'><strong>jussit,</strong></span> <span class='ocrx_word' id='word_1_25' title='bbox 3116 446 3410 515; x_wconf 87' lang='lat' dir='ltr'><strong>propheta-</strong></span> 
     </span>
    </p>
   </div>
   <div class='ocr_carea' id='block_1_6' title="bbox 151 532 1725 608">
    <p class='ocr_par' dir='ltr' id='par_1_6' title="bbox 151 532 1725 608">
     <span class='ocr_line' id='line_1_6' title="bbox 151 532 1725 608; baseline -0.004 -17"><span class='ocrx_word' id='word_1_26' title='bbox 151 536 421 608; x_wconf 85' lang='grc' dir='ltr'><strong>συνήθης,</strong></span> <span class='ocrx_word' id='word_1_27' title='bbox 456 535 552 588; x_wconf 79' lang='grc' dir='ltr'>καὶ</span> <span class='ocrx_word' id='word_1_28' title='bbox 587 532 958 605; x_wconf 77' lang='grc' dir='ltr'>ψευδηγόρος,</span> <span class='ocrx_word' id='word_1_29' title='bbox 989 533 1126 587; x_wconf 84' lang='grc' dir='ltr'>ἀλλὰ</span> <span class='ocrx_word' id='word_1_30' title='bbox 1169 532 1288 604; x_wconf 77' lang='grc' dir='ltr'>θείᾳ</span> <span class='ocrx_word' id='word_1_31' title='bbox 1316 550 1376 586; x_wconf 90' lang='grc' dir='ltr'><strong>τε</strong></span> <span class='ocrx_word' id='word_1_32' title='bbox 1411 533 1506 585; x_wconf 72' lang='grc' dir='ltr'>καὶ</span> <span class='ocrx_word' id='word_1_33' title='bbox 1549 533 1725 603; x_wconf 73' lang='grc' dir='ltr'>ἀπορ-</span> 
     </span>
    </p>
   </div>
   <div class='ocr_carea' id='block_1_7' title="bbox 153 623 1729 704">
    <p class='ocr_par' dir='ltr' id='par_1_7' title="bbox 153 623 1729 704">
     <span class='ocr_line' id='line_1_7' title="bbox 153 623 1729 704; baseline -0.004 -22"><span class='ocrx_word' id='word_1_34' title='bbox 153 633 302 704; x_wconf 76' lang='grc' dir='ltr'><strong>ρήτῳ</strong></span> <span class='ocrx_word' id='word_1_35' title='bbox 342 627 572 698; x_wconf 81' lang='grc' dir='ltr'><strong>δυνάμει</strong></span> <span class='ocrx_word' id='word_1_36' title='bbox 628 626 1004 698; x_wconf 85' lang='grc' dir='ltr'>παρετρέπετο</span> <span class='ocrx_word' id='word_1_37' title='bbox 1053 626 1185 697; x_wconf 89' lang='grc' dir='ltr'>παρ’</span> <span class='ocrx_word' id='word_1_38' title='bbox 1232 625 1425 678; x_wconf 85' lang='grc' dir='ltr'>ἐλπίδα</span> <span class='ocrx_word' id='word_1_39' title='bbox 1485 625 1623 695; x_wconf 73' lang='grc' dir='ltr'>πρὸς</span> <span class='ocrx_word' id='word_1_40' title='bbox 1667 623 1729 676; x_wconf 82' lang='grc' dir='ltr'>τὸ</span> 
     </span>
    </p>
   </div>
   <div class='ocr_carea' id='block_1_8' title="bbox 151 715 1728 790">
    <p class='ocr_par' dir='ltr' id='par_1_8' title="bbox 151 715 1728 790">
     <span class='ocr_line' id='line_1_8' title="bbox 151 715 1728 790; baseline -0.005 -14"><span class='ocrx_word' id='word_1_41' title='bbox 151 722 411 776; x_wconf 79' lang='grc' dir='ltr'>ἐναντίον.</span> <span class='ocrx_word' id='word_1_42' title='bbox 469 720 748 790; x_wconf 84' lang='grc' dir='ltr'>Ἐπηρᾶτο</span> <span class='ocrx_word' id='word_1_43' title='bbox 797 719 896 790; x_wconf 81' lang='grc' dir='ltr'>μὲν</span> <span class='ocrx_word' id='word_1_44' title='bbox 933 719 1041 789; x_wconf 77' lang='grc' dir='ltr'>γὰρ</span> <span class='ocrx_word' id='word_1_45' title='bbox 1075 717 1362 789; x_wconf 76' lang='grc' dir='ltr'>οὐδαμῶς,</span> <span class='ocrx_word' id='word_1_46' title='bbox 1408 717 1632 790; x_wconf 80' lang='grc' dir='ltr'><strong>ηὐλόγει</strong></span> <span class='ocrx_word' id='word_1_47' title='bbox 1670 715 1728 768; x_wconf 82' lang='grc' dir='ltr'>δὲ</span> 
     </span>
    </p>
   </div>
   <div class='ocr_carea' id='block_1_9' title="bbox 153 808 1728 886">
    <p class='ocr_par' dir='ltr' id='par_1_9' title="bbox 153 808 1728 886">
     <span class='ocr_line' id='line_1_9' title="bbox 153 808 1728 886; baseline -0.004 -17"><span class='ocrx_word' id='word_1_48' title='bbox 153 815 353 886; x_wconf 80' lang='grc' dir='ltr'>μᾶλλον</span> <span class='ocrx_word' id='word_1_49' title='bbox 392 815 484 867; x_wconf 81' lang='grc' dir='ltr'>τὸν</span> <span class='ocrx_word' id='word_1_50' title='bbox 524 813 740 884; x_wconf 79' lang='grc' dir='ltr'>Ἰσραὴλ</span> <span class='ocrx_word' id='word_1_51' title='bbox 761 852 775 876; x_wconf 89' lang='grc'><strong>,</strong></span> <span class='ocrx_word' id='word_1_52' title='bbox 808 813 902 868; x_wconf 71' lang='grc' dir='ltr'>καὶ</span> <span class='ocrx_word' id='word_1_53' title='bbox 929 815 1155 884; x_wconf 82' lang='grc' dir='ltr'><strong>πικραῖς</strong></span> <span class='ocrx_word' id='word_1_54' title='bbox 1187 811 1365 882; x_wconf 82' lang='grc' dir='ltr'>ἐνίησι</span> <span class='ocrx_word' id='word_1_55' title='bbox 1413 809 1611 873; x_wconf 78' lang='grc' dir='ltr'><strong>λύπαις</strong></span> <span class='ocrx_word' id='word_1_56' title='bbox 1638 808 1728 863; x_wconf 73' lang='grc' dir='ltr'><strong>τὸν</strong></span> 
     </span>
    </p>
   </div>
   <div class='ocr_carea' id='block_1_10' title="bbox 149 901 1732 978">
    <p class='ocr_par' dir='ltr' id='par_1_10' title="bbox 149 901 1732 978">
     <span class='ocr_line' id='line_1_10' title="bbox 149 901 1732 978; baseline -0.004 -18"><span class='ocrx_word' id='word_1_57' title='bbox 149 907 355 961; x_wconf 88' lang='grc' dir='ltr'>Βαλάκ.</span> <span class='ocrx_word' id='word_1_58' title='bbox 383 907 696 978; x_wconf 85' lang='grc' dir='ltr'><strong>Γέγραπται</strong></span> <span class='ocrx_word' id='word_1_59' title='bbox 726 906 781 960; x_wconf 80' lang='grc' dir='ltr'>δὲ</span> <span class='ocrx_word' id='word_1_60' title='bbox 813 905 1006 970; x_wconf 75' lang='grc' dir='ltr'>οὕτως·</span> <span class='ocrx_word' id='word_1_61' title='bbox 1039 907 1122 959; x_wconf 84' lang='grc' dir='ltr'>ὅτι</span> <span class='ocrx_word' id='word_1_62' title='bbox 1158 925 1176 957; x_wconf 82' lang='grc' dir='ltr'><strong>ι</strong></span> <span class='ocrx_word' id='word_1_63' title='bbox 1227 903 1516 974; x_wconf 80' lang='grc' dir='ltr'>Ἐθυμὼθη</span> <span class='ocrx_word' id='word_1_64' title='bbox 1545 901 1732 956; x_wconf 88' lang='grc' dir='ltr'>Βαλάκ</span> 
     </span>
    </p>
   </div>
   <div class='ocr_carea' id='block_1_11' title="bbox 151 992 1732 1069">
    <p class='ocr_par' dir='ltr' id='par_1_11' title="bbox 151 992 1732 1069">
     <span class='ocr_line' id='line_1_11' title="bbox 151 992 1732 1069; baseline -0.004 -18"><span class='ocrx_word' id='word_1_65' title='bbox 151 997 245 1052; x_wconf 81' lang='grc' dir='ltr'>καὶ</span> <span class='ocrx_word' id='word_1_66' title='bbox 282 997 645 1068; x_wconf 81' lang='grc' dir='ltr'>συνεκρότησε</span> <span class='ocrx_word' id='word_1_67' title='bbox 674 1000 794 1061; x_wconf 86' lang='grc' dir='ltr'>ταῖς</span> <span class='ocrx_word' id='word_1_68' title='bbox 836 999 1026 1069; x_wconf 72' lang='grc' dir='ltr'>χερσὶν</span> <span class='ocrx_word' id='word_1_69' title='bbox 1055 996 1242 1062; x_wconf 83' lang='grc' dir='ltr'>αὐτοῦ,</span> <span class='ocrx_word' id='word_1_70' title='bbox 1269 997 1365 1051; x_wconf 72' lang='grc' dir='ltr'>καὶ</span> <span class='ocrx_word' id='word_1_71' title='bbox 1394 992 1515 1049; x_wconf 71' lang='grc' dir='ltr'>εἷπε</span> <span class='ocrx_word' id='word_1_72' title='bbox 1545 993 1732 1046; x_wconf 80' lang='grc' dir='ltr'>Βαλὰκ</span> 
     </span>
    </p>
   </div>
   <div class='ocr_carea' id='block_1_12' title="bbox 151 1084 1731 1158">
    <p class='ocr_par' dir='ltr' id='par_1_12' title="bbox 151 1084 1731 1158">
     <span class='ocr_line' id='line_1_12' title="bbox 151 1084 1731 1158; baseline -0.003 -20"><span class='ocrx_word' id='word_1_73' title='bbox 151 1086 291 1156; x_wconf 80' lang='grc' dir='ltr'>πρὸς</span> <span class='ocrx_word' id='word_1_74' title='bbox 369 1085 621 1157; x_wconf 80' lang='grc' dir='ltr'>Βαλαάμ’</span> <span class='ocrx_word' id='word_1_75' title='bbox 697 1086 1128 1158; x_wconf 81' lang='grc' dir='ltr'>Καταράσασθαι</span> <span class='ocrx_word' id='word_1_76' title='bbox 1189 1085 1279 1139; x_wconf 84' lang='grc' dir='ltr'><strong>τδν</strong></span> <span class='ocrx_word' id='word_1_77' title='bbox 1351 1084 1546 1156; x_wconf 77' lang='grc' dir='ltr'>ἐχθρόν</span> <span class='ocrx_word' id='word_1_78' title='bbox 1627 1099 1731 1153; x_wconf 89' lang='grc' dir='ltr'><strong>μου</strong></span> 
     </span>
    </p>
   </div>
   <div class='ocr_carea' id='block_1_13' title="bbox 152 1175 1734 1250">
    <p class='ocr_par' dir='ltr' id='par_1_13' title="bbox 152 1175 1734 1250">
     <span class='ocr_line' id='line_1_13' title="bbox 152 1175 1734 1250; baseline -0.003 -19"><span class='ocrx_word' id='word_1_79' title='bbox 152 1178 398 1250; x_wconf 81' lang='grc' dir='ltr'>κέκληκά</span> <span class='ocrx_word' id='word_1_80' title='bbox 443 1195 535 1242; x_wconf 89' lang='grc' dir='ltr'><strong>σε,</strong></span> <span class='ocrx_word' id='word_1_81' title='bbox 586 1179 680 1232; x_wconf 59' lang='grc' dir='ltr'><strong>καλ⁵</strong></span> <span class='ocrx_word' id='word_1_82' title='bbox 735 1178 844 1232; x_wconf 78' lang='grc' dir='ltr'>ίδοὺ</span> <span class='ocrx_word' id='word_1_83' title='bbox 901 1177 1144 1246; x_wconf 76' lang='grc' dir='ltr'>εὐλογῶν</span> <span class='ocrx_word' id='word_1_84' title='bbox 1205 1177 1515 1248; x_wconf 81' lang='grc' dir='ltr'>ηύλόγησας</span> <span class='ocrx_word' id='word_1_85' title='bbox 1559 1175 1734 1247; x_wconf 87' lang='grc' dir='ltr'>τούτῳ</span> 
     </span>
    </p>
   </div>
   <div class='ocr_carea' id='block_1_14' title="bbox 150 1267 1734 1341">
    <p class='ocr_par' dir='ltr' id='par_1_14' title="bbox 150 1267 1734 1341">
     <span class='ocr_line' id='line_1_14' title="bbox 150 1267 1734 1341; baseline -0.002 -18"><span class='ocrx_word' id='word_1_86' title='bbox 150 1271 343 1340; x_wconf 85' lang='grc' dir='ltr'>τρίτῳ.</span> <span class='ocrx_word' id='word_1_87' title='bbox 377 1272 488 1324; x_wconf 76' lang='grc' dir='ltr'><strong>Καὶ</strong></span> <span class='ocrx_word' id='word_1_88' title='bbox 515 1267 637 1324; x_wconf 74' lang='grc' dir='ltr'>εἷπε</span> <span class='ocrx_word' id='word_1_89' title='bbox 668 1270 895 1340; x_wconf 82' lang='grc' dir='ltr'>Βαλαὰμ</span> <span class='ocrx_word' id='word_1_90' title='bbox 928 1270 1064 1341; x_wconf 74' lang='grc' dir='ltr'>πρὸς</span> <span class='ocrx_word' id='word_1_91' title='bbox 1094 1270 1296 1324; x_wconf 80' lang='grc' dir='ltr'>Βαλάκ’</span> <span class='ocrx_word' id='word_1_92' title='bbox 1335 1269 1470 1339; x_wconf 72' lang='grc' dir='ltr'>Οὐχὶ</span> <span class='ocrx_word' id='word_1_93' title='bbox 1497 1269 1590 1322; x_wconf 77' lang='grc' dir='ltr'>καὶ</span> <span class='ocrx_word' id='word_1_94' title='bbox 1618 1270 1734 1332; x_wconf 86' lang='grc' dir='ltr'>τοῖς</span> 
     </span>
    </p>
   </div>
   <div class='ocr_carea' id='block_1_15' title="bbox 149 1355 1735 1430">
    <p class='ocr_par' dir='ltr' id='par_1_15' title="bbox 149 1355 1735 1430">
     <span class='ocr_line' id='line_1_15' title="bbox 149 1355 1735 1430; baseline -0.001 -16"><span class='ocrx_word' id='word_1_95' title='bbox 149 1361 408 1430; x_wconf 75' lang='grc' dir='ltr'>ἀγγέλοις</span> <span class='ocrx_word' id='word_1_96' title='bbox 460 1378 555 1414; x_wconf 88' lang='grc' dir='ltr'><strong>σου</strong></span> <span class='ocrx_word' id='word_1_97' title='bbox 595 1355 675 1423; x_wconf 81' lang='grc' dir='ltr'>οἷς</span> <span class='ocrx_word' id='word_1_98' title='bbox 719 1359 1042 1424; x_wconf 80' lang='grc' dir='ltr'>ἀπέστειλας</span> <span class='ocrx_word' id='word_1_99' title='bbox 1076 1360 1212 1430; x_wconf 87' lang='grc' dir='ltr'>πρός</span> <span class='ocrx_word' id='word_1_100' title='bbox 1254 1377 1322 1430; x_wconf 91' lang='grc' dir='ltr'><strong>με</strong></span> <span class='ocrx_word' id='word_1_101' title='bbox 1361 1359 1620 1430; x_wconf 79' lang='grc' dir='ltr'>ἐλάλησα,</span> <span class='ocrx_word' id='word_1_102' title='bbox 1647 1359 1735 1412; x_wconf 87' lang='grc' dir='ltr'>λέ-</span> 
     </span>
    </p>
   </div>
   <div class='ocr_carea' id='block_1_16' title="bbox 148 1447 1732 1525">
    <p class='ocr_par' dir='ltr' id='par_1_16' title="bbox 148 1447 1732 1525">
     <span class='ocr_line' id='line_1_16' title="bbox 148 1447 1732 1525; baseline -0.004 -16"><span class='ocrx_word' id='word_1_103' title='bbox 148 1469 288 1525; x_wconf 90' lang='grc' dir='ltr'>γων·</span> <span class='ocrx_word' id='word_1_104' title='bbox 365 1455 491 1509; x_wconf 87' lang='grc' dir='ltr'>Ἐἀν</span> <span class='ocrx_word' id='word_1_105' title='bbox 543 1471 631 1525; x_wconf 90' lang='grc' dir='ltr'><strong>μοι</strong></span> <span class='ocrx_word' id='word_1_106' title='bbox 679 1453 756 1523; x_wconf 81' lang='grc' dir='ltr'><strong>δῷ</strong></span> <span class='ocrx_word' id='word_1_107' title='bbox 790 1452 972 1506; x_wconf 79' lang='grc' dir='ltr'>Βαλὰκ</span> <span class='ocrx_word' id='word_1_108' title='bbox 1029 1453 1210 1523; x_wconf 84' lang='grc' dir='ltr'>πλήρη</span> <span class='ocrx_word' id='word_1_109' title='bbox 1254 1453 1343 1506; x_wconf 85' lang='grc' dir='ltr'>τὸν</span> <span class='ocrx_word' id='word_1_110' title='bbox 1379 1447 1532 1504; x_wconf 81' lang='grc' dir='ltr'>οἷκον</span> <span class='ocrx_word' id='word_1_111' title='bbox 1565 1450 1732 1505; x_wconf 80' lang='grc' dir='ltr'>αὐτοῦ</span> 
     </span>
    </p>
   </div>
   <div class='ocr_carea' id='block_1_17' title="bbox 149 1543 1735 1620">
    <p class='ocr_par' dir='ltr' id='par_1_17' title="bbox 149 1543 1735 1620">
     <span class='ocr_line' id='line_1_17' title="bbox 149 1543 1735 1620; baseline -0.005 -17"><span class='ocrx_word' id='word_1_112' title='bbox 149 1549 419 1620; x_wconf 77' lang='grc' dir='ltr'>ἀργυρίου</span> <span class='ocrx_word' id='word_1_113' title='bbox 452 1548 549 1602; x_wconf 74' lang='grc' dir='ltr'><strong>καὶ</strong></span> <span class='ocrx_word' id='word_1_114' title='bbox 577 1546 802 1619; x_wconf 77' lang='grc' dir='ltr'>χρυσίου</span> <span class='ocrx_word' id='word_1_115' title='bbox 825 1587 839 1609; x_wconf 92' lang='grc'><strong>,</strong></span> <span class='ocrx_word' id='word_1_116' title='bbox 888 1547 949 1599; x_wconf 85' lang='grc' dir='ltr'><strong>ού</strong></span> <span class='ocrx_word' id='word_1_117' title='bbox 988 1546 1290 1616; x_wconf 80' lang='grc' dir='ltr'>δυνήσομαι</span> <span class='ocrx_word' id='word_1_118' title='bbox 1321 1543 1635 1614; x_wconf 76' lang='grc' dir='ltr'>παραϐῆναι</span> <span class='ocrx_word' id='word_1_119' title='bbox 1673 1543 1735 1595; x_wconf 74' lang='grc' dir='ltr'>τὸ</span> 
     </span>
    </p>
   </div>
   <div class='ocr_carea' id='block_1_18' title="bbox 149 1633 1732 1712">
    <p class='ocr_par' dir='ltr' id='par_1_18' title="bbox 149 1633 1732 1712">
     <span class='ocr_line' id='line_1_18' title="bbox 149 1633 1732 1712; baseline -0.006 -18"><span class='ocrx_word' id='word_1_120' title='bbox 149 1641 313 1712; x_wconf 81' lang='grc' dir='ltr'>ῥῆμα</span> <span class='ocrx_word' id='word_1_121' title='bbox 362 1639 567 1709; x_wconf 84' lang='grc' dir='ltr'>Κυρίου</span> <span class='ocrx_word' id='word_1_122' title='bbox 613 1639 836 1708; x_wconf 86' lang='grc' dir='ltr'>ποιῆσαι</span> <span class='ocrx_word' id='word_1_123' title='bbox 888 1637 1021 1690; x_wconf 81' lang='grc' dir='ltr'>αὐτὸ</span> <span class='ocrx_word' id='word_1_124' title='bbox 1066 1637 1229 1691; x_wconf 76' lang='grc' dir='ltr'>καλὸν</span> <span class='ocrx_word' id='word_1_125' title='bbox 1271 1633 1575 1706; x_wconf 84' lang='grc' dir='ltr'>ἣπονηρὺν</span> <span class='ocrx_word' id='word_1_126' title='bbox 1603 1633 1732 1703; x_wconf 89' lang='grc' dir='ltr'>παρ’</span> 
     </span>
    </p>
   </div>
   <div class='ocr_carea' id='block_1_19' title="bbox 147 1723 1733 1798">
    <p class='ocr_par' dir='ltr' id='par_1_19' title="bbox 147 1723 1733 1798">
     <span class='ocr_line' id='line_1_19' title="bbox 147 1723 1733 1798; baseline -0.006 -14"><span class='ocrx_word' id='word_1_127' title='bbox 147 1728 384 1794; x_wconf 82' lang='grc' dir='ltr'>ἐαυτοῦ;</span> <span class='ocrx_word' id='word_1_128' title='bbox 418 1732 517 1783; x_wconf 85' lang='grc' dir='ltr'>ὅσα</span> <span class='ocrx_word' id='word_1_129' title='bbox 558 1727 625 1782; x_wconf 84' lang='grc' dir='ltr'>ἂν</span> <span class='ocrx_word' id='word_1_130' title='bbox 669 1727 796 1798; x_wconf 82' lang='grc' dir='ltr'>είπῃ</span> <span class='ocrx_word' id='word_1_131' title='bbox 841 1743 931 1796; x_wconf 88' lang='grc' dir='ltr'><strong>μοι</strong></span> <span class='ocrx_word' id='word_1_132' title='bbox 979 1725 1134 1790; x_wconf 82' lang='grc' dir='ltr'>Θεὸς,</span> <span class='ocrx_word' id='word_1_133' title='bbox 1164 1725 1336 1778; x_wconf 86' lang='grc' dir='ltr'>ταῦτα</span> <span class='ocrx_word' id='word_1_134' title='bbox 1368 1723 1498 1795; x_wconf 90' lang='grc' dir='ltr'>ἐρῶ.</span> <span class='ocrx_word' id='word_1_135' title='bbox 1541 1741 1558 1774; x_wconf 75' lang='grc' dir='ltr'><strong>ι</strong></span> <span class='ocrx_word' id='word_1_136' title='bbox 1593 1723 1733 1774; x_wconf 85' lang='grc' dir='ltr'>Σύν-</span> 
     </span>
    </p>
   </div>
   <div class='ocr_carea' id='block_1_20' title="bbox 148 1814 1739 1893">
    <p class='ocr_par' dir='ltr' id='par_1_20' title="bbox 148 1814 1739 1893">
     <span class='ocr_line' id='line_1_20' title="bbox 148 1814 1739 1893; baseline -0.004 -19"><span class='ocrx_word' id='word_1_137' title='bbox 148 1821 286 1893; x_wconf 74' lang='grc' dir='ltr'>ηθες</span> <span class='ocrx_word' id='word_1_138' title='bbox 324 1822 424 1892; x_wconf 82' lang='grc' dir='ltr'>μὲν</span> <span class='ocrx_word' id='word_1_139' title='bbox 468 1816 562 1876; x_wconf 84' lang='grc' dir='ltr'><strong>οῦν</strong></span> <span class='ocrx_word' id='word_1_140' title='bbox 615 1822 728 1883; x_wconf 88' lang='grc' dir='ltr'>τοῖς</span> <span class='ocrx_word' id='word_1_141' title='bbox 783 1818 1214 1890; x_wconf 77' lang='grc' dir='ltr'>ψευδομάντεσι,</span> <span class='ocrx_word' id='word_1_142' title='bbox 1268 1817 1364 1870; x_wconf 78' lang='grc' dir='ltr'>καὶ</span> <span class='ocrx_word' id='word_1_143' title='bbox 1393 1817 1514 1876; x_wconf 84' lang='grc' dir='ltr'>ταῖς</span> <span class='ocrx_word' id='word_1_144' title='bbox 1567 1814 1739 1878; x_wconf 79' lang='grc' dir='ltr'>οὓτως</span> 
     </span>
    </p>
   </div>
   <div class='ocr_carea' id='block_1_21' title="bbox 147 1903 1740 1981">
    <p class='ocr_par' dir='ltr' id='par_1_21' title="bbox 147 1903 1740 1981">
     <span class='ocr_line' id='line_1_21' title="bbox 147 1903 1740 1981; baseline -0.008 -16"><span class='ocrx_word' id='word_1_145' title='bbox 147 1911 464 1981; x_wconf 83' lang='grc' dir='ltr'>ἁπατηλαῖς</span> <span class='ocrx_word' id='word_1_146' title='bbox 531 1909 838 1981; x_wconf 79' lang='grc' dir='ltr'>κεχρῆσθαι</span> <span class='ocrx_word' id='word_1_147' title='bbox 908 1910 1151 1976; x_wconf 84' lang='grc' dir='ltr'>φωναῖς,</span> <span class='ocrx_word' id='word_1_148' title='bbox 1209 1903 1606 1974; x_wconf 81' lang='grc' dir='ltr'>σκεπτομένοις</span> <span class='ocrx_word' id='word_1_149' title='bbox 1657 1903 1740 1955; x_wconf 82' lang='grc' dir='ltr'>ὅτι</span> 
     </span>
    </p>
   </div>
   <div class='ocr_carea' id='block_1_22' title="bbox 148 1995 1738 2076">
    <p class='ocr_par' dir='ltr' id='par_1_22' title="bbox 148 1995 1738 2076">
     <span class='ocr_line' id='line_1_22' title="bbox 148 1995 1738 2076; baseline -0.008 -17"><span class='ocrx_word' id='word_1_150' title='bbox 148 2005 338 2076; x_wconf 81' lang='grc' dir='ltr'>πάντη</span> <span class='ocrx_word' id='word_1_151' title='bbox 373 2023 435 2058; x_wconf 89' lang='grc' dir='ltr'><strong>τε</strong></span> <span class='ocrx_word' id='word_1_152' title='bbox 469 2005 564 2058; x_wconf 76' lang='grc' dir='ltr'>καὶ</span> <span class='ocrx_word' id='word_1_153' title='bbox 610 2003 828 2065; x_wconf 88' lang='grc' dir='ltr'>πάντως</span> <span class='ocrx_word' id='word_1_154' title='bbox 868 2003 980 2063; x_wconf 82' lang='grc' dir='ltr'>τοῖς</span> <span class='ocrx_word' id='word_1_155' title='bbox 1010 1999 1393 2068; x_wconf 83' lang='grc' dir='ltr'>φιλοπευστεῖν</span> <span class='ocrx_word' id='word_1_156' title='bbox 1442 1995 1738 2058; x_wconf 84' lang='grc' dir='ltr'>ἐθέλουσιν,</span> 
     </span>
    </p>
   </div>
   <div class='ocr_carea' id='block_1_23' title="bbox 150 2086 1743 2166">
    <p class='ocr_par' dir='ltr' id='par_1_23' title="bbox 150 2086 1743 2166">
     <span class='ocr_line' id='line_1_23' title="bbox 150 2086 1743 2166; baseline -0.007 -18"><span class='ocrx_word' id='word_1_157' title='bbox 150 2094 343 2166; x_wconf 81' lang='grc' dir='ltr'>ἐροῦσι</span> <span class='ocrx_word' id='word_1_158' title='bbox 375 2095 436 2147; x_wconf 85' lang='grc' dir='ltr'>τὸ</span> <span class='ocrx_word' id='word_1_159' title='bbox 473 2093 693 2164; x_wconf 85' lang='grc' dir='ltr'>ἀληθές.</span> <span class='ocrx_word' id='word_1_160' title='bbox 727 2093 890 2155; x_wconf 88' lang='grc' dir='ltr'>Σύνες</span> <span class='ocrx_word' id='word_1_161' title='bbox 920 2091 976 2144; x_wconf 80' lang='grc' dir='ltr'>δὲ</span> <span class='ocrx_word' id='word_1_162' title='bbox 1008 2091 1090 2144; x_wconf 82' lang='grc' dir='ltr'>ὅτι</span> <span class='ocrx_word' id='word_1_163' title='bbox 1121 2089 1182 2143; x_wconf 83' lang='grc' dir='ltr'>τὸ</span> <span class='ocrx_word' id='word_1_164' title='bbox 1231 2089 1394 2158; x_wconf 85' lang='grc' dir='ltr'>φάναι</span> <span class='ocrx_word' id='word_1_165' title='bbox 1423 2086 1743 2157; x_wconf 40' lang='grc' dir='ltr'>τὸιάτρεκὲς</span> 
     </span>
    </p>
   </div>
   <div class='ocr_carea' id='block_1_24' title="bbox 151 2179 1744 2258">
    <p class='ocr_par' dir='ltr' id='par_1_24' title="bbox 151 2179 1744 2258">
     <span class='ocr_line' id='line_1_24' title="bbox 151 2179 1744 2258; baseline -0.008 -18"><span class='ocrx_word' id='word_1_166' title='bbox 151 2187 442 2258; x_wconf 79' lang='grc' dir='ltr'>ἀλλότριον</span> <span class='ocrx_word' id='word_1_167' title='bbox 475 2185 574 2255; x_wconf 87' lang='grc' dir='ltr'><strong>τῆς</strong></span> <span class='ocrx_word' id='word_1_168' title='bbox 604 2182 854 2238; x_wconf 82' lang='grc' dir='ltr'>ἐπαοιδοῦ</span> <span class='ocrx_word' id='word_1_169' title='bbox 893 2200 952 2236; x_wconf 90' lang='grc' dir='ltr'><strong>τε</strong></span> <span class='ocrx_word' id='word_1_170' title='bbox 996 2183 1093 2236; x_wconf 69' lang='grc' dir='ltr'>καὶ</span> <span class='ocrx_word' id='word_1_171' title='bbox 1119 2181 1297 2252; x_wconf 81' lang='grc' dir='ltr'>μάγου</span> <span class='ocrx_word' id='word_1_172' title='bbox 1327 2179 1541 2249; x_wconf 79' lang='grc' dir='ltr'>τέχνης·</span> <span class='ocrx_word' id='word_1_173' title='bbox 1573 2193 1744 2248; x_wconf 84' lang='grc' dir='ltr'>προσ-</span> 
     </span>
    </p>
   </div>
   <div class='ocr_carea' id='block_1_25' title="bbox 151 2269 1744 2348">
    <p class='ocr_par' dir='ltr' id='par_1_25' title="bbox 151 2269 1744 2348">
     <span class='ocr_line' id='line_1_25' title="bbox 151 2269 1744 2348; baseline -0.008 -16"><span class='ocrx_word' id='word_1_174' title='bbox 151 2280 374 2348; x_wconf 84' lang='grc' dir='ltr'>γένοιτο</span> <span class='ocrx_word' id='word_1_175' title='bbox 421 2277 466 2329; x_wconf 84' lang='grc' dir='ltr'>δ⁹</span> <span class='ocrx_word' id='word_1_176' title='bbox 517 2278 584 2330; x_wconf 81' lang='grc' dir='ltr'>ἂν</span> <span class='ocrx_word' id='word_1_177' title='bbox 615 2275 731 2329; x_wconf 79' lang='grc' dir='ltr'>ἐσθ’</span> <span class='ocrx_word' id='word_1_178' title='bbox 775 2276 866 2329; x_wconf 82' lang='grc' dir='ltr'>ὅτε</span> <span class='ocrx_word' id='word_1_179' title='bbox 911 2273 1062 2342; x_wconf 85' lang='grc' dir='ltr'>παρὰ</span> <span class='ocrx_word' id='word_1_180' title='bbox 1092 2272 1227 2326; x_wconf 89' lang='grc' dir='ltr'>Θεοῦ</span> <span class='ocrx_word' id='word_1_181' title='bbox 1276 2272 1372 2324; x_wconf 70' lang='grc' dir='ltr'>ἐπὶ</span> <span class='ocrx_word' id='word_1_182' title='bbox 1395 2269 1474 2340; x_wconf 79' lang='grc' dir='ltr'><strong>τῷ</strong></span> <span class='ocrx_word' id='word_1_183' title='bbox 1512 2270 1611 2332; x_wconf 83' lang='grc' dir='ltr'><strong>τάς</strong></span> <span class='ocrx_word' id='word_1_184' title='bbox 1635 2269 1744 2321; x_wconf 89' lang='grc' dir='ltr'><strong>τῶν</strong></span> 
     </span>
    </p>
   </div>
   <div class='ocr_carea' id='block_1_26' title="bbox 155 2360 1744 2441">
    <p class='ocr_par' dir='ltr' id='par_1_26' title="bbox 155 2360 1744 2441">
     <span class='ocr_line' id='line_1_26' title="bbox 155 2360 1744 2441; baseline -0.008 -17"><span class='ocrx_word' id='word_1_185' title='bbox 155 2371 410 2441; x_wconf 72' lang='grc' dir='ltr'>βεϐήλων</span> <span class='ocrx_word' id='word_1_186' title='bbox 441 2367 637 2438; x_wconf 81' lang='grc' dir='ltr'>ψυχὰς,</span> <span class='ocrx_word' id='word_1_187' title='bbox 667 2369 733 2438; x_wconf 78' lang='grc' dir='ltr'>τῇ</span> <span class='ocrx_word' id='word_1_188' title='bbox 765 2366 872 2419; x_wconf 86' lang='grc' dir='ltr'><strong>τῶν</strong></span> <span class='ocrx_word' id='word_1_189' title='bbox 900 2364 1176 2436; x_wconf 77' lang='grc' dir='ltr'>ἐσομένων</span> <span class='ocrx_word' id='word_1_190' title='bbox 1207 2360 1604 2434; x_wconf 83' lang='grc' dir='ltr'>προαγορεύσει</span> <span class='ocrx_word' id='word_1_191' title='bbox 1637 2360 1744 2413; x_wconf 88' lang='grc' dir='ltr'>δει-</span> 
     </span>
    </p>
   </div>
   <div class='ocr_carea' id='block_1_27' title="bbox 154 2457 787 2531">
    <p class='ocr_par' dir='ltr' id='par_1_27' title="bbox 154 2457 787 2531">
     <span class='ocr_line' id='line_1_27' title="bbox 154 2457 787 2531; baseline -0.006 -14"><span class='ocrx_word' id='word_1_192' title='bbox 154 2465 269 2528; x_wconf 78' lang='grc' dir='ltr'><strong>νῶς</strong></span> <span class='ocrx_word' id='word_1_193' title='bbox 300 2457 787 2531; x_wconf 80' lang='grc' dir='ltr'>κατακομίζοντος.</span> 
     </span>
    </p>
   </div>
   <div class='ocr_carea' id='block_1_28' title="bbox 232 2548 768 2618">
    <p class='ocr_par' dir='ltr' id='par_1_28' title="bbox 232 2548 768 2618">
     <span class='ocr_line' id='line_1_28' title="bbox 232 2548 768 2618; baseline -0.009 -14"><span class='ocrx_word' id='word_1_194' title='bbox 232 2551 442 2604; x_wconf 79' lang='grc' dir='ltr'><strong>ΠΑΛΛ.</strong></span> <span class='ocrx_word' id='word_1_195' title='bbox 481 2548 768 2618; x_wconf 86' lang='grc' dir='ltr'>Πείθομαι.</span> 
     </span>
    </p>
   </div>
   <div class='ocr_carea' id='block_1_29' title="bbox 233 2630 1746 2711">
    <p class='ocr_par' dir='ltr' id='par_1_29' title="bbox 233 2630 1746 2711">
     <span class='ocr_line' id='line_1_29' title="bbox 233 2630 1746 2711; baseline -0.011 -13"><span class='ocrx_word' id='word_1_196' title='bbox 233 2643 404 2698; x_wconf 81' lang='grc' dir='ltr'><strong>ΚΥΡ.</strong></span> <span class='ocrx_word' id='word_1_197' title='bbox 441 2642 561 2695; x_wconf 83' lang='grc' dir='ltr'>’Ὀτι</span> <span class='ocrx_word' id='word_1_198' title='bbox 597 2639 705 2711; x_wconf 85' lang='grc' dir='ltr'><strong>γὰρ</strong></span> <span class='ocrx_word' id='word_1_199' title='bbox 744 2638 1018 2710; x_wconf 86' lang='grc' dir='ltr'>μεμίσηκε</span> <span class='ocrx_word' id='word_1_200' title='bbox 1059 2637 1155 2690; x_wconf 73' lang='grc' dir='ltr'>καὶ</span> <span class='ocrx_word' id='word_1_201' title='bbox 1189 2631 1458 2701; x_wconf 82' lang='grc' dir='ltr'>παραλύει</span> <span class='ocrx_word' id='word_1_202' title='bbox 1487 2630 1617 2694; x_wconf 72' lang='grc' dir='ltr'>Θεὸς</span> <span class='ocrx_word' id='word_1_203' title='bbox 1647 2630 1746 2692; x_wconf 85' lang='grc' dir='ltr'>τὰς</span> 
     </span>
    </p>
   </div>
   <div class='ocr_carea' id='block_1_30' title="bbox 156 2721 1746 2803">
    <p class='ocr_par' dir='ltr' id='par_1_30' title="bbox 156 2721 1746 2803">
     <span class='ocr_line' id='line_1_30' title="bbox 156 2721 1746 2803; baseline -0.012 -11"><span class='ocrx_word' id='word_1_204' title='bbox 156 2734 418 2797; x_wconf 87' lang='grc' dir='ltr'>τοιαύτας</span> <span class='ocrx_word' id='word_1_205' title='bbox 455 2734 618 2803; x_wconf 81' lang='grc' dir='ltr'>ήτουν</span> <span class='ocrx_word' id='word_1_206' title='bbox 646 2731 902 2802; x_wconf 81' lang='grc' dir='ltr'>γοητείας</span> <span class='ocrx_word' id='word_1_207' title='bbox 931 2729 1023 2782; x_wconf 79' lang='grc' dir='ltr'>καὶ</span> <span class='ocrx_word' id='word_1_208' title='bbox 1049 2725 1447 2797; x_wconf 85' lang='grc' dir='ltr'>εἰκαιομυθίας,</span> <span class='ocrx_word' id='word_1_209' title='bbox 1478 2723 1647 2790; x_wconf 80' lang='grc' dir='ltr'>σαφὲς</span> <span class='ocrx_word' id='word_1_210' title='bbox 1680 2721 1746 2774; x_wconf 84' lang='grc' dir='ltr'>ἂν</span> 
     </span>
    </p>
   </div>
   <div class='ocr_carea' id='block_1_31' title="bbox 160 2813 1740 2895">
    <p class='ocr_par' dir='ltr' id='par_1_31' title="bbox 160 2813 1740 2895">
     <span class='ocr_line' id='line_1_31' title="bbox 160 2813 1740 2895; baseline -0.009 -16"><span class='ocrx_word' id='word_1_211' title='bbox 160 2827 381 2895; x_wconf 85' lang='grc' dir='ltr'>γένοιτο</span> <span class='ocrx_word' id='word_1_212' title='bbox 429 2824 682 2892; x_wconf 87' lang='grc' dir='ltr'>λέγοντος</span> <span class='ocrx_word' id='word_1_213' title='bbox 723 2821 917 2874; x_wconf 80' lang='grc' dir='ltr'>αὑτοῦ·</span> <span class='ocrx_word' id='word_1_214' title='bbox 960 2837 979 2871; x_wconf 80' lang='grc' dir='ltr'><strong>ι</strong></span> <span class='ocrx_word' id='word_1_215' title='bbox 1016 2819 1157 2886; x_wconf 84' lang='grc' dir='ltr'><strong>Ἐγὼ</strong></span> <span class='ocrx_word' id='word_1_216' title='bbox 1208 2817 1413 2888; x_wconf 69' lang='grc' dir='ltr'>Κύριος</span> <span class='ocrx_word' id='word_1_217' title='bbox 1463 2817 1490 2868; x_wconf 86' lang='grc' dir='ltr'>ὁ</span> <span class='ocrx_word' id='word_1_218' title='bbox 1536 2813 1740 2876; x_wconf 78' lang='grc' dir='ltr'>Θεός’›</span> 
     </span>
    </p>
   </div>
   <div class='ocr_carea' id='block_1_32' title="bbox 162 2905 1746 2986">
    <p class='ocr_par' dir='ltr' id='par_1_32' title="bbox 162 2905 1746 2986">
     <span class='ocr_line' id='line_1_32' title="bbox 162 2905 1746 2986; baseline -0.011 -15"><span class='ocrx_word' id='word_1_219' title='bbox 162 2919 264 2972; x_wconf 75' lang='grc' dir='ltr'>καὶ</span> <span class='ocrx_word' id='word_1_220' title='bbox 296 2914 520 2986; x_wconf 86' lang='grc' dir='ltr'>προσέτι</span> <span class='ocrx_word' id='word_1_221' title='bbox 573 2911 813 2974; x_wconf 77' lang='grc' dir='ltr'>τούτοις⁶</span> <span class='ocrx_word' id='word_1_222' title='bbox 854 2911 991 2971; x_wconf 79' lang='grc' dir='ltr'>«Τίς</span> <span class='ocrx_word' id='word_1_223' title='bbox 1025 2908 1212 2978; x_wconf 72' lang='grc' dir='ltr'>ἕτερος</span> <span class='ocrx_word' id='word_1_224' title='bbox 1252 2905 1594 2960; x_wconf 86' lang='grc' dir='ltr'>διασκεδάσει</span> <span class='ocrx_word' id='word_1_225' title='bbox 1647 2920 1746 2974; x_wconf 90' lang='grc' dir='ltr'>ση-</span> 
     </span>
    </p>
   </div>
   <div class='ocr_carea' id='block_1_33' title="bbox 169 2995 1744 3081">
    <p class='ocr_par' dir='ltr' id='par_1_33' title="bbox 169 2995 1744 3081">
     <span class='ocr_line' id='line_1_33' title="bbox 169 2995 1744 3081; baseline -0.01 -19"><span class='ocrx_word' id='word_1_226' title='bbox 169 3013 298 3081; x_wconf 84' lang='grc' dir='ltr'>μεῖα</span> <span class='ocrx_word' id='word_1_227' title='bbox 326 3005 782 3077; x_wconf 80' lang='grc' dir='ltr'>ἐγγαστριμύθων</span> <span class='ocrx_word' id='word_1_228' title='bbox 807 3003 902 3056; x_wconf 71' lang='grc' dir='ltr'>καὶ</span> <span class='ocrx_word' id='word_1_229' title='bbox 933 3001 1030 3065; x_wconf 83' lang='grc' dir='ltr'><strong>τὰς</strong></span> <span class='ocrx_word' id='word_1_230' title='bbox 1073 2999 1332 3071; x_wconf 81' lang='grc' dir='ltr'>μαντείας</span> <span class='ocrx_word' id='word_1_231' title='bbox 1366 2997 1474 3051; x_wconf 79' lang='grc' dir='ltr'><strong>ἀπὸ</strong></span> <span class='ocrx_word' id='word_1_232' title='bbox 1496 2995 1744 3067; x_wconf 86' lang='grc' dir='ltr'>καρδίας,</span> 
     </span>
    </p>
   </div>
   <div class='ocr_carea' id='block_1_34' title="bbox 1831 531 3406 604">
    <p class='ocr_par' dir='ltr' id='par_1_34' title="bbox 1831 531 3406 604">
     <span class='ocr_line' id='line_1_34' title="bbox 1831 531 3406 604; baseline 0.003 -18"><span class='ocrx_word' id='word_1_233' title='bbox 1831 549 1936 604; x_wconf 90' lang='lat' dir='ltr'><strong>que</strong></span> <span class='ocrx_word' id='word_1_234' title='bbox 1957 535 2069 604; x_wconf 83' lang='lat' dir='ltr'><strong>jam</strong></span> <span class='ocrx_word' id='word_1_235' title='bbox 2092 533 2268 589; x_wconf 91' lang='lat' dir='ltr'><strong>factus</strong></span> <span class='ocrx_word' id='word_1_236' title='bbox 2295 539 2400 598; x_wconf 90' lang='lat' dir='ltr'><strong>est,</strong></span> <span class='ocrx_word' id='word_1_237' title='bbox 2425 547 2537 586; x_wconf 90' lang='lat' dir='ltr'><strong>non</strong></span> <span class='ocrx_word' id='word_1_238' title='bbox 2559 531 2737 602; x_wconf 83' lang='lat' dir='ltr'><strong>qualis</strong></span> <span class='ocrx_word' id='word_1_239' title='bbox 2759 541 2885 588; x_wconf 89' lang='lat' dir='ltr'><strong>ante</strong></span> <span class='ocrx_word' id='word_1_240' title='bbox 2933 534 3165 600; x_wconf 77' lang='lat' dir='ltr'><strong>solebat,</strong></span> <span class='ocrx_word' id='word_1_241' title='bbox 3213 537 3406 599; x_wconf 73' lang='lat' dir='ltr'><strong>falsus,</strong></span> 
     </span>
    </p>
   </div>
   <div class='ocr_carea' id='block_1_35' title="bbox 1831 626 3408 696">
    <p class='ocr_par' dir='ltr' id='par_1_35' title="bbox 1831 626 3408 696">
     <span class='ocr_line' id='line_1_35' title="bbox 1831 626 3408 696; baseline 0 -14"><span class='ocrx_word' id='word_1_242' title='bbox 1831 627 1928 683; x_wconf 87' lang='lat' dir='ltr'><strong>sed</strong></span> <span class='ocrx_word' id='word_1_243' title='bbox 1951 628 2004 682; x_wconf 92' lang='lat' dir='ltr'><strong>vi</strong></span> <span class='ocrx_word' id='word_1_244' title='bbox 2029 627 2212 682; x_wconf 89' lang='lat' dir='ltr'><strong>divina</strong></span> <span class='ocrx_word' id='word_1_245' title='bbox 2227 635 2283 682; x_wconf 93' lang='lat' dir='ltr'><strong>et</strong></span> <span class='ocrx_word' id='word_1_246' title='bbox 2307 626 2568 682; x_wconf 74' lang='lat' dir='ltr'><strong>ineffabili</strong></span> <span class='ocrx_word' id='word_1_247' title='bbox 2595 633 2794 696; x_wconf 66' lang='lat' dir='ltr'><strong>praeter</strong></span> <span class='ocrx_word' id='word_1_248' title='bbox 2819 641 2969 695; x_wconf 87' lang='lat' dir='ltr'><strong>spem</strong></span> <span class='ocrx_word' id='word_1_249' title='bbox 2996 627 3051 680; x_wconf 91' lang='lat' dir='ltr'><strong>in</strong></span> <span class='ocrx_word' id='word_1_250' title='bbox 3069 630 3408 683; x_wconf 87' lang='lat' dir='ltr'><strong>contrarium</strong></span> 
     </span>
    </p>
   </div>
   <div class='ocr_carea' id='block_1_36' title="bbox 1830 717 3413 783">
    <p class='ocr_par' dir='ltr' id='par_1_36' title="bbox 1830 717 3413 783">
     <span class='ocr_line' id='line_1_36' title="bbox 1830 717 3413 783; baseline -0.001 -8"><span class='ocrx_word' id='word_1_251' title='bbox 1830 727 1915 775; x_wconf 91' lang='lat' dir='ltr'><strong>est</strong></span> <span class='ocrx_word' id='word_1_252' title='bbox 1939 735 2256 776; x_wconf 90' lang='lat' dir='ltr'><strong>conversus.</strong></span> <span class='ocrx_word' id='word_1_253' title='bbox 2301 721 2423 774; x_wconf 88' lang='lat' dir='ltr'><strong>Non</strong></span> <span class='ocrx_word' id='word_1_254' title='bbox 2475 719 2622 773; x_wconf 90' lang='lat' dir='ltr'><strong>enim</strong></span> <span class='ocrx_word' id='word_1_255' title='bbox 2657 717 2963 783; x_wconf 75' lang='lat' dir='ltr'><strong>maledixit,</strong></span> <span class='ocrx_word' id='word_1_256' title='bbox 3011 719 3105 772; x_wconf 90' lang='lat' dir='ltr'><strong>sed</strong></span> <span class='ocrx_word' id='word_1_257' title='bbox 3131 719 3413 774; x_wconf 79' lang='lat' dir='ltr'><strong>benedixit</strong></span> 
     </span>
    </p>
   </div>
   <div class='ocr_carea' id='block_1_37' title="bbox 1831 810 3448 884">
    <p class='ocr_par' dir='ltr' id='par_1_37' title="bbox 1831 810 3448 884">
     <span class='ocr_line' id='line_1_37' title="bbox 1831 810 3448 884; baseline -0.001 -18"><span class='ocrx_word' id='word_1_258' title='bbox 1831 813 2016 882; x_wconf 85' lang='lat' dir='ltr'><strong>potius</strong></span> <span class='ocrx_word' id='word_1_259' title='bbox 2038 812 2244 878; x_wconf 87' lang='lat' dir='ltr'><strong>Israeli,</strong></span> <span class='ocrx_word' id='word_1_260' title='bbox 2271 821 2327 866; x_wconf 88' lang='lat' dir='ltr'><strong>et</strong></span> <span class='ocrx_word' id='word_1_261' title='bbox 2354 813 2410 866; x_wconf 88' lang='lat' dir='ltr'><strong>in</strong></span> <span class='ocrx_word' id='word_1_262' title='bbox 2438 811 2666 866; x_wconf 88' lang='lat' dir='ltr'><strong>acerbos</strong></span> <span class='ocrx_word' id='word_1_263' title='bbox 2707 811 2926 866; x_wconf 91' lang='lat' dir='ltr'><strong>dolores</strong></span> <span class='ocrx_word' id='word_1_264' title='bbox 2950 810 3186 880; x_wconf 88' lang='lat' dir='ltr'><strong>conjecit</strong></span> <span class='ocrx_word' id='word_1_265' title='bbox 3231 812 3410 870; x_wconf 81' lang='lat' dir='ltr'><strong>Balac.</strong></span> <span class='ocrx_word' id='word_1_266' title='bbox 3441 877 3448 884; x_wconf 89' lang='lat'>_</span> 
     </span>
    </p>
   </div>
   <div class='ocr_carea' id='block_1_38' title="bbox 1835 890 3447 974">
    <p class='ocr_par' dir='ltr' id='par_1_38' title="bbox 1835 890 3447 974">
     <span class='ocr_line' id='line_1_38' title="bbox 1835 890 3447 974; baseline -0.001 -16"><span class='ocrx_word' id='word_1_267' title='bbox 1835 903 1926 959; x_wconf 91' lang='lat' dir='ltr'><strong>Sic</strong></span> <span class='ocrx_word' id='word_1_268' title='bbox 1969 919 2205 973; x_wconf 86' lang='lat' dir='ltr'><strong>namque</strong></span> <span class='ocrx_word' id='word_1_269' title='bbox 2242 905 2507 974; x_wconf 87' lang='lat' dir='ltr'><strong>scriptum</strong></span> <span class='ocrx_word' id='word_1_270' title='bbox 2532 913 2652 958; x_wconf 90' lang='lat' dir='ltr'><strong>est:</strong></span> <span class='ocrx_word' id='word_1_271' title='bbox 2697 922 2714 953; x_wconf 81' lang='grc' dir='ltr'><strong>ι</strong></span> <span class='ocrx_word' id='word_1_272' title='bbox 2762 902 3081 972; x_wconf 87' lang='lat' dir='ltr'><strong>Indignatus</strong></span> <span class='ocrx_word' id='word_1_273' title='bbox 3122 913 3206 958; x_wconf 90' lang='lat' dir='ltr'><strong>est</strong></span> <span class='ocrx_word' id='word_1_274' title='bbox 3255 890 3447 957; x_wconf 45' lang='lat' dir='ltr'><strong>Balac&#39;</strong></span> 
     </span>
    </p>
   </div>
   <div class='ocr_carea' id='block_1_39' title="bbox 1833 992 3416 1064">
    <p class='ocr_par' dir='ltr' id='par_1_39' title="bbox 1833 992 3416 1064">
     <span class='ocr_line' id='line_1_39' title="bbox 1833 992 3416 1064; baseline -0.001 -16"><span class='ocrx_word' id='word_1_275' title='bbox 1833 993 2100 1048; x_wconf 89' lang='lat' dir='ltr'><strong>adversus</strong></span> <span class='ocrx_word' id='word_1_276' title='bbox 2121 993 2359 1058; x_wconf 83' lang='lat' dir='ltr'><strong>Balaam,</strong></span> <span class='ocrx_word' id='word_1_277' title='bbox 2379 1004 2434 1049; x_wconf 90' lang='lat' dir='ltr'><strong>et</strong></span> <span class='ocrx_word' id='word_1_278' title='bbox 2456 993 2746 1064; x_wconf 83' lang='lat' dir='ltr'><strong>complosit</strong></span> <span class='ocrx_word' id='word_1_279' title='bbox 2772 1009 2965 1047; x_wconf 85' lang='lat' dir='ltr'><strong>manus</strong></span> <span class='ocrx_word' id='word_1_280' title='bbox 2993 1009 3142 1058; x_wconf 87' lang='lat' dir='ltr'><strong>suas,</strong></span> <span class='ocrx_word' id='word_1_281' title='bbox 3169 1002 3226 1047; x_wconf 92' lang='lat' dir='ltr'><strong>et</strong></span> <span class='ocrx_word' id='word_1_282' title='bbox 3276 992 3416 1047; x_wconf 80' lang='lat' dir='ltr'><strong>dixit</strong></span> 
     </span>
    </p>
   </div>
   <div class='ocr_carea' id='block_1_40' title="bbox 1833 1085 3418 1142">
    <p class='ocr_par' dir='ltr' id='par_1_40' title="bbox 1833 1085 3418 1142">
     <span class='ocr_line' id='line_1_40' title="bbox 1833 1085 3418 1142; baseline -0.001 -1"><span class='ocrx_word' id='word_1_283' title='bbox 1833 1085 1992 1141; x_wconf 89' lang='lat' dir='ltr'><strong>Balac</strong></span> <span class='ocrx_word' id='word_1_284' title='bbox 2014 1087 2080 1141; x_wconf 90' lang='lat' dir='ltr'><strong>ad</strong></span> <span class='ocrx_word' id='word_1_285' title='bbox 2105 1086 2363 1141; x_wconf 88' lang='lat' dir='ltr'><strong>Balaam:</strong></span> <span class='ocrx_word' id='word_1_286' title='bbox 2393 1087 2463 1142; x_wconf 93' lang='lat' dir='ltr'><strong>Ut</strong></span> <span class='ocrx_word' id='word_1_287' title='bbox 2489 1086 2848 1142; x_wconf 90' lang='lat' dir='ltr'><strong>malediceres</strong></span> <span class='ocrx_word' id='word_1_288' title='bbox 2898 1087 3122 1140; x_wconf 89' lang='lat' dir='ltr'><strong>inimico</strong></span> <span class='ocrx_word' id='word_1_289' title='bbox 3163 1101 3286 1142; x_wconf 91' lang='lat' dir='ltr'><strong>meo</strong></span> <span class='ocrx_word' id='word_1_290' title='bbox 3325 1101 3418 1140; x_wconf 88' lang='lat' dir='ltr'><strong>vo-</strong></span> 
     </span>
    </p>
   </div>
   <div class='ocr_carea' id='block_1_41' title="bbox 1834 1178 3412 1244">
    <p class='ocr_par' dir='ltr' id='par_1_41' title="bbox 1834 1178 3412 1244">
     <span class='ocr_line' id='line_1_41' title="bbox 1834 1178 3412 1244; baseline 0 -13"><span class='ocrx_word' id='word_1_291' title='bbox 1834 1178 1952 1232; x_wconf 84' lang='lat' dir='ltr'><strong>cavi</strong></span> <span class='ocrx_word' id='word_1_292' title='bbox 1979 1187 2292 1244; x_wconf 89' lang='lat' dir='ltr'><strong>te;etecce</strong></span> <span class='ocrx_word' id='word_1_293' title='bbox 2310 1179 2642 1233; x_wconf 86' lang='lat' dir='ltr'><strong>benedicens</strong></span> <span class='ocrx_word' id='word_1_294' title='bbox 2687 1178 3017 1233; x_wconf 88' lang='lat' dir='ltr'><strong>benedixisti</strong></span> <span class='ocrx_word' id='word_1_295' title='bbox 3057 1192 3184 1232; x_wconf 91' lang='lat' dir='ltr'><strong>eum</strong></span> <span class='ocrx_word' id='word_1_296' title='bbox 3228 1179 3412 1232; x_wconf 91' lang='lat' dir='ltr'><strong>tertio.</strong></span> 
     </span>
    </p>
   </div>
   <div class='ocr_carea' id='block_1_42' title="bbox 1835 1270 3413 1332">
    <p class='ocr_par' dir='ltr' id='par_1_42' title="bbox 1835 1270 3413 1332">
     <span class='ocr_line' id='line_1_42' title="bbox 1835 1270 3413 1332; baseline -0.003 -6"><span class='ocrx_word' id='word_1_297' title='bbox 1835 1271 2053 1326; x_wconf 80' lang='lat' dir='ltr'><strong>Etdixit</strong></span> <span class='ocrx_word' id='word_1_298' title='bbox 2080 1271 2296 1326; x_wconf 88' lang='lat' dir='ltr'><strong>Balaam</strong></span> <span class='ocrx_word' id='word_1_299' title='bbox 2322 1271 2390 1325; x_wconf 88' lang='lat' dir='ltr'><strong>ad</strong></span> <span class='ocrx_word' id='word_1_300' title='bbox 2416 1271 2574 1325; x_wconf 81' lang='lat' dir='ltr'><strong>Balac</strong></span> <span class='ocrx_word' id='word_1_301' title='bbox 2600 1288 2612 1324; x_wconf 93' lang='lat'>:</span> <span class='ocrx_word' id='word_1_302' title='bbox 2636 1271 2829 1325; x_wconf 88' lang='lat' dir='ltr'><strong>Nonne</strong></span> <span class='ocrx_word' id='word_1_303' title='bbox 2852 1271 3018 1324; x_wconf 89' lang='lat' dir='ltr'><strong>etiam</strong></span> <span class='ocrx_word' id='word_1_304' title='bbox 3046 1270 3258 1324; x_wconf 88' lang='lat' dir='ltr'><strong>nuntiis</strong></span> <span class='ocrx_word' id='word_1_305' title='bbox 3284 1270 3413 1332; x_wconf 93' lang='lat' dir='ltr'><strong>tuis,</strong></span> 
     </span>
    </p>
   </div>
   <div class='ocr_carea' id='block_1_43' title="bbox 1835 1360 3416 1435">
    <p class='ocr_par' dir='ltr' id='par_1_43' title="bbox 1835 1360 3416 1435">
     <span class='ocr_line' id='line_1_43' title="bbox 1835 1360 3416 1435; baseline -0.005 -15"><span class='ocrx_word' id='word_1_306' title='bbox 1835 1381 1975 1435; x_wconf 90' lang='lat' dir='ltr'><strong>quos</strong></span> <span class='ocrx_word' id='word_1_307' title='bbox 2028 1365 2226 1420; x_wconf 83' lang='lat' dir='ltr'><strong>misisti</strong></span> <span class='ocrx_word' id='word_1_308' title='bbox 2266 1364 2334 1418; x_wconf 88' lang='lat' dir='ltr'><strong>ad</strong></span> <span class='ocrx_word' id='word_1_309' title='bbox 2380 1380 2488 1429; x_wconf 89' lang='lat' dir='ltr'><strong>me,</strong></span> <span class='ocrx_word' id='word_1_310' title='bbox 2516 1365 2736 1418; x_wconf 84' lang='lat' dir='ltr'><strong>locutus</strong></span> <span class='ocrx_word' id='word_1_311' title='bbox 2759 1378 2880 1416; x_wconf 91' lang='lat' dir='ltr'><strong>sum</strong></span> <span class='ocrx_word' id='word_1_312' title='bbox 2908 1362 3098 1416; x_wconf 90' lang='lat' dir='ltr'><strong>dicens</strong></span> <span class='ocrx_word' id='word_1_313' title='bbox 3136 1378 3148 1414; x_wconf 94' lang='lat'>:</span> <span class='ocrx_word' id='word_1_314' title='bbox 3185 1361 3240 1415; x_wconf 91' lang='lat' dir='ltr'><strong>Si</strong></span> <span class='ocrx_word' id='word_1_315' title='bbox 3281 1360 3416 1414; x_wconf 90' lang='lat' dir='ltr'><strong>mihi</strong></span> 
     </span>
    </p>
   </div>
   <div class='ocr_carea' id='block_1_44' title="bbox 1841 1455 3418 1528">
    <p class='ocr_par' dir='ltr' id='par_1_44' title="bbox 1841 1455 3418 1528">
     <span class='ocr_line' id='line_1_44' title="bbox 1841 1455 3418 1528; baseline -0.006 -14"><span class='ocrx_word' id='word_1_316' title='bbox 1841 1455 1998 1528; x_wconf 80' lang='lat'><strong>193</strong></span> <span class='ocrx_word' id='word_1_317' title='bbox 2016 1457 2233 1513; x_wconf 85' lang='lat' dir='ltr'><strong>dederit</strong></span> <span class='ocrx_word' id='word_1_318' title='bbox 2256 1457 2416 1511; x_wconf 89' lang='lat' dir='ltr'><strong>Balac</strong></span> <span class='ocrx_word' id='word_1_319' title='bbox 2441 1457 2659 1526; x_wconf 85' lang='lat' dir='ltr'><strong>plenam</strong></span> <span class='ocrx_word' id='word_1_320' title='bbox 2684 1456 2909 1510; x_wconf 91' lang='lat' dir='ltr'><strong>domum</strong></span> <span class='ocrx_word' id='word_1_321' title='bbox 2935 1470 3089 1509; x_wconf 91' lang='lat' dir='ltr'><strong>suam</strong></span> <span class='ocrx_word' id='word_1_322' title='bbox 3116 1460 3344 1524; x_wconf 87' lang='lat' dir='ltr'><strong>argento</strong></span> <span class='ocrx_word' id='word_1_323' title='bbox 3363 1461 3418 1506; x_wconf 92' lang='lat' dir='ltr'><strong>et</strong></span> 
     </span>
    </p>
   </div>
   <div class='ocr_carea' id='block_1_45' title="bbox 1837 1543 3420 1618">
    <p class='ocr_par' dir='ltr' id='par_1_45' title="bbox 1837 1543 3420 1618">
     <span class='ocr_line' id='line_1_45' title="bbox 1837 1543 3420 1618; baseline -0.005 -14"><span class='ocrx_word' id='word_1_324' title='bbox 1837 1567 1994 1614; x_wconf 90' lang='lat' dir='ltr'><strong>auro,</strong></span> <span class='ocrx_word' id='word_1_325' title='bbox 2033 1565 2143 1604; x_wconf 90' lang='lat' dir='ltr'><strong>non</strong></span> <span class='ocrx_word' id='word_1_326' title='bbox 2159 1556 2350 1618; x_wconf 85' lang='lat' dir='ltr'><strong>potero</strong></span> <span class='ocrx_word' id='word_1_327' title='bbox 2377 1548 2656 1617; x_wconf 66' lang='lat' dir='ltr'><strong>praeterire</strong></span> <span class='ocrx_word' id='word_1_328' title='bbox 2707 1546 2935 1600; x_wconf 90' lang='lat' dir='ltr'><strong>verbum</strong></span> <span class='ocrx_word' id='word_1_329' title='bbox 2979 1545 3217 1609; x_wconf 89' lang='lat' dir='ltr'><strong>Domini,</strong></span> <span class='ocrx_word' id='word_1_330' title='bbox 3259 1552 3320 1598; x_wconf 93' lang='lat' dir='ltr'><strong>ut</strong></span> <span class='ocrx_word' id='word_1_331' title='bbox 3343 1543 3420 1597; x_wconf 85' lang='lat' dir='ltr'><strong>fa-</strong></span> 
     </span>
    </p>
   </div>
   <div class='ocr_carea' id='block_1_46' title="bbox 1839 1636 3418 1708">
    <p class='ocr_par' dir='ltr' id='par_1_46' title="bbox 1839 1636 3418 1708">
     <span class='ocr_line' id='line_1_46' title="bbox 1839 1636 3418 1708; baseline -0.004 -14"><span class='ocrx_word' id='word_1_332' title='bbox 1839 1639 1976 1694; x_wconf 83' lang='lat' dir='ltr'><strong>ciam</strong></span> <span class='ocrx_word' id='word_1_333' title='bbox 2001 1639 2100 1708; x_wconf 89' lang='lat' dir='ltr'><strong>ipsi</strong></span> <span class='ocrx_word' id='word_1_334' title='bbox 2127 1639 2332 1692; x_wconf 90' lang='lat' dir='ltr'><strong>bonum</strong></span> <span class='ocrx_word' id='word_1_335' title='bbox 2358 1646 2453 1691; x_wconf 92' lang='lat' dir='ltr'><strong>aut</strong></span> <span class='ocrx_word' id='word_1_336' title='bbox 2489 1637 2694 1690; x_wconf 90' lang='lat' dir='ltr'><strong>malum</strong></span> <span class='ocrx_word' id='word_1_337' title='bbox 2728 1652 2758 1690; x_wconf 93' lang='lat' dir='ltr'><strong>a</strong></span> <span class='ocrx_word' id='word_1_338' title='bbox 2783 1651 2869 1691; x_wconf 91' lang='lat' dir='ltr'><strong>me</strong></span> <span class='ocrx_word' id='word_1_339' title='bbox 2896 1636 3054 1706; x_wconf 86' lang='lat' dir='ltr'><strong>ipso?</strong></span> <span class='ocrx_word' id='word_1_340' title='bbox 3078 1650 3418 1705; x_wconf 64' lang='lat' dir='ltr'><strong>quaecunque</strong></span> 
     </span>
    </p>
   </div>
   <div class='ocr_carea' id='block_1_47' title="bbox 1841 1725 3421 1792">
    <p class='ocr_par' dir='ltr' id='par_1_47' title="bbox 1841 1725 3421 1792">
     <span class='ocr_line' id='line_1_47' title="bbox 1841 1725 3421 1792; baseline -0.004 -8"><span class='ocrx_word' id='word_1_341' title='bbox 1841 1730 2042 1785; x_wconf 81' lang='lat' dir='ltr'><strong>dixerit</strong></span> <span class='ocrx_word' id='word_1_342' title='bbox 2092 1728 2227 1783; x_wconf 86' lang='lat' dir='ltr'><strong>mihi</strong></span> <span class='ocrx_word' id='word_1_343' title='bbox 2272 1729 2437 1792; x_wconf 91' lang='lat' dir='ltr'><strong>Deus,</strong></span> <span class='ocrx_word' id='word_1_344' title='bbox 2479 1727 2596 1782; x_wconf 82' lang='lat' dir='ltr'><strong>haec</strong></span> <span class='ocrx_word' id='word_1_345' title='bbox 2650 1727 2893 1782; x_wconf 86' lang='lat' dir='ltr'><strong>dicam&quot;.</strong></span> <span class='ocrx_word' id='word_1_346' title='bbox 2937 1746 2955 1778; x_wconf 73' lang='grc' dir='ltr'><strong>ι</strong></span> <span class='ocrx_word' id='word_1_347' title='bbox 3002 1725 3421 1782; x_wconf 87' lang='lat' dir='ltr'><strong>Consueverunt</strong></span> 
     </span>
    </p>
   </div>
   <div class='ocr_carea' id='block_1_48' title="bbox 1843 1819 3420 1889">
    <p class='ocr_par' dir='ltr' id='par_1_48' title="bbox 1843 1819 3420 1889">
     <span class='ocr_line' id='line_1_48' title="bbox 1843 1819 3420 1889; baseline -0.004 -11"><span class='ocrx_word' id='word_1_348' title='bbox 1843 1823 1991 1878; x_wconf 89' lang='lat' dir='ltr'><strong>enim</strong></span> <span class='ocrx_word' id='word_1_349' title='bbox 2030 1821 2152 1876; x_wconf 81' lang='lat' dir='ltr'><strong>falsi</strong></span> <span class='ocrx_word' id='word_1_350' title='bbox 2186 1820 2523 1874; x_wconf 87' lang='lat' dir='ltr'><strong>divinatores</strong></span> <span class='ocrx_word' id='word_1_351' title='bbox 2550 1820 2617 1873; x_wconf 88' lang='lat' dir='ltr'><strong>iis</strong></span> <span class='ocrx_word' id='word_1_352' title='bbox 2641 1836 2860 1889; x_wconf 90' lang='lat' dir='ltr'><strong>quoque</strong></span> <span class='ocrx_word' id='word_1_353' title='bbox 2886 1819 3175 1874; x_wconf 76' lang='lat' dir='ltr'><strong>fallacibus</strong></span> <span class='ocrx_word' id='word_1_354' title='bbox 3204 1819 3282 1873; x_wconf 90' lang='lat' dir='ltr'><strong>uti</strong></span> <span class='ocrx_word' id='word_1_355' title='bbox 3320 1833 3420 1872; x_wconf 90' lang='lat' dir='ltr'><strong>vo-</strong></span> 
     </span>
    </p>
   </div>
   <div class='ocr_carea' id='block_1_49' title="bbox 1841 1910 3421 1978">
    <p class='ocr_par' dir='ltr' id='par_1_49' title="bbox 1841 1910 3421 1978">
     <span class='ocr_line' id='line_1_49' title="bbox 1841 1910 3421 1978; baseline -0.004 -8"><span class='ocrx_word' id='word_1_356' title='bbox 1841 1915 2016 1978; x_wconf 88' lang='lat' dir='ltr'><strong>cibus,</strong></span> <span class='ocrx_word' id='word_1_357' title='bbox 2057 1930 2119 1968; x_wconf 93' lang='lat' dir='ltr'><strong>ac</strong></span> <span class='ocrx_word' id='word_1_358' title='bbox 2145 1913 2404 1966; x_wconf 88' lang='lat' dir='ltr'><strong>simulare</strong></span> <span class='ocrx_word' id='word_1_359' title='bbox 2436 1927 2494 1965; x_wconf 91' lang='lat' dir='ltr'><strong>se</strong></span> <span class='ocrx_word' id='word_1_360' title='bbox 2522 1911 2931 1966; x_wconf 87' lang='lat' dir='ltr'><strong>sciscitantibus</strong></span> <span class='ocrx_word' id='word_1_361' title='bbox 2960 1927 3152 1966; x_wconf 86' lang='lat' dir='ltr'><strong>verum</strong></span> <span class='ocrx_word' id='word_1_362' title='bbox 3195 1910 3421 1964; x_wconf 92' lang='lat' dir='ltr'><strong>omnino</strong></span> 
     </span>
    </p>
   </div>
   <div class='ocr_carea' id='block_1_50' title="bbox 1842 2004 3422 2079">
    <p class='ocr_par' dir='ltr' id='par_1_50' title="bbox 1842 2004 3422 2079">
     <span class='ocr_line' id='line_1_50' title="bbox 1842 2004 3422 2079; baseline -0.005 -15"><span class='ocrx_word' id='word_1_363' title='bbox 1842 2024 2224 2079; x_wconf 89' lang='lat' dir='ltr'><strong>responsuros.</strong></span> <span class='ocrx_word' id='word_1_364' title='bbox 2283 2007 2375 2062; x_wconf 89' lang='lat' dir='ltr'><strong>Sic</strong></span> <span class='ocrx_word' id='word_1_365' title='bbox 2425 2006 2588 2076; x_wconf 80' lang='lat' dir='ltr'><strong>igitur</strong></span> <span class='ocrx_word' id='word_1_366' title='bbox 2639 2005 2861 2070; x_wconf 83' lang='lat' dir='ltr'><strong>habeto,</strong></span> <span class='ocrx_word' id='word_1_367' title='bbox 2888 2021 3078 2059; x_wconf 90' lang='lat' dir='ltr'><strong>verum</strong></span> <span class='ocrx_word' id='word_1_368' title='bbox 3104 2004 3276 2073; x_wconf 89' lang='lat' dir='ltr'><strong>loqui,</strong></span> <span class='ocrx_word' id='word_1_369' title='bbox 3301 2018 3422 2057; x_wconf 90' lang='lat' dir='ltr'><strong>esse</strong></span> 
     </span>
    </p>
   </div>
   <div class='ocr_carea' id='block_1_51' title="bbox 1842 2097 3412 2170">
    <p class='ocr_par' dir='ltr' id='par_1_51' title="bbox 1842 2097 3412 2170">
     <span class='ocr_line' id='line_1_51' title="bbox 1842 2097 3412 2170; baseline -0.006 -13"><span class='ocrx_word' id='word_1_370' title='bbox 1842 2104 1910 2157; x_wconf 90' lang='lat' dir='ltr'><strong>ab</strong></span> <span class='ocrx_word' id='word_1_371' title='bbox 1931 2103 2333 2157; x_wconf 90' lang='lat' dir='ltr'><strong>incantatorum</strong></span> <span class='ocrx_word' id='word_1_372' title='bbox 2378 2110 2435 2156; x_wconf 91' lang='lat' dir='ltr'><strong>et</strong></span> <span class='ocrx_word' id='word_1_373' title='bbox 2452 2115 2734 2170; x_wconf 80' lang='lat' dir='ltr'><strong>magorum</strong></span> <span class='ocrx_word' id='word_1_374' title='bbox 2753 2108 2868 2154; x_wconf 89' lang='lat' dir='ltr'><strong>arte</strong></span> <span class='ocrx_word' id='word_1_375' title='bbox 2886 2112 3114 2168; x_wconf 88' lang='lat' dir='ltr'><strong>prorsus</strong></span> <span class='ocrx_word' id='word_1_376' title='bbox 3138 2097 3377 2149; x_wconf 91' lang='lat' dir='ltr'><strong>alienum</strong></span> <span class='ocrx_word' id='word_1_377' title='bbox 3398 2113 3412 2148; x_wconf 90' lang='lat'>:</span> 
     </span>
    </p>
   </div>
   <div class='ocr_carea' id='block_1_52' title="bbox 1845 2188 3421 2257">
    <p class='ocr_par' dir='ltr' id='par_1_52' title="bbox 1845 2188 3421 2257">
     <span class='ocr_line' id='line_1_52' title="bbox 1845 2188 3421 2257; baseline -0.008 -7"><span class='ocrx_word' id='word_1_378' title='bbox 1845 2196 1963 2250; x_wconf 88' lang='lat' dir='ltr'><strong>fieri</strong></span> <span class='ocrx_word' id='word_1_379' title='bbox 1989 2204 2174 2250; x_wconf 89' lang='lat' dir='ltr'><strong>autem</strong></span> <span class='ocrx_word' id='word_1_380' title='bbox 2218 2193 2494 2249; x_wconf 89' lang='lat' dir='ltr'><strong>interdum</strong></span> <span class='ocrx_word' id='word_1_381' title='bbox 2521 2202 2632 2246; x_wconf 89' lang='lat' dir='ltr'><strong>uta</strong></span> <span class='ocrx_word' id='word_1_382' title='bbox 2665 2192 2777 2245; x_wconf 89' lang='lat' dir='ltr'><strong>Deo</strong></span> <span class='ocrx_word' id='word_1_383' title='bbox 2810 2190 3015 2244; x_wconf 87' lang='lat' dir='ltr'><strong>veritas</strong></span> <span class='ocrx_word' id='word_1_384' title='bbox 3071 2188 3421 2257; x_wconf 73' lang='lat' dir='ltr'><strong>adiungatur,</strong></span> 
     </span>
    </p>
   </div>
   <div class='ocr_carea' id='block_1_53' title="bbox 1845 2280 3424 2352">
    <p class='ocr_par' dir='ltr' id='par_1_53' title="bbox 1845 2280 3424 2352">
     <span class='ocr_line' id='line_1_53' title="bbox 1845 2280 3424 2352; baseline -0.007 -10"><span class='ocrx_word' id='word_1_385' title='bbox 1845 2286 2265 2342; x_wconf 89' lang='lat' dir='ltr'><strong>utnefariorum</strong></span> <span class='ocrx_word' id='word_1_386' title='bbox 2307 2284 2590 2339; x_wconf 87' lang='lat' dir='ltr'><strong>hominum</strong></span> <span class='ocrx_word' id='word_1_387' title='bbox 2633 2283 2799 2338; x_wconf 90' lang='lat' dir='ltr'><strong>animi</strong></span> <span class='ocrx_word' id='word_1_388' title='bbox 2834 2280 3190 2352; x_wconf 67' lang='lat' dir='ltr'><strong>praedictione</strong></span> <span class='ocrx_word' id='word_1_389' title='bbox 3239 2291 3424 2333; x_wconf 90' lang='lat' dir='ltr'><strong>rerum</strong></span> 
     </span>
    </p>
   </div>
   <div class='ocr_carea' id='block_1_54' title="bbox 1843 2380 2817 2446">
    <p class='ocr_par' dir='ltr' id='par_1_54' title="bbox 1843 2380 2817 2446">
     <span class='ocr_line' id='line_1_54' title="bbox 1843 2380 2817 2446; baseline -0.004 -12"><span class='ocrx_word' id='word_1_390' title='bbox 1843 2380 2152 2435; x_wconf 90' lang='lat' dir='ltr'><strong>futurarum</strong></span> <span class='ocrx_word' id='word_1_391' title='bbox 2178 2380 2534 2434; x_wconf 83' lang='lat' dir='ltr'><strong>vehementer</strong></span> <span class='ocrx_word' id='word_1_392' title='bbox 2563 2385 2817 2446; x_wconf 67' lang='lat' dir='ltr'><strong>aestuent.</strong></span> 
     </span>
    </p>
   </div>
   <div class='ocr_carea' id='block_1_55' title="bbox 1916 2558 2438 2614">
    <p class='ocr_par' dir='ltr' id='par_1_55' title="bbox 1916 2558 2438 2614">
     <span class='ocr_line' id='line_1_55' title="bbox 1916 2558 2438 2614; baseline -0.006 0"><span class='ocrx_word' id='word_1_393' title='bbox 1916 2558 2112 2614; x_wconf 84' lang='lat' dir='ltr'><strong>PALL.</strong></span> <span class='ocrx_word' id='word_1_394' title='bbox 2134 2558 2438 2612; x_wconf 83' lang='lat' dir='ltr'><strong>Assentior.</strong></span> 
     </span>
    </p>
   </div>
   <div class='ocr_carea' id='block_1_56' title="bbox 1914 2641 3429 2713">
    <p class='ocr_par' dir='ltr' id='par_1_56' title="bbox 1914 2641 3429 2713">
     <span class='ocr_line' id='line_1_56' title="bbox 1914 2641 3429 2713; baseline -0.008 -8"><span class='ocrx_word' id='word_1_395' title='bbox 1914 2649 2072 2705; x_wconf 73' lang='grc' dir='ltr'><strong>ΟΥΕ.</strong></span> <span class='ocrx_word' id='word_1_396' title='bbox 2099 2649 2233 2703; x_wconf 85' lang='lat' dir='ltr'><strong>Nam</strong></span> <span class='ocrx_word' id='word_1_397' title='bbox 2272 2648 2453 2702; x_wconf 90' lang='lat' dir='ltr'><strong>odisse</strong></span> <span class='ocrx_word' id='word_1_398' title='bbox 2492 2647 2662 2701; x_wconf 89' lang='lat' dir='ltr'><strong>Deum</strong></span> <span class='ocrx_word' id='word_1_399' title='bbox 2699 2643 3013 2713; x_wconf 79' lang='lat' dir='ltr'><strong>liujusmodi</strong></span> <span class='ocrx_word' id='word_1_400' title='bbox 3049 2643 3166 2696; x_wconf 88' lang='lat' dir='ltr'><strong>sive</strong></span> <span class='ocrx_word' id='word_1_401' title='bbox 3189 2641 3429 2711; x_wconf 83' lang='lat' dir='ltr'><strong>magicas</strong></span> 
     </span>
    </p>
   </div>
   <div class='ocr_carea' id='block_1_57' title="bbox 1845 2729 3429 2811">
    <p class='ocr_par' dir='ltr' id='par_1_57' title="bbox 1845 2729 3429 2811">
     <span class='ocr_line' id='line_1_57' title="bbox 1845 2729 3429 2811; baseline -0.011 -13"><span class='ocrx_word' id='word_1_402' title='bbox 1845 2741 2190 2811; x_wconf 87' lang='lat' dir='ltr'><strong>disciplinas,</strong></span> <span class='ocrx_word' id='word_1_403' title='bbox 2217 2739 2331 2794; x_wconf 84' lang='lat' dir='ltr'><strong>sive</strong></span> <span class='ocrx_word' id='word_1_404' title='bbox 2355 2746 2562 2792; x_wconf 89' lang='lat' dir='ltr'><strong>temere</strong></span> <span class='ocrx_word' id='word_1_405' title='bbox 2596 2735 2746 2789; x_wconf 88' lang='lat' dir='ltr'><strong>fusas</strong></span> <span class='ocrx_word' id='word_1_406' title='bbox 2768 2749 2948 2797; x_wconf 86' lang='lat' dir='ltr'><strong>voces,</strong></span> <span class='ocrx_word' id='word_1_407' title='bbox 2987 2746 3190 2801; x_wconf 88' lang='lat' dir='ltr'><strong>easque</strong></span> <span class='ocrx_word' id='word_1_408' title='bbox 3227 2729 3429 2784; x_wconf 85' lang='lat' dir='ltr'><strong>dissol-</strong></span> 
     </span>
    </p>
   </div>
   <div class='ocr_carea' id='block_1_58' title="bbox 1845 2821 3426 2902">
    <p class='ocr_par' dir='ltr' id='par_1_58' title="bbox 1845 2821 3426 2902">
     <span class='ocr_line' id='line_1_58' title="bbox 1845 2821 3426 2902; baseline -0.009 -13"><span class='ocrx_word' id='word_1_409' title='bbox 1845 2850 1999 2898; x_wconf 90' lang='lat' dir='ltr'><strong>vere,</strong></span> <span class='ocrx_word' id='word_1_410' title='bbox 2043 2834 2253 2902; x_wconf 89' lang='lat' dir='ltr'><strong>liquere</strong></span> <span class='ocrx_word' id='word_1_411' title='bbox 2290 2831 2494 2901; x_wconf 90' lang='lat' dir='ltr'><strong>poterit</strong></span> <span class='ocrx_word' id='word_1_412' title='bbox 2539 2845 2606 2884; x_wconf 90' lang='lat' dir='ltr'><strong>ex</strong></span> <span class='ocrx_word' id='word_1_413' title='bbox 2644 2829 2762 2898; x_wconf 87' lang='lat' dir='ltr'><strong>ejus</strong></span> <span class='ocrx_word' id='word_1_414' title='bbox 2808 2825 3013 2890; x_wconf 88' lang='lat' dir='ltr'><strong>verbis,</strong></span> <span class='ocrx_word' id='word_1_415' title='bbox 3057 2839 3183 2879; x_wconf 92' lang='lat' dir='ltr'><strong>cum</strong></span> <span class='ocrx_word' id='word_1_416' title='bbox 3231 2821 3368 2876; x_wconf 88' lang='lat' dir='ltr'><strong>dicit</strong></span> <span class='ocrx_word' id='word_1_417' title='bbox 3411 2837 3426 2875; x_wconf 89' lang='lat'><strong>:</strong></span> 
     </span>
    </p>
   </div>
   <div class='ocr_carea' id='block_1_59' title="bbox 1855 2918 3427 2998">
    <p class='ocr_par' dir='ltr' id='par_1_59' title="bbox 1855 2918 3427 2998">
     <span class='ocr_line' id='line_1_59' title="bbox 1855 2918 3427 2998; baseline -0.01 -18"><span class='ocrx_word' id='word_1_418' title='bbox 1855 2947 1873 2980; x_wconf 83' lang='grc'>‹</span> <span class='ocrx_word' id='word_1_419' title='bbox 1913 2927 2026 2998; x_wconf 85' lang='lat' dir='ltr'><strong>Ego</strong></span> <span class='ocrx_word' id='word_1_420' title='bbox 2059 2925 2325 2980; x_wconf 88' lang='lat' dir='ltr'><strong>Dominus</strong></span> <span class='ocrx_word' id='word_1_421' title='bbox 2367 2925 2512 2977; x_wconf 91' lang='lat' dir='ltr'><strong>Deus</strong></span> <span class='ocrx_word' id='word_1_422' title='bbox 2549 2922 2604 2986; x_wconf 76' lang='grc'><strong>⁸;</strong></span> <span class='ocrx_word' id='word_1_423' title='bbox 2651 2940 2667 2971; x_wconf 73' lang='grc' dir='ltr'><strong>ι</strong></span> <span class='ocrx_word' id='word_1_424' title='bbox 2707 2928 2763 2974; x_wconf 90' lang='lat' dir='ltr'><strong>et</strong></span> <span class='ocrx_word' id='word_1_425' title='bbox 2813 2918 2878 2972; x_wconf 88' lang='lat' dir='ltr'><strong>ad</strong></span> <span class='ocrx_word' id='word_1_426' title='bbox 2932 2918 3048 2971; x_wconf 63' lang='lat' dir='ltr'><strong>haec</strong></span> <span class='ocrx_word' id='word_1_427' title='bbox 3090 2923 3353 2984; x_wconf 76' lang='lat' dir='ltr'><strong>prreterca</strong></span> <span class='ocrx_word' id='word_1_428' title='bbox 3412 2928 3427 2965; x_wconf 88' lang='lat'><strong>:</strong></span> 
     </span>
    </p>
   </div>
   <div class='ocr_carea' id='block_1_60' title="bbox 1857 3003 3429 3084">
    <p class='ocr_par' dir='ltr' id='par_1_60' title="bbox 1857 3003 3429 3084">
     <span class='ocr_line' id='line_1_60' title="bbox 1857 3003 3429 3084; baseline -0.011 -14"><span class='ocrx_word' id='word_1_429' title='bbox 1857 3038 1874 3070; x_wconf 79' lang='grc' dir='ltr'><strong>ι</strong></span> <span class='ocrx_word' id='word_1_430' title='bbox 1905 3017 2039 3084; x_wconf 87' lang='lat' dir='ltr'><strong>Quis</strong></span> <span class='ocrx_word' id='word_1_431' title='bbox 2061 3017 2200 3072; x_wconf 89' lang='lat' dir='ltr'><strong>alius</strong></span> <span class='ocrx_word' id='word_1_432' title='bbox 2224 3013 2513 3083; x_wconf 86' lang='lat' dir='ltr'><strong>dissipabit</strong></span> <span class='ocrx_word' id='word_1_433' title='bbox 2549 3012 2701 3080; x_wconf 84' lang='lat' dir='ltr'><strong>signa</strong></span> <span class='ocrx_word' id='word_1_434' title='bbox 2748 3009 3073 3079; x_wconf 74' lang='lat' dir='ltr'><strong>pythonum,</strong></span> <span class='ocrx_word' id='word_1_435' title='bbox 3115 3013 3171 3058; x_wconf 91' lang='lat' dir='ltr'><strong>et</strong></span> <span class='ocrx_word' id='word_1_436' title='bbox 3215 3003 3429 3056; x_wconf 89' lang='lat' dir='ltr'><strong>divina-</strong></span> 
     </span>
    </p>
   </div>
   <div class='ocr_carea' id='block_1_61' title="bbox 166 3088 1750 3189">
    <p class='ocr_par' dir='ltr' id='par_1_61' title="bbox 166 3088 1748 3172">
     <span class='ocr_line' id='line_1_61' title="bbox 166 3088 1748 3172; baseline -0.011 -15"><span class='ocrx_word' id='word_1_437' title='bbox 166 3100 534 3172; x_wconf 64' lang='grc' dir='ltr'>ἀποστρέφων</span> <span class='ocrx_word' id='word_1_438' title='bbox 558 3098 854 3169; x_wconf 80' lang='grc' dir='ltr'>φρονίμους</span> <span class='ocrx_word' id='word_1_439' title='bbox 876 3097 955 3158; x_wconf 86' lang='grc' dir='ltr'><strong>είς</strong></span> <span class='ocrx_word' id='word_1_440' title='bbox 979 3095 1047 3146; x_wconf 75' lang='grc' dir='ltr'><strong>τά</strong></span> <span class='ocrx_word' id='word_1_441' title='bbox 1068 3093 1263 3155; x_wconf 83' lang='grc' dir='ltr'>ὀπίσω,</span> <span class='ocrx_word' id='word_1_442' title='bbox 1302 3091 1397 3145; x_wconf 73' lang='grc' dir='ltr'>καὶ</span> <span class='ocrx_word' id='word_1_443' title='bbox 1417 3092 1519 3151; x_wconf 83' lang='grc' dir='ltr'>τὴν</span> <span class='ocrx_word' id='word_1_444' title='bbox 1553 3088 1748 3160; x_wconf 83' lang='grc' dir='ltr'>βουλὴν</span> 
     </span>
    </p>
   </div>
   <div class='ocr_carea' id='block_1_62' title="bbox 1855 3088 3433 3189">
    <p class='ocr_par' dir='ltr' id='par_1_62' title="bbox 1855 3098 3433 3170">
     <span class='ocr_line' id='line_1_62' title="bbox 1855 3098 3433 3170; baseline -0.015 -5"><span class='ocrx_word' id='word_1_445' title='bbox 1855 3110 2030 3166; x_wconf 89' lang='lat' dir='ltr'><strong>tiones</strong></span> <span class='ocrx_word' id='word_1_446' title='bbox 2053 3107 2120 3162; x_wconf 91' lang='lat' dir='ltr'><strong>de</strong></span> <span class='ocrx_word' id='word_1_447' title='bbox 2144 3107 2328 3169; x_wconf 88' lang='lat' dir='ltr'><strong>corde,</strong></span> <span class='ocrx_word' id='word_1_448' title='bbox 2356 3111 2684 3160; x_wconf 90' lang='lat' dir='ltr'><strong>convertens</strong></span> <span class='ocrx_word' id='word_1_449' title='bbox 2701 3098 3002 3170; x_wconf 88' lang='lat' dir='ltr'><strong>prudentes</strong></span> <span class='ocrx_word' id='word_1_450' title='bbox 3028 3103 3354 3155; x_wconf 87' lang='lat' dir='ltr'><strong>retrorsum,</strong></span> <span class='ocrx_word' id='word_1_451' title='bbox 3376 3099 3433 3144; x_wconf 91' lang='lat' dir='ltr'><strong>et</strong></span> 
     </span>
    </p>
   </div>
   <div class='ocr_carea' id='block_1_63' title="bbox 167 3182 1748 3264">
    <p class='ocr_par' dir='ltr' id='par_1_63' title="bbox 167 3182 1748 3264">
     <span class='ocr_line' id='line_1_63' title="bbox 167 3182 1748 3264; baseline -0.011 -13"><span class='ocrx_word' id='word_1_452' title='bbox 167 3196 352 3252; x_wconf 80' lang='grc' dir='ltr'>αὐτῶν</span> <span class='ocrx_word' id='word_1_453' title='bbox 399 3191 683 3264; x_wconf 87' lang='grc' dir='ltr'>μωρεύων,</span> <span class='ocrx_word' id='word_1_454' title='bbox 724 3189 818 3244; x_wconf 71' lang='grc' dir='ltr'>καὶ</span> <span class='ocrx_word' id='word_1_455' title='bbox 861 3186 1022 3241; x_wconf 77' lang='grc' dir='ltr'>ἱστῶν</span> <span class='ocrx_word' id='word_1_456' title='bbox 1077 3186 1296 3257; x_wconf 79' lang='grc' dir='ltr'>ῥήματα</span> <span class='ocrx_word' id='word_1_457' title='bbox 1350 3183 1540 3246; x_wconf 81' lang='grc' dir='ltr'>παιδὸς</span> <span class='ocrx_word' id='word_1_458' title='bbox 1584 3182 1748 3235; x_wconf 80' lang='grc' dir='ltr'>αὑτοῦ</span> 
     </span>
    </p>
   </div>
   <div class='ocr_carea' id='block_1_64' title="bbox 167 3274 1743 3360">
    <p class='ocr_par' dir='ltr' id='par_1_64' title="bbox 167 3274 1743 3360">
     <span class='ocr_line' id='line_1_64' title="bbox 167 3274 1743 3360; baseline -0.013 -16"><span class='ocrx_word' id='word_1_459' title='bbox 167 3291 267 3344; x_wconf 69' lang='grc' dir='ltr'>καὶ</span> <span class='ocrx_word' id='word_1_460' title='bbox 320 3288 422 3360; x_wconf 83' lang='grc' dir='ltr'>τὴν</span> <span class='ocrx_word' id='word_1_461' title='bbox 475 3283 668 3358; x_wconf 85' lang='grc' dir='ltr'>βουλὴν</span> <span class='ocrx_word' id='word_1_462' title='bbox 715 3282 822 3336; x_wconf 89' lang='grc' dir='ltr'><strong>τῶν</strong></span> <span class='ocrx_word' id='word_1_463' title='bbox 861 3280 1115 3350; x_wconf 80' lang='grc' dir='ltr'>ἀγγέλων</span> <span class='ocrx_word' id='word_1_464' title='bbox 1159 3274 1326 3332; x_wconf 81' lang='grc' dir='ltr'>αὑτοῦ</span> <span class='ocrx_word' id='word_1_465' title='bbox 1375 3274 1654 3346; x_wconf 84' lang='grc' dir='ltr'>ἀληθεύων</span> <span class='ocrx_word' id='word_1_466' title='bbox 1682 3291 1696 3340; x_wconf 89' lang='grc'>;</span> <span class='ocrx_word' id='word_1_467' title='bbox 1724 3291 1743 3324; x_wconf 84' lang='grc'><strong>›</strong></span> 
     </span>
    </p>
   </div>
   <div class='ocr_carea' id='block_1_65' title="bbox 168 3365 1753 3452">
    <p class='ocr_par' dir='ltr' id='par_1_65' title="bbox 168 3365 1753 3452">
     <span class='ocr_line' id='line_1_65' title="bbox 168 3365 1753 3452; baseline -0.014 -13"><span class='ocrx_word' id='word_1_468' title='bbox 168 3383 455 3444; x_wconf 78' lang='grc' dir='ltr'>Μαντείας</span> <span class='ocrx_word' id='word_1_469' title='bbox 485 3380 585 3450; x_wconf 82' lang='grc' dir='ltr'>μὲν</span> <span class='ocrx_word' id='word_1_470' title='bbox 618 3379 725 3450; x_wconf 85' lang='grc' dir='ltr'><strong>γὰρ</strong></span> <span class='ocrx_word' id='word_1_471' title='bbox 769 3374 869 3440; x_wconf 80' lang='grc' dir='ltr'><strong>τὰς</strong></span> <span class='ocrx_word' id='word_1_472' title='bbox 900 3374 1008 3429; x_wconf 85' lang='grc' dir='ltr'>ἀπὸ</span> <span class='ocrx_word' id='word_1_473' title='bbox 1053 3373 1303 3452; x_wconf 83' lang='grc' dir='ltr'>καρδίας,</span> <span class='ocrx_word' id='word_1_474' title='bbox 1334 3370 1535 3431; x_wconf 81' lang='grc' dir='ltr'>ἑώλους</span> <span class='ocrx_word' id='word_1_475' title='bbox 1567 3384 1626 3419; x_wconf 85' lang='grc' dir='ltr'><strong>τε</strong></span> <span class='ocrx_word' id='word_1_476' title='bbox 1659 3365 1753 3419; x_wconf 71' lang='grc' dir='ltr'><strong>καὶ</strong></span> 
     </span>
    </p>
   </div>
   <div class='ocr_carea' id='block_1_66' title="bbox 169 3458 1749 3547">
    <p class='ocr_par' dir='ltr' id='par_1_66' title="bbox 169 3458 1749 3547">
     <span class='ocr_line' id='line_1_66' title="bbox 169 3458 1749 3547; baseline -0.012 -18"><span class='ocrx_word' id='word_1_477' title='bbox 169 3476 493 3547; x_wconf 70' lang='grc' dir='ltr'>ψευδοεπεῐς</span> <span class='ocrx_word' id='word_1_478' title='bbox 544 3472 870 3540; x_wconf 73' lang='grc' dir='ltr'>ἀποφαίνειο</span> <span class='ocrx_word' id='word_1_479' title='bbox 926 3467 1020 3521; x_wconf 91' lang='grc' dir='ltr'><strong>τοῦ</strong></span> <span class='ocrx_word' id='word_1_480' title='bbox 1067 3483 1131 3536; x_wconf 90' lang='grc' dir='ltr'><strong>γε</strong></span> <span class='ocrx_word' id='word_1_481' title='bbox 1193 3465 1299 3536; x_wconf 86' lang='grc' dir='ltr'>μὴν</span> <span class='ocrx_word' id='word_1_482' title='bbox 1359 3461 1488 3516; x_wconf 80' lang='grc' dir='ltr'>ἰδίου</span> <span class='ocrx_word' id='word_1_483' title='bbox 1544 3458 1749 3521; x_wconf 84' lang='grc' dir='ltr'>παιδὸς,</span> 
     </span>
    </p>
   </div>
   <div class='ocr_carea' id='block_1_67' title="bbox 172 3549 1754 3636">
    <p class='ocr_par' dir='ltr' id='par_1_67' title="bbox 172 3549 1754 3636">
     <span class='ocr_line' id='line_1_67' title="bbox 172 3549 1754 3636; baseline -0.013 -15"><span class='ocrx_word' id='word_1_484' title='bbox 172 3567 426 3622; x_wconf 84' lang='grc' dir='ltr'>τουτέστι</span> <span class='ocrx_word' id='word_1_485' title='bbox 458 3563 714 3636; x_wconf 79' lang='grc' dir='ltr'>Χριστοῦ,</span> <span class='ocrx_word' id='word_1_486' title='bbox 748 3563 928 3616; x_wconf 88' lang='grc' dir='ltr'>πάντα</span> <span class='ocrx_word' id='word_1_487' title='bbox 966 3560 1064 3630; x_wconf 85' lang='grc' dir='ltr'>μὲν</span> <span class='ocrx_word' id='word_1_488' title='bbox 1115 3558 1298 3626; x_wconf 81' lang='grc' dir='ltr'>ἵστησι</span> <span class='ocrx_word' id='word_1_489' title='bbox 1349 3554 1506 3622; x_wconf 87' lang='grc' dir='ltr'>λόγον</span> <span class='ocrx_word' id='word_1_490' title='bbox 1527 3569 1540 3583; x_wconf 88' lang='grc'><strong>·</strong></span> <span class='ocrx_word' id='word_1_491' title='bbox 1565 3552 1666 3622; x_wconf 82' lang='grc' dir='ltr'>τὴν</span> <span class='ocrx_word' id='word_1_492' title='bbox 1698 3549 1754 3602; x_wconf 80' lang='grc' dir='ltr'>δὲ</span> 
     </span>
    </p>
   </div>
   <div class='ocr_carea' id='block_1_68' title="bbox 176 3641 1754 3730">
    <p class='ocr_par' dir='ltr' id='par_1_68' title="bbox 176 3641 1754 3730">
     <span class='ocr_line' id='line_1_68' title="bbox 176 3641 1754 3730; baseline -0.01 -20"><span class='ocrx_word' id='word_1_493' title='bbox 176 3657 377 3730; x_wconf 79' lang='grc' dir='ltr'>βουλὴν</span> <span class='ocrx_word' id='word_1_494' title='bbox 423 3655 532 3708; x_wconf 86' lang='grc' dir='ltr'><strong>τῶν</strong></span> <span class='ocrx_word' id='word_1_495' title='bbox 583 3654 827 3722; x_wconf 85' lang='grc' dir='ltr'>ἀγγέλων</span> <span class='ocrx_word' id='word_1_496' title='bbox 871 3649 1060 3716; x_wconf 84' lang='grc' dir='ltr'>αὐτοῦ,</span> <span class='ocrx_word' id='word_1_497' title='bbox 1102 3646 1400 3711; x_wconf 82' lang='grc' dir='ltr'>τουτέστιν,</span> <span class='ocrx_word' id='word_1_498' title='bbox 1431 3644 1466 3698; x_wconf 74' lang='grc' dir='ltr'><strong>ἃ</strong></span> <span class='ocrx_word' id='word_1_499' title='bbox 1522 3642 1589 3697; x_wconf 83' lang='grc' dir='ltr'>ἂν</span> <span class='ocrx_word' id='word_1_500' title='bbox 1629 3641 1754 3713; x_wconf 81' lang='grc' dir='ltr'>βού-</span> 
     </span>
    </p>
   </div>
   <div class='ocr_carea' id='block_1_69' title="bbox 174 3737 1754 3815">
    <p class='ocr_par' dir='ltr' id='par_1_69' title="bbox 174 3737 1754 3815">
     <span class='ocr_line' id='line_1_69' title="bbox 174 3737 1754 3815; baseline -0.011 -12"><span class='ocrx_word' id='word_1_501' title='bbox 174 3751 353 3803; x_wconf 80' lang='grc' dir='ltr'>λοιντο</span> <span class='ocrx_word' id='word_1_502' title='bbox 386 3747 587 3810; x_wconf 85' lang='grc' dir='ltr'>λαλεῖν,</span> <span class='ocrx_word' id='word_1_503' title='bbox 639 3747 688 3798; x_wconf 84' lang='grc' dir='ltr'><strong>οί</strong></span> <span class='ocrx_word' id='word_1_504' title='bbox 733 3745 833 3815; x_wconf 86' lang='grc' dir='ltr'><strong>τῆς</strong></span> <span class='ocrx_word' id='word_1_505' title='bbox 883 3745 968 3797; x_wconf 82' lang='grc' dir='ltr'><strong>ἐπ’</strong></span> <span class='ocrx_word' id='word_1_506' title='bbox 1013 3741 1176 3796; x_wconf 84' lang='grc' dir='ltr'>αὐτοῦ</span> <span class='ocrx_word' id='word_1_507' title='bbox 1229 3739 1464 3801; x_wconf 84' lang='grc' dir='ltr'>πίστεως</span> <span class='ocrx_word' id='word_1_508' title='bbox 1495 3737 1754 3806; x_wconf 84' lang='grc' dir='ltr'>κήρυκες,</span> 
     </span>
    </p>
   </div>
   <div class='ocr_carea' id='block_1_70' title="bbox 175 3826 1757 3906">
    <p class='ocr_par' dir='ltr' id='par_1_70' title="bbox 175 3826 1757 3906">
     <span class='ocr_line' id='line_1_70' title="bbox 175 3826 1757 3906; baseline -0.012 -12"><span class='ocrx_word' id='word_1_509' title='bbox 175 3841 354 3894; x_wconf 84' lang='grc' dir='ltr'>ταῦτα</span> <span class='ocrx_word' id='word_1_510' title='bbox 383 3837 438 3893; x_wconf 85' lang='grc' dir='ltr'>δὲ</span> <span class='ocrx_word' id='word_1_511' title='bbox 467 3837 642 3890; x_wconf 87' lang='grc' dir='ltr'>πάντα.</span> <span class='ocrx_word' id='word_1_512' title='bbox 673 3835 928 3906; x_wconf 80' lang='grc' dir='ltr'>ἀληθείας</span> <span class='ocrx_word' id='word_1_513' title='bbox 959 3833 1179 3904; x_wconf 77' lang='grc' dir='ltr'>ἔμπλεω</span> <span class='ocrx_word' id='word_1_514' title='bbox 1209 3828 1460 3892; x_wconf 85' lang='grc' dir='ltr'>δεικνύει,</span> <span class='ocrx_word' id='word_1_515' title='bbox 1510 3826 1757 3897; x_wconf 78' lang='grc' dir='ltr'>σημείοις</span> 
     </span>
    </p>
   </div>
   <div class='ocr_carea' id='block_1_71' title="bbox 179 3914 1755 4001">
    <p class='ocr_par' dir='ltr' id='par_1_71' title="bbox 179 3914 1755 4001">
     <span class='ocr_line' id='line_1_71' title="bbox 179 3914 1755 4001; baseline -0.011 -16"><span class='ocrx_word' id='word_1_516' title='bbox 179 3949 235 3985; x_wconf 88' lang='grc' dir='ltr'><strong>τε</strong></span> <span class='ocrx_word' id='word_1_517' title='bbox 269 3931 367 3984; x_wconf 71' lang='grc' dir='ltr'>καὶ</span> <span class='ocrx_word' id='word_1_518' title='bbox 413 3928 606 4001; x_wconf 85' lang='grc' dir='ltr'>τέρασι</span> <span class='ocrx_word' id='word_1_519' title='bbox 653 3925 1114 4000; x_wconf 82' lang='grc' dir='ltr'>προσμαρτυρῶν,</span> <span class='ocrx_word' id='word_1_520' title='bbox 1152 3923 1246 3976; x_wconf 74' lang='grc' dir='ltr'>καὶ</span> <span class='ocrx_word' id='word_1_521' title='bbox 1285 3924 1405 3984; x_wconf 84' lang='grc' dir='ltr'>ταῖς</span> <span class='ocrx_word' id='word_1_522' title='bbox 1439 3919 1630 3981; x_wconf 77' lang='grc' dir='ltr'>ἄλλαις</span> <span class='ocrx_word' id='word_1_523' title='bbox 1660 3914 1755 3969; x_wconf 89' lang='grc' dir='ltr'><strong>τοῦ</strong></span> 
     </span>
    </p>
   </div>
   <div class='ocr_carea' id='block_1_72' title="bbox 189 4013 1757 4093">
    <p class='ocr_par' dir='ltr' id='par_1_72' title="bbox 189 4013 1757 4093">
     <span class='ocr_line' id='line_1_72' title="bbox 189 4013 1757 4093; baseline -0.01 -17"><span class='ocrx_word' id='word_1_524' title='bbox 189 4023 510 4093; x_wconf 87' lang='grc' dir='ltr'>Πνεύματος</span> <span class='ocrx_word' id='word_1_525' title='bbox 539 4020 866 4092; x_wconf 84' lang='grc' dir='ltr'>ἐνεργείαις.</span> <span class='ocrx_word' id='word_1_526' title='bbox 902 4019 1048 4088; x_wconf 76' lang='grc' dir='ltr'>Ἔφη</span> <span class='ocrx_word' id='word_1_527' title='bbox 1078 4017 1135 4070; x_wconf 86' lang='grc' dir='ltr'><strong>δέ</strong></span> <span class='ocrx_word' id='word_1_528' title='bbox 1169 4033 1272 4069; x_wconf 89' lang='grc' dir='ltr'><strong>που</strong></span> <span class='ocrx_word' id='word_1_529' title='bbox 1296 4013 1481 4080; x_wconf 86' lang='grc' dir='ltr'>πάλιν,</span> <span class='ocrx_word' id='word_1_530' title='bbox 1511 4026 1757 4065; x_wconf 82' lang='grc' dir='ltr'>κατονει-</span> 
     </span>
    </p>
   </div>
   <div class='ocr_carea' id='block_1_73' title="bbox 181 4101 1759 4182">
    <p class='ocr_par' dir='ltr' id='par_1_73' title="bbox 181 4101 1759 4182">
     <span class='ocr_line' id='line_1_73' title="bbox 181 4101 1759 4182; baseline -0.011 -12"><span class='ocrx_word' id='word_1_531' title='bbox 181 4115 342 4180; x_wconf 82' lang='grc' dir='ltr'>δίζων</span> <span class='ocrx_word' id='word_1_532' title='bbox 370 4115 484 4168; x_wconf 75' lang='grc' dir='ltr'>τισὶ</span> <span class='ocrx_word' id='word_1_533' title='bbox 530 4113 600 4169; x_wconf 86' lang='grc' dir='ltr'><strong>τὰ</strong></span> <span class='ocrx_word' id='word_1_534' title='bbox 653 4112 788 4167; x_wconf 79' lang='grc' dir='ltr'>Θεοῦ</span> <span class='ocrx_word' id='word_1_535' title='bbox 819 4112 969 4182; x_wconf 87' lang='grc' dir='ltr'>νόμῳ</span> <span class='ocrx_word' id='word_1_536' title='bbox 1008 4105 1508 4178; x_wconf 77' lang='grc' dir='ltr'>κεκιϐδηλευμένα·</span> <span class='ocrx_word' id='word_1_537' title='bbox 1549 4122 1566 4154; x_wconf 81' lang='grc' dir='ltr'><strong>ι</strong></span> <span class='ocrx_word' id='word_1_538' title='bbox 1596 4101 1759 4173; x_wconf 88' lang='grc' dir='ltr'>Στῆθι</span> 
     </span>
    </p>
   </div>
   <div class='ocr_carea' id='block_1_74' title="bbox 182 4197 1760 4271">
    <p class='ocr_par' dir='ltr' id='par_1_74' title="bbox 182 4197 1760 4271">
     <span class='ocr_line' id='line_1_74' title="bbox 182 4197 1760 4271; baseline -0.011 -8"><span class='ocrx_word' id='word_1_539' title='bbox 182 4210 362 4263; x_wconf 90' lang='grc' dir='ltr'>τοίνυν</span> <span class='ocrx_word' id='word_1_540' title='bbox 391 4211 449 4261; x_wconf 91' lang='grc' dir='ltr'><strong>ἐν</strong></span> <span class='ocrx_word' id='word_1_541' title='bbox 481 4209 598 4270; x_wconf 88' lang='grc' dir='ltr'>ταῖς</span> <span class='ocrx_word' id='word_1_542' title='bbox 632 4205 905 4267; x_wconf 76' lang='grc' dir='ltr'>ἐπαοιδαῖς</span> <span class='ocrx_word' id='word_1_543' title='bbox 951 4220 1066 4268; x_wconf 91' lang='grc' dir='ltr'>σου,</span> <span class='ocrx_word' id='word_1_544' title='bbox 1104 4201 1199 4255; x_wconf 76' lang='grc' dir='ltr'>καὶ</span> <span class='ocrx_word' id='word_1_545' title='bbox 1240 4202 1306 4271; x_wconf 83' lang='grc' dir='ltr'><strong>τῇ</strong></span> <span class='ocrx_word' id='word_1_546' title='bbox 1337 4197 1504 4269; x_wconf 81' lang='grc' dir='ltr'>πολλῇ</span> <span class='ocrx_word' id='word_1_547' title='bbox 1537 4211 1760 4267; x_wconf 86' lang='grc' dir='ltr'>φαρμα-</span> 
     </span>
    </p>
   </div>
   <div class='ocr_carea' id='block_1_75' title="bbox 185 4287 1762 4373">
    <p class='ocr_par' dir='ltr' id='par_1_75' title="bbox 185 4287 1762 4373">
     <span class='ocr_line' id='line_1_75' title="bbox 185 4287 1762 4373; baseline -0.013 -16"><span class='ocrx_word' id='word_1_548' title='bbox 185 4303 308 4373; x_wconf 76' lang='grc' dir='ltr'>κεία</span> <span class='ocrx_word' id='word_1_549' title='bbox 354 4318 471 4363; x_wconf 87' lang='grc' dir='ltr'>σου,</span> <span class='ocrx_word' id='word_1_550' title='bbox 506 4299 542 4354; x_wconf 78' lang='grc' dir='ltr'><strong>ά</strong></span> <span class='ocrx_word' id='word_1_551' title='bbox 578 4297 879 4369; x_wconf 77' lang='grc' dir='ltr'>ἐμάνθανες</span> <span class='ocrx_word' id='word_1_552' title='bbox 906 4297 970 4348; x_wconf 87' lang='grc' dir='ltr'><strong>ἐκ</strong></span> <span class='ocrx_word' id='word_1_553' title='bbox 1009 4292 1261 4364; x_wconf 85' lang='grc' dir='ltr'>νεότητός</span> <span class='ocrx_word' id='word_1_554' title='bbox 1317 4308 1434 4352; x_wconf 88' lang='grc' dir='ltr'>σου,</span> <span class='ocrx_word' id='word_1_555' title='bbox 1467 4291 1514 4342; x_wconf 82' lang='grc' dir='ltr'><strong>εί</strong></span> <span class='ocrx_word' id='word_1_556' title='bbox 1557 4287 1762 4356; x_wconf 81' lang='grc' dir='ltr'>δυνήσῃ</span> 
     </span>
    </p>
   </div>
   <div class='ocr_carea' id='block_1_76' title="bbox 185 4377 1800 4462">
    <p class='ocr_par' dir='ltr' id='par_1_76' title="bbox 185 4377 1800 4462">
     <span class='ocr_line' id='line_1_76' title="bbox 185 4377 1800 4462; baseline -0.012 -15"><span class='ocrx_word' id='word_1_557' title='bbox 185 4391 565 4462; x_wconf 81' lang='grc' dir='ltr'>ὠφεληθῆναι·</span> <span class='ocrx_word' id='word_1_558' title='bbox 605 4388 939 4450; x_wconf 86' lang='grc' dir='ltr'>κεκοπίακας</span> <span class='ocrx_word' id='word_1_559' title='bbox 969 4389 1027 4439; x_wconf 81' lang='grc' dir='ltr'><strong>ἐν</strong></span> <span class='ocrx_word' id='word_1_560' title='bbox 1057 4386 1176 4448; x_wconf 85' lang='grc' dir='ltr'>ταῖς</span> <span class='ocrx_word' id='word_1_561' title='bbox 1224 4381 1436 4452; x_wconf 87' lang='grc' dir='ltr'>βουλαῖς</span> <span class='ocrx_word' id='word_1_562' title='bbox 1483 4397 1597 4443; x_wconf 92' lang='grc' dir='ltr'>σου,</span> <span class='ocrx_word' id='word_1_563' title='bbox 1637 4377 1800 4458; x_wconf 47' lang='grc' dir='ltr'>στή-.</span> 
     </span>
    </p>
   </div>
   <div class='ocr_carea' id='block_1_77' title="bbox 1854 3183 3435 3255">
    <p class='ocr_par' dir='ltr' id='par_1_77' title="bbox 1854 3183 3435 3255">
     <span class='ocr_line' id='line_1_77' title="bbox 1854 3183 3435 3255; baseline -0.014 0"><span class='ocrx_word' id='word_1_564' title='bbox 1854 3200 2147 3255; x_wconf 88' lang='lat' dir='ltr'><strong>consilium</strong></span> <span class='ocrx_word' id='word_1_565' title='bbox 2189 3211 2384 3252; x_wconf 89' lang='lat' dir='ltr'><strong>eorum</strong></span> <span class='ocrx_word' id='word_1_566' title='bbox 2429 3196 2657 3247; x_wconf 90' lang='lat' dir='ltr'><strong>stultum</strong></span> <span class='ocrx_word' id='word_1_567' title='bbox 2716 3189 2962 3244; x_wconf 81' lang='lat' dir='ltr'><strong>faciens?</strong></span> <span class='ocrx_word' id='word_1_568' title='bbox 3015 3195 3071 3240; x_wconf 92' lang='lat' dir='ltr'><strong>et</strong></span> <span class='ocrx_word' id='word_1_569' title='bbox 3103 3183 3435 3238; x_wconf 86' lang='lat' dir='ltr'><strong>confirmans</strong></span> 
     </span>
    </p>
   </div>
   <div class='ocr_carea' id='block_1_78' title="bbox 1855 3283 3432 3363">
    <p class='ocr_par' dir='ltr' id='par_1_78' title="bbox 1855 3283 3432 3363">
     <span class='ocr_line' id='line_1_78' title="bbox 1855 3283 3432 3363; baseline -0.01 -14"><span class='ocrx_word' id='word_1_570' title='bbox 1855 3295 2022 3350; x_wconf 81' lang='lat' dir='ltr'><strong>verba</strong></span> <span class='ocrx_word' id='word_1_571' title='bbox 2059 3294 2216 3363; x_wconf 91' lang='lat' dir='ltr'><strong>pueri</strong></span> <span class='ocrx_word' id='word_1_572' title='bbox 2261 3292 2370 3355; x_wconf 89' lang='lat' dir='ltr'><strong>sui,</strong></span> <span class='ocrx_word' id='word_1_573' title='bbox 2397 3297 2452 3343; x_wconf 93' lang='lat' dir='ltr'><strong>et</strong></span> <span class='ocrx_word' id='word_1_574' title='bbox 2489 3288 2816 3344; x_wconf 86' lang='lat' dir='ltr'><strong>sententiam</strong></span> <span class='ocrx_word' id='word_1_575' title='bbox 2852 3283 3171 3337; x_wconf 89' lang='lat' dir='ltr'><strong>nuntiorum</strong></span> <span class='ocrx_word' id='word_1_576' title='bbox 3208 3295 3432 3334; x_wconf 88' lang='lat' dir='ltr'><strong>suorum</strong></span> 
     </span>
    </p>
   </div>
   <div class='ocr_carea' id='block_1_79' title="bbox 1855 3370 3435 3452">
    <p class='ocr_par' dir='ltr' id='par_1_79' title="bbox 1855 3370 3435 3452">
     <span class='ocr_line' id='line_1_79' title="bbox 1855 3370 3435 3452; baseline -0.011 -11"><span class='ocrx_word' id='word_1_577' title='bbox 1855 3389 2039 3441; x_wconf 77' lang='lat' dir='ltr'><strong>veram</strong></span> <span class='ocrx_word' id='word_1_578' title='bbox 2070 3382 2434 3452; x_wconf 91' lang='lat' dir='ltr'><strong>comprobans</strong></span> <span class='ocrx_word' id='word_1_579' title='bbox 2455 3381 2519 3433; x_wconf 70' lang='lat'><strong>9?</strong></span> <span class='ocrx_word' id='word_1_580' title='bbox 2551 3399 2567 3430; x_wconf 74' lang='grc' dir='ltr'><strong>ι</strong></span> <span class='ocrx_word' id='word_1_581' title='bbox 2599 3376 2973 3433; x_wconf 86' lang='lat' dir='ltr'><strong>Divinationes</strong></span> <span class='ocrx_word' id='word_1_582' title='bbox 2998 3374 3145 3427; x_wconf 91' lang='lat' dir='ltr'><strong>enim</strong></span> <span class='ocrx_word' id='word_1_583' title='bbox 3170 3372 3236 3426; x_wconf 89' lang='lat' dir='ltr'><strong>de</strong></span> <span class='ocrx_word' id='word_1_584' title='bbox 3268 3370 3435 3426; x_wconf 88' lang='lat' dir='ltr'><strong>corde</strong></span> 
     </span>
    </p>
   </div>
   <div class='ocr_carea' id='block_1_80' title="bbox 1851 3463 3433 3549">
    <p class='ocr_par' dir='ltr' id='par_1_80' title="bbox 1851 3463 3433 3549">
     <span class='ocr_line' id='line_1_80' title="bbox 1851 3463 3433 3549; baseline -0.011 -17"><span class='ocrx_word' id='word_1_585' title='bbox 1851 3480 2084 3549; x_wconf 88' lang='lat' dir='ltr'><strong>jactatas</strong></span> <span class='ocrx_word' id='word_1_586' title='bbox 2106 3491 2275 3528; x_wconf 87' lang='lat' dir='ltr'><strong>vanas</strong></span> <span class='ocrx_word' id='word_1_587' title='bbox 2314 3490 2376 3528; x_wconf 91' lang='lat' dir='ltr'><strong>ac</strong></span> <span class='ocrx_word' id='word_1_588' title='bbox 2393 3471 2683 3526; x_wconf 89' lang='lat' dir='ltr'><strong>mendaces</strong></span> <span class='ocrx_word' id='word_1_589' title='bbox 2707 3466 3096 3530; x_wconf 86' lang='lat' dir='ltr'><strong>ostendit;sed</strong></span> <span class='ocrx_word' id='word_1_590' title='bbox 3132 3463 3287 3534; x_wconf 89' lang='lat' dir='ltr'><strong>pueri</strong></span> <span class='ocrx_word' id='word_1_591' title='bbox 3326 3464 3433 3526; x_wconf 88' lang='lat' dir='ltr'><strong>sui,</strong></span> 
     </span>
    </p>
   </div>
   <div class='ocr_carea' id='block_1_81' title="bbox 1857 3551 3436 3631">
    <p class='ocr_par' dir='ltr' id='par_1_81' title="bbox 1857 3551 3436 3631">
     <span class='ocr_line' id='line_1_81' title="bbox 1857 3551 3436 3631; baseline -0.013 -8"><span class='ocrx_word' id='word_1_592' title='bbox 1857 3568 1913 3623; x_wconf 93' lang='lat' dir='ltr'><strong>id</strong></span> <span class='ocrx_word' id='word_1_593' title='bbox 1936 3576 2038 3631; x_wconf 90' lang='lat' dir='ltr'><strong>est,</strong></span> <span class='ocrx_word' id='word_1_594' title='bbox 2063 3564 2292 3628; x_wconf 87' lang='lat' dir='ltr'><strong>Christi,</strong></span> <span class='ocrx_word' id='word_1_595' title='bbox 2317 3563 2497 3617; x_wconf 88' lang='lat' dir='ltr'><strong>omnia</strong></span> <span class='ocrx_word' id='word_1_596' title='bbox 2534 3561 2702 3614; x_wconf 88' lang='lat' dir='ltr'><strong>verba</strong></span> <span class='ocrx_word' id='word_1_597' title='bbox 2738 3556 3025 3612; x_wconf 87' lang='lat' dir='ltr'><strong>confirmat</strong></span> <span class='ocrx_word' id='word_1_598' title='bbox 3059 3572 3072 3607; x_wconf 76' lang='grc' dir='ltr'><strong>ε</strong></span> <span class='ocrx_word' id='word_1_599' title='bbox 3109 3551 3436 3608; x_wconf 88' lang='lat' dir='ltr'><strong>sententiam</strong></span> 
     </span>
    </p>
   </div>
   <div class='ocr_carea' id='block_1_82' title="bbox 1857 3651 3438 3734">
    <p class='ocr_par' dir='ltr' id='par_1_82' title="bbox 1857 3651 3438 3734">
     <span class='ocr_line' id='line_1_82' title="bbox 1857 3651 3438 3734; baseline -0.013 -17"><span class='ocrx_word' id='word_1_600' title='bbox 1857 3677 2023 3734; x_wconf 90' lang='lat' dir='ltr'><strong>porro</strong></span> <span class='ocrx_word' id='word_1_601' title='bbox 2040 3658 2369 3734; x_wconf 85' lang='lat' dir='ltr'><strong>nuntiorum</strong></span> <span class='ocrx_word' id='word_1_602' title='bbox 2393 3668 2640 3719; x_wconf 91' lang='lat' dir='ltr'><strong>suorum,</strong></span> <span class='ocrx_word' id='word_1_603' title='bbox 2683 3651 2735 3705; x_wconf 92' lang='lat' dir='ltr'><strong>id</strong></span> <span class='ocrx_word' id='word_1_604' title='bbox 2761 3658 2943 3704; x_wconf 87' lang='lat' dir='ltr'><strong>autem</strong></span> <span class='ocrx_word' id='word_1_605' title='bbox 2967 3657 3068 3712; x_wconf 91' lang='lat' dir='ltr'><strong>est,</strong></span> <span class='ocrx_word' id='word_1_606' title='bbox 3098 3658 3438 3717; x_wconf 63' lang='lat' dir='ltr'><strong>quaecunque</strong></span> 
     </span>
    </p>
   </div>
   <div class='ocr_carea' id='block_1_83' title="bbox 1857 3733 3439 3821">
    <p class='ocr_par' dir='ltr' id='par_1_83' title="bbox 1857 3733 3439 3821">
     <span class='ocr_line' id='line_1_83' title="bbox 1857 3733 3439 3821; baseline -0.013 -11"><span class='ocrx_word' id='word_1_607' title='bbox 1857 3733 2133 3810; x_wconf 84' lang='lat' dir='ltr'><strong>voluerint</strong></span> <span class='ocrx_word' id='word_1_608' title='bbox 2166 3750 2316 3821; x_wconf 91' lang='lat' dir='ltr'><strong>loqui</strong></span> <span class='ocrx_word' id='word_1_609' title='bbox 2360 3747 2504 3810; x_wconf 84' lang='lat' dir='ltr'><strong>fidei,</strong></span> <span class='ocrx_word' id='word_1_610' title='bbox 2533 3761 2654 3816; x_wconf 72' lang='lat' dir='ltr'><strong>qua:</strong></span> <span class='ocrx_word' id='word_1_611' title='bbox 2679 3744 2734 3798; x_wconf 92' lang='lat' dir='ltr'><strong>in</strong></span> <span class='ocrx_word' id='word_1_612' title='bbox 2771 3759 2897 3796; x_wconf 88' lang='lat' dir='ltr'><strong>eum</strong></span> <span class='ocrx_word' id='word_1_613' title='bbox 2935 3740 3190 3802; x_wconf 87' lang='lat' dir='ltr'><strong>habetur,</strong></span> <span class='ocrx_word' id='word_1_614' title='bbox 3228 3751 3439 3806; x_wconf 71' lang='lat' dir='ltr'><strong>praeco-</strong></span> 
     </span>
    </p>
   </div>
   <div class='ocr_carea' id='block_1_84' title="bbox 1858 3832 3437 3910">
    <p class='ocr_par' dir='ltr' id='par_1_84' title="bbox 1858 3832 3437 3910">
     <span class='ocr_line' id='line_1_84' title="bbox 1858 3832 3437 3910; baseline -0.013 -9"><span class='ocrx_word' id='word_1_615' title='bbox 1858 3861 1975 3910; x_wconf 83' lang='lat' dir='ltr'><strong>nes,</strong></span> <span class='ocrx_word' id='word_1_616' title='bbox 2012 3845 2128 3900; x_wconf 60' lang='lat' dir='ltr'><strong>haec</strong></span> <span class='ocrx_word' id='word_1_617' title='bbox 2164 3843 2390 3897; x_wconf 90' lang='lat' dir='ltr'><strong>omnino</strong></span> <span class='ocrx_word' id='word_1_618' title='bbox 2428 3837 2678 3894; x_wconf 85' lang='lat' dir='ltr'><strong>veritatis</strong></span> <span class='ocrx_word' id='word_1_619' title='bbox 2721 3851 2840 3890; x_wconf 89' lang='lat' dir='ltr'><strong>esse</strong></span> <span class='ocrx_word' id='word_1_620' title='bbox 2873 3835 3033 3904; x_wconf 89' lang='lat' dir='ltr'><strong>plena</strong></span> <span class='ocrx_word' id='word_1_621' title='bbox 3064 3832 3437 3891; x_wconf 88' lang='lat' dir='ltr'><strong>demonstrat,</strong></span> 
     </span>
    </p>
   </div>
   <div class='ocr_carea' id='block_1_85' title="bbox 1861 3914 3444 4003">
    <p class='ocr_par' dir='ltr' id='par_1_85' title="bbox 1861 3914 3444 4003">
     <span class='ocr_line' id='line_1_85' title="bbox 1861 3914 3444 4003; baseline -0.015 -13"><span class='ocrx_word' id='word_1_622' title='bbox 1861 3951 1983 3991; x_wconf 94' lang='lat' dir='ltr'><strong>cum</strong></span> <span class='ocrx_word' id='word_1_623' title='bbox 2011 3935 2118 3988; x_wconf 90' lang='lat' dir='ltr'><strong>illis</strong></span> <span class='ocrx_word' id='word_1_624' title='bbox 2141 3932 2312 4003; x_wconf 81' lang='lat' dir='ltr'><strong>signis</strong></span> <span class='ocrx_word' id='word_1_625' title='bbox 2345 3938 2511 3999; x_wconf 86' lang='lat' dir='ltr'><strong>atque</strong></span> <span class='ocrx_word' id='word_1_626' title='bbox 2543 3924 2813 3997; x_wconf 86' lang='lat' dir='ltr'><strong>prodigiis</strong></span> <span class='ocrx_word' id='word_1_627' title='bbox 2863 3928 3177 3982; x_wconf 88' lang='lat' dir='ltr'><strong>attestetur,</strong></span> <span class='ocrx_word' id='word_1_628' title='bbox 3223 3925 3279 3970; x_wconf 92' lang='lat' dir='ltr'><strong>et</strong></span> <span class='ocrx_word' id='word_1_629' title='bbox 3319 3914 3444 3968; x_wconf 88' lang='lat' dir='ltr'><strong>aliis</strong></span> 
     </span>
    </p>
   </div>
   <div class='ocr_carea' id='block_1_86' title="bbox 1862 4013 3441 4096">
    <p class='ocr_par' dir='ltr' id='par_1_86' title="bbox 1862 4013 3441 4096">
     <span class='ocr_line' id='line_1_86' title="bbox 1862 4013 3441 4096; baseline -0.015 -14"><span class='ocrx_word' id='word_1_630' title='bbox 1862 4025 2099 4096; x_wconf 83' lang='lat' dir='ltr'><strong>Spiritus</strong></span> <span class='ocrx_word' id='word_1_631' title='bbox 2135 4024 2306 4079; x_wconf 89' lang='lat' dir='ltr'><strong>sancti</strong></span> <span class='ocrx_word' id='word_1_632' title='bbox 2357 4019 2785 4090; x_wconf 89' lang='lat' dir='ltr'><strong>operationibus.</strong></span> <span class='ocrx_word' id='word_1_633' title='bbox 2833 4015 2982 4069; x_wconf 81' lang='lat' dir='ltr'><strong>Dixit</strong></span> <span class='ocrx_word' id='word_1_634' title='bbox 3013 4013 3176 4067; x_wconf 88' lang='lat' dir='ltr'><strong>etiam</strong></span> <span class='ocrx_word' id='word_1_635' title='bbox 3228 4023 3441 4068; x_wconf 87' lang='lat' dir='ltr'><strong>rursus,</strong></span> 
     </span>
    </p>
   </div>
   <div class='ocr_carea' id='block_1_87' title="bbox 1861 4102 3443 4188">
    <p class='ocr_par' dir='ltr' id='par_1_87' title="bbox 1861 4102 3443 4188">
     <span class='ocr_line' id='line_1_87' title="bbox 1861 4102 3443 4188; baseline -0.016 -14"><span class='ocrx_word' id='word_1_636' title='bbox 1861 4134 1988 4175; x_wconf 90' lang='lat' dir='ltr'><strong>cum</strong></span> <span class='ocrx_word' id='word_1_637' title='bbox 2028 4116 2358 4188; x_wconf 89' lang='lat' dir='ltr'><strong>quibusdam</strong></span> <span class='ocrx_word' id='word_1_638' title='bbox 2395 4113 2535 4166; x_wconf 89' lang='lat' dir='ltr'><strong>facta</strong></span> <span class='ocrx_word' id='word_1_639' title='bbox 2589 4126 2710 4180; x_wconf 63' lang='lat' dir='ltr'><strong>quae</strong></span> <span class='ocrx_word' id='word_1_640' title='bbox 2742 4107 2841 4162; x_wconf 88' lang='lat' dir='ltr'><strong>Dei</strong></span> <span class='ocrx_word' id='word_1_641' title='bbox 2881 4106 2998 4174; x_wconf 86' lang='lat' dir='ltr'><strong>lege</strong></span> <span class='ocrx_word' id='word_1_642' title='bbox 3036 4102 3443 4170; x_wconf 85' lang='lat' dir='ltr'><strong>improbantur,</strong></span> 
     </span>
    </p>
   </div>
   <div class='ocr_carea' id='block_1_88' title="bbox 1862 4191 3446 4282">
    <p class='ocr_par' dir='ltr' id='par_1_88' title="bbox 1862 4191 3446 4282">
     <span class='ocr_line' id='line_1_88' title="bbox 1862 4191 3446 4282; baseline -0.018 -14"><span class='ocrx_word' id='word_1_643' title='bbox 1862 4212 2217 4282; x_wconf 84' lang='lat' dir='ltr'><strong>exprobraret</strong></span> <span class='ocrx_word' id='word_1_644' title='bbox 2249 4227 2260 4261; x_wconf 92' lang='lat'>:</span> <span class='ocrx_word' id='word_1_645' title='bbox 2297 4227 2313 4258; x_wconf 80' lang='grc' dir='ltr'><strong>ι</strong></span> <span class='ocrx_word' id='word_1_646' title='bbox 2355 4204 2637 4273; x_wconf 80' lang='lat' dir='ltr'><strong>Sta&#39;igitur</strong></span> <span class='ocrx_word' id='word_1_647' title='bbox 2658 4203 2712 4255; x_wconf 92' lang='lat' dir='ltr'><strong>in</strong></span> <span class='ocrx_word' id='word_1_648' title='bbox 2749 4195 3212 4252; x_wconf 89' lang='lat' dir='ltr'><strong>incantationibus</strong></span> <span class='ocrx_word' id='word_1_649' title='bbox 3238 4191 3362 4251; x_wconf 87' lang='lat' dir='ltr'><strong>luis,</strong></span> <span class='ocrx_word' id='word_1_650' title='bbox 3389 4198 3446 4242; x_wconf 85' lang='lat' dir='ltr'><strong>et</strong></span> 
     </span>
    </p>
   </div>
   <div class='ocr_carea' id='block_1_89' title="bbox 1866 4285 3434 4360">
    <p class='ocr_par' dir='ltr' id='par_1_89' title="bbox 1866 4285 3434 4360">
     <span class='ocr_line' id='line_1_89' title="bbox 1866 4285 3434 4360; baseline -0.016 -2"><span class='ocrx_word' id='word_1_651' title='bbox 1866 4304 1923 4358; x_wconf 89' lang='lat' dir='ltr'><strong>in</strong></span> <span class='ocrx_word' id='word_1_652' title='bbox 1955 4301 2145 4356; x_wconf 90' lang='lat' dir='ltr'><strong>multis</strong></span> <span class='ocrx_word' id='word_1_653' title='bbox 2173 4295 2455 4352; x_wconf 83' lang='lat' dir='ltr'><strong>veneficiis</strong></span> <span class='ocrx_word' id='word_1_654' title='bbox 2494 4294 2624 4354; x_wconf 91' lang='lat' dir='ltr'><strong>tuis,</strong></span> <span class='ocrx_word' id='word_1_655' title='bbox 2675 4305 2796 4360; x_wconf 70' lang='lat' dir='ltr'><strong>qua:</strong></span> <span class='ocrx_word' id='word_1_656' title='bbox 2817 4285 3057 4342; x_wconf 88' lang='lat' dir='ltr'><strong>didicisti</strong></span> <span class='ocrx_word' id='word_1_657' title='bbox 3096 4301 3125 4337; x_wconf 86' lang='lat' dir='ltr'><strong>a</strong></span> <span class='ocrx_word' id='word_1_658' title='bbox 3142 4285 3434 4352; x_wconf 85' lang='lat' dir='ltr'><strong>juventute</strong></span> 
     </span>
    </p>
   </div>
   <div class='ocr_carea' id='block_1_90' title="bbox 1868 4371 3443 4460">
    <p class='ocr_par' dir='ltr' id='par_1_90' title="bbox 1868 4371 3443 4460">
     <span class='ocr_line' id='line_1_90' title="bbox 1868 4371 3443 4460; baseline -0.016 -11"><span class='ocrx_word' id='word_1_659' title='bbox 1868 4403 1998 4459; x_wconf 86' lang='lat' dir='ltr'><strong>tua;</strong></span> <span class='ocrx_word' id='word_1_660' title='bbox 2023 4393 2069 4446; x_wconf 91' lang='lat' dir='ltr'><strong>si</strong></span> <span class='ocrx_word' id='word_1_661' title='bbox 2104 4389 2311 4460; x_wconf 88' lang='lat' dir='ltr'><strong>poteris</strong></span> <span class='ocrx_word' id='word_1_662' title='bbox 2347 4385 2528 4458; x_wconf 84' lang='lat' dir='ltr'><strong>juvari</strong></span> <span class='ocrx_word' id='word_1_663' title='bbox 2558 4403 2574 4450; x_wconf 87' lang='lat'><strong>;</strong></span> <span class='ocrx_word' id='word_1_664' title='bbox 2618 4379 2876 4438; x_wconf 90' lang='lat' dir='ltr'><strong>laborasti</strong></span> <span class='ocrx_word' id='word_1_665' title='bbox 2907 4379 2964 4432; x_wconf 91' lang='lat' dir='ltr'><strong>in</strong></span> <span class='ocrx_word' id='word_1_666' title='bbox 3009 4373 3249 4431; x_wconf 87' lang='lat' dir='ltr'><strong>consiliis</strong></span> <span class='ocrx_word' id='word_1_667' title='bbox 3293 4371 3398 4425; x_wconf 90' lang='lat' dir='ltr'><strong>tuis</strong></span> <span class='ocrx_word' id='word_1_668' title='bbox 3429 4390 3443 4424; x_wconf 75' lang='grc' dir='ltr'><strong>ι</strong></span> 
     </span>
    </p>
   </div>
   <div class='ocr_carea' id='block_1_91' title="bbox 186 4461 1750 4547">
    <p class='ocr_par' dir='ltr' id='par_1_91' title="bbox 186 4467 1750 4547">
     <span class='ocr_line' id='line_1_91' title="bbox 186 4467 1750 4547; baseline -0.013 -7"><span class='ocrx_word' id='word_1_669' title='bbox 186 4502 368 4540; x_wconf 81' lang='grc' dir='ltr'>τωσαν</span> <span class='ocrx_word' id='word_1_670' title='bbox 401 4484 496 4538; x_wconf 76' lang='grc' dir='ltr'>καὶ</span> <span class='ocrx_word' id='word_1_671' title='bbox 533 4481 860 4536; x_wconf 84' lang='grc' dir='ltr'>σωσάτωσάν</span> <span class='ocrx_word' id='word_1_672' title='bbox 891 4497 949 4532; x_wconf 92' lang='grc' dir='ltr'><strong>σε</strong></span> <span class='ocrx_word' id='word_1_673' title='bbox 973 4480 1022 4532; x_wconf 87' lang='grc' dir='ltr'><strong>οί</strong></span> <span class='ocrx_word' id='word_1_674' title='bbox 1049 4475 1366 4547; x_wconf 83' lang='grc' dir='ltr'>ἀστρολόγοι</span> <span class='ocrx_word' id='word_1_675' title='bbox 1392 4470 1485 4526; x_wconf 89' lang='grc' dir='ltr'><strong>τοῦ</strong></span> <span class='ocrx_word' id='word_1_676' title='bbox 1512 4467 1750 4540; x_wconf 48' lang='grc' dir='ltr'><strong>ούρανοῦΕ</strong></span> 
     </span>
    </p>
   </div>
   <div class='ocr_carea' id='block_1_92' title="bbox 1855 4461 3446 4547">
    <p class='ocr_par' dir='ltr' id='par_1_92' title="bbox 1871 4461 3446 4544">
     <span class='ocr_line' id='line_1_92' title="bbox 1871 4461 3446 4544; baseline -0.018 -2"><span class='ocrx_word' id='word_1_677' title='bbox 1871 4493 2017 4543; x_wconf 86' lang='lat' dir='ltr'><strong>stent</strong></span> <span class='ocrx_word' id='word_1_678' title='bbox 2037 4490 2094 4538; x_wconf 91' lang='lat' dir='ltr'><strong>et</strong></span> <span class='ocrx_word' id='word_1_679' title='bbox 2119 4482 2331 4536; x_wconf 91' lang='lat' dir='ltr'><strong>salvent</strong></span> <span class='ocrx_word' id='word_1_680' title='bbox 2354 4487 2407 4533; x_wconf 88' lang='lat' dir='ltr'><strong>te</strong></span> <span class='ocrx_word' id='word_1_681' title='bbox 2452 4474 2708 4544; x_wconf 83' lang='lat' dir='ltr'><strong>astrologi</strong></span> <span class='ocrx_word' id='word_1_682' title='bbox 2740 4471 2885 4535; x_wconf 67' lang='lat' dir='ltr'><strong>coeli,</strong></span> <span class='ocrx_word' id='word_1_683' title='bbox 2935 4468 3030 4539; x_wconf 90' lang='lat' dir='ltr'><strong>qui</strong></span> <span class='ocrx_word' id='word_1_684' title='bbox 3063 4461 3446 4531; x_wconf 85' lang='lat' dir='ltr'><strong>contemplan-</strong></span> 
     </span>
    </p>
   </div>
   <div class='ocr_carea' id='block_1_93' title="bbox 187 4558 1762 4646">
    <p class='ocr_par' dir='ltr' id='par_1_93' title="bbox 187 4558 1762 4646">
     <span class='ocr_line' id='line_1_93' title="bbox 187 4558 1762 4646; baseline -0.013 -16"><span class='ocrx_word' id='word_1_685' title='bbox 187 4577 238 4630; x_wconf 85' lang='grc' dir='ltr'><strong>οί</strong></span> <span class='ocrx_word' id='word_1_686' title='bbox 295 4573 532 4646; x_wconf 86' lang='grc' dir='ltr'>ὁρῶντες</span> <span class='ocrx_word' id='word_1_687' title='bbox 569 4573 696 4634; x_wconf 82' lang='grc' dir='ltr'>τοὺς</span> <span class='ocrx_word' id='word_1_688' title='bbox 729 4570 982 4638; x_wconf 85' lang='grc' dir='ltr'>ἀστέρας,</span> <span class='ocrx_word' id='word_1_689' title='bbox 1023 4562 1499 4634; x_wconf 84' lang='grc' dir='ltr'>ἁναγγειλάτωσάν</span> <span class='ocrx_word' id='word_1_690' title='bbox 1547 4575 1630 4611; x_wconf 90' lang='grc' dir='ltr'><strong>σοι</strong></span> <span class='ocrx_word' id='word_1_691' title='bbox 1663 4558 1690 4611; x_wconf 92' lang='lat' dir='ltr'><strong>&#39;o&#39;</strong></span> <span class='ocrx_word' id='word_1_692' title='bbox 1713 4575 1762 4610; x_wconf 92' lang='grc' dir='ltr'><strong>τι</strong></span> 
     </span>
    </p>
   </div>
   <div class='ocr_carea' id='block_1_94' title="bbox 193 4653 1765 4743">
    <p class='ocr_par' dir='ltr' id='par_1_94' title="bbox 193 4653 1765 4743">
     <span class='ocr_line' id='line_1_94' title="bbox 193 4653 1765 4743; baseline -0.015 -16"><span class='ocrx_word' id='word_1_693' title='bbox 193 4672 380 4743; x_wconf 85' lang='grc' dir='ltr'>μέλλει</span> <span class='ocrx_word' id='word_1_694' title='bbox 421 4670 514 4723; x_wconf 67' lang='grc' dir='ltr'>ἐπὶ</span> <span class='ocrx_word' id='word_1_695' title='bbox 564 4667 624 4722; x_wconf 79' lang='grc' dir='ltr'>σὲ</span> <span class='ocrx_word' id='word_1_696' title='bbox 678 4664 993 4737; x_wconf 74' lang='grc' dir='ltr'>ἔρχεσθαι.»</span> <span class='ocrx_word' id='word_1_697' title='bbox 1047 4663 1213 4735; x_wconf 83' lang='grc' dir='ltr'>Ὁρᾷς</span> <span class='ocrx_word' id='word_1_698' title='bbox 1269 4653 1363 4712; x_wconf 82' lang='grc' dir='ltr'><strong>οῦν</strong></span> <span class='ocrx_word' id='word_1_699' title='bbox 1407 4655 1481 4718; x_wconf 84' lang='grc' dir='ltr'>ὡς</span> <span class='ocrx_word' id='word_1_700' title='bbox 1531 4653 1765 4723; x_wconf 83' lang='grc' dir='ltr'>γέλωτος</span> 
     </span>
    </p>
   </div>
   <div class='ocr_carea' id='block_1_95' title="bbox 190 4746 1768 4825">
    <p class='ocr_par' dir='ltr' id='par_1_95' title="bbox 190 4746 1768 4825">
     <span class='ocr_line' id='line_1_95' title="bbox 190 4746 1768 4825; baseline -0.012 -11"><span class='ocrx_word' id='word_1_701' title='bbox 190 4760 351 4825; x_wconf 78' lang='grc' dir='ltr'>ἀξίαν</span> <span class='ocrx_word' id='word_1_702' title='bbox 399 4759 494 4812; x_wconf 70' lang='grc' dir='ltr'>καὶ</span> <span class='ocrx_word' id='word_1_703' title='bbox 544 4757 794 4825; x_wconf 71' lang='grc' dir='ltr'>ἀνωφελῆ</span> <span class='ocrx_word' id='word_1_704' title='bbox 846 4751 1122 4813; x_wconf 86' lang='grc' dir='ltr'>παντελῶς</span> <span class='ocrx_word' id='word_1_705' title='bbox 1142 4750 1240 4820; x_wconf 81' lang='grc' dir='ltr'>τὴν</span> <span class='ocrx_word' id='word_1_706' title='bbox 1272 4748 1546 4818; x_wconf 85' lang='grc' dir='ltr'>ἐπάρατον</span> <span class='ocrx_word' id='word_1_707' title='bbox 1573 4746 1768 4814; x_wconf 85' lang='grc' dir='ltr'>ἀστρο-</span> 
     </span>
    </p>
   </div>
   <div class='ocr_carea' id='block_1_96' title="bbox 189 4835 1769 4920">
    <p class='ocr_par' dir='ltr' id='par_1_96' title="bbox 189 4835 1769 4920">
     <span class='ocr_line' id='line_1_96' title="bbox 189 4835 1769 4920; baseline -0.011 -15"><span class='ocrx_word' id='word_1_708' title='bbox 189 4851 451 4920; x_wconf 83' lang='grc' dir='ltr'>γοητείαν</span> <span class='ocrx_word' id='word_1_709' title='bbox 501 4848 793 4917; x_wconf 79' lang='grc' dir='ltr'>ἀπελέγχει</span> <span class='ocrx_word' id='word_1_710' title='bbox 829 4845 980 4908; x_wconf 81' lang='grc' dir='ltr'>Θεός.</span> <span class='ocrx_word' id='word_1_711' title='bbox 1021 4845 1144 4898; x_wconf 85' lang='grc' dir='ltr'>’Ότι</span> <span class='ocrx_word' id='word_1_712' title='bbox 1189 4842 1246 4896; x_wconf 81' lang='grc' dir='ltr'>δὲ</span> <span class='ocrx_word' id='word_1_713' title='bbox 1276 4840 1440 4894; x_wconf 88' lang='grc' dir='ltr'>πάλιν</span> <span class='ocrx_word' id='word_1_714' title='bbox 1472 4837 1675 4907; x_wconf 85' lang='grc' dir='ltr'>πρέποι</span> <span class='ocrx_word' id='word_1_715' title='bbox 1704 4835 1769 4888; x_wconf 85' lang='grc' dir='ltr'>ἂν</span> 
     </span>
    </p>
   </div>
   <div class='ocr_carea' id='block_1_97' title="bbox 192 4927 1773 5013">
    <p class='ocr_par' dir='ltr' id='par_1_97' title="bbox 192 4927 1773 5013">
     <span class='ocr_line' id='line_1_97' title="bbox 192 4927 1773 5013; baseline -0.01 -17"><span class='ocrx_word' id='word_1_716' title='bbox 192 4942 341 5013; x_wconf 81' lang='grc' dir='ltr'><strong>αύτῷ</strong></span> <span class='ocrx_word' id='word_1_717' title='bbox 371 4943 466 4995; x_wconf 73' lang='grc' dir='ltr'>καὶ</span> <span class='ocrx_word' id='word_1_718' title='bbox 501 4941 644 5011; x_wconf 82' lang='grc' dir='ltr'>μόνῳ</span> <span class='ocrx_word' id='word_1_719' title='bbox 683 4940 744 4993; x_wconf 86' lang='grc' dir='ltr'>τὸ</span> <span class='ocrx_word' id='word_1_720' title='bbox 775 4937 1066 5009; x_wconf 80' lang='grc' dir='ltr'>νημερτὲς,</span> <span class='ocrx_word' id='word_1_721' title='bbox 1117 4934 1214 4990; x_wconf 73' lang='grc' dir='ltr'>καὶ</span> <span class='ocrx_word' id='word_1_722' title='bbox 1243 4933 1301 4986; x_wconf 83' lang='grc' dir='ltr'>τὸ</span> <span class='ocrx_word' id='word_1_723' title='bbox 1323 4933 1540 5001; x_wconf 75' lang='grc' dir='ltr'>ἕτοιμον</span> <span class='ocrx_word' id='word_1_724' title='bbox 1581 4930 1661 4993; x_wconf 81' lang='grc' dir='ltr'>εἰς</span> <span class='ocrx_word' id='word_1_725' title='bbox 1686 4927 1773 4981; x_wconf 86' lang='grc' dir='ltr'><strong>λό-</strong></span> 
     </span>
    </p>
   </div>
   <div class='ocr_carea' id='block_1_98' title="bbox 193 5021 1771 5104">
    <p class='ocr_par' dir='ltr' id='par_1_98' title="bbox 193 5021 1771 5104">
     <span class='ocr_line' id='line_1_98' title="bbox 193 5021 1771 5104; baseline -0.008 -18"><span class='ocrx_word' id='word_1_726' title='bbox 193 5048 325 5102; x_wconf 81' lang='grc' dir='ltr'>γους</span> <span class='ocrx_word' id='word_1_727' title='bbox 361 5033 488 5095; x_wconf 77' lang='grc' dir='ltr'>τοὺς</span> <span class='ocrx_word' id='word_1_728' title='bbox 523 5034 651 5104; x_wconf 58' lang='grc' dir='ltr'><strong>περὶ¹</strong></span> <span class='ocrx_word' id='word_1_729' title='bbox 691 5031 797 5084; x_wconf 88' lang='grc' dir='ltr'><strong>τῶν</strong></span> <span class='ocrx_word' id='word_1_730' title='bbox 829 5028 1047 5086; x_wconf 78' lang='grc' dir='ltr'>ἔσεσθαι</span> <span class='ocrx_word' id='word_1_731' title='bbox 1080 5024 1548 5097; x_wconf 83' lang='grc' dir='ltr'>προσδοκωμένων</span> <span class='ocrx_word' id='word_1_732' title='bbox 1591 5021 1771 5076; x_wconf 84' lang='grc' dir='ltr'>ἁπλα-</span> 
     </span>
    </p>
   </div>
   <div class='ocr_carea' id='block_1_99' title="bbox 194 5113 1776 5191">
    <p class='ocr_par' dir='ltr' id='par_1_99' title="bbox 194 5113 1776 5191">
     <span class='ocr_line' id='line_1_99' title="bbox 194 5113 1776 5191; baseline -0.009 -10"><span class='ocrx_word' id='word_1_733' title='bbox 194 5126 325 5190; x_wconf 89' lang='grc' dir='ltr'>νῶς,</span> <span class='ocrx_word' id='word_1_734' title='bbox 363 5123 527 5179; x_wconf 79' lang='grc' dir='ltr'>ἄκουε</span> <span class='ocrx_word' id='word_1_735' title='bbox 561 5123 810 5191; x_wconf 86' lang='grc' dir='ltr'>λέγοντος</span> <span class='ocrx_word' id='word_1_736' title='bbox 834 5121 921 5176; x_wconf 77' lang='grc' dir='ltr'><strong>διὰ</strong></span> <span class='ocrx_word' id='word_1_737' title='bbox 947 5120 1130 5191; x_wconf 80' lang='grc' dir='ltr'>φωνῆς</span> <span class='ocrx_word' id='word_1_738' title='bbox 1169 5119 1394 5173; x_wconf 85' lang='grc' dir='ltr'>Ἠσαῖου</span> <span class='ocrx_word' id='word_1_739' title='bbox 1417 5133 1431 5148; x_wconf 79' lang='grc' dir='ltr'><strong><em>ο</em></strong></span> <span class='ocrx_word' id='word_1_740' title='bbox 1470 5137 1487 5167; x_wconf 84' lang='grc'><strong><em>‹</em></strong></span> <span class='ocrx_word' id='word_1_741' title='bbox 1516 5113 1776 5186; x_wconf 79' lang='grc' dir='ltr'>Μνήσθη-</span> 
     </span>
    </p>
   </div>
   <div class='ocr_carea' id='block_1_100' title="bbox 194 5209 1775 5286">
    <p class='ocr_par' dir='ltr' id='par_1_100' title="bbox 194 5209 1775 5286">
     <span class='ocr_line' id='line_1_100' title="bbox 194 5209 1775 5286; baseline -0.008 -13"><span class='ocrx_word' id='word_1_742' title='bbox 194 5237 253 5274; x_wconf 88' lang='grc' dir='ltr'><strong>τε</strong></span> <span class='ocrx_word' id='word_1_743' title='bbox 283 5218 480 5285; x_wconf 85' lang='grc' dir='ltr'>ταῦτα,</span> <span class='ocrx_word' id='word_1_744' title='bbox 513 5218 608 5272; x_wconf 67' lang='grc' dir='ltr'>καὶ</span> <span class='ocrx_word' id='word_1_745' title='bbox 631 5215 921 5281; x_wconf 81' lang='grc' dir='ltr'>στενάξατε</span> <span class='ocrx_word' id='word_1_746' title='bbox 944 5232 958 5246; x_wconf 85' lang='grc'>⁶</span> <span class='ocrx_word' id='word_1_747' title='bbox 992 5215 1382 5286; x_wconf 85' lang='grc' dir='ltr'>μετανοήσατε,</span> <span class='ocrx_word' id='word_1_748' title='bbox 1415 5212 1464 5265; x_wconf 87' lang='grc' dir='ltr'><strong>οί</strong></span> <span class='ocrx_word' id='word_1_749' title='bbox 1493 5209 1775 5278; x_wconf 88' lang='grc' dir='ltr'>πεπλανη-</span> 
     </span>
    </p>
   </div>
   <div class='ocr_carea' id='block_1_101' title="bbox 197 5303 1777 5382">
    <p class='ocr_par' dir='ltr' id='par_1_101' title="bbox 197 5303 1777 5382">
     <span class='ocr_line' id='line_1_101' title="bbox 197 5303 1777 5382; baseline -0.007 -16"><span class='ocrx_word' id='word_1_750' title='bbox 197 5314 377 5382; x_wconf 82' lang='grc' dir='ltr'>μένοι,</span> <span class='ocrx_word' id='word_1_751' title='bbox 426 5310 794 5382; x_wconf 78' lang='grc' dir='ltr'>ἐπιστρέψατε</span> <span class='ocrx_word' id='word_1_752' title='bbox 835 5312 902 5381; x_wconf 82' lang='grc' dir='ltr'>τῇ</span> <span class='ocrx_word' id='word_1_753' title='bbox 959 5309 1178 5380; x_wconf 79' lang='grc' dir='ltr'>καρδίᾳ,</span> <span class='ocrx_word' id='word_1_754' title='bbox 1238 5308 1332 5361; x_wconf 69' lang='grc' dir='ltr'><strong>καὶ</strong></span> <span class='ocrx_word' id='word_1_755' title='bbox 1397 5304 1670 5376; x_wconf 83' lang='grc' dir='ltr'>μνήσθητε</span> <span class='ocrx_word' id='word_1_756' title='bbox 1707 5303 1777 5356; x_wconf 74' lang='grc' dir='ltr'><strong>τὰ</strong></span> 
     </span>
    </p>
   </div>
   <div class='ocr_carea' id='block_1_102' title="bbox 196 5395 1778 5476">
    <p class='ocr_par' dir='ltr' id='par_1_102' title="bbox 196 5395 1778 5476">
     <span class='ocr_line' id='line_1_102' title="bbox 196 5395 1778 5476; baseline -0.007 -18"><span class='ocrx_word' id='word_1_757' title='bbox 196 5405 442 5476; x_wconf 80' lang='grc' dir='ltr'>πρότερα</span> <span class='ocrx_word' id='word_1_758' title='bbox 471 5403 580 5460; x_wconf 80' lang='grc' dir='ltr'>ἀπὸ</span> <span class='ocrx_word' id='word_1_759' title='bbox 598 5403 691 5457; x_wconf 89' lang='grc' dir='ltr'><strong>τοῦ</strong></span> <span class='ocrx_word' id='word_1_760' title='bbox 719 5401 916 5466; x_wconf 73' lang='grc' dir='ltr'>αἰῶνος</span> <span class='ocrx_word' id='word_1_761' title='bbox 936 5419 949 5434; x_wconf 87' lang='grc'><strong>·</strong></span> <span class='ocrx_word' id='word_1_762' title='bbox 978 5403 1060 5455; x_wconf 80' lang='grc' dir='ltr'><strong>ὅτι</strong></span> <span class='ocrx_word' id='word_1_763' title='bbox 1090 5399 1198 5468; x_wconf 85' lang='grc' dir='ltr'>ἐγώ</span> <span class='ocrx_word' id='word_1_764' title='bbox 1233 5402 1347 5469; x_wconf 85' lang='grc' dir='ltr'>είμι</span> <span class='ocrx_word' id='word_1_765' title='bbox 1381 5397 1533 5460; x_wconf 78' lang='grc' dir='ltr'>Θεὸς,</span> <span class='ocrx_word' id='word_1_766' title='bbox 1561 5395 1653 5449; x_wconf 67' lang='grc' dir='ltr'>καὶ</span> <span class='ocrx_word' id='word_1_767' title='bbox 1677 5396 1778 5448; x_wconf 81' lang='grc' dir='ltr'>οὐκ</span> 
     </span>
    </p>
   </div>
   <div class='ocr_carea' id='block_1_103' title="bbox 198 5486 1780 5566">
    <p class='ocr_par' dir='ltr' id='par_1_103' title="bbox 198 5486 1780 5566">
     <span class='ocr_line' id='line_1_103' title="bbox 198 5486 1780 5566; baseline -0.007 -15"><span class='ocrx_word' id='word_1_768' title='bbox 198 5500 348 5552; x_wconf 70' lang='grc' dir='ltr'>ἐστιν</span> <span class='ocrx_word' id='word_1_769' title='bbox 383 5496 526 5566; x_wconf 87' lang='grc' dir='ltr'>πλὴν</span> <span class='ocrx_word' id='word_1_770' title='bbox 575 5492 740 5564; x_wconf 81' lang='grc' dir='ltr'>ἐμοῦο</span> <span class='ocrx_word' id='word_1_771' title='bbox 776 5491 1124 5561; x_wconf 79' lang='grc' dir='ltr'>ἀναγγέλλων</span> <span class='ocrx_word' id='word_1_772' title='bbox 1164 5489 1424 5562; x_wconf 75' lang='grc' dir='ltr'>πρότερον</span> <span class='ocrx_word' id='word_1_773' title='bbox 1458 5488 1526 5542; x_wconf 86' lang='grc' dir='ltr'>τὰ</span> <span class='ocrx_word' id='word_1_774' title='bbox 1575 5486 1780 5556; x_wconf 75' lang='grc' dir='ltr'>ἔσχατα</span> 
     </span>
    </p>
   </div>
   <div class='ocr_carea' id='block_1_104' title="bbox 201 5576 1776 5662">
    <p class='ocr_par' dir='ltr' id='par_1_104' title="bbox 201 5576 1776 5662">
     <span class='ocr_line' id='line_1_104' title="bbox 201 5576 1776 5662; baseline -0.008 -16"><span class='ocrx_word' id='word_1_775' title='bbox 201 5595 331 5662; x_wconf 64' lang='grc' dir='ltr'>πρὶν</span> <span class='ocrx_word' id='word_1_776' title='bbox 359 5589 502 5646; x_wconf 72' lang='grc' dir='ltr'>αὐτὰ</span> <span class='ocrx_word' id='word_1_777' title='bbox 522 5586 798 5657; x_wconf 77' lang='grc' dir='ltr'>γενέσθαι,</span> <span class='ocrx_word' id='word_1_778' title='bbox 832 5587 923 5638; x_wconf 72' lang='grc' dir='ltr'>καὶ</span> <span class='ocrx_word' id='word_1_779' title='bbox 947 5585 1060 5655; x_wconf 70' lang='grc' dir='ltr'>ἅμα</span> <span class='ocrx_word' id='word_1_780' title='bbox 1090 5581 1464 5651; x_wconf 76' lang='grc' dir='ltr'>συνετελέσθη.</span> <span class='ocrx_word' id='word_1_781' title='bbox 1492 5581 1602 5636; x_wconf 79' lang='grc' dir='ltr'><strong>Καὶ</strong></span> <span class='ocrx_word' id='word_1_782' title='bbox 1625 5576 1776 5634; x_wconf 77' lang='grc' dir='ltr'>εἶπα·</span> 
     </span>
    </p>
   </div>
   <div class='ocr_carea' id='block_1_105' title="bbox 282 5763 1751 5835">
    <p class='ocr_par' dir='ltr' id='par_1_105' title="bbox 282 5763 1751 5835">
     <span class='ocr_line' id='line_1_105' title="bbox 282 5763 1751 5835; baseline -0.005 -9"><span class='ocrx_word' id='word_1_783' title='bbox 282 5767 480 5828; x_wconf 75' lang='lat' dir='ltr'><strong>’Num.</strong></span> <span class='ocrx_word' id='word_1_784' title='bbox 516 5784 656 5835; x_wconf 76' lang='lat' dir='ltr'><strong>xxrv,</strong></span> <span class='ocrx_word' id='word_1_785' title='bbox 698 5768 872 5822; x_wconf 73' lang='grc'><strong>10-15.</strong></span> <span class='ocrx_word' id='word_1_786' title='bbox 950 5767 1093 5822; x_wconf 72' lang='lat' dir='ltr'><strong>&#39;Isa.</strong></span> <span class='ocrx_word' id='word_1_787' title='bbox 1122 5782 1261 5830; x_wconf 81' lang='lat' dir='ltr'><strong>xuv,</strong></span> <span class='ocrx_word' id='word_1_788' title='bbox 1287 5765 1374 5821; x_wconf 58' lang='lat'><strong>24.</strong></span> <span class='ocrx_word' id='word_1_789' title='bbox 1455 5767 1473 5797; x_wconf 62' lang='grc' dir='ltr'><strong>τ’</strong></span> <span class='ocrx_word' id='word_1_790' title='bbox 1501 5763 1632 5820; x_wconf 89' lang='lat' dir='ltr'><strong>ibid.</strong></span> <span class='ocrx_word' id='word_1_791' title='bbox 1660 5764 1751 5819; x_wconf 74' lang='lat'><strong>25.</strong></span> 
     </span>
    </p>
   </div>
   <div class='ocr_carea' id='block_1_106' title="bbox 1871 4551 3445 4638">
    <p class='ocr_par' dir='ltr' id='par_1_106' title="bbox 1871 4551 3445 4638">
     <span class='ocr_line' id='line_1_106' title="bbox 1871 4551 3445 4638; baseline -0.018 -5"><span class='ocrx_word' id='word_1_792' title='bbox 1871 4588 1960 4634; x_wconf 90' lang='lat' dir='ltr'><strong>tur</strong></span> <span class='ocrx_word' id='word_1_793' title='bbox 1986 4575 2207 4638; x_wconf 88' lang='lat' dir='ltr'><strong>stellas;</strong></span> <span class='ocrx_word' id='word_1_794' title='bbox 2240 4570 2570 4626; x_wconf 89' lang='lat' dir='ltr'><strong>annuntient</strong></span> <span class='ocrx_word' id='word_1_795' title='bbox 2609 4565 2710 4620; x_wconf 89' lang='lat' dir='ltr'><strong>tibi</strong></span> <span class='ocrx_word' id='word_1_796' title='bbox 2762 4562 2895 4634; x_wconf 90' lang='lat' dir='ltr'><strong>quid</strong></span> <span class='ocrx_word' id='word_1_797' title='bbox 2941 4567 3234 4615; x_wconf 89' lang='lat' dir='ltr'><strong>venturum</strong></span> <span class='ocrx_word' id='word_1_798' title='bbox 3277 4553 3346 4607; x_wconf 90' lang='lat' dir='ltr'><strong>sit</strong></span> <span class='ocrx_word' id='word_1_799' title='bbox 3391 4551 3445 4604; x_wconf 91' lang='lat' dir='ltr'><strong>in</strong></span> 
     </span>
    </p>
   </div>
   <div class='ocr_carea' id='block_1_107' title="bbox 1873 4653 3448 4733">
    <p class='ocr_par' dir='ltr' id='par_1_107' title="bbox 1873 4653 3448 4733">
     <span class='ocr_line' id='line_1_107' title="bbox 1873 4653 3448 4733; baseline -0.02 -7"><span class='ocrx_word' id='word_1_800' title='bbox 1873 4679 1926 4726; x_wconf 89' lang='lat' dir='ltr'><strong>te</strong></span> <span class='ocrx_word' id='word_1_801' title='bbox 1959 4671 2022 4722; x_wconf 83' lang='grc'><strong>¹⁰.</strong></span> <span class='ocrx_word' id='word_1_802' title='bbox 2070 4688 2088 4719; x_wconf 73' lang='grc' dir='ltr'><strong>ι</strong></span> <span class='ocrx_word' id='word_1_803' title='bbox 2112 4665 2280 4722; x_wconf 80' lang='lat' dir='ltr'><strong>Vides</strong></span> <span class='ocrx_word' id='word_1_804' title='bbox 2306 4664 2472 4733; x_wconf 78' lang='lat' dir='ltr'><strong>igitur</strong></span> <span class='ocrx_word' id='word_1_805' title='bbox 2510 4657 2785 4730; x_wconf 92' lang='lat' dir='ltr'><strong>quomodo</strong></span> <span class='ocrx_word' id='word_1_806' title='bbox 2818 4655 2930 4709; x_wconf 87' lang='lat' dir='ltr'><strong>risu</strong></span> <span class='ocrx_word' id='word_1_807' title='bbox 2968 4653 3185 4722; x_wconf 84' lang='lat' dir='ltr'><strong>dignam</strong></span> <span class='ocrx_word' id='word_1_808' title='bbox 3215 4655 3270 4701; x_wconf 90' lang='lat' dir='ltr'><strong>et</strong></span> <span class='ocrx_word' id='word_1_809' title='bbox 3291 4658 3448 4733; x_wconf 81' lang='lat' dir='ltr'><strong>pror-</strong></span> 
     </span>
    </p>
   </div>
   <div class='ocr_carea' id='block_1_108' title="bbox 1871 4730 3448 4814">
    <p class='ocr_par' dir='ltr' id='par_1_108' title="bbox 1871 4730 3448 4814">
     <span class='ocr_line' id='line_1_108' title="bbox 1871 4730 3448 4814; baseline -0.018 -4"><span class='ocrx_word' id='word_1_810' title='bbox 1871 4771 1965 4810; x_wconf 88' lang='lat' dir='ltr'><strong>sus</strong></span> <span class='ocrx_word' id='word_1_811' title='bbox 1999 4752 2271 4814; x_wconf 90' lang='lat' dir='ltr'><strong>inutilem,</strong></span> <span class='ocrx_word' id='word_1_812' title='bbox 2320 4730 2468 4802; x_wconf 81' lang='lat' dir='ltr'><strong>illam</strong></span> <span class='ocrx_word' id='word_1_813' title='bbox 2498 4743 2896 4800; x_wconf 90' lang='lat' dir='ltr'><strong>exsecrabilem</strong></span> <span class='ocrx_word' id='word_1_814' title='bbox 2942 4755 3008 4794; x_wconf 80' lang='lat' dir='ltr'><strong>ex</strong></span> <span class='ocrx_word' id='word_1_815' title='bbox 3036 4744 3312 4791; x_wconf 90' lang='lat' dir='ltr'><strong>astrorum</strong></span> <span class='ocrx_word' id='word_1_816' title='bbox 3351 4730 3448 4784; x_wconf 89' lang='lat' dir='ltr'><strong>ob—</strong></span> 
     </span>
    </p>
   </div>
   <div class='ocr_carea' id='block_1_109' title="bbox 1873 4823 3450 4903">
    <p class='ocr_par' dir='ltr' id='par_1_109' title="bbox 1873 4823 3450 4903">
     <span class='ocr_line' id='line_1_109' title="bbox 1873 4823 3450 4903; baseline -0.018 -1"><span class='ocrx_word' id='word_1_817' title='bbox 1873 4845 2182 4902; x_wconf 86' lang='lat' dir='ltr'><strong>servatione</strong></span> <span class='ocrx_word' id='word_1_818' title='bbox 2206 4839 2599 4895; x_wconf 89' lang='lat' dir='ltr'><strong>divinationem</strong></span> <span class='ocrx_word' id='word_1_819' title='bbox 2629 4832 2874 4903; x_wconf 86' lang='lat' dir='ltr'><strong>coarguit</strong></span> <span class='ocrx_word' id='word_1_820' title='bbox 2913 4830 3078 4882; x_wconf 91' lang='lat' dir='ltr'><strong>Deus.</strong></span> <span class='ocrx_word' id='word_1_821' title='bbox 3105 4823 3215 4894; x_wconf 90' lang='lat' dir='ltr'><strong>Ipsi</strong></span> <span class='ocrx_word' id='word_1_822' title='bbox 3239 4835 3367 4876; x_wconf 90' lang='lat' dir='ltr'><strong>vero</strong></span> <span class='ocrx_word' id='word_1_823' title='bbox 3393 4827 3450 4873; x_wconf 88' lang='lat' dir='ltr'><strong>et</strong></span> 
     </span>
    </p>
   </div>
   <div class='ocr_carea' id='block_1_110' title="bbox 1873 4914 3450 5008">
    <p class='ocr_par' dir='ltr' id='par_1_110' title="bbox 1873 4914 3450 5008">
     <span class='ocr_line' id='line_1_110' title="bbox 1873 4914 3450 5008; baseline -0.016 -17"><span class='ocrx_word' id='word_1_824' title='bbox 1873 4937 2096 5008; x_wconf 89' lang='lat' dir='ltr'><strong>quidem</strong></span> <span class='ocrx_word' id='word_1_825' title='bbox 2120 4933 2223 4989; x_wconf 92' lang='lat' dir='ltr'><strong>soli</strong></span> <span class='ocrx_word' id='word_1_826' title='bbox 2251 4930 2547 4988; x_wconf 89' lang='lat' dir='ltr'><strong>convenire</strong></span> <span class='ocrx_word' id='word_1_827' title='bbox 2588 4927 2896 4987; x_wconf 85' lang='lat' dir='ltr'><strong>veritatem,</strong></span> <span class='ocrx_word' id='word_1_828' title='bbox 2940 4934 3047 4990; x_wconf 89' lang='lat' dir='ltr'><strong>qua</strong></span> <span class='ocrx_word' id='word_1_829' title='bbox 3079 4914 3450 4988; x_wconf 66' lang='lat' dir='ltr'><strong>pmdicuntur</strong></span> 
     </span>
    </p>
   </div>
   <div class='ocr_carea' id='block_1_111' title="bbox 1875 5021 3450 5099">
    <p class='ocr_par' dir='ltr' id='par_1_111' title="bbox 1875 5021 3450 5099">
     <span class='ocr_line' id='line_1_111' title="bbox 1875 5021 3450 5099; baseline -0.018 -13"><span class='ocrx_word' id='word_1_830' title='bbox 1875 5045 1938 5086; x_wconf 90' lang='lat' dir='ltr'><strong>ea</strong></span> <span class='ocrx_word' id='word_1_831' title='bbox 1985 5045 2107 5099; x_wconf 70' lang='lat' dir='ltr'><strong>quae</strong></span> <span class='ocrx_word' id='word_1_832' title='bbox 2143 5035 2294 5082; x_wconf 86' lang='lat' dir='ltr'><strong>certo</strong></span> <span class='ocrx_word' id='word_1_833' title='bbox 2332 5032 2599 5081; x_wconf 88' lang='lat' dir='ltr'><strong>eventura</strong></span> <span class='ocrx_word' id='word_1_834' title='bbox 2639 5023 2949 5090; x_wconf 87' lang='lat' dir='ltr'><strong>sperantur,</strong></span> <span class='ocrx_word' id='word_1_835' title='bbox 2991 5028 3059 5067; x_wconf 74' lang='grc' dir='ltr'>ΘΧ</span> <span class='ocrx_word' id='word_1_836' title='bbox 3111 5024 3176 5064; x_wconf 76' lang='grc' dir='ltr'>θο</span> <span class='ocrx_word' id='word_1_837' title='bbox 3217 5021 3450 5078; x_wconf 83' lang='lat' dir='ltr'><strong>agnosce</strong></span> 
     </span>
    </p>
   </div>
   <div class='ocr_carea' id='block_1_112' title="bbox 1877 5096 3452 5190">
    <p class='ocr_par' dir='ltr' id='par_1_112' title="bbox 1877 5096 3452 5190">
     <span class='ocr_line' id='line_1_112' title="bbox 1877 5096 3452 5190; baseline -0.017 -15"><span class='ocrx_word' id='word_1_838' title='bbox 1877 5096 2024 5190; x_wconf 85' lang='lat' dir='ltr'><strong>quod</strong></span> <span class='ocrx_word' id='word_1_839' title='bbox 2070 5135 2169 5188; x_wconf 89' lang='lat' dir='ltr'><strong>per</strong></span> <span class='ocrx_word' id='word_1_840' title='bbox 2204 5116 2356 5172; x_wconf 54' lang='lat' dir='ltr'><strong>Isaiae</strong></span> <span class='ocrx_word' id='word_1_841' title='bbox 2391 5127 2582 5169; x_wconf 89' lang='lat' dir='ltr'><strong>vocem</strong></span> <span class='ocrx_word' id='word_1_842' title='bbox 2635 5109 2878 5178; x_wconf 86' lang='lat' dir='ltr'><strong>loquitur</strong></span> <span class='ocrx_word' id='word_1_843' title='bbox 2928 5123 2940 5157; x_wconf 93' lang='lat'>:</span> <span class='ocrx_word' id='word_1_844' title='bbox 2991 5122 3008 5154; x_wconf 79' lang='grc' dir='ltr'><strong>ι</strong></span> <span class='ocrx_word' id='word_1_845' title='bbox 3063 5096 3452 5156; x_wconf 82' lang='lat' dir='ltr'><strong>Recordamini</strong></span> 
     </span>
    </p>
   </div>
   <div class='ocr_carea' id='block_1_113' title="bbox 1878 5193 3452 5280">
    <p class='ocr_par' dir='ltr' id='par_1_113' title="bbox 1878 5193 3452 5280">
     <span class='ocr_line' id='line_1_113' title="bbox 1878 5193 3452 5280; baseline -0.015 -13"><span class='ocrx_word' id='word_1_846' title='bbox 1878 5213 2097 5278; x_wconf 91' lang='lat' dir='ltr'><strong>horum,</strong></span> <span class='ocrx_word' id='word_1_847' title='bbox 2127 5219 2183 5266; x_wconf 90' lang='lat' dir='ltr'><strong>et</strong></span> <span class='ocrx_word' id='word_1_848' title='bbox 2206 5208 2579 5280; x_wconf 87' lang='lat' dir='ltr'><strong>ingemiscite;</strong></span> <span class='ocrx_word' id='word_1_849' title='bbox 2619 5199 2998 5273; x_wconf 78' lang='lat' dir='ltr'><strong>paenitentiam</strong></span> <span class='ocrx_word' id='word_1_850' title='bbox 3042 5197 3205 5267; x_wconf 89' lang='lat' dir='ltr'><strong>agite,</strong></span> <span class='ocrx_word' id='word_1_851' title='bbox 3243 5193 3336 5263; x_wconf 90' lang='lat' dir='ltr'><strong>qui</strong></span> <span class='ocrx_word' id='word_1_852' title='bbox 3360 5208 3452 5246; x_wconf 86' lang='lat' dir='ltr'><strong>cr—</strong></span> 
     </span>
    </p>
   </div>
   <div class='ocr_carea' id='block_1_114' title="bbox 1879 5283 3453 5370">
    <p class='ocr_par' dir='ltr' id='par_1_114' title="bbox 1879 5283 3453 5370">
     <span class='ocr_line' id='line_1_114' title="bbox 1879 5283 3453 5370; baseline -0.017 -10"><span class='ocrx_word' id='word_1_853' title='bbox 1879 5305 2046 5370; x_wconf 89' lang='lat' dir='ltr'><strong>ralis;</strong></span> <span class='ocrx_word' id='word_1_854' title='bbox 2074 5299 2459 5358; x_wconf 88' lang='lat' dir='ltr'><strong>convertimini</strong></span> <span class='ocrx_word' id='word_1_855' title='bbox 2496 5295 2683 5358; x_wconf 90' lang='lat' dir='ltr'><strong>corde,</strong></span> <span class='ocrx_word' id='word_1_856' title='bbox 2715 5300 2771 5346; x_wconf 90' lang='lat' dir='ltr'><strong>et</strong></span> <span class='ocrx_word' id='word_1_857' title='bbox 2811 5287 3178 5345; x_wconf 89' lang='lat' dir='ltr'><strong>recordamini</strong></span> <span class='ocrx_word' id='word_1_858' title='bbox 3208 5283 3453 5353; x_wconf 86' lang='lat' dir='ltr'><strong>priorum</strong></span> 
     </span>
    </p>
   </div>
   <div class='ocr_carea' id='block_1_115' title="bbox 1880 5382 3461 5463">
    <p class='ocr_par' dir='ltr' id='par_1_115' title="bbox 1880 5382 3461 5463">
     <span class='ocr_line' id='line_1_115' title="bbox 1880 5382 3461 5463; baseline -0.017 -11"><span class='ocrx_word' id='word_1_859' title='bbox 1880 5414 1910 5452; x_wconf 85' lang='lat' dir='ltr'><strong>a</strong></span> <span class='ocrx_word' id='word_1_860' title='bbox 1933 5396 2153 5460; x_wconf 60' lang='lat' dir='ltr'><strong>saeculo,</strong></span> <span class='ocrx_word' id='word_1_861' title='bbox 2179 5393 2306 5463; x_wconf 90' lang='lat' dir='ltr'><strong>quia</strong></span> <span class='ocrx_word' id='word_1_862' title='bbox 2335 5388 2493 5460; x_wconf 71' lang='grc'><strong>194</strong></span> <span class='ocrx_word' id='word_1_863' title='bbox 2513 5403 2612 5458; x_wconf 88' lang='lat' dir='ltr'><strong>ego</strong></span> <span class='ocrx_word' id='word_1_864' title='bbox 2640 5401 2761 5441; x_wconf 90' lang='lat' dir='ltr'><strong>sum</strong></span> <span class='ocrx_word' id='word_1_865' title='bbox 2784 5385 2950 5448; x_wconf 80' lang='lat' dir='ltr'><strong>Deus,</strong></span> <span class='ocrx_word' id='word_1_866' title='bbox 2978 5390 3034 5436; x_wconf 84' lang='lat' dir='ltr'><strong>et</strong></span> <span class='ocrx_word' id='word_1_867' title='bbox 3067 5394 3177 5434; x_wconf 93' lang='lat' dir='ltr'><strong>non</strong></span> <span class='ocrx_word' id='word_1_868' title='bbox 3200 5382 3283 5429; x_wconf 88' lang='lat' dir='ltr'><strong>est</strong></span> <span class='ocrx_word' id='word_1_869' title='bbox 3320 5386 3461 5442; x_wconf 63' lang='lat' dir='ltr'><strong>prae~</strong></span> 
     </span>
    </p>
   </div>
   <div class='ocr_carea' id='block_1_116' title="bbox 1883 5473 3456 5554">
    <p class='ocr_par' dir='ltr' id='par_1_116' title="bbox 1883 5473 3456 5554">
     <span class='ocr_line' id='line_1_116' title="bbox 1883 5473 3456 5554; baseline -0.02 -9"><span class='ocrx_word' id='word_1_870' title='bbox 1883 5498 1966 5545; x_wconf 89' lang='lat' dir='ltr'><strong>ter</strong></span> <span class='ocrx_word' id='word_1_871' title='bbox 2013 5504 2138 5552; x_wconf 88' lang='lat' dir='ltr'><strong>me;</strong></span> <span class='ocrx_word' id='word_1_872' title='bbox 2172 5485 2266 5554; x_wconf 90' lang='lat' dir='ltr'><strong>qui</strong></span> <span class='ocrx_word' id='word_1_873' title='bbox 2319 5480 2582 5537; x_wconf 91' lang='lat' dir='ltr'><strong>annuntio</strong></span> <span class='ocrx_word' id='word_1_874' title='bbox 2623 5479 2778 5549; x_wconf 86' lang='lat' dir='ltr'><strong>prius</strong></span> <span class='ocrx_word' id='word_1_875' title='bbox 2816 5473 3112 5531; x_wconf 86' lang='lat' dir='ltr'><strong>novissima</strong></span> <span class='ocrx_word' id='word_1_876' title='bbox 3165 5475 3456 5534; x_wconf 87' lang='lat' dir='ltr'><strong>antequam</strong></span> 
     </span>
    </p>
   </div>
   <div class='ocr_carea' id='block_1_117' title="bbox 1888 5555 3459 5646">
    <p class='ocr_par' dir='ltr' id='par_1_117' title="bbox 1888 5555 3459 5646">
     <span class='ocr_line' id='line_1_117' title="bbox 1888 5555 3459 5646; baseline -0.018 -11"><span class='ocrx_word' id='word_1_877' title='bbox 1888 5581 2040 5646; x_wconf 83' lang='lat' dir='ltr'><strong>ﬁant,</strong></span> <span class='ocrx_word' id='word_1_878' title='bbox 2083 5586 2138 5632; x_wconf 90' lang='lat' dir='ltr'><strong>ct</strong></span> <span class='ocrx_word' id='word_1_879' title='bbox 2177 5575 2337 5632; x_wconf 90' lang='lat' dir='ltr'><strong>simul</strong></span> <span class='ocrx_word' id='word_1_880' title='bbox 2375 5579 2749 5630; x_wconf 86' lang='lat' dir='ltr'><strong>consummata</strong></span> <span class='ocrx_word' id='word_1_881' title='bbox 2799 5569 2927 5625; x_wconf 91' lang='lat' dir='ltr'><strong>sint.</strong></span> <span class='ocrx_word' id='word_1_882' title='bbox 2967 5565 3035 5620; x_wconf 87' lang='lat' dir='ltr'><strong>Et</strong></span> <span class='ocrx_word' id='word_1_883' title='bbox 3071 5559 3184 5616; x_wconf 80' lang='lat' dir='ltr'><strong>dixi</strong></span> <span class='ocrx_word' id='word_1_884' title='bbox 3235 5575 3247 5612; x_wconf 93' lang='lat'><strong>:</strong></span> <span class='ocrx_word' id='word_1_885' title='bbox 3287 5555 3459 5612; x_wconf 81' lang='lat' dir='ltr'><strong>Omne</strong></span> 
     </span>
    </p>
   </div>
   <div class='ocr_carea' id='block_1_118' title="bbox 1835 5756 2413 5823">
    <p class='ocr_par' dir='ltr' id='par_1_118' title="bbox 1835 5756 2413 5823">
     <span class='ocr_line' id='line_1_118' title="bbox 1835 5756 2413 5823; baseline -0.012 -6"><span class='ocrx_word' id='word_1_886' title='bbox 1835 5762 1875 5792; x_wconf 83' lang='lat'><strong>&#39;°</strong></span> <span class='ocrx_word' id='word_1_887' title='bbox 1900 5762 2000 5818; x_wconf 79' lang='lat' dir='ltr'><strong>lsa.</strong></span> <span class='ocrx_word' id='word_1_888' title='bbox 2031 5775 2189 5823; x_wconf 73' lang='lat' dir='ltr'><strong>xu&#39;u,</strong></span> <span class='ocrx_word' id='word_1_889' title='bbox 2223 5757 2303 5822; x_wconf 70' lang='lat' dir='ltr'><strong>l2,</strong></span> <span class='ocrx_word' id='word_1_890' title='bbox 2331 5756 2413 5810; x_wconf 77' lang='lat' dir='ltr'><strong>l5.</strong></span> 
     </span>
    </p>
   </div>
  </div>
