3966 6298
515 361 628 416 445

1555 354 1608 407 s.
1653 355 1927 410 Ct'nlLLI
1967 326 2435 407 aminneum
2470 350 2786 399 ansulae.

3698 348 3802 395 444

515 487 697 529 meum
737 470 1027 527 consilium
1079 468 1280 534 stabit;
1333 476 1388 521 et
1417 467 1599 522 omnia
1641 482 1985 538 quaecunque
2019 464 2094 519 de

2216 458 2375 512 Πᾶσά
2413 474 2518 528 μου
2551 459 2584 527 ὴ
2614 456 2778 527 βουλὴ
2806 455 3080 524 στήσεται,
3113 453 3209 509 καὶ
3240 453 3419 508 πάντα
3458 455 3562 508 ὅσα
3607 454 3798 524 βούλο-

513 565 685 629 crevi,
722 563 915 618 faciam
943 561 1005 615 “.
1050 580 1068 612 ι
1124 559 1237 615 Soli
1281 559 1449 631 igitur
1490 560 1623 623 Deo,
1673 562 1767 631 qui
1815 570 1902 616 est
1941 575 2104 630 supra

514 657 719 719 omnia,
745 671 775 710 a
805 653 966 708 nobis
990 659 1075 707 est
1116 651 1473 707 tribuendum
1495 694 1508 717 ,
1553 652 1734 707 futura
1778 666 1892 709 tum
1940 653 2105 723 plane

513 749 675 811 scire,
706 757 819 801 tum
847 759 976 799 vero
996 744 1171 813 ‘posse
1198 750 1350 798 certe
1392 743 1734 815 praadicere;
1770 758 1929 814 nugae
1971 754 2106 795 vero

520 838 708 893 futiles
751 846 808 892 et
827 836 1001 891 aniles
1040 835 1272 899 fabellae,
1308 834 1539 889 fallaciae
1577 849 1798 905 quoque
1859 849 1922 888 ac
1964 847 2105 902 prae-

514 930 689 999 stigiae
723 937 871 994 sunt,
902 944 1024 999 qua:
1060 928 1128 983 ab
1152 928 1276 983 aliis
1318 926 1745 998 proﬁciscuntur
1793 944 1806 979 :
1849 925 1944 996 qui
1977 939 2104 979 cum

514 1022 627 1076 sint
674 1029 857 1076 mente
895 1029 1177 1091 corrupta,
1217 1019 1285 1074 de
1329 1019 1495 1075 corde
1541 1034 1643 1074 suo
1680 1019 2005 1088 loquuntur,
2044 1023 2107 1071 ut

512 1113 783 1182 scriptum
822 1121 907 1167 est
928 1154 943 1178 ,
970 1122 1025 1167 et
1040 1128 1106 1167 ex
1127 1111 1367 1166 falsitate
1381 1111 1637 1182 parandae
1654 1109 1901 1181 pecuniae
1941 1124 2104 1164 occa-

512 1206 725 1260 sionem
760 1213 1033 1275 quaerunt.

581 1296 784 1351 PALL.
826 1297 1032 1351 Verum
1072 1302 1175 1350 est.
1207 1294 1300 1349 Sic
1341 1296 1491 1349 enim
1525 1309 1583 1349 se
1625 1308 1715 1349 res
1737 1292 1909 1348 habet
1942 1306 2103 1364 pror—

512 1404 628 1443 SllS.

580 1479 737 1536 CYB.
774 1479 859 1533 Ab
884 1479 985 1533 hac
1025 1477 1191 1548 igitur
1215 1493 1433 1548 quoque
1468 1492 1527 1532 re
1566 1475 2004 1541 abstinebimus;
2046 1483 2104 1530 et

508 1570 702 1626 relicta
728 1585 989 1640 perversa
1020 1569 1126 1631 via,
1156 1584 1255 1639 per
1284 1576 1489 1624 rectam
1516 1567 1871 1634 incedemus;
1899 1583 1963 1621 ac
1987 1565 2102 1621 Deo

509 1675 731 1732 semper
753 1660 949 1717 eodem
975 1660 1138 1715 modo
1163 1660 1489 1725 innitcmur,
1513 1668 1570 1714 et
1585 1667 1901 1714 sanctorum
1925 1659 2102 1713 homi-

506 1769 642 1807 num
671 1752 903 1808 vocibus
924 1751 1220 1807 veritatem
1248 1751 1576 1805 tribuemus.

576 1845 776 1901 PALL.
804 1845 872 1900 Et
894 1845 1117 1915 quidem
1148 1845 1403 1899 maxime.

578 1935 737 1992 CYB.
765 1936 907 2003 Quid
929 1937 1078 1991 ?non
1106 1935 1240 1990 illud
1269 1950 1489 2005 quoque
1516 1942 1784 2005 prazterea
1809 1950 2099 1992 exsecran-

505 2025 637 2081 dum
666 2027 1006 2096 putabimus,
1038 2032 1365 2097 partemque
1391 2041 1512 2081 esse
1535 2026 1784 2082 dicemus
1809 2028 2096 2097 gentilium

504 2119 836 2189 impietatis,
889 2119 1001 2189 igni
1046 2129 1103 2174 et
1128 2134 1272 2189 aqua
1322 2118 1551 2190 purgari
1598 2119 1838 2185 scilicet,
1880 2125 1937 2174 et
1975 2119 2100 2175 aliis

503 2212 835 2283 quibusdam
870 2213 1141 2284 ejusmodi
1178 2212 1202 2265 ?

571 2301 769 2357 PALL.
810 2301 1041 2357 Maxime
1105 2318 1258 2357 vero.
1308 2303 1500 2373 Itaque
1550 2303 1737 2358 divina
1790 2303 1879 2358 lex
1912 2303 2094 2359 dixit:

510 2410 528 2441 ι
560 2391 680 2446 Non
716 2392 1033 2446 invenietur
1084 2391 1141 2445 in
1198 2399 1251 2447 te
1294 2407 1538 2465 purgans
1575 2393 1750 2448 ﬁlium
1795 2409 1958 2449 suum
2001 2402 2098 2449 aut

503 2481 669 2538 ﬁliam
698 2498 856 2537 suam
888 2484 1000 2555 igni
1027 2484 1091 2537 ¹².
1128 2503 1146 2535 ι

570 2655 727 2711 ογιι.
756 2658 929 2725 Quam
957 2668 1106 2715 recte
1129 2660 1216 2716 lex
1241 2662 1402 2717 nobis
1435 2663 1539 2718 ista
1566 2667 1978 2734 pronuntiavit,
2015 2676 2091 2734 et,

502 2762 572 2800 ne
602 2746 816 2813 ﬁerent,
853 2751 1170 2820 prohibuit!
1217 2754 1477 2808 Estenim
1504 2770 1568 2810 ea
1612 2773 1721 2823 res,
1773 2766 1834 2813 ut
1872 2760 2090 2829 opinor,

503 2839 834 2896 temeritatis
873 2841 1054 2911 plena,
1096 2851 1153 2898 et
1195 2845 1426 2901 rationis
1465 2849 1685 2918 optimae
1717 2865 1786 2905 ac
1827 2851 2094 2921 sapientis

502 2946 703 3000 expers
734 2948 938 3002 :quam
963 2934 1113 2989 enim
1145 2937 1439 2993 utilitatem
1467 2939 1669 2995 afferre
1714 2941 1877 2997 nobis
1919 2943 2093 3012 possit

502 3020 646 3091 ignis
663 3024 903 3078 natura?
924 3026 1200 3094 quomodo
1221 3028 1386 3082 etiam
1407 3030 1554 3086 faces
1581 3030 1637 3086 in
1658 3032 1850 3087 orbem
1873 3034 2092 3104 agitaue

501 3128 628 3167 eum
657 3114 749 3184 qui
795 3119 1060 3186 peccarit,
1087 3118 1368 3175 liberare?
1390 3120 1538 3177 Eris
1557 3123 1802 3193 quidem,
1832 3136 1926 3180 aut
1949 3126 2090 3181 alte-

500 3200 618 3255 rius
647 3203 916 3274 ejusmodi
957 3207 1202 3263 materiaa
1241 3210 1436 3266 sordes
1481 3215 1741 3284 excoquit
1776 3215 1859 3271 vis
1902 3216 2086 3287 ignis;

501 3288 702 3343 mentis
716 3298 900 3346 autem
923 3300 1016 3348 aut
1048 3295 1245 3351 animae
1266 3297 1639 3369 impuritatem
1663 3319 1903 3373 quonam
1927 3306 2092 3361 modo

501 3384 820 3437 consumat?
844 3383 1036 3440 Nonne
1058 3386 1226 3458 igitur
1266 3388 1385 3445 haec
1416 3391 1650 3448 ridicula
1673 3404 1822 3462 sunt,
1844 3403 1900 3452 et
1922 3412 2092 3453 vana-

502 3485 623 3525 rum
658 3476 1056 3546 cogitationum
1085 3484 1441 3537 commenta?

567 3561 765 3618 PALL.
799 3566 891 3620 lta‘
906 3583 1153 3637 prorsus.

569 3652 728 3709 CYR.
777 3656 1167 3716 Libentissime
1206 3669 1392 3717 autem
1446 3663 1515 3719 iis
1557 3667 1651 3735 qui
1690 3667 1836 3724 inter
1869 3669 2090 3744 Graecos

497 3746 702 3815 egregii
730 3746 1026 3815 habentur,
1054 3752 1261 3821 quique
1283 3753 1599 3824 hujusmodi
1633 3760 1810 3830 turpia
1836 3761 2088 3818 instituta

498 3843 555 3888 et
580 3834 933 3903 invenerunt,
974 3847 1030 3894 et
1053 3841 1176 3896 aliis
1216 3843 1586 3913 tradiderunt,
1629 3851 1886 3920 equidem
1928 3855 2086 3910 dixe-

498 3922 603 3975 rim
633 3941 644 3974 :
671 3922 827 3989 Quod
852 3935 1096 3983 vestrum
1119 3938 1204 3985 est
1234 3932 1566 3989 consilium?
1601 3954 1718 4006 vos,
1761 3950 2086 4011 praestantes

500 4013 603 4068 viri
626 4030 689 4069 ac
718 4017 992 4087 sapientes
1014 4024 1227 4093 appello
1250 4067 1264 4092 ,
1300 4041 1426 4081 cum
1469 4029 1688 4102 Tityum
1720 4032 1896 4101 illum,
1916 4052 2082 4107 quem

497 4113 682 4161 ortum
717 4124 785 4164 ex
823 4118 970 4168 terra
1007 4113 1220 4183 dicitis,
1259 4119 1405 4188 apud
1440 4121 1647 4179 inferos
1688 4129 1990 4197 torquetis,
2026 4138 2084 4185 et

495 4200 744 4257 vultures
758 4203 1052 4273 adhibetis,
1077 4210 1172 4279 qui
1199 4216 1456 4283 tanquam
1487 4217 1730 4274 convivae
1749 4220 1937 4290 jecore
1979 4238 2081 4292 pa-

496 4302 741 4359 scantur,
776 4296 923 4365 quod
946 4300 1199 4357 mulieris
1221 4305 1459 4375 speciem
1487 4309 1809 4378 admiratus,
1832 4312 2080 4370 libidinis

496 4386 689 4441 morbo
714 4388 1013 4445 laborarit?
1039 4393 1267 4451 Tantalo
1297 4408 1479 4456 autem
1505 4402 1741 4473 lapidem
1784 4406 2076 4462 imminere

2215 567 2334 621 μαι,
2372 551 2604 621 ποιήσω.
2629 568 2647 601 ι
2685 549 2848 619 Μόνῳ
2878 547 2943 619 δὴ
2964 544 3061 602 οὖν
3092 546 3440 603 ἀνακείσεται
3472 547 3612 618 πρὸς
3639 549 3803 620 ἡμῶν

2208 642 2288 714 τῷ
2328 642 2545 696 πάντων
2588 641 2850 694 ἐπέκεινα
2899 638 3041 709 Θεῷ,
3085 638 3148 691 τὸ
3199 637 3451 693 διειδέναι
3492 656 3553 693 τε
3586 640 3799 710 σαφῶς,

2209 732 2305 788 καὶ
2359 733 2755 804 προαγορεύειν
2807 731 3061 795 ἀπλανῶς
3091 730 3350 787 δύνασθαι
3401 732 3473 784 τὰ
3524 733 3798 802 ἐσόμενα·

2211 824 2362 879 tam
2382 825 2438 877 δὲ
2468 824 2643 888 ἄλλως
2670 824 2765 877 καὶ
2808 822 3028 895 γραώδη
3064 823 3330 895 μυθάρια,
3369 823 3705 894 βωμολοχίαι
3737 843 3798 879 τε

2207 918 2303 972 καὶ
2331 917 2678 988 φενακισμοὶ,
2723 917 2794 970 τὰ
2838 917 2968 988 παρ’
2993 915 3220 988 ἑτέρων,
3261 917 3311 970 οἳ
3343 916 3436 969 τὸν
3477 915 3605 971 νοῦν
3650 935 3799 987 παρ-

2208 1007 2499 1080 εφθορότες
2549 1009 2618 1062 τὰ
2657 1007 2766 1062 ἀπὸ
2807 1007 3034 1079 καρδίας
3064 1005 3245 1060 αὐτῶν
3286 1006 3533 1074 λαλοῦσι,
3561 1006 3705 1061 κατὰ
3736 1008 3799 1060 τὸ

2205 1101 2614 1173 γεγραμμένον,
2644 1101 2737 1154 ml.
2768 1100 3170 1173 ἅργυρολογίας
3212 1100 3475 1172 ἀφορμὴν
3505 1099 3794 1154 ποιοῦνται

2206 1193 2266 1247 τὸ
2291 1192 2505 1262 ψεῦδος.

2277 1286 2484 1340 ΠΑΑΛ.
2538 1285 2779 1356 Ἀληθές.
2819 1286 2973 1356 Ἔχει
3003 1285 3112 1356 γὰρ
3155 1278 3280 1348 ὧδε,
3308 1285 3402 1338 καὶ
3434 1284 3533 1355 οὐχ
3555 1286 3786 1356 ἑτέρως.

2275 1457 2441 1512 ΚΥΡ.
2492 1458 2829 1529 Ἀφεξὸμεθα
2887 1458 2953 1530 δὴ
3001 1453 3094 1515 οὖν
3132 1461 3225 1514 καὶ
3267 1459 3442 1523 τοῦδε,
3624 1458 3788 1532 οἶμον

2205 1550 2433 1620 ἀφέντες
2479 1551 2577 1621 τὴν
2630 1552 3094 1624 διεστραμμένην,
3153 1553 3486 1626 βαδιούμεθα
3530 1556 3633 1627 τὴν
3692 1559 3781 1609 ἐπ’

2203 1641 2354 1705 εὐθὺ,
2388 1641 2507 1713 Θεῷ
2543 1642 2892 1714 μονοτρόπως
2929 1645 3335 1716 προσκείμενοι,
3385 1646 3481 1699 καὶ
3526 1651 3647 1712 ταῖς
3674 1649 3788 1703 τῶν

2209 1735 2383 1802 ἁγίων
2412 1737 2619 1804 φωναῖς
2647 1735 3107 1807 ἐπιψηφιζόμενοι
3137 1737 3233 1809 τὴν
3256 1738 3542 1810 ἀλήθειαν.

2131 1814 2176 1875 Β
2279 1827 2489 1878 ΠΑΛΛ.
2531 1825 2642 1880 Καὶ
2677 1827 2841 1894 μάλα.

2280 1917 2446 1971 ΚΥΡ.
2486 1917 2555 1969 Τί
2609 1918 2666 1971 δὲ
2718 1917 2840 1989 οὐχ).
2872 1918 3093 1972 κάκεῖνο
3137 1919 3274 1990 πρὸς
3329 1920 3542 1985 τούτοις
3576 1924 3785 1994 ἡγησό-

2204 2007 2347 2078 μεθα
2390 2008 2685 2079 στυγητὸν,
2735 2010 2928 2081 μοῖράν
2964 2026 3024 2063 τε
3053 2005 3190 2064 εἶναι
3235 2028 3417 2083 φαμεν
3456 2013 3781 2086 Ἑλληνικῆς

2208 2095 2526 2169 ἀθεότητος,
2557 2097 2625 2152 τό
2663 2115 2723 2152 τε
2778 2098 3267 2170 περικαθαίρεσθαι
3295 2101 3470 2171 φιλεῖν
3506 2104 3650 2174 τάχα
3681 2122 3786 2158 που

2200 2190 2334 2260 πυρὶ
2366 2188 2660 2253 καὶῦδατι,
2691 2189 2787 2246 καὶ
2826 2191 3035 2263 ἑτέροις
3062 2192 3173 2246 τισὶ
3202 2193 3466 2259 τοιούτοις
3508 2195 3767 2266 τρόποις;

2271 2281 2479 2335 ΠΛΛΛ.
2553 2282 2665 2336 Καὶ
2720 2283 2961 2353 μάλιστά
3016 2300 3100 2353 γε.
3154 2285 3446 2357 Τοιγάρτοι
3497 2288 3590 2342 καὶ
3640 2288 3787 2343 θεῖον

2199 2371 2302 2443 ἔφη
2351 2373 2731 2447 χρησμῴδημα
2769 2375 2987 2445 σαφῶςο
3026 2397 3043 2427 ι
3071 2376 3185 2447 Οὐχ
3214 2378 3569 2450 εὑρεθήσεται
3612 2384 3672 2435 ὲν
3700 2382 3791 2436 σοι

2198 2465 2605 2537 περικαθαίρων
2636 2466 2728 2521 τὸν
2762 2467 2876 2521 υἱὸν
2902 2468 3068 2523 αὑτοῦ
3106 2469 3139 2541 ἢ
3172 2471 3271 2542 τὴν
3311 2471 3585 2545 θυγατέρα
3612 2476 3786 2531 αὑτοῦ

2204 2560 2264 2611 ὲν
2291 2557 2444 2629 πυρί.
2472 2575 2491 2608 ι

2274 2650 2441 2704 ΚΥΡ.
2491 2650 2575 2714 Ὧς
2607 2647 2667 2705 εὗ
2689 2667 2752 2720 γε
2792 2653 2925 2723 ἡμῖν
2956 2656 2986 2708 ὁ
3023 2654 3184 2726 νόμος
3211 2657 3555 2729 προσεφώνει
3594 2654 3795 2730 ταυτὶ,

2197 2742 2292 2796 καὶ
2338 2743 2590 2814 ἀπέφησε
2643 2744 2705 2799 τὸ
2732 2747 2906 2819 δρᾷνι
2943 2748 3296 2823 Εἰκαιότητος
3342 2755 3454 2827 γὰρ
3510 2754 3669 2829 οἶμαι
3720 2763 3785 2817 τὺ

2194 2834 2380 2906 χρῆμα
2434 2836 2649 2907 μεστὸν,
2705 2839 2796 2893 καὶ
2835 2840 3096 2913 λογισμοῦ
3143 2844 3453 2917 τητώμενον
3493 2849 3591 2903 τοῦ
3647 2871 3784 2907 παν-

2194 2922 2418 2993 αρίστου
2448 2928 2545 2978 καὶ
2592 2926 2755 2995 σοφοῦ
2776 2945 2790 2960 ο
2818 2928 3001 3001 ὀνήσει
3021 2932 3128 3004 γὰρ
3154 2935 3296 2990 κατὰ
3331 2936 3451 2991 τίνα
3475 2939 3542 3012 δὴ
3579 2945 3785 3012 τρόπον

2197 3015 2231 3084 ἡ
2265 3013 2435 3106 πυρὸς
2462 3017 2612 3086 ἡμᾶς
2640 3018 2833 3087 φύσις;
2863 3023 2957 3075 καὶ
2981 3023 3139 3095 δᾷδες
3190 3028 3249 3081 ἐν
3280 3028 3467 3102 κύκλῳ
3494 3037 3784 3106 περιθέου-

2197 3119 2287 3157 σαι
2312 3104 2431 3169 πῶς
2456 3107 2525 3160 ἂν
2558 3107 2822 3174 ὲξέλοιντο
2872 3113 2965 3167 τὸν
3000 3116 3397 3189 ἡμαρτηκότας
3436 3104 3657 3180 Χαλκοῦ
3680 3130 3785 3199 μὲν

2202 3197 2313 3270 γὰρ
2367 3199 2536 3270 ἤγουν
2603 3202 2799 3274 ἑτέρας
2853 3205 3110 3278 τοιαύτης
3156 3210 3299 3275 τινὸς
3350 3211 3505 3285 ὕλης,
3557 3197 3785 3292 ἐκτήκει

2197 3289 2289 3345 τὸν
2324 3291 2494 3362 ῥύπον
2543 3294 2576 3365 ἡ
2616 3295 2785 3366 πυρδς
2832 3297 2984 3370 βολή.
3032 3301 3145 3355 Νοῦ
3183 3303 3239 3357 δι
3285 3307 3381 3360 και
3416 3308 3595 3379 ψυχῆς
3624 3289 3784 3383 sese-

2191 3381 2375 3449 λωσιν,
2392 3385 2515 3439 τίνα
2541 3387 2742 3458 τρόπον
2766 3388 2987 3459 ἀφανιεῖ
3001 3408 3015 3457 ;
3034 3388 3104 3446 *Α
3115 3395 3162 3465 ρ’
3183 3391 3296 3463 οὖν,
3314 3399 3375 3452 οὐ
3392 3400 3631 3468 γέλωτος

2190 3475 2368 3540 ταυτὶ,
2403 3476 2498 3530 καὶ⁵
2534 3478 2826 3549 φληνάφων
2858 3483 3075 3539 ιννοιῶν
3094 3487 3374 3560 εὑρέματα
3401 3507 3416 3557 ;

2261 3571 2468 3625 ΠΑΛΛ.
2512 3573 2835 3628 Παντάπασι
2865 3577 2963 3647 μὲν
2985 3573 3097 3634 οῦν.

2258 3661 2425 3715 ΚΥΡ.
2466 3662 2637 3733 Φαίην
2666 3665 2711 3718 δ’
2742 3665 2810 3720 ἂν
2838 3667 2916 3731 ὡς
2944 3669 3140 3741 ἥδιστα
3160 3674 3274 3737 τοῖς
3315 3673 3587 3748 Ἐλλήνων
3614 3680 3781 3750 λογά-

2190 3768 2294 3818 σιν,
2328 3754 2379 3807 oi
2418 3753 2527 3809 τῶν
2554 3755 2809 3812 τοιούτων
2844 3759 3086 3832 αἰσχρῶν
3119 3765 3574 3838 ἐπιτηδευμάτων
3605 3773 3773 3844 εὑρε-

2186 3847 2277 3901 ταὶ
2302 3848 2582 3937 γεγόνασι,
2613 3852 2708 3905 καὶ
2745 3854 2858 3917 τοῖς
2900 3853 3080 3919 ἄλλοις
3115 3858 3409 3929 εἰσηγηταί
3431 3878 3445 3892 ο
3474 3863 3540 3916 Τί
3563 3865 3628 3936 δὴ
3650 3865 3767 3937 ἄρα

2185 3936 2440 4009 δρῶντες,
2465 3934 2511 3994 ὧ
2528 3944 2765 4009 γενναῖοι
2804 3943 2901 3998 καὶ
2936 3946 3110 4015 σοφοὶ,
3142 3947 3235 4002 τὸν
3272 3950 3372 4021 μὲν
3400 3952 3592 4009 Τιτυὸν
3617 3934 3771 4010 €st-

2185 4047 2293 4095 vov,
2319 4031 2379 4085 δν
2407 4033 2637 4101 ὲκφύναι
2660 4035 2847 4104 λέγετε
2867 4037 2992 4107 γῆς,
3014 4040 3094 4103 είς
3120 4039 3249 4112 ᾅδου
3275 4043 3556 4110 κολάζετε,
3586 4051 3770 4116 γῦπας

2185 4124 2334 4195 αὐτῷ
2367 4126 2745 4197 περιιστάντες
2802 4130 2910 4185 τῶν
2954 4132 3179 4202 ἠπάτων
3232 4134 3581 4207 δαιτυμόνας.
3612 4140 3767 4211 ὥραν

2180 4215 2262 4268 ὅτι
2290 4216 2514 4285 γυναίου
2550 4220 2916 4292 τεθαυμακὼς
2938 4223 3266 4297 ὴρῤώστησε
3295 4229 3396 4300 τὴν
3428 4232 3763 4305 ὲπιθυμίανς

2181 4307 2442 4379 Ταντάλῳ
2491 4310 2548 4363 δὲ
2574 4310 2738 4366 λίθον
2783 4314 3124 4387 ἐπηρτῆσθαι
3179 4336 3339 4388 φατε,
3373 4324 3467 4376 καὶ
3506 4324 3760 4400 γλώττης

2179 4398 2341 4451 αὑτὸν
2384 4399 2682 4454 ἀκολάστου
2735 4403 3161 4475 εἰσπράττεσθαι
3209 4408 3366 4474 δίκας
3409 4398 3764 4483 μυθολογείτε

493 4476 697 4543 dicitis,
742 4496 977 4553 eumque
1010 4485 1430 4559 intemperantis
1465 4495 1666 4566 lingua:
1691 4513 1883 4567 pamas
1906 4499 2070 4565 dare,

2211 4492 2290 4554 οῖς
2317 4491 2456 4556 νέοις
2481 4509 2495 4558 ;
2523 4493 2723 4548 κύκλου
2754 4494 2812 4548 δὲ
2849 4500 3090 4570 μακραῖς
3121 4501 3217 4554 καὶ
3249 4476 3580 4576 ἀεικινήτοις
3605 4476 3763 4579 περι-

491 4570 680 4636 pueris
705 4570 952 4630 fabulose
976 4578 1230 4634 traditis?
1259 4583 1415 4654 195
1441 4595 1575 4642 rotae
1603 4604 1824 4658 quoque
1850 4589 2073 4645 diutur-

2209 4586 2461 4656 τροφαῖς,
2496 4585 2591 4639 τὸν
2636 4587 2827 4652 Ἰξίονα
2867 4590 3290 4662 καταδήσαντες,
3319 4570 3508 4668 natth
3527 4570 3763 4674 ἀνατλῆ-

490 4659 577 4714 nis
607 4675 671 4715 ac
694 4671 962 4733 perpetuo
979 4666 1329 4728 circumactis
1341 4678 1806 4734 conversionibus
1819 4680 2070 4737 Ixionem

2211 4693 2266 4728 αι
2296 4676 2390 4729 ἐπὶ
2447 4676 2586 4748 τῷδέ
2624 4695 2781 4746 φατε,
2806 4682 2921 4745 τοῖς
2954 4682 3012 4748 ἐξ
3041 4659 3259 4757 άπάτης
3279 4659 3476 4758 omni
3506 4691 3608 4744 οὒκ
3641 4659 3759 4747 ἀπ’.

489 4751 745 4822 alligatis,
775 4764 831 4809 et
857 4756 914 4810 in
939 4773 1004 4812 ea
1026 4774 1218 4829 poenas
1244 4764 1395 4820 luere
1419 4754 1604 4823 dicitis
1642 4769 1874 4827 fallaciae
1922 4772 2072 4829 illius

2209 4767 2415 4824 ιδουσαν
2460 4768 2621 4835 θεοῖς,
2658 4771 2801 4840 σφᾶς
2843 4773 2903 4827 δὲ
2931 4775 3128 4841 αὐτοὺς
3176 4751 3271 4832 καὶ
3319 4751 3543 4853 ἐτέρους
3581 4785 3764 4838 καίτοι

486 4857 609 4911 qua:
642 4847 839 4903 vestris
863 4849 970 4905 diis
993 4852 1221 4911 minime
1251 4856 1572 4928 displicuit:
1608 4877 1709 4918 vos
1743 4863 1892 4933 ipsos
1932 4880 2069 4921 vero

2212 4863 2374 4925 εινοῖς
2411 4861 2506 4915 καὶ
2538 4863 2943 4930 ὲκτοπωτάτοις
2963 4868 3248 4935 ὲναλόντας
3274 4847 3487 4938 κακοξς,
3504 4876 3640 4947 πυρὶ
3661 4879 3761 4929 καὶ

488 4946 552 4986 ac
572 4942 802 4991 caeteros
825 4942 1074 5007 quamvis
1088 4948 1429 5016 gravissimis
1466 4952 1910 5023 turpissimisque
1946 4971 2067 5013 ma-

2209 4950 2388 5015 αλλοῖς
2437 4952 2834 5021 ἀπαλλάττετε,
2864 4957 3115 5031 καθάπερ
3144 4961 3322 5016 οἴεσθέ
3353 4980 3476 5033 που,
3508 4942 3604 5019 καί
3643 4967 3760 5019 τῶν

487 5023 558 5078 lis
581 5030 897 5096 teneamini,
921 5033 1031 5105 igni
1053 5054 1119 5093 ac
1139 5042 1307 5095 ramis
1345 5042 1610 5110 liberatis,
1641 5053 1703 5098 ut
1731 5043 1835 5115 ipsi
1872 5048 2064 5118 opina-

2209 5041 2540 5113 γκλημάτων
2572 5045 2860 5117 χαρίζεσθε
2894 5050 2994 5120 τὴν
3030 5023 3306 5124 ἀπόνιψιν,
3353 5023 3575 5112 καίτοι
3612 5058 3758 5128 ἄγαν

488 5117 623 5172 mini
649 5135 665 5186 ;
689 5127 743 5174 et
760 5124 1145 5191 perditissimis
1169 5131 1487 5211 hominibus
1510 5134 1805 5192 criminum
1828 5117 2065 5197 ablutio-

2209 5134 2660 5204 ατεγνωσμένοις.
2691 5136 2871 5209 Τιτυῷ
2889 5117 2966 5208 δὲ,
2993 5142 3116 5195 εἰπέ
3142 5117 3254 5214 μοι,
3283 5117 3379 5200 καὶ
3407 5149 3523 5210 τοίς
3548 5117 3755 5220 ἀρτίως

487 5219 610 5259 nem
638 5211 978 5270 conceditis?
1001 5217 1162 5287 Tityo
1183 5232 1336 5283 vero,
1386 5236 1571 5289 quasso
1597 5230 1673 5291 te,
1715 5232 1772 5280 et
1818 5226 1886 5282 iis
1925 5244 2064 5299 quos

2209 5224 2595 5295 ινομασμένοις,
2620 5226 2681 5279 τὸ
2706 5228 2763 5281 ὲν
2791 5231 2968 5303 ἐνδείᾳ
2988 5233 3128 5303 τάχα
3144 5211 3249 5290 που
3275 5238 3529 5306 γενέσθαι

487 5298 650 5355 modo
680 5304 980 5371 nominavi,
1007 5307 1150 5377 ignis
1174 5311 1404 5379 penuria
1421 5311 1649 5370 fortasse
1672 5316 1811 5373 adeo
1836 5298 2064 5377 acerbas

2209 5315 2412 5388 κληρὰν
2464 5318 2560 5372 καὶ
2600 5298 2953 5392 ὰδιεξίτητον⁷
2973 5298 3190 5381 ἐπίθετε
3216 5298 3421 5402 diam;
3468 5333 3582 5387 Καὶ

484 5402 675 5458 ρωιιίιε
698 5393 999 5465 imposuit?
1026 5396 1189 5469 Atqui
1223 5402 1314 5457 ille
1334 5414 1516 5462 vestra
1541 5409 1801 5479 opinione
1832 5411 2065 5471 furacis—

2220 5424 2283 5477 γε
2323 5409 2447 5463 καθ’
2471 5411 2615 5481 ὑμᾶς
2638 5412 3030 5481 κλεπτίστατος
3070 5419 3165 5473 καὶ
3217 5393 3754 5496 πυρδς-ἀνθρώποις

484 5482 676 5582 simus,
708 5488 801 5555 qui
826 5488 1005 5558 ignem
1029 5490 1097 5546 ad
1140 5492 1390 5552 homines
1419 5499 1634 5567 detulit,
1673 5503 2062 5562 Prometheum

2209 5501 2538 5574 ακομιστὴς,
2576 5504 2668 5558 τὸν
2707 5506 2999 5578 Προμηθέα
3053 5509 3216 5580 λέγω,
3251 5482 3307 5565 εί
3329 5482 3414 5579 τίς
3606 5482 3753 5582 δλωξ

484 5570 627 5636 dico,
667 5574 711 5627 si
755 5575 897 5629 ullus
934 5578 1161 5634 omnino
1202 5582 1367 5638 etiam
1418 5586 1507 5641 ille
1543 5588 1664 5656 fuit,
1704 5591 1847 5662 ignis
1899 5609 2059 5649 usum

2209 5570 2420 5657 ἁκεένος
2443 5570 2535 5666 ἦν,
2567 5596 2663 5669 τὴν
2691 5570 2862 5670 napo-4
2888 5570 3143 5656 ’ἐπλούτει
3175 5570 3518 5677 χρῆσινξκαὶ
3538 5570 3656 5683 ,πρό
3679 5570 3749 5679 γε

568 5745 607 5774 ¹¹
636 5743 739 5801 lsa.
778 5763 957 5809 χχχι-ι,
986 5749 1139 5807 8-10.
1221 5758 1259 5791 ¹¹
1288 5758 1446 5815 Dcut.
1479 5778 1624 5831 xvul,
1657 5765 1738 5818 l0.
