3966 6298
455 363 557 419 H7

1474 352 1526 409 S.
1563 352 1833 411 CYRILLI
1871 350 2336 408 ALEXANDRINI
2376 349 2708 406 ARCHIEP..

3605 335 3717 395 “8

456 489 697 548 gressus,
737 471 928 543 abjicit
952 479 1180 534 vestem,
1207 469 1352 524 radit
1390 479 1581 539 caput,
1610 470 1786 539 ipsum
1811 484 2026 539 quoque
2058 475 2079 530 ,ε

2182 470 2295 520 ίστε
2343 466 2436 520 καὶ
2472 465 2523 517 εἰ
2566 481 2650 527 τις
2697 461 2875 516 αὐτῶν
2925 461 3017 514 ἐπὶ
3076 457 3281 530 τύμϐον
3325 456 3415 522 ῖοι,
3452 454 3546 510 καὶ
3598 459 3717 519 τοῖς

456 547 667 624 crinem
693 575 949 634 tanquam
969 563 1243 631 impurum
1260 560 1580 616 detondens.
1598 560 1643 614 Α
1655 561 1852 630 quibus
1866 561 2033 614 rebus

2182 558 2246 612 Iw
2283 556 2594 610 τεθνεώτων
2633 553 2892 625 ἐμϐάλλοι
2937 553 3197 623 σὴμασιν,
3236 547 3451 619 ίμάτιον
3497 547 3714 602 ἀποϐα-

457 671 578 711 esse
602 654 761 709 nobis
789 651 1179 714 recedendum,
1207 651 1616 720 cavendumque
1642 666 1711 704 ne
1734 665 1828 709 eos
1853 650 2034 704 imite-

2182 649 2264 716 ὒν,
2303 648 2555 720 ψιλοῦται
2601 648 2696 718 τὴν
2751 645 3014 714 κεφαλὴν,
3049 643 3143 696 καὶ
3176 639 3346 710 αὐτὴν
3399 639 3718 710 ἀποκείρων

460 765 610 812 mur,
637 747 821 802 divina
859 747 946 799 lex
982 745 1170 799 docuit
1199 763 1211 799 :
1247 745 1384 798 dixit
1409 745 1556 799 enim
1585 745 1819 799 iterum:
1869 764 1886 795 ι
1915 745 2036 799 Non

2187 764 2213 809 ς
2246 743 2662 817 μεμολυσμένην
2709 741 2806 812 τὴν
2835 739 3016 809 τρίχα,
3043 731 3118 790 ὧν
3143 736 3225 789 ὅτι
3258 733 3536 806 προσῆκεν
3574 735 3719 787 ἀπο-

461 837 786 901 lustrahitis,
827 851 938 890 non
985 835 1278 904 imponetis
1301 836 1579 890 calvitium
1616 851 1781 905 super
1813 844 2032 890 mortuo

466 929 608 982 inter
631 925 824 979 oculos
843 925 1127 979 vestros”.
1152 945 1168 975 ι
1197 924 1494 980 Gentilium
1517 925 1664 979 enim
1689 925 1892 995 egregii
1909 926 2042 980 scri-

467 1029 656 1090 ptores
678 1018 988 1088 Apollinem
1025 1015 1236 1087 ﬁngunt
1271 1016 1432 1070 deum
1455 1057 1470 1080 ,
1496 1032 1659 1086 quem
1685 1018 1850 1071 etiam
1882 1017 2044 1072 Phre-

467 1111 597 1166 hum
623 1110 916 1180 appellant,
946 1109 998 1162 id
1021 1116 1104 1163 est
1127 1149 1140 1172 ,
1166 1123 1362 1176 purum
1399 1116 1454 1162 et
1497 1107 1862 1176 impollutum,
1887 1123 2044 1161 eum-

469 1204 706 1274 demque
740 1218 859 1258 esse
899 1217 1063 1272 quem
1109 1202 1278 1255 solem
1320 1199 1528 1255 dicunt.
1557 1199 1838 1262 Φοιϐἁζειν
1883 1199 2049 1269 igitur

470 1297 758 1359 dicebant,
790 1312 852 1350 ac
891 1294 1178 1364 φοιὸἄσθαι
1213 1309 1404 1348 rursus
1449 1309 1515 1347 ex
1558 1292 1744 1348 Graeca
1788 1293 2048 1362 loquendi

473 1385 893 1448 consuetudine,
922 1382 1070 1452 quod
1109 1399 1339 1452 purgare
1383 1390 1467 1436 est
1494 1386 1661 1452 atque
1704 1383 1963 1452 purgari,
1991 1390 2052 1436 ut

473 1475 577 1544 ipsi
604 1482 817 1544 putant,
836 1482 890 1527 et
914 1481 973 1526 ut
995 1481 1078 1527 est
1101 1472 1154 1524 in
1177 1472 1418 1541 ipsorum
1438 1472 1671 1541 legibus.
1689 1473 1772 1526 Ab
1796 1472 1863 1526 iis
1889 1472 2054 1543 igitur

476 1565 614 1620 adeo
640 1564 892 1633 turpibus
915 1571 1079 1632 atque
1101 1561 1446 1625 deformibus.
1460 1562 1934 1617 observationibus
1955 1577 2056 1618 nos

479 1653 728 1708 divinum
773 1667 1107 1722 responsum
1153 1661 1404 1717 coercet;
1433 1667 1611 1722 neque
1640 1653 1785 1706 enim
1822 1659 2057 1706 mortem

479 1758 778 1813 corporum
818 1757 939 1796 esse
963 1742 1131 1796 animi
1157 1741 1514 1811 pollutionem
1557 1749 1748 1823 putare
1779 1743 2055 1807 convenit,

479 1843 576 1890 aut
598 1835 914 1890 existimare
938 1832 1221 1886 cadaveris
1257 1838 1550 1901 conspectu
1578 1820 1820 1887 maculas
1851 1831 1906 1886 in
1930 1847 2056 1886 cor-
2092 1820 2132 1873 Β

481 1927 646 1981 dibus
667 1925 1051 1996 aspicientium
1066 1923 1301 1992 imprimi
1319 1940 1334 1989 ;
1349 1937 1526 1992 neque
1541 1931 1833 1993 propterea
1849 1925 2057 1978 crimen

484 2017 744 2081 tondere;
773 2015 828 2071 id
872 2015 1017 2068 enim
1063 2013 1421 2089 vanissimum
1447 2019 1552 2077 est,
1588 2026 1646 2071 et
1679 2012 2060 2082 ahjectissimae

483 2106 761 2176 opinionis
783 2106 1026 2176 plenum.
1060 2104 1214 2174 197
1243 2103 1506 2158 Praaclare
1534 2103 1698 2174 igitur
1735 2104 1824 2159 lex
1848 2122 1860 2157 :
1895 2125 1912 2156 ι
1940 2105 2062 2159 Non

486 2196 809 2260 lustrabitis,
843 2215 861 2248 ι
896 2195 1105 2266 inquit;
1130 2211 1314 2265 neque
1348 2195 1494 2250 enim
1518 2195 1787 2266 ejusmodi
1813 2197 2064 2268 purgatio

485 2287 922 2357 animumjuvat,
965 2286 1058 2341 sed
1106 2286 1254 2340 laedit
1280 2287 1497 2357 potius;
1526 2303 1651 2342 nam
1685 2295 1740 2342 et
1765 2288 2067 2344 utilissimae

487 2381 588 2434 via:
612 2380 980 2450 cognitionem
1018 2379 1216 2446 aufert,
1245 2388 1300 2435 et
1337 2381 1407 2434 ab
1431 2381 1683 2436 utilitatis
1719 2381 2067 2453 indagatione

489 2487 590 2525 nos
614 2472 856 2528 abducit.
893 2473 1147 2528 lncamus
1183 2473 1332 2526 enim
1373 2472 1516 2526 hanc
1557 2473 1824 2526 rationem
1857 2492 1868 2526 :
1899 2474 2071 2544 Leges

490 2571 620 2618 sunt
643 2565 788 2635 apud
824 2580 926 2620 nos
950 2580 1142 2620 eorum
1186 2564 1279 2634 qui
1305 2579 1469 2632 super
1505 2570 1710 2619 terram
1743 2565 1947 2620 habent
1971 2567 2072 2620 im-

494 2655 742 2724 perium,
783 2671 906 2724 quae
945 2655 1202 2709 omnibus
1229 2653 1433 2723 ubique
1468 2653 1817 2719 hominibus,
1851 2671 1974 2724 quae
1995 2653 2074 2710 fa-

495 2744 690 2798 cienda
740 2746 851 2799 sint
884 2747 1132 2816 jubeant,
1163 2745 1599 2816 prohibeantque
1642 2748 1948 2802 contraria:
1977 2747 2074 2803 sed

497 2833 687 2904 pugnas
721 2834 964 2905 ell‘ugere
997 2851 1187 2890 earum
1211 2837 1505 2892 violatione
1543 2838 1890 2893 commeritas
1913 2853 2076 2892 nemo

499 2926 724 2997 poterit,
744 2925 848 2979 nisi
872 2921 1217 2996 imperatoris
1238 2928 1288 2982 ei
1313 2928 1650 2999 benignitate
1674 2928 2075 2983 condonentur.

502 3015 706 3072 Eadem
731 3033 949 3088 quoque
967 3019 1199 3084 ratione,
1218 3021 1312 3090 qui
1337 3019 1551 3074 divinas
1572 3020 1721 3090 leges
1737 3027 2079 3090 contempse-

505 3107 596 3171 rit,
627 3106 745 3162 ﬁeri
772 3125 943 3178 purus
969 3126 1076 3163 non
1101 3119 1301 3179 potest,
1319 3109 1426 3165 nisi
1451 3110 1505 3164 id
1523 3109 1695 3164 divini
1719 3110 1962 3164 numinis
1984 3109 2082 3164 be-

2142 836 2333 905 φοιτᾷν
2364 834 2459 888 καὶ
2498 830 2886 905 παραιτεῖσθαι
2915 828 3013 897 τὴν
3061 824 3311 896 μίμησιν,
3342 823 3371 875 6
3401 822 3543 884 θεῖος
3570 823 3723 892 ἡμᾶς

2143 929 2426 983 ἐπαίδευσε
2458 927 2642 997 νόμος.
2681 924 2826 992 Ἔφη
2879 921 2985 992 γὰρ
3014 918 3202 972 πάλιν·
3245 935 3261 967 ι
3291 916 3366 969 Οὐ
3406 915 3723 985 φοιϐἡσετε,

2143 1022 2243 1076 οὐκ
2278 1020 2565 1091 ὲπιθήσετε
2617 1016 2962 1086 φαλάκρωμα
2993 1011 3086 1065 ἐπὶ
3134 1008 3338 1080 νεκρῷ,
3406 1007 3510 1060 ἀνὰ
3557 1007 3726 1076 μέσον

2145 1111 2438 1182 ὀφθαλμῶν
2465 1109 2640 1181 ὑμῶν.
2673 1128 2690 1160 ι
2735 1107 3002 1176 Ἑλλήνων
3027 1103 3132 1174 γάρ
3164 1103 3213 1155 οἱ
3243 1101 3487 1169 λογάδες,
3530 1097 3726 1150 Ἀπόλ-

2148 1204 2291 1257 λωνα
2341 1200 2695 1274 μυθολογοῦσι
2740 1198 2881 1261 θεὸν,
2921 1196 2981 1249 ὃν
3012 1195 3106 1248 καὶ
3149 1192 3335 1246 Φοῖϐον
3375 1189 3724 1260 ὀνομάζουσι,

2149 1294 2418 1361 τουτέστι,
2451 1292 2690 1364 καθαρὸν
2720 1291 2814 1345 καὶ
2847 1288 3132 1359 ἀμίαντον.
3161 1285 3264 1338 Τὸν
3301 1283 3462 1337 αὑτὸν
3491 1281 3548 1334 δὲ
3589 1275 3727 1333 εἶναι

2150 1387 2230 1458 τῷ
2268 1387 2404 1458 ἡλίῳ
2450 1384 2602 1456 φασί.
2646 1382 2928 1446 Φοιδάζειν
2959 1375 3051 1434 οὖν
3083 1379 3342 1448 ἔφασκον,
3379 1375 3473 1429 καὶ
3535 1374 3727 1443 φοιδᾶ-

2155 1479 2277 1534 σθαι
2311 1479 2492 1543 πάλιν,
2531 1475 2673 1530 κατά
2709 1473 2995 1544 συνήθειαν
3035 1471 3132 1542 τὴν
3169 1465 3597 1539 Ἐλληνικὴν,τὸ
3629 1482 3729 1518 κα-

2157 1571 2364 1642 θαίρειν
2408 1586 2468 1622 τε
2517 1567 2611 1622 καὶ
2657 1563 3038 1636 καθαίρεσθαι,
3065 1559 3208 1614 κατά
3246 1576 3311 1628 γε
3340 1557 3400 1611 τὸ
3427 1558 3614 1620 αὐτοῖς
3650 1555 3730 1608 δο-

2157 1661 2311 1726 κοῦν,
2344 1659 2440 1713 καὶ
2475 1657 2599 1721 τοὺς
2629 1655 2778 1728 παρά
2813 1653 2994 1722 σφίσιν
3027 1651 3210 1711 αὐτοῖς
3241 1649 3463 1718 νόμους.
3511 1644 3732 1714 Ἀπείρ-

2159 1768 2246 1820 γει
2273 1749 2337 1819 δὴ
2374 1743 2466 1802 οὖν
2493 1747 2640 1818 ἡμᾶς
2689 1745 2750 1798 τὸ
2784 1743 2924 1797 θεῖον
2979 1737 3359 1812 χρησμῴδημα
3409 1735 3518 1789 τῶν
3562 1736 3734 1795 οὕτως

2165 1839 2404 1911 αἰσχρῶν
2444 1839 2539 1892 καὶ
2562 1835 2980 1893 ἀκαλλεστάτων
3013 1829 3476 1902 ἐπιτηδευμάτων.
3507 1826 3584 1881 Οὐ
3613 1825 3736 1895 γάρ·

2164 1953 2247 1988 τοι
2283 1932 2550 2003 προσήκει
2589 1927 2863 2001 μολυσμὸν
2910 1924 3160 1996 ἡγεῖσθαι
3215 1920 3416 1991 ψυχῆς,
3479 1919 3572 1972 τὸν
3630 1916 3738 1970 τῶν

2169 2024 2437 2096 σωμάτων
2485 2022 2743 2087 θάνατον,
2799 2018 2924 2072 οὔτε
3003 2017 3106 2088 μὴν
3163 2013 3372 2069 οἴεσθαι
3447 2013 3571 2075 ταῖς
3633 2009 3739 2063 τῶν

2167 2115 2419 2187 ὁρώντων
2456 2113 2706 2184 καρδίαις
2745 2105 3216 2178 ὲναπομάττεσθαι
3261 2103 3450 2176 ῥύπον,
3485 2101 3588 2173 τὴν
3643 2099 3741 2152 ἐπὶ

2171 2206 2350 2279 νεκρῷ
2402 2205 2552 2270 θέαν,
2595 2203 2703 2257 οὐδ’
2749 2198 2814 2257 αὖ
2858 2203 2951 2254 ἐπὶ
2979 2199 3115 2269 τῷδε
3159 2197 3424 2268 προσήκει
3460 2193 3556 2264 τὴν
3585 2191 3743 2262 τρίχα

2171 2297 2380 2370 ψιλοῦν.
2405 2295 2616 2367 Κομιδῆ
2651 2293 2758 2365 γὰρ
2781 2291 2946 2345 ’έωλον
2974 2291 3068 2343 καὶ¹
3098 2289 3196 2359 τῆς
3229 2283 3568 2358 χαμαιζήλου
3591 2283 3743 2351 δόξης

2175 2393 2234 2446 τὸ
2265 2391 2453 2462 χρῆμα
2491 2387 2704 2459 μεστόν.
2731 2381 2804 2438 Εὖ
2830 2401 2890 2452 γε
2916 2383 2979 2452 δὴ
2996 2377 3088 2435 οὖν
3117 2380 3145 2432 6
3175 2379 3337 2448 νόμος
3367 2377 3446 2443 τὸ,
3490 2395 3508 2427 ι
3533 2375 3607 2429 Οὐ
3634 2390 3748 2444 φοι-

2177 2484 2431 2554 δήσετε,›
2471 2479 2653 2550 φησίν·
2685 2477 2745 2531 ού
2795 2476 2903 2546 γὰρ
2954 2473 3191 2546 ἡτοιάδε
3247 2469 3515 2540 κάθαρσις
3565 2468 3750 2536 ὀνήσει

2177 2573 2376 2644 ψυχὴν,
2412 2573 2589 2626 ἀδικεῖ
2620 2570 2677 2624 δὲ
2718 2569 2936 2640 μᾶλλον,
2964 2566 3059 2620 καὶ
3096 2565 3193 2636 τὴν
3221 2563 3421 2632 γνῶσιν
3449 2575 3750 2632 παραιρου-

2185 2667 2321 2737 μένη
2342 2665 2442 2734 τῆς
2477 2660 2930 2731 ὲπωφελεστάτης
2970 2657 3110 2719 ὁδοῦ,
3147 2657 3242 2708 καὶ
3257 2655 3357 2725 τῆς
3399 2652 3494 2706 τοῦ
3545 2652 3753 2722 συμφέ-

2185 2773 2367 2828 ροντος
2410 2752 2819 2824 ἀποκομίζουσα
2876 2751 3068 2822 θήρας.
3110 2743 3448 2816 Σκεψώμεθα
3486 2744 3597 2813 γὰρ
3633 2742 3752 2796 ὠδί-

2183 2847 2352 2918 Νόμοι
2384 2847 2512 2916 παρ’
2546 2847 2679 2915 ἡμῖν
2708 2842 2817 2896 τῶν
2867 2841 2960 2894 ἐπὶ
3007 2840 3110 2909 γῆς
3158 2836 3501 2909 κρατούντων
3531 2835 3658 2898 εἰσὶ,
3689 2835 3758 2887 τὰ

2187 2936 2437 3009 πρακτέα
2482 2937 2571 2990 καὶ
2628 2933 2725 3006 μὴ,
2764 2935 2875 2996 τοῖς
2923 2928 3236 3001 ἁπανταχοῦ
3283 2926 3640 3000 βραδεύοντές
3696 2943 3758 2978 τε

2187 3027 2281 3080 καὶ
2315 3027 2732 3095 ἀποφάσκοντες
2761 3040 2773 3052 ·
2809 3021 2926 3076 ἀλλ’
2956 3021 3056 3075 οὐκ
3093 3021 3158 3075 ἀν
3201 3037 3284 3083 τις
3318 3017 3535 3071 δύναιτο
3572 3017 3762 3084 διαφυ-

2189 3121 2304 3187 γεῖν
2342 3117 2440 3180 τὰς
2483 3116 2576 3170 ἐπὶ
2623 3117 2745 3178 ταῖς
2801 3111 3147 3183 παραϐάσεσι
3196 3111 3370 3174 δίκας,
3406 3109 3480 3179 μὴ
3531 3108 3650 3177 ούχὶ
3701 3105 3764 3158 τὸ

505 3199 704 3255 neﬁcio
729 3177 973 3255 lucratus
1000 3177 1182 3255 fuerit.
1215 3200 1271 3256 Si
1303 3201 1450 3256 enim
1481 3201 1622 3272 ignis
1645 3208 1740 3254 aut
1763 3216 1916 3271 aquae
1938 3200 2079 3270 leges

2189 3177 2434 3264 ἀνεῖσθαι
2475 3208 2582 3261 δεῖν
2625 3207 2724 3276 τῆς
2802 3177 3065 3276 βασιλέως
3119 3177 3478 3274 ἡμερότητος
3514 3199 3763 3269 ἐφιείσης

505 3290 852 3355 violavimus,
879 3299 934 3346 et
971 3291 1184 3361 peccati
1225 3291 1368 3346 ratio
1395 3291 1463 3346 ad
1500 3291 1592 3346 illa
1634 3299 1877 3360 spectat,
1904 3291 2089 3345 abluat

506 3398 648 3453 aqua
673 3383 910 3452 culpam,
938 3391 1208 3454 excoquat
1244 3384 1436 3439 sordes
1463 3384 1632 3454 ignis;
1658 3383 1971 3438 condonent
1991 3398 2090 3452 pro

507 3490 608 3528 suo
625 3474 769 3544 jure,
799 3475 1000 3543 quibus
1017 3475 1311 3540 voluerint,
1330 3476 1593 3541 crimina;
1615 3476 1699 3530 sin
1723 3485 1906 3530 autem
1926 3489 2092 3529 verax

507 3574 592 3620 est
618 3566 706 3621 ille
733 3569 827 3636 qui
851 3567 985 3620 dicit
1009 3568 1240 3622 Domino
1271 3586 1285 3621 :
1315 3587 1331 3620 ι
1361 3568 1484 3623 Tibi
1510 3568 1610 3623 soli
1632 3568 1876 3638 peccavi,
1897 3577 1953 3622 ct
1974 3582 2092 3620 ma-

513 3657 628 3712 lum
655 3673 837 3712 coram
866 3667 919 3712 te
948 3657 1052 3713 feci
1077 3660 1117 3690 ⁸⁸
1149 3677 1161 3711 :
1193 3679 1210 3711 ι
1245 3656 1410 3730 (unus
1433 3659 1584 3713 enim
1620 3667 1704 3714 est
1725 3659 2001 3730 legislator
2030 3675 2094 3714 ac

511 3749 699 3822 judex)
743 3765 907 3819 quam
935 3750 1005 3803 ob
1045 3765 1265 3804 causam
1287 3790 1302 3815 ,
1337 3765 1404 3804 eo
1430 3749 1670 3805 demisso
1689 3790 1703 3814 ,
1739 3765 1908 3818 penes
1932 3765 2095 3819 quem

515 3851 568 3896 et
593 3842 859 3911 puniendi
904 3849 1008 3904 est,
1033 3849 1090 3895 et
1131 3841 1478 3896 condonandi
1522 3849 1798 3911 potestas,
1839 3843 1905 3896 ad
1932 3843 2097 3898 anilia

515 3940 826 3988 commenta
857 3931 1208 3998 delabuntur,
1233 3931 1344 4003 igni
1379 3940 1434 3987 et
1456 3947 1610 4003 aqum
1649 3933 1952 3988 tribuentes
1976 3950 2098 3990 eam

521 4025 856 4090 facultatem,
883 4031 944 4078 ut
970 4039 1129 4094 posse
1153 4023 1467 4079 existiment
1491 4025 1637 4095 ipsos
1660 4041 1689 4078 a
1714 4025 1889 4095 culpis
1915 4027 2098 4082 absol-

536 4129 682 4168 vere.
722 4113 904 4184 Apage
941 4114 1011 4168 ab
1035 4114 1138 4169 hac
1162 4114 1490 4181 temeritate,
1516 4116 1774 4182 obsecro;
1808 4117 2006 4172 accede
2031 4116 2100 4172 ad

521 4221 647 4260 eum
671 4205 762 4275 qui
789 4205 937 4260 solus
962 4213 1044 4260 est
1067 4213 1262 4260 natura
1289 4207 1454 4272 Deus,
1481 4216 1537 4262 et
1559 4222 1684 4261 eum
1714 4207 1860 4262 illico
1911 4208 2100 4262 dicen-

525 4306 636 4353 tem
659 4297 848 4353 audies
874 4317 918 4352 ει
943 4299 1056 4370 Ego
1082 4314 1202 4353 sum
1227 4299 1320 4368 qui
1350 4299 1505 4353 deleo
1527 4309 1747 4369 peccata
1765 4309 1855 4355 tua
1877 4309 2103 4372 propter

527 4405 635 4456 me,
669 4401 724 4448 et
774 4407 884 4446 non
911 4407 1122 4446 memor
1143 4391 1323 4446 ero”.
1357 4410 1374 4442 ι
1409 4391 1533 4446 ilzec
1555 4400 1639 4447 est
1671 4409 1798 4448 vera
1825 4395 2098 4466 purgatio,

526 4479 617 4535 hic
639 4479 940 4548 spiritualis
965 4479 1256 4550 splendor:
1284 4495 1409 4534 nam
1449 4481 1620 4535 abluti
1647 4498 1866 4548 sumus,
1891 4485 2099 4554 peccati
2134 4521 2176 4576 Β

525 4570 906 4624 remissionem
952 4570 1058 4624 ﬁde
1105 4571 1160 4624 in
1203 4569 1484 4626 Christum
1521 4571 1734 4642 adepti;
1777 4573 2100 4630 sanctiﬁcati

527 4662 690 4714 etiam
711 4661 928 4715 lavacro
956 4663 1407 4732 regenerationis,
1433 4679 1496 4718 ac
1518 4663 1702 4718 divina
1731 4666 1903 4720 sancti
1931 4664 2103 4735 Spiri-

529 4762 617 4805 tus
638 4752 812 4822 gratia
839 4752 1180 4822 locupletati,
1206 4755 1299 4824 qui
1327 4755 1466 4826 ignis
1489 4755 1662 4810 instar
1687 4757 1925 4811 maculas
1943 4796 1956 4822 ,
1981 4772 2102 4826 quae

529 4843 582 4896 in
611 4850 826 4898 nostros
861 4844 1074 4901 animos
1104 4845 1350 4912 irruunt,
1391 4847 1546 4916 quasi
1591 4847 1774 4916 paleas
1807 4848 2099 4903 consumit.

531 4934 764 5002 Ideoque
807 4933 934 5002 jure
978 4936 1158 5006 inquit
1185 4937 1468 5008 Scriptura
1513 4937 1779 4992 divinitus
1815 4937 2099 5007 inspirata,

531 5023 740 5094 Spiritu
764 5036 953 5080 sancto
977 5037 1031 5082 et
1055 5029 1163 5102 igni
1190 5045 1289 5083 nos
1311 5043 1431 5083 esse
1455 5028 1833 5097 baptizatos".

2189 3299 2357 3370 αὐτῷ.
2387 3298 2540 3352 Κατά
2572 3297 2661 3351 τὸν
2687 3296 2804 3350 ἴσον
2839 3295 2970 3365 γοῦν
3014 3293 3234 3364 τρόπον,
3256 3293 3285 3344 ὁ
3309 3291 3418 3346 τῶν
3452 3290 3612 3343 θείων
3644 3289 3763 3342 ἀλο-

2189 3394 2364 3464 γήσας
2393 3390 2594 3461 νόμων,
2625 3389 2724 3441 οὐκ
2755 3388 2820 3442 ἂν
2843 3385 3053 3456 γένοιτο
3083 3383 3344 3453 καθαρὸς,
3382 3381 3456 3452 μὴ
3479 3381 3600 3450 οὐχὶ
3637 3380 3768 3450 θείῳ

2191 3485 2419 3555 νεύματι
2446 3483 2505 3536 τὺ
2536 3483 2724 3552 χρῆμα
2779 3476 3189 3548 πεπλουτηκώς.
3226 3477 3288 3530 El
3321 3477 3419 3545 μὲν
3455 3473 3566 3543 γὰρ
3596 3473 3767 3546 πυρὸς

2193 3578 2225 3648 ἢ
2259 3576 2447 3639 ὓδατος
2475 3572 2944 3646 παραδεῦήκαμεν
2988 3571 3205 3641 νόμους,
3242 3568 3337 3623 καὶ
3379 3569 3408 3621 6
3435 3567 3536 3636 τῆς
3587 3566 3769 3636 ἀμαρ-

2193 3671 2311 3733 τίας
2350 3669 2509 3738 λόγος
2551 3670 2632 3730 είς
2679 3668 2860 3720 ἐκεῖνα
2909 3663 3116 3734 βλέπει,
3147 3659 3490 3714 ἀπονιπτέτω
3521 3657 3584 3711 τὸ
3625 3657 3770 3728 ὕδωρ

2193 3761 2290 3832 τὴν
2332 3761 2572 3832 γραφὴν,
2617 3755 2972 3827 κατατηκέτω
3016 3754 3108 3808 τὸν
3168 3751 3339 3825 ῥύπον
3386 3749 3449 3804 τὸ
3492 3749 3625 3820 πῦρ,
3672 3747 3771 3802 καὶ

2195 3853 2454 3907 ἀνιέντων
2484 3851 2568 3905 ἐπ’
2593 3849 2860 3918 ἐξουσίας,
2891 3841 2971 3912 οἷς
3002 3847 3066 3902 ἂν
3095 3845 3301 3899 ἕλοιντο
3327 3843 3395 3896 τὰ
3424 3841 3768 3912 ὲγκλήματα’

2197 3945 2245 3997 εἰ
2291 3943 2346 3996 δὲ
2395 3943 2602 4015 ἀληθὴς
2639 3944 2668 3996 6
2710 3941 2888 4010 λέγων
2935 3938 3071 4010 πρὸς
3112 3937 3204 3990 τὸν
3257 3935 3424 3989 Θεόν·
3461 3933 3594 3986 «Σοὶ
3627 3931 3772 4003 μόνῳ

2197 4036 2460 4107 ἥμαρτον,
2502 4033 2597 4086 καὶ
2642 4033 2703 4087 τὸ
2751 4030 2984 4102 πονηρὸν
3055 4027 3284 4083 ἐνώπιόν
3331 4043 3424 4080 σου
3467 4025 3717 4094 ἐποίησα,
3747 4041 3766 4075 ι

2200 4121 2280 4190 εἷς
2313 4127 2420 4197 γὰρ
2452 4127 2480 4178 6
2505 4123 2800 4197 νομοθέτης
2837 4124 2929 4176 καὶ
2959 4120 3172 4192 κριτὴς,
3214 4119 3330 4173 ἀνθ’
3364 4119 3488 4172 ὅτου
3521 4115 3776 4186 μεθέντες

2199 4219 2290 4272 τὸν
2327 4217 2421 4271 τοῦ
2455 4217 2684 4272 κολάσαι
2719 4232 2780 4268 τε
2823 4215 2917 4268 καὶ
2953 4215 3160 4267 ἀνεῖναι
3206 4210 3420 4283 κύριον,
3461 4210 3543 4272 εἰς
3606 4223 3774 4277 γραο-

2203 4311 2433 4380 πρεπεῖς
2486 4307 2696 4371 ὲννοίας
2744 4303 3242 4368 κατολισθαίνουσι,
3291 4303 3428 4372 πυρὶ
3475 4297 3571 4353 καὶ
3623 4297 3774 4351 ὕδατι

2203 4404 2457 4472 νέμοντες
2487 4401 2546 4454 τὸ
2587 4397 2952 4454 ἀπαλλάττειν
2996 4395 3253 4450 δύνασθαι
3289 4393 3398 4448 τῶν
3437 4391 3776 4462 αίτιαμάτων

2205 4492 2435 4557 αὐτούς.
2466 4492 2682 4561 Ἀπαγε
2726 4492 2828 4562 τῆς
2871 4489 3211 4555 δυσϐουλίας,
3241 4485 3520 4557 ἄνθρωπε,
3559 4480 3778 4554 πρόσιθι

2209 4583 2354 4655 μόνῳ
2396 4582 2474 4653 τῷ
2519 4584 2660 4637 κατὰ
2701 4581 2864 4652 φύσιν
2917 4581 3058 4652 Θεῷ,
3111 4580 3205 4633 καὶ
3266 4576 3478 4648 ἀκούσῃ
3529 4574 3778 4643 λέγοντος

2205 4674 2406 4738 εὐθύς·
2443 4691 2463 4726 ι
2509 4673 2648 4741 Ἐγώ
2683 4676 2796 4744 εἰμι
2847 4675 2874 4728 6
2927 4671 3222 4741 ὲξαλείφων
3273 4667 3372 4732 τὰς
3423 4666 3657 4737 ἀνομίας
3689 4680 3780 4718 σου

2205 4765 2367 4820 ’ἑνεκα
2403 4763 2558 4836 ἐμοῦ,
2588 4764 2682 4818 καὶ
2729 4764 2790 4818 οὐ
2834 4763 3238 4835 μνησθήσομαι.
3283 4779 3302 4812 ›
3335 4757 3483 4828 Αὕτη
3516 4756 3782 4826 κάθαρσις

2206 4855 2444 4927 ἀληθής⁸
2477 4853 2634 4909 τοῦτο
2679 4855 3000 4926 λαμπρότης
3050 4856 3083 4925 ἡ
3131 4849 3476 4922 πνευματικὴ
3507 4861 3519 4876 '
3561 4847 3782 4915 διεσμή-

2208 4947 2388 5016 γμεθα
2421 4947 2532 5018 γὰρ
2564 4949 2748 5018 ἡμεῖς,
2781 4947 2962 5000 πίστει
3005 4949 3070 5017 τῇ
3118 4947 3198 5008 είς
3244 4941 3482 5015 Χριστὸν
3531 4935 3783 5007 κεκερδα·

2212 5037 2368 5101 κότες
2403 5038 2503 5109 τῆς
2547 5038 2822 5109 ἁμαρτίας
2859 5037 2959 5108 τὴν
3015 5037 3228 5106 ἄφεσιν,
3270 5030 3597 5104 ἡγιασμένοι
3626 5027 3683 5080 δὲ
3709 5024 3783 5095 τῷ

533 5115 744 5185 λουτρῷ
785 5116 883 5186 τῆς
918 5119 1360 5189 παλιγγενεσίας,
1411 5117 1502 5169 καὶ
1547 5117 1646 5188 τὴν
1686 5118 1836 5172 θείαν
1882 5120 2109 5186 ἑαυτοὺς
2147 5126 2674 5189 καταπλουτίσαντες
2705 5126 2884 5197 χάριν,
2949 5125 3047 5196 τὴν
3101 5123 3193 5176 τοῦ
3227 5121 3370 5175 θείου
3443 5117 3780 5187 Πνεύματος,

530 5207 560 5262 ὃ
608 5205 702 5258 καὶ
755 5207 922 5278 πυρὸς
962 5208 1136 5278 δίκην,
1204 5200 1292 5259 οἷὰ
1339 5223 1458 5258 τινα
1510 5208 1774 5276 συρφετὸν
1819 5209 1910 5263 τὸν
1956 5215 2075 5276 ταῖς
2141 5216 2436 5288 ἡμετέραις
2515 5216 2775 5279 διανοίαις
2840 5214 3334 5284 ὲγκατασκὴψαντα
3407 5210 3628 5281 δαπανᾷ
3692 5221 3783 5276 μο-

533 5295 760 5367 λυσμόν.
805 5299 900 5352 Ἐν-
938 5299 1217 5368 Πνεύματι
1263 5297 1372 5368 γὰρ
1415 5295 1554 5367 ἁγίῳ
1601 5298 1694 5350 καὶ
1751 5299 1885 5372 πυρὶ
1946 5300 2303 5372 βεϐαπτίσθαι
2366 5306 2512 5377 ἡμᾶς
2558 5322 2688 5376 φησι
2735 5305 2990 5376 ταύτῃτοι
3049 5303 3269 5367 δικαίως
3332 5304 3368 5372 ἡ
3429 5299 3783 5354 θεόπνευστος

537 5388 752 5462 Γραφὴ.

606 5484 805 5539 PALL.
849 5485 908 5540 In
956 5485 1272 5542 idololatriae
1311 5489 1475 5560 igitur
1508 5504 1740 5544 numero
1785 5488 2108 5544 habebimus
2208 5485 2222 5498 '

537 5577 701 5634 etiam
732 5581 873 5633 hunc
895 5579 1172 5632 errorem?

619 5755 841 5808 “ltuit.
875 5775 977 5822 xiv,
1011 5759 1054 5811 l.
1137 5761 1174 5791 "5
1214 5761 1350 5814 Psal.
1381 5778 1427 5825 1.,
1467 5762 1516 5817 ὃ.
1603 5763 1641 5792 ¹⁶
1670 5763 1769 5817 lsa.
1830 5777 1972 5827 mu,
2003 5760 2090 5814 25.

2287 5489 2493 5541 ΠΑᾹΛ.
2548 5488 2634 5540 Ἐν
2668 5487 2830 5559 μοίρᾳ
2859 5485 2921 5557 δὴ
2961 5481 3054 5539 οὖν
3092 5481 3542 5554 εἰδωλολατρείας
3575 5477 3780 5549 λογιούο

2221 5579 2358 5651 μεθά
2394 5597 2491 5633 που
2521 5580 2614 5634 καὶ
2645 5580 2744 5652 τὴν
2770 5579 2859 5632 ἐπὶ
2886 5576 3020 5648 τῷδε
3055 5575 3357 5646 πλάνησινς

2173 5760 2209 5790 ’τ
2245 5759 2433 5815 Matth.
2459 5775 2535 5823 tu,
2575 5758 2655 5814 ll.
