3966 6298
193 244 285 300 849

895 237 981 292 DE
1020 234 1462 292 ADORATIONE
1501 233 1568 288 IN
1611 232 1881 290 SPlRlTU
1920 232 2010 289 ET
2052 229 2421 289 VERITATE.
2465 233 2592 290 LIB.
2633 215 2720 292 Vl:

3325 232 3431 290 ιω

251 355 402 414 ΚΥΡ.
447 352 595 408 Πάνυ
636 353 734 424 μὲν
767 347 880 405 οὖν.
927 351 1240 419 Ἀθεότητος
1283 351 1394 422 γὰρ
1438 351 1500 405 τὸ
1547 351 1732 422 χρῆμα

1909 350 2068 405 CYR.
2120 350 2352 405 Maxime
2376 366 2526 406 vero.
2571 351 2672 406 Est
2699 350 2848 406 enim
2889 365 2953 406 ea
3001 366 3091 406 res
3135 350 3432 422 impietatis

193 450 390 525 μεστόν.
495 445 829 510 Συντάξαιτο
856 445 912 498 δὲ
938 445 1149 507 τούτοις
1178 446 1271 498 καὶ
1303 444 1660 516 ἐπαριθμοῖτο
1681 446 1747 499 ἂν

191 540 414 601 εἰκότως,
453 536 515 588 τὸ
552 535 761 590 οἴεσθαι
791 535 861 588 τὰ
901 534 1218 606 ἀνθρώπινα
1244 537 1356 597 τοῖς
1385 535 1748 604 ἐτέρωνδιοι-

193 630 386 686 κεῖσθαι
418 626 708 698 νεύμασιν.
742 625 835 679 καὶ
870 625 976 678 τῶν
1027 624 1149 678 καθ’
1185 625 1334 694 ἡμᾶς
1367 623 1606 693 ἀνῆφθαι
1645 623 1746 694 τὴν

190 720 416 788 ἐξουσίαν
456 719 555 788 οὐχ
591 718 742 787 ἡμᾶς
783 715 1000 779 αὐτοὺς,
1042 714 1156 768 ἀλλ’
1189 714 1283 778 οὒς
1317 714 1380 768 ἂν
1412 713 1618 767 ἐλοιντο
1647 732 1747 785 μυ-

192 811 492 867 θοπλαστεῖν
529 811 580 862 οί
609 807 718 862 τῶν
745 807 917 870 οὕτως
945 807 1224 861 ἀπιθάνων
1271 805 1557 876 δογμάτων
1587 805 1747 878 εὕρε-

187 903 283 958 ταί.
318 900 670 973 Εἱμαρμένην
730 899 839 971 γάρ
875 899 969 952 καὶ
1013 897 1198 968 Τύχην
1239 897 1333 951 καὶ
1374 896 1613 962 Γένεσιν,
1647 897 1748 950 οὐκ

187 991 293 1048 οἶδα
317 995 462 1056 ὅπως
485 991 908 1063 οῖακοστρόφους
933 989 1124 1059 ὥσπερ
1146 989 1296 1051 τινάς
1327 989 1648 1056 ἐφιστάντες
1667 985 1748 1057 τῷ

187 1086 294 1157 βίῳ,
325 1085 553 1139 ἕκαστον
600 1084 698 1155 μὲν
740 1083 899 1154 ἡμῶν
939 1083 1040 1135 οὐκ
1074 1075 1215 1134 εἷναί
1253 1096 1386 1148 φασι
1427 1076 1538 1130 τῶν
1597 1093 1741 1148 πρα-

196 1174 356 1227 κτέων
415 1172 646 1243 θελητὴν
694 1172 728 1243 ἢ
789 1172 1013 1243 κύριον·
1045 1170 1274 1238 ἄγεσθαι
1296 1169 1353 1221 δὲ
1387 1167 1642 1238 καθάπερ
1687 1165 1746 1230 ἐξ

183 1265 469 1332 ἀναγκαίου
516 1263 721 1335 δεσμοῦ
771 1263 905 1334 πρὸς
959 1261 1020 1314 τὸ
1071 1263 1186 1324 τοῖς
1232 1258 1497 1328 κρατοῦσι
1528 1257 1740 1312 δοκοῦν.

183 1351 304 1409 Εἶτα
351 1354 402 1407 τί
447 1353 512 1407 ἂν
547 1353 758 1421 γένοιτό
808 1369 940 1406 ποτε
985 1350 1077 1405 τοῦ
1111 1347 1318 1404 τοιοῦδε
1368 1347 1741 1418 ἀλογώτερον;

181 1446 286 1509 πῶς
323 1444 365 1496 δ’
397 1443 465 1498 ἂν
499 1442 762 1514 μειζόνων
795 1441 1055 1512 ⁴ἠδίκησεν
1084 1439 1113 1490 ὁ
1140 1437 1387 1499 Σατανᾶς
1428 1435 1487 1487 τὸ
1513 1435 1620 1488 τῶν
1654 1437 1747 1488 ἀν-

179 1537 399 1608 θρώπων
429 1535 608 1604 γένος,
641 1536 673 1606 ἥ
701 1536 787 1588 ὅτε
840 1533 1115 1604 προσῆκεν
1135 1525 1236 1584 ὦδε
1265 1530 1483 1600 φρονεῖν
1515 1529 1608 1582 καὶ
1629 1529 1745 1581 δια-

176 1628 474 1698 λογίζεσθαι
526 1627 767 1691 διαθείς;
813 1625 928 1689 πῶς
969 1624 1079 1696 γάρ
1137 1623 1205 1678 ἂν
1272 1622 1353 1675 ἔτι
1396 1621 1746 1692 βουλεύσαιτο

174 1723 236 1778 τὰ
265 1717 497 1794 χρηστὰ,
543 1721 638 1774 καὶ
681 1718 1000 1791 ἐθελουργὸς
1049 1717 1135 1770 ἐπ’
1168 1716 1308 1770 αὐτά
1339 1732 1422 1779 τις
1469 1715 1536 1768 ἴοι
1576 1715 1742 1781 ποτέ;
1777 1719 1819 1773 Β

175 1811 405 1883 Γεγονὼς
436 1812 493 1865 δὲ
535 1811 628 1865 καὶ
665 1812 722 1864 ἐν
750 1811 862 1873 τοῖς
891 1808 1151 1878 αίσχίοσι,
1182 1808 1276 1859 καὶ
1309 1804 1677 1876 πεφρονηκιὶκ
1708 1805 1744 1858 ἃ,

176 1905 241 1976 μὴ
269 1905 396 1975 χρὴ,
423 1903 544 1967 πῶς
576 1903 642 1957 ἂν
673 1901 866 1955 ἐαυτὸν
897 1899 1119 1969 αἰτιῷτο
1151 1899 1244 1952 καὶ
1288 1897 1596 1969 κατατήξας
1628 1899 1748 1960 ταῖς

171 1997 358 2061 λύπαις
394 1997 468 2050 τὰ
514 1995 722 2067 ἀμείνω
777 1991 1265 2064 μεταϐουλεύσαιτο
1301 1993 1517 2060 φρονεῖν
1546 2006 1605 2042 τε
1654 1990 1748 2043 καὶ

170 2089 318 2159 δρᾷν;
358 2088 581 2157 ’Ὥσπερ
614 2085 723 2154 γάρ
760 2086 873 2147 τοῖς
918 2082 1017 2153 τὴν
1045 2081 1316 2135 θάλατταν
1340 2081 1618 2152 διᾴττουσι
1653 2080 1749 2134 καὶ

170 2179 404 2232 διαπλεῖν
455 2175 754 2248 ᾑρημένοις
819 2174 968 2228 πᾶσά
1042 2189 1161 2235 πως
1209 2174 1321 2236 τοῖς
1379 2174 1444 2225 ἐκ
1494 2171 1749 2243 πρύμνης

170 2270 388 2340 ἄγεσθαι
439 2269 660 2338 ἀνάγκη
697 2267 992 2338 πνεύμασι,
1026 2267 1119 2320 καὶ
1151 2264 1576 2330 καταϐιάζεσθαι
1617 2282 1751 2318 παν-

171 2363 299 2434 ταχῆ
333 2360 478 2431 πρὸς
513 2360 572 2414 τὸ
599 2360 678 2430 τῷ
703 2359 1027 2412 συνωθοῦντι
1054 2357 1242 2411 δοκοῦν
1262 2372 1275 2386 ⁶
1299 2356 1441 2410 οὕτω
1466 2375 1569 2410 που
1605 2357 1736 2410 πάν-

172 2473 271 2520 τως
322 2456 420 2508 καὶ
461 2455 597 2524 ἡμῖν
643 2453 830 2515 αὐτοῖς
881 2453 1231 2522 παραχωρεῖν
1286 2450 1604 2517 ἀναγκαῖον,
1665 2447 1748 2516 ἐφ’

181 2549 307 2618 ὕπερ
334 2547 402 2601 ἂν
442 2545 621 2598 ἕλοιτο
653 2541 1053 2614 διακομίζεινὴ
1089 2540 1262 2611 Τύχη,
1299 2541 1394 2592 καὶ
1426 2538 1494 2592 τὰ
1531 2538 1749 2591 δυσδιά-

171 2657 340 2711 φυκτα
367 2639 491 2695 κατ’
520 2638 762 2701 ἐκείνους
799 2639 900 2708 τῆς
944 2634 1301 2706 Εἱμαρμένης
1333 2631 1640 2702 πνεύματα.
1677 2632 1749 2684 Ἦ

171 2737 261 2792 οὐκ
287 2735 468 2808 ὀρθῶς
509 2731 762 2804 εἰρῆσθαι
790 2729 948 2784 ταυτὶ
974 2729 1066 2781 καὶ⁸
1099 2725 1260 2789 αὐτὸς
1283 2725 1442 2798 οἰήσῃ
1472 2724 1636 2778 πάλιν
1663 2741 1676 2790 ;

235 3003 441 3057 ΠΑΛΛ.
470 3000 602 3064 Πῶς
632 3001 742 3071 γὰρ
765 2999 825 3054 οῦ
852 3017 867 3066 ;

237 3096 400 3153 ΚΥΡ.
442 3094 662 3150 Οὐκοῦν
697 3093 902 3164 ἠλίθιον
924 3092 1143 3164 κομιδῆ,
1172 3089 1262 3144 τὸν
1294 3089 1395 3160 μὲν
1424 3088 1627 3158 ἀγαθὸν
1655 3088 1750 3143 καὶ

171 3187 378 3259 ἐπιεικῆ
427 3183 738 3255 στεφανοῦν
775 3184 1040 3246 ἐπαίνοις,
1078 3183 1173 3234 καὶ
1220 3181 1390 3251 τιμῆς
1420 3179 1627 3246 ἀξιοῦν,
1658 3179 1750 3232 τὸν

169 3281 219 3334 δέ
251 3278 491 3351 πονηρὸν
545 3277 644 3331 καὶ
693 3275 990 3330 ἀκόλαστον
1043 3273 1293 3345 βδελυρὸν
1337 3271 1590 3343 ἡγεῖσθαι
1654 3271 1751 3325 καὶ

169 3373 586 3444 διεπτυσμένον.
822 3375 825 3377 ’

231 3466 442 3520 ΠΑΛΛ.
485 3464 630 3518 Τίνα
661 3463 766 3534 φῂς
797 3462 998 3534 τρόπον
1029 3478 1044 3527 ;
1318 3523 1327 3533 .

229 3558 395 3611 ΚΥΡ.
441 3558 597 3623 Ὅτι,
653 3551 698 3609 ὦ
749 3555 1035 3617 Παλλάδιε,
1076 3553 1301 3618 Γένεσίς
1340 3571 1400 3608 τε
1451 3553 1546 3608 καὶ
1603 3553 1756 3626 Τύχη

169 3649 489 3719 νενικήκασι
539 3647 672 3701 κατ’
709 3645 928 3709 αὐτοὺς,
960 3645 1055 3699 καὶ⁸
1091 3644 1432 3717 άνεθελήτως
1463 3645 1550 3698 ἐπ’
1585 3646 1754 3716 ἄμφω

167 3741 222 3793 τὸ
259 3740 583 3812 τρισάθλιον
628 3739 736 3793 τῶν
769 3739 860 3791 ἐπὶ
903 3738 1004 3808 τῆς
1061 3738 1164 3809 γῆς
1208 3738 1544 3810 ἀποφέρουσι
1576 3739 1756 3809 γένος.

183 3831 516 3887 Ἑθελούσιον
550 3832 614 3885 δὲ
662 3832 790 3901 παρ’
824 3831 954 3901 ἡμῖν
982 3829 1154 3883 οὐδέν.
1182 3830 1253 3883 Ἢ
1287 3829 1397 3902 γάρ
1424 3830 1545 3902 οὐχὶ
1571 3831 1632 3884 τὸ
1659 3849 1753 3885 πει

173 3925 330 3991 φυκός
357 3943 409 3979 τι
449 3926 638 3979 κινεῖν
668 3923 760 3976 καὶ
791 3921 1104 3992 δυνάμενον,
1134 3921 1306 3976 αίτιον
1330 3922 1398 3978 ἂν
1425 3923 1510 3985 εῐη
1543 3923 1639 3978 τοῦ
1672 3943 1759 3980 κι-

173 4015 363 4070 νεῖσθαι
394 4019 512 4082 τοῖς
548 4015 692 4086 παρ’
722 4012 885 4068 αὐτοῦ
915 4013 1254 4085 κινουμένοις
1280 4030 1296 4082 ;

234 4199 444 4256 man.
485 4198 671 4272 Φημί.

235 4290 399 4344 ΚΥΡ.
430 4290 545 4344 Ἴθι
576 4283 680 4343 οῦν
701 4287 788 4343 διά
815 4304 878 4356 γε
909 4287 1018 4342 τῶν
1047 4287 1174 4341 τσων
1202 4287 1422 4342 ἐννοιῶν
1456 4287 1548 4344 ἐπὶ
1575 4290 1642 4344 τά
1671 4290 1765 4345 ἀν-

1848 441 2029 512 plena.
2057 444 2155 498 His
2178 446 2300 516 jure
2336 446 2668 514 conjungere
2705 451 2868 512 atque
2894 442 3256 501 adnumerare
3278 446 3427 501 licet.

1849 534 1997 604 quod
2023 535 2275 590 nonnulli
2303 543 2499 605 putant
2522 549 2611 589 res
2642 533 2911 588 humanas
2934 533 3164 588 aliorum
3201 537 3432 592 nutibus

1848 627 2165 698 gubernari,
2202 629 2590 697 actionumque
2614 634 2929 682 nostrarum
2971 634 3295 695 potestatem
3319 645 3430 685 non

1849 717 1917 772 de
1960 717 2121 772 nobis
2148 718 2283 788 ipsis
2306 718 2576 788 pendere,
2609 717 2704 772 sed
2751 717 2819 771 de
2861 716 2929 770 iis
2965 732 3086 786 quae
3116 717 3431 789 dogmatum

1848 808 1990 863 adeo
2005 809 2371 865 absurdorum
2397 810 2777 865 inventoribus
2800 808 3001 880 ﬁngere
3019 809 3260 865 libuerit.
3294 811 3431 866 Nam

1848 901 2043 955 Fatum
2059 909 2114 956 et
2130 902 2426 957 Fortunam
2467 911 2524 958 et
2543 903 2760 970 Ortum,
2775 903 2959 957 nescio
2981 917 3219 972 quonam
3245 903 3431 963 modo,

1848 994 2005 1063 quasi
2047 995 2446 1064 gubernatores
2471 995 2736 1064 quosdam
2761 994 2888 1049 vita:
2924 994 3211 1048 hominum
3252 995 3434 1064 impo-

1847 1093 2062 1151 nentes,
2097 1087 2258 1158 198
2283 1095 2537 1142 asserunt
2554 1103 2663 1142 non
2687 1102 2806 1141 esse
2855 1102 3305 1156 unumquemque
3329 1103 3433 1142 no-

1849 1185 2025 1233 strum
2062 1194 2246 1232 rerum
2278 1178 2656 1234 faciendarum
2683 1186 2965 1232 auctorem
2993 1194 3057 1233 ac
3101 1179 3428 1244 dominum;

1848 1268 1944 1323 sed
1969 1277 2228 1338 tanquam
2253 1269 2566 1324 necessario
2591 1268 2830 1337 quodam
2853 1268 3076 1322 vinculo
3099 1269 3181 1338 agi
3206 1284 3306 1337 pro
3330 1269 3434 1322 im-

1847 1362 2158 1431 perantium
2183 1361 2434 1416 arbitrio.
2473 1360 2616 1427 Quid
2661 1359 2882 1414 tandem
2909 1359 3180 1430 ejusmodi
3210 1375 3269 1414 re
3307 1375 3430 1416 esse

1847 1462 2030 1525 potest
2052 1454 2517 1510 irrationabilius?
2541 1468 2705 1523 quam
2729 1467 2860 1507 vero
2887 1453 3147 1524 majorem
3173 1453 3429 1524 injuriam

1848 1549 2135 1603 hominum
2183 1549 2375 1619 generi
2424 1547 2627 1602 inferre
2663 1547 2932 1616 potuisset
2980 1544 3226 1612 Satanas,
3265 1561 3429 1616 quam

1849 1653 1975 1693 cum
1999 1639 2277 1710 persuasit
2319 1645 2573 1707 oportere
2619 1644 2679 1690 ut
2717 1635 2785 1690 ad
2823 1635 2972 1689 hunc
3008 1633 3229 1686 modum
3257 1633 3429 1687 senti-

1848 1740 1971 1788 rent
1989 1741 2151 1801 atque
2175 1730 2512 1801 cogitarent?
2527 1727 2801 1798 quomodo
2824 1727 2972 1782 enim
3004 1725 3071 1780 de
3097 1725 3264 1780 rebus
3285 1725 3431 1794 opti-

1849 1827 1954 1883 mis
1979 1825 2288 1879 consultare
2318 1823 2549 1891 aliquis,
2575 1829 2630 1875 et
2657 1836 2719 1875 ea
2765 1829 2958 1890 sponte
2994 1818 3214 1889 aggredi
3260 1818 3433 1888 possit

1850 1917 2128 1988 unquam?
2153 1915 2272 1970 Jam
2321 1929 2475 1978 vero,
2507 1913 2599 1982 qui
2628 1914 2683 1966 in
2711 1912 2966 1980 turpibus
3002 1911 3160 1965 factis
3184 1917 3436 1965 versatus

1849 2009 1940 2075 sit,
1967 2018 2023 2063 et
2047 2025 2109 2062 ea
2135 2021 2408 2077 propenso
2433 2005 2618 2058 animo
2638 2012 2895 2067 sectatus,
2923 2017 3044 2070 quae
3064 2019 3171 2055 non
3194 2009 3429 2072 oportet,

1847 2117 2088 2173 quonam
2137 2100 2300 2153 modo
2324 2114 2382 2152 se
2411 2098 2527 2167 ipse
2555 2094 2854 2158 accusabit,
2884 2110 2948 2148 ac
2991 2109 3226 2148 mmrore
3267 2094 3435 2150 confi-

1850 2197 2022 2259 ciens,
2050 2192 2117 2246 ad
2144 2191 2373 2246 meliora
2412 2197 2529 2242 tum
2556 2185 2838 2256 sapienda,
2869 2193 2983 2238 tum
3012 2184 3278 2250 facienda,
3308 2201 3434 2240 mu-

1851 2294 1956 2340 tata
1983 2283 2272 2349 sententia,
2300 2279 2622 2335 convertet?
2641 2278 2711 2332 Ut
2734 2277 2880 2331 enim
2909 2277 2945 2330 ii
2967 2277 3060 2346 qui
3085 2291 3234 2330 mare
3251 2284 3434 2331 trans-

1850 2377 2089 2440 mittere,
2117 2383 2287 2443 atque
2323 2374 2584 2443 trajicere
2607 2371 2819 2433 volunt,
2841 2370 3064 2423 omnino
3088 2382 3312 2422 necesse
3351 2376 3436 2422 est

1852 2478 1912 2524 ut
1935 2486 1964 2523 e
1989 2469 2155 2539 puppi
2208 2467 2468 2522 ﬂantibus
2492 2466 2673 2521 ventis
2712 2474 2961 2534 agantur,
2997 2471 3052 2517 et
3091 2477 3159 2516 eo
3196 2476 3296 2531 per
3323 2460 3433 2514 vim

1850 2558 2187 2621 deferantur,
2234 2571 2343 2624 quo
2391 2553 2552 2610 ﬂatus
2577 2553 2930 2622 impulerint:
2961 2551 3042 2606 sic
3085 2551 3248 2604 etiam
3276 2547 3437 2604 nobis

1852 2650 2005 2720 ipsis,
2056 2661 2387 2718 quocunque
2421 2645 2664 2699 Fortuna
2719 2658 2822 2697 nos
2843 2642 3056 2696 deferre
3087 2639 3351 2705 voluerit,
3381 2649 3436 2694 et

1853 2756 2000 2795 aurae
2023 2740 2306 2803 Fatorum,
2333 2744 2393 2790 ut
2418 2735 2521 2804 ipsi
2550 2741 2779 2803 putant,
2810 2731 3152 2786 inevitabiles
3171 2773 3184 2795 ,
3210 2743 3438 2799 prorsus

1853 2832 2156 2888 concedere
2177 2840 2402 2885 necesse
2423 2835 2524 2883 est.
2554 2826 2743 2881 Nonne
2769 2832 2916 2878 recte
2941 2823 3057 2878 haec
3084 2837 3115 2876 a
3137 2821 3296 2876 nobis
3318 2834 3437 2876 esse

1856 2925 2000 2980 dicta
2029 2923 2344 2979 existimas?

1929 3015 2124 3070 PALL.
2150 3014 2350 3081 Quidni
2374 3009 2721 3067 existimem?

1923 3109 2079 3164 Cl’R.
2107 3107 2280 3177 Igitur
2307 3107 2536 3160 stultum
2584 3119 2714 3159 sane
2742 3109 2845 3167 est,
2887 3102 3179 3156 honestum
3215 3096 3437 3166 quidem

1853 3216 1916 3256 ac
1938 3200 2172 3270 probum
2191 3198 2372 3252 virum
2396 3212 2592 3252 ornare
2620 3195 2896 3260 laudibus,
2912 3200 2965 3246 et
2986 3192 3193 3244 honore
3213 3187 3439 3257 dignum

1848 3291 2136 3364 judicare;
2191 3288 2504 3358 improbum
2554 3301 2688 3341 vero
2733 3293 2896 3354 atque
2942 3283 3438 3350 intemperantem,

1859 3393 2074 3452 turpem
2099 3389 2291 3451 putare
2316 3387 2481 3448 atque
2508 3385 2884 3432 contemnere.

1928 3473 2123 3528 PALL.
2151 3472 2266 3539 Qua
2299 3471 2510 3525 ratione
2538 3469 2684 3524 istud
2709 3467 2950 3522 asseris?

1929 3564 2086 3620 CYR.
2112 3563 2270 3631 Quia,
2300 3561 2529 3627 Palladi,
2557 3559 2726 3616 Ortus
2769 3575 2832 3615 ac
2857 3559 3098 3614 Fortuna
3140 3572 3207 3611 ex
3247 3570 3439 3610 eorum

1857 3656 2118 3727 opinione
2142 3655 2426 3726 superiora
2468 3661 2596 3708 sunt
2620 3671 2634 3720 ;
2663 3662 2718 3708 et
2741 3651 3030 3706 hominum
3054 3649 3149 3720 qui
3191 3650 3246 3704 in
3268 3649 3442 3703 terris

1858 3757 2151 3805 versantur
2184 3747 2556 3803 miserrimum
2599 3761 2770 3817 genus
2796 3752 2995 3816 prater
3023 3746 3360 3799 voluntatem
3384 3743 3441 3798 in

1859 3849 2074 3912 partem
2106 3848 2394 3910 utramque
2427 3837 2791 3907 detorquent:
2825 3851 3004 3907 neque
3037 3835 3180 3906 apud
3213 3851 3314 3891 nos
3339 3833 3442 3890 ali-

1861 3934 1993 4004 quid
2026 3934 2398 3988 voluntarium
2443 3949 2455 3985 :
2499 3930 2630 4002 quid
2665 3931 2850 3985 enim?
2888 3946 3069 3986 nonne
3100 3931 3152 3985 id
3199 3929 3344 4000 quod
3377 3930 3444 3984 ad

1862 4023 2194 4078 movendum
2232 4023 2491 4077 idoneum
2544 4028 2627 4076 est
2661 4036 2724 4074 ac
2764 4029 2980 4090 potens,
3012 4036 3176 4075 causa
3222 4029 3308 4075 est
3345 4037 3444 4075 cur

1863 4130 1927 4169 ea
1966 4123 2311 4181 moveantur,
2344 4129 2464 4184 qua:
2493 4112 2561 4166 ab
2599 4127 2666 4166 eo
2697 4112 3024 4166 moventur?

1937 4207 2133 4260 PALL.
2171 4207 2387 4260 Fateor.

1937 4299 2094 4353 CYR.
2132 4298 2300 4367 Perge
2341 4296 2508 4366 igitur
2542 4310 2641 4364 per
2675 4293 2896 4349 easdem
2933 4293 3308 4364 intelligentiae
3346 4311 3445 4350 no-

174 4381 437 4454 θρώπινα,
473 4384 578 4438 καὶ
604 4379 907 4452 ἁναμέτρει
939 4381 1008 4434 τὰ
1031 4380 1152 4434 καθ’
1183 4381 1354 4451 ἡμᾶς,
1379 4382 1472 4434 καὶ
1494 4381 1562 4435 ἶν’
1591 4382 1752 4452 ἐσμὲν

1868 4391 2044 4446 tiones
2071 4389 2137 4444 ad
2168 4404 2256 4443 res
2306 4389 2593 4451 humanas,
2625 4395 2681 4440 et
2728 4401 2819 4440 res
2861 4394 3074 4440 nostras
3111 4386 3332 4440 metire:
3369 4387 3443 4442 ita

173 4475 333 4528 κακοῦ
361 4474 762 4547 περιαθρήσῃς
778 4467 836 4525 εὖ
873 4470 1038 4540 μάλα,
1068 4473 1116 4523 εἰ
1146 4469 1221 4541 μὴ
1255 4473 1373 4533 ταῖς
1403 4471 1614 4524 ἑαυτῶν
1643 4471 1762 4524 ἐθε-

171 4564 394 4631 λουσίοις
417 4563 704 4640 ροπαῖς,ἢ
727 4563 846 4628 τάν,
869 4561 1014 4633 ἢέπὶ
1038 4560 1136 4613 τάν
1153 4562 1277 4630 ίμεν
1292 4577 1351 4612 τε
1382 4560 1477 4613 καὶ
1505 4559 1764 4613 διασπεύ-

169 4657 346 4726 δομεν,
405 4651 820 4728 κεκρατήμεθα
869 4651 926 4705 δὲ
975 4651 1164 4722 ὥσπερ
1214 4650 1306 4704 καὶ
1351 4650 1765 4722 ὑπενηνέγμεθα

172 4751 276 4810 τοῖς
323 4750 538 4821 ἐτέρων
581 4747 774 4815 ζυγοῖς
827 4745 982 4813 άγειν
1029 4761 1089 4797 τε
1133 4743 1226 4797 καὶ
1265 4741 1453 4814 φέρειν
1513 4741 1582 4796 τά
1643 4741 1764 4796 καθ’

173 4843 336 4911 ἡμᾶς,
373 4836 529 4914 ᾗπερ
570 4841 646 4894 ἂν
688 4837 918 4901 ἓλοιντο,
959 4835 1300 4905 δυναμένοις.
1326 4834 1407 4889 Τά
1434 4835 1618 4888 εἰκότα
1650 4835 1761 4906 γὰρ

174 4933 268 5004 ήδη
303 4933 674 5006 φρονοῦντες,
711 4929 920 4993 ἑαυτοῖς
957 4927 1056 4999 μὲν
1087 4927 1168 4980 ἐτι
1196 4926 1306 4980 τῶν
1326 4927 1617 4997 πρακτέων
1632 4927 1764 4980 ἀνα-

175 5023 408 5096 θήσομεν
445 5024 638 5087 οὑδέν,
681 5019 961 5090 ἀνάψομεν
1001 5018 1058 5072 δὲ
1087 5017 1286 5090 μᾶλλον
1319 5017 1416 5080 τὰς
1440 5016 1525 5084 ἐφ’
1564 5017 1767 5070 ἅπασιν

176 5117 369 5184 αἰτίας,
425 5119 548 5181 τοῖς
607 5113 698 5183 ἐφ’
740 5111 920 5165 ὁτιοῦν
967 5111 1075 5164 τῶν
1114 5109 1255 5164 κατὰ
1300 5107 1525 5179 γνώμην
1583 5108 1768 5172 αὐτοῖς

175 5209 570 5279 πηδαλιουχεῖν
623 5202 899 5257 εἰωθόσιν.
943 5199 1269 5272 Ἀφεστήξει
1311 5200 1377 5270 δὴ
1429 5196 1524 5255 οῦν
1575 5200 1766 5274 ὥσπερ

177 5301 395 5356 ἐπαίνου
427 5296 649 5358 παντὸς
679 5295 708 5347 ό
729 5293 956 5358 δίκαιος,
987 5291 1131 5346 οὕτω
1162 5291 1258 5346 καὶ
1290 5291 1482 5360 ποινῆς
1509 5293 1538 5345 ὁ
1556 5289 1764 5358 ἄδικος,

177 5393 383 5448 καὶτοῦ
413 5389 632 5454 κολάζε
642 5385 768 5441 σθαι
792 5386 922 5439 δεῖν.

242 5487 453 5541 ΠΔΔΛ.
507 5480 824 5556 Ὀρθότατα
863 5479 1066 5551 διανοῇ.

240 5580 406 5633 ΚΥΡ.
442 5577 597 5646 Εἰκῆ
645 5571 939 5643 τοιγαροῦν
974 5570 1339 5642 θαυμάζουσιν
1366 5573 1418 5628 οί
1449 5572 1556 5627 τῶν
1595 5571 1773 5628 τοιού-

175 5685 275 5722 των
332 5669 646 5741 δογμάτων
705 5665 920 5735 εὑρεταὶ
975 5663 1190 5719 Σόλωνά
1234 5681 1293 5719 τε
1340 5664 1427 5716 τὸν
1493 5665 1772 5737 Ἀθήνῃσι,

1869 4484 1924 4538 in
1939 4497 2050 4552 quo
2065 4481 2331 4535 malorum
2350 4478 2875 4550 cumulojaceamus,
2897 4476 3101 4548 Optime
3114 4479 3441 4547 perspicies:

1869 4572 1915 4626 si
1959 4586 2068 4625 non
2104 4569 2208 4639 ipsi
2242 4568 2446 4622 nostris
2483 4567 2810 4622 voluntariis
2839 4567 3066 4622 nutibus
3089 4576 3182 4622 aut
3212 4567 3313 4623 hac
3350 4579 3445 4624 aut

1870 4660 1996 4715 illac
2026 4658 2367 4729 ingredimur
2395 4673 2457 4712 ac
2487 4672 2880 4728 properamus;
2909 4655 3004 4711 sed
3040 4657 3446 4726 quodammodo

1872 4760 2146 4813 tenemur,
2181 4756 2237 4803 et
2281 4747 2515 4801 aliorum
2549 4748 2678 4818 jugo
2711 4746 2944 4817 subjecti
2979 4761 3187 4810 sumus,
3230 4746 3324 4815 qui
3357 4762 3447 4801 res

1873 4850 2090 4898 nostras
2105 4855 2265 4910 agere
2281 4854 2345 4894 ac
2368 4838 2512 4893 ferre
2535 4839 2771 4904 valeant,
2799 4851 3123 4906 quacunque
3151 4835 3442 4891 voluerint.

1873 4933 1993 4991 Jam
2023 4933 2190 4999 enim,
2211 4931 2258 4986 si
2285 4930 2640 5002 congruentia
2692 4928 3084 4999 cogitabimus,
3117 4927 3276 4984 nobis
3315 4927 3448 4998 ipsis

1875 5033 2058 5096 partes
2083 5038 2270 5078 rerum
2309 5022 2639 5095 agendarum
2677 5021 2982 5076 tribuemus
3004 5020 3198 5085 nullas,
3236 5021 3331 5076 sed
3365 5038 3451 5077 re-

1876 5131 2000 5172 rum
2016 5117 2262 5173 omnium
2279 5131 2471 5172 causas
2492 5115 2559 5170 iis
2575 5113 2756 5185 potius
2771 5110 3169 5182 assignabimus
3183 5129 3303 5183 quae
3323 5129 3444 5182 nos,

1876 5209 2032 5280 quasi
2066 5209 2398 5280 gubernator
2419 5207 2634 5262 clavum
2652 5214 2862 5271 tenens,
2888 5217 2988 5274 pro
3003 5219 3194 5258 eorum
3219 5205 3446 5260 arbitrio

1878 5301 2158 5371 impellere
2192 5299 2420 5355 soleant.
2458 5296 2649 5353 Aberit
2688 5295 2872 5367 igitur,
2909 5301 2970 5349 ut
3004 5295 3072 5350 ab
3096 5296 3245 5351 omni
3286 5295 3446 5352 laude

1875 5393 2082 5464 justus,
2119 5392 2198 5448 sic
2229 5392 2464 5462 injustus
2501 5405 2532 5443 a
2570 5402 2733 5460 paena
2767 5395 2930 5459 atque
2966 5387 3253 5460 supplicio.

1953 5483 2115 5554 199
2145 5482 2345 5538 PALL.
2370 5480 2696 5539 Rectissime
2738 5479 2970 5552 colligis.

1905 5574 2090 5630 ’CYR.
2114 5573 2327 5628 Talium
2363 5588 2494 5645 ergo
2530 5571 2845 5645 dogmatum
2886 5571 3206 5626 inventores
3242 5576 3448 5624 temere

1881 5665 2136 5722 Solonem
2167 5665 2318 5721 illum
2344 5666 2495 5738 apud
2521 5667 2781 5734 Athenas,
2809 5664 3113 5718 Draconem
3137 5677 3352 5730 quoque
3383 5675 3448 5714 ac
