3966 6298
512 238 614 294 45(

1540 233 1596 293 S.
1635 232 1916 289 CYBILLI
1951 230 2425 289 ALEXANDRINI
2461 229 2777 285 ARCIIIEP.

3671 238 3788 294 452

513 350 820 421 Lycurgum
838 347 1199 416 admirantur,
1223 358 1481 421 tanquam
1492 350 1826 421 optimarum
1845 348 2089 418 discipli-

2194 345 2475 419 Δράκοντά
2496 363 2557 399 τε
2586 345 2682 399 καὶ
2711 342 3048 415 Λυκοῦργον,
3075 344 3152 409 ὡς
3180 346 3483 415 παγκάλων
3512 348 3785 421 μώημά-

514 455 708 494 narum
726 446 999 505 auctores,
1018 447 1081 495 ut
1103 442 1198 511 qui
1220 442 1368 515 leges
1388 428 1596 498 Graeeis
1611 441 2088 514 praastantissimas

513 529 836 586 invenerint.
862 529 1005 596 Quid
1019 533 1168 588 enim
1186 543 1269 590 est
1293 550 1361 588 ex
1383 550 1447 590 ea
1471 551 1533 590 re
1553 533 1849 598 commodi,
1884 533 1930 588 si
1948 532 2088 588 nihil

511 623 566 676 in
603 629 790 676 nostra
805 621 972 677 situm
1001 633 1084 679 est
1104 634 1410 695 potestate;
1439 625 1536 681 scd
1560 626 1744 696 potius
1763 641 1831 679 ex
1853 624 2090 680 aliorum

508 723 647 769 nutu
690 721 880 769 nostra
927 716 1110 770 omnia
1155 717 1433 786 pendent?
1467 717 1774 786 eodemque
1822 724 2089 786 praeterea

509 803 773 874 pondere,
809 804 1111 875 eodemque
1135 806 1258 862 loco
1296 808 1423 871 erit,
1458 808 1553 877 qui
1604 808 1754 877 leges
1780 808 2081 877 ignoravit,

510 910 622 965 quo
671 895 752 949 illi
796 896 893 965 qui
936 907 1165 963 norunt,
1211 898 1255 951 si
1308 899 1625 953 volentibus
1665 899 1816 953 nulla
1862 898 2094 953 facultas

510 1001 633 1056 qua:
664 987 834 1043 velint
853 988 1026 1044 libere
1068 989 1302 1046 faciendi
1331 990 1514 1045 datur.
1541 990 1857 1057 Quinetiam
1906 990 2091 1060 legum

511 1088 763 1134 auctores
785 1080 941 1151 longe
968 1080 1342 1150 iniquissimos
1367 1083 1620 1139 homines
1656 1084 1825 1138 fuisse
1847 1097 2093 1152 pronun-

510 1171 589 1226 tio
625 1212 640 1237 ,
684 1172 936 1242 quamvis
969 1172 1258 1227 maximam
1294 1174 1373 1228 illi
1393 1175 1621 1246 justitize
1644 1175 1960 1244 opinionem
1985 1174 2095 1228 sibi

509 1262 966 1330 comparaverint.
1008 1263 1144 1317 Nam
1191 1278 1388 1334 segnes
1416 1274 1581 1334 atque
1629 1265 1971 1335 negligentes
1996 1279 2094 1319 ne-

518 1348 634 1403 scio
659 1364 765 1418 qua
789 1350 1002 1404 ratione
1020 1352 1459 1421 puuiendosesse
1472 1354 1920 1419 decreverunt,et
1940 1370 2095 1410 acer-

509 1437 608 1493 bas
634 1438 1147 1511 violatarumlegum
1171 1459 1364 1511 pinnas
1389 1444 1521 1501 dare
1546 1446 1877 1512 voluerunt;
1905 1445 2093 1515 pueris

509 1537 691 1582 autem
718 1529 873 1597 quasi
902 1532 1119 1600 regulas
1143 1533 1430 1602 quasdam,
1465 1544 1521 1589 et
1547 1535 1708 1590 laude
1740 1535 2091 1606 dignissimas

508 1619 633 1673 vita?
662 1619 1015 1677 instituendae
1045 1623 1285 1679 rationes
1311 1626 1661 1681 tradiderunt
1703 1644 1717 1694 ;
1747 1627 1917 1696 idque
1943 1626 2092 1683 fece-

2190 459 2300 495 των
2317 440 2635 513 εἰσηγητὰς,
2653 440 2749 493 καὶ
2767 440 2969 511 νόμους
2988 441 3100 503 τοῖς
3122 440 3349 512 Ἕλλησι
3373 443 3502 508 τοὺς
3520 445 3789 515 ἀρίστους

2193 534 2581 606 ὲξευρηκὸτας.
2618 533 2755 586 Ποία
2785 533 2895 604 γὰρ
2925 534 2988 586 ὲκ
3020 532 3174 586 τοῦδε
3207 533 3396 588 λοιπὸν
3422 536 3456 606 ἡ
3490 537 3699 607 ὁνησις,
3734 542 3789 593 εἰ

2192 625 2357 696 μηδὲν
2380 626 2464 694 ἐφ’
2492 626 2647 695 ἡμῖν,
2680 625 2920 707 ἀνῆπται
2948 624 3006 679 δὲ
3040 625 3238 694 μᾶλλον
3263 626 3331 680 τὰ
3351 627 3512 697 ἡμῶν
3533 630 3783 701 ἑτέροις;

2188 720 2247 771 ὲν
2277 718 2377 788 ῐσῳ
2408 717 2465 771 δέ
2491 734 2592 769 που
2620 718 2719 770 καὶ
2747 718 2804 770 ὲν
2834 716 3006 787 ὁμοίῳ
3032 717 3239 780 λοιπὸν,
3276 720 3388 783 τοῖς
3415 722 3542 784 τοὺς
3574 724 3787 793 νόμους

2188 811 2371 875 εἰδόσι,
2401 811 2496 864 καὶ
2531 812 2559 863 ὁ
2587 808 2811 874 τούτους
2849 809 3157 881 ὴγνοηκὼς,
3188 811 3237 862 εἰ
3275 812 3349 881 μὴ
3390 813 3610 882 μέτεστι
3641 816 3787 886 δρᾷν

2187 904 2299 965 τοῖς
2321 901 2599 955 ἐθέλωσιν
2625 900 2947 965 ἐλευθέρως,
2981 900 3018 955 ἃ
3045 900 3113 954 ἂν
3139 902 3345 955 ἕλοιντο
3366 905 3549 973 τυχὸν,
3576 906 3786 959 ἀδικω-

2188 995 2382 1057 τάτους
2413 994 2469 1046 δὲ
2506 993 2626 1046 λίαν
2657 994 2784 1056 τοὺς
2819 992 2926 1046 τῶν
2962 993 3145 1063 νόμων
3183 995 3473 1065 ὑφηγητὰς
3520 997 3784 1065 γενέσθαι

2190 1085 2354 1156 φημὶ,
2385 1084 2477 1138 καί
2512 1102 2597 1136 τοι
2622 1083 2881 1153 πλείστην
2925 1085 3058 1155 ὅσην
3100 1084 3261 1149 δόξαν
3300 1086 3648 1158 δικαιοσύνης
3685 1089 3781 1156 ἐφ’

2189 1180 2399 1241 ἑαυτοῖς
2425 1178 2753 1249 ᾑρημένους.
2786 1176 2997 1247 Χρῆναι
3025 1178 3135 1248 γάρ
3164 1177 3229 1249 δὴ
3256 1178 3774 1250 νενομοθετήκασιν,

2189 1272 2289 1324 οὐκ
2326 1266 2421 1323 οἷδ’
2461 1271 2609 1332 ὅπως
2633 1307 2646 1333 ,
2680 1269 2808 1333 τοὺς
2848 1268 3227 1341 ρᾳθυμοῦντας
3274 1270 3630 1337 κολάζεσθαι,
3679 1273 3780 1326 καὶ

2192 1362 2393 1432 πικρὰς
2426 1364 2526 1432 τῆς
2562 1361 2929 1431 παραϐάσεως
2954 1361 3305 1415 ἀποτιννύναι
3333 1363 3511 1427 δίκας,
3542 1366 3780 1429 κανόνας

2190 1448 2246 1502 δὲ
2300 1448 2491 1519 ὥσπερ
2554 1451 2668 1512 τοῖς
2744 1448 2887 1512 νέοις
2944 1450 3039 1504 καὶ
3104 1450 3479 1520 παιδαγωγίας
3538 1454 3777 1524 τρόπους

2190 1541 2748 1609 ἀξιεπαινετωτάτους
2788 1540 3252 1611 παραδεδώκασιν,
3285 1543 3316 1614 ἢ
3341 1543 3417 1607 ὡς
3441 1545 3501 1598 ὃν
3529 1547 3616 1613 ἐφ’
3644 1548 3776 1616 ἡμῖν

2192 1632 2408 1697 αὐτοῖς,
2445 1631 2507 1685 τὸ
2532 1631 2771 1686 διαϐιοῦν
2805 1631 3020 1685 ἑλέσθαι
3052 1634 3264 1704 σεμνῶς
3286 1677 3300 1697 .
3325 1634 3358 1704 ἢ
3388 1618 3489 1687 οὑκ
3519 1631 3618 1688 οἷδ’
3661 1636 3690 1689 ὃ
3720 1653 3771 1689 τι

510 1718 658 1774 runt,
685 1718 780 1765 aut
805 1710 953 1780 quod
1005 1712 1063 1766 in
1116 1723 1304 1768 nostra
1340 1714 1596 1771 facultate
1628 1716 1791 1771 situm
1833 1726 2089 1788 putarent

2195 1725 2622 1794 πεφρονηκότες.
2644 1723 2780 1794 Φαίη
2812 1724 2856 1777 δ’
2884 1725 2971 1789 ἂν,
2994 1700 3168 1795 οἶμαι,
3195 1726 3296 1789 τίς·
3321 1700 3483 1796 Εὖγε,
3502 1722 3549 1781 ὧ
3572 1729 3772 1793 Σόλων,

509 1800 794 1855 honestam
827 1802 994 1858 vitam
1024 1803 1346 1873 instituere;
1389 1815 1483 1860 aut
1512 1809 1699 1863 nescio
1740 1809 1888 1879 quod
1911 1812 2092 1866 consi—

507 1889 641 1945 lium
672 1893 845 1948 secuti
883 1894 1013 1949 sint.
1044 1894 1481 1981 Dixerit/autem,
1514 1906 1575 1953 ut
1601 1899 1818 1969 opinor,
1846 1901 2086 1972 aliquis:

507 1982 773 2038 Praeclare
796 1985 1040 2055 quidem,
1083 2002 1116 2041 o
1141 1986 1328 2055 Solon,
1358 1988 1505 2061 leges
1531 1990 1677 2046 illius
1703 1992 1887 2048 saeculi
1908 1992 2089 2047 homi-

506 2072 671 2128 nibus
694 2075 966 2131 tradidisti
990 2094 1006 2145 ;
1034 2078 1132 2132 sed
1156 2095 1294 2149 opus
1309 2092 1429 2136 erat
1447 2089 1506 2136 ut
1531 2082 1661 2137 Fato
1683 2092 1944 2154 praetcrea
1966 2098 2092 2156 per-

507 2164 788 2231 suaderes,
839 2167 1077 2238 sineret;
1105 2186 1200 2227 eos
1243 2173 1341 2242 qui
1382 2176 1532 2244 leges
1571 2186 1917 2246 acceperant,
1964 2193 2089 2248 quas

505 2256 706 2310 vellent
729 2265 786 2312 et
807 2260 1011 2315 sentire
1038 2271 1095 2318 et
1131 2261 1333 2320 facere.
1360 2264 1465 2320 Sed
1496 2273 1573 2332 tu,
1611 2267 1748 2322 nihil
1772 2268 1841 2324 de
1859 2284 2088 2339 persua-

504 2346 685 2402 dendo
719 2350 996 2419 laborans,
1022 2355 1171 2426 leges
1211 2358 1471 2412 sanxisli:
1521 2358 1743 2415 ridebas
1768 2361 1973 2431 quippe
2022 2370 2083 2417 et

504 2436 619 2507 ipse
645 2438 786 2495 hanc
808 2441 1077 2510 fabulam,
1114 2455 1171 2500 et
1196 2461 1383 2501 rerum
1405 2448 1740 2516 agendarum
1763 2450 2081 2506 facultatem

504 2541 675 2595 penes
697 2543 799 2584 nos
819 2545 940 2586 esse
981 2532 1219 2598 sciebas,
1248 2544 1305 2588 et
1348 2533 1491 2589 hanc
1529 2535 1775 2605 iniquam
1809 2544 1866 2591 et
1888 2553 2086 2594 caream

505 2618 789 2674 actionum
832 2621 1202 2678 humanarum
1229 2625 1527 2681 Fortunam
1570 2628 1909 2697 repellebas:
1944 2630 2084 2687 alio-

506 2707 602 2777 qui
627 2725 915 2781 nunquam
954 2714 1348 2780 existimasses,
1377 2718 1642 2787 optimum
1667 2721 1887 2790 quidem
1908 2723 2085 2779 civem

509 2813 638 2854 eum
676 2816 798 2857 esse
844 2804 1159 2861 habendum
1198 2807 1293 2877 qui
1338 2814 1452 2863 tum
1484 2810 1609 2880 pius
1644 2821 1808 2879 esset,
1847 2821 1962 2868 tum
1999 2816 2082 2870 le-

2197 1815 2478 1884 ὲνομοθέτε
2488 1832 2535 1877 ις
2552 1817 2665 1878 τοῖς
2684 1815 2829 1868 τότε·
2849 1815 2965 1869 ἀλλ’
2987 1815 3095 1869 ἔδει
3120 1834 3222 1870 που
3254 1819 3473 1883 πάντως
3494 1837 3775 1892 προσανα-

2197 1906 2408 1961 πείθειν
2453 1907 2554 1977 τὴν
2585 1907 2942 1979 Εἱμαρμένην
2983 1911 3190 1977 ἐφεῖναι
3237 1914 3350 1975 τοῖς
3375 1912 3773 1984 νομοθετουμέ-

2195 2015 2306 2061 νοις
2331 1997 2368 2052 ἃ
2390 1998 2456 2052 ἂν
2486 1997 2758 2068 βούλοιντο
2780 2001 2996 2069 φρονεῖν
3019 2017 3078 2053 τε
3104 2002 3196 2054 καὶ
3213 2001 3364 2072 δρᾷν.
3401 2003 3778 2074 Ἐνομοθέτεις

2195 2089 2252 2144 δὲ
2290 2091 2352 2143 οὐ
2395 2088 2705 2153 πεπεικὼς
2747 2089 2940 2159 ἐγέλας
2975 2090 3033 2143 δέ
3059 2109 3161 2145 που
3203 2095 3342 2164 τάχα
3372 2095 3465 2147 καὶ
3492 2095 3659 2160 αὐτὸς
3682 2097 3776 2149 τὸν

2200 2180 2395 2252 μῦθον,
2429 2181 2525 2235 καὶ
2561 2180 2785 2252 κυρίους
2823 2181 3093 2252 ἠπίστασο
3127 2183 3236 2238 τῶν
3267 2186 3561 2255 πρακτέων
3598 2190 3771 2257 ἡμᾶς,

2195 2278 2294 2346 τήν
2318 2292 2375 2328 τε
2408 2274 2593 2328 ἄδικον
2622 2274 2717 2327 καὶ
2744 2274 2951 2346 τυφλὴν
2981 2275 3090 2330 τῶν
3116 2276 3474 2348 ἀνθρωπίνων
3507 2280 3776 2352 πραγμά-

2194 2382 2302 2419 των
2323 2365 2615 2427 ἀπεσόϐεις
2634 2365 2837 2437 Τύχην·
2861 2367 2893 2438 ἢ
2921 2367 3034 2439 γὰρ
3058 2368 3158 2422 οὐκ
3181 2368 3246 2423 ἂν
3264 2368 3372 2439 ᾤου
3392 2369 3524 2434 δεῖν,
3549 2370 3777 2441 ἄριστον

2199 2457 2298 2527 μὲν
2324 2452 2466 2510 εἶναι
2488 2457 2714 2529 πολίτην
2740 2458 2989 2514 ὑπονοεῖν
3009 2498 3024 2526 ,
3051 2459 3142 2513 τὸν
3167 2461 3365 2532 εὐσεϐῆ
3390 2478 3450 2515 τε
3483 2463 3578 2515 καὶ
3607 2479 3776 2533 νομο-

2197 2548 2414 2616 φύλακα
2435 2587 2449 2612 ,
2478 2548 2699 2620 καὶτῆς
2738 2552 2820 2614 εἰς
2857 2549 3025 2622 ἄκρον
3057 2554 3359 2617 ἐπιεικείας
3390 2553 3626 2626 ἀνῆρθαι
3674 2554 3778 2626 τὴν

2194 2636 2374 2704 δόξαν,
2411 2639 2631 2710 ἀχρεῖον
2663 2640 2721 2694 δὲ
2749 2636 2817 2694 αὖ
2853 2642 2946 2695 καὶ
2977 2647 3090 2706 τοῖς
3120 2646 3418 2716 αἰσχίστοις
3445 2645 3780 2718 ἐναριθμού-

2196 2746 2377 2800 μενον,
2397 2730 2488 2784 τὸν
2511 2732 2784 2804 ἐρρῶσθαι
2810 2733 3087 2804 φράζοντα
3112 2739 3225 2802 τοῖς
3239 2739 3318 2802 εἰς
3341 2737 3605 2809 ὀρθότητα
3627 2754 3780 2808 συμ-

2192 2818 2542 2875 ϐουλεύσουσι
2575 2820 2811 2893 διᾴττειν
2839 2824 3059 2894 νόμοις;

506 2906 634 2960 gum
658 2903 938 2962 servator;
984 2906 1045 2951 et
1089 2898 1154 2953 ad
1202 2913 1472 2954 summam
1518 2903 1812 2971 probitatis
1846 2907 2076 2976 gloriam
2116 2926 2185 2981 pe
2202 2911 2469 2984 rtigisset;
2512 2914 2766 2970 inutilem
2805 2934 3018 2985 rursus,
3061 2928 3116 2975 et
3140 2920 3283 2976 inter
3310 2923 3653 2994 turpissimos
3678 2940 3777 2980 re-

506 2984 866 3053 censendum,
912 2990 1007 3059 qui
1051 2990 1266 3063 legibus
1317 3003 1527 3048 rectum
1568 2996 1694 3051 vita:
1726 2996 1831 3052 iter
1863 3000 2084 3070 aggredi
2123 3005 2504 3074 suadentibus,
2529 3010 2756 3063 multam
2784 3011 3015 3067 salutem
3039 3012 3284 3071 dixisset.

574 3077 774 3133 PALL.
799 3080 1218 3151 Elegantissime
1238 3094 1403 3155 atque
1428 3087 1657 3156 optime.

559 3170 716 3226 ΟΥΕ.
736 3172 877 3238 Quid
893 3189 1044 3240 vero,
1061 3176 1264 3232 Palladi
1286 3196 1299 3245 ;
1326 3194 1624 3249 puerorum
1636 3176 2021 3240 institutiones
2039 3194 2096 3243 et

504 3263 730 3329 monita,
774 3265 1189 3323 exhortationes
1228 3285 1451 3340 quoque
1488 3271 1558 3326 ad
1608 3272 1895 3339 virtutem,
1950 3292 2095 3346 quas

502 3359 760 3419 parentes
803 3354 993 3411 liberis
1033 3364 1090 3412 et
1125 3359 1368 3430 magistri
1413 3360 1482 3415 ad
1505 3363 1984 3421 seventitantibus
1998 3367 2097 3422 ad-

504 3442 714 3510 hibent,
741 3461 924 3503 nonne
956 3466 1127 3506 vanas
1149 3466 1270 3507 esse
1302 3453 1587 3522 dicemus;
1632 3459 1679 3510 si
1704 3455 1850 3510 viam
1888 3473 2001 3513 non
2022 3476 2092 3515 ex

502 3543 687 3590 nostra
707 3539 982 3594 sententia
1018 3540 1256 3611 ingredi,
1276 3551 1333 3597 et
1355 3543 1482 3598 vita:
1523 3544 1776 3599 semitam
1801 3554 1989 3604 tenere
2010 3549 2094 3605 in-

503 3625 718 3681 terdum
745 3643 775 3681 a
801 3637 985 3684 nostra
1004 3632 1286 3688 voluntate
1310 3633 1546 3689 alienam
1561 3636 1854 3706 cogimur?

574 3716 770 3771 PALL.
797 3719 865 3772 Et
886 3720 1112 3788 quidem
1140 3723 1397 3777 maxime.
2008 3776 2013 3777 ν

574 3804 734 3859 CYR.
765 3805 823 3859 Si
850 3808 978 3875 quis
994 3818 1261 3878 praeterea
1285 3812 1578 3871 adversum
1602 3832 1807 3887 pueros
1825 3833 1971 3883 suos,
1994 3827 2093 3873 aut

504 3896 642 3951 alios
657 3896 872 3966 aliquos
891 3904 1529 3975 commoveatur,eisque
1552 3917 1760 3963 rectam
1781 3909 2090 3980 castigatio-

504 4001 631 4041 nem
655 3985 933 4056 adhibeat,
970 3991 1414 4060 2001audcsne
1440 3994 1556 4066 ipse
1584 3998 1898 4070 huiusmodi
1915 4000 2091 4055 homi-

504 4094 655 4146 nem,
679 4098 749 4137 an
775 4082 1023 4153 iniquum
1048 4090 1228 4154 putes,
1258 4085 1351 4154 qui
1369 4087 1599 4144 consilio
1622 4091 1809 4145 nescio
1831 4107 1940 4161 quo
1967 4107 2087 4147 om-

504 4172 656 4226 nium
691 4173 849 4228 nobis
875 4175 1144 4229 malorum
1189 4183 1443 4232 auctores
1495 4178 1909 4251 irreprehensos
1935 4183 2088 4239 abire

503 4266 676 4333 sinat;
703 4281 798 4322 eos
826 4281 959 4322 vero
985 4267 1078 4338 qui
1105 4276 1302 4339 prater
1324 4272 1661 4328 voluntatem
1680 4280 1737 4329 et
1759 4290 1826 4330 ex
1846 4276 2088 4332 necessi-

501 4364 616 4412 tate
640 4357 707 4412 ad
746 4358 863 4413 haec
882 4359 1104 4415 adducti
1122 4361 1253 4427 sint,
1281 4363 1599 4418 multandos
1622 4366 1819 4435 putet?

565 4448 761 4503 PALL.
789 4449 1027 4521 Equum
1055 4451 1222 4521 dicis;
1252 4469 1503 4525 magnam
1528 4457 1674 4511 enim
1698 4458 1865 4514 habet
1887 4459 2082 4531 proha-
2116 4435 2162 4490 D

506 4538 777 4595 bilitatem
800 4542 995 4597 oratio.

566 4630 723 4685 CYR.
750 4630 904 4697 Quod
929 4641 1112 4688 autem
1137 4636 1255 4692 haae
1291 4637 1514 4696 illorum
1540 4641 1729 4714 opinio
1755 4642 1826 4697 sit
1851 4657 2087 4698 summa:

505 4720 802 4791 impietatis
845 4722 1025 4792 plena,
1066 4724 1194 4780 hinc
1219 4726 1435 4784 disces:
1487 4732 1717 4799 etenim,
1752 4748 1879 4788 cum
1922 4732 2088 4803 hujus

504 4813 881 4869 universitatis
903 4816 1058 4886 quasi
1081 4818 1506 4889 gubernatorem
1532 4824 1823 4894 quemdam
1859 4833 1917 4880 et
1943 4839 2085 4894 prae-

505 4906 680 4968 sidem
707 4907 880 4961 Deum
917 4908 986 4964 ab
1031 4926 1096 4966 ea
1130 4927 1297 4982 quam
1339 4914 1527 4981 habet,
1552 4917 1726 4987 gloria
1758 4917 2082 4990 deturhent,

507 5012 743 5067 cumque
785 4998 842 5055 in
884 5015 1003 5056 eam
1044 5003 1474 5072 progrediantur
1524 5006 1832 5073 audaciam,
1884 5016 1946 5062 ut
1970 5009 2088 5064 suis

508 5088 661 5144 illum
708 5095 1044 5151 ornamentis
1089 5095 1318 5151 omnino
1355 5097 1628 5166 spolient;
1675 5115 1777 5154 suo
1818 5100 2083 5175 suffragio

506 5196 692 5238 rerum
732 5192 1046 5242 nostrarum
1098 5192 1429 5257 potestatem
1478 5187 1548 5244 iis
1590 5190 1758 5246 rebus
1797 5194 2083 5251 ascribunt

503 5289 626 5344 qua:
653 5276 786 5347 ipsis
796 5286 1008 5332 temere
1031 5275 1090 5329 in
1102 5286 1343 5334 mentem
1360 5281 1621 5353 veniunt;
1650 5286 1903 5354 quamvis
1922 5302 2078 5344 crea-

2117 3100 2160 3158 C
2262 3098 2470 3154 ΠΑΛΛ.
2519 3101 2866 3158 Ἀστειότατά
2906 3122 2965 3157 τε
2999 3106 3093 3159 καὶ
3126 3107 3328 3179 σφόδρα
3359 3109 3537 3174 καλῶς
3566 3110 3730 3182 ἔφης.

2264 3191 2429 3246 ΚΥΡ.
2474 3193 2539 3246 Τί
2571 3193 2649 3259 δὲ,
2689 3189 2736 3249 ὦ
2777 3195 3036 3269 φιλότης;
3082 3199 3202 3270 οὑχ).
3242 3198 3342 3264 τάς
3390 3203 3781 3274 παιδαγωγίας

2194 3284 2289 3337 καὶ
2318 3284 2417 3348 τὰς
2450 3285 2756 3358 ὑποθήκας,
2790 3289 2884 3341 καὶ
2917 3289 3023 3361 μὴν
3049 3291 3143 3344 καὶ
3188 3293 3513 3366 προκλήσεις
3543 3296 3645 3359 τὰς
3678 3300 3781 3353 ἐπ’

2192 3377 2393 3450 ἀρετὴν
2415 3421 2429 3445 ,
2459 3379 2639 3453 ἇσπερ
2687 3382 2753 3437 ἂν
2798 3386 3035 3438 ποιοῖντο
3076 3386 3311 3458 πατέρες
3360 3388 3459 3459 μὲν
3493 3390 3578 3459 ἐφ’
3603 3392 3780 3459 υἰοῖς,

2190 3467 2495 3523 διδάσκαλοι
2523 3470 2580 3524 δὲ
2619 3472 2906 3543 ὁμιληταῖς
2948 3474 3048 3545 (1),
3085 3477 3299 3541 εἰκαίας
3330 3474 3467 3533 εἷναι
3496 3481 3778 3551 φήσομεν,

2192 3561 2242 3615 εἰ
2286 3563 2663 3635 καταστείχειν
2696 3565 2911 3639 ἀνάγκη
2958 3568 3058 3640 τὴν
3089 3570 3151 3623 οὑ
3193 3571 3334 3625 κατὰ
3363 3571 3582 3644 γνώμην
3616 3574 3781 3644 ὁδὸν,

2190 3652 2286 3707 καὶ
2319 3652 2434 3723 βίου
2463 3655 2651 3726 τρίϐον
2683 3657 2818 3712 ἰέναι
2850 3659 2951 3730 τὴν
2977 3659 3301 3732 ἀνεθέλητον
3327 3662 3440 3716 ἐσθ’
3467 3662 3582 3731 ὃτε;

2261 3744 2472 3801 ΠᾹΛΛ.
2502 3748 2614 3802 Καὶ
2647 3748 2811 3820 μάλα.

2260 3836 2427 3893 ΚΥΡ.
2456 3836 2518 3893 Εἰ
2539 3840 2596 3892 δὲ
2620 3841 2684 3912 δὴ
2709 3841 2805 3896 καὶ
2832 3843 3018 3898 παισὶν
3042 3844 3216 3911 ἰδίοις,
3234 3847 3400 3919 ἤγουν
3424 3849 3626 3920 ἑτέροις
3644 3852 3781 3906 τισὶ

2191 3930 2713 4003 πεπλημμεληκόσιν
2739 3936 3087 4007 ὲποτρύνοιτὸ
3109 3956 3192 4005 τις
3220 3943 3313 3995 καὶ
3333 3942 3499 4016 ὀρθὴν
3526 3946 3779 4000 ποιεῖται

2189 4022 2287 4092 τὴν
2314 4022 2624 4094 ἐπίπληξιν,
2655 4028 2973 4094 ἱπαινέσαις
3006 4031 3074 4086 ἂν
3104 4033 3195 4088 τὸν
3225 4034 3464 4090 τοιοῦτον
3505 4036 3661 4098 αὐτὸς
3682 4079 3700 4103 ,
3739 4039 3779 4111 ἢ

2188 4112 2372 4167 ἄδικον
2417 4113 2570 4187 λογιῇ
2594 4157 2606 4181 ,
2648 4120 2773 4183 τοὺς
2821 4121 2919 4190 μὲν
2954 4123 3209 4179 ἁπάντων
3253 4129 3388 4198 ἡμῖν
3423 4129 3529 4183 τῶν
3574 4131 3779 4187 κακῶν

2187 4204 2392 4293 αἰτίους
2420 4206 2845 4281 ἀνεπιτιμήτους
2871 4213 2965 4284 ὲᾷν
3003 4215 3102 4268 οὐκ
3128 4213 3222 4270 οἶδ’
3250 4219 3399 4282 ὁπως
3431 4200 3776 4293 ᾑρημένους,

2185 4292 2312 4357 τούς
2354 4311 2420 4365 γε
2471 4296 2596 4369 μὴν,
2642 4299 2984 4373 ἀνεθελήτως
3037 4322 3095 4358 τε
3128 4307 3223 4360 καὶ
3267 4306 3327 4373 ἐξ
3372 4292 3617 4381 ἀνάγκης
3665 4314 3778 4368 ἐπὶ

2188 4385 2361 4440 ταῦτα
2385 4388 2657 4459 ἠγμένους
2689 4393 2983 4465 ὑποφέρειν
3010 4398 3129 4462 ταῖς
3160 4399 3371 4467 δίκαις;

2260 4478 2468 4534 ΠΑΛΛ.
2496 4481 2700 4536 Ἐοικε.
2739 4485 2883 4538 Πολὺ
2910 4486 3018 4558 γὰρ
3041 4487 3153 4560 ἔχει
3178 4491 3239 4544 τὸ
3268 4491 3496 4548 πιθανὸν
3523 4494 3551 4547 ὁ
3580 4495 3783 4567 λὸγος.¹

2258 4653 2424 4712 ΚΥΡ.
2480 4658 2774 4729 Ἐμπλεως
2821 4661 2879 4715 δὲ
2932 4663 3014 4719 ὅτι
3062 4662 3381 4731 δυσσεϐείας
3429 4668 3611 4734 αὐτοῖς
3665 4672 3780 4738 τῆς

2185 4744 2486 4837 ἐσχάτης-η
2515 4749 2693 4802 τοιάδε
2720 4749 2877 4817 δόξα,
2905 4753 3203 4809 κάντεῦθεν
3231 4755 3353 4830 εἴσῃ
3382 4775 3467 4812 τοι
3488 4776 3503 4791 ·
3532 4759 3625 4814 τὸν
3655 4763 3781 4837 γὰρ

2185 4835 2337 4891 τοῦδε
2366 4836 2459 4891 τοῦ
2496 4839 2697 4904 παντὸς
2724 4842 3111 4915 οἰακοστρόφον
3149 4845 3337 4918 ὥσπερ
3366 4850 3490 4905 τινὰ
3519 4853 3615 4906 καὶ
3644 4835 3780 4908 tm.—

2187 4928 2389 5000 στάτην
2413 4928 2566 4995 Θεὸν,
2594 4931 2691 5002 τῆς
2716 4932 2943 5005 ἐνούσης
2973 4937 3123 5008 αὑτῷ
3160 4939 3546 5005 κατασείοντες
3582 4943 3774 5014 δόξης,

2187 5018 2280 5071 καὶ
2319 5018 2401 5082 εἰς
2430 5018 2587 5073 τοῦτο
2630 5020 2815 5077 λοιπὸν
2850 5024 3017 5090 ἰόντες
3060 5026 3295 5099 θράσους
3315 5069 3331 5094 ,
3368 5030 3446 5093 ὡς
3474 5033 3584 5085 τῶν
3622 5034 3779 5087 ἰδίων

2185 5110 2417 5163 εἰσάπαν
2444 5110 2759 5184 ἀλλοτριοῦν
2788 5116 3119 5187 αὐχημάτων
3149 5120 3346 5187 αὑτὸν,
3376 5122 3585 5193 ψήφοις
3616 5124 3781 5189 ἰδίαις

2184 5200 2341 5255 αὐτοὶ
2365 5201 2427 5255 τὸ
2445 5200 2555 5257 τῶν
2582 5204 2705 5258 καθ’
2730 5207 2879 5277 ἡμᾶς
2904 5208 3236 5280 ἀπονέμουσι
3268 5212 3473 5284 κράτος
3490 5255 3506 5281 ,
3530 5218 3644 5280 τοῖς
3686 5216 3776 5280 εἰς

2182 5292 2306 5348 νοῦν
2334 5293 2563 5364 ἥκουσιν
2595 5297 2785 5363 ἁπλῶς
2805 5316 2819 5330 ·
2849 5301 2944 5353 καί
2968 5318 3050 5355 τοι
3075 5302 3174 5374 τὴν
3205 5304 3384 5358 κτίσιν
3412 5307 3636 5364 ἃπασαν
3664 5308 3773 5362 οὐκ

502 5376 680 5425 turam
704 5382 921 5425 omnem
951 5368 1192 5426 motibus
1224 5372 1372 5431 haud
1395 5375 1740 5435 moderatore
1757 5383 2080 5441 carentibus

2194 5385 2632 5460 ὶνεπιστατήτοις
2667 5392 2930 5463 κινήμασι
2964 5368 3271 5466 φερομένην
3309 5395 3549 5466 ὁρῶντες
3584 5400 3668 5463 εἰς
3698 5398 3775 5454 τὰ

572 5574 650 5651 (ί)
673 5573 782 5651 ςδίο
1012 5576 1187 5651 Ϋιιίςε
1210 5594 1227 5645 ;
1268 5577 1451 5635 Sirleti
1503 5583 1696 5651 codex,
1739 5584 2075 5642 διδασκάλων

501 5643 556 5698 δὲ
586 5643 779 5714 νήφεις
804 5645 1107 5715 ὁμιληταῖς.
1143 5643 1347 5704 Vocem
1391 5643 1693 5724 ὁμιληταῖς
1713 5657 1783 5711 ad
1811 5672 1866 5711 se
1901 5661 2070 5714 venti-

2183 5578 2415 5647 tantilms
2466 5592 2715 5662 reddidi,
2769 5604 2830 5652 ut
2870 5598 3008 5655 solet
3052 5599 3245 5659 Cicero
3294 5603 3603 5677 discipulos
3664 5602 3781 5677 ινα-ξ

2179 5676 2325 5716 care.
