3966 6298
171 248 264 319 ιδδ

882 244 971 300 DE
1009 242 1452 303 ADORATIONE
1486 246 1553 303 ΙΝ
1585 247 1865 308 SPIRITU
1904 253 1993 309 ET
2034 253 2402 311 VERITATE.
2445 255 2572 311 LIB.
2613 257 2701 313 Vl.

3309 266 3406 319 451

168 363 351 424 οἰκεῖα.
389 356 457 413 Τί
497 356 609 429 γὰρ
654 357 754 411 ούκ
789 357 850 411 ὲν
884 357 1076 429 κόσμῳ
1106 356 1407 429 πράττεται
1456 360 1564 415 τῶν
1611 366 1727 435 περι

1843 372 1900 427 in
1929 383 2059 425 suos
2084 369 2224 425 lines
2266 368 2494 425 tendere
2524 371 2768 426 videant.
2812 372 2957 440 Quid
3002 373 3150 430 enim
3174 375 3233 432 in
3253 392 3408 434 crea-

172 461 262 530 τὴν
287 452 459 509 κτίσιν
483 466 500 517 ;
527 449 581 502 τί
605 449 661 503 δὲ
683 448 792 504 τῶν
819 448 988 505 ὅντων
1011 450 1133 521 οὐχὶ
1164 450 1263 523 τὴν
1296 451 1435 527 tam
1457 454 1729 524 τετήρηκε

169 551 325 619 τάξιν,
355 546 451 601 καὶ
503 542 787 617 μονονουχὶ
819 543 912 598 τὸν
952 543 1247 616 ταξίαρχον
1292 544 1598 614 ἀναφωνεῖ;
1637 551 1731 601 καὶ

170 647 244 700 ὅτι
277 641 454 711 νόμοις
500 635 830 701 ύπέζευκται
883 635 983 706 βοᾷ
1026 637 1122 691 καὶ
1170 636 1405 708 νεύμασι
1449 637 1730 692 διοικεῖται

168 740 268 801 τοῖς
289 732 376 790 τοῦ
405 733 627 805 κρατεῖν
660 730 957 801 ἰσχύοντος,
990 732 1136 803 φημὶ
1163 731 1227 803 δὴ
1252 733 1409 787 Θεοῦ.
1440 734 1729 806 Τοιγάρτοι

170 832 254 886 καὶ
282 830 309 881 ὁ
330 824 612 887 θεσπέσιος
636 822 879 887 Παῦλοςο
912 843 930 875 ι
967 823 1048 879 Τά
1084 824 1193 896 γὰρ
1229 824 1436 898 ἀόρατα
1478 826 1666 892 αὑτοῦ,
1702 847 1721 880 ι

168 921 335 992 φησιν,
360 936 380 970 ι
400 916 509 971 ἀπὸ
537 915 768 980 κτίσεως
780 915 988 987 κόσμου
1028 919 1138 980 τοῖς
1164 918 1433 989 ποιήμασι
1466 919 1731 991 νοούμενα

173 1010 474 1083 καθορᾶται,
496 1006 532 1078 ἦ
553 1024 612 1060 τε
640 1006 809 1070 ἀΐδιος
832 1006 996 1060 αὑτοῦ
1022 1006 1254 1078 δύναμις
1281 1009 1376 1063 καὶ
1395 1008 1628 1081 θειότης,
1648 1011 1729 1073 είς

165 1101 220 1156 τὸ
256 1095 392 1153 εἶναι
428 1095 629 1158 αὐτοὺς
675 1093 1119 1167 ἀναπολογήτους
1140 1114 1154 1127 ο
1190 1096 1325 1150 διότι
1376 1099 1594 1166 γνόντες
1639 1099 1730 1152 τὸν

166 1192 303 1256 Θεὸν,
330 1190 428 1260 οὐχ
446 1188 523 1252 ὡς
552 1187 683 1240 Θεὸν
711 1185 989 1253 ἐδόξασαν,
1016 1187 1132 1240 ἀλλ’
1163 1187 1603 1261 ἐματαιώθησαν,
1636 1192 1730 1244 καὶ

171 1274 444 1351 ἐσκοτίσθη
474 1282 508 1351 ἡ
528 1278 787 1343 ἀσύνετος
804 1277 982 1332 αὐτῶν
1002 1278 1216 1350 καρδία·
1247 1281 1566 1351 φάσκοντες,
1593 1277 1729 1335 εἶναι

168 1374 311 1445 σοφοὶ
341 1370 764 1445 ὲμωράνθησαν.
815 1389 834 1422 ι
887 1370 1011 1436 Πῶς
1043 1371 1153 1444 γὰρ
1184 1373 1284 1427 οὐκ
1332 1372 1729 1445 ἐμωράνθησαν

163 1468 295 1538 ἕτερ’
317 1464 453 1519 ἄττα
490 1462 645 1534 παρά
671 1478 730 1516 τε
756 1460 816 1516 τὺ
854 1460 976 1534 ἔχον
1013 1461 1211 1535 ὀρθῶς,
1256 1465 1405 1534 σφίσι
1439 1481 1499 1518 τε
1542 1466 1726 1529 αὐτοῖς

162 1560 248 1614 καὶ
294 1556 398 1629 μὴν
444 1554 539 1609 καὶ
576 1553 785 1627 ἑτέροις
827 1557 1042 1627 φρονεῖν
1073 1555 1563 1626 συμϐουλεύοντες;
1598 1557 1731 1611 Καί-

159 1668 233 1705 τοι
263 1650 316 1703 τί
348 1648 411 1721 δή
459 1665 589 1702 ποτε
639 1647 771 1719 φαίη
801 1665 885 1711 τις
915 1648 981 1701 ἂν
1017 1649 1129 1712 τοῖς
1169 1648 1341 1712 οὕτως
1372 1648 1578 1714 ἀθλίοις
1618 1650 1730 1703 ἑπι-

1837 475 1960 522 tura
1988 465 2171 537 agitur
2198 463 2595 518 immoderate?
2638 464 2839 534 quidve
2866 467 2923 520 in
2956 468 3124 523 rebus
3144 479 3229 525 est
3263 482 3405 542 quod

1831 574 1941 614 non
1967 571 2126 612 suum
2142 554 2392 610 ordinem
2417 553 2632 610 servet?
2656 570 2720 609 ac
2743 571 2853 611 non
2878 556 3091 614 ordinis
3104 563 3409 634 principem

1830 645 2233 719 propemodum
2255 643 2415 699 eﬂari
2450 643 2724 710 videatur,
2746 653 2802 699 et
2824 645 3060 701 clamare
3083 664 3142 703 se
3170 653 3289 721 ejus
3307 653 3401 707 ob-

1834 746 2147 806 temperare
2168 736 2405 807 legibus,
2445 737 2674 807 ejusque
2700 736 2928 792 nutibus
2948 740 3083 809 regi,
3118 742 3212 810 qui
3235 743 3407 814 ipsam

1830 826 2113 882 continere
2136 842 2201 881 ac
2218 824 2363 881 tueri
2387 827 2585 892 valeat,
2610 827 2729 892 Dei,
2744 828 2966 898 inquam
2988 830 3012 883 ?
3036 829 3221 901 itaque
3245 835 3406 889 etiam

1830 916 2025 972 beatus
2052 917 2273 983 Paulus,
2308 935 2325 967 ι
2354 915 2679 981 Invisibilis,
2713 936 2731 967 ι
2768 916 2969 987 inquit,
3004 938 3022 970 ι
3051 920 3172 990 ejus
3206 936 3236 975 a
3262 938 3406 978 crea~

1830 1018 1954 1064 tura
1977 1009 2168 1064 mundi
2193 1024 2293 1079 per
2328 1024 2393 1063 ea
2437 1024 2560 1079 quas
2581 1008 2726 1062 facta
2764 1018 2914 1075 sunt,
2958 1010 3236 1068 intellecta
3284 1031 3405 1070 con-

1830 1103 2141 1172 spiciuntur
2184 1118 2201 1168 ;
2225 1101 2556 1172 sempiterna
2584 1115 2801 1170 quoque
2823 1101 2944 1172 ejus
2968 1104 3165 1171 virtus,
3192 1114 3248 1162 et
3269 1106 3417 1162 divi-

1827 1193 1972 1248 nitas
2005 1213 2018 1247 :
2046 1193 2122 1247 ita
2147 1200 2210 1247 ut
2252 1193 2361 1247 sint
2399 1191 2833 1246 inexcusabiles:
2863 1195 3013 1263 quia,
3052 1212 3179 1251 cum
3207 1214 3407 1268 cogno-

1827 1283 2036 1338 vissent
2058 1284 2251 1349 Deum,
2276 1276 2387 1339 non
2415 1285 2660 1339 utDeum
2681 1283 3142 1353 gloriﬁcaverunt,
3169 1297 3265 1343 aut
3288 1304 3400 1358 gra-

1830 1376 1934 1432 tias
1957 1385 2187 1447 egerunt
2212 1394 2227 1442 ;
2252 1375 2349 1432 sed
2397 1377 2752 1432 obscuratum
2776 1387 2860 1433 est
2885 1378 3154 1449 insipiens
3201 1396 3299 1435 cor
3321 1395 3405 1435 eo-

1830 1483 1973 1533 rum,
2006 1478 2062 1522 et
2076 1479 2419 1525 evanuerunt
2456 1470 2512 1523 in
2544 1470 2974 1540 cogitationibus
3001 1471 3140 1538 suis;
3166 1472 3411 1526 dicentes

1829 1573 1886 1614 se
1900 1574 2020 1614 esse
2036 1559 2328 1630 sapientes,
2349 1561 2500 1616 stulti
2520 1559 2646 1615 facti
2669 1570 2797 1615 sunt
2819 1563 2881 1616 ¹⁸.
2909 1582 2926 1614 ι
2956 1563 3242 1629 Quomodo
3265 1564 3410 1617 enim

1830 1666 1941 1706 non
1967 1651 2121 1705 stulti
2146 1650 2273 1706 facti
2302 1661 2451 1717 sunt,
2500 1654 2596 1724 qui
2641 1654 2746 1707 alia
2780 1655 3030 1725 quaedam
3062 1656 3131 1710 ab
3169 1672 3235 1711 eo
3266 1657 3410 1727 quod

170 1738 418 1811 νήχεσθαι
465 1739 766 1809 λογισμοῖς,
825 1737 962 1809 μηδὲ
1021 1739 1203 1804 αὐτοῖς
1258 1739 1569 1803 ἀνδάνοντος
1616 1743 1727 1805 τοῖς

1833 1754 2045 1799 rectum
2069 1743 2161 1802 sit.
2185 1745 2391 1799 sentire
2417 1753 2533 1799 tum
2557 1746 2663 1800 sibi
2690 1746 2814 1816 ipsi,
2834 1756 2950 1802 tum
2969 1764 3102 1803 vero
3123 1751 3286 1804 etiam
3306 1765 3409 1805 ειε-

157 1831 278 1902 παρ’
315 1830 446 1901 ὑμῖν
494 1830 746 1901 ποιηταῖς
788 1827 883 1883 τοῦ
934 1827 1146 1899 μύθου;
1206 1829 1471 1899 Ἀνῆφθαι
1514 1829 1622 1901 γὰρ
1660 1830 1725 1902 δὴ

155 1922 254 1978 τῶν
296 1920 589 1994 πρακτέων
626 1922 726 1983 τὰς
766 1921 1104 1992 οἰκονομίας,
1147 1922 1248 1992 οὐχ
1289 1922 1509 1994 ἐτέρους
1540 1923 1724 1990 τινάς,

154 2011 257 2066 ἀλλ’
289 2014 444 2083 ἡμᾶς
469 2012 667 2075 αὐτοὺς
690 2004 751 2064 εὖ
781 2011 926 2081 ἔχειν
948 2011 1144 2066 ἐδόκει.
1169 2013 1280 2064 Καὶ
1308 2011 1440 2081 γοῦν
1477 2012 1728 2083 Ὄμηρος

158 2103 264 2175 μὲν,
301 2104 363 2157 ἐν
395 2102 618 2167 οἰκείοις
645 2103 939 2174 ποιήμασι,
968 2102 1059 2156 τὸν
1087 2102 1421 2174 πανάριστον
1452 2102 1608 2175 ὑμῶν
1632 2103 1728 2158 καὶ

156 2193 350 2249 ὕπατον
390 2196 491 2249 Δία
526 2198 640 2261 τοῖς
665 2195 873 2267 ἑτέροις
900 2194 1004 2268 ἔφη
1033 2194 1466 2269 προσδιειλέχθαι
1502 2195 1723 2268 δαίμοσι

156 2288 389 2360 περὶτῆς
408 2288 671 2356 Αἰγίσθου
698 2288 966 2360 μοιχείας,
987 2289 1202 2360 καὶτῆς
1231 2288 1322 2342 ἐπὶ
1347 2289 1483 2362 τῷδε
1505 2288 1720 2361 ποινῆς·

1833 1833 1968 1889 teris
1996 1834 2332 1903 persuadent
2366 1835 2407 1867 "
2427 1836 2451 1889 ‘i
2473 1836 2661 1904 Atqui,
2688 1837 2835 1894 dicet
2861 1839 3081 1911 aliquis,
3117 1842 3250 1911 quid
3275 1857 3412 1914 opus

1831 1933 1918 1983 est
1940 1925 1996 1979 in
2023 1925 2109 1980 his
2132 1926 2269 1981 adeo
2302 1927 2615 1983 infelicibus
2639 1933 2967 1987 commentis
3010 1932 3252 2001 ﬂuitare,
3277 1949 3406 1989 cum

1833 2018 1939 2073 hoc
1966 2017 2283 2090 ﬁgmentum
2325 2035 2397 2074 ne
2427 2021 2627 2095 vestris
2669 2023 2895 2092 quidem
2940 2026 3115 2094 poetis
3157 2026 3415 2095 placeat?

1835 2109 2047 2181 Quippe
2094 2112 2188 2182 qui
2216 2127 2404 2167 rerum
2439 2092 2774 2184 agendarum
2798 2117 3252 2186 gubernationem
3302 2135 3410 2173 non

1826 2200 1896 2256 ad
1940 2202 2152 2273 aliquos
2198 2204 2354 2270 alios,
2388 2204 2487 2260 sed
2538 2205 2606 2259 ad
2646 2221 2746 2260 nos
2787 2206 2936 2276 ipsos
2975 2207 3258 2281 pertinere
3289 2209 3413 2279 jure

1829 2294 2167 2350 censuerint.
2194 2295 2385 2366 Itaque
2430 2295 2702 2352 Homerus
2724 2297 2781 2351 in
2821 2299 2936 2353 suis
2956 2299 3226 2369 poematis
3260 2300 3412 2354 illum

155 2387 382 2437 vestrum
406 2396 672 2453 perquam
708 2382 976 2452 optimum
1006 2396 1069 2438 ac
1109 2397 1386 2438 summum
1432 2383 1645 2448 Jovem,
1685 2397 1810 2438 cum
1848 2386 2073 2467 caeteris
2099 2387 2178 2442 ait
2213 2386 2321 2443 diis
2358 2386 2690 2443 collocutum
2713 2388 2781 2443 de
2801 2386 3036 2460 Egistbi
3065 2389 3336 2445 adulterio
3359 2398 3417 2445 et

154 2487 299 2547 ptena
326 2475 406 2531 illi
433 2474 621 2531 debita
646 2492 661 2530 :

154 2585 219 2644 Ὠ
242 2590 443 2654 πόποι,
469 2585 599 2644 οἷον
614 2588 689 2657 δή
712 2608 788 2644 νυ
815 2576 990 2657 θεοὺς
1009 2589 1217 2659 ,ϐροτοὶ
1245 2589 1617 2645 αἰτιόωντωὶ

176 2661 267 2725 Ἐξ
286 2661 489 2730 ἡμέων
511 2660 620 2729 γάρ
648 2676 797 2730 φασι
818 2659 951 2714 κάκ’
981 2660 1246 2730 ἔμμεναι,
1264 2664 1318 2714 οὶ
1344 2659 1413 2714 δὲ
1439 2660 1538 2714 καί
1559 2659 1727 2715 αὐτοὶ

160 2729 368 2801 Zetum:
417 2729 867 2800 ἀτασθαλίῃσιν
913 2731 1067 2799 ὑπὲρ
1108 2729 1301 2800 μόρον
1346 2730 1510 2801 ἄλγε’
1554 2731 1727 2800 ἔχου·

1330 2815 1435 2855 σιν
1464 2802 1561 2855 (ll.

208 2800 211 2801 ⁷
1330 2800 1443 2855 σιν
1490 2802 1513 2855 1
1547 2840 1561 2855 .

170 2890 299 2946 ’Δνθ’
314 2893 435 2947 ὅτου
455 2892 568 2966 γὰρ
593 2893 869 2967 δὴ,φησὶν,
887 2865 1241 2948 ἐπαιτιῶνταί
1259 2911 1403 2959 τινες
1422 2800 1549 2959 ﬁgit);
1566 2893 1723 2958 θεοὺς

1837 2587 2247 2662 ριιαηιηιειηετο
2290 2587 2786 2662 culpqntﬁomines
2825 2608 2913 2662 pta
2946 2597 3166 2651 numina
3212 2598 3415 2655 divum!

1830 2658 1916 2735 Ea:
1940 2658 2297 2735 nobis_etem'm_
2321 2658 2468 2735 mula
2502 2660 2683 2712 dicunt
2710 2658 2859 2735 esse:
2877 2662 2969 2715 sed
3004 2666 3105 2735 ipsi

1825 2728 2038 2783 Praeter
2066 2730 2184 2800 fata
2213 2730 2323 2782 suis
2347 2730 2626 2800 patiuntur
2645 2737 2721 2783 tot
2748 2731 2894 2786 mala
2923 2728 3109 2805 culpis.

1824 2891 1997 2960 Quam
2026 2892 2097 2948 ob
2123 2908 2368 2959 causam,
2391 2895 2593 2966 inquit,
2608 2898 2837 2953 nonnull
2869 2900 3004 2956 deos
3016 2915 3276 2960 accusant
3292 2912 3413 2961 tan-

151 2978 216 3046 ὡς
239 2984 362 3056 παρ’
387 2983 576 3038 αὐτῶν
601 2984 816 3055 ἔχοντες
853 2984 923 3038 τὰ
953 2983 1122 3052 κακὰ,
1152 2984 1247 3038 καὶ
1285 2985 1406 3056 οὐχὶ
1428 2985 1492 3056 δὴ
1524 2984 1724 3057 μᾶλλον

1830 3000 1991 3055 quam
2015 2984 2084 3040 ab
2103 2985 2212 3041 illis
2236 2985 2294 3039 in
2319 3002 2377 3041 se
2392 2987 2550 3057 201
2566 2988 2702 3042 mala
2727 2989 3072 3059 deriventur,
3103 3009 3167 3049 ac
3186 3011 3296 3051 non
3312 3013 3414 3067 po-

147 3075 232 3144 τῆς
277 3075 424 3147 σφῶν
489 3077 671 3131 αὐτῶν
737 3078 1014 3150 ἁμαρτίας
1072 3078 1591 3150 κατακεκράγασιν,
1650 3078 1727 3144 ὡς

147 3166 364 3240 ὶνιείσης
412 3169 622 3234 αὖτοὺς
673 3172 1014 3240 συμφοραῖς,
1046 3169 1142 3223 καὶ
1183 3172 1303 3234 ταῖς
1341 3170 1483 3243 ὑπὲρ
1520 3170 1723 3242 μόρον,

150 3255 411 3329 τουτέστι,
443 3262 546 3316 καὶ
590 3264 711 3326 ταῖς
760 3261 905 3333 ὑπὲρ
949 3261 1333 3334 Εἱμαρμένην,
1387 3263 1507 3332 ἦτοι
1555 3264 1619 3317 τὸ
1658 3265 1725 3334 τῇ

152 3349 461 3427 Εἱμαρμένῃ
484 3354 704 3409 δοκοῦν.
723 3353 933 3409 Οὐκοῦν
959 3357 1119 3428 εἰπερ
1140 3355 1316 3409 ἓλοιτό
1342 3373 1425 3419 τις
1446 3355 1728 3412 διαϐιῶναι

156 3440 242 3510 μὲν
269 3442 461 3513 ὀρθῶς,
485 3443 884 3509 εὐϐουλοτάτας
910 3444 965 3499 δὲ
990 3445 1085 3498 καὶ
1110 3444 1523 3508 ἐπιεικεστάτας
1548 3445 1646 3510 τὰς
1669 3447 1727 3503 ὲν

151 3531 273 3603 τῷδε
298 3534 372 3604 τῷ
405 3535 508 3608 βίῳ
541 3536 1138 3607 ποιεῖσθαιδιατριδάς,
1162 3536 1515 3607 όρθοποδήσει
1540 3553 1600 3589 τε
1634 3537 1729 3591 καὶ

153 3623 442 3698 διανήξεται
471 3629 542 3684 τὰ
571 3629 756 3697 δεινά,
800 3629 1025 3700 γνώμης
1067 3628 1206 3699 ἔχων
1232 3628 1399 3700 ὀρθῆς
1434 3629 1531 3683 καὶ
1575 3628 1729 3683 ἀδια-

155 3716 368 3786 στρόφου
388 3720 630 3790 καρπὸν,
657 3719 719 3772 τὸ
752 3720 827 3791 μὴ
852 3718 1117 3772 ὲναλῶναι
1146 3720 1335 3781 κακοῖς
1354 3736 1367 3750 ν
1403 3717 1499 3772 καὶ
1524 3717 1729 3790 ἀληθὴς

155 3806 368 3877 ὁλόγος.
419 3812 538 3883 Ἐφ’
585 3813 720 3883 ἡμῖν
762 3812 869 3884 γάρ
909 3811 1095 3875 αὐτοῖς
1138 3812 1291 3875 ἐστι,
1324 3809 1385 3864 τὸ
1430 3810 1519 3863 ἐπ’
1562 3809 1728 3881 ἄμφω

159 3894 374 3967 βλέπειν,
418 3902 565 3973 πρός
614 3917 677 3954 τε
718 3900 778 3957 τὸ
816 3898 1020 3970 ἀγαθόν
1061 3916 1205 3970 φημι
1248 3898 1435 3953 καὶτὸ
1464 3899 1724 3953 ἐναντίον·

159 3989 239 4041 καὶ
267 3992 313 4043 οί
339 3992 437 4062 μὲν
462 3996 519 4048 ὲν
543 3992 693 4063 λόγῳ
720 3991 1080 4063 πεποιημένοι
1104 4029 1120 4056 ,
1139 3990 1202 4044 τὸ
1229 3989 1608 4060 θαυμάζεσθαι
1631 4006 1729 4042 πε-

158 4079 307 4145 φυκὸς
334 4083 428 4138 καὶ
455 4083 557 4156 τὴν
580 4083 663 4147 είς
685 4081 952 4154 ὀρθότητα
975 4081 1179 4154 τρίϐον,
1210 4082 1268 4135 ὲν
1299 4081 1447 4152 καλῷ
1471 4081 1729 4154 γενήσον-

157 4182 235 4218 ται
259 4170 349 4240 τῆς
379 4172 590 4244 ἀρετῆς
610 4189 623 4202 ·
656 4173 706 4225 oi
747 4171 804 4224 δὲ
847 4170 1226 4234 ἀποκλίνοντες
1266 4172 1346 4234 είς
1372 4170 1433 4223 τὸ
1464 4169 1726 4236 ἐναντίον,

158 4259 239 4310 καὶ
269 4261 374 4315 τῶν
410 4264 719 4335 ἀμεινόνων
752 4263 1045 4334 προθέντες
1071 4262 1132 4316 τὸ
1165 4262 1380 4316 ἀδικοῦν
1402 4301 1417 4327 ,
1448 4262 1603 4316 αὐτοὶ
1629 4261 1728 4332 τὴν

162 4348 280 4405 ἰδίαν
344 4356 808 4428 καταφθείροντες
870 4354 1047 4427 ζωὴν,
1110 4354 1288 4409 ἁλοῖεν
1349 4353 1414 4409 ἂν
1471 4352 1729 4408 αὐθένται

157 4442 286 4508 τινὲς
321 4449 412 4502 καὶ
446 4447 714 4520 ὀλετῆρες
749 4447 913 4502 δεινοὶ
940 4448 1040 4519 τῆς
1078 4446 1228 4517 σφῶν
1276 4445 1453 4500 αὐτῶν
1486 4445 1730 4516 κεφαλῆς

157 4533 573 4612 ὲξεληλιε-γξλιεὶνοι.
607 4540 729 4594 Ὀτι
759 4540 817 4594 δὲ
854 4541 937 4610 ἐφ’
965 4541 1098 4611 ἡμῖν
1139 4538 1325 4613 αὐτοῖς
1348 4537 1409 4591 τὸ
1445 4538 1532 4590 ἐπ’
1563 4537 1730 4607 ἄμφω

158 4625 359 4696 βλέπειν
396 4635 670 4699 κείσεται,
698 4633 948 4705 καθάπερ
986 4632 1122 4703 ἔφην
1148 4630 1351 4703 ἀρτίως
1373 4669 1389 4695 ,
1412 4631 1505 4684 καὶ
1528 4630 1731 4684 ἀναπε-

160 4723 419 4788 πτωκότες
451 4729 535 4791 εἰς
571 4725 788 4799 ἡδονὰς,
815 4726 916 4798 τῆς
942 4725 1050 4781 τῶν
1076 4722 1468 4796 συμφερόντων
1494 4722 1729 4792 διαμαρ⁶

157 4811 372 4884 τάνομεν
399 4815 601 4889 θήρας,
638 4818 806 4888 σαφὲς
833 4818 900 4871 ἂν
923 4818 1150 4888 γένοιτο,
1191 4814 1514 4877 διαϐοῶντος
1544 4814 1729 4883 ἐτέρου

159 4901 255 4955 τῶν
271 4906 397 4978 παρ’
416 4909 611 4973 αὐτοῖς
635 4906 892 4979 ποιητῶν·
914 4906 1211 4978 Εὐριπίδης
1228 4900 1382 4969 οὗτος
1397 4900 1483 4974 ἦν.
1509 4902 1732 4958 Γύναιον

162 4989 250 5058 μὲν
285 4995 393 5067 γὰρ
450 4998 549 5051 ἐπὶ
604 4998 809 5070 σκηνῆς
862 4996 1180 5070 ἀρρωστοῦν
1234 4996 1407 5051 ἐποίει
1456 4995 1557 5068 τὴν
1603 4994 1732 5049 ἀκό-

162 5077 340 5138 λαστον
369 5088 587 5161 ἡδονὴν,
611 5084 731 5143 εἷτα
759 5090 859 5143 οὑκ
892 5084 989 5143 οἷδ’
1016 5090 1162 5153 ὅπως
1194 5086 1514 5161 φιλοσοφοῦν
1541 5085 1731 5154 ἔδειξε,

164 5170 248 5225 καὶ
273 5173 452 5246 λέγον·

172 5365 487 5437 Πιοιζήνιαι
516 5375 803 5444 γυναῖκες
819 5418 834 5442 ,
867 5378 931 5431 ατ
958 5377 1080 5432 τόδ’
1113 5377 1378 5466 ἔσχατον

171 5432 375 5486 οἰκεῖτε
418 5440 620 5486 νέκταρ
654 5449 729 5486 Πρ
745 5451 805 5486 1n
816 5449 981 5486 frg-[nn
1017 5454 1356 5486 «nne-nuntii;-

208 5449 375 5495 ἐκεῖτε
414 5449 620 5511 χώρας
648 5449 981 5515 Πελοπείας
1013 5449 1381 5517 προνώπιον,

237 5549 277 5581 ³⁸
303 5552 463 5609 Rom.
491 5572 533 5622 ι,
559 5556 749 5615 εο-εε.
833 5562 875 5595 ¹⁹
910 5563 1012 5619 Job
1042 5580 1116 5632 ιιι,
1150 5570 1203 5626 3.

245 5664 317 5735 (l)
348 5665 543 5739 Odyss.
570 5742 581 5748 .

1830 3078 1939 3134 tius
1986 3078 2054 3134 de
2083 3079 2199 3134 suis
2246 3078 2491 3149 ipsorum
2517 3080 2761 3148 peccatis
2803 3093 3247 3152 conqueruntur,
3290 3104 3415 3159 qua:

1828 3168 1887 3224 in
1905 3168 2160 3224 miserias
2195 3183 2293 3223 eos
2335 3169 2658 3239 conjiciunt,
2689 3186 2893 3240 easque
2923 3181 3126 3242 praeter
3143 3175 3262 3230 Fati
3283 3194 3416 3233 con-

1828 3259 2119 3325 ditionem,
2150 3265 2247 3313 aut
2276 3267 2475 3328 praeter
2517 3258 2573 3313 id
2600 3260 2749 3328 quod
2796 3261 2932 3316 Fato
2983 3262 3271 3319 decretum
3317 3266 3411 3323 sit.

1829 3348 1887 3405 Si
1911 3347 2035 3419 quis
2082 3347 2248 3418 igitur
2279 3347 2579 3401 constituat
2622 3357 2770 3402 recte
2791 3347 2999 3415 vivere,
3048 3358 3105 3405 et
3127 3353 3416 3421 sapientis-

1828 3445 1966 3501 sime
2001 3443 2318 3512 optimeque
2359 3440 2415 3495 in
2455 3440 2559 3495 hac
2596 3442 2709 3495 vita
2752 3442 2980 3509 versari,
3025 3445 3074 3499 is
3094 3452 3151 3499 et
3199 3455 3415 3502 rectum

1829 3546 2051 3589 cursum
2085 3530 2319 3595 tenebit,
2353 3537 2408 3584 et
2429 3545 2459 3584 e
2488 3530 2708 3585 casibus
2740 3532 2951 3601 asperis
2972 3534 3243 3601 elabetur,
3277 3551 3417 3593 suae-

1828 3640 1936 3695 que
1959 3629 2125 3677 rectae
2151 3637 2216 3676 ac
2242 3623 2412 3676 ﬁrmae
2434 3621 2722 3679 sententia:
2749 3623 2902 3678 hunc
2950 3623 3194 3682 fructum
3226 3629 3411 3697 perci-

1827 3716 1962 3786 piet,
1996 3724 2058 3770 ut
2092 3715 2250 3769 malis
2294 3729 2408 3769 non
2455 3714 2801 3785 implicetur:
2848 3716 3015 3787 idque
3066 3719 3416 3776 verissimum

1826 3817 1930 3867 est.
1957 3808 2017 3863 ln
2038 3817 2227 3864 nostra
2247 3823 2484 3877 namque
2509 3814 2594 3861 est
2625 3806 2886 3864 facultate
2911 3808 3101 3875 situm,
3150 3810 3208 3865 in
3236 3820 3415 3867 utram

1827 3899 2060 3954 velimus
2098 3903 2311 3968 partem
2360 3903 2634 3967 spectare,
2679 3895 2748 3951 ad
2790 3895 3017 3963 bonum,
3072 3897 3316 3967 inquam,
3343 3913 3416 3953 an

1828 3998 2020 4046 contra
2054 3988 2121 4045 ad
2147 3989 2352 4043 malum
2381 4006 2395 4042 :
2424 4002 2490 4043 ac
2535 3987 2629 4058 qui
2671 3989 2790 4060 ejus
2816 3988 2963 4059 quod
2989 3998 3181 4058 suapte
3216 3996 3413 4055 natura

1829 4089 1913 4139 est
1938 4081 2234 4136 honestum
2256 4086 2313 4135 et
2334 4079 2675 4144 admirabile,
2701 4080 2907 4135 etrecti
2928 4080 3144 4135 itineris
3165 4096 3415 4151 magnam

1830 4173 2097 4228 rationem
2123 4173 2348 4237 habent,
2390 4171 2459 4225 ad
2485 4170 2709 4225 virtutis
2730 4171 3018 4225 commoda
3048 4171 3411 4241 pervenient;

1831 4263 1927 4332 qui
1949 4277 2079 4316 vero
2129 4260 2543 4316 incontrariam
2596 4266 2809 4328 partem
2854 4259 3202 4325 deﬂexerint,
3248 4266 3307 4316 et
3325 4275 3416 4316 res

1833 4350 2172 4423 perniciosas
2192 4349 2417 4420 Optimis
2432 4348 2799 4419 praetulerint,
2826 4363 2939 4403 suae
2959 4349 3066 4420 ipsi
3097 4350 3223 4405 vitae
3244 4351 3415 4407 inter-

1834 4443 1974 4498 itum
2002 4436 2304 4506 al’t‘ercndo,
2329 4447 2587 4509 tanquam
2614 4439 2700 4494 sui
2724 4438 2968 4510 ipsorum
3006 4440 3201 4511 capitis
3228 4441 3414 4497 sicarii

1838 4548 1904 4589 ac
1953 4530 2243 4603 parricidae
2287 4529 2556 4586 teterrimi
2598 4529 2837 4586 convicti
2874 4531 3227 4593 tenebuntur.
3279 4533 3415 4589 Esse

1836 4636 2020 4682 autem
2063 4624 2120 4679 in
2140 4631 2330 4679 nostra
2352 4622 2520 4677 situm
2566 4630 2857 4694 potestate,
2886 4623 2944 4679 in
2980 4614 3159 4679 utram
3183 4624 3419 4680 velimus

1835 4726 2048 4788 partem
2073 4720 2345 4786 spectare,
2373 4720 2436 4768 ut
2456 4714 2621 4770 modo
2632 4713 2768 4781 dixi,
2792 4722 2850 4769 et
2872 4713 3003 4769 dum
3027 4713 3096 4768 ad
3109 4715 3418 4785 voluptates

1833 4807 2132 4872 inhiamus,
2176 4806 2440 4860 aberrare
2465 4820 2497 4859 a
2522 4820 2710 4861 rerum
2753 4805 2970 4860 utilium
3004 4805 3417 4870 consecutione,

1834 4899 2188 4974 perspicuum
2212 4896 2330 4952 ﬁeri
2357 4905 2538 4968 potest
2568 4897 2882 4952 testimonio
2919 4896 3146 4952 alterius
3170 4896 3414 4968 ipsorum

1836 4995 2046 5062 poclm:
2074 4986 2371 5058 Euripides
2390 4987 2484 5042 hic
2505 4995 2608 5043 est.
2628 4987 2679 5042 Is
2704 4987 2906 5058 quippe
2935 4987 3317 5045 mulierculam
3358 4988 3415 5044 in

1836 5096 2000 5136 scena
2046 5079 2464 5151 intemperantis
2516 5079 2763 5134 lididinis
2824 5078 3019 5133 morbo
3067 5078 3413 5135 laborantem

1836 5174 1996 5229 facit:
2043 5173 2244 5230 deinde
2288 5174 2454 5229 modo
2502 5171 2691 5228 nescio
2728 5186 2838 5241 quo
2880 5171 3127 5228 eamdem
3172 5171 3416 5243 pltiloso~

1837 5268 1980 5340 pban
1990 5277 2097 5323 tem
2119 5267 2332 5323 inducit
2357 5264 2431 5340 (2)
2462 5281 2526 5322 ac
2543 5265 2851 5321 dicentem:

1982 5378 2026 5434 0
2047 5395 2162 5449 quae
2182 5394 2457 5449 supremas
2491 5380 2645 5449 hasce
2666 5376 2871 5449 Pglopii
2907 5377 3007 5449 soli

1982 5447 2413 5513 Ha’bitatis’oras,
2438 5447 2682 5502 mulieres
2705 5447 3027 5529 Trwzeniwn

1915 5666 1989 5733 (‘2)
2018 5667 2075 5720 ln
2110 5665 2389 5738 Hippolyto
2412 5675 2662 5722 coronato
