3966 6298
497 247 601 303 655

623 365 761 423 Olim
782 365 898 435 ipsa
926 364 1332 435 mecum,tarda
1365 364 1490 435 dum
1517 378 1620 417 nos:
1645 361 1862 435 labitur,

639 435 750 491 Hoc
773 432 930 489 anxie
954 434 1188 505 quasivi,
1219 433 1474 503 quomodo
1505 442 1556 505 et
1578 432 1760 503 quibus

637 505 901 575 Corrupto
926 502 1096 557 causis
1122 502 1237 555 vita?
1255 505 1320 556 sit
1346 502 1669 556 mortalium.

637 577 713 631 Ac
741 573 865 629 mihi
889 575 1130 628 videntur
1158 589 1261 626 non
1300 590 1326 626 e
1348 591 1530 627 sensus
1554 573 1764 642 ingenio

635 645 703 699 In
728 661 893 714 prava
923 645 1051 714 ferri
1085 660 1101 695 :
1132 660 1363 714 namque
1388 643 1567 697 multis
1598 641 1685 703 cor:
1709 641 1867 714 sapit.

637 664 703 699 ιη
766 664 893 698 ναυα
923 664 1050 714 [ενι-ι
1085 664 1101 695 ἔ
1132 664 1363 714 namque
1388 664 1567 697 mutus
1598 664 1685 703 ι’οῖ
1709 664 1867 710 δίψη.

637 664 872 769 Sci/uec
889 716 1035 784 origo
1062 722 1138 766 est
1163 715 1353 778 omnis,
1376 721 1440 765 ut
1465 717 1672 779 opinor,
1702 710 1868 765 mali:

637 785 798 855 Utilia
815 785 986 837 cuncti
1003 785 1196 855 scimus
1224 792 1271 836 et
1295 785 1651 855 cognoscimus
1675 799 1692 836 :

642 853 746 909 Sed
768 855 1054 924 refugimus
1075 853 1304 924 laborem
1331 852 1513 907 {alius
1537 853 1775 924 ignavia,

637 927 786 980 Alius
811 922 1024 978 honesto
1051 923 1174 993 dum
1197 923 1526 993 uoluptatem
1553 933 1674 976 ante
1708 922 1830 991 fert,

634 995 727 1048 Vel
745 997 899 1056 hanc,
922 993 1004 1047 vel
1034 992 1186 1046 illam
1213 1011 1229 1048 :
1256 992 1363 1047 vita
1392 1011 1517 1048 nam
1533 993 1728 1047 multas
1750 993 1923 1045 habet.

636 1065 900 1136 Nugando
920 1072 1056 1136 totos
1080 1061 1174 1136 ille
1208 1064 1468 1136 consumit
1493 1063 1601 1117 dies
1629 1081 1645 1117 :

637 1131 791 1190 Hunc
819 1133 951 1189 nihil
974 1133 1165 1204 agendi
1185 1131 1338 1186 dulce
1365 1131 1586 1187 delectat
1612 1131 1834 1186 malum.

567 1248 831 1318 Intelligis
872 1264 980 1302 non
1005 1247 1325 1312 Fortunam,
1356 1263 1466 1301 non
1494 1245 1710 1310 Ortum,
1745 1261 1855 1299 non
1893 1245 2085 1298 Fatum

496 1338 694 1410 priscis
737 1337 846 1390 illis
887 1337 1022 1391 viris
1052 1336 1383 1406 culpandum
1413 1335 1610 1402 videri,
1658 1335 1813 1404 quasi
1839 1350 1938 1405 per
1973 1335 2085 1388 vim

497 1447 600 1485 nos
624 1445 664 1484 a'
699 1437 847 1483 recta
877 1429 1172 1492 sententia,
1203 1427 1381 1496 iisque
1429 1427 1597 1481 rebus
1643 1426 1903 1496 depellat,
1949 1441 2087 1496 quas

501 1522 767 1576 honestas
814 1537 935 1576 esse
983 1519 1386 1575 didicerimus?
1426 1517 1699 1588 Corrupta
1747 1533 1981 1587 namque
2003 1523 2088 1570 est

495 1614 607 1668 vita
633 1615 968 1679 mortalium,
997 1613 1196 1683 inquit,
1225 1627 1334 1665 non
1359 1626 1388 1664 e
1417 1625 1610 1664 sensus
1636 1609 1874 1680 ingenio,
1902 1608 1955 1662 id
1979 1615 2083 1671 est,

1521 241 1576 296 S.
1617 239 1893 296 CYRILLI
1933 239 2402 296 ALEXANDRINI
2438 235 2758 297 ARCHIEP.

2106 361 2153 419 Α
2185 359 2328 426 Ἤδη
2356 361 2487 412 ποτ’
2528 358 2729 425 ἄλλως
2756 359 2979 426 νυκτὸς
3002 358 3072 411 ἐν
3103 355 3309 426 μαλρῷ
3342 359 3540 426 χρόνῳ

2183 423 2429 500 Θνητῶν
2459 423 2794 500 summa,
2822 423 2862 500 ᾖ
2896 423 3238 500 διέφθαρταί
3263 423 3427 494 ﬁlo}.

2181 499 2293 552 Kal
2319 516 2418 566 μοι
2455 495 2746 553 δοκοῦσιν
2775 495 2854 554 οὗ
2889 495 3037 552 κατὰ
3070 495 3308 567 γνὼμῃς
3330 501 3522 567 φύσιν

2183 564 2492 636 Πράέγσειν
2523 569 2756 622 κάκιον·
2787 569 2918 623 ἔστι
2938 571 3047 638 γὰρ
3078 564 3144 620 τὸ
3279 564 3528 637 φρονεῖν

2183 639 2539 693 Πολλοῖσιν.
2585 639 2768 692 Ἀλλὰ
2797 636 2953 706 τῇδέ
2983 636 3290 706 ἀθρητέον
3308 639 3465 692 τόδε⁸

3667 242 3774 301 456

2189 709 2265 762 Τὰ
2294 708 2509 776 χρήστ’
2537 705 2905 778 ἐπιστάμεθα
2931 711 3029 764 καὶ
3055 705 3450 778 γινώσκομεν,

2188 780 2310 831 Οὐκ
2347 780 2725 848 ἐκπονοῦμεν
2756 777 2879 843 es,
2915 783 2968 834 οι
3007 777 3122 848 μὲν
3156 777 3369 846 ἀργίας
3407 781 3556 846 ὕπο,

2189 850 2254 899 Οἱ
2279 848 2331 900 δ’
2365 848 2602 915 ἡδονὴν
2622 849 2944 915 προθέντες
2973 850 3104 903 ἀντὶ
3137 849 3245 902 τοῦ
3271 851 3461 904 καλοῦ

2192 919 2430 984 ’Ἄλλην
2456 921 2587 973 τιν’.
2625 919 2760 973 Εἰσί
2797 919 2850 973 δ’
2886 919 3101 987 ἡδοναί
3146 921 3558 988 πολλαίβίου,

2185 989 2421 1059 Μακραί
2442 1006 2508 1044 τε
2552 989 2804 1058 λέσχαι,
2840 991 2940 1044 καὶ
2985 992 3186 1060 σχολὴ
3210 1029 3224 1055 ,
3257 993 3518 1061 τερπνὸν
3555 997 3770 1051 κακόν.

2258 1239 2456 1311 Συνίης
2499 1239 2648 1304 ὅπως
2677 1239 2738 1293 οὐ
2772 1239 2955 1312 Τύχην
2983 1279 2997 1306 ,
3035 1241 3097 1294 οὐ
3133 1242 3173 1294 Γ
3176 1241 3352 1297 ένεσιν
3375 1283 3390 1308 ,
3431 1245 3529 1315 οὐχ
3565 1247 3768 1318 Εἱμαρο

2193 1328 2362 1400 μένην
2391 1331 2506 1392 τοῖς
2536 1328 2915 1399 ἀρχαιοτέροις
2945 1329 3223 1382 αἰτιᾶσθαι
3250 1330 3416 1395 δοκεῖ,
3445 1331 3521 1395 ὡς
3549 1333 3776 1398 ἐξωθοῦ-

2190 1437 2290 1474 σαν
2339 1422 2488 1492 ἡμᾶς
2531 1421 2627 1474 σὺν
2667 1419 2758 1491 βίᾳ
2787 1421 2885 1491 τῆς
2931 1420 3285 1492 ἐγνωσμένης
3317 1422 3646 1494 ὀρθότητος,
3682 1428 3774 1480 καὶ

2189 1508 2265 1567 ὧν
2307 1513 2372 1566 ἂν
2408 1511 2673 1583 μάθοιμεν
2721 1507 2862 1566 εἶναι
2913 1511 3200 1584 χρηστῶνς
3238 1513 3567 1585 Διέφθαρται
3600 1516 3711 1588 γάρ
3747 1522 3774 1574 ό

2191 1604 2302 1675 βίος
2334 1604 2441 1658 τῶν
2466 1605 2561 1656 ἐπὶ
2581 1605 2679 1676 τῆς
2707 1605 2834 1675 γῆς,
2861 1606 3050 1676 φησὶν,
3069 1606 3129 1658 οὐ
3163 1606 3304 1659 κατὰ
3334 1606 3560 1678 γνώμης
3588 1609 3770 1678 φύσιν,

495 1722 607 1761 non
636 1723 703 1761 eo
727 1707 876 1777 quod
920 1721 1150 1776 pravum
1189 1711 1389 1758 natura
1415 1717 1636 1758 sensum
1668 1701 1907 1755 habeant
1950 1718 1962 1753 :
1994 1699 2089 1754 sed

2200 1699 2506 1761 τουτέστιν,
2533 1698 2632 1767 οὐχ
2674 1698 2755 1751 ὅτι
2797 1699 3040 1768 πονηράν
3074 1697 3257 1767 έχουσι
3292 1700 3434 1753 κατὰ
3475 1701 3640 1768 φύσιν
3677 1703 3774 1773 τὴν

497 1802 643 1872 quod
674 1817 738 1856 ea
772 1817 893 1870 qua:
926 1807 1074 1854 recte
1114 1802 1439 1860 senserunt,
1476 1793 1777 1848 laborando
1818 1793 2083 1863 perﬁcere

496 1894 711 1948 nolunt.
739 1893 898 1961 202
930 1892 997 1945 Et
1019 1906 1141 1960 qua:
1164 1889 1329 1959 hujus
1357 1887 1436 1942 rei
1474 1901 1639 1942 causa
1662 1886 1779 1940 est?
1802 1884 1912 1940 Aut
1934 1887 2083 1941 enim

497 1984 731 2057 ignavia,
769 1983 967 2053 inquit,
997 1982 1071 2035 ita
1113 1981 1236 2034 illos
1270 1977 1560 2049 impedivit
1584 1986 1644 2032 ut
1669 1977 1739 2031 ad
1763 1977 1937 2032 otium
1970 1978 2082 2033 ha:-

499 2085 714 2143 rerent;
745 2084 840 2129 aut
890 2075 1140 2143 voluptas
1173 2072 1357 2141 aliqm
1389 2071 1514 2125 vita:
1550 2071 1874 2140 subrepens,
1899 2078 1956 2125 et
1985 2070 2086 2124 ad-

495 2184 688 2224 versus
717 2167 973 2222 utilitatis
993 2165 1268 2219 rationem
1298 2179 1416 2217 sese
1444 2177 1746 2233 opponens,
1771 2178 1802 2216 a
1835 2178 2088 2218 necessa-

497 2257 595 2311 riis
619 2256 786 2311 rebus
808 2254 1181 2324 adipiscendis
1197 2252 1446 2319 abduxit,
1471 2254 1650 2308 etalio
1672 2261 1914 2308 mentem
1932 2269 2090 2309 aver-

499 2349 564 2402 tit
591 2365 605 2414 ;
633 2348 939 2403 faciliorem
979 2362 1100 2403 esse
1125 2346 1366 2402 suadens
1388 2346 1556 2412 viam,
1591 2362 1698 2416 qua
1720 2347 1789 2401 ad
1813 2345 2088 2416 ignaviam

497 2441 762 2495 tenditur.
800 2438 1232 2494 Innumerabilia
1263 2439 1349 2493 his
1370 2439 1613 2509 adjicere
1648 2453 1716 2492 ex
1753 2452 1947 2493 eorum
1983 2453 2088 2494 au-

497 2534 746 2588 ctoribus
768 2533 1163 2603 p0tuissemus,
1180 2531 1481 2600 etquidem
1505 2530 1780 2589 facillime.
1803 2531 1912 2587 Sed
1927 2531 2088 2587 audi-

499 2628 736 2690 toribus,
764 2643 886 2695 quaa
923 2634 1052 2682 sunt
1083 2625 1237 2689 satis,
1270 2625 1466 2680 eadem
1493 2625 1739 2696 jucunda
1771 2640 1914 2691 esse,
1965 2626 2092 2696 quis

499 2717 750 2772 dubitet?
776 2717 963 2785 Itaque
989 2715 1259 2770 orationis
1286 2716 1569 2771 fastidium
1589 2716 1879 2786 fugiemus.

569 2805 768 2861 PALL.
793 2805 962 2860 Recte
986 2804 1085 2858 ais.
1107 2803 1236 2870 Sed,
1263 2806 1309 2859 si
1327 2805 1430 2869 vis,
1458 2804 1734 2874 inquiunt,
1759 2805 1874 2859 hmc
1898 2805 2086 2860 mitte:

501 2897 636 2953 illud
664 2897 851 2967 potius
878 2897 1078 2967 cogita,
1107 2898 1386 2966 quomodo
1417 2897 1697 2967 sapienter
1734 2897 2087 2968 respondeas,

501 2989 545 3042 si
574 2989 667 3058 qui
697 2995 748 3042 te
777 2997 992 3059 rogent,
1011 3004 1260 3058 quamam
1289 2991 1465 3059 possit
1486 2990 1785 3062 excogitari
1820 2990 1961 3044 ratio
1983 2989 2090 3044 hu-

2191 1791 2436 1861 γνώμην·
2463 1791 2576 1844 ἀλλ’
2600 1791 2681 1844 ὅτι
2713 1789 2786 1861 μὴ
2809 1791 3058 1844 ἐκπονεῖν
3087 1791 3330 1844 ἐθέλουσι
3358 1793 3427 1846 τά
3453 1794 3777 1866 ἐγνωσμένα

2191 1883 2423 1955 χρηστά.
2460 1885 2570 1938 Καὶ
2618 1884 2700 1947 τίς
2748 1884 2782 1954 ἡ
2812 1883 2966 1937 τοῦδε
2994 1885 3302 1954 πρόφασις;
3352 1886 3425 1938 Ἢ
3457 1887 3566 1958 γάρ
3595 1887 3772 1954 ὄκνος,

2193 1975 2378 2045 φησὶν,
2415 1974 2646 2046 ἐπέδησε
2694 1973 2832 2044 πρὸς
2879 1975 3100 2044 ἀργίαν,
3147 1977 3302 2048 ἥτις
3339 1977 3446 2031 τῶν
3492 1980 3635 2033 κατά
3682 1983 3774 2034 τδν

2195 2065 2308 2137 βίον
2339 2067 2541 2136 ἡδονῶν
2579 2066 3073 2137 ἀντεισδραμοῦσα,
3103 2068 3268 2136 φησὶ,
3303 2069 3399 2124 καὶ
3442 2070 3538 2124 τοῦ
3568 2074 3777 2142 συμφέ-

2200 2174 2386 2228 ροντος
2411 2156 2831 2228 ἀντανίσχουσα,
2865 2160 2964 2230 τῆς
2981 2157 3088 2211 τῶν
3117 2159 3434 2227 ἀναγκαίων
3462 2162 3766 2234 ἀπεκόμιζε

2196 2249 2389 2322 θήρας,
2413 2250 2510 2305 καὶ
2555 2250 2963 2322 ἀπεϐουκόλησε
2997 2251 3089 2305 τὸν
3121 2253 3275 2318 νοῦν,
3321 2254 3600 2328 λειοτέραν
3635 2259 3776 2313 ἀπο-

2196 2343 2462 2413 φαίνουσα
2499 2335 2609 2414 τὴν
2632 2343 2712 2406 είς
2753 2342 3027 2414 ρᾳθυμίαν
3066 2344 3205 2400 ὁδόν.
3248 2346 3436 2417 Μυρία
3474 2346 3531 2399 δὲ
3553 2346 3620 2401 ἂν
3647 2349 3776 2403 τού-

2195 2451 2308 2498 τοις
2347 2432 2808 2506 ὲπεσωρεύσαμεν
2837 2434 2944 2488 τῶν
2975 2437 3106 2506 παρ’
3136 2436 3339 2501 αὐτοῖς,
3382 2437 3477 2492 καὶ
3507 2440 3681 2510 ῥᾷστά
3711 2454 3780 2507 γε

2196 2525 2278 2598 δή.
2323 2526 2396 2579 Τὸ
2433 2525 2488 2579 δὲ
2527 2525 2811 2598 ἀποχρῶν,
2847 2527 2926 2580 ὃτι
2969 2529 3081 2591 τοῖς
3123 2529 3493 2600 ἀκροωμένοις
3526 2532 3654 2603 ἡδὺ,
3690 2533 3778 2598 τίς

2198 2618 2264 2672 ἂν
2287 2619 2593 2685 ὲνδοιάσαι;
2625 2619 2902 2690 τοιγάρτοι
2935 2619 3349 2692 καὶδιωσόμεθα
3371 2621 3464 2676 τοῦ
3493 2623 3650 2693 λόγου
3681 2626 3779 2681 τὸν

2197 2713 2372 2784 ὄχλον.

2268 2807 2476 2860 ΠΔΛΛ.
2516 2804 2720 2876 Ὀρθῶς
2747 2803 2905 2876 ἔφης.
2949 2805 3089 2858 Ἀλλ’
3111 2805 3160 2857 εί
3189 2804 3386 2875 βούλει,
3413 2808 3564 2876 φασὶ,
3601 2807 3780 2863 ταῦτα

2197 2900 2262 2971 δὴ
2289 2899 2471 2970 μέθες.
2509 2897 2732 2950 Διανοοῦ
2768 2897 2824 2950 δὲ
2853 2898 3002 2961 ὅπως
3030 2897 3346 2970 ἀπολογήσῃ
3381 2899 3578 2968 σοφῶς,
3610 2903 3782 2972 εἴπερ

2200 2990 2409 3062 έροιντό
2446 3007 2612 3054 τινες,
2637 2989 2720 3052 τίς
2769 2987 2836 3043 ἂν
2879 2990 3051 3043 νοοῖτο
3093 2990 3255 3061 τυχὸν
3297 2992 3325 3045 ό
3375 2991 3532 3058 λόγος
3572 2992 3669 3062 τῆς
3716 2993 3780 3047 ὲν

501 3080 584 3150 ius
615 3087 818 3135 nostra:
851 3080 1236 3150 inazqualitatis
1261 3089 1317 3135 et
1339 3081 1696 3148 confusionis,
1723 3097 1844 3152 qua:
1874 3096 2089 3136 sursum

2200 3084 2330 3153 ἡμῖν
2373 3081 2724 3151 ἀνισότητος,
2769 3081 2866 3135 καὶ
2912 3079 3007 3135 τοῦ
3055 3081 3166 3136 ἄνω
3203 3099 3264 3136 τε
3312 3083 3406 3136 καὶ
3451 3084 3600 3138 κάτω
3644 3085 3780 3157 παρ.

500 3175 762 3228 deorsum
789 3178 846 3226 et
871 3179 1073 3242 praiter
1097 3173 1360 3227 meritum
1385 3174 1712 3244 plerumque
1745 3175 1936 3229 turbat
1973 3188 2094 3228 om—

499 3262 590 3320 nia
622 3280 634 3316 :
662 3277 790 3317 nam
816 3278 1141 3332 perversum
1183 3262 1469 3319 hominem
1493 3263 1835 3319 fortunatum
1870 3280 1935 3320 ac
1957 3266 2098 3322 divi-

504 3364 611 3411 tem
634 3355 821 3410 videre
847 3356 997 3421 licet,
1040 3363 1097 3410 et
1133 3356 1376 3411 vicissim
1417 3371 1795 3427 saepenumero
1836 3359 2092 3429 probum,

504 3453 558 3502 et
575 3449 806 3502 summis
821 3447 1080 3502 laudibus
1096 3447 1346 3518 dignum,
1375 3447 1432 3501 in
1459 3449 1757 3504 contrariis
1778 3449 1946 3506 rebus
1966 3467 2094 3506 ver-

505 3541 636 3595 sari.

570 3630 727 3685 CYR.
759 3629 1069 3685 Obscurum
1094 3639 1180 3685 est
1203 3631 1258 3685 id
1297 3630 1568 3700 profecto,
1593 3639 1648 3686 et
1672 3631 1907 3688 arduum
1939 3648 2092 3701 sane,

506 3721 733 3785 Palladi,
763 3721 930 3790 idque
955 3722 1331 3791 pervestigare
1367 3722 1529 3787 velle,
1558 3737 1681 3777 mea
1703 3724 1927 3792 quidem
1965 3741 2094 3781 sen-

507 3811 706 3876 tentia,
739 3809 996 3865 humana:
1020 3820 1232 3866 naturae
1275 3811 1501 3866 modum
1537 3813 1819 3883 egreditur
1842 3830 1906 3870 ac
1928 3830 2094 3886 supe-

509 3908 597 3954 rat
640 3919 653 3954 :
700 3900 906 3957 divinis
939 3901 1090 3956 enim
1115 3903 1337 3975 iudiciis
1378 3905 1686 3960 concedere
1725 3921 1951 3961 necesse
1987 3914 2090 3962 est.

507 3991 601 4056 Ac,
629 3991 902 4061 siquidem
928 4000 1076 4047 recte
1103 3994 1310 4048 sentire
1348 3995 1604 4062 velimus,
1647 3995 1749 4050 soli
1781 3995 1859 4049 illi
1899 4011 2093 4066 supre-

507 4100 609 4141 ma:
656 4091 712 4136 et
776 4083 1190 4153 incorruptibili
1235 4087 1407 4140 menti
1457 4085 1622 4157 hujus
1682 4086 2095 4157 gubernationis

504 4174 790 4229 scientiam
818 4175 1158 4244 tribuemus;
1188 4177 1257 4232 ad
1295 4193 1360 4232 ea
1386 4177 1569 4248 potius
1593 4194 1715 4249 quae
1738 4185 1866 4234 sunt
1895 4179 1954 4233 in
1973 4194 2092 4232 ma-

517 4263 683 4318 nibus
706 4279 1019 4334 pergemus,
1047 4281 1169 4335 quae
1207 4267 1373 4320 etiam
1399 4283 1525 4322 cum
1549 4268 1738 4323 labore
1765 4267 1858 4323 vix
1879 4285 1908 4323 a
1931 4267 2094 4323 nobis

503 4356 883 4423 inveniuntur,
924 4365 985 4412 ut
1019 4359 1319 4430 Scriptura:
1346 4360 1652 4415 tradunt”.
1680 4361 1808 4427 Sed,
1836 4364 1965 4433 quia
1992 4363 2092 4419 de-

503 4447 779 4502 fendenda
805 4455 908 4513 est,
935 4450 1152 4518 Opinor,
1193 4466 1223 4504 a
1250 4450 1432 4516 nobis,
1471 4452 1565 4507 ubi
1593 4453 1750 4508 locus
1773 4453 1953 4520 datur,
1979 4455 2097 4511 haec

507 4539 646 4593 ratio
683 4557 696 4592 :
740 4555 837 4609 age
878 4552 980 4594 nos
1014 4557 1232 4610 quoque
1271 4541 1336 4596 ad
1369 4542 1500 4597 illud
1545 4543 1848 4599 veniamus.
1887 4546 2098 4602 Vanam

507 4645 629 4687 esse
671 4631 834 4701 paulo
859 4639 985 4686 ante
1013 4632 1305 4703 impiorum
1337 4635 1623 4689 hominum
1654 4635 1973 4706 Opinionem
1998 4654 2091 4693 ar-

507 4722 826 4792 guebamus,
855 4739 979 4778 cum
1020 4723 1166 4778 haud
1197 4725 1392 4780 alienis
1433 4725 1969 4793 ratiocinationibus,
1997 4729 2094 4784 sed

499 4815 830 4870 necessariis
855 4815 1148 4870 sententiis
1193 4817 1613 4872 ostenderemus
1649 4817 1876 4873 humani
1919 4819 2090 4874 animi

508 4906 878 4975 gubernacula
926 4921 1036 4961 non
1084 4923 1254 4976 penes
1291 4906 1486 4963 Ortum
1538 4925 1690 4976 esse,
1746 4926 1926 4981 neque
1970 4911 2090 4966 Fati

509 4996 707 5051 durum
725 5007 783 5052 et
807 4998 1126 5054 inevitabile
1159 4999 1352 5070 jugum
1389 5001 1551 5056 nobis
1591 5003 1908 5072 impositum
1951 5004 2090 5060 :sed

510 5103 695 5143 rerum
728 5105 850 5158 quae
875 5091 1152 5146 electione
1175 5090 1312 5147 ﬁunt
1341 5101 1670 5163 potestatem
1702 5109 1871 5164 penes
1900 5095 2091 5152 unius-

511 5179 772 5250 cujusque
793 5181 1082 5238 arbitrium
1109 5201 1252 5251 esse,
1280 5185 1333 5240 in
1351 5186 1621 5257 nobisque
1645 5186 1779 5255 ipsis
1812 5187 2002 5253 situm,
2027 5198 2089 5244 ut

511 5272 872 5344 quodcunque
895 5275 1070 5330 visum
1096 5277 1284 5344 fuerit,
1323 5279 1503 5335 facere
1541 5278 1945 5349 aggrediamur,
1972 5282 2088 5337 sive

507 5367 640 5423 illud
674 5367 879 5423 bonum
927 5369 1020 5435 sit,
1066 5371 1183 5427 sive
1236 5375 1462 5428 malum.
1509 5373 1776 5444 Equidem
1805 5373 2088 5432 felicitatis

574 5523 621 5554 3°
656 5521 785 5592 Sap.
820 5538 896 5588 lx,
935 5523 1021 5579 16.

581 5678 658 5750 (l)
695 5678 784 5735 Sic
809 5681 929 5738 cod.
973 5680 1171 5763 \’atic_.;
1203 5681 1374 5753 codex
1403 5681 1613 5759 Sirle‘ti,
1660 5683 1750 5755 εῷ.

2197 3167 2355 3234 ἀξίαν
2397 3167 2509 3222 ἐσθ’
2561 3169 2670 3223 ὅτε.
2714 3170 3104 3242 Εὑημεροῦντα
3153 3172 3251 3242 μὲν
3299 3173 3408 3244 γάρ
3457 3176 3553 3227 καὶ
3605 3174 3779 3228 πλου-

2197 3262 2395 3317 τοῦντα
2435 3263 2527 3317 τὸν
2569 3261 2808 3333 πονηρὸν
2852 3263 3166 3334 καταθεῷτό
3210 3282 3294 3328 τις
3342 3264 3441 3329 ἂν,
3479 3265 3534 3318 ἐν
3568 3282 3632 3334 γε
3661 3267 3782 3330 τοῖς

2197 3354 2466 3418 ἐναντίοις
2505 3355 2768 3423 γεγονότα
2813 3353 3074 3418 πολλάκις
3108 3353 3200 3406 τὸν
3242 3355 3485 3425 ἐπιεικῆ,
3526 3356 3622 3408 καὶ
3665 3355 3782 3410 τῶν

2196 3445 2278 3510 εἰς
2300 3443 2455 3514 λῆξιν
2486 3444 2730 3515 ἡκόντων
2758 3445 2997 3499 ἐπαίνων
3018 3445 3258 3517 ἐμπλεω.

2269 3623 2432 3678 ΚΥΡ.
2465 3623 2813 3678 Δυσέποπτον
2852 3622 3068 3695 ἀληθῶς
3107 3626 3201 3678 καὶ
3230 3624 3549 3694 δυσέφικτον
3577 3623 3778 3700 κομιδῆ

2195 3716 2255 3772 τὸ
2298 3718 2488 3790 χρῆμά
2521 3720 2690 3784 ἐστιν,
2726 3711 2771 3770 ὦ
2809 3717 3104 3784 Παλλάδιε,
3135 3718 3229 3772 καὶ
3267 3717 3330 3771 τὸ
3371 3719 3529 3772 ταυτὶ
3563 3719 3628 3789 δὴ
3658 3719 3786 3791 βοῦο

2196 3809 2386 3864 λεσθαι
2435 3810 2916 3882 πολυπραγμονεῖν
2977 3809 3141 3880 φαίην
3195 3809 3262 3864 ἂν
3305 3810 3481 3880 ἔγωγε
3527 3810 3639 3864 τῶν
3677 3811 3784 3884 τῆς

2195 3901 2614 3973 ἀνθρωπότητος
2661 3900 2878 3972 μέτρων
2929 3901 3188 3955 ἐπέκεινά
3234 3920 3294 3956 τε
3346 3904 3442 3957 καὶ
3489 3905 3778 3961 ἀνωτάτω.

2195 3991 2372 4056 Θείοις
2427 3992 2536 4064 γὰρ
2594 3993 2827 4064 κρίμασι
2891 3995 3244 4065 παραχωρεῖν
3307 3995 3624 4063 ἀναγκαῖονο
3681 3997 3784 4050 καὶ

2195 4083 2356 4154 εἴπερ
2400 4083 2656 4155 ἑλοίμεθα
2701 4088 2917 4156 φρονεῖν
2945 4085 3152 4157 ὀρθῶς,
3202 4085 3347 4156 μόνῳ
3390 4087 3477 4158 δὴ,
3508 4088 3656 4160 μόνῳ
3700 4089 3784 4160 τῷ

2196 4175 2487 4248 ὑπερτάτῳ
2529 4177 2624 4230 καὶ
2667 4177 2930 4249 ἀκηράτῳ
2967 4177 3042 4249 νῷ
3073 4179 3151 4250 (1)
3183 4177 3284 4248 τῆς
3311 4180 3624 4250 οἰκονομίας
3679 4181 3784 4252 τὴν

2195 4268 2395 4336 γνῶσιν
2419 4269 2773 4335 ἀνάπτοντες,
2788 4268 2924 4341 πρὸς
2937 4271 3004 4323 τά
3021 4273 3078 4324 ὲν
3094 4288 3154 4342 χε
3164 4271 3249 4343 ρσὶ
3268 4271 3615 4343 βαδιούμεθα,
3630 4273 3668 4326 ἃ
3686 4275 3784 4328 καὶ

2200 4359 2297 4414 σὺν
2345 4358 2436 4432 βίᾳ
2487 4359 2639 4432 μόλις
2695 4362 2831 4433 πρὸς
2880 4363 3035 4432 ἡμῶν
3080 4361 3430 4434 εὑρίσκεται,
3488 4365 3629 4419 κατά
3678 4365 3784 4429 τὰς

2199 4451 2444 4523 Γραφάς.
2488 4452 2707 4526 Ἐπειδὴ
2752 4453 2808 4506 δὲ
2859 4449 3012 4524 οἶμαι
3056 4454 3166 4507 δεῖν
3210 4454 3350 4508 κατά
3391 4456 3452 4508 τὸ
3498 4456 3782 4527 ἐγχωροῦν

2195 4544 2497 4614 ἐπαμύνειν
2549 4545 2697 4616 ἡμᾶς
2759 4544 2837 4616 τῷ
2898 4546 3076 4617 λόγῳ,
3127 4547 3260 4618 φέρε
3317 4548 3413 4600 καὶ
3464 4549 3631 4619 ἡμεῖς
3688 4549 3782 4602 ἐπ’

2193 4631 2372 4688 ἐκεῖνο
2416 4636 2604 4708 ἴωμεν.
2655 4636 2861 4690 ’Έωλον
2892 4637 3094 4708 ἀρτίως
3137 4638 3247 4691 τῶν
3287 4638 3465 4692 ἀθέων
3495 4640 3591 4710 τὴν
3618 4640 3785 4706 δόξαν

2192 4727 2606 4800 ἀπηλέγχομεν,
2626 4729 2727 4782 οὐκ
2748 4727 3064 4799 ἐξαγωνίοις
3083 4729 3160 4803 (Ξ)
3183 4728 3456 4801 χρώμενοι
3477 4731 3784 4803 λογισμοῖς,

2197 4820 2312 4875 ἀλλ’
2367 4821 2427 4888 ἐξ
2485 4821 2802 4890 ἀναγκαίων
2846 4821 3068 4876 ἐννοιῶν
3099 4822 3512 4892 ἀποφαίνοντες,
3563 4827 3643 4879 ὅτι
3679 4829 3786 4898 τῆς

2198 4910 2487 4982 ἀνθρώπου
2547 4913 2788 4976 διανοίας
2843 4914 2906 4967 οὐ
2954 4913 3167 4982 γένεσις
3213 4914 3327 4985 ἔχει
3383 4916 3511 4980 τοὺς
3561 4917 3784 4984 οἴακας,

2199 5001 2313 5059 ἀλλ’
2347 5004 2454 5058 οὐδ’
2487 5005 2844 5076 Εἱμαρμένης
2881 5005 3013 5075 ἡμῖν
3057 5007 3291 5077 σκληρός
3319 5023 3378 5060 τε
3422 5008 3517 5060 καὶ
3563 5007 3783 5062 δυσδιά-

2197 5116 2400 5168 φυκτος
2457 5099 2786 5175 ὲπέρῤιπται
2832 5096 3030 5168 ζυγὸς,
3081 5099 3196 5153 ἀλλ’
3241 5099 3324 5153 ὃτι
3363 5099 3532 5170 κυρία
3563 5099 3673 5153 τῶν
3724 5102 3785 5154 ὲν

2197 5192 2406 5262 αἱρέσει
2437 5192 2728 5262 πρακτέων
2759 5194 2792 5260 ἡ
2834 5193 3066 5246 ἑκάστου
3116 5191 3340 5264 γνώμη,
3387 5193 3482 5246 καὶ
3521 5194 3608 5263 ἐφ’
3644 5195 3786 5264 ἡμῖν

2195 5285 2381 5345 αὐτοῖς
2406 5284 2468 5337 τὸ
2502 5284 2721 5338 ἑλέσθαι
2754 5284 2887 5357 δρᾷν
2915 5284 2976 5338 τὺ
2999 5284 3222 5354 δοκοῦν,
3264 5284 3363 5338 εἰτ’
3393 5285 3632 5354 ἀγαθὸν,
3663 5285 3788 5339 εἴτε

2197 5373 2419 5445 φαῦλον.
2463 5374 2956 5447 Καταλογισαίμην
2984 5375 3094 5447 γάρ
3134 5375 3308 5446 έγωγε
3341 5375 3442 5448 τῆς
3472 5375 3786 5447 εὐημερίας

2268 5681 2346 5754 (2)
2383 5683 2678 5756 chebatui
2712 5685 2809 5755 οὐχ
2842 5685 2990 5751 ὲξαγ.
