3966 6298
205 334 296 389 .557
919 325 1009 382 DE
1044 322 1488 381 ADORATIONE
1527 323 1593 377 ΙΝ
1638 321 1904 377 SPiltlTli
1949 322 2035 376 ΕΤ
2082 322 2445 376 VlilliTA'l'l'l.
2493 323 2620 377 LIB.
2663 324 2748 377 Vl.

3360 320 3464 375 458

206 449 320 510 τοὺς
350 443 586 515 τρόπους
635 441 778 495 κατά
812 457 873 511 γε
904 442 966 495 τὸ
1001 442 1114 505 τοῖς
1148 442 1313 512 ἱεροῖς
1345 440 1671 511 Γράμμασιν
1713 436 1770 492 εὖ

1885 453 2098 507 genera,
2124 447 2182 490 ut
2208 452 2373 490 sacrm
2399 436 2621 490 Litterae
2644 436 2971 506 approbant,
2999 452 3107 491 non
3125 438 3180 491 in
3207 436 3275 493 iis
3299 436 3463 490 rebus

203 542 336 611 ἔχειν
366 535 773 606 ὑπειλημμένον
796 574 809 598 ,
841 536 941 588 οὑκ
966 535 1023 587 ἐν
1052 528 1133 596 οἷς
1167 534 1226 585 τὸ
1254 532 1505 603 βδελυρὸν
1533 532 1625 585 καὶ
1653 533 1775 602 γήϊ-

205 649 286 688 νον
311 630 372 702 δὴ
410 630 561 683 τουτὶ
601 628 852 699 σπαταλᾷ
887 628 1145 698 σαρκίον,
1177 625 1294 679 ἀλλ’
1324 627 1408 694 ἐφ’
1449 618 1530 688 οἷς
1576 624 1643 679 ἂν
1683 625 1774 693 γέ-

197 742 334 780 νοιτο
370 724 470 795 τῆς
520 721 742 777 αἰωνίου
797 721 943 792 ζωῆς
992 718 1321 791 μεταλαχεῖν
1367 717 1628 772 δύνασθαι
1677 717 1774 789 τὴν

208 817 334 891 ὑπὲρ
372 815 534 887 σῶμα
572 814 769 886 ψυχήν·
802 809 911 867 εἷεν
940 814 983 867 δ’
1006 813 1093 878 ἂν,
1138 811 1315 884 οἶμαι,
1358 811 1545 876 ταυτὶ,
1587 813 1655 865 τὰ
1695 812 1775 875 εἰς

206 908 393 984 ἀρετὴν
425 908 817 980 σπουδάσματα
838 946 851 971 ,
880 907 974 960 καὶ
1003 908 1038 978 ἡ
1069 908 1127 959 ὲν
1162 905 1345 959 πίστει
1374 922 1433 958 τε
1464 904 1559 958 καὶ
1592 903 1775 975 ἔργοις

207 1001 537 1074 λαμπρότης.
584 999 649 1052 Εἰ
708 999 807 1070 μὲν
855 994 946 1052 οὖν
991 1000 1053 1051 οὑ
1111 997 1332 1066 μέτεστι
1376 999 1492 1060 τοῖς
1532 996 1777 1050 ἐθέλουσι

194 1088 515 1165 σωφρονεῖν,
545 1089 647 1144 κᾶν
687 1089 736 1143 εί
768 1087 962 1159 φαῦλοί
993 1104 1137 1151 τινες
1165 1082 1296 1151 εἷεν,
1328 1085 1425 1140 εἶτ’
1459 1081 1551 1139 οὖν
1584 1084 1777 1153 ἀγαθοὶ

203 1185 320 1248 τοὺς
358 1182 593 1254 τρόπους
616 1221 632 1247 ,
668 1180 912 1253 ἡκόντων
952 1180 1032 1242 είς
1074 1179 1240 1250 μέσον
1286 1181 1336 1233 οἱ
1386 1177 1772 1247 διελέγξοντες.

202 1277 260 1329 El
289 1274 343 1328 δὲ
375 1275 432 1328 ἐν
460 1273 673 1346 αἱρέσει
704 1272 960 1344 κειμένου
987 1272 1081 1325 τοῦ
1121 1269 1420 1344 κατορθοῦν
1455 1270 1773 1340 ἐλευθέρως,

206 1365 238 1418 ἃ
268 1364 333 1418 ἂν
363 1362 609 1435 βούλοιτό
636 1380 750 1428 τις,
788 1362 882 1417 καὶ
921 1363 1039 1416 ὲνὸν
1073 1362 1244 1416 ἅπασι
1279 1362 1396 1432 μετ’
1431 1360 1678 1427 ἐξουσίας
1716 1359 1777 1411 τὸ

202 1455 490 1527 εὐημερεῖν
519 1454 737 1509 ἑλέσθαι
769 1454 1177 1536 πνευματικῶς,
1206 1454 1418 1515 καὶτῆς
1439 1450 1645 1507 ἄνωθεν
1665 1470 1671 1478 ’
1689 1450 1779 1503 εὑ-

204 1546 381 1611 κλείας
419 1549 477 1601 ὲν
509 1549 608 1620 ῐσῳ
641 1549 967 1621 μεταλαχείν
988 1589 1003 1611 ,
1036 1547 1422 1603 πλεονεκτοῦσι
1449 1564 1615 1611 τινες,
1648 1547 1681 1617 ἢ
1720 1546 1777 1598 ὲν

203 1633 412 1706 πλούτῳ
445 1636 545 1700 τὰς
579 1637 876 1709 ὑπεροχὰς,
902 1639 937 1710 ἢ
963 1640 1021 1693 ὲν
1040 1637 1308 1711 δοξαρίοις
1342 1638 1555 1710 ἔχοντες
1587 1653 1779 1707 κοσμι-

202 1727 345 1787 κοῖςο
383 1724 461 1797 μὴ
508 1726 671 1782 τοῦτο
722 1730 872 1800 ἡμᾶς
912 1730 1051 1801 πρὸς
1096 1729 1294 1794 ἀθέους
1341 1730 1495 1794 τινὰς
1541 1733 1634 1783 καὶ
1680 1730 1780 1800 τῆς

1849 529 2190 584 'collocanda
2238 538 2390 598 puto,
2448 529 2729 598 inquibus
2760 528 2938 598 turpis
2979 530 3096 584 haec
3141 539 3197 584 et
3243 541 3460 586 terrena

1877 634 2006 673 caro
2036 619 2252 674 lascivit
2280 637 2292 672 :
2320 620 2413 674 sed
2458 619 2512 673 in
2550 619 2639 683 iis.
2665 635 2765 689 per
2784 634 2906 689 qua:
2941 619 3178 685 animus,
3206 620 3300 691 qui
3336 636 3456 676 cor-

1875 724 2011 779 pore
2040 709 2279 764 nobilior
2310 720 2415 773 est,
2444 709 2822 778 consequitur,
2858 717 2920 762 ut
2954 709 3194 764 caelestis
3224 710 3351 765 vita;
3393 710 3465 766 sit

1878 803 2154 872 particeps
2180 820 2191 854 :
2221 802 2335 857 hare
2358 810 2541 856 autem
2568 811 2718 867 sunt,
2749 809 2810 855 ut
2832 801 3049 872 opinor,
3080 802 3328 871 impensa
3353 804 3463 858 vir-

1881 895 1981 949 tuti
2012 895 2215 960 studia,
2242 903 2297 948 et
2327 893 2453 949 ﬁdei
2494 894 2873 965 factorumque
2900 894 3140 949 claritas.
3193 892 3250 950 Si
3300 894 3466 965 igitur

1877 986 2194 1041 volentibus
2228 994 2598 1055 temperanter
2623 987 2810 1041 vivere
2836 1001 2944 1039 non
2979 986 3128 1051 licet,
3167 986 3325 1057 203
3351 988 3467 1042 sive

1880 1079 1956 1133 illi
1983 1079 2143 1134 malis
2174 1080 2443 1143 moribus,
2472 1079 2586 1134 sive
2614 1078 2776 1137 bonis
2800 1077 3014 1148 praediti
3057 1079 3199 1143 sint;
3242 1078 3467 1134 veniant

1879 1174 1935 1227 in
1959 1168 2224 1236 medium,
2253 1173 2347 1243 qui
2375 1172 2428 1227 id
2447 1173 2797 1227 cuuvincant.
2829 1171 2947 1237 Sin,
2976 1172 3228 1242 quamvis
3262 1172 3319 1227 in
3350 1173 3464 1228 ele-

1878 1266 2060 1322 ctione
2088 1265 2160 1320 sit
2183 1265 2446 1334 positum,
2482 1273 2539 1320 ut
2560 1281 2681 1336 qua:
2704 1266 2939 1335 quisque
2966 1266 3117 1324 velit.
3144 1265 3318 1322 libere
3345 1281 3467 1335 per-

1880 1356 2062 1424 ﬁciat;
2090 1366 2147 1411 et
2176 1357 2434 1412 erunibus
2484 1358 2556 1412 sit
2583 1366 2861 1429 potestas,
2912 1358 3160 1413 velintne
3195 1359 3464 1430 spirituali

1878 1446 2141 1503 felicitate
2170 1448 2398 1518 pollere,
2426 1457 2482 1502 et
2504 1464 2799 1518 supernam
2818 1449 3047 1520 gloriam
3065 1466 3133 1504 ex
3154 1465 3312 1521 mque
3337 1466 3465 1522 par-

1880 1539 2141 1611 ticipare;
2190 1548 2374 1596 tamen
2417 1542 2668 1597 nonnulli
2713 1543 2839 1613 plus
2869 1536 3109 1598 habendi
3153 1544 3323 1608 avidi,
3378 1545 3469 1600 vel

1880 1634 2078 1705 opibus
2101 1636 2398 1701 excellunt,
2434 1637 2520 1691 vel
2562 1636 2841 1692 mundana
2865 1637 3115 1708 gloriola,
3157 1654 3266 1693 non
3302 1638 3470 1695 debet

1882 1742 1984 1781 nos
2001 1742 2066 1782 ea
2088 1742 2177 1781 res
2202 1727 2270 1781 ad
2299 1728 2499 1798 impias
2527 1730 2813 1799 quasdam,
2839 1738 2895 1784 et
2919 1745 2949 1784 a
2986 1745 3115 1784 vera
3152 1730 3469 1801 cognitione

199 1792 460 1888 ἀληθοὺς⁷
493 1792 776 1890 γνώσεως-
812 1792 1329 1896 ὲκμεμογλευμένας
1392 1792 1778 1894 ἀποκομιζέτω

1885 1826 2124 1874 remotas
2152 1819 2441 1887 opiniones
2463 1820 2760 1885 abducere,
2792 1830 2852 1875 ut
2878 1821 3134 1877 humanis
3156 1822 3321 1879 rebus
3346 1838 3467 1878 esse

198 1908 371 1974 δόξας,
404 1910 482 1975 ὡς
514 1912 724 1969 οἴεσθαι
754 1917 867 1979 τοῖς
910 1915 1034 1970 καθ’
1073 1918 1248 1987 ἡμᾶς,
1282 1917 1642 1987 Εἱμαρμένης
1684 1916 1780 1969 καὶ

198 2000 378 2072 Τύχης
429 2004 804 2058 ἑπιτεθεῑσθαι
866 2004 1054 2074 ζυγόν.
1116 2006 1275 2059 Ἀλλὰ
1325 2006 1624 2077 γραφέσθω
1680 2007 1779 2077 μέν

194 2117 301 2168 τις,
347 2099 402 2152 εί
445 2096 734 2167 βούλεται,
778 2097 888 2153 τῶν
942 2101 999 2152 ὲν
1055 2099 1271 2171 πλούτῳ
1316 2101 1417 2163 τὰς
1467 2098 1779 2164 πλεονεξίας

198 2190 322 2246 ἴδιον
376 2189 574 2260 ὥσπερ
612 2190 998 2261 πεποιημένων
1035 2190 1272 2259 ἀγαθὸν,
1310 2193 1370 2244 τὺ
1411 2193 1545 2246 πᾶσι
1580 2192 1778 2255 κοινὸν,

197 2285 243 2338 εί
285 2283 454 2353 λόγος
491 2282 638 2353 ἀπῆν
681 2285 710 2336 ό
756 2282 1095 2350 πλεονεξίας.
1145 2283 1683 2357 Πολυπραγμονείτω
1726 2286 1781 2338 δὲ

202 2374 403 2447 μᾶλλον
446 2373 542 2427 τοῦ
590 2375 953 2445 πεποιηκότος
987 2376 1087 2445 τὴν
1140 2376 1415 2447 βούλησιν·
1445 2379 1503 2429 ἐν
1544 2380 1632 2448 is};
1673 2377 1781 2449 γὰρ

198 2462 341 2532 τάξει
388 2466 462 2520 τὰ
495 2466 620 2520 καθ’
665 2468 814 2538 ἡμᾶς
860 2469 1266 2538 οίκονομεῖσθαί
1319 2488 1378 2523 τε
1424 2471 1518 2524 καὶ
1552 2472 1780 2544 ὁρᾶσθαι

198 2559 383 2626 θέλων,
421 2558 701 2623 πλουσίοις
747 2559 849 2629 μὲν
894 2561 1273 2631 παραγγέλλει
1316 2561 1406 2615 τὸν
1450 2563 1782 2633 συναχθέντα

197 2650 423 2705 πλοῦτον
472 2652 578 2705 ἀπε
590 2651 834 2722 μπολᾷν,
888 2653 983 2707 καὶ
1021 2656 1144 2716 ταῖς
1195 2653 1305 2707 τῶν
1346 2655 1780 2725 πτωχευομένων

196 2742 472 2816 διανέμειν
495 2742 728 2815 χρείαις,
746 2742 905 2815 δόξης
932 2744 991 2797 ὑὲ
1012 2744 1107 2798 καὶ
1136 2745 1409 2818 ὑπεροχῆς
1431 2746 1532 2800 οὑκ
1562 2746 1781 2817 ἐφίησιν

198 2835 344 2907 ὶρᾷν.
384 2836 515 2888 Ὅτι
564 2834 620 2888 δὲ
661 2834 761 2906 τὴν
816 2834 1036 2906 ἰσότητα
1078 2838 1191 2900 τοῖς
1242 2837 1336 2891 ἐπὶ
1384 2836 1489 2907 γῆς
1523 2837 1783 2909 βραϐεύει

199 2926 346 2994 Θεὸς,
378 2927 619 2998 χαλεπὸν
648 2925 799 2982 οὐδὲν
828 2928 1058 2982 συνιδεῖν
1083 2929 1177 2982 καὶ
1215 2928 1275 2995 ἐξ
1305 2930 1475 3000 αὐτῆς
1505 2931 1655 3002 ἡμᾶς
1682 2932 1782 3002 τῆς

195 3018 282 3072 τοῦ
314 3020 575 3091 σώματος
602 3020 970 3091 κατασκευῆς.
1007 3020 1082 3074 Οὑ
1104 3019 1215 3093 γὰρ
1243 3016 1382 3075 οἶδεν
1410 3024 1444 3093 ὴ
1476 3021 1660 3091 φύσις,
1690 3022 1783 3075 τὸν

196 3111 250 3164 ὲν
292 3111 456 3184 πενίᾳ
493 3112 589 3165 καὶ
637 3111 888 3183 πλούτῳ,
931 3112 1023 3165 τὸν
1071 3113 1308 3184 δυσγενῆ
1358 3114 1454 3167 καὶ
1504 3113 1777 3185 λαμπρὸν,
1808 3144 1851 3201 C

194 3204 280 3257 τὸν
308 3206 517 3275 εὐγενῆ
558 3205 651 3258 καὶ
685 3205 1124 3277 κατεῤῥιμμένον
1144 3242 1160 3270 ,
1196 3206 1289 3259 καί¹
1330 3206 1420 3259 τὸν
1462 3208 1521 3259 ὲν
1549 3205 1679 3278 δόξῃ
1710 3207 1777 3276 τῇ

196 3296 333 3350 κατὰ
362 3297 520 3352 τόνδε
565 3296 658 3350 τὸν
703 3295 838 3367 βίον*
874 3296 990 3351 ἀλλ’
1037 3296 1126 3368 ἴση
1160 3296 1248 3351 διὰ
1277 3298 1496 3352 πάντων
1521 3300 1775 3369 ἀπροσω-

194 3388 483 3461 πολήπτως
516 3389 772 3461 ἔρχεται,
808 3394 923 3455 τοῖς
962 3391 1147 3455 αὑτοῖς
1184 3390 1526 3446 ἀποτελοῦσα
1572 3392 1779 3463 μορίοις

194 3479 420 3534 ἕκαστον
456 3483 544 3543 εἰς
590 3462 669 3534 τὸ.
696 3480 900 3553 ἀρτίως
951 3479 1073 3551 ἔχον
1121 3481 1310 3553 σχῆμά
1345 3498 1405 3534 τε
1435 3482 1531 3535 καὶ
1562 3462 1777 3545 κάλλος·

194 3572 283 3625 καὶ
312 3572 413 3642 μία
455 3571 565 3644 μὲν
584 3571 701 3635 ὁδὸς
724 3574 758 3644 ἡ
784 3572 1003 3626 πάντων
1035 3575 1113 3636 εἰς
1135 3573 1370 3642 γένεσιν,
1409 3573 1508 3643 μία
1544 3573 1601 3626 δὲ
1634 3572 1782 3643 ζωῆς

194 3661 484 3730 ἀπόθεσις,
531 3664 593 3716 οὑ
627 3663 717 3716 τὸν
752 3663 853 3734 μὲν
897 3665 1111 3717 ἀνιεῖσα
1158 3663 1391 3735 βρόχων,
1421 3664 1512 3716 τὸν
1554 3664 1612 3718 δὲ
1651 3663 1781 3717 εἴσω

194 3754 491 3828 ποιουμένη
544 3754 727 3826 τυχὸν,
771 3755 908 3809 ἀλλὰ
955 3755 1190 3829 σκληρόν
1236 3772 1295 3808 τε
1333 3753 1426 3808 καὶ
1468 3754 1782 3826 ἀνεξίτητον

196 3848 357 3901 παντὶ
395 3848 479 3921 τῷ
514 3848 874 3920 πεποιημένῳ
910 3849 971 3902 τὸ
1001 3850 1153 3912 τέλος
1183 3850 1483 3918 ἐπάγουσα.
1508 3844 1635 3919 Ἆρ’
1667 3845 1780 3914 οὖν,

197 3940 311 3993 είπέ
337 3958 450 4010 μοι,
494 3940 874 3995 δυσκάτοπτον
904 3939 1005 4006 έτι,
1052 3939 1253 4012 μᾶλλον
1283 3940 1341 3994 δὲ
1367 3942 1488 4012 οὐχὶ
1517 3943 1676 3996 παντί
1704 3959 1783 4013 τῳ

199 4031 377 4088 λοιπὸν
411 4034 683 4106 ἐναργὲς,
714 4034 797 4088 ὅτι
836 4034 934 4105 τῆς
980 4033 1130 4097 θείας
1176 4032 1373 4105 βουλῆς
1400 4037 1428 4087 ὁ
1464 4035 1686 4099 σκοπὸς,
1722 4036 1783 4087 τὸ

197 4124 251 4176 ὲν
281 4125 492 4196 ἰσότητι
544 4123 646 4199 ζῇν
672 4127 797 4187 τοὺς
825 4126 917 4178 ἐπὶ
945 4126 1084 4197 γῆς;
1119 4126 1321 4179 Ἀκουε
1344 4126 1403 4179 δὲ
1432 4127 1702 4196 λέγοντος,
1733 4128 1782 4180 εί

198 4213 357 4283 δοκεῖ,
386 4218 484 4272 καὶ
527 4217 600 4270 δι’
636 4218 754 4282 ἐνὸς
793 4217 902 4271 τῶν
947 4218 1265 4291 προφητῶν·
1297 4239 1315 4271 ι
1346 4220 1485 4291 Οὑχὶ
1528 4219 1659 4285 Θεὸς
1703 4215 1783 4284 εἷς

193 4307 401 4365 ἔκτισεν
443 4311 646 4383 ὴμᾶςς
689 4310 814 4381 οὐχὶ
863 4311 1055 4383 Πατὴρ
1101 4305 1181 4376 εἷς
1228 4311 1446 4366 πάντων
1488 4313 1683 4385 ἡμῶνς
1733 4314 1784 4366 τί

193 4401 590 4470 δγκατελίπετε
618 4402 850 4465 ἕκαστος
891 4403 984 4457 τὸν
1012 4403 1238 4474 ἀδελφὸν
1271 4404 1472 4471 autat");
1515 4423 1534 4457 ι
1569 4404 1782 4458 Οὑκοῦν

1882 1907 1996 1963 Fati
2020 1923 2086 1962 ac
2112 1906 2569 1980 Fortunaejugum
2593 1910 2909 1980 impositum
2934 1921 3212 1981 putemus.
3242 1911 3349 1968 Sed
3374 1929 3466 1969 ac—

1883 2009 2057 2069 cuset,
2079 2003 2125 2059 si
2154 2004 2243 2060 cui
2268 2004 2465 2073 placet,
2491 2005 2725 2060 divitum
2764 2007 3143 2076 cupiditatem,
3181 2010 3297 2079 qui,
3319 2011 3466 2079 quod

1883 2107 1968 2153 est
1994 2097 2254 2152 onmibus
2286 2113 2599 2164 commune,
2623 2099 2669 2152 si
2700 2099 2841 2153 ratio
2873 2100 3190 2170 cupiditatis
3229 2103 3465 2167 abesset,

1884 2195 2144 2258 tanquam
2185 2189 2471 2259 proprium
2520 2188 2626 2244 sibi
2669 2199 2945 2261 arrogant.
2993 2191 3259 2261 Exquirat
3286 2194 3470 2264 potius

1883 2279 2199 2336 Conditoris
2227 2283 2710 2353 voluntatem,qui,
2735 2299 2861 2338 cum
2887 2299 2978 2339 res
2994 2285 3262 2341 humanas
3283 2303 3469 2357 aequa-

1885 2366 1981 2421 bili
2021 2368 2215 2423 ordine
2251 2378 2308 2424 et
2336 2371 2623 2439 procurari
2652 2379 2709 2424 et
2744 2373 2980 2442 spectari
3013 2373 3164 2439 velit,
3204 2374 3471 2429 divitibus

1883 2460 2105 2529 quidem
2154 2462 2403 2532 prtecipit
2458 2462 2716 2517 collectas
2757 2480 2891 2535 opes
2939 2466 3269 2533 distrahere,
3316 2478 3372 2523 et
3413 2466 3468 2522 in

1883 2567 2187 2621 pauperum
2223 2568 2356 2607 usus
2389 2554 2746 2621 distribuere,
2790 2556 3018 2626 gloriam
3051 2574 3183 2613 vero
3219 2574 3283 2613 ac
3328 2575 3469 2630 prte-

1884 2644 2138 2697 stantiam
2161 2644 2416 2700 adamare
2440 2662 2551 2701 non
2574 2647 2861 2717 permittit.
2895 2647 3226 2705 Hominibus
3261 2661 3468 2718 autem,

1884 2733 1980 2803 qui
2010 2743 2304 2789 versantur
2332 2734 2388 2789 in
2424 2738 2996 2807 terris,aequalitatcm
3026 2755 3056 2794 a
3082 2741 3469 2812 Deolimseri-

1883 2828 1962 2892 bi,
1998 2827 2145 2882 haud
2167 2827 2385 2883 diilicilc
2424 2837 2528 2895 est,
2572 2845 2641 2884 ex
2691 2831 2808 2901 ipsa
2841 2833 3007 2887 etiam
3043 2835 3293 2906 corporis
3334 2851 3469 2891 eon-

1884 2920 2171 2976 stitutione
2202 2922 2536 2991 perspicere.
2562 2921 2751 2992 Neque
2791 2924 2942 2979 enim
2979 2929 3228 2996 agnoscit
3274 2934 3469 2984 natura

1883 3030 2181 3085 pauperem
2233 3032 2299 3071 ac
2348 3015 2596 3079 divitem,
2649 3031 2759 3071 non
2792 3017 3086 3088 ignobilem
3132 3014 3187 3073 et
3236 3020 3468 3085 clarum.

1884 3106 2130 3163 nobilem
2162 3116 2219 3161 et
2253 3107 2553 3179 abjeetum,
2590 3114 2647 3161 et
2686 3107 2851 3178 hujus
2875 3110 3073 3166 mundi
3110 3111 3284 3181 gloria
3305 3128 3469 3167 orna-

1887 3209 2033 3265 tum;
2065 3200 2161 3254 sed
2200 3214 2502 3269 perornues
2527 3199 2813 3269 mquabilis
2834 3200 2952 3255 sine
2995 3206 3315 3271 acceptione
3342 3220 3473 3274 per-

1886 3305 2146 3345 sonarum
2170 3289 2395 3354 incedit,
2416 3290 2720 3360 iisdemque
2738 3291 3003 3345 membris
3024 3292 3258 3347 absolvit
3277 3310 3470 3364 quem-

1886 3399 1994 3454 que
2032 3383 2101 3437 ad
2144 3382 2418 3452 espletam
2461 3382 2650 3451 ﬁgura:
2683 3382 3228 3454 pulchritudinisque
3286 3389 3467 3456 perfe-

1888 3474 2160 3531 ctionem:
2186 3490 2295 3529 una
2324 3482 2411 3528 est
2432 3474 2598 3529 etiam
2615 3474 2878 3529 erunibus
2899 3475 2967 3529 ad
2993 3484 3175 3530 ortum
3201 3478 3306 3541 via,
3329 3494 3473 3533 unus

1888 3582 2147 3623 excessus
2171 3580 2202 3619 e
2225 3566 2366 3631 vita;
2396 3582 2507 3621 non
2527 3564 2697 3620 alium
2722 3582 2753 3622 e
2776 3567 2988 3637 laqueis
3012 3568 3264 3633 absolvit,
3302 3572 3470 3627 aiium

1889 3658 2164 3714 irretitum
2194 3666 2343 3713 tenet
2369 3677 2382 3711 :
2419 3658 2614 3712 duram
2650 3675 2782 3713 vero
2811 3668 2868 3713 et
2890 3659 3264 3717 inevitabilem
3292 3667 3471 3719 enmi-

1891 3751 2015 3817 bus,
2060 3768 2182 3822 quae
2210 3751 2432 3806 condita
2488 3760 2636 3815 sunt,
2687 3750 2809 3806 ﬁnis
2855 3754 3244 3809 necessitatem
3291 3758 3470 3813 ailcrt.

1889 3844 2033 3899 Num
2058 3843 2246 3914 igitur,
2272 3860 2459 3914 quaeso
2500 3852 2575 3909 te,
2599 3844 2898 3899 obscurum
2938 3855 3022 3901 est
3047 3847 3247 3914 adhuc,
3278 3866 3344 3904 an
3372 3867 3471 3922 po-

1892 3935 2003 3991 tius
2027 3936 2203 3991 cuivis
2247 3936 2621 4002 manifestum,
2663 3952 2785 3993 esse
2812 3937 3013 3993 divina:
3048 3941 3317 3997 voluntati
3345 3960 3470 4013 pro-

1890 4028 2151 4098 positum,
2182 4035 2243 4081 ut
2268 4028 2541 4093 homines,
2565 4029 2661 4098 qui
2691 4029 2749 4083 in
2772 4032 2937 4086 terris
2979 4032 3206 4103 degunt,
3246 4037 3471 4103 aequali-

1892 4130 1975 4177 ter
2006 4121 2193 4176 vivant
2212 4120 2235 4173 ?
2251 4119 2357 4176 Sed
2380 4121 2510 4175 audi
2538 4120 2720 4175 adhuc
2740 4123 3016 4189 eumdem,
3038 4125 3083 4178 si
3104 4125 3340 4186 videtur,
3378 4142 3473 4194 per

1890 4214 2185 4286 quemdam
2228 4229 2259 4267 e
2314 4213 2600 4283 prophetis
2640 4213 2914 4269 dicentem
2955 4233 2967 4267 :
3015 4236 3033 4266 ι
3087 4217 3280 4271 Nonne
3332 4219 3475 4273 Deus

1892 4320 2038 4359 unus
2063 4302 2270 4359 creavit
2305 4304 2447 4357 "08?
2476 4318 2661 4357 nonne
2678 4320 2821 4359 unus
2836 4312 2922 4359 ρει
2953 4306 3201 4360 omnium
3225 4317 3472 4363 IIOSll'Ullt

1894 4392 2076 4447 Pater?
2096 4408 2195 4445 cur
2211 4390 2509 4462 reliquistis
2531 4393 2911 4464 unusquisque
2938 4394 3161 4451 fratrem
3181 4412 3340 4452 suum
3356 4402 3399 4430 ³⁸
3419 4404 3469 4453 2’»

190 4494 235 4543 εί
258 4494 322 4547 τὸ
340 4495 418 4567 τῷ
440 4498 781 4570 πεποιηκότι
804 4496 995 4552 δοκοῦν
1018 4497 1358 4571 παραλύουσί
1384 4515 1548 4563 τινες,
1573 4497 1780 4552 ὲθελοὺ‹

1895 4484 1950 4539 Si
1982 4484 2075 4553 qui
2105 4485 2272 4555 igitur
2305 4483 2625 4541 Conditoris
2664 4486 2870 4556 placita
2902 4489 3133 4555 violant,
3183 4492 3329 4562 quod
3376 4509 3475 4547 vo-

194 4599 302 4638 σιον
326 4586 558 4659 ἔχοντες
596 4590 681 4660 ἐφ’
710 4590 850 4661 ὅπερ
878 4588 945 4643 ἂν
978 4590 1184 4645 ἕλοιντο
1213 4591 1323 4643 τῶν
1364 4589 1657 4661 πρακτέων
1687 4590 1787 4654 τὴν

194 4680 362 4752 ῥοπὴν
386 4682 688 4755 (τετίμηκε
719 4684 830 4757 γὰρ
858 4683 1141 4757 ἐλευθερίᾳ
1160 4684 1259 4755 τὴν
1285 4685 1448 4754 φύσιν
1469 4684 1499 4736 ό
1523 4686 1786 4755 Δημιουρε

189 4768 324 4844 τὸς).
355 4774 518 4829 οὐδὲν
555 4775 697 4847 πρὸς
729 4778 821 4832 τὸν
858 4777 1038 4848 λόγον,
1070 4778 1193 4831 ἐπεί
1219 4794 1304 4831 τοι
1331 4778 1428 4832 καὶ
1466 4778 1647 4847 νόμων
1677 4776 1785 4827 τῶν

189 4865 305 4935 καθ’
326 4867 484 4937 ἡμᾶς
510 4869 828 4942 ὑπερορῶσι
845 4886 1008 4935 τινες.
1043 4870 1204 4936 Ἀλλ’,
1231 4867 1384 4942 οἶμαί
1411 4885 1475 4939 γε
1500 4869 1586 4940 δὴ,
1620 4886 1787 4923 κατα-

187 4955 397 5024 ψέξειεν
427 4959 503 5014 ἂν
534 4960 736 5027 οὑδεὶς,
767 4962 821 5016 εί
846 4980 911 5031 γε
955 4961 1079 5017 νοῦν
1123 4962 1256 5034 ξχοι,
1286 4963 1396 5016 τῶν
1434 4962 1616 5032 νόμων
1655 4962 1783 5023 τοὺς

186 5049 431 5120 ὁριστὰς,
466 5053 771 5125 ἑπαιτιῷτο
801 5054 847 5107 δ’
885 5054 952 5108 ἂν
1000 5054 1203 5124 μᾶλλον
1241 5054 1336 5108 καί
1383 5052 1592 5123 σφόδρα
1642 5054 1786 5105 εἰκό-

186 5158 291 5208 τως
337 5147 473 5211 τοὺς
529 5147 902 5231 ὑπερφρονεῖν
950 5147 1240 5218 ἑλομένους
1285 5146 1393 5198 τῶν
1446 5144 1781 5213 ἀναγκαίων.

188 5234 351 5291 Ὅταν
388 5237 584 5294 τοίνυν
621 5239 1070 5310 πλημμελοῦντες
1113 5238 1314 5307 λέγωσί
1355 5252 1522 5300 τινες·
1581 5236 1785 5289 Ἐδόκει

188 5343 287 5383 που
318 5332 470 5404 τάχα
513 5335 588 5405 τῇ
632 5333 820 5408 Τύχῃ,
855 5336 971 5397 καὶ,
1020 5333 1373 5404 Εἱμαρμένης
1405 5326 1472 5401 ἦν
1502 5324 1654 5393 οὗτος
1694 5329 1781 5381 ἐπ’

187 5421 308 5494 incl.
346 5426 592 5492 σκοπὸς,
643 5427 727 5492 τίς
764 5428 795 5480 ό
842 5427 1043 5499 λῆρος,
1092 5421 1138 5480 ὦ
1166 5420 1336 5489 οὗτοι,
1383 5426 1479 5479 καὶ
1525 5424 1663 5494 πρός
1719 5440 1782 5489 γε

186 5514 341 5583 ἡμῶν
372 5516 703 5585 λελέξεταις
732 5519 800 5573 Τί
843 5519 901 5573 δὲ
950 5518 1016 5589 δὴ
1041 5518 1318 5590 γράφεσθε
1360 5517 1423 5570 τὸ
1464 5515 1656 5588 μηδὲν,
1688 5514 1789 5583 τῆς

187 5606 335 5674 σφῶν
373 5609 575 5663 αὐτῶν
615 5609 880 5682 ἐλαφρίας
921 5611 979 5664 οὐ
1014 5610 1453 5678 κατεγνωκότες
1498 5606 1638 5661 Ἀλλ’
1661 5606 1697 5677 ἤ
1723 5622 1786 5684 γε

246 5786 292 5820 ³³
319 5737 574 5843 Παίοσί).
614 5802 671 5850 u,
700 5786 788 5843 15.

520 5880 803 5939 ΡΑτιιοι.
848 5878 966 5941 Gn.
1015 5876 1275 5939 LXVIII.

1894 4578 2145 4632 luntariis
2183 4577 2251 4631 ad
2296 4576 2501 4639 omnia,
2551 4592 2671 4647 quae
2694 4577 2873 4635 facere
2909 4580 3206 4647 voluerint,
3252 4582 3479 4638 nutibus

1893 4670 2142 4725 ferantur
2178 4668 2291 4739 (ilic
2339 4683 2576 4739 namque
2617 4669 2885 4727 Conditor
2924 4673 3180 4730 libertate
3225 4682 3475 4730 naturain

1897 4758 2252 4831 honestavit),
2281 4760 2335 4815 id
2363 4760 2588 4831 quidem
2623 4761 2761 4817 nihil
2787 4763 2857 4818 ad
2899 4778 3045 4830 rem;
3095 4764 3313 4834 quando
3356 4750 3477 4838 qui»

1895 4852 2018 4906 dem
2041 4851 2206 4905 etiam
2231 4850 2379 4921 leges
2396 4849 2664 4907 humanas
2680 4852 2931 4908 nonnulli
2961 4861 3340 4911 contemnunt.
3372 4856 3477 4913 Sed

1897 4955 2078 5001 tamen
2108 4953 2363 4998 auctores
2383 4943 2587 5013 legum,
2614 4944 2720 4999 nisi
2745 4944 2922 5008 fallor,
2946 4957 3109 4999 nemo
3137 4959 3303 5001 sanus
3338 4951 3470 5003 vitu-

1897 5045 2053 5107 peret
2079 5055 2091 5089 :
2114 5043 2338 5092 accuset
2362 5036 2581 5106 potius,
2624 5044 2681 5090 et
2705 5035 2930 5106 quidem
2958 5035 3084 5105 jure
3123 5037 3353 5108 optimo,
3383 5057 3481 5095 θοις

1895 5129 1989 5200 qui
2039 5128 2252 5194 malint,
2303 5144 2427 5199 qua:
2471 5136 2602 5183 sunt
2641 5136 2847 5183 nostrae
2892 5127 3117 5185 utilitati
3172 5134 3480 5188 necessaria

1893 5234 2266 5279 contemnere.
2296 5221 2461 5294 204
2481 5221 2619 5277 Cum
2644 5222 2826 5291 itaque
2861 5232 3092 5291 peccant
3120 5225 3392 5289 nonnulli,
3420 5241 3482 5279 ac

1888 5318 2100 5383 dicunt,
2145 5316 2235 5372 Sic
2280 5316 2536 5370 Fortuna:
2555 5313 2773 5380 visum;
2817 5322 2893 5380 et,
2934 5314 3054 5371 Huc
3081 5332 3261 5373 meum
3286 5317 3478 5372 Fatum

1888 5416 2192 5488 spectabat,
2242 5427 2489 5482 quaenam
2515 5412 2632 5467 lucc
2665 5419 2751 5466 est
2776 5410 3069 5468 deliratio?
3110 5428 3207 5467 vos
3244 5412 3477 5483 appello.

1895 5512 1987 5568 Sic
2034 5510 2182 5566 enim
2231 5524 2261 5562 a
2301 5506 2462 5561 nobis
2512 5513 2661 5561 certe
2700 5505 2917 5561 dicetur
2955 5506 3138 5574 :Quid
3187 5506 3477 5564 accusatis.

1892 5603 2038 5671 quod
2073 5615 2343 5670 nusquam
2372 5607 2453 5653 est
2475 5599 2498 5652 ?
2524 5614 2586 5653 ac
2623 5608 2861 5653 vestram
2888 5599 3131 5669 ipsorum
3164 5598 3348 5669 petitis
3370 5611 3479 5652 non

3051 5864 3120 5929 15
