3966 6298
476 361 504 413 ι
515 359 577 412 'i‘)

1502 353 1554 405 S.
1600 352 1873 406 CYRILLI
1918 350 2382 406 ALEXANDRINI
2425 349 2739 403 ARCHIEP.

3643 353 3752 402 4U!)

476 470 748 525 damnatis
781 466 1099 522 levitatem?
1123 466 1289 536 Atqui
1313 466 1499 521 divina
1523 466 1811 538 Scriptura
1852 468 1939 529 iis,
1966 468 2060 536 qui

2173 465 2291 516 θεία
2334 465 2525 534 Γραφή
2565 463 2960 533 παραφωνήσει
2995 460 3053 513 τὸ
3097 460 3293 530 ἀληθὲς
3333 461 3443 522 τοῖς
3474 460 3548 529 μὴ
3591 461 3751 530 61.00-

458 571 622 616 -recte
647 559 857 630 ingredi
895 556 1196 622 noluerint,
1222 571 1412 611 verum
1452 557 1872 627 pronuntiabit:
1919 578 1936 609 ι
1967 559 2056 612 ln-

460 655 736 727 -sipientia
762 652 868 707 viri
912 651 1084 706 violat
1117 651 1236 704 vias
1258 650 1398 721 ejus,
1425 650 1598 704 Deum
1637 659 1819 704 autem
1865 666 2058 705 causa-

478 757 566 803 tur
600 747 656 801 in
679 745 844 801 corde
871 759 970 800 suo
988 745 1054 796 η.
1086 761 1104 794 ι
1146 741 1190 796 Α
1211 758 1343 796 vera
1380 741 1550 812 igitur
1594 742 1868 796 sententia
1897 742 2058 797 aber-

477 847 688 903 rarunt,
717 837 812 908 qui
849 835 1043 892 Ortum
1071 839 1128 889 et
1167 833 1381 899 Fatum,
1405 842 1462 888 et
1501 831 1833 887 levissimam
1859 832 2058 887 Fortu-

475 945 602 984 nam
626 927 832 983 nostris
876 926 1043 981 rebus
1074 924 1458 996 praafecerunt,
1500 939 1564 978 ac
1597 939 1706 977 non
1727 924 1910 993 potius
1948 925 2060 978 Deo

476 1037 662 1076 rerum
722 1019 1180 1091 gubernationem
1255 1015 1605 1071 tribuendam
1677 1024 2055 1086 putaverunt;

477 1113 732 1186 quamvis
804 1112 954 1166 dicat
998 1109 1292 1166 Christus:
1341 1129 1359 1160 ‹
1390 1109 1585 1164 Nonne
1649 1108 1760 1162 duo
1812 1123 2061 1177 passeres

477 1220 599 1260 asse
623 1201 908 1257 veneunt?
931 1208 989 1256 et
1009 1217 1152 1256 unus
1173 1215 1241 1255 ex
1265 1199 1398 1270 ipsis
1423 1215 1532 1254 non
1571 1198 1729 1253 cadet
1753 1214 1919 1269 super
1947 1205 2058 1251 ter-

478 1311 594 1350 ram
618 1295 735 1350 sine
763 1294 923 1349 Patre
947 1300 1155 1358 vestro,
1179 1291 1274 1361 qui
1297 1299 1382 1345 est
1416 1290 1473 1344 in
1506 1289 1700 1344 cmlis?
1737 1289 1915 1345 Vestri
1959 1305 2058 1342 au-

479 1396 589 1441 tem
627 1385 809 1457 capilli
830 1383 1030 1455 capitis
1051 1398 1244 1438 omnes
1267 1381 1547 1436 numerati
1581 1388 1726 1434 sunt.
1757 1379 1935 1434 Nolite
1964 1379 2058 1449 igi-

479 1488 571 1531 tur
597 1459 791 1532 timere
823 1495 835 1530 :
863 1475 1055 1530 multis
1074 1473 1394 1545 passeribus
1414 1472 1672 1526 meliores
1695 1471 1828 1525 estis
1849 1471 2020 1525 vos”.
2036 1490 2051 1521 ι

477 1568 737 1623 Providet
758 1567 980 1638 quidem
1006 1565 1264 1621 omnibus
1286 1563 1610 1620 mortalibus
1647 1561 1942 1628 Conditor;
1965 1562 2058 1616 sed

478 1668 665 1712 tamen
689 1656 985 1726 unicuique
1012 1653 1314 1726 permittit,
1340 1652 1486 1723 quod
1521 1651 1627 1706 sibi
1675 1650 1945 1716 videatur,
1980 1651 2060 1706 fa-

481 1766 627 1815 cere,
658 1758 714 1804 et
735 1763 1118 1820 quamcunque
1141 1745 1397 1811 voluerit,
1415 1746 1560 1799 viam
1586 1744 1797 1816 ingredi
1814 1744 1880 1800 “.
1902 1745 2060 1800 Post-

2164 554 2344 608 σποδεῖν
2390 553 2708 626 ᾑρημένοιςι
2744 573 2762 605 ‹
2824 551 3128 623 Ἀφροσύνη
3179 550 3374 622 ἀνδρὸς
3426 551 3751 621 λυμανεῖται

2163 645 2260 707 τὰς
2291 644 2446 706 ὁδοὺς
2477 642 2663 696 αὑτοῦ·
2700 642 2788 695 τὸν
2834 641 2891 694 δὲ
2925 641 3058 694 Θεὸν
3099 640 3405 694 αἰτιάσεται
3441 644 3508 712 τῇ
3550 643 3754 714 καρδίᾳ

2163 732 2350 786 αὑτοῦ.
2394 752 2413 784 ι
2473 732 2732 804 Ἀληθοῦς
2765 729 2857 786 οὖν
2895 732 3003 803 ἄρα
3035 732 3448 802 διημαρτήκασι
3495 731 3654 802 δόξης
3700 736 3749 786 οξ

2162 825 2381 880 Γένεσίν
2415 843 2474 880 τε
2509 825 2604 879 καὶ
2644 826 3003 895 Εἱμαρμένην
3033 825 3127 878 καὶ
3171 822 3356 894 Τύχην
3395 824 3750 901 etsumm-

2164 935 2288 971 στον
2331 920 2444 982 τοῖς
2500 918 2621 972 καθ’
2675 918 2822 988 ἡμᾶς
2878 917 3306 985 ἐπιστήσαντες,
3362 915 3456 967 καὶ
3503 915 3626 984 οὑχὶ
3684 915 3752 986 δὴ

2166 1009 2368 1078 μᾶλλον
2395 1008 2514 1078 Θεῷ
2561 1008 2960 1080 προσνέμοντες
3005 1006 3102 1078 τὴν
3134 1005 3243 1060 τῶν
3282 1007 3627 1077 πραγμάτων
3663 1009 3751 1060 οί-

2163 1095 2451 1166 κονομίαν·
2502 1095 2682 1150 καίτοι
2723 1095 2970 1164 λέγοντος
2999 1093 3093 1148 τοῦ
3134 1094 3392 1164 Χριστοῦ·
3429 1115 3448 1146 ι
3487 1097 3623 1165 Οὑχὶ
3654 1096 3751 1148 δύο

2165 1188 2424 1259 στρουθία
2461 1188 2726 1257 ἀσσαρίου
2765 1187 2884 1250 ἑνὸς
2925 1187 3219 1253 πωλεῖται;
3254 1188 3348 1239 καὶ
3383 1186 3443 1240 ἓν
3471 1187 3532 1253 ἐξ
3565 1188 3750 1241 αὑτῶν

2163 1281 2222 1332 οὑ
2248 1282 2495 1333 πεσεῖται
2529 1282 2621 1334 ἐπὶ
2648 1280 2745 1352 τὴν
2772 1281 2896 1352 γῆν,
2934 1279 3063 1333 ἄνευ
3099 1279 3191 1332 τοῦ
3227 1280 3440 1352 Πατρὸς
3469 1280 3626 1350 ὑμῶν
3649 1281 3747 1333 τοῦ

2163 1375 2221 1426 ἐν
2261 1375 2375 1436 τοῖς
2407 1373 2692 1444 οὑρανοῖς.
2743 1373 2928 1443 ’Υμῶν
2958 1373 3014 1426 δὲ
3059 1375 3113 1426 al
3146 1373 3331 1443 τρίχες
3360 1373 3459 1442 τῆς
3507 1374 3750 1445 κεφαλῆς

2162 1465 2537 1535 ἠριθμημέναι
2566 1465 2692 1520 εἰσί.
2730 1457 2821 1536 Μὴ
2858 1461 2952 1520 οὑν
2991 1465 3264 1535 φοϐεῖσθε·
3314 1465 3527 1519 πολλῶν
3554 1482 3747 1534 στρου-

2165 1556 2295 1610 θίων
2329 1557 2623 1628 διαφέρετε
2667 1558 2844 1628 ὑμεῖς.
2895 1577 2912 1610 ι
2951 1559 3178 1627 Προνοεῖ
3219 1558 3317 1628 μὲν
3357 1557 3464 1628 γὰρ
3505 1558 3616 1610 τῶν
3655 1558 3747 1609 ἐπὶ

2162 1650 2261 1718 τῆς
2290 1649 2396 1719 γῆς
2440 1651 2468 1701 ό
2513 1651 2887 1721 Δημιουργὸς,
2935 1649 3151 1721 ἑκάστῳ
3181 1666 3243 1718 γε
3278 1649 3385 1720 μὴν
3432 1649 3620 1718 ὲφίησι
3655 1651 3747 1701 καὶ

2163 1742 2298 1812 δρᾷν
2335 1741 2396 1793 τὸ
2434 1741 2648 1805 δοκοῦν,
2684 1742 2777 1794 καὶ
2811 1741 2878 1812 ἥν
2929 1741 2994 1795 ἂν
3044 1737 3294 1812 βούλοιτο
3330 1741 3570 1811 βαδίζειν
3603 1742 3742 1795 ὁδόν.

478 1855 710 1911 eaquam
735 1855 868 1894 vero
894 1851 1218 1908 perversum
1249 1843 1334 1891 est
1357 1835 1643 1889 hominum
1669 1848 1860 1904 genus,
1884 1832 2061 1901 legem

2176 1829 2392 1901 Ἐπειδὴ
2423 1830 2478 1883 δὲ
2521 1830 2846 1903 ἡρῤὡστησε
2879 1831 2976 1902 τὴν
3014 1831 3374 1903 παρα-τροπὴν
3407 1831 3467 1884 τὸ
3511 1832 3606 1885 ἐπὶ
3649 1832 3746 1902 τῆς

480 1934 625 1987 illico
667 1931 822 1986 dedit
860 1931 917 1986 in
941 1929 1300 2001 adiutorium,
1346 1934 1408 1983 ut
1458 1928 1727 1998 scriptum
1761 1932 1865 1980 est.
1906 1924 2060 1978 Peri-

479 2024 726 2078 culosum
757 2023 925 2094 igitur
941 2020 1328 2084 est'omnihus,
1357 2019 1455 2089 qui
1482 2017 1688 2073 Christi
1713 2017 1877 2071 [idem
1910 2005 2064 2069 acce-

479 2115 683 2185 perint,
731 2129 794 2168 ac
841 2121 1084 2169 veterem
1156 2113 1310 2166 illum
1355 2125 1604 2166 errorem
1639 2108 2059 2178 dereliquerint,

479 2205 722 2262 anilibus
744 2205 948 2261 fabulis
972 2204 1171 2259 abduci
1197 2203 1268 2258 ad
1293 2217 1380 2268 ea,
1407 2217 1530 2272 quae
1557 2217 1668 2256 non
1691 2208 1927 2271 oportet,
1954 2207 2008 2253 et
2033 2214 2062 2253 a

479 2315 605 2355 sana
639 2298 911 2355 sententia
931 2294 1273 2366 detorqueri,
1304 2301 1364 2349 ut
1398 2293 1760 2356 arbitrentur,
1791 2292 1896 2347 hoc
1936 2291 2062 2344 uni-

477 2407 729 2458 versum,
774 2397 870 2445 aut
892 2398 1043 2445 certe
1077 2387 1379 2453 hominem,
1419 2386 1660 2443 Fortuna
1686 2400 1749 2440 ac
1769 2384 1902 2441 Fato
1926 2383 2060 2454 regi,

475 2500 600 2554 quze
623 2498 851 2555 prorsus
873 2481 1023 2536 nulla
1047 2490 1194 2536 sunt.

552 2660 749 2716 PALL.
794 2656 1336 2715 Periculosissimum
1381 2671 1529 2710 sane.
1569 2654 1728 2727 Nam,
1782 2652 1876 2723 qui
1916 2653 2062 2724 ejus-

479 2753 630 2807 modi
669 2760 774 2817 est,
835 2749 1062 2805 omnino
1113 2748 1407 2804 adversum
1447 2762 1505 2802 se
1541 2745 1783 2820 iudicem
1823 2760 2062 2800 commo-

470 2845 651 2900 vebit.

553 2935 711 2992 CYR.
739 2934 858 2990 Iam
884 2948 1016 2989 vero
1036 2948 1221 2988 nonne
1247 2931 1629 3003 turpissimum
1668 2946 1786 2986 esse
1814 2929 1982 2994 dices,
2010 2937 2066 2984 et

471 3027 754 3101 ejusmodi
778 3027 937 3082 malis
957 3024 1267 3096 proximum
1290 3041 1355 3080 ac
1376 3025 1617 3079 vicinum
1643 3022 1776 3078 illud
1810 3023 2062 3087 alterum,

486 3122 604 3176 dies
627 3118 887 3174 videlicet
925 3110 1254 3183 observare,
1295 3123 1352 3172 et
1392 3116 1578 3182 horas,
1620 3122 1679 3171 et
1720 3121 1984 3185 tempora,
2009 3122 2066 3169 et

484 3229 675 3279 annos,
700 3227 764 3268 ac
784 3211 996 3267 lunaris
1018 3211 1162 3284 globi
1208 3218 1324 3265 tum
1371 3209 1762 3275 accretionem,
1807 3216 1922 3263 tum
1958 3207 2057 3264 de-

469 3301 869 3358 rcrcmentum?

554 3388 750 3443 PALL.
777 3389 845 3443 Et
873 3389 1095 3458 quidem
1140 3389 1376 3444 maxime
1416 3406 1428 3443 :
1489 3404 1726 3460 namque
1764 3389 1852 3455 iis,
1893 3389 1989 3460 qui
2035 3405 2065 3445 e

483 3481 739 3551 gentibus
766 3481 835 3536 ad
875 3483 1110 3536 salutem
1135 3481 1379 3536 revocati
1408 3490 1587 3546 erant,
1626 3481 1974 3551 apertissime
2010 3480 2065 3536 id

486 3588 583 3642 pro
609 3573 843 3629 crimine
866 3573 1057 3644 objicit
1079 3574 1275 3629 beatus
1297 3573 1520 3640 Paulus,
1543 3589 1668 3628 cum
1692 3573 1828 3628 dicit
1858 3592 1870 3626 :
1910 3591 1927 3624 ι
1958 3573 2066 3629 Sed

485 3672 600 3718 tum
629 3663 855 3735 quidem
878 3678 989 3718 non
1023 3671 1418 3734 cognoscentes
1436 3664 1631 3728 Deum,
1665 3665 1936 3720 serviistis
1976 3665 2063 3731 iis,

482 3756 575 3824 qui
602 3763 802 3808 natura
823 3768 936 3807 non
988 3762 1116 3808 sunt
1139 3754 1246 3822 dii;
1315 3771 1459 3811 nunc
1496 3771 1630 3811 vero
1672 3764 2068 3827 cognoscentes

487 3847 656 3898 Deum
679 3883 694 3909 ,
719 3843 836 3897 imo
861 3856 992 3898 vero
1012 3845 1216 3915 cogniti
1236 3862 1268 3901 a
1299 3847 1433 3912 Deo,
1478 3849 1755 3919 quomodo
1791 3851 2066 3905 converti-

486 3933 620 3989 mini
640 3947 832 3988 rursus
865 3932 933 3987 ad
961 3932 1179 3989 inﬁrma
1218 3943 1468 4008 etegena
1516 3937 1789 3994 elementa
1811 3980 1824 4005 ,
1867 3941 2070 4010 quibus

486 4039 678 4080 rursus
719 4024 902 4080 denuo
942 4025 1151 4082 servire
1193 4027 1401 4083 vultis?
1446 4028 1574 4084 Dies
1625 4029 1965 4096 observatis,
2013 4038 2070 4086 et

486 4130 722 4183 menses,
749 4123 805 4172 et
827 4131 1024 4185 annos,
1049 4126 1108 4173 et
1128 4127 1376 4190 tempora
1397 4138 1412 4188 ;
1431 4121 1599 4178 timeo
1614 4137 1731 4190 vos,
1757 4139 1824 4179 ne
1847 4123 1986 4180 forte
2012 4124 2068 4179 in

482 4224 682 4264 vanum
716 4209 1083 4266 laboraverim
1109 4211 1167 4266 in
1191 4213 1371 4270 vobis.
1399 4214 1445 4246 ”
1494 4234 1513 4266 ι

553 4299 713 4372 205
747 4299 904 4357 CYR.
945 4303 1219 4360 Horarum
1247 4306 1416 4378 igitur
1459 4324 1523 4362 ac
1565 4309 1779 4364 dierum
1811 4311 2070 4366 observa-

484 4392 580 4458 tio,
609 4408 826 4448 necnon
852 4401 1115 4465 pneterea
1149 4404 1480 4468 temporum,
1522 4400 1591 4454 ab
1625 4401 1692 4455 iis
1715 4443 1728 4467 ,
1759 4403 1854 4472 qui
1896 4419 2068 4457 unum

485 4493 536 4539 et
561 4491 753 4540 natura
804 4487 976 4542 Deum
1006 4503 1118 4545 non
1160 4490 1432 4560 ignorant,
1475 4491 1587 4547 imo
1633 4509 1803 4559 vero,
1861 4495 1956 4563 qui
1999 4493 2068 4548 ab
2101 4523 2144 4579 Β

486 4590 600 4645 .pso
647 4591 746 4645 per
779 4574 942 4630 ﬁdem
984 4586 1114 4633 sunt
1170 4581 1395 4650 cogniti,
1439 4589 1494 4636 et
1517 4581 1584 4636 ad
1625 4584 2068 4653 conjunctionem

485 4663 670 4734 gratiae
689 4680 921 4722 munere
939 4668 1143 4734 vocati,
1188 4669 1366 4724 aliena
1411 4685 1640 4740 prorsus
1682 4677 1796 4739 est;
1823 4688 1949 4727 nam
1977 4689 2067 4730 re-

486 4767 722 4813 trorsum
758 4757 900 4814 redit
944 4762 1040 4832 qui
1074 4762 1182 4818 hoc
1219 4761 1401 4818 facere
1427 4762 1686 4829 voluerit,
1712 4773 1768 4820 et
1820 4765 1967 4820 illam
2011 4766 2067 4821 in

485 4847 700 4904 Christo
717 4850 945 4920 gloriam
965 4852 1177 4924 abjicit,
1191 4853 1545 4923 animumque
1570 4869 1728 4909 suum
1755 4871 1864 4911 non
1888 4856 2070 4912 adhuc

486 4941 755 4996 libertatis
783 4952 1083 5000 amatorem
1108 4955 1308 5010 servat,
1342 4945 1440 5001 sed
1475 4947 1639 5004 stulte
1663 4948 1847 5019 potius
1871 4950 2074 5006 veteris

485 5032 906 5104 errorisjugum
953 5036 1124 5102 subit,
1172 5052 1298 5092 cum
1327 5053 1455 5093 eum
1505 5039 1794 5106 honorem,
1846 5041 1941 5110 qui
1973 5042 2072 5097 Dei

488 5121 741 5191 proprius
764 5132 868 5190 est,
892 5125 1179 5184 elementis
1194 5130 1629 5197 mundideferat;
1653 5140 1729 5196 et,
1744 5147 1866 5201 qum
1889 5133 1956 5186 ad
1979 5149 2069 5188 or-

487 5222 624 5281 tum,
649 5213 965 5275 Conditoris
1000 5229 1140 5275 nutu
1177 5230 1368 5276 vocata
1409 5231 1560 5288 sunt,
1598 5237 1664 5277 ea
1685 5223 1916 5279 summis
1951 5225 2069 5294 glo-

487 5306 581 5362 ria:
607 5312 948 5366 ornamentis
970 5312 1212 5370 decoret.
1233 5315 1520 5370 Elementa
1545 5331 1714 5386 porro
1741 5316 1928 5371 mundi
1971 5333 2070 5387 ap-

487 5401 651 5467 pellat
704 5400 1002 5472 Apostolus
1048 5405 1171 5460 illas
1219 5406 1376 5475 quasi
1427 5408 1728 5478 particulas
1774 5407 2019 5462 universi
2050 5450 2062 5474 ,

487 5505 729 5564 tempora
773 5511 970 5565 nempe
995 5511 1060 5550 ac
1083 5511 1302 5552 menses
1337 5505 1394 5554 et
1437 5499 1635 5554 horum
1673 5500 2064 5566 dimensiones,

485 5598 602 5651 qum
626 5599 724 5652 per
753 5585 918 5641 horas
939 5601 1004 5640 ac
1029 5585 1147 5642 dics
1166 5586 1322 5642 ﬁunt.
1343 5590 1478 5644 Nam
1520 5591 1650 5660 quia
1689 5591 2065 5648 continuatum

555 5777 599 5806 ²²
639 5775 797 5828 Prov.
825 5792 932 5842 xu,
977 5777 1028 5832 5.
1111 5781 1154 5811 ³³
1175 5779 1365 5840 Matth.
1397 5800 1448 5847 τ,
1488 5785 1575 5851 29,
1620 5787 1706 5842 5i.

2163 1920 2265 1990 γῆς
2303 1919 2488 1989 γένος,
2520 1921 2685 1991 νόμον
2720 1921 2880 1985 εὐθὺς
2913 1923 2992 1984 είς
3043 1920 3294 1992 βοήθειαν
3323 1920 3524 1974 δέδωκε
3546 1962 3560 1984 ,
3599 1922 3745 1974 κατὰ

2162 2012 2223 2065 τὸ
2250 2013 2657 2084 γεγραμμένον.
2685 2012 2958 2082 Σφαλερὸν
2985 2007 3077 2066 οῦν
3107 2013 3215 2084 ἄρα
3257 2012 3418 2065 παντί
3453 2030 3530 2084 τῳ
3562 2013 3749 2066 λοιπὸν
3783 2080 3789 2085 ¹

2163 2106 2262 2176 τὴν
2304 2107 2384 2169 είς
2423 2105 2660 2176 Χριστὸν
2695 2104 2878 2157 πίστιν
2909 2104 3322 2174 είσδεδεγμένῳ,
3383 2104 3474 2157 καὶ
3518 2104 3614 2176 τὴν
3643 2106 3748 2175 ἀρ·

2163 2196 2323 2266 χαίαν
2388 2196 2603 2263 ἐκείνην
2652 2196 2959 2250 διελάσαντι
3005 2196 3304 2266 πλάνησιν,
3353 2198 3414 2250 τὸ
3471 2197 3746 2269 γραώδεσι

2169 2287 2358 2359 μύθοις
2383 2288 2756 2360 ἀποφέρεσθαι
2791 2288 2924 2360 πρὸς
2969 2287 3006 2341 ἃ
3051 2288 3126 2359 μὴ
3159 2288 3272 2354 δεῖ,
3305 2288 3398 2342 καὶ
3425 2290 3522 2358 τῆς
3562 2289 3750 2356 ὑγιοῦς

2165 2381 2597 2453 ἀποκομίζεσθαι
2633 2381 2825 2454 δόξης,
2865 2381 2941 2446 ὼς
2982 2381 3101 2434 τόδε
3144 2381 3205 2434 τὸ
3237 2380 3480 2451 σύμπαν,
3512 2384 3628 2453 ἤτοι
3657 2383 3749 2437 τὸν

2166 2475 2474 2548 ἄνθρωπον,
2513 2477 2747 2547 ήνιοχεῖν
2776 2474 2984 2528 οἴεσθαι
3019 2474 3202 2546 Τύχην
3229 2491 3286 2526 τε
3330 2475 3421 2527 καὶ
3455 2474 3749 2546 Εἱμαρμέ-

2167 2585 2285 2641 νην,
2325 2568 2425 2632 τάς
2451 2569 2552 2621 οὐκ
2584 2568 2750 2631 οὑσας
2776 2567 2932 2632 ὅλως.

2237 2662 2446 2716 ΠΑΛΛ.
2479 2658 2922 2732 Σφαλερὼτατον.
2957 2659 3269 2730 Καταθήξει
3299 2659 3408 2731 γάρ
3435 2659 3501 2713 ἂν
3526 2661 3554 2712 ό
3573 2659 3752 2712 τοιοῦ-

2166 2773 2256 2819 τος
2286 2756 2462 2826 πάντη
2491 2772 2550 2808 τε
2582 2754 2676 2808 καὶ
2704 2756 2921 2818 πάντως
2952 2752 3038 2823 ἐφ’
3067 2753 3245 2824 ἑαυτῷ
3269 2754 3360 2807 τὸν
3394 2754 3611 2825 κριτήν.

2238 2932 2402 2986 ΚΥΡ.
2441 2931 2505 2985 Τί
2532 2931 2620 2998 δέ;
2647 2931 2708 2984 οὑ
2744 2931 3076 3003 πάναισχρον
3107 2926 3243 2986 εἶναι
3271 2931 3375 3003 φὴς
3399 2933 3493 2986 καὶ
3527 2931 3754 3003 ἀγχίου-

2173 3039 2262 3094 ρον
2309 3021 2524 3091 ἀληθῶς
2572 3023 2681 3085 τοῖς
2723 3021 2951 3074 τοιοῖσδε
2985 3023 3175 3085 κακοῖς
3214 3022 3275 3074 τὸ
3305 3021 3519 3094 ἡμέρας
3550 3023 3750 3093 ἐπιτη-

2172 3113 2306 3184 ρεῖν,
2338 3112 2433 3166 καὶ
2457 3111 2626 3182 ὥρας,
2652 3111 2748 3166 καὶ
2777 3113 3022 3185 καιροὺς,
3052 3113 3148 3166 καὶ
3183 3114 3482 3180 ἐνιαυτοὺς,
3517 3109 3670 3178 αὗξίν
3693 3131 3750 3167 τε

2168 3204 2259 3256 καὶ
2283 3201 2463 3272 φθίσιν
2491 3201 2584 3257 τοῦ
2610 3204 2929 3276 σεληνιακοῦ
2964 3205 3164 3260 κύκλου
3186 3223 3200 3272 ;

2239 3383 2449 3436 ΠΑΛΛ.
2491 3383 2600 3436 Καὶ
2638 3383 2804 3455 μάλα.
2847 3385 3169 3456 Σαφέστατα
3206 3386 3316 3459 γὰρ
3348 3389 3462 3452 τοῖς
3489 3389 3548 3453 ἐξ
3580 3389 3754 3443 ἐθνῶν

2168 3476 2640 3546 ἀνασεσωσμένοις
2670 3477 2926 3550 ἔγκλημα
2955 3481 3184 3534 ποιεῖται
3214 3480 3281 3533 τὸ
3328 3481 3539 3553 χρῆμα,
3580 3480 3754 3550 λέγων

2166 3569 2196 3621 ό
2246 3567 2526 3631 θεσπέσιος
2562 3567 2793 3632 Παῦλος·
2848 3587 2868 3622 ι
2919 3570 3077 3625 Ἀλλά
3109 3572 3230 3624 τότε
3266 3571 3365 3642 μὲν
3412 3572 3512 3626 οὑκ
3553 3572 3756 3635 ειδότες

2167 3656 2321 3724 Θεὸν,
2352 3657 2702 3713 ἐδουλεύσατε
2729 3661 2842 3723 τοῖς
2883 3659 3042 3729 φύσει
3076 3662 3152 3733 μὴ
3199 3658 3318 3716 οῦσι
3356 3661 3518 3725 θεοῖς’
3559 3663 3656 3716 νῦν
3698 3664 3754 3716 δὲ

2168 3749 2388 3818 γνόντες
2427 3751 2518 3806 τὸν
2549 3751 2703 3817 Θεὸν,
2752 3752 2950 3822 μᾶλλον
2984 3753 3041 3806 δὲ
3079 3754 3419 3823 γνωσθέντες
3459 3754 3566 3810 ὑπὸ
3593 3755 3753 3819 Θεοῦ,

2167 3843 2286 3909 πῶς
2319 3844 2676 3916 ἐπιστρέφετε
2717 3845 2878 3900 πάλιν
2907 3845 3003 3900 ἐπὶ
3041 3847 3110 3901 τά
3157 3847 3361 3918 ἀσθενῆ
3427 3848 3520 3902 καὶ
3563 3851 3757 3920 πτωχά

2170 3938 2438 4007 στοιχεῖα,
2473 3930 2555 4000 οἷς
2589 3936 2757 3991 πάλαι
2805 3936 3014 3992 ἄνωθεν
3046 3937 3318 3990 δουλεύειν
3355 3937 3569 4006 θέλετε;
3617 3941 3756 4009 ήμέ-

2169 4041 2270 4094 ρας
2316 4023 2761 4096 παρατηρεῖσθε,
2794 4025 2889 4080 καὶ
2915 4026 3112 4097 μῆνας,
3166 4026 3258 4080 καὶ
3303 4028 3625 4095 ἐνιαυτοὺς,
3662 4029 3758 4083 καὶ

2168 4114 2411 4186 καιρούς·
2458 4115 2732 4188 φοϐοῦμαι
2783 4118 2956 4189 ὑμᾶς,
2996 4121 3069 4190 μή
3103 4137 3220 4184 πως
3275 4121 3396 4192 είκῆ
3449 4122 3759 4178 κεκοπίακα

2169 4208 2248 4270 εἰς
2279 4208 2442 4278 ὑμᾶς.
2473 4225 2492 4260 ι

2239 4301 2404 4355 ΚΥΡ.
2463 4301 2531 4354 Ἦ
2577 4301 2738 4373 ὡρῶν
2793 4302 2899 4374 ἄρα
2969 4302 3065 4355 καὶ
3117 4303 3341 4376 ἡμερῶν
3404 4306 3756 4376 ὲπιτήρησις,

2171 4392 2468 4464 προσθείην
2493 4393 2538 4446 δ’
2573 4393 2638 4448 ἂν
2667 4395 2750 4448 ὅτι
2780 4396 2875 4449 καὶ
2903 4397 2936 4465 ή
2976 4394 3206 4466 καιρῶν,
3243 4397 3594 4467 ἀνάρμοστος
3624 4415 3761 4453 παν-

2171 4482 2340 4547 τελῶς
2367 4486 2479 4549 τοῖς
2508 4484 2601 4538 τὸν
2624 4483 2721 4539 ἕνα
2755 4503 2815 4538 τε
2841 4485 2935 4539 καὶ
2963 4485 3122 4553 φύσει
3148 4485 3279 4539 Θεὸν
3308 4488 3410 4540 οὑκ
3433 4489 3758 4559 ὴγνοηκόσι,

2175 4573 2376 4644 μᾶλλον
2407 4573 2464 4628 δὲ
2495 4575 2608 4639 τοῖς
2640 4574 2731 4628 ὑπ’
2758 4575 2924 4630 αὑτοῦ
2969 4576 3057 4630 διὰ
3094 4576 3335 4642 πίστεως
3362 4579 3757 4650 ἐγνωσμένοις,

2171 4666 2266 4720 καὶ
2293 4667 2372 4730 είς
2409 4668 2719 4738 οἰκειότητα
2749 4668 3105 4740 κεκλημένοις
3131 4670 3232 4743 τήν
3260 4670 3348 4725 διά
3378 4670 3480 4742 τῆς
3508 4672 3755 4743 χάριτος·

2171 4758 2456 4812 ὑπονοστεῖ
2493 4759 2602 4830 γὰρ
2641 4758 2858 4825 ἀνόπιν,
2886 4759 2948 4813 τὸ
2986 4760 3046 4814 ὲν
3078 4761 3301 4833 Χριστῷ
3337 4763 3606 4834 καύχημα
3654 4782 3760 4833 με-

2173 4850 2307 4917 θεὶς,
2339 4853 2366 4906 ό
2397 4849 2559 4905 τοῦτο
2602 4851 2737 4923 δρᾷν
2763 4851 3059 4923 ᾑρημένος·
3106 4855 3202 4910 καὶ
3243 4854 3627 4928 φιλελεύθερον
3651 4860 3757 4928 μὲν

2172 4943 2354 4997 οὐκέτι
2397 4943 2488 4999 τὸν
2535 4946 2734 4999 οίκεϊον
2783 4943 3080 5000 διεσώσατο
3135 4945 3295 5014 νοῦν,
3349 4946 3648 5018 φληνάφως
3702 4949 3764 5005 δὲ

2175 5036 2374 5106 μᾶλλον
2395 5036 2486 5090 τὸν
2511 5037 2612 5107 τῆς
2635 5036 2869 5108 ἀρχαίας
2894 5037 3216 5111 πλανήσεως
3243 5039 3538 5111 ὑποτρέχει
3570 5040 3762 5108 ζυγὸν,

2170 5131 2282 5191 τοῖς
2309 5127 2404 5204 τοῦ
2439 5129 2647 5201 κόσμου
2694 5129 2978 5201 στοιχείοις
3011 5129 3176 5203 τιμὴν
3207 5131 3540 5202 ἀπονέμων,
3582 5133 3765 5205 ἤνπερ

2173 5223 2240 5274 ἂν
2268 5220 2378 5291 ἔχοι
2401 5221 2556 5288 Θεὸς,
2586 5222 2680 5276 καὶ
2713 5224 2836 5286 ταῖς
2865 5222 3126 5278 ἀνωτάτω
3169 5224 3454 5295 στεφανῶν
3480 5225 3765 5290 εὐκλείαις

2171 5311 2238 5365 τὰ
2285 5312 2597 5383 κεκλῃμένα
2645 5314 2781 5385 πρὸς
2819 5314 3038 5382 γένεσιν
3076 5316 3190 5379 τοῖς
3241 5315 3337 5370 τοῦ
3386 5317 3762 5388 πεποιηκότος

2174 5405 2430 5478 νεύμασι.
2475 5408 2722 5478 Στοιχεῖα
2755 5407 2812 5460 δὲ
2853 5408 3061 5478 κόσμου
3107 5409 3241 5480 φησὶ
3283 5409 3352 5464 τὰ
3395 5411 3565 5465 οἱονεὶ
3597 5410 3769 5482 μόρια

2173 5496 2267 5550 τοῦ
2296 5497 2515 5565 παντὸς,
2547 5497 2774 5569 καιρούς
2812 5516 2872 5552 τε
2913 5500 3008 5553 καὶ
3042 5500 3219 5570 μῆνας
3241 5541 3254 5566 ,
3287 5501 3382 5555 καὶ
3421 5502 3521 5566 τὰς
3549 5500 3764 5555 τούτων

2175 5591 2596 5663 ἀναμετρήσεις,
2623 5593 2712 5647 διά
2736 5611 2794 5645 τε
2826 5593 2985 5664 ὡρῶν
3022 5594 3116 5647 καὶ
3144 5595 3366 5667 ἡμερῶν
3387 5595 3769 5667 ἀποτελουμέ-

1790 5790 1834 5820 ²³
1863 5789 1965 5844 lsa.
2019 5805 2128 5854 vm,
2165 5791 2387 5859 passim.
2468 5793 2510 5821 ’⁵
2549 5791 2724 5846 Galat.
2756 5807 2827 5859 ιγ,
2859 5794 2981 5847 9-ll
