3966 6298
139 401 226 460 ιὸί

841 398 928 453 DE
967 397 1408 454 ADORATIONE
1449 399 1519 453 IN
1563 397 1831 454 SPIRITU
1875 397 1961 452 ET
2000 398 2367 452 VERITATE.
2413 398 2537 451 LIB.
2580 397 2666 450 Vl.

3279 400 3412 469 me,

141 533 245 579 νας.
280 511 482 584 Συνεχῆ
531 513 639 584 γάρ
679 512 808 566 ὄντα
860 511 952 566 τὸν
1001 513 1220 584 χρόνον,
1277 513 1370 566 καὶ
1413 512 1698 584 ἀείρρυτον

1817 521 1919 565 :rat
1945 521 2180 579 tempus,
2208 525 2268 564 ac
2295 518 2562 578 perpetuo
2600 509 2774 562 [luens
2801 509 2856 562 in
2881 511 3140 566 ulteriora
3167 511 3373 566 fereba—

141 609 316 679 ἔχοντα
343 605 442 676 τὴν
472 605 552 669 είς
585 604 646 658 τὸ
687 605 877 676 πρόσω
913 605 1116 679 φορὰν,
1153 609 1272 671 ταῖς
1318 605 1426 660 τῶν
1471 607 1698 679 καιρῶν,

141 699 283 768 ὡρῶν
299 714 356 750 τε
383 697 479 750 καὶ
505 697 727 768 ἡμερῶν
754 698 913 751 οἱονεί
953 716 1070 763 πως
1097 700 1184 754 διὰ
1225 699 1388 771 μέσον
1421 716 1700 770 παρεγκο-

142 793 259 853 παῖς
295 790 385 842 καὶ
413 789 817 858 ἀνακυκλήσεσι
843 794 962 854 ταῖς
988 794 1068 854 είς
1095 789 1251 856 αὖθις
1284 789 1351 847 αὖ
1389 793 1611 865 μέτροις
1639 810 1699 846 τε

142 883 226 935 καὶ
246 881 492 952 ἀριθμοῖς
521 880 753 945 ὑπέταξε
785 881 937 945 Θεός.
969 883 1117 936 Ἔδει
1145 885 1273 954 γὰρ,
1323 885 1436 938 ἔδει,
1459 888 1572 948 τοῖς
1603 885 1702 938 οὐκ

141 975 360 1044 ἄναρχον
387 973 604 1044 ἔχουσιν
627 975 708 1033 είς
737 973 798 1026 τὸ
821 971 960 1028 εἶναι
1000 976 1306 1047 διεκϐολὴν,
1335 981 1431 1032 καὶ
1466 980 1590 1033 ὅσον
1615 980 1704 1034 ού-

140 1065 270 1118 δέπω
300 1064 435 1135 πρὸς
466 1065 527 1118 τὸ
547 1065 644 1134 τῆς
679 1065 815 1128 ἰδίας
845 1063 994 1136 ζωῆς
1023 1068 1372 1139 ἀφιξομένοις
1403 1071 1576 1136 τέλος,
1610 1072 1703 1126 καὶ

139 1157 316 1227 χρόνου
343 1156 440 1209 τοῦ
475 1157 681 1210 τοιοῦδε
724 1157 885 1230 τυχὸν
903 1199 918 1224 ,
943 1159 1249 1229 ἀρχομένου
1277 1177 1358 1226 τε,
1389 1179 1460 1232 φη
1471 1164 1532 1233 μὶ
1556 1203 1570 1226 ,
1610 1165 1704 1218 καὶ

139 1248 402 1320 λήγοντος,
441 1249 533 1302 καὶ⁵
564 1251 676 1313 τοῖς
711 1250 813 1303 οὐκ
843 1245 996 1304 οὖσιν
1027 1253 1114 1304 ἀεὶ
1147 1253 1248 1326 τὴν
1274 1255 1482 1310 οίκείαν
1513 1256 1704 1328 ὥσπερ

140 1341 591 1409 συγκαθιστάντος
635 1342 816 1410 φύσιν.
859 1342 1370 1417 Είσκεκομισμένου
1412 1351 1703 1421 τοιγαροῦν

138 1432 334 1494 οὐδενὸς
387 1433 579 1504 έτέρου
634 1435 747 1496 τοῖς
793 1434 888 1488 ἐπὶ
934 1438 1036 1507 τῆς
1085 1437 1190 1507 γῆς
1221 1438 1309 1494 διά
1357 1458 1416 1494 τε
1471 1443 1700 1513 καιρῶν,

137 1521 285 1593 ὡρῶν
329 1539 388 1575 τε
423 1523 518 1576 καὶ
553 1515 811 1595 ἡμερῶν,
854 1525 996 1596 πλὴν
1045 1527 1128 1581 ὃτι
1176 1531 1269 1583 καὶ
1315 1530 1484 1602 μόνης
1515 1536 1615 1604 τῆς
1645 1537 1704 1588 ἐν

138 1614 308 1685 κύκλῳ
357 1616 653 1687 διαδρομῆς
705 1617 800 1670 καὶ
843 1619 1270 1692 ἀναμετρήσεως
1326 1623 1607 1695 ἀκριϐοῦς,
1649 1627 1702 1680 τί

140 1705 569 1777 μυθοπλαστοῦσί
603 1725 749 1772 τινες
782 1708 816 1763 ἃ
843 1711 938 1764 καὶ
969 1711 1177 1780 γελοῖον
1208 1713 1444 1779 ἐννοεῖνς
1484 1717 1577 1770 καὶ
1606 1717 1703 1781 τὰς

97 1863 107 1867 _
141 1799 228 1868 μὲν
262 1799 372 1853 τῶν
412 1800 570 1872 ὡρῶν
611 1801 1020 1874 ἀγαθοεργοὺς,
1057 1803 1156 1868 τὰς
1199 1805 1257 1859 δὲ
1281 1849 1294 1868 ,
1345 1809 1405 1860 οὐ
1449 1810 1703 1874 τοιαύτας

1805 612 1914 669 tur,
1943 620 2044 674 per
2067 614 2376 673 temporum
2401 611 2457 657 et
2481 604 2765 667 horarum,
2789 617 2851 656 ac
2870 603 3084 657 dierum
3109 605 3265 674 quasi
3301 605 3384 659 in-

1805 696 2173 766 terruptiones
2195 712 2258 750 ac
2285 696 2654 750 revolutiones
2678 695 2858 748 denuo
2883 693 3195 759 redeuntes,
3230 711 3381 750 men-

1801 789 1949 842 suris
2003 803 2066 842 ac
2108 788 2356 841 numeris
2403 786 2637 856 subjecit
2682 787 2845 840 Deus.
2891 783 3040 854 Opus
3088 785 3232 839 enim
3251 801 3376 854 pro-

1803 878 1948 932 fecto
1971 877 2094 941 fuit,
2125 886 2205 942 ut,
2237 892 2471 947 quorum
2497 875 2748 930 cssentiae
2775 891 2884 929 non
2912 877 2984 930 ita
3010 875 3300 940 exsistunt,
3326 886 3383 930 ut

1805 978 2027 1025 careant
2050 969 2231 1035 initio,
2271 978 2326 1024 et
2349 987 2468 1040 qua:
2492 968 2810 1039 propediem
2835 969 2902 1023 ad
2927 969 3052 1022 vita:
3076 969 3238 1022 finem
3263 985 3383 1038 per-

1805 1066 2041 1113 ventura
2080 1067 2230 1123 sunt,
2257 1067 2319 1112 ut
2352 1074 2416 1112 ea
2444 1066 2660 1127 tempus
2691 1057 2858 1112 etiam
2897 1057 3169 1127 ejusmodi
3218 1057 3386 1111 habe-

1807 1160 1949 1214 rent,
1990 1150 2138 1219 quod
2195 1159 2250 1204 et
2289 1150 2556 1219 inciperet
2596 1149 2856 1202 nimirum
2888 1158 2943 1202 et
2981 1149 3276 1215 desineret,
3306 1162 3387 1206 at-

1805 1258 1913 1314 que
1935 1244 2002 1298 ad
2042 1259 2126 1308 ea,
2154 1259 2276 1313 qua:
2316 1258 2425 1297 non
2475 1257 2692 1312 semper
2722 1251 2870 1307 sunt,
2906 1243 3196 1311 cogitatam
3243 1259 3383 1314 quo-

1806 1334 2098 1390 dammodo
2127 1335 2564 1390 accommodaret
2586 1335 3007 1390 naturam.Cum
3031 1336 3212 1405 itaque
3236 1351 3384 1389 mor-

1807 1427 2010 1483 talibus
2036 1443 2135 1498 per
2158 1435 2424 1499 tempora,
2448 1436 2504 1482 et
2527 1427 2710 1492 horas,
2741 1443 2805 1482 ac
2827 1429 2944 1483 dies
2975 1429 3113 1484 nihil
3140 1429 3212 1484 sit
3237 1429 3384 1484 aliud

1806 1519 2108 1586 invectum,
2141 1521 2248 1575 nisi
2272 1521 2363 1575 illa
2392 1521 2447 1574 in
2477 1520 2668 1575 orbem
2698 1522 3006 1584 conversio,
3044 1529 3100 1578 et
3131 1531 3382 1577 accurata

1807 1612 2099 1679 dimensio,
2129 1613 2263 1683 quid
2289 1621 2393 1676 est,
2435 1613 2580 1684 quod
2610 1629 2674 1668 ea
2700 1614 2950 1669 nonnulli
3003 1615 3248 1670 fabulose
3282 1615 3384 1670 fin-

1806 1715 1961 1775 gunt,
1989 1721 2110 1776 qua:
2132 1706 2204 1761 sit
2229 1707 2318 1760 vel
2337 1707 2576 1776 cogitare
2597 1705 2912 1771 ridiculum,
2929 1716 2984 1761 et
3006 1707 3142 1762 alias
3164 1709 3385 1778 quidem

1807 1798 1970 1852 horas
1993 1796 2266 1853 bcneficas
2280 1815 2401 1856 esse
2430 1801 2604 1868 aiunt,
2646 1800 2781 1859 alias
2805 1816 2984 1863 secus,
3025 1815 3226 1870 easque
3266 1801 3387 1855 dili-

138 1885 265 1944 εἷναί
299 1909 457 1984 φασι,
490 1895 585 1947 καὶ
620 1894 824 1966 ἀκριϐῆ
855 1895 975 1948 λίαν
1005 1897 1281 1952 ποιοῦνται
1314 1899 1412 1968 τὴν
1448 1901 1707 1984 ἐπιτήρηζ

1817 1891 2129 1961 gentissime
2171 1892 2486 1959 observant,
2514 1896 2731 1966 illisque
2756 1897 3028 1959 tribuunt,
3065 1904 3146 1959 ut,
3187 1895 3389 1964 quibus

143 1997 236 2046 σιν,
270 1983 466 2046 αὑταῖς
496 1985 860 2054 ἀπονέμοντες
893 1985 955 2038 τὸ
995 1987 1220 2055 ἐπάγειν
1245 1989 1503 2061 δύνασθαι
1545 1993 1606 2044 τό
1635 1983 1695 2045 τε

142 2072 424 2143 εὐημερεῖν
461 2073 554 2126 καὶ
583 2074 643 2125 τὸ
685 2073 950 2138 ἐναντίον,
982 2071 1064 2139 οἷς
1107 2077 1172 2130 ἂν
1208 2077 1413 2132 ἐλοιντο
1443 2081 1635 2150 τυχὸν,
1671 2082 1704 2150 ἢ

143 2159 212 2227 οἷς
267 2165 336 2220 ἂν
391 2165 562 2228 αύτάς
610 2167 824 2236 ἀνάγκη
879 2169 1236 2238 συμϐαίνειν;
1277 2166 1403 2242 Ἆρ’
1450 2168 1543 2226 οῦν
1589 2175 1710 2245 οὐχὶ

142 2253 288 2324 λῆρός
316 2272 380 2307 τε
427 2255 530 2326 ἠδη
571 2258 728 2310 ταυτὶ
765 2260 863 2312 καὶ
897 2260 1304 2330 ’φρενοϐλάϐεια
1347 2263 1515 2334 δεινὴ.
1558 2265 1706 2335 πάγη

142 2347 188 2401 δέ
209 2365 289 2412 τις
319 2347 607 2418 διαϐολικὴ
640 2349 1093 2422 φιλοκακούργως
1123 2353 1534 2424 ἐσκευασμένης

201 2441 407 2493 ΠΑΛΛ.
441 2441 608 2510 Φημὶ,
641 2441 738 2494 καὶ
763 2439 913 2494 ἔστιν
945 2443 1195 2513 ἐναργές.

203 2530 363 2584 ΚΥΡ.
405 2531 616 2600 Ὥσπερ
657 2529 768 2601 γάρ
807 2529 1086 2601 ἐλέγομεν,
1131 2532 1213 2584 ὅτι
1261 2533 1498 2604 Μοίραις
1529 2552 1584 2586 τε
1619 2537 1710 2588 καὶ

143 2617 281 2694 Τύχῃ
325 2621 420 2674 καὶ
455 2620 756 2690 ἀλλοτρίοις
792 2621 1024 2692 νεύμασι
1057 2621 1127 2675 τά
1151 2621 1272 2678 καθ’
1302 2625 1530 2688 ἑαυτοὺς
1564 2627 1711 2697 ἡμᾶς

143 2711 392 2765 ἀνάπτειν
429 2711 750 2778 ἀνέπειθον’,
785 2714 988 2766 εἰκαῖον
1033 2716 1162 2784 ἡμῖν
1215 2714 1602 2785 ἀποφαίνοντες
1651 2719 1710 2770 τὸ

144 2803 423 2873 ἐπιμελὲς,
479 2805 572 2858 καὶ
624 2804 894 2876 μερίμνης
934 2805 1362 2876 ἀποκομίζοντες
1410 2807 1512 2878 τῆς
1569 2808 1711 2878 ὑπὲρ

145 2895 282 2962 σφῶν
315 2895 533 2951 αὐτῶνθ
565 2895 708 2951 οὕτω
740 2895 968 2952 κάνθάδε
1014 2897 1114 2969 τὴν
1145 2899 1316 2970 αὐτὴν
1363 2901 1495 2970 ἡμῖν
1550 2899 1709 2971 ἐξαρ-

142 2984 347 3048 τύοντες
393 2985 684 3056 πλάνησιν,
727 2987 978 3058 καθάπερ
1010 2986 1068 3052 ἐξ
1103 2988 1402 3056 ἀναγκαίου
1445 2989 1612 3058 ζυγοῦ
1643 2991 1711 3044 τὰ

145 3074 198 3140 ἐξ
226 3078 443 3149 ἡμερῶν
481 3080 574 3132 καὶ
600 3079 758 3150 ὡρῶν
790 3079 1134 3152 ἐπηρτῆσθαι
1165 3099 1316 3150 φασι,
1347 3085 1458 3146 τοῖς
1491 3083 1584 3137 ἐπὶ
1610 3082 1708 3153 τῆς

144 3169 254 3240 γῆς,
286 3170 686 3240 δυσδιάφυκτον
731 3171 920 3242 ἔχοντα
949 3171 1048 3243 τὴν
1081 3172 1423 3244 διεκδρομήν·
1459 3174 1552 3228 καὶ
1579 3175 1707 3242 τόγε

146 3228 434 3331 παράδοξον
469 3228 867 3335 (ιγραοπρεπὴς
914 3228 1016 3334 μὲν
1054 3263 1161 3335 γὰρ
1189 3228 1452 3318 δ’τοιόσδε
1485 3228 1708 3336 μῦθοςι),
1740 3228 1782 3286 C

147 3347 310 3414 ῐολοις
351 3352 408 3405 δὲ
445 3355 564 3414 τοῖς
601 3352 728 3422 περὶ
757 3351 962 3404 τούτων
995 3351 1291 3423 νηρίθμους
1320 3349 1557 3423 ὁρῶντες
1585 3353 1709 3404 ἐποο

149 3443 302 3508 μένας
325 3445 423 3508 τὰς
447 3443 799 3508 ἀποτεύξεις,
830 3444 889 3498 οὐ
921 3441 1236 3515 χαρίζονται
1267 3444 1343 3515 (Ι)
1370 3446 1436 3514 τῇ
1465 3444 1635 3514 πείρᾳ
1654 3444 1716 3496 τὸ

143 3533 426 3607 διελέγχειν
467 3536 732 3590 δύνασθαι
776 3536 869 3589 τὸν
909 3535 1246 3606 φενακισμόν
1273 3551 1287 3565 °
1319 3535 1632 3606 φαυλότητα
1658 3535 1716 3589 δὲ

150 3629 582 3700 καταγράφοντες
613 3627 772 3698 ὡρῶν
799 3643 860 3680 τε
894 3627 988 3681 καὶ
1019 3626 1261 3699 ἡμερῶν,
1297 3627 1392 3679 καὶ
1423 3628 1542 3690 ταῖς
1562 3628 1642 3689 εἰς
1656 3626 1717 3679 τὸ

152 3720 286 3786 μεῖον
315 3720 389 3790 (2)
423 3719 759 3774 καταδύσεσι
791 3717 886 3773 τοῦ
917 3718 1223 3789 σεληνιαίου
1250 3717 1454 3772 κύκλου
1497 3718 1595 3788 τὴν
1623 3718 1718 3770 αὐ-

148 3809 234 3879 τὴν
264 3815 566 3880 ἐπάγοντες
593 3811 793 3882 ψῆφον,
825 3813 853 3865 ὃ
879 3811 932 3864 τί
963 3827 1096 3864 ποτε
1117 3810 1226 3882 ἀρα
1260 3811 1416 3880 φαῖεν
1442 3811 1527 3865 ἀν.
1559 3811 1622 3864 Ei
1651 3811 1715 3880 δὴ

153 3899 375 3968 βούλοιτό
405 3921 493 3966 τις
527 3905 588 3957 ἐν
619 3903 740 3974 ὥρᾳ
777 3904 876 3974 μιᾷ
925 3903 1020 3957 καὶ
1051 3904 1111 3956 ἐν
1141 3903 1326 3975 ἡμέρα
1368 3903 1554 3973 τυχὸν,
1586 3904 1716 3966 τοὺς

157 3991 242 4060 μὲν
281 3995 439 4060 ὄντας
481 3998 547 4048 ὲν
595 3994 940 4065 εὐημερίαις,
991 3995 1116 4056 τοὺς
1161 3994 1218 4048 δὲ
1266 3997 1386 4057 ταῖς
1459 3995 1717 4064 ἐσχάταις

156 4081 424 4148 ὲναλόντας
479 4087 829 4155 συμφοραῖς,
878 4082 1312 4154 ἀπαριθμεῖσθαι
1371 4083 1465 4136 καὶ
1515 4084 1715 4152 λέγειν,

155 4174 311 4228 καίτοι
387 4177 451 4230 τὸ
527 4175 688 4246 φύσει
753 4173 955 4244 φαῦλον
1026 4175 1188 4228 παντί
1262 4192 1338 4241 τῳ
1399 4175 1578 4244 γένοιτ
1652 4175 1718 4230 ἂν

153 4263 316 4318 ὁποῖον
361 4263 504 4322 εἶναι
554 4268 648 4319 καὶ
683 4267 958 4335 πέφυκεν·
997 4267 1153 4336 εῖπερ
1182 4261 1276 4320 οὖν
1322 4267 1470 4319 ἐστιν
1511 4265 1631 4338 ὥρα
1659 4285 1717 4320 τε

155 4355 237 4406 καὶ
269 4356 378 4424 ὴὼς
405 4360 523 4422 τοῖς
547 4357 642 4410 ἐπι
672 4357 776 4426 γῆς
804 4356 1092 4427 ἐπιζήμια,
1120 4355 1173 4408 τί
1207 4355 1282 4426 μὴ
1309 4358 1387 4418 είς
1428 4357 1636 4419 πάντας
1662 4358 1719 4409 ἐν

157 4445 244 4517 [σῳ
269 4448 334 4503 τά
358 4449 417 4515 ἐξ
443 4449 635 4504 αὐτῶν
663 4449 956 4520 διαστείχει
985 4447 1154 4519 βλάϐη
1181 4461 1195 4477 ⁸
1220 4447 1335 4501 ἀλλ’
1361 4450 1411 4502 oi.
1446 4448 1548 4518 μέν
1581 4450 1720 4502 εἰσιν

1811 1983 2106 2047 voluerint,
2132 1993 2227 2038 aut
2259 1986 2461 2054 quibus
2488 1988 2633 2058 ipsas
2659 1989 2979 2059 contingere.
3019 2003 3241 2042 necesse.
3265 1988 3387 2042 fue-

1811 2074 1920 2137 rit,
1958 2075 2028 2128 iis
2065 2075 2384 2132 hominibus
2425 2087 2538 2133 tum
2585 2080 2798 2135 felicem
2841 2095 3156 2135 successum
3191 2080 3388 2134 afferre

1810 2166 2042 2236 possint,
2062 2175 2178 2221 tum
2203 2179 2395 2224 contra
2436 2170 2755 2226 infelicem?
2787 2171 2980 2226 Nonne
3005 2170 3123 2226 haec
3152 2173 3260 2242 jam
3295 2171 3391 2225 de-

1811 2259 1934 2313 liria
1963 2268 2111 2325 sunt,
2138 2277 2202 2315 ac
2232 2263 2466 2318 maxima
2489 2263 2785 2330 dementia,
2829 2272 2885 2319 et
2912 2264 3141 2335 laqueus
3165 2262 3390 2334 quidam

1813 2351 2118 2409 diabolicus
2142 2355 2338 2410 callide
2374 2357 2641 2425 paratus?

1885 2444 2078 2499 PALL.
2110 2446 2340 2512 Fateor;
2373 2456 2428 2501 et
2454 2457 2536 2502 est
2561 2448 2615 2502 id
2642 2465 2772 2504 sane
2793 2449 3038 2504 evidens.

1881 2533 2038 2589 (ΝΒ.
2070 2536 2139 2591 Ut
2167 2537 2314 2590 enim
2341 2538 2504 2606 paulo
2527 2545 2653 2594 ante
2678 2539 3016 2604 dicebamus,
3054 2538 3272 2595 suaderi
3297 2555 3393 2594 no-

1815 2623 1901 2678 bis
1921 2624 1990 2678 ab
2016 2624 2143 2689 illis,
2171 2636 2233 2680 ut
2274 2625 2422 2682 Fatis
2445 2643 2508 2682 ac
2534 2628 2794 2684 Fortunae
2816 2629 3118 2700 alienisque
3148 2629 3395 2684 arbitriis
3431 2683 3435 2686 .

1817 2730 1906 2770 res
1928 2723 2147 2769 nostras
2178 2716 2554 2784 ascribamus;
2595 2733 2719 2773 cum
2756 2735 2950 2774 vanam
2995 2736 3117 2775 esse
3147 2728 3392 2776 nostram

1817 2807 2156 2879 diligentiam
2185 2811 2565 2879 pronuntient,
2590 2821 2646 2868 et
2669 2811 2946 2867 abducant
2969 2828 3000 2867 a
3023 2829 3154 2868 cura
3177 2830 3279 2884 pro
3299 2831 3396 2868 no-

1818 2899 1904 2954 bis
1928 2900 2060 2970 ipsis
2077 2900 2457 2971 suscipienda;
2483 2901 2563 2956 sic
2599 2902 2654 2956 in
2682 2903 2783 2957 hac
2810 2918 3030 2973 quoque
3053 2912 3206 2974 parte
3237 2921 3394 2959 eum-

1816 2994 1940 3047 dem
1962 2992 2120 3047 nobis
2149 3008 2392 3048 errorem
2419 3003 2732 3060 struentes,
2773 2996 2988 3051 dierum
3024 3006 3187 3067 atque
3232 2999 3394 3052 hora-

1818 3096 1940 3135 rum
1986 3097 2166 3145 casus,
2213 3082 2386 3146 aiunt,
2450 3082 2615 3154 206
2659 3091 2917 3153 tanquam
2969 3101 3036 3140 ex
3084 3089 3396 3140 necessaria

1814 3172 1945 3242 jugo
1971 3171 2619 3236 mortalibusimminere,
2642 3188 2780 3242 quos
2803 3174 3081 3229 declinare
3093 3176 3163 3228 sit
3185 3175 3398 3231 diﬂicil-

1817 3261 2009 3314 limum
2039 3279 2052 3312 ε
2079 3270 2134 3314 et
2159 3261 2308 3330 quod
2338 3262 2540 3315 mirum
2570 3270 2654 3316 est
2698 3263 2882 3332 (anilis
2907 3265 3055 3318 enim
3079 3273 3162 3319 est
3204 3266 3395 3337 hujus-

1817 3351 1964 3405 modi
2013 3350 2220 3421 fabula)
2259 3367 2382 3406 cum
2423 3353 2696 3423 ejusmodi
2733 3369 2906 3426 nugas
2961 3355 3399 3412 innumerabiles

1816 3441 2202 3496 frustrationes
2247 3442 2495 3496 comitari
2514 3442 2758 3508 videant,
2802 3459 2912 3498 non
2957 3452 3138 3499 tamen
3182 3448 3400 3516 experi-

1818 3541 2006 3588 mento
2035 3534 2365 3599 concedunt,
2395 3545 2456 3590 ut
2483 3535 2590 3589 hoc
2615 3550 2806 3590 eorum
2843 3547 3214 3592 commentum
3239 3553 3398 3593 coar—

1817 3642 1987 3698 guere
2008 3627 2200 3697 possit,
2231 3627 2326 3682 sed
2349 3627 2510 3682 horas
2547 3643 2610 3682 ac
2630 3635 2876 3699 tempora
2915 3631 3269 3702 malignitatis
3303 3646 3397 3688 ac-

1819 3718 2081 3782 cusando,
2105 3717 2358 3789 idemque
2381 3718 2649 3790 judicium
2675 3719 2742 3775 de
2767 3721 3151 3788 decrementis,
3174 3739 3295 3794 qua:
3316 3725 3398 3779 lu-

1819 3825 1902 3863 nae
1939 3808 2337 3878 globussubit,
2387 3809 2634 3875 ferendo,
2691 3811 2910 3880 quidvis
2950 3813 3171 3869 tandem
3215 3815 3399 3872 dicere

1819 3908 2098 3970 poterunt.
2125 3900 2182 3954 Si
2214 3901 2521 3972 quisigitur
2545 3903 2675 3958 velit
2704 3903 2758 3957 in
2776 3904 2966 3960 eadem
2998 3905 3153 3971 hora,
3173 3909 3398 3965 eodem-

1820 4007 1927 4060 que
1952 3992 2041 4046 die
2055 3991 2288 4047 fortasse
2312 3993 2450 4047 alios
2472 4010 2739 4064 prospero
2761 4011 3017 4052 successu
3056 3999 3229 4064 laetos,
3265 4002 3402 4056 alios

1820 4083 2072 4138 maximis
2114 4084 2519 4139 calamitatibus
2557 4100 2854 4154 oppressos
2894 4104 3186 4144 numerare
3224 4107 3286 4144 ac
3313 4092 3398 4146 di-

1821 4191 1969 4241 cere,
2007 4176 2178 4244 atqui,
2229 4175 2375 4244 quod
2404 4185 2596 4244 suapte
2625 4186 2818 4229 natura
2837 4178 3132 4248 malignum
3158 4189 3262 4243 est,
3286 4183 3402 4234 cui-

1821 4264 1904 4318 vis
1929 4265 2032 4318 tale
2057 4265 2127 4316 sit
2154 4278 2377 4317 necesse
2402 4271 2513 4325 est,
2541 4263 2700 4330 qnale
2728 4255 2786 4316 υἱ
2818 4273 2982 4327 esset,
3018 4265 3099 4318 illi
3131 4277 3215 4320 est
3248 4267 3401 4338 inge-

1821 4357 1996 4411 nitum
2036 4373 2048 4407 :
2077 4355 2121 4408 si
2147 4355 2312 4424 igitur
2336 4363 2465 4408 sunt
2503 4355 2634 4407 hora
2664 4363 2826 4424 atque
2853 4370 3050 4410 aurora
3088 4358 3402 4415 hominibus

1823 4446 2004 4509 noxia,
2030 4461 2129 4498 cur
2161 4459 2270 4498 non
2302 4443 2370 4497 ad
2410 4459 2602 4499 omnes
2640 4445 2926 4514 :equaliter
2961 4462 3154 4502 eorum
3197 4449 3400 4505 incom-

155 4538 205 4590 ἐν
222 4543 329 4605 τοῖς
354 4543 496 4612 ἄγαν
516 4541 950 4604 εὐκταιοτάτοις,
981 4543 1029 4594 oi
1055 4540 1112 4594 δέ
1136 4538 1450 4593 διολώλασιν
1480 4539 1591 4592 ἐσθ’
1607 4540 1714 4603 ὅτε,

1825 4537 1984 4592 moda
2024 4535 2371 4606 perveniunt,
2421 4533 2514 4589 sed
2556 4535 2647 4589 alii
2689 4552 2872 4591 rerum
2899 4548 3027 4594 sunt
3055 4542 3403 4612 exoptalissi-

156 4629 239 4682 καὶ
264 4631 357 4685 τοῦ
385 4633 527 4704 πρὸς
560 4632 713 4702 λῆξιν
743 4633 912 4695 ἰόντος
942 4631 1164 4701 έμπλεω
1198 4630 1371 4687 κακοῦ
1395 4671 1408 4695 ,
1448 4630 1616 4700 μῦθος
1645 4629 1714 4700 τῷ

1829 4645 2042 4684 marum
2083 4637 2365 4710 compotes
2410 4628 2564 4692 facti,
2620 4630 2711 4684 alii
2740 4631 2937 4699 perditi
2983 4632 3295 4694 interdum,
3340 4650 3404 4688 ac

158 4720 246 4792 βίῳ
277 4726 564 4793 γεγόνασι,
597 4727 690 4778 καὶ
716 4725 920 4794 σκηνῆς
949 4723 1207 4786 ὑπόθεσις
1229 4724 1537 4795 τραγικῆς;
1585 4722 1724 4776 Ἀλλ’

157 4811 290 4867 ἐστιν
319 4815 446 4869 ἰδεῖν
481 4818 601 4878 τοῖς
627 4831 692 4884 γε
731 4813 977 4886 ἀκριϐῶς
1003 4814 1246 4868 ἐθέλουσι
1283 4813 1344 4868 τὸ
1374 4815 1455 4868 ὅτι
1492 4813 1726 4886 μάλιστα

154 4902 416 4971 λυσιτελὲς
447 4908 652 4961 ειδέναι
678 4925 740 4960 τε
782 4907 875 4960 καὶ
902 4908 1176 4970 ἐκπονεῖν,
1211 4906 1293 4960 ὅτι
1332 4905 1474 4961 κατά
1501 4905 1601 4976 τὴν
1629 4907 1727 4958 αὺ-

156 4995 242 5065 τὴν
269 4998 481 5070 ἡμέραν
501 5017 565 5053 τε
591 5000 685 5052 καὶ
715 4999 864 5070 ὥραν
893 4998 1078 5068 τυχὸν,
1110 4999 1138 5051 ὁ
1161 4997 1310 5051 δεῖνα
1345 4998 1443 5068 μὲν
1467 4996 1582 5068 ἥλω
1611 5015 1728 5068 μοι·

158 5089 294 5155 χείας
318 5092 351 5161 ἢ
380 5092 547 5161 φόνου
578 5092 674 5146 καὶ
702 5091 908 5163 πικράς
940 5093 1051 5154 τοῖς
1075 5089 1386 5154 δικάζουσιν
1418 5088 1728 5144 ἀποτιννύει

158 5181 242 5245 τὰς
269 5183 446 5250 δίκας,
478 5187 507 5239 ὁ
535 5185 686 5239 δεῖνα
707 5185 763 5240 δὶ
800 5179 868 5238 αὖ
903 5181 1259 5254 σωφροσύνης
1285 5198 1346 5235 τε
1378 5182 1472 5235 καὶ
1505 5181 1726 5253 κοσμιό-

159 5287 306 5343 τητος
324 5280 420 5332 καὶ
450 5281 554 5348 τῆς
577 5280 715 5349 ὑπὲρ
727 5279 865 5348 ἄγαν
881 5276 1178 5340 ἐπιεικείας
1204 5275 1448 5338 ἐπαίνοις
1463 5275 1724 5346 ἐντρυφᾷ.

171 5360 293 5417 Ἀλλ’
316 5367 442 5420 οὔτε
460 5369 557 5421 τὸν
579 5368 880 5422 ἀκόλαστον
908 5365 1218 5436 ἀπείρξειεν
1237 5366 1304 5419 ἂν
1332 5364 1518 5435 ἡμέρα
1543 5381 1604 5417 τε
1636 5364 1732 5417 καὶ

161 5451 264 5524 ὦρα
281 5462 612 5531 σωφρονεῖν,
640 5458 763 5513 οὔτε
788 5460 894 5530 μὴν
908 5457 1000 5512 τὸν
1017 5456 1233 5526 ἐπιεικῆ
1251 5456 1344 5510 καὶ
1364 5455 1611 5525 κόσμιον,
1631 5470 1732 5507 κα-

161 5547 426 5618 ταθήξειεν
469 5549 540 5604 ἂν
575 5549 657 5612 είς
694 5549 968 5620 ἀκοσμίαν
1005 5549 1102 5602 καὶ
1136 5545 1467 5610 ἀκολάστους
1502 5546 1729 5618 ἡδονάς⁹

162 5641 336 5713 γνώμη
367 5643 428 5695 δὲ
475 5640 685 5713 μᾶλλον
723 5643 757 5712 η
794 5639 1054 5712 ἐλευθέρα
1086 5639 1222 5710 πρὸς
1256 5639 1364 5691 πᾶν
1402 5635 1603 5704 ὁτιοῦν,
1634 5637 1730 5690 καὶ

222 5755 292 5893 E1)
327 5757 521 5813 Codex
588 5754 773 5810 Sirleti
838 5754 935 5823 οὐχ
995 5752 1303 5823 ὁρίζονται,

241 5827 290 5892 2)
318 5828 455 5882 Cod.
497 5827 700 5892 Vatic.,
731 5829 808 5889 είς
830 5825 891 5878 τὸ
916 5825 1094 5893 μέσον.

241 5827 290 5892 2)
318 5828 455 5882 Cod.
497 5827 700 5892 Vatic.,
731 5829 808 5889 είς
830 5825 891 5878 τὸ
916 5825 1094 5895 μέσον.

1825 4721 2055 4776 summis
2080 4720 2235 4774 malis
2275 4720 2560 4786 cumulati,
2599 4721 2653 4774 in
2689 4721 2930 4776 fabulam
2971 4723 3156 4792 vulgi,
3217 4731 3271 4776 et
3300 4732 3403 4778 tra-

1823 4809 1958 4879 gicae
1995 4823 2173 4864 scenae
2209 4819 2592 4879 argumentum
2616 4810 2911 4866 abierunt?
2937 4811 3064 4875 Sed,
3089 4813 3402 4882 quicunque

1825 4899 2115 4970 diligenter
2139 4899 2284 4969 quod
2315 4899 2371 4954 in
2409 4900 2602 4969 primis
2622 4902 2864 4972 expedit,
2891 4901 2946 4955 id
2969 4909 3084 4955 tum
3118 4918 3280 4958 nosse
3307 4921 3402 4958 vo-

1824 4993 1966 5056 lunt,
1996 5000 2112 5046 tum
2134 5007 2266 5046 vero
2279 4992 2444 5047 etiam
2469 4993 2524 5046 in
2552 5008 2619 5048 eo
2641 4993 2943 5060 elaborare,
2969 4994 3036 5048 iis
3057 4994 3244 5050 videre
3280 4997 3407 5051 licet

1833 5083 2026 5138 eodem
2043 5082 2131 5138 die
2157 5091 2321 5154 atque
2345 5084 2479 5139 hora
2500 5085 2727 5141 fortasse
2751 5086 2899 5141 hunc
2923 5086 3144 5156 quidem
3173 5088 3238 5142 de
3256 5090 3408 5145 adul—

1836 5176 1977 5231 terio
2004 5183 2098 5232 aut
2119 5176 2268 5232 caede
2295 5177 2629 5242 convictum,
2673 5177 2900 5232 acerbas
2919 5178 3198 5247 judicibus
3221 5196 3406 5250 pennas.

1826 5268 2129 5332 exsolvere,
2159 5269 2392 5324 alterum
2414 5283 2546 5323 vero
2569 5268 2941 5338 temperantiae
2970 5281 3131 5340 atque
3157 5272 3411 5326 honesta-

1828 5359 1901 5412 tis
1921 5374 2258 5430 summaaque
2293 5359 2583 5429 probitatis
2617 5358 2874 5414 laudibus
2918 5359 3045 5414 frui.
3081 5361 3186 5418 Sed
3230 5377 3407 5431 neque

1833 5449 2290 5522 intemperantem
2335 5452 2488 5507 illum
2511 5451 2632 5506 dies
2666 5460 2761 5506 aut
2786 5451 2919 5507 hora
2942 5453 3225 5522 prohibuit
3276 5469 3410 5522 quo-

1835 5545 2019 5598 minus
2045 5550 2416 5612 temperanter
2453 5543 2698 5611 viveret;
2738 5559 2916 5615 neque
2949 5559 3141 5599 rursus
3177 5545 3410 5614 probum

1837 5645 1892 5692 et
1914 5636 2221 5692 modestum
2243 5635 2307 5691 ad
2334 5637 2714 5706 petulantiam,
2758 5646 2814 5692 et
2853 5637 3283 5707 intemperantes
3319 5655 3412 5692 vo-

1384 5769 1487 5805 non
1541 5749 1833 5804 declarant.
