3966 6298
534 320 559 374 ι
571 320 639 376 83

1565 316 1620 372 S.
1662 317 1937 374 CYRILLI
1979 318 2803 377 ALEXANDRINLARCHIEP.

3703 314 3815 370 464

535 431 772 500 luptatcs
797 427 1157 498 impulit,‘sed
1176 426 1468 483 arbitrium
1503 428 1688 497 potius
1727 428 1794 483 ad
1835 430 2018 484 omnia
2056 430 2110 485 li-

2224 434 2484 504 ἀνειμένη
2514 432 2678 503 ῥοπὴ,
2709 431 2799 484 τὸν
2825 431 2922 502 μὲν
2948 429 3007 484 ἐν
3034 429 3284 494 ἐκείνοις,
3309 428 3400 481 τὸν
3430 428 3476 480 δ’
3506 425 3576 484 αὖ
3608 431 3667 482 ἐν
3694 430 3816 483 τού-

534 522 750 587 berum,
770 530 829 576 et
851 521 1115 576 remissus
1133 536 1197 574 ac
1223 521 1438 576 solutus
1471 520 1772 576 voluntatis
1808 532 1998 585 nutus,
2042 523 2122 577 al-

534 624 714 671 terum
748 612 975 685 quidem
999 620 1062 666 ut
1101 611 1157 666 in
1179 611 1295 667 illis
1334 621 1670 679 versaretur,
1701 614 1935 668 alterum
1962 625 2024 670 ut
2064 614 2119 668 in

534 708 622 762 his
638 715 804 772 esset,
826 703 1030 763 effecit.
1060 703 1231 774 Igitur
1258 703 1315 757 in
1346 703 1506 760 nobis
1534 713 1637 769 est,
1685 719 1797 760 non
1823 704 1881 758 in
1905 711 2119 774 tempo-

537 814 661 853 rum
693 796 1037 853 naturalibus
1058 795 1418 865 qualitatibus
1457 794 1646 861 situm,
1691 795 1861 851 vitam
1904 803 1961 851 et
1991 812 2119 852 cum

534 888 721 945 laetitia
752 887 1056 949 traducere,
1084 891 1141 939 et
1162 901 1342 942 secus.

604 979 804 1035 PALL.
866 979 950 1035 ita
1011 975 1249 1032 videtur.
1296 977 1518 1032 Etenim
1562 993 1624 1033 es
1667 985 1818 1033 recta
1870 977 2119 1034 oratione

532 1085 689 1127 usus.

601 1161 759 1220 CYR.
784 1162 1173 1218 Extimescuut
1190 1170 1377 1217 autem
1404 1162 1462 1216 in
1494 1161 1690 1231 primis
1730 1162 1986 1232 quintum
2020 1176 2121 1216 oc-

529 1264 826 1327 tavumque
849 1255 1018 1322 diem,
1042 1266 1099 1313 et
1122 1263 1387 1313 excusant
1428 1256 1811 1312 excusationes
1841 1255 1899 1310 in
1920 1270 2117 1326 pecca-

534 1348 625 1415 tis,
652 1348 749 1404 sed
771 1364 937 1420 quam
960 1348 1177 1421 frigidis
1200 1358 1365 1420 atque
1410 1348 1653 1405 anilibus
1683 1348 2118 1404 ratiocinationi-

532 1441 636 1501 bus
671 1440 917 1507 ﬂuitent,
963 1442 1244 1498 hominem
1280 1440 1573 1513 prudentia
1612 1440 1903 1510 praeditum
1945 1440 2120 1496 latent

530 1534 809 1590 neminem
836 1552 851 1588 :
883 1549 1014 1589 nam
1053 1532 1324 1587 furiarum
1350 1532 1716 1602 quarumdam
1736 1531 2026 1602 originem,
2053 1546 2118 1587 ac

530 1626 949 1692 daemoniorum,
983 1641 1115 1697 quae
1150 1625 1275 1681 aliis
1313 1625 1638 1681 immaniora
1679 1624 1810 1689 sint,
1839 1630 2114 1689 exortum,

528 1732 720 1788 punias
751 1718 916 1779 etiam
964 1733 1030 1773 ac
1052 1717 1290 1783 multas,
1315 1726 1372 1772 et
1416 1716 1680 1774 nonnulla
1717 1715 1822 1771 alia
1848 1723 2115 1786 praeterea

2220 542 2333 589 τοις
2379 524 2629 593 γενέσθαι
2664 522 3103 594 παρεσκεύασεν.
3150 520 3360 574 Οὐκοῦν
3404 521 3463 572 ὲν
3509 522 3665 591 ἡμῖν,
3714 521 3811 575 καὶ

2220 616 2320 668 οὐκ
2346 617 2409 668 ὲν
2432 617 2555 678 ταῖς
2576 614 2687 670 τῶν
2707 615 2912 685 καιρῶν
2935 613 3185 682 ποιότησι
3212 615 3491 681 φυσικαῖς,
3518 611 3638 664 τότε
3666 612 3817 665 διευ-

2222 707 2509 778 θυμεῖσθαι
2538 707 2675 772 ἔστι,
2705 707 2800 761 καὶ
2830 704 2890 758 τὸ
2924 703 3001 776 μὴ
3027 702 3202 767 οὕτως
3230 704 3371 773 ἕχον.

2292 978 2502 1032 ΠΑΛΛ.
2538 978 2771 1032 Ἔοικεν.
2804 976 2981 1041 Εὐθὺς
3009 975 3116 1048 γὰρ
3141 978 3170 1030 ὁ
3198 975 3376 1044 λόγος.

2289 1158 2456 1213 ΚΥΡ.
2502 1158 2803 1214 Ἐκδεδίασι
2828 1159 2886 1213 δὲ
2925 1160 3010 1215 δτι
3040 1160 3277 1231 μάλιστα
3320 1159 3422 1229 τήν
3451 1176 3513 1212 τε
3548 1158 3807 1230 πέμπτην

2219 1248 2313 1303 καὶ
2337 1249 2531 1321 ὀγδόην
2573 1251 2811 1322 ἡμέραν,
2853 1250 2951 1305 καὶ
2982 1250 3414 1323 προφασίζονται
3454 1250 3557 1323 μὲν
3587 1252 3805 1323 προφά-

2222 1354 2334 1401 σεις
2359 1339 2419 1391 ὲν
2453 1339 2771 1412 ἁμαρτίαις,
2800 1338 3059 1412 λελήθασι
3087 1340 3146 1394 δὲ
3186 1340 3296 1395 τῶν
3329 1341 3679 1413 ἀρτιφρόνων
3717 1342 3793 1393 οὖ-

2217 1428 2343 1482 δένα
2360 1429 2591 1499 ψυχροῖς
2620 1430 2716 1483 καὶ
2733 1429 3036 1501 γραὼδεσιν
3068 1430 3458 1503 ὲπινηχόμενοι
3479 1431 3765 1502 λογισμοῖς
3787 1448 3800 1460 ·

2219 1518 2478 1588 ὲριννύων
2500 1518 2611 1591 γάρ
2632 1537 2795 1574 τινων
2826 1520 3041 1589 γένεσιν
3069 1523 3166 1576 καὶ
3188 1521 3481 1593 δαιμονίων
3509 1521 3801 1588 ἀνάδειξιν,

2217 1606 2253 1661 δι
2287 1606 2376 1660 καὶ
2421 1607 2532 1661 τῶν
2578 1608 2755 1664 ἄλλων
2792 1610 2943 1665 ἐστὶν
2972 1611 3326 1683 ἀγριώτερα,
3374 1612 3568 1676 ποινάς
3610 1630 3673 1666 τε
3713 1617 3804 1667 καὶ

2217 1697 2395 1765 δίκας,
2425 1700 2520 1754 καί
2539 1716 2661 1755 τινα
2683 1701 2822 1773 πρὸς
2842 1700 3053 1766 τούτοις
3072 1701 3255 1774 ἕτερα,
3286 1701 3586 1774 φληνάφως
3612 1704 3802 1768 αὑταῖς

528 1809 815 1882 nugatorie
840 1808 928 1864 his
955 1808 1198 1864 intexere
1223 1807 1411 1863 miseri
1440 1823 1549 1862 non
1579 1807 1933 1862 erubescunt.
1958 1804 2110 1872 Quod

2218 1790 2640 1857 ὲπιπλέκοντες,
2679 1793 2779 1847 οὐκ
2808 1791 3134 1865 ὲρυθριῶσιν
3174 1796 3225 1847 οί
3257 1793 3509 1858 τάλανες.
3547 1795 3614 1848 Εί
3645 1794 3705 1847 δὲ
3741 1795 3804 1866 δὴ

527 1901 574 1965 si
619 1902 765 1957 lunae
806 1901 1001 1972 globus
1043 1906 1204 1955 antea
1267 1899 1465 1970 plenus
1514 1900 1628 1971 jam
1677 1898 1745 1953 ad
1790 1898 2112 1953 decremen-

527 2001 646 2048 tum
667 1993 1036 2065 vergat-207
1069 1991 1169 2063 (sic
1186 1991 1336 2045 enim
1360 2008 1459 2062 per
1482 2001 1891 2047 menstruorum
1914 1990 2116 2060 spatio-

526 2098 651 2138 rum
686 2082 879 2138 orbem
917 2080 1221 2136 reflectitur
1252 2095 1402 2134 nunc
1442 2079 1790 2143 decrescens,
1825 2091 1976 2132 nunc
2010 2091 2111 2130 au-

525 2190 775 2248 gescens,
811 2182 875 2230 ut
911 2174 992 2230 illi
1021 2172 1341 2229 fabricatori
1388 2171 1568 2226 visum
1615 2170 1745 2242 est),
1789 2175 2010 2251 cessant
2038 2166 2113 2221 ab

525 2267 675 2325 omni
699 2282 885 2338 opere,
909 2264 1282 2336 profectiones
1303 2263 1470 2318 etiam
1496 2262 1551 2316 in
1575 2261 1746 2316 alium
1771 2259 1919 2314 diem
1950 2272 2112 2328 pror-

524 2375 620 2417 sus
642 2359 917 2432 rejiciunt,
942 2356 1104 2427 quod
1144 2370 1270 2410 cum
1295 2369 1362 2409 eo
1407 2353 1587 2408 sidere
1612 2351 1847 2407 deficere
1896 2355 2115 2403 nostras

523 2448 693 2501 etiam
736 2462 826 2504 res
847 2444 1203 2509 arbitrentur,
1234 2451 1292 2498 et
1321 2457 1445 2498 cum
1475 2441 1610 2496 illud
1659 2441 1727 2495 ad
1766 2437 2111 2494 imminutio-

525 2556 652 2595 nem
682 2539 844 2604 redit,
863 2539 1105 2593 humana
1128 2550 1348 2606 quoque
1374 2534 1538 2589 simul
1568 2532 1853 2589 tabescere
1891 2539 2108 2602 putent.

526 2631 603 2687 Ac
659 2629 876 2700 siquid,
934 2629 1154 2683 illorum
1233 2624 1527 2681 stultitiam
1577 2623 1882 2688 irridendo,
1925 2624 2113 2679 dicere

528 2721 611 2776 fas
644 2729 748 2785 est,
775 2719 829 2775 id
858 2724 1092 2789 pavent,
1132 2716 1281 2789 quod
1312 2716 1510 2772 ostreis
1544 2724 1600 2770 et
1639 2716 1887 2771 oleribus
1926 2715 2110 2771 infeli-

519 2812 765 2868 cissimis
791 2819 876 2868 est
907 2808 1431 2882 pertimescendum.
1496 2807 1823 2880 Hujusmodi
1874 2824 2112 2878 namque

520 2919 759 2976 corpora
792 2902 1024 2958 fortasse
1052 2911 1150 2957 aut
1188 2902 1356 2957 etiam
1383 2901 1591 2972 majora
1616 2914 1839 2970 quoque
1877 2916 1940 2954 ac
1969 2914 2110 2969 prre-

525 2996 793 3053 stantiora
820 2996 1063 3051 sinamus
1083 3002 1295 3049 natura:
1310 2992 1364 3047 vi
1387 2991 1957 3063 ejusdematl‘ectionis
1982 3006 2110 3046 sen-

2221 1883 2316 1936 καὶ
2345 1884 2763 1957 ὑπονοστήσειεν
2801 1886 2894 1939 ὲπὶ
2921 1885 2983 1940 τὸ
3029 1888 3180 1956 μεῖον
3226 1887 3255 1941 ὁ
3303 1888 3434 1957 πρὶν
3485 1886 3804 1959 πλησιφαὴς

2215 1975 2291 2029 ὣν
2315 1977 2416 2049 ’ήδη
2445 1978 2543 2048 τῆς
2575 1978 2804 2050 σελήνης
2829 1979 3050 2045 κύκλος,
3069 1980 3404 2052 διατορνεύει
3436 1981 3547 2054 γὰρ
3569 1976 3677 2037 ὧδε
3697 1984 3803 2039 τῶν

2219 2073 2486 2143 μηνιαίων
2520 2072 2907 2143 διαστημάτων
2940 2071 3002 2124 τὸ
3039 2072 3407 2143 ἁνακύκλημα
3445 2073 3713 2141 φθίνουσά
3744 2090 3804 2127 τε

2216 2163 2309 2216 καὶ
2336 2160 2573 2227 αὔξουσα
2607 2162 2751 2215 κατά
2779 2177 2843 2230 γε
2872 2161 2934 2215 τὸ
2962 2150 3355 2235 τῖεχξησαμένῳ
3377 2162 3571 2216 δοκοῦν
3595 2182 3609 2197 ·
3633 2183 3801 2219 κατα-

2213 2255 2438 2327 λήγουσι
2471 2256 2571 2326 μὲν
2602 2254 2768 2326 ἔργου
2793 2255 3016 2319 παντὸς,
3049 2255 3429 2326 ὑπερτίθενται
3456 2256 3514 2310 δὲ
3540 2258 3636 2310 καὶ
3662 2258 3799 2311 ἀπο-

2212 2348 2414 2418 δημίας
2468 2348 2651 2413 πάντη
2702 2364 2764 2400 τε
2819 2347 2912 2400 καὶ
2958 2346 3177 2411 πάντως
3209 2347 3531 2417 συμφθίνειν
3567 2349 3801 2419 οἰόμενοι

2213 2440 2290 2511 τῷ
2340 2442 2595 2513 στοιχείῳ
2637 2438 2709 2492 τὰ
2740 2437 2863 2491 καθ’
2890 2439 3042 2508 ἡμᾶς
3066 2479 3081 2503 ,
3116 2437 3213 2492 καὶ
3253 2440 3375 2502 ταῖς
3405 2440 3488 2503 είς
3537 2440 3601 2492 τὸ
3648 2442 3801 2509 μεῖον

2214 2534 2585 2603 ὑποστροφαῖς
2619 2529 3049 2603 συνεκτήκεσθαι
3076 2528 3148 2582 τὰ
3187 2530 3528 2602 ἀνθρώπινα.
3577 2533 3718 2585 Ἀλλ’
3754 2536 3801 2586 εξ

2212 2625 2316 2695 χρή
2349 2642 2401 2677 τι
2421 2625 2542 2687 ταῖς
2573 2622 2797 2678 ἐκείνων
2818 2621 3136 2685 ἀσυνεσίαις
3158 2622 3577 2694 ἐπιμειδιῶντας
3601 2628 3801 2689 είπεῖν,

2211 2714 2303 2768 τὸν
2330 2715 2601 2788 ὀστρείοις
2631 2713 2922 2785 πρέποντα
2953 2715 3049 2767 καὶ
3087 2715 3200 2777 τοῖς
3235 2714 3345 2767 τῶν
3389 2713 3639 2786 λαχάνων
3670 2718 3803 2771 ἁτυσ

2212 2805 2494 2877 χεστάτοις
2542 2806 2874 2877 εἰσδέχονται
2914 2804 3100 2875 φόϐον.
3144 2806 3382 2877 Σώματα
3433 2806 3532 2876 μὲν
3578 2807 3689 2880 γὰρ
3734 2812 3803 2863 τὰ

2210 2898 2389 2953 τοιάδε
2404 2896 2566 2970 τυχὸν
2578 2898 2754 2968 ἥγουν
2771 2895 2839 2951 τὰ
2859 2896 2939 2950 ἔτι
2965 2896 3137 2968 μείζω
3156 2914 3217 2950 τε
3239 2899 3336 2952 καὶ
3361 2900 3697 2970 προφερέστε
3708 2917 3802 2971 ρα,

2211 2989 2469 3061 πασχέτω
2507 2988 2756 3059 φυσικῶς
2799 2988 2900 3060 τὴν
2937 2988 3315 3059 συναίσθησιν,
3350 2989 3473 3043 καθ’
3509 2989 3568 3043 ὃν
3597 2986 3741 3044 οἶδεν
3779 2995 3810 3045 ὁ

525 3088 985 3161 sumpercipere,
1015 3103 1079 3143 ea
1119 3086 1354 3151 ratione,
1388 3083 1583 3156 Opiﬁci
1613 3083 1866 3155 cognita:
1894 3082 2107 3137 lubrica

2218 3082 2556 3155 Δημιουργὸς
2594 3081 2776 3151 λόγον·
2815 3080 3122 3154 ἐπισφαλής
3155 3081 3264 3152 γὰρ
3292 3083 3353 3135 ὲν
3378 3081 3587 3145 τούτοις
3617 3084 3650 3153 ή
3698 3084 3802 3153 βά-

524 3155 762 3252 namque
781 3155 947 3235 estin
971 3175 1288 3248 huiusmodi
1314 3155 1482 3230 rebus
1523 3173 1830 3244 inquisitio,
1855 3179 2106 3243 praestat-

2218 3191 2372 3239 σανος
2394 3214 2409 3239 ,
2445 3173 2542 3228 καὶ
2580 3174 2682 3227 ούκ
2714 3173 2945 3246 ἀκερδὲς
2983 3173 3046 3226 τὸ
3094 3173 3409 3246 ἄπραγμον,
3456 3174 3693 3239 διανοίας
3739 3175 3799 3228 δὲ

522 3289 633 3346 quc
670 3271 887 3329 curiose
933 3284 1046 3324 non
1103 3267 1415 3338 inquirere;
1457 3272 1514 3320 at
1560 3274 1711 3320 certe
1747 3265 1817 3319 ab
1860 3264 2103 3319 humano

2218 3266 2554 3338 ὶνθρωπίνης
2570 3266 2864 3339 ἀφεστήξει
2890 3267 3026 3322 πολὺ
3049 3269 3144 3322 καί⁵
3168 3268 3392 3340 μακράν
3412 3284 3514 3323 που
3535 3267 3799 3339 ὡχρῆμα

520 3367 707 3424 animo
728 3381 795 3421 ea
840 3360 1151 3420 resaberit
1193 3375 1257 3415 ac
1296 3359 1457 3429 longe
1502 3365 1712 3413 remota
1766 3357 1896 3412 erit.
1941 3356 2101 3419 Nam,

2218 3360 2469 3417 κείσεται.
2519 3361 2584 3415 Εἰ
2613 3360 2724 3433 γὰρ
2755 3361 2851 3415 καὶ
2875 3361 3052 3430 φθίνει
3077 3362 3237 3432 τυχὸν
3270 3362 3332 3415 τὸ
3360 3364 3644 3433 στοιχεῖον,
3677 3362 3809 3415 ἀλλ’

522 3458 743 3517 etiamsi
780 3456 937 3515 sidus
957 3454 1094 3509 illud
1117 3452 1402 3508 decrescat
1427 3449 1589 3516 forte,
1617 3449 1702 3504 vir
1723 3455 1871 3503 certe
1892 3455 2102 3516 tempe-

2218 3455 2312 3521 ὅγε
2340 3451 2573 3526 σώφρων
2594 3455 2688 3506 καὶ
2711 3452 2959 3524 ἐμμελὴς
2972 3453 3124 3507 οὐδὲν
3147 3448 3313 3527 ἦττον
3345 3453 3499 3507 ἔσται
3527 3452 3797 3519 τοιοῦτος,

523 3558 743 3618 rans,et
766 3549 1086 3604 moderatus
1141 3543 1503 3599 nihilominus
1545 3542 1689 3597 idem
1737 3538 2102 3612 permanebit,

2218 3546 2299 3600 καὶ
2321 3547 2423 3600 οὐκ
2438 3544 2505 3600 ἂν
2522 3548 2640 3610 ταῖς
2669 3546 2881 3600 ἐκείνου
2911 3545 3189 3616 συνιζήσει
3217 3545 3416 3613 αὐγαῖς
3436 3546 3532 3599 ἐπὶ
3558 3546 3620 3599 τὸ
3645 3548 3805 3616 μεῖον

524 3658 704 3713 neque
746 3641 897 3695 illius
942 3638 1162 3691 animus
1205 3650 1313 3689 una
1356 3649 1482 3689 cum
1509 3634 1630 3704 ejus
1652 3632 1854 3688 sideris
1892 3632 2105 3701 fulgore

2218 3638 2406 3705 5νοῦς,
2451 3637 2558 3693 οὐδ’
2588 3637 2653 3692 ἂν
2694 3637 2984 3709 μεταθεῖτο
3022 3638 3131 3691 τῶν
3177 3637 3523 3708 πραγμάτων
3555 3637 3588 3707 ή
3632 3636 3803 3706 φύσις

523 3734 827 3794 minuetur,
850 3743 1032 3797 neque
1077 3728 1323 3795 ipsarum
1355 3740 1540 3779 rerum
1571 3731 1772 3779 natura
1806 3724 1861 3777 vi
1908 3722 2107 3778 sideris

524 3832 734 3888 coacta,
756 3822 825 3877 ad
847 3819 1152 3890 turpiorem
1195 3816 1550 3872 melioremve
1596 3823 1803 3869 statum
1836 3813 2108 3884 demigra-

526 3916 627 3972 bit.
654 3894 886 3984 Semper
913 3910 1062 3966 enim
1091 3908 1204 3965 fere
1229 3923 1345 3973 eos,
1372 3907 1470 3977 qui
1492 3906 1784 3978 praeclaras
1810 3921 1901 3961 res
1922 3920 2110 3977 gesse-

526 4013 693 4071 runt,
739 3999 1098 4072 consequitur
1139 3997 1387 4053 omnium
1432 3998 1702 4054 bonorum
1740 3997 2004 4067 adeptio,
2051 4003 2109 4051 et

523 4106 716 4157 contra
748 4095 1033 4152 malorum.
1055 4091 1322 4147 factorum
1344 4100 1598 4146 auctores
1616 4090 1840 4161 praemia
1874 4089 1982 4144 illis
2020 4088 2106 4143 di-

520 4192 785 4265 gnissima
849 4185 1202 4244 comitantur.
1247 4182 1416 4240 Miror
1458 4191 1665 4249 autem,
1719 4198 1860 4248 cur,
1913 4182 2108 4238 decre-

521 4293 710 4344 scente
733 4280 957 4355 quidem
990 4279 1141 4346 luna,
1168 4287 1225 4335 et
1249 4277 1318 4335 ad
1345 4276 1509 4333 ﬁnem
1531 4276 1735 4331 mensis
1755 4275 2106 4340 dccurrente,

523 4377 722 4435 iisdem
759 4372 1100 4437 hominibus,
1151 4385 1277 4425 cum
1306 4369 1648 4424 feneratores
1675 4370 1806 4431 sint,
1840 4375 1896 4422 et
1934 4382 2105 4436 pecu-

2209 3729 2306 3783 ἐπὶ
2329 3730 2391 3784 τὸ
2423 3729 2631 3801 αἴσχιόν
2669 3746 2729 3782 τε
2759 3730 2855 3783 καὶ
2884 3729 3109 3800 ἄμεινον
3135 3731 3257 3792 ταῖς
3283 3728 3378 3781 τοῦ
3404 3730 3676 3801 στοιχείου
3705 3727 3830 3781 δυο.

2146 3888 2153 3894 1
2209 3823 2407 3894 νάμεσι
2444 3820 2965 3893 κατηναγκασμένη.
3035 3819 3148 3875 Ἀεὶ
3198 3820 3307 3893 γάρ
3342 3838 3462 3886 πως
3508 3836 3809 3893 συμπαροο

2213 3917 2413 3988 μαρτεῖ
2436 3918 2550 3979 τοῖς
2592 3915 2689 3986 μὲν
2718 3914 2827 3969 τῶν
2853 3915 3090 3986 ἀρίστων
3122 3915 3479 3987 δημιουργοῖς
3506 3915 3568 3968 τὸ
3594 3914 3804 3984 χρῆναι

2214 4007 2541 4078 μεταλαχείν
2566 4007 2770 4070 παντὸς
2802 4006 3032 4076 ἀγαθοῦ,
3057 4009 3172 4071 τοῖς
3208 4023 3271 4076 γε
3300 4008 3410 4078 μὴν
3431 4005 3547 4060 τῶν
3573 4007 3803 4076 φαύλων

2211 4099 2508 4170 ἐργάταις,
2550 4099 2620 4153 τὰ
2666 4101 2852 4166 αὐτοῖς
2904 4100 2991 4155 ὅτι
3030 4098 3267 4171 μάλιστα
3318 4097 3797 4170 πρεπωδέστατα.

2210 4191 2488 4262 Θαυμάζω
2518 4192 2576 4246 δὲ
2612 4194 2694 4246 δτι
2724 4192 3022 4263 φθινούσης
3051 4192 3284 4264 σελήνης
3308 4231 3324 4256 ,
3362 4192 3463 4246 καὶ
3502 4192 3585 4256 είς
3614 4192 3678 4245 τὸ
3699 4192 3801 4246 τοῦ

2215 4282 2387 4353 μηνὸς
2410 4283 2741 4355 διερπούσης
2770 4284 2942 4348 τέλος,
2977 4284 3245 4354 χρήσταις
3282 4282 3383 4354 μὲν
3429 4277 3584 4336 οὖσιν
3608 4283 3804 4344 αὐτοῖς

2211 4377 2306 4428 καὶ
2342 4375 2482 4443 ἄγαν
2526 4375 2997 4446 ἐρασιχρημάτοις
3035 4374 3361 4440 αὐξάνουσιν
3388 4375 3438 4428 οἱ
3472 4373 3627 4428 τόκοι
3648 4414 3664 4440 ,
3701 4377 3807 4428 καὶ

520 4470 738 4526 uiarum
767 4479 900 4522 sane
938 4462 1172 4533 cupidi,
1223 4468 1506 4516 accrescat
1560 4458 1758 4524 fenus,
1802 4466 2104 4528 contraque

2218 4467 2479 4540 ἁδρότερα
2518 4466 2629 4520 τῶν
2676 4466 3060 4551 δεδανεικότων
3099 4467 3447 4524 ἀποτελεῖται
3494 4466 3567 4521 τὰ
3595 4467 3805 4539 βαλάν-

518 4568 774 4618 mutuum
804 4541 1142 4615 sumentium
1177 4566 1454 4609 crumena!
1476 4551 1714 4607 leviores
1749 4550 1914 4616 ﬁant;
1939 4558 2104 4605 caete-

517 4670 607 4711 ras
632 4667 796 4725 porro
825 4663 914 4706 res
935 4663 1044 4705 una
1068 4662 1195 4703 cum
1217 4644 1397 4701 sidere
1419 4643 1736 4699 necessario
1760 4641 2102 4706 decrescere,

514 4760 581 4801 ac
611 4742 774 4801 simul
798 4739 938 4796 allici
957 4736 1146 4794 nescio
1171 4750 1410 4807 quonam
1444 4733 1607 4789 modo
1646 4730 1981 4811 putaverint.
2018 4730 2102 4787 An

516 4838 634 4893 haec
660 4851 772 4891 non
795 4834 940 4889 risus
962 4846 1030 4887 ac
1055 4826 1304 4885 stultitia:
1327 4826 1490 4896 plena
1516 4840 1636 4881 esse
1674 4822 1912 4878 afﬁrmas
1937 4822 1961 4876 ‘!

586 4924 785 4980 PALL.
810 4921 1045 4977 Maxime
1068 4932 1221 4974 vero.

584 5012 743 5070 (ΠΒ.
791 5010 899 5067 Sed
946 5007 1303 5081 opinionibus
1344 5005 1484 5061 adeo
1526 5003 1711 5059 stultis
1739 5001 1879 5058 velle
1920 5000 2099 5071 longis

516 5102 983 5178 disputationibus
1004 5115 1334 5173 repugnare,
1359 5111 1562 5153 vanum
1590 5103 1696 5159 est,
1719 5109 1841 5149 mea
1872 5093 2096 5164 quidem

515 5197 787 5257 sententia
810 5194 1126 5252 :suntcnim
1148 5207 1247 5248 sua
1259 5196 1475 5260 sponte,
1501 5185 1666 5241 etiam
1688 5185 1841 5240 nullo
1855 5184 2094 5251 dicente,

516 5301 722 5363 turpes.
748 5289 1047 5360 Pergamus
1067 5299 1218 5340 nunc
1243 5280 1312 5336 ad
1346 5279 1480 5333 illud
1521 5277 1723 5349 potius.

582 5380 780 5440 PALL.
806 5376 1112 5446 Quodnam,
1141 5371 1314 5443 rogo?

582 5475 742 5533 ΟΥΕ.
775 5463 1099 5527 Abominari
1139 5463 1276 5518 mihi
1322 5462 1552 5519 Satanas
1578 5461 1800 5517 videtur
1842 5470 1901 5517 et
1933 5462 2098 5532 quin-

513 5577 633 5624 tum
661 5574 718 5620 et
743 5572 998 5619 octavum
1043 5556 1223 5621 diem,
1263 5564 1319 5609 et
1363 5553 1516 5608 illum
1557 5570 1626 5609 ex
1667 5555 1831 5625 pleno
1890 5554 2099 5617 lumine

515 5660 661 5715 luna:
694 5670 1005 5721 recessum,
1048 5654 1132 5709 vel
1170 5654 1573 5733 coniunctionis
1614 5665 1850 5726 tempus,
1892 5656 1947 5711 id
1987 5664 2094 5721 est,

588 5776 667 5853 (ί)
695 5774 831 5833 Cod.
863 5774 1038 5831 \‘atic.
1052 5815 1065 5841 ,
1100 5773 1241 5829 ὁδοῦ.

2214 4578 2306 4615 τια
2322 4602 2336 4626 ,
2378 4560 2911 4632 συγκατισχνοῦσθαι
2936 4556 2993 4615 δὲ
3017 4561 3094 4633 τῷ
3121 4561 3372 4633 στοιχείῳ
3395 4561 3492 4616 καὶ
3518 4563 3807 4633 συναῤῥω-

2214 4653 2360 4704 στεῖν
2394 4650 2710 4720 ἀναγκαίως
2734 4649 2804 4704 τὰ
2830 4650 2995 4722 ἕτερα
3024 4651 3133 4707 τῶν
3163 4652 3532 4723 πραγμάτων,
3559 4652 3663 4706 ούκ
3699 4649 3806 4706 οἷδ’

2210 4744 2358 4807 ὅπως
2385 4740 2772 4812 ὑπειλήφασιν.
2801 4743 2872 4795 Ἦ
2904 4742 3006 4797 οὐκ
3044 4739 3182 4798 εἶναι
3221 4731 3328 4815 φὴς
3362 4743 3713 4813 γελοιότητός
3745 4761 3819 4799 τε

2211 4836 2304 4887 καὶ
2334 4833 2627 4896 ἀσυνεσίας
2665 4832 2888 4904 ἕμπλεω
2914 4835 3071 4887 ταυτί
3096 4852 3110 4900 ;

2279 4926 2485 4979 ΠΑΛΛ.
2523 4926 2674 4980 Πάνυ
2702 4926 2802 4997 μὲν
2835 4921 2947 4981 οὖν.

2277 5016 2442 5072 ΚΥΡ.
2468 5017 2541 5072 Τὸ
2572 5016 2672 5089 μὲν
2700 5019 2815 5082 τοῖς
2842 5017 3017 5082 οὕτως
3039 5017 3334 5091 φληνάφως
3354 5020 3806 5093 ὑπειλημμένοις

2208 5110 2453 5182 μακροὺς
2470 5110 2790 5180 ἀντεξάγειν
2814 5110 3026 5181 λόγους,
3063 5113 3273 5166 εἰκαῖον
3300 5106 3459 5183 οἶμαί
3480 5129 3602 5166 που.
3628 5114 3816 5167 Noae?

2205 5203 2312 5275 γὰρ
2350 5201 2410 5268 ἐξ
2455 5202 2685 5270 ἑαυτῶν,
2735 5202 2837 5258 κᾶν
2866 5203 2916 5256 εί
2955 5203 3032 5297 μιή
3066 5220 3156 5268 τις
3195 5202 3381 5274 λέγοι,
3424 5205 3488 5259 τὸ
3534 5205 3811 5270 ἀκαλλὲς.

2210 5298 2409 5367 Ἴωμεν
2431 5296 2490 5349 δὲ
2519 5295 2717 5367 μᾶλλον
2744 5296 2832 5349 ἐπ’
2856 5295 3034 5350 ἐκεῖνο
3051 5296 3193 5351 νυνί.

2278 5380 2503 5437 ΠΑΛΛι
2523 5380 2597 5433 Τδ
2626 5381 2777 5434 ποῖον
2796 5397 2812 5447 ;

2274 5473 2442 5528 ΚΥΡ.
2479 5472 3009 5542 Καταμυσάττεσθαί
3040 5491 3132 5545 μοι
3152 5474 3305 5528 δοκεῖ
3321 5476 3424 5545 τήν
3447 5492 3505 5529 τε
3530 5473 3819 5547 πέμπτην

2206 5565 2301 5619 και
2338 5563 2530 5635 ὀγδόην
2563 5563 2776 5636 ἡμέραν
2800 5566 2830 5619 ὁ
2854 5565 3132 5631 Σατανᾶς,
3158 5567 3256 5628 καὶ
3278 5567 3382 5638 τὴν
3419 5568 3520 5640 τῆς
3560 5569 3823 5639 σελήνης

2205 5656 2269 5709 ἐκ
2296 5653 2640 5727 πλησιφαοῦς
2668 5653 2860 5710 ἁνόπιν
2885 5654 3023 5723 ὁδὸν,
3051 5656 3172 5729 ἢτοι
3203 5656 3306 5729 τῆς
3335 5658 3559 5714 συνόδου
3589 5659 3673 5731 (1)
3708 5660 3824 5715 τὸν
