3966 6298
212 198 304 258 465

907 204 996 260 DE
1034 206 1473 267 ADORATIONE
1515 213 1580 268 ΙΝ
1616 212 1885 274 SPlRlTU
1925 218 2015 273 ET
2058 218 2424 273 VERITA'LE.
2460 218 2586 272 LIB.
2628 219 2715 273 Vl.

3337 219 3441 277 466

210 313 408 387 καιρὸν,
438 315 707 382 τουτέστι,
738 317 837 390 τὴν
858 328 1478 401 τεσσαρεσκαιδεκάτην,
1503 331 1568 385 δι’
1589 332 1768 387 αἰτίαν

1882 334 2153 391 decimum
2170 333 2613 406 quartumdiem,
2639 336 2710 390 ob
2737 350 2859 391 eam
2896 351 3117 393 causam
3154 354 3166 391 ε
3190 337 3440 408 quamvis

209 404 472 474 τοιαύτην,
500 405 604 461 κᾶν
633 408 680 459 εί
708 412 1079 481 παμποίκιλος
1103 416 1179 474 ὢν
1216 420 1311 474 καὶ
1338 421 1534 494 δριμὺς
1561 426 1642 488 είς
1670 443 1767 479 κα-

211 495 489 567 κουργίαν,
529 498 724 570 ἑτέρας
764 503 948 568 αὐτοῖς
993 508 1278 564 ὲπιπλέκει
1328 512 1427 576 τάς
1472 514 1764 586 ἀφορμάς⁸

210 589 325 650 τοὺς
358 587 467 657 γάρ
495 604 578 641 τοι
611 593 836 662 καιροὺς
868 596 986 666 ἦτοι
1013 598 1110 663 τὰς
1143 600 1379 674 ἡμέρας,
1404 606 1463 658 ὲν
1493 600 1580 669 αἷς
1605 607 1768 660 αὐτὸν

209 679 300 748 τῆς
344 678 467 731 καθ’
498 680 655 765 ημῶν
694 686 1003 756 τυραννίδος
1035 690 1358 746 ἀπολισθεῖν
1397 696 1764 768 συμϐέϐηκεν,

210 767 604 839 ἐπιλάμψαντος
650 774 781 845 ἡμῖν
824 776 917 830 τοῦ
972 780 1311 849 Μονογενοῦς
1360 786 1420 839 ὲν
1454 767 1770 860 ἀνθρωπεία⁸

213 862 376 930 μορφῇ
405 862 500 915 καὶ
539 864 597 917 ὲν
640 866 771 919 εἴδει
801 867 878 939 τῷ
920 870 1043 923 καθ’
1069 873 1214 943 ἡμᾶς
1234 912 1249 939 ,
1280 875 1422 947 τάχα
1445 895 1549 932 που
1586 879 1680 933 καὶ
1709 881 1768 935 ὲν

207 950 378 1018 ψιλαῖς
406 954 637 1020 ἐννοίαις
669 956 810 1012 ἑλεῖν
845 961 944 1014 οὐκ
982 962 1257 1034 ἀνέχεται.

274 1045 474 1099 ΠΑΛΛ.
509 1048 632 1114 Πῶς
652 1049 716 1122 δὴ
741 1054 879 1124 φής

272 1137 427 1191 ΚΥΡ.
461 1139 536 1193 Ού
557 1139 687 1213 γάρ,
717 1136 762 1196 ὦ
785 1145 1071 1214 Παλλάδιε,
1100 1151 1349 1222 πέμπτος
1398 1153 1529 1223 ἡμῖν
1563 1154 1767 1225 ἀπαρι-

207 1227 411 1298 θμεῖται
435 1232 646 1301 καιρὸς,
671 1235 700 1287 ὁ
721 1234 819 1305 τῆς
846 1237 939 1291 τοῦ
971 1240 1226 1313 Σωτῆρος
1259 1243 1415 1315 ἡμῶν
1442 1244 1767 1316 ὲπιδημίαςς

269 1320 474 1376 ΠΑΛΛ.
518 1324 747 1395 Συνίημι
790 1327 819 1381 δ
865 1330 1003 1402 φὴς,
1045 1333 1152 1387 ἀπό
1176 1351 1241 1403 γε
1286 1334 1388 1406 τῆς
1411 1336 1770 1408 εὐαγγελικῆς

206 1410 530 1483 παραϐολῆς.
596 1415 1006 1490 Ἐξεληλυθέναι
1052 1425 1160 1496 γὰρ
1207 1424 1313 1497 ἔφη
1359 1426 1626 1498 Χριστὸς,
1676 1428 1770 1483 τὸν

203 1501 309 1590 τοῖς
337 1502 597 1572 ἐργάταις
628 1508 709 1571 είς
740 1508 830 1562 τὸν
861 1512 1160 1582 ἀμπελῶνα
1205 1515 1586 1589 μισθούμενον,
1641 1520 1770 1590 περὶ

1870 433 1932 482 ut
1955 434 2041 482 est
2059 427 2247 483 varius
2269 434 2327 482 et
2349 441 2477 482 acer
2506 426 2575 481 ad
2613 425 2869 482 astutiam
2889 424 3074 492 ,.alias
3110 426 3219 484 illis
3251 441 3443 484 causas

1868 525 2056 574 nectat
2082 537 2094 571 :
2124 534 2251 573 nam
2282 526 2535 588 tempora
2569 522 2667 571 aut
2689 516 3070 587 diesyquibus
3094 518 3273 589 ipsum
3295 534 3327 575 e
3357 525 3442 590 ty-

1870 610 2122 676 rannide,
2147 625 2254 680 qua
2277 608 2438 665 nobis
2459 607 2865 673 dominabatur,
2886 606 3171 665 deturbari
3192 596 3442 681 contigit,

1869 715 1996 756 cum
2022 701 2113 756 ille
2141 700 2467 772 Unigenitus
2492 699 2551 754 in
2572 699 2812 755 humana
2832 698 3011 755 forma
3031 707 3089 755 et
3118 701 3300 771 specie
3341 716 3441 757 no-

1870 793 1975 848 stri
2005 793 2173 849 simili
2198 793 2360 849 nobis
2377 792 2695 858 aﬁ‘ulsisset,
2716 790 2949 847 fortasse
2974 805 3046 847 ne
3068 790 3300 864 simplici
3316 792 3443 862 qui-

1870 886 1997 943 dem
2036 885 2363 957 cogitatione
2385 884 2674 956 complecti
2694 884 2951 941 sustinet.

1940 1067 2107 1137 208
2126 1065 2323 1123 PALL.
2353 1064 2637 1133 Quomodo
2676 1062 2822 1120 istud
2859 1060 3097 1118 asseris?

1941 1156 2101 1212 CYR.
2129 1156 2345 1223 Nonne,
2368 1154 2595 1220 Palladi,
2620 1152 2813 1224 quinto
2835 1152 2956 1209 loco
2977 1168 3010 1208 a
3043 1151 3205 1208 nobis
3233 1158 3449 1223 tempus

1871 1248 2006 1303 illud
2032 1254 2377 1314 numeratur,
2402 1261 2511 1317 quo
2534 1244 2781 1301 Salvator
2811 1250 2999 1300 noster
3027 1243 3293 1299 advenit?

1943 1337 2140 1416 PALL.
2173 1338 2422 1408 Intelligo
2452 1353 2520 1394 ex
2546 1337 2639 1392 illa
2661 1334 2942 1406 Evangelii
2961 1333 3448 1406 parabola.Exisse

1870 1431 2016 1486 enim
2039 1430 2118 1484 ait
2148 1428 2421 1496 Christus,
2473 1443 2623 1494 eum,
2671 1426 2766 1498 qui
2811 1425 3093 1497 operarios
3117 1423 3187 1481 ad
3229 1423 3444 1479 vineam

1871 1521 2216 1577 conducebat
2247 1521 2394 1576 circa
2418 1520 2614 1577 horam
2638 1518 2895 1591 primam,
2934 1517 3176 1582 tertiam,
3213 1523 3443 1578 sextam.

205 1588 345 1683 ὥραν
368 1592 612 1667 πρώτην,
646 1598 839 1671 τρίτην
874 1619 935 1656 τε
967 1605 1061 1660 καὶ
1086 1605 1271 1678 ἕκτην,
1307 1588 1649 1681 καὶνὲννάτην
1675 1588 1769 1664 καὶ

1882 1628 2071 1667 nonam
2099 1621 2155 1668 et
2180 1612 2544 1677 undecimam,
2564 1610 2620 1666 id
2635 1620 2741 1678 est,
2761 1618 3008 1667 extremo
3028 1616 3296 1683 tempore,
3314 1621 3445 1663 cum

204 1682 510 1756 ἑνδεκάτην,
539 1690 849 1759 τουτέστιν,
879 1693 938 1747 ὲν
962 1695 1039 1767 τῷ
1076 1698 1373 1772 τελευταίῳ
1402 1700 1611 1774 καιρῷ,
1644 1701 1765 1756 καθ’

1882 1702 1991 1773 ipse
2011 1703 2267 1774 apparuit
2295 1711 2351 1759 et
2374 1674 2579 1759 affulsit
2596 1674 2780 1761 nobis.

202 1773 256 1827 ὂν
283 1776 527 1850 ἐπεφάνη
557 1798 616 1834 τε
642 1777 746 1836 ’καὶ
779 1784 1097 1859 ἐπέλαμψεν
1120 1790 1273 1861 ἡμῖν.

268 1869 433 1927 ΚΥΡ.
486 1873 898 1946 Νουνεχέστατά
929 1896 993 1948 γε
1027 1883 1123 1935 καὶ
1156 1883 1279 1936 λίαν
1309 1883 1486 1955 ὀρθῶς
1518 1885 1765 1959 εἴρηκας.

201 1964 260 2016 Τί
291 1964 378 2031 δέ;
421 1967 539 2037 οὐχὶ
566 1971 632 2041 τῇ
673 1970 896 2044 πέμπτῃ
927 1974 1022 2027 τοῦ
1062 1976 1345 2031 Σαϐϐάτου
1371 1971 1767 2050 παραδεδόσθαι

202 2056 382 2124 φαμὲν
421 2057 607 2122 αὐτὸν,
648 2060 744 2113 καὶ
784 2063 869 2125 εἰς
900 2064 1077 2135 ἀρχὰς
1118 2065 1309 2139 ὥσπερ
1335 2068 1489 2139 ἥκειν
1514 2071 1609 2140 τῆς
1642 2070 1769 2140 ὅλης

198 2146 535 2219 οἰκονομίας,
564 2149 631 2204 δι’
658 2145 726 2224 ἦς
754 2153 803 2206 οἱ
831 2154 1031 2220 πάντες
1058 2158 1519 2231 άνασεσώσμεθα,
1548 2161 1641 2217 τὸν
1665 2181 1770 2217 σω-

197 2238 381 2308 τήριον
412 2238 555 2311 ὑπὲρ
590 2242 748 2312 ἡμῶν
784 2244 1108 2311 ἀνατλάντος
1139 2250 1371 2321 σταυρὸν
1397 2250 1491 2305 τοῦ
1530 2252 1595 2305 δι’
1622 2257 1769 2325 ἡμᾶς

199 2329 683 2401 ὶνηνθρωπηκὸτος
705 2352 719 2400 ;

265 2420 477 2477 ΠΑΛΛ.
510 2422 618 2473 Καὶ
646 2423 810 2492 μάλα.

264 2510 429 2563 ΚΥΡ.
467 2512 805 2584 Κατήργηκε
834 2515 890 2568 δὲ
922 2517 1013 2570 τὸν
1046 2515 1295 2582 Θάνατον,
1321 2523 1415 2576 καὶ
1445 2522 1643 2578 ἀνεϐίω
1668 2523 1769 2578 πά-

197 2601 297 2666 λιν,
336 2601 645 2667 σκυλεύσας
670 2604 762 2658 τδν
786 2606 938 2678 ᾅδην,
973 2609 1073 2663 οὒκ
1096 2612 1152 2664 ὲν
1178 2612 1360 2687 ὀγδόῃ,
1399 2616 1667 2683 τουτέστι,
1700 2620 1767 2688 τῇ

206 2692 297 2763 μιᾷ
314 2692 427 2746 τῶν
453 2692 747 2749 Σαϐϐάτων
761 2736 775 2762 ,

267 2785 475 2839 ΠΑΛΛ.
506 2787 623 2839 Οὐκ
649 2788 767 2858 ἀμφ
777 2788 972 2849 ίϐολον.

268 2874 430 2964 ΚΥΡ.
467 2876 580 2929 Καὶ
608 2875 739 2946 γοῦν
762 2880 789 2932 ὁ
817 2878 986 2936 πάλαι
1014 2882 1178 2953 νόμος
1209 2884 1307 2955 τὴν
1332 2886 1389 2941 ὲν
1420 2887 1584 2959 σαρκὶ
1612 2906 1769 2964 περι-

201 2962 386 3034 τομὴν,
418 2964 775 3020 ὑποτύπωσίν
816 2985 942 3024 τινα
973 2971 1075 3041 τῆς
1103 2974 1159 3026 ὲν
1204 2974 1479 3047 πνεύματι
1511 2977 1607 3031 καὶ
1635 2962 1768 3052 άλη-

203 3052 337 3124 θείᾳ,
368 3055 631 3111 διετύπου
664 3058 1004 3130 πράττεσθαι
1045 3062 1189 3117 κατά
1218 3063 1318 3137 τὴν
1348 3067 1562 3139 ὀγδόην.
1607 3068 1774 3141 Περι-

200 3146 334 3217 τομὴ
362 3147 418 3201 δέ
447 3165 513 3217 γε
558 3149 660 3221 τῆς
709 3151 944 3223 ἀρχαίας
1000 3156 1279 3229 ἐκείνηςή
1330 3161 1772 3234 προφερεστέρα,

201 3239 509 3310 τουτέστιν,
555 3243 588 3313 ἡ
631 3243 690 3294 ὲν
718 3244 1017 3315 πνεύματι,
1070 3247 1388 3319 Πνεύματύς
1428 3251 1576 3306 ἐστιν
1617 3253 1775 3323 ἀγίου

205 3328 431 3397 μέθεξις,
461 3333 560 3386 καὶ
592 3334 752 3406 χάρις
789 3337 821 3407 ἢ
851 3338 909 3390 ὲν
950 3338 1165 3413 ἀρχαῖς,
1208 3339 1297 3411 ἢν,
1326 3341 1556 3414 ἐπείπερ
1594 3344 1660 3398 ἐκ
1686 3362 1776 3398 νε-

202 3423 342 3491 κρῶν
382 3426 613 3489 ἀνεϐίω,
664 3427 828 3485 πάλιν
876 3430 1223 3486 άνεκαίνισεν
1274 3435 1407 3504 ἡμῖν
1451 3436 1479 3488 ὁ
1507 3436 1773 3508 Χριστὸς,

201 3512 400 3583 λέγων’
439 3537 458 3569 ι
496 3519 714 3573 Λάϐετε
738 3521 964 3593 Πνεῦμα
993 3523 1168 3594 ἅγιον.
1212 3544 1231 3578 ι
1271 3527 1415 3599 Ἔφη
1451 3527 1509 3581 δέ
1549 3546 1650 3583 που
1681 3531 1776 3583 καὶ

201 3606 227 3657 ὁ
264 3610 531 3682 μακάριος
586 3611 828 3677 Παῦλος,
862 3614 943 3668 ὅτι
995 3634 1015 3667 ι
1077 3616 1151 3670 Τὸ
1185 3616 1375 3688 Πάσχα
1421 3618 1579 3690 ἡμῶν
1611 3618 1773 3692 ἐτύθη

200 3697 445 3765 Χριστός.
490 3721 511 3754 ι
557 3701 771 3776 Ἡμέρα
794 3721 858 3773 γε
888 3706 996 3776 μὴν
1027 3707 1126 3778 τῆς
1153 3709 1423 3780 σωτηρίου
1452 3708 1654 3781 ταύτης
1681 3712 1776 3764 καὶ

206 3790 532 3848 πολυεύχτου
592 3795 829 3866 σφαγῆς,
867 3798 899 3867 ἡ
941 3797 1081 3852 κατά
1119 3798 1349 3870 σελήνην
1385 3817 1773 3872 τεσσαρεσκαι-

201 3877 407 3952 δεκάτη.
444 3883 611 3938 Οὕτω
642 3886 789 3940 καὶὸ
820 3886 984 3959 νόμος
1021 3891 1495 3962 προανεκήρυττεν
1531 3892 1775 3964 ἐναργῶς

201 3970 290 4040 τῆς
316 3972 408 4027 τοῦ
436 3975 697 4047 Σωτῆρος
724 3977 883 4048 ἡμῶν
923 3981 1139 4051 σφαγῆς
1165 3981 1258 4034 τὸν
1294 3981 1501 4054 καιρὸν,
1535 3982 1603 4054 ἣν
1633 3983 1775 4056 ὑπὲρ

199 4062 289 4133 τῆς
312 4067 407 4120 τοῦ
436 4069 651 4141 κόσμου
685 4068 832 4138 ζωῆς
864 4070 1351 4144 ὑπομεμενηκέναι
1385 4074 1565 4144 φαμὲν
1587 4075 1770 4130 αὐτόν’

207 4171 223 4202 ι
255 4155 330 4227 Τῇ
365 4157 477 4230 γάρ
504 4157 733 4230 δεκάτῃ,
766 4160 920 4231 φησὶ,
962 4160 1057 4215 τοῦ
1081 4160 1254 4232 μηνὸς
1281 4162 1376 4216 τοῦ
1403 4165 1643 4234 πρώτου,
1676 4165 1772 4220 λα-

199 4242 432 4300 ϐέτωσαν
450 4249 671 4312 ἑαυτοῖς
697 4249 969 4320 πρόϐατον
990 4252 1112 4304 κατ’
1139 4251 1347 4315 οἴκους,
1374 4255 1494 4306 κατ’
1516 4253 1771 4326 ἀριθμὸν,

1943 1881 2102 1937 CYB.
2138 1882 2577 1939 Prudentissime
2605 1882 2829 1953 quidem
2855 1898 2923 1938 ac
2967 1880 3276 1939 rectissime
3303 1879 3446 1936 dixi-

1874 1974 1964 2028 sti.
1989 1972 2130 2040 Quid
2143 1974 2545 2044 porroinonne
2566 1973 2757 2045 quinta
2777 1962 3000 2028 Sabbati
3021 1971 3282 2027 traditum
3328 1986 3448 2025 esse

1875 2066 2030 2120 illum
2067 2065 2333 2134 dicimus,
2358 2081 2423 2123 ac
2450 2065 2604 2122 velut
2638 2065 2709 2122 ad
2747 2062 2905 2121 initia
2929 2065 3247 2137 pervenisse
3280 2064 3455 2123 totius

1875 2157 2317 2228 dispensationis,
2342 2173 2443 2231 per
2480 2172 2645 2230 quam
2687 2156 2946 2213 omnibus
2983 2155 3144 2214 nobis
3175 2163 3260 2212 est
3295 2164 3445 2226 parta

1875 2251 2042 2314 salus,
2068 2265 2192 2305 cum
2214 2260 2440 2321 propter
2462 2265 2567 2307 nos
2586 2249 2752 2306 homo
2766 2247 2962 2314 factus,
2984 2263 3205 2305 crucem
3229 2263 3328 2318 pro
3347 2262 3448 2302 no—

1875 2340 1961 2396 bis
1986 2341 2281 2397 salutarem
2307 2338 2570 2412 pertulit?

1945 2431 2143 2487 PALL.
2176 2432 2408 2488 Maxime
2437 2445 2594 2487 vero.

1943 2523 2102 2579 CYR.
2131 2524 2361 2579 Mortem
2388 2538 2553 2596 porro
2582 2537 2769 2581 nonne
2808 2518 3102 2585 destruxit,
3135 2529 3320 2589 atque,
3363 2516 3448 2571 in-

1876 2614 2008 2671 feris
2042 2614 2382 2686 exspoliatis,
2413 2614 2615 2673 revixit
2640 2613 2845 2672 iterum
2877 2619 3075 2669 octavo
3104 2608 3219 2677 die,
3256 2605 3319 2663 id
3341 2612 3447 2671 cst.

1877 2724 1983 2762 una
2015 2706 2430 2767 Sabbatorum?

1946 2798 2395 2859 PALL..Minime
2417 2797 2475 2854 id
2494 2796 2716 2869 quidem
2736 2795 3102 2869 ambiguum;

1944 2888 2102 2946 CYR.
2126 2888 2437 2957 Quinetiam
2476 2889 2702 2960 antiqua
2740 2888 2831 2945 lex
2867 2885 3342 2945 circumcisionem
3381 2883 3451 2941 il-

1876 2980 1983 3035 lam
2030 2981 2089 3037 in
2123 2997 2314 3047 carne,
2345 2997 2468 3053 quae
2511 2980 2719 3052 elBgies
2754 2980 3003 3051 quaedam
3044 2986 3190 3034 esset
3209 2977 3355 3033 illius
3396 2976 3452 3030 in

1878 3071 2076 3141 spiritu
2097 3078 2155 3127 et
2193 3072 2427 3128 veritate
2471 3069 2931 3141 circumcisionis,
2962 3067 3225 3139 praecepit
3259 3071 3454 3121 octavo

1877 3160 1967 3217 die
1994 3161 2133 3217 ﬁeri.
2155 3160 2522 3218 Circumcisio
2546 3168 2732 3218 autem
2753 3159 2931 3217 veteri
2969 3159 3064 3217 illa
3083 3155 3450 3229 praestantior,

1875 3254 2013 3318 haec,
2045 3252 2292 3323 inquam,
2327 3252 2385 3306 in
2408 3250 2834 3323 spiritu,ﬁsancti
2855 3248 3095 3320 Spiritus
3119 3254 3204 3303 est
3225 3245 3452 3317 partici-

1875 3342 2046 3414 patio,
2074 3350 2131 3397 et
2154 3342 2331 3413 gratia
2354 3342 2468 3406 illa,
2508 3355 2671 3412 quam
2717 3339 2775 3395 in
2797 3337 3025 3395 exordio
3048 3336 3451 3401 habueramus;

1875 3448 2061 3506 quam,
2085 3433 2182 3488 ubi
2207 3449 2238 3489 e
2264 3431 2499 3487 mortuis
2517 3431 2717 3487 revixit
2750 3429 3029 3495 Christus,
3050 3429 3235 3485 denuo
3265 3424 3449 3490 nobis,

1877 3524 2207 3580 instauravit
2232 3564 2247 3590 ,
2318 3522 2563 3581 dicens:
2625 3542 2645 3575 ‹
2680 3523 2928 3594 Accipite
2999 3520 3263 3593 Spiritum
3326 3534 3453 3575 san-

1877 3625 2029 3672 ctum
2049 3617 2115 3671 “.
2147 3636 2167 3669 ι
2196 3615 2346 3671 Dixit
2366 3615 2535 3670 etiam
2559 3614 2757 3671 beatus
2778 3613 2980 3670 Paulus
3007 3630 3019 3667 :
3053 3632 3070 3664 ι
3101 3610 3309 3667 Pascha
3352 3625 3453 3665 no—

1876 3716 2074 3775 strum,
2099 3707 2413 3764 immolatus
2443 3716 2528 3762 est
2550 3704 2885 3762 Christus".
2924 3724 2944 3756 ι
2972 3705 3102 3762 Dies
3141 3710 3322 3760 autem
3349 3718 3454 3757 nu-

1870 3801 1961 3870 jus
1992 3800 2248 3856 salutaris
2289 3807 2345 3854 et
2375 3797 2800 3871 exoptatissima:
2830 3794 3218 3852 immolationis
3258 3804 3349 3850 est
3366 3793 3454 3854 illa

1873 3902 1942 3942 ex
1965 3889 2109 3943 lunae
2124 3903 2289 3943 cursu
2314 3886 2756 3958 quartadecima..
2776 3886 2859 3942 Ita
2901 3886 2992 3941 lex
3010 3899 3231 3956 quoque
3264 3891 3456 3954 aperte

1874 3979 2194 4050 praedicavit
2237 3978 2535 4036 Salvatoris
2588 3977 2766 4035 nostri
2819 3975 3208 4037 immolationis
3263 3972 3408 4031 diem
3439 4014 3453 4036 ,

1874 4085 2039 4141 quam
2085 4071 2242 4126 illum
2266 4084 2368 4141 pro
2393 4068 2586 4125 mundi
2624 4069 2735 4125 vita
2795 4066 3124 4125 sustinuisse
3165 4062 3400 4121 dicimus
3439 4080 3450 4113 :

1882 4180 1900 4211 ι
1938 4160 2160 4216 Decima
2184 4160 2354 4225 enim,
2385 4159 2584 4230 inquit,
2610 4158 2701 4213 die
2737 4156 2945 4212 mensis
2974 4154 3140 4228 primi
3182 4151 3455 4223 accipiant

1875 4250 1979 4306 sibi
2004 4264 2159 4304 ovem
2185 4264 2285 4319 per
2310 4247 2532 4313 domos;
2568 4249 2723 4317 juxta
2749 4258 3062 4310 numerum,
3102 4242 3302 4313 inquit,
3332 4243 3448 4297 ani:

200 4335 342 4427 δρησὶ,
374 4337 562 4410 ψυχῆς
591 4339 903 4405 συλλέξουσι
923 4380 937 4407 ,
985 4340 1080 4395 καὶ
1125 4339 1279 4394 ἔσται
1313 4341 1769 4414 διατετηρημένον

1882 4353 1978 4392 ma:
2001 4337 2277 4407 colligent,
2303 4344 2361 4392 et
2395 4335 2703 4393 servabitur
2728 4350 2900 4405 usque
2934 4333 3004 4389 ad
3041 4333 3453 4404 quartumdeci~

199 4422 293 4488 ἕως
326 4427 423 4497 τῆς
454 4431 1062 4503 τεσσαρεσκαιδεκάτης
1102 4430 1196 4485 τοῦ
1229 4431 1394 4504 μηνὸς
1423 4432 1637 4499 τούτου,
1672 4437 1768 4489 καὶ

1882 4442 2026 4481 mum
2065 4425 2273 4481 mensis
2312 4425 2478 4498 hujus
2505 4424 2674 4491 diem,
2699 4431 2757 4478 et
2795 4422 3159 4478 immolabunt
3195 4422 3342 4477 illam
3384 4423 3450 4477 ad

198 4517 485 4585 σφάξουσιν
530 4522 695 4576 αὐτὸν
726 4523 863 4595 πρὸς
891 4523 1130 4594 ἑσπέραν
1164 4524 1273 4577 πᾶν
1310 4523 1373 4576 τὸ
1405 4522 1610 4594 πλῆθος
1653 4524 1767 4578 τῶν

1882 4532 2161 4589 vesperam
2182 4516 2363 4573 omnis
2391 4516 2687 4573 multitudo
2706 4516 2945 4572 ﬁliorum
2967 4515 3134 4571 Israel
3154 4514 3221 4567 ’”.
3243 4534 3260 4565 ι
3283 4512 3454 4569 Audis

197 4607 320 4661 υἱῶν
362 4613 611 4685 Ἰσραήλ.
647 4633 666 4666 ι
714 4615 964 4680 ⁹Δκούεις
991 4616 1140 4680 ὅπως
1159 4615 1268 4670 ἀπὸ
1286 4615 1517 4687 δεκάτης
1541 4615 1764 4687 ληφθὲν,

1882 4627 1907 4666 a
1932 4609 2145 4666 decima
2167 4608 2255 4665 die
2276 4617 2549 4680 sumptam
2570 4608 2851 4664 victimam
2882 4624 3056 4680 usque
3081 4608 3138 4663 in
3171 4616 3455 4677 quartum-

194 4699 268 4761 είς
298 4704 901 4778 τεσσαρεσκαιδεκάτην
947 4705 1277 4774 ἐφυλάττετο
1326 4707 1440 4770 τοῖς
1496 4706 1664 4778 πάλαι
1707 4706 1768 4759 τὸ

1882 4704 2151 4761 decimum
2201 4703 2349 4758 diem
2373 4701 2581 4759 servari
2604 4718 2636 4757 a
2658 4701 2941 4758 veteribus
2980 4699 3087 4754 illis
3118 4706 3180 4753 ut
3198 4699 3450 4769 quintum

196 4788 408 4860 ἱερεῖον,
456 4794 550 4847 ἵνα
591 4794 684 4849 τὸν
726 4776 980 4867 πέμπτον
1029 4798 1229 4869 νοήσῃς
1266 4796 1478 4869 καιρὸν,
1535 4776 1658 4850 κᾶθ’
1710 4796 1769 4851 ὃν

1882 4796 2149 4868 intelligas
2173 4804 2410 4866 tempus,
2433 4810 2543 4865 quo
2567 4793 2747 4849 factus
2785 4793 2971 4856 homo,
3002 4790 3149 4845 illam
3172 4806 3271 4861 pro
3294 4790 3453 4846 nobis

98 4908 99 4913 η
193 4882 479 4951 γενόμενος
507 4884 798 4959 ἄνθρωπος
822 4887 913 4941 τὸν
935 4887 1074 4961 ὑπὲρ
1102 4886 1259 4960 ἡμῶν
1281 4886 1492 4957 ὑπέστη
1521 4886 1769 4953 θάνατον,

193 4971 485 5047 φθινούσης
520 4978 624 5049 ἥδη
665 4978 768 5049 τῆς
797 4980 1049 5050 σελήνης,
1079 4979 1114 5051 ἡ
1155 4979 1250 5033 καὶ
1299 4981 1380 5044 είς
1412 4980 1587 5050 ἀρχὰς
1612 4979 1773 5034 τέτα-

193 5080 312 5117 κται
337 5067 436 5138 τῆς
461 5069 665 5133 νυκτός
690 5087 705 5136 ;
734 5070 1048 5142 Μυστηρίου
1070 5071 1126 5124 δὲ
1162 5071 1221 5124 τὸ
1246 5074 1433 5143 χρῆμα
1458 5070 1647 5138 τύπος,
1678 5075 1773 5126 καὶ

193 5154 602 5231 ὑποσημαίνειν
626 5160 801 5216 ἔοικεν
828 5163 1044 5233 ἰσχνῶς,
1061 5164 1160 5234 τῆς
1178 5162 1271 5216 τοῦ
1295 5163 1544 5217 διαϐόλου
1571 5165 1772 5219 πλεον-

191 5246 330 5314 εξίας
392 5253 495 5324 τὴν
546 5254 740 5310 ἀνόπιν
784 5256 925 5323 ὁδὸν,
971 5258 1062 5310 καὶ
1101 5257 1393 5312 κατάδυσιν
1443 5258 1631 5330 ὥσπερ
1670 5260 1767 5328 τὴν

190 5342 322 5396 κατὰ
357 5343 541 5416 βραχὺ
581 5347 718 5417 πρὸς
764 5347 826 5401 τὸ
869 5348 1062 5402 ἀναλκι
1110 5350 1203 5403 καλ
1249 5349 1480 5404 είσάπαν
1512 5349 1760 5413 ἀσθενές.

190 5431 418 5507 Σελήνης
448 5437 509 5490 δέ
541 5455 660 5501 πως
683 5439 868 5510 ἐπέχει
896 5440 1085 5494 τύπον.
1124 5441 1188 5493 ’Ἃ
1201 5457 1317 5511 ρχει
1353 5441 1460 5511 γάρ
1484 5440 1576 5494 καὶ
1603 5441 1764 5505 αὐτὸς

260 5609 480 5670 “Joan.
514 5631 607 5678 xx,
643 5615 730 5669 Ἠ..
822 5617 864 5646 ’⁷
891 5615 917 5669 Ι,
953 5615 1075 5671 Cor.
1126 5633 1177 5680 ν,
1222 5616 1272 5668 7..

1352 5616 1398 5646 ""
1444 5614 1614 5669 Exod.
1665 5613 1879 5675 ιιι,ἳῇἲὶ

1824 5632 1902 5667 “;)ι

1870 4896 2102 4943 mortem
2120 4887 2367 4959 pertulit,
2386 4886 2741 4942 decrescente
2762 4885 2873 4954 jam
2899 4883 3052 4946 luna,
3079 4897 3200 4952 qua:
3238 4880 3306 4939 ad
3348 4895 3450 4935 no-

1870 4982 1973 5037 ctis
1996 4981 2290 5051 imperium
2312 4979 2555 5051 perfecta
2575 4986 2661 5035 est
2673 4979 2696 5032 ?
2710 4978 2841 5033 Erat
2863 4983 3043 5033 autem
3068 4991 3129 5031 ea
3145 4991 3233 5031 res
3253 4983 3455 5048 myste-

1868 5074 1938 5128 rii
1960 5073 2152 5145 ﬁgura,
2178 5080 2234 5129 et
2257 5071 2536 5128 subtiliter
2550 5068 2861 5142 signiﬁcare
2885 5067 3106 5122 videtur
3121 5066 3262 5133 fore,
3288 5066 3453 5139 209

1868 5174 1930 5220 ut
1953 5165 2155 5221 diaboli
2186 5163 2613 5237 tyrannicusille
2636 5163 2951 5217 dominatus
2977 5168 3125 5219 retro
3162 5161 3451 5231 sublapsus

1875 5259 2202 5322 referretur,
2235 5274 2297 5312 ac
2324 5256 2525 5312 sensim
2565 5253 2938 5309 inﬁrmitatem
2982 5261 3147 5325 atque
3180 5254 3451 5321 impotens

1871 5352 2000 5406 tiam
2031 5351 2260 5407 subiret.
2308 5352 2358 5404 ls
2405 5364 2568 5418 porro
2614 5348 2756 5403 luna:
2780 5344 3182 5418 quodammodo
3221 5340 3446 5413 ﬁguram

1872 5441 2138 5504 sustinet;
2184 5455 2309 5494 nam
2351 5438 2464 5508 ipse
2516 5439 2664 5495 nocti
2718 5439 2973 5510 imperat,
3015 5438 3069 5493 id
3109 5443 3212 5498 est,
3240 5433 3326 5497 iis,
3352 5436 3445 5508 qui
