  <div class='ocr_page' id='page_1' title='image "/cluster/home/n/w/nwhite01/storage/ocr_20150623/68/pst.000005712694/245.png"; bbox 0 0 3966 6298; ppageno 0'>
   <div class='ocr_carea' id='block_1_1' title="bbox 516 225 616 278">
    <p class='ocr_par' dir='ltr' id='par_1_1' title="bbox 516 225 616 278">
     <span class='ocr_line' id='line_1_1' title="bbox 516 225 616 278; baseline -0.02 0"><span class='ocrx_word' id='word_1_1' title='bbox 516 225 616 278; x_wconf 69' lang='grc' dir='ltr'><strong>ᾶϐῖ</strong></span> 
     </span>
    </p>
   </div>
   <div class='ocr_carea' id='block_1_2' title="bbox 1540 215 2752 287">
    <p class='ocr_par' dir='ltr' id='par_1_2' title="bbox 1540 215 2752 287">
     <span class='ocr_line' id='line_1_2' title="bbox 1540 215 2752 287; baseline -0.006 -2"><span class='ocrx_word' id='word_1_2' title='bbox 1540 227 1597 287; x_wconf 70' lang='grc'><strong>8.</strong></span> <span class='ocrx_word' id='word_1_3' title='bbox 1633 224 1910 280; x_wconf 81' lang='lat' dir='ltr'><strong>CYRILLI</strong></span> <span class='ocrx_word' id='word_1_4' title='bbox 1948 220 2415 279; x_wconf 72' lang='lat' dir='ltr'><strong>ALEXANDRINI</strong></span> <span class='ocrx_word' id='word_1_5' title='bbox 2455 215 2752 280; x_wconf 78' lang='lat' dir='ltr'><strong>ARCHIEP</strong></span> 
     </span>
    </p>
   </div>
   <div class='ocr_carea' id='block_1_3' title="bbox 3669 220 3781 277">
    <p class='ocr_par' dir='ltr' id='par_1_3' title="bbox 3669 220 3781 277">
     <span class='ocr_line' id='line_1_3' title="bbox 3669 220 3781 277; baseline -0.009 0"><span class='ocrx_word' id='word_1_6' title='bbox 3669 220 3781 277; x_wconf 72' lang='lat' dir='ltr'><strong>tes</strong></span> 
     </span>
    </p>
   </div>
   <div class='ocr_carea' id='block_1_4' title="bbox 511 335 2093 412">
    <p class='ocr_par' dir='ltr' id='par_1_4' title="bbox 511 336 2085 408">
     <span class='ocr_line' id='line_1_4' title="bbox 511 336 2085 408; baseline 0.001 -15"><span class='ocrx_word' id='word_1_7' title='bbox 511 347 636 394; x_wconf 82' lang='lat' dir='ltr'><strong>sunt</strong></span> <span class='ocrx_word' id='word_1_8' title='bbox 658 338 715 393; x_wconf 91' lang='lat' dir='ltr'><strong>in</strong></span> <span class='ocrx_word' id='word_1_9' title='bbox 740 339 1001 405; x_wconf 73' lang='lat' dir='ltr'><strong>tenebris,</strong></span> <span class='ocrx_word' id='word_1_10' title='bbox 1029 349 1084 395; x_wconf 90' lang='lat' dir='ltr'><strong>et</strong></span> <span class='ocrx_word' id='word_1_11' title='bbox 1108 340 1290 396; x_wconf 89' lang='lat' dir='ltr'><strong>adhuc</strong></span> <span class='ocrx_word' id='word_1_12' title='bbox 1313 336 1632 408; x_wconf 80' lang='lat' dir='ltr'><strong>donnllant,</strong></span> <span class='ocrx_word' id='word_1_13' title='bbox 1657 348 1715 396; x_wconf 93' lang='lat' dir='ltr'><strong>et</strong></span> <span class='ocrx_word' id='word_1_14' title='bbox 1736 340 1938 396; x_wconf 68' lang='lat' dir='ltr'><strong>divinae</strong></span> <span class='ocrx_word' id='word_1_15' title='bbox 1994 355 2085 395; x_wconf 92' lang='lat' dir='ltr'><strong>co-</strong></span> 
     </span>
    </p>
   </div>
   <div class='ocr_carea' id='block_1_5' title="bbox 2204 335 3781 412">
    <p class='ocr_par' dir='ltr' id='par_1_5' title="bbox 2204 335 3781 412">
     <span class='ocr_line' id='line_1_5' title="bbox 2204 335 3781 412; baseline -0.004 -19"><span class='ocrx_word' id='word_1_16' title='bbox 2204 340 2286 412; x_wconf 74' lang='grc' dir='ltr'><strong>τῆς</strong></span> <span class='ocrx_word' id='word_1_17' title='bbox 2308 342 2520 407; x_wconf 81' lang='grc' dir='ltr'><strong>νυκτὸς,</strong></span> <span class='ocrx_word' id='word_1_18' title='bbox 2545 340 2815 404; x_wconf 79' lang='grc' dir='ltr'><strong>τουτέστι,</strong></span> <span class='ocrx_word' id='word_1_19' title='bbox 2839 337 2948 393; x_wconf 85' lang='grc' dir='ltr'><strong>τῶν</strong></span> <span class='ocrx_word' id='word_1_20' title='bbox 2972 338 3029 392; x_wconf 80' lang='grc' dir='ltr'><strong>ὲν</strong></span> <span class='ocrx_word' id='word_1_21' title='bbox 3052 337 3234 390; x_wconf 87' lang='grc' dir='ltr'>σκότει</span> <span class='ocrx_word' id='word_1_22' title='bbox 3266 338 3361 390; x_wconf 70' lang='grc' dir='ltr'><strong>καὶ</strong></span> <span class='ocrx_word' id='word_1_23' title='bbox 3391 335 3781 400; x_wconf 80' lang='grc' dir='ltr'><strong>νυσταζόντων</strong></span> 
     </span>
    </p>
   </div>
   <div class='ocr_carea' id='block_1_6' title="bbox 508 429 2085 497">
    <p class='ocr_par' dir='ltr' id='par_1_6' title="bbox 508 429 2085 497">
     <span class='ocr_line' id='line_1_6' title="bbox 508 429 2085 497; baseline 0.001 -14"><span class='ocrx_word' id='word_1_24' title='bbox 508 429 1014 497; x_wconf 76' lang='lat' dir='ltr'><strong>gnitionislumine</strong></span> <span class='ocrx_word' id='word_1_25' title='bbox 1043 439 1237 485; x_wconf 90' lang='lat' dir='ltr'><strong>carent</strong></span> <span class='ocrx_word' id='word_1_26' title='bbox 1262 448 1276 484; x_wconf 88' lang='lat'><strong>:</strong></span> <span class='ocrx_word' id='word_1_27' title='bbox 1298 446 1419 487; x_wconf 84' lang='lat' dir='ltr'><strong>esse</strong></span> <span class='ocrx_word' id='word_1_28' title='bbox 1463 438 1648 487; x_wconf 86' lang='lat' dir='ltr'><strong>autem</strong></span> <span class='ocrx_word' id='word_1_29' title='bbox 1690 431 1842 486; x_wconf 86' lang='lat' dir='ltr'><strong>hunc</strong></span> <span class='ocrx_word' id='word_1_30' title='bbox 1873 445 2085 485; x_wconf 90' lang='lat' dir='ltr'><strong>morem</strong></span> 
     </span>
    </p>
   </div>
   <div class='ocr_carea' id='block_1_7' title="bbox 510 521 2087 592">
    <p class='ocr_par' dir='ltr' id='par_1_7' title="bbox 510 521 2087 592">
     <span class='ocr_line' id='line_1_7' title="bbox 510 521 2087 592; baseline 0 -19"><span class='ocrx_word' id='word_1_31' title='bbox 510 523 808 592; x_wconf 65' lang='lat' dir='ltr'><strong>Scriptum</strong></span> <span class='ocrx_word' id='word_1_32' title='bbox 832 521 1098 576; x_wconf 90' lang='lat' dir='ltr'><strong>divinitus</strong></span> <span class='ocrx_word' id='word_1_33' title='bbox 1121 521 1421 592; x_wconf 75' lang='lat' dir='ltr'><strong>inspiratae,</strong></span> <span class='ocrx_word' id='word_1_34' title='bbox 1435 528 1499 576; x_wconf 90' lang='lat' dir='ltr'><strong>ut</strong></span> <span class='ocrx_word' id='word_1_35' title='bbox 1516 522 1668 577; x_wconf 91' lang='lat' dir='ltr'><strong>nocti</strong></span> <span class='ocrx_word' id='word_1_36' title='bbox 1686 527 1968 591; x_wconf 84' lang='lat' dir='ltr'><strong>comparet</strong></span> <span class='ocrx_word' id='word_1_37' title='bbox 1999 534 2087 574; x_wconf 90' lang='lat' dir='ltr'><strong>er-</strong></span> 
     </span>
    </p>
   </div>
   <div class='ocr_carea' id='block_1_8' title="bbox 511 612 2087 684">
    <p class='ocr_par' dir='ltr' id='par_1_8' title="bbox 511 612 2087 684">
     <span class='ocr_line' id='line_1_8' title="bbox 511 612 2087 684; baseline 0.001 -19"><span class='ocrx_word' id='word_1_38' title='bbox 511 615 749 668; x_wconf 86' lang='lat' dir='ltr'><strong>rantium</strong></span> <span class='ocrx_word' id='word_1_39' title='bbox 770 627 1013 684; x_wconf 78' lang='lat' dir='ltr'><strong>gregem,</strong></span> <span class='ocrx_word' id='word_1_40' title='bbox 1040 612 1169 667; x_wconf 87' lang='lat' dir='ltr'><strong>audi</strong></span> <span class='ocrx_word' id='word_1_41' title='bbox 1193 612 1325 683; x_wconf 84' lang='lat' dir='ltr'><strong>quid</strong></span> <span class='ocrx_word' id='word_1_42' title='bbox 1351 612 1499 669; x_wconf 91' lang='lat' dir='ltr'><strong>dicat</strong></span> <span class='ocrx_word' id='word_1_43' title='bbox 1532 613 1781 670; x_wconf 86' lang='lat' dir='ltr'><strong>omnium</strong></span> <span class='ocrx_word' id='word_1_44' title='bbox 1821 612 2087 667; x_wconf 86' lang='lat' dir='ltr'><strong>Dominus</strong></span> 
     </span>
    </p>
   </div>
   <div class='ocr_carea' id='block_1_9' title="bbox 509 702 2087 770">
    <p class='ocr_par' dir='ltr' id='par_1_9' title="bbox 509 702 2087 770">
     <span class='ocr_line' id='line_1_9' title="bbox 509 702 2087 770; baseline -0.001 -10"><span class='ocrx_word' id='word_1_45' title='bbox 509 705 732 770; x_wconf 77' lang='lat' dir='ltr'><strong>Iudaeis,</strong></span> <span class='ocrx_word' id='word_1_46' title='bbox 767 719 892 759; x_wconf 89' lang='lat' dir='ltr'><strong>cum</strong></span> <span class='ocrx_word' id='word_1_47' title='bbox 921 704 1117 760; x_wconf 84' lang='lat' dir='ltr'><strong>civitas</strong></span> <span class='ocrx_word' id='word_1_48' title='bbox 1142 703 1236 760; x_wconf 89' lang='lat' dir='ltr'><strong>illa</strong></span> <span class='ocrx_word' id='word_1_49' title='bbox 1257 704 1559 760; x_wconf 87' lang='lat' dir='ltr'><strong>Jerusalem</strong></span> <span class='ocrx_word' id='word_1_50' title='bbox 1584 704 1655 760; x_wconf 92' lang='lat' dir='ltr'><strong>ad</strong></span> <span class='ocrx_word' id='word_1_51' title='bbox 1678 703 1824 759; x_wconf 91' lang='lat' dir='ltr'><strong>idola</strong></span> <span class='ocrx_word' id='word_1_52' title='bbox 1858 702 2087 759; x_wconf 90' lang='lat' dir='ltr'><strong>colenda</strong></span> 
     </span>
    </p>
   </div>
   <div class='ocr_carea' id='block_1_10' title="bbox 422 793 2083 865">
    <p class='ocr_par' dir='ltr' id='par_1_10' title="bbox 422 793 2083 865">
     <span class='ocr_line' id='line_1_10' title="bbox 422 793 2083 865; baseline -0.001 -14"><span class='ocrx_word' id='word_1_53' title='bbox 422 860 427 865; x_wconf 31' lang='grc' dir='ltr'><strong><em>ι</em></strong></span> <span class='ocrx_word' id='word_1_54' title='bbox 510 798 827 853; x_wconf 83' lang='lat' dir='ltr'><strong>revertisset</strong></span> <span class='ocrx_word' id='word_1_55' title='bbox 867 814 881 851; x_wconf 94' lang='lat'>:</span> <span class='ocrx_word' id='word_1_56' title='bbox 918 817 937 850; x_wconf 86' lang='grc'><strong><em>‹</em></strong></span> <span class='ocrx_word' id='word_1_57' title='bbox 968 797 1128 854; x_wconf 87' lang='lat' dir='ltr'><strong>Nocti</strong></span> <span class='ocrx_word' id='word_1_58' title='bbox 1153 797 1449 853; x_wconf 86' lang='lat' dir='ltr'><strong>assimilavi</strong></span> <span class='ocrx_word' id='word_1_59' title='bbox 1488 804 1726 852; x_wconf 84' lang='lat' dir='ltr'><strong>matrem</strong></span> <span class='ocrx_word' id='word_1_60' title='bbox 1772 802 1923 851; x_wconf 91' lang='lat' dir='ltr'><strong>tuam</strong></span> <span class='ocrx_word' id='word_1_61' title='bbox 1953 812 1967 848; x_wconf 89' lang='lat'><strong>:</strong></span> <span class='ocrx_word' id='word_1_62' title='bbox 2005 793 2083 850; x_wconf 89' lang='lat' dir='ltr'><strong>si-</strong></span> 
     </span>
    </p>
   </div>
   <div class='ocr_carea' id='block_1_11' title="bbox 510 886 2088 961">
    <p class='ocr_par' dir='ltr' id='par_1_11' title="bbox 510 886 2088 961">
     <span class='ocr_line' id='line_1_11' title="bbox 510 886 2088 961; baseline 0 -19"><span class='ocrx_word' id='word_1_63' title='bbox 510 890 656 944; x_wconf 85' lang='lat' dir='ltr'><strong>milis</strong></span> <span class='ocrx_word' id='word_1_64' title='bbox 698 889 876 945; x_wconf 84' lang='lat' dir='ltr'><strong>factus</strong></span> <span class='ocrx_word' id='word_1_65' title='bbox 921 898 1007 945; x_wconf 87' lang='lat' dir='ltr'><strong>est</strong></span> <span class='ocrx_word' id='word_1_66' title='bbox 1049 889 1287 961; x_wconf 88' lang='lat' dir='ltr'><strong>populus</strong></span> <span class='ocrx_word' id='word_1_67' title='bbox 1339 904 1518 955; x_wconf 88' lang='lat' dir='ltr'><strong>meus,</strong></span> <span class='ocrx_word' id='word_1_68' title='bbox 1566 905 1631 945; x_wconf 90' lang='lat' dir='ltr'><strong>ac</strong></span> <span class='ocrx_word' id='word_1_69' title='bbox 1667 888 1712 944; x_wconf 87' lang='lat' dir='ltr'><strong>si</strong></span> <span class='ocrx_word' id='word_1_70' title='bbox 1738 903 1851 943; x_wconf 89' lang='lat' dir='ltr'><strong>non</strong></span> <span class='ocrx_word' id='word_1_71' title='bbox 1886 886 2088 942; x_wconf 87' lang='lat' dir='ltr'><strong>habeat</strong></span> 
     </span>
    </p>
   </div>
   <div class='ocr_carea' id='block_1_12' title="bbox 507 979 2085 1051">
    <p class='ocr_par' dir='ltr' id='par_1_12' title="bbox 507 979 2085 1051">
     <span class='ocr_line' id='line_1_12' title="bbox 507 979 2085 1051; baseline -0.001 -17"><span class='ocrx_word' id='word_1_72' title='bbox 507 979 799 1035; x_wconf 89' lang='lat' dir='ltr'><strong>scientiam</strong></span> <span class='ocrx_word' id='word_1_73' title='bbox 816 981 902 1034; x_wconf 68' lang='grc' dir='ltr'><strong>ια’.</strong></span> <span class='ocrx_word' id='word_1_74' title='bbox 933 1000 951 1031; x_wconf 75' lang='grc' dir='ltr'><strong>ι</strong></span> <span class='ocrx_word' id='word_1_75' title='bbox 979 980 1248 1051; x_wconf 88' lang='lat' dir='ltr'><strong>lntelligis</strong></span> <span class='ocrx_word' id='word_1_76' title='bbox 1261 980 1409 1035; x_wconf 90' lang='lat' dir='ltr'><strong>enim</strong></span> <span class='ocrx_word' id='word_1_77' title='bbox 1435 988 1654 1036; x_wconf 90' lang='lat' dir='ltr'><strong>noctem</strong></span> <span class='ocrx_word' id='word_1_78' title='bbox 1671 979 1944 1051; x_wconf 91' lang='lat' dir='ltr'><strong>appellare</strong></span> <span class='ocrx_word' id='word_1_79' title='bbox 1968 992 2085 1045; x_wconf 89' lang='lat' dir='ltr'><strong>eos,</strong></span> 
     </span>
    </p>
   </div>
   <div class='ocr_carea' id='block_1_13' title="bbox 507 1072 2086 1157">
    <p class='ocr_par' dir='ltr' id='par_1_13' title="bbox 507 1072 2086 1157">
     <span class='ocr_line' id='line_1_13' title="bbox 507 1072 2086 1157; baseline -0.001 -30"><span class='ocrx_word' id='word_1_80' title='bbox 507 1073 601 1142; x_wconf 89' lang='lat' dir='ltr'><strong>qui</strong></span> <span class='ocrx_word' id='word_1_81' title='bbox 624 1072 993 1157; x_wconf 63' lang='lat' dir='ltr'><strong>cognitionem</strong></span> <span class='ocrx_word' id='word_1_82' title='bbox 1039 1089 1186 1129; x_wconf 73' lang='lat' dir='ltr'><strong>verae</strong></span> <span class='ocrx_word' id='word_1_83' title='bbox 1209 1073 1358 1130; x_wconf 89' lang='lat' dir='ltr'><strong>illius</strong></span> <span class='ocrx_word' id='word_1_84' title='bbox 1392 1083 1450 1130; x_wconf 92' lang='lat' dir='ltr'><strong>et</strong></span> <span class='ocrx_word' id='word_1_85' title='bbox 1484 1074 1789 1131; x_wconf 88' lang='lat' dir='ltr'><strong>secundum</strong></span> <span class='ocrx_word' id='word_1_86' title='bbox 1831 1081 2086 1128; x_wconf 89' lang='lat' dir='ltr'><strong>naturam</strong></span> 
     </span>
    </p>
   </div>
   <div class='ocr_carea' id='block_1_14' title="bbox 508 1164 2087 1239">
    <p class='ocr_par' dir='ltr' id='par_1_14' title="bbox 508 1164 2087 1239">
     <span class='ocr_line' id='line_1_14' title="bbox 508 1164 2087 1239; baseline 0 -20"><span class='ocrx_word' id='word_1_87' title='bbox 508 1165 813 1220; x_wconf 79' lang='lat' dir='ltr'><strong>divinitatis</strong></span> <span class='ocrx_word' id='word_1_88' title='bbox 846 1181 957 1221; x_wconf 90' lang='lat' dir='ltr'><strong>non</strong></span> <span class='ocrx_word' id='word_1_89' title='bbox 996 1165 1305 1222; x_wconf 74' lang='lat' dir='ltr'><strong>haberent?</strong></span> <span class='ocrx_word' id='word_1_90' title='bbox 1339 1164 1467 1223; x_wconf 89' lang='lat' dir='ltr'><strong>Odit</strong></span> <span class='ocrx_word' id='word_1_91' title='bbox 1502 1167 1670 1239; x_wconf 79' lang='lat' dir='ltr'><strong>igitur</strong></span> <span class='ocrx_word' id='word_1_92' title='bbox 1706 1166 1799 1222; x_wconf 89' lang='lat' dir='ltr'><strong>ille</strong></span> <span class='ocrx_word' id='word_1_93' title='bbox 1840 1165 2087 1220; x_wconf 85' lang='lat' dir='ltr'><strong>omnium</strong></span> 
     </span>
    </p>
   </div>
   <div class='ocr_carea' id='block_1_15' title="bbox 511 1257 2082 1330">
    <p class='ocr_par' dir='ltr' id='par_1_15' title="bbox 511 1257 2082 1330">
     <span class='ocr_line' id='line_1_15' title="bbox 511 1257 2082 1330; baseline 0 -19"><span class='ocrx_word' id='word_1_94' title='bbox 511 1258 684 1313; x_wconf 89' lang='lat' dir='ltr'><strong>hostis</strong></span> <span class='ocrx_word' id='word_1_95' title='bbox 705 1264 955 1330; x_wconf 88' lang='lat' dir='ltr'><strong>tempora</strong></span> <span class='ocrx_word' id='word_1_96' title='bbox 974 1265 1030 1315; x_wconf 89' lang='lat' dir='ltr'><strong>et</strong></span> <span class='ocrx_word' id='word_1_97' title='bbox 1072 1259 1212 1325; x_wconf 93' lang='lat' dir='ltr'><strong>dies,</strong></span> <span class='ocrx_word' id='word_1_98' title='bbox 1256 1259 1459 1330; x_wconf 89' lang='lat' dir='ltr'><strong>quibus</strong></span> <span class='ocrx_word' id='word_1_99' title='bbox 1498 1260 1617 1330; x_wconf 89' lang='lat' dir='ltr'><strong>ipse</strong></span> <span class='ocrx_word' id='word_1_100' title='bbox 1652 1258 1875 1330; x_wconf 90' lang='lat' dir='ltr'><strong>quidem</strong></span> <span class='ocrx_word' id='word_1_101' title='bbox 1896 1257 2082 1329; x_wconf 87' lang='lat' dir='ltr'><strong>periit,</strong></span> 
     </span>
    </p>
   </div>
   <div class='ocr_carea' id='block_1_16' title="bbox 509 1350 2089 1424">
    <p class='ocr_par' dir='ltr' id='par_1_16' title="bbox 509 1350 2089 1424">
     <span class='ocr_line' id='line_1_16' title="bbox 509 1350 2089 1424; baseline 0.001 -21"><span class='ocrx_word' id='word_1_102' title='bbox 509 1365 609 1405; x_wconf 86' lang='lat' dir='ltr'><strong>nos</strong></span> <span class='ocrx_word' id='word_1_103' title='bbox 629 1365 762 1406; x_wconf 87' lang='lat' dir='ltr'><strong>vero</strong></span> <span class='ocrx_word' id='word_1_104' title='bbox 779 1352 979 1407; x_wconf 85' lang='lat' dir='ltr'><strong>servati</strong></span> <span class='ocrx_word' id='word_1_105' title='bbox 1005 1367 1215 1407; x_wconf 90' lang='lat' dir='ltr'><strong>sumus.</strong></span> <span class='ocrx_word' id='word_1_106' title='bbox 1252 1351 1513 1424; x_wconf 85' lang='lat' dir='ltr'><strong>Quisquis</strong></span> <span class='ocrx_word' id='word_1_107' title='bbox 1533 1360 1716 1409; x_wconf 81' lang='lat' dir='ltr'><strong>autem</strong></span> <span class='ocrx_word' id='word_1_108' title='bbox 1749 1366 1875 1407; x_wconf 91' lang='lat' dir='ltr'><strong>cum</strong></span> <span class='ocrx_word' id='word_1_109' title='bbox 1897 1351 1990 1405; x_wconf 89' lang='lat' dir='ltr'><strong>illo</strong></span> <span class='ocrx_word' id='word_1_110' title='bbox 2016 1350 2089 1406; x_wconf 92' lang='lat' dir='ltr'><strong>si-</strong></span> 
     </span>
    </p>
   </div>
   <div class='ocr_carea' id='block_1_17' title="bbox 511 1442 2085 1515">
    <p class='ocr_par' dir='ltr' id='par_1_17' title="bbox 511 1442 2085 1515">
     <span class='ocr_line' id='line_1_17' title="bbox 511 1442 2085 1515; baseline 0.001 -20"><span class='ocrx_word' id='word_1_111' title='bbox 511 1443 622 1497; x_wconf 85' lang='lat' dir='ltr'><strong>mul</strong></span> <span class='ocrx_word' id='word_1_112' title='bbox 644 1442 781 1509; x_wconf 90' lang='lat' dir='ltr'><strong>odit,</strong></span> <span class='ocrx_word' id='word_1_113' title='bbox 806 1459 876 1498; x_wconf 83' lang='lat' dir='ltr'><strong>ex</strong></span> <span class='ocrx_word' id='word_1_114' title='bbox 896 1442 1046 1499; x_wconf 86' lang='lat' dir='ltr'><strong>illius</strong></span> <span class='ocrx_word' id='word_1_115' title='bbox 1065 1444 1234 1499; x_wconf 91' lang='lat' dir='ltr'><strong>etiam</strong></span> <span class='ocrx_word' id='word_1_116' title='bbox 1256 1453 1417 1515; x_wconf 92' lang='lat' dir='ltr'><strong>parte</strong></span> <span class='ocrx_word' id='word_1_117' title='bbox 1452 1445 1581 1513; x_wconf 90' lang='lat' dir='ltr'><strong>erit,</strong></span> <span class='ocrx_word' id='word_1_118' title='bbox 1618 1452 1675 1502; x_wconf 89' lang='lat' dir='ltr'><strong>et</strong></span> <span class='ocrx_word' id='word_1_119' title='bbox 1704 1458 1831 1500; x_wconf 90' lang='lat' dir='ltr'><strong>cum</strong></span> <span class='ocrx_word' id='word_1_120' title='bbox 1855 1443 1949 1498; x_wconf 90' lang='lat' dir='ltr'><strong>illo</strong></span> <span class='ocrx_word' id='word_1_121' title='bbox 1966 1457 2085 1499; x_wconf 90' lang='lat' dir='ltr'><strong>sor-</strong></span> 
     </span>
    </p>
   </div>
   <div class='ocr_carea' id='block_1_18' title="bbox 512 1533 1751 1613">
    <p class='ocr_par' dir='ltr' id='par_1_18' title="bbox 512 1533 1751 1613">
     <span class='ocr_line' id='line_1_18' title="bbox 512 1533 1751 1613; baseline 0.006 -28"><span class='ocrx_word' id='word_1_122' title='bbox 512 1540 620 1585; x_wconf 78' lang='lat' dir='ltr'><strong>tem</strong></span> <span class='ocrx_word' id='word_1_123' title='bbox 646 1533 892 1599; x_wconf 85' lang='lat' dir='ltr'><strong>habebit,</strong></span> <span class='ocrx_word' id='word_1_124' title='bbox 917 1539 981 1589; x_wconf 86' lang='lat' dir='ltr'><strong>ut</strong></span> <span class='ocrx_word' id='word_1_125' title='bbox 1010 1541 1281 1613; x_wconf 80' lang='lat' dir='ltr'><strong>perpetuo</strong></span> <span class='ocrx_word' id='word_1_126' title='bbox 1303 1536 1588 1608; x_wconf 85' lang='lat' dir='ltr'><strong>puniatur.</strong></span> <span class='ocrx_word' id='word_1_127' title='bbox 1745 1605 1751 1613; x_wconf 32' lang='lat'><strong><em>.</em></strong></span> 
     </span>
    </p>
   </div>
   <div class='ocr_carea' id='block_1_19' title="bbox 576 1622 2086 1698">
    <p class='ocr_par' dir='ltr' id='par_1_19' title="bbox 576 1622 2086 1698">
     <span class='ocr_line' id='line_1_19' title="bbox 576 1622 2086 1698; baseline 0.003 -21"><span class='ocrx_word' id='word_1_128' title='bbox 576 1622 772 1681; x_wconf 81' lang='lat' dir='ltr'><strong>PALL.</strong></span> <span class='ocrx_word' id='word_1_129' title='bbox 813 1624 873 1679; x_wconf 88' lang='lat' dir='ltr'><strong>lu</strong></span> <span class='ocrx_word' id='word_1_130' title='bbox 912 1633 1069 1695; x_wconf 89' lang='lat' dir='ltr'><strong>parte</strong></span> <span class='ocrx_word' id='word_1_131' title='bbox 1117 1627 1287 1698; x_wconf 89' lang='lat' dir='ltr'><strong>igitur</strong></span> <span class='ocrx_word' id='word_1_132' title='bbox 1328 1627 1550 1684; x_wconf 74' lang='lat' dir='ltr'><strong>nefariae</strong></span> <span class='ocrx_word' id='word_1_133' title='bbox 1588 1642 1780 1684; x_wconf 85' lang='lat' dir='ltr'><strong>revera</strong></span> <span class='ocrx_word' id='word_1_134' title='bbox 1804 1668 1818 1693; x_wconf 91' lang='lat'><strong>,</strong></span> <span class='ocrx_word' id='word_1_135' title='bbox 1857 1626 2086 1697; x_wconf 89' lang='lat' dir='ltr'><strong>Deoque</strong></span> 
     </span>
    </p>
   </div>
   <div class='ocr_carea' id='block_1_20' title="bbox 2193 427 3776 503">
    <p class='ocr_par' dir='ltr' id='par_1_20' title="bbox 2193 427 3776 503">
     <span class='ocr_line' id='line_1_20' title="bbox 2193 427 3776 503; baseline -0.003 -19"><span class='ocrx_word' id='word_1_136' title='bbox 2193 430 2306 497; x_wconf 76' lang='grc' dir='ltr'><strong>ἔτι,</strong></span> <span class='ocrx_word' id='word_1_137' title='bbox 2355 431 2451 486; x_wconf 81' lang='grc' dir='ltr'><strong>καὶ</strong></span> <span class='ocrx_word' id='word_1_138' title='bbox 2478 431 2575 503; x_wconf 82' lang='grc' dir='ltr'><strong>τὴν</strong></span> <span class='ocrx_word' id='word_1_139' title='bbox 2622 431 2721 500; x_wconf 85' lang='grc' dir='ltr'><strong>τῆς</strong></span> <span class='ocrx_word' id='word_1_140' title='bbox 2753 428 3082 500; x_wconf 87' lang='grc' dir='ltr'><strong>θεογνωσίας</strong></span> <span class='ocrx_word' id='word_1_141' title='bbox 3123 427 3225 482; x_wconf 75' lang='grc' dir='ltr'><strong>οὒκ</strong></span> <span class='ocrx_word' id='word_1_142' title='bbox 3261 427 3496 499; x_wconf 77' lang='grc' dir='ltr'><strong>ἑχόντων</strong></span> <span class='ocrx_word' id='word_1_143' title='bbox 3546 428 3732 498; x_wconf 81' lang='grc' dir='ltr'><strong>αὐγήν</strong></span> <span class='ocrx_word' id='word_1_144' title='bbox 3760 444 3776 459; x_wconf 89' lang='grc'>·</span> 
     </span>
    </p>
   </div>
   <div class='ocr_carea' id='block_1_21' title="bbox 2192 518 3780 595">
    <p class='ocr_par' dir='ltr' id='par_1_21' title="bbox 2192 518 3780 595">
     <span class='ocr_line' id='line_1_21' title="bbox 2192 518 3780 595; baseline -0.004 -18"><span class='ocrx_word' id='word_1_145' title='bbox 2192 524 2274 578; x_wconf 84' lang='grc' dir='ltr'><strong>δτι</strong></span> <span class='ocrx_word' id='word_1_146' title='bbox 2320 522 2377 578; x_wconf 85' lang='grc' dir='ltr'><strong>δὲ</strong></span> <span class='ocrx_word' id='word_1_147' title='bbox 2419 526 2487 595; x_wconf 83' lang='grc' dir='ltr'><strong>τῇ</strong></span> <span class='ocrx_word' id='word_1_148' title='bbox 2532 524 2691 576; x_wconf 79' lang='grc' dir='ltr'><strong>νυκτὶ</strong></span> <span class='ocrx_word' id='word_1_149' title='bbox 2738 520 3095 593; x_wconf 78' lang='grc' dir='ltr'><strong>παρεικάζειν</strong></span> <span class='ocrx_word' id='word_1_150' title='bbox 3147 518 3270 585; x_wconf 74' lang='grc' dir='ltr'><strong>ἔθος</strong></span> <span class='ocrx_word' id='word_1_151' title='bbox 3312 522 3380 591; x_wconf 78' lang='grc' dir='ltr'><strong>τῇ</strong></span> <span class='ocrx_word' id='word_1_152' title='bbox 3425 519 3780 589; x_wconf 85' lang='grc' dir='ltr'><strong>θεοπνεύστῳ</strong></span> 
     </span>
    </p>
   </div>
   <div class='ocr_carea' id='block_1_22' title="bbox 2191 611 3779 689">
    <p class='ocr_par' dir='ltr' id='par_1_22' title="bbox 2191 611 3779 689">
     <span class='ocr_line' id='line_1_22' title="bbox 2191 611 3779 689; baseline -0.002 -21"><span class='ocrx_word' id='word_1_153' title='bbox 2191 615 2386 689; x_wconf 73' lang='grc' dir='ltr'><strong>Γραφῇ</strong></span> <span class='ocrx_word' id='word_1_154' title='bbox 2418 613 2517 688; x_wconf 78' lang='grc' dir='ltr'><strong>τὴν</strong></span> <span class='ocrx_word' id='word_1_155' title='bbox 2563 615 2670 669; x_wconf 84' lang='grc' dir='ltr'><strong>τῶν</strong></span> <span class='ocrx_word' id='word_1_156' title='bbox 2719 613 3187 685; x_wconf 86' lang='grc' dir='ltr'><strong>έπιπλανωμένων</strong></span> <span class='ocrx_word' id='word_1_157' title='bbox 3236 611 3461 685; x_wconf 82' lang='grc' dir='ltr'><strong>ἀγέλην,</strong></span> <span class='ocrx_word' id='word_1_158' title='bbox 3505 611 3676 666; x_wconf 83' lang='grc' dir='ltr'><strong>ἄκουε</strong></span> <span class='ocrx_word' id='word_1_159' title='bbox 3724 614 3779 665; x_wconf 78' lang='grc' dir='ltr'><strong>τί</strong></span> 
     </span>
    </p>
   </div>
   <div class='ocr_carea' id='block_1_23' title="bbox 2193 704 3776 778">
    <p class='ocr_par' dir='ltr' id='par_1_23' title="bbox 2193 704 3776 778">
     <span class='ocr_line' id='line_1_23' title="bbox 2193 704 3776 778; baseline -0.001 -19"><span class='ocrx_word' id='word_1_160' title='bbox 2193 723 2358 778; x_wconf 82' lang='grc' dir='ltr'><strong>φησιν</strong></span> <span class='ocrx_word' id='word_1_161' title='bbox 2387 709 2416 762; x_wconf 90' lang='grc' dir='ltr'>ὀ</span> <span class='ocrx_word' id='word_1_162' title='bbox 2459 706 2677 762; x_wconf 88' lang='grc' dir='ltr'><strong>πάντων</strong></span> <span class='ocrx_word' id='word_1_163' title='bbox 2733 706 3011 776; x_wconf 83' lang='grc' dir='ltr'><strong>Δεσπότης</strong></span> <span class='ocrx_word' id='word_1_164' title='bbox 3048 705 3186 777; x_wconf 83' lang='grc' dir='ltr'><strong>πρὸς</strong></span> <span class='ocrx_word' id='word_1_165' title='bbox 3225 704 3539 769; x_wconf 78' lang='grc' dir='ltr'><strong>Ἰουδαίους,</strong></span> <span class='ocrx_word' id='word_1_166' title='bbox 3571 705 3776 758; x_wconf 83' lang='grc' dir='ltr'><strong>ὑπονο-</strong></span> 
     </span>
    </p>
   </div>
   <div class='ocr_carea' id='block_1_24' title="bbox 2197 794 3829 885">
    <p class='ocr_par' dir='ltr' id='par_1_24' title="bbox 2197 794 3829 885">
     <span class='ocr_line' id='line_1_24' title="bbox 2197 794 3829 885; baseline -0.003 -33"><span class='ocrx_word' id='word_1_167' title='bbox 2197 798 2431 871; x_wconf 86' lang='grc' dir='ltr'><strong>στούσης</strong></span> <span class='ocrx_word' id='word_1_168' title='bbox 2463 799 2599 872; x_wconf 84' lang='grc' dir='ltr'><strong>πρὸς</strong></span> <span class='ocrx_word' id='word_1_169' title='bbox 2617 797 3028 870; x_wconf 81' lang='grc' dir='ltr'><strong>είδωλολατρίαν</strong></span> <span class='ocrx_word' id='word_1_170' title='bbox 3047 798 3147 867; x_wconf 82' lang='grc' dir='ltr'><strong>τῆς</strong></span> <span class='ocrx_word' id='word_1_171' title='bbox 3175 794 3777 882; x_wconf 61' lang='grc' dir='ltr'><strong>ἸερουσαλήμοιΝυκτλ</strong></span> <span class='ocrx_word' id='word_1_172' title='bbox 3801 845 3829 885; x_wconf 31' lang='grc' dir='ltr'><strong>ὁ,</strong></span> 
     </span>
    </p>
   </div>
   <div class='ocr_carea' id='block_1_25' title="bbox 2192 888 3769 963">
    <p class='ocr_par' dir='ltr' id='par_1_25' title="bbox 2192 888 3769 963">
     <span class='ocr_line' id='line_1_25' title="bbox 2192 888 3769 963; baseline -0.002 -19"><span class='ocrx_word' id='word_1_173' title='bbox 2192 890 2451 961; x_wconf 87' lang='grc' dir='ltr'><strong>ὡμοίωσα</strong></span> <span class='ocrx_word' id='word_1_174' title='bbox 2482 890 2578 963; x_wconf 84' lang='grc' dir='ltr'><strong>τὴν</strong></span> <span class='ocrx_word' id='word_1_175' title='bbox 2619 890 2830 962; x_wconf 82' lang='grc' dir='ltr'><strong>μητέρα</strong></span> <span class='ocrx_word' id='word_1_176' title='bbox 2864 908 2977 944; x_wconf 79' lang='grc' dir='ltr'><strong>σου·</strong></span> <span class='ocrx_word' id='word_1_177' title='bbox 3009 888 3264 961; x_wconf 81' lang='grc' dir='ltr'><strong>ὡμοιώθη</strong></span> <span class='ocrx_word' id='word_1_178' title='bbox 3304 890 3333 942; x_wconf 86' lang='grc' dir='ltr'>ὀ</span> <span class='ocrx_word' id='word_1_179' title='bbox 3370 890 3496 953; x_wconf 80' lang='grc' dir='ltr'><strong>λαός</strong></span> <span class='ocrx_word' id='word_1_180' title='bbox 3538 906 3665 959; x_wconf 80' lang='grc' dir='ltr'><strong>μου,</strong></span> <span class='ocrx_word' id='word_1_181' title='bbox 3696 888 3769 951; x_wconf 85' lang='grc' dir='ltr'><strong>ὡς</strong></span> 
     </span>
    </p>
   </div>
   <div class='ocr_carea' id='block_1_26' title="bbox 2192 980 3771 1053">
    <p class='ocr_par' dir='ltr' id='par_1_26' title="bbox 2192 980 3771 1053">
     <span class='ocr_line' id='line_1_26' title="bbox 2192 980 3771 1053; baseline -0.001 -19"><span class='ocrx_word' id='word_1_182' title='bbox 2192 982 2294 1036; x_wconf 83' lang='grc' dir='ltr'><strong>οὐκ</strong></span> <span class='ocrx_word' id='word_1_183' title='bbox 2329 981 2467 1053; x_wconf 71' lang='grc' dir='ltr'><strong>ἔχων</strong></span> <span class='ocrx_word' id='word_1_184' title='bbox 2490 982 2709 1051; x_wconf 85' lang='grc' dir='ltr'><strong>γνῶσιν.</strong></span> <span class='ocrx_word' id='word_1_185' title='bbox 2752 1001 2770 1033; x_wconf 78' lang='grc' dir='ltr'><strong>ι</strong></span> <span class='ocrx_word' id='word_1_186' title='bbox 2806 982 3001 1052; x_wconf 86' lang='grc' dir='ltr'><strong>Συνίης</strong></span> <span class='ocrx_word' id='word_1_187' title='bbox 3028 981 3111 1034; x_wconf 86' lang='grc' dir='ltr'><strong>ὃτι</strong></span> <span class='ocrx_word' id='word_1_188' title='bbox 3141 981 3310 1035; x_wconf 89' lang='grc' dir='ltr'><strong>νύκτα</strong></span> <span class='ocrx_word' id='word_1_189' title='bbox 3336 980 3474 1050; x_wconf 85' lang='grc' dir='ltr'><strong>φησὶ</strong></span> <span class='ocrx_word' id='word_1_190' title='bbox 3512 982 3639 1043; x_wconf 77' lang='grc' dir='ltr'><strong>τοὺς</strong></span> <span class='ocrx_word' id='word_1_191' title='bbox 3670 980 3771 1033; x_wconf 71' lang='grc' dir='ltr'><strong>οὐκ</strong></span> 
     </span>
    </p>
   </div>
   <div class='ocr_carea' id='block_1_27' title="bbox 2195 1072 3772 1146">
    <p class='ocr_par' dir='ltr' id='par_1_27' title="bbox 2195 1072 3772 1146">
     <span class='ocr_line' id='line_1_27' title="bbox 2195 1072 3772 1146; baseline 0 -19"><span class='ocrx_word' id='word_1_192' title='bbox 2195 1074 2417 1146; x_wconf 77' lang='grc' dir='ltr'><strong>ἔχοντας</strong></span> <span class='ocrx_word' id='word_1_193' title='bbox 2446 1073 2648 1143; x_wconf 83' lang='grc' dir='ltr'><strong>γνῶσιν</strong></span> <span class='ocrx_word' id='word_1_194' title='bbox 2673 1074 2772 1144; x_wconf 83' lang='grc' dir='ltr'><strong>τῆς</strong></span> <span class='ocrx_word' id='word_1_195' title='bbox 2790 1072 3026 1145; x_wconf 79' lang='grc' dir='ltr'><strong>ἀληθοῦς</strong></span> <span class='ocrx_word' id='word_1_196' title='bbox 3054 1074 3149 1127; x_wconf 72' lang='grc' dir='ltr'><strong>καὶ</strong></span> <span class='ocrx_word' id='word_1_197' title='bbox 3175 1072 3316 1128; x_wconf 86' lang='grc' dir='ltr'><strong>κατά</strong></span> <span class='ocrx_word' id='word_1_198' title='bbox 3338 1072 3499 1143; x_wconf 85' lang='grc' dir='ltr'><strong>φύσιν</strong></span> <span class='ocrx_word' id='word_1_199' title='bbox 3527 1072 3772 1144; x_wconf 83' lang='grc' dir='ltr'><strong>δηλονότι</strong></span> 
     </span>
    </p>
   </div>
   <div class='ocr_carea' id='block_1_28' title="bbox 2195 1160 3777 1235">
    <p class='ocr_par' dir='ltr' id='par_1_28' title="bbox 2195 1160 3777 1235">
     <span class='ocr_line' id='line_1_28' title="bbox 2195 1160 3777 1235; baseline 0.001 -19"><span class='ocrx_word' id='word_1_200' title='bbox 2195 1162 2477 1233; x_wconf 86' lang='grc' dir='ltr'><strong>θεότητος;</strong></span> <span class='ocrx_word' id='word_1_201' title='bbox 2510 1160 2805 1233; x_wconf 83' lang='grc' dir='ltr'><strong>Μεμίσηκε</strong></span> <span class='ocrx_word' id='word_1_202' title='bbox 2832 1162 3123 1234; x_wconf 79' lang='grc' dir='ltr'><strong>τοιγαροῦν</strong></span> <span class='ocrx_word' id='word_1_203' title='bbox 3142 1163 3171 1216; x_wconf 76' lang='grc' dir='ltr'><strong>ὁ</strong></span> <span class='ocrx_word' id='word_1_204' title='bbox 3203 1164 3419 1217; x_wconf 85' lang='grc' dir='ltr'><strong>πάντων</strong></span> <span class='ocrx_word' id='word_1_205' title='bbox 3443 1163 3637 1235; x_wconf 75' lang='grc' dir='ltr'><strong>ἐχθρὸς</strong></span> <span class='ocrx_word' id='word_1_206' title='bbox 3657 1181 3777 1218; x_wconf 81' lang='grc' dir='ltr'><strong>και-</strong></span> 
     </span>
    </p>
   </div>
   <div class='ocr_carea' id='block_1_29' title="bbox 2197 1251 3775 1325">
    <p class='ocr_par' dir='ltr' id='par_1_29' title="bbox 2197 1251 3775 1325">
     <span class='ocr_line' id='line_1_29' title="bbox 2197 1251 3775 1325; baseline 0.001 -20"><span class='ocrx_word' id='word_1_207' title='bbox 2197 1253 2326 1325; x_wconf 77' lang='grc' dir='ltr'><strong>ροὺς</strong></span> <span class='ocrx_word' id='word_1_208' title='bbox 2358 1251 2451 1306; x_wconf 74' lang='grc' dir='ltr'><strong>καὶ</strong></span> <span class='ocrx_word' id='word_1_209' title='bbox 2478 1252 2691 1324; x_wconf 83' lang='grc' dir='ltr'><strong>ἡμέρας</strong></span> <span class='ocrx_word' id='word_1_210' title='bbox 2716 1253 2837 1308; x_wconf 82' lang='grc' dir='ltr'><strong>καθ’</strong></span> <span class='ocrx_word' id='word_1_211' title='bbox 2867 1251 2962 1317; x_wconf 79' lang='grc' dir='ltr'><strong>οὓς</strong></span> <span class='ocrx_word' id='word_1_212' title='bbox 2989 1253 3206 1309; x_wconf 82' lang='grc' dir='ltr'>διόλωλε</span> <span class='ocrx_word' id='word_1_213' title='bbox 3234 1253 3333 1325; x_wconf 84' lang='grc' dir='ltr'><strong>μὲν</strong></span> <span class='ocrx_word' id='word_1_214' title='bbox 3365 1255 3553 1319; x_wconf 80' lang='grc' dir='ltr'><strong>αὐτὸς,</strong></span> <span class='ocrx_word' id='word_1_215' title='bbox 3581 1256 3775 1308; x_wconf 83' lang='grc' dir='ltr'><strong>ἀνασε-</strong></span> 
     </span>
    </p>
   </div>
   <div class='ocr_carea' id='block_1_30' title="bbox 2197 1341 3773 1415">
    <p class='ocr_par' dir='ltr' id='par_1_30' title="bbox 2197 1341 3773 1415">
     <span class='ocr_line' id='line_1_30' title="bbox 2197 1341 3773 1415; baseline 0.003 -21"><span class='ocrx_word' id='word_1_216' title='bbox 2197 1341 2455 1414; x_wconf 88' lang='grc' dir='ltr'><strong>σώσμεθα</strong></span> <span class='ocrx_word' id='word_1_217' title='bbox 2488 1342 2545 1396; x_wconf 83' lang='grc' dir='ltr'><strong>δὲ</strong></span> <span class='ocrx_word' id='word_1_218' title='bbox 2571 1344 2824 1414; x_wconf 77' lang='grc' dir='ltr'><strong>ἡμεῖς.⁹0</strong></span> <span class='ocrx_word' id='word_1_219' title='bbox 2844 1343 2899 1397; x_wconf 85' lang='grc' dir='ltr'><strong>δὲ</strong></span> <span class='ocrx_word' id='word_1_220' title='bbox 2930 1344 3024 1398; x_wconf 76' lang='grc' dir='ltr'><strong>σὺν</strong></span> <span class='ocrx_word' id='word_1_221' title='bbox 3049 1345 3244 1415; x_wconf 77' lang='grc' dir='ltr'><strong>ἐκείνῳ</strong></span> <span class='ocrx_word' id='word_1_222' title='bbox 3274 1344 3447 1415; x_wconf 83' lang='grc' dir='ltr'><strong>μισῶν</strong></span> <span class='ocrx_word' id='word_1_223' title='bbox 3479 1345 3576 1415; x_wconf 79' lang='grc' dir='ltr'><strong>τῆς</strong></span> <span class='ocrx_word' id='word_1_224' title='bbox 3605 1345 3773 1400; x_wconf 72' lang='grc' dir='ltr'><strong>αὑτοῦ</strong></span> 
     </span>
    </p>
   </div>
   <div class='ocr_carea' id='block_1_31' title="bbox 2199 1432 3771 1508">
    <p class='ocr_par' dir='ltr' id='par_1_31' title="bbox 2199 1432 3771 1508">
     <span class='ocr_line' id='line_1_31' title="bbox 2199 1432 3771 1508; baseline 0.003 -22"><span class='ocrx_word' id='word_1_225' title='bbox 2199 1432 2417 1504; x_wconf 82' lang='grc' dir='ltr'><strong>μερίδος</strong></span> <span class='ocrx_word' id='word_1_226' title='bbox 2443 1434 2619 1499; x_wconf 74' lang='grc' dir='ltr'><strong>ἔσται,</strong></span> <span class='ocrx_word' id='word_1_227' title='bbox 2653 1435 2746 1488; x_wconf 73' lang='grc' dir='ltr'><strong>καὶ</strong></span> <span class='ocrx_word' id='word_1_228' title='bbox 2775 1434 2973 1507; x_wconf 83' lang='grc' dir='ltr'><strong>κλῆρον</strong></span> <span class='ocrx_word' id='word_1_229' title='bbox 3004 1434 3115 1501; x_wconf 76' lang='grc' dir='ltr'><strong>ἔξει</strong></span> <span class='ocrx_word' id='word_1_230' title='bbox 3150 1435 3245 1489; x_wconf 74' lang='grc' dir='ltr'><strong>σὺν</strong></span> <span class='ocrx_word' id='word_1_231' title='bbox 3277 1436 3449 1508; x_wconf 78' lang='grc' dir='ltr'><strong>αὐτῷ,</strong></span> <span class='ocrx_word' id='word_1_232' title='bbox 3484 1436 3546 1490; x_wconf 77' lang='grc' dir='ltr'><strong>τὸ</strong></span> <span class='ocrx_word' id='word_1_233' title='bbox 3569 1438 3771 1491; x_wconf 80' lang='grc' dir='ltr'><strong>ἀκατα-</strong></span> 
     </span>
    </p>
   </div>
   <div class='ocr_carea' id='block_1_32' title="bbox 2195 1524 2920 1597">
    <p class='ocr_par' dir='ltr' id='par_1_32' title="bbox 2195 1524 2920 1597">
     <span class='ocr_line' id='line_1_32' title="bbox 2195 1524 2920 1597; baseline 0.004 -20"><span class='ocrx_word' id='word_1_234' title='bbox 2195 1524 2409 1597; x_wconf 84' lang='grc' dir='ltr'><strong>λήκτως</strong></span> <span class='ocrx_word' id='word_1_235' title='bbox 2434 1525 2757 1591; x_wconf 76' lang='grc' dir='ltr'><strong>κολάζεσθαι</strong></span> <span class='ocrx_word' id='word_1_236' title='bbox 2790 1526 2920 1580; x_wconf 84' lang='grc' dir='ltr'><strong>δεῖν.</strong></span> 
     </span>
    </p>
   </div>
   <div class='ocr_carea' id='block_1_33' title="bbox 2268 1615 3769 1693">
    <p class='ocr_par' dir='ltr' id='par_1_33' title="bbox 2268 1615 3769 1693">
     <span class='ocr_line' id='line_1_33' title="bbox 2268 1615 3769 1693; baseline 0.001 -21"><span class='ocrx_word' id='word_1_237' title='bbox 2268 1618 2474 1673; x_wconf 75' lang='grc' dir='ltr'><strong>ΠΑΛΛ.</strong></span> <span class='ocrx_word' id='word_1_238' title='bbox 2522 1620 2611 1673; x_wconf 88' lang='grc' dir='ltr'><strong>Ἐν</strong></span> <span class='ocrx_word' id='word_1_239' title='bbox 2644 1619 2807 1693; x_wconf 72' lang='grc' dir='ltr'><strong>μοίρᾳ⁸</strong></span> <span class='ocrx_word' id='word_1_240' title='bbox 2845 1619 2911 1693; x_wconf 84' lang='grc' dir='ltr'><strong>δὴ</strong></span> <span class='ocrx_word' id='word_1_241' title='bbox 2943 1615 3035 1674; x_wconf 82' lang='grc' dir='ltr'><strong>οὖν</strong></span> <span class='ocrx_word' id='word_1_242' title='bbox 3073 1622 3171 1691; x_wconf 82' lang='grc' dir='ltr'><strong>τῆς</strong></span> <span class='ocrx_word' id='word_1_243' title='bbox 3203 1620 3279 1684; x_wconf 83' lang='grc' dir='ltr'><strong>ὡς</strong></span> <span class='ocrx_word' id='word_1_244' title='bbox 3300 1619 3517 1690; x_wconf 83' lang='grc' dir='ltr'><strong>ἀληθῶς</strong></span> <span class='ocrx_word' id='word_1_245' title='bbox 3548 1620 3769 1693; x_wconf 78' lang='grc' dir='ltr'><strong>βεϐήλου</strong></span> 
     </span>
    </p>
   </div>
   <div class='ocr_carea' id='block_1_34' title="bbox 511 1702 2093 1791">
    <p class='ocr_par' dir='ltr' id='par_1_34' title="bbox 511 1716 2093 1791">
     <span class='ocr_line' id='line_1_34' title="bbox 511 1716 2093 1791; baseline 0.006 -22"><span class='ocrx_word' id='word_1_246' title='bbox 511 1716 697 1773; x_wconf 63' lang='lat' dir='ltr'><strong>invisae</strong></span> <span class='ocrx_word' id='word_1_247' title='bbox 743 1716 1066 1774; x_wconf 72' lang='lat' dir='ltr'><strong>idololatriae</strong></span> <span class='ocrx_word' id='word_1_248' title='bbox 1105 1719 1272 1775; x_wconf 90' lang='lat' dir='ltr'><strong>etiam</strong></span> <span class='ocrx_word' id='word_1_249' title='bbox 1307 1718 1618 1791; x_wconf 73' lang='lat' dir='ltr'><strong>huiusmodi</strong></span> <span class='ocrx_word' id='word_1_250' title='bbox 1666 1736 1756 1776; x_wconf 89' lang='lat' dir='ltr'><strong>res</strong></span> <span class='ocrx_word' id='word_1_251' title='bbox 1795 1722 2093 1779; x_wconf 90' lang='lat' dir='ltr'><strong>constitue-</strong></span> 
     </span>
    </p>
   </div>
   <div class='ocr_carea' id='block_1_35' title="bbox 2204 1702 3772 1791">
    <p class='ocr_par' dir='ltr' id='par_1_35' title="bbox 2204 1708 3772 1782">
     <span class='ocr_line' id='line_1_35' title="bbox 2204 1708 3772 1782; baseline 0.001 -19"><span class='ocrx_word' id='word_1_252' title='bbox 2204 1727 2261 1763; x_wconf 90' lang='grc' dir='ltr'><strong>τε</strong></span> <span class='ocrx_word' id='word_1_253' title='bbox 2282 1710 2377 1764; x_wconf 81' lang='grc' dir='ltr'><strong>καὶ</strong></span> <span class='ocrx_word' id='word_1_254' title='bbox 2407 1710 2694 1782; x_wconf 83' lang='grc' dir='ltr'><strong>θεομισοῦς</strong></span> <span class='ocrx_word' id='word_1_255' title='bbox 2724 1708 3160 1781; x_wconf 80' lang='grc' dir='ltr'><strong>εἰδωλολατρίας,</strong></span> <span class='ocrx_word' id='word_1_256' title='bbox 3182 1712 3275 1764; x_wconf 78' lang='grc' dir='ltr'><strong>καὶ</strong></span> <span class='ocrx_word' id='word_1_257' title='bbox 3302 1709 3480 1764; x_wconf 80' lang='grc' dir='ltr'><strong>τοιάδε</strong></span> <span class='ocrx_word' id='word_1_258' title='bbox 3510 1710 3772 1782; x_wconf 81' lang='grc' dir='ltr'><strong>θήσομεν,</strong></span> 
     </span>
    </p>
   </div>
   <div class='ocr_carea' id='block_1_36' title="bbox 512 1809 2096 1882">
    <p class='ocr_par' dir='ltr' id='par_1_36' title="bbox 512 1809 2096 1882">
     <span class='ocr_line' id='line_1_36' title="bbox 512 1809 2096 1882; baseline 0.007 -23"><span class='ocrx_word' id='word_1_259' title='bbox 512 1824 653 1873; x_wconf 87' lang='lat' dir='ltr'><strong>mus,</strong></span> <span class='ocrx_word' id='word_1_260' title='bbox 687 1816 749 1863; x_wconf 89' lang='lat' dir='ltr'><strong>ut</strong></span> <span class='ocrx_word' id='word_1_261' title='bbox 783 1809 873 1864; x_wconf 90' lang='lat' dir='ltr'><strong>illa</strong></span> <span class='ocrx_word' id='word_1_262' title='bbox 898 1810 1092 1880; x_wconf 91' lang='lat' dir='ltr'><strong>procul</strong></span> <span class='ocrx_word' id='word_1_263' title='bbox 1122 1809 1292 1864; x_wconf 89' lang='lat' dir='ltr'><strong>dubio</strong></span> <span class='ocrx_word' id='word_1_264' title='bbox 1313 1810 1720 1875; x_wconf 87' lang='lat' dir='ltr'><strong>constituimus,</strong></span> <span class='ocrx_word' id='word_1_265' title='bbox 1746 1826 1868 1882; x_wconf 86' lang='lat' dir='ltr'><strong>quae</strong></span> <span class='ocrx_word' id='word_1_266' title='bbox 1901 1812 1971 1868; x_wconf 91' lang='lat' dir='ltr'><strong>de</strong></span> <span class='ocrx_word' id='word_1_267' title='bbox 2010 1829 2096 1879; x_wconf 90' lang='lat' dir='ltr'><strong>ea,</strong></span> 
     </span>
    </p>
   </div>
   <div class='ocr_carea' id='block_1_37' title="bbox 510 1900 1912 1971">
    <p class='ocr_par' dir='ltr' id='par_1_37' title="bbox 510 1900 1912 1971">
     <span class='ocr_line' id='line_1_37' title="bbox 510 1900 1912 1971; baseline 0.005 -20"><span class='ocrx_word' id='word_1_268' title='bbox 510 1914 631 1968; x_wconf 69' lang='lat' dir='ltr'><strong>qum</strong></span> <span class='ocrx_word' id='word_1_269' title='bbox 667 1901 946 1969; x_wconf 83' lang='lat' dir='ltr'><strong>generatio</strong></span> <span class='ocrx_word' id='word_1_270' title='bbox 965 1900 1292 1971; x_wconf 83' lang='lat' dir='ltr'><strong>appellatur,</strong></span> <span class='ocrx_word' id='word_1_271' title='bbox 1318 1900 1611 1957; x_wconf 88' lang='lat' dir='ltr'><strong>vanissime</strong></span> <span class='ocrx_word' id='word_1_272' title='bbox 1633 1901 1912 1958; x_wconf 89' lang='lat' dir='ltr'><strong>dicuntur.</strong></span> 
     </span>
    </p>
   </div>
   <div class='ocr_carea' id='block_1_38' title="bbox 579 1987 2095 2063">
    <p class='ocr_par' dir='ltr' id='par_1_38' title="bbox 579 1987 2095 2063">
     <span class='ocr_line' id='line_1_38' title="bbox 579 1987 2095 2063; baseline 0.005 -21"><span class='ocrx_word' id='word_1_273' title='bbox 579 1987 735 2043; x_wconf 71' lang='grc' dir='ltr'><strong>ΟΥΕ.</strong></span> <span class='ocrx_word' id='word_1_274' title='bbox 779 1988 869 2044; x_wconf 91' lang='lat' dir='ltr'><strong>Sic</strong></span> <span class='ocrx_word' id='word_1_275' title='bbox 894 1990 1059 2045; x_wconf 87' lang='lat' dir='ltr'><strong>velim</strong></span> <span class='ocrx_word' id='word_1_276' title='bbox 1103 1990 1338 2057; x_wconf 88' lang='lat' dir='ltr'><strong>habeas;</strong></span> <span class='ocrx_word' id='word_1_277' title='bbox 1381 2006 1491 2046; x_wconf 92' lang='lat' dir='ltr'><strong>non</strong></span> <span class='ocrx_word' id='word_1_278' title='bbox 1548 1991 1710 2046; x_wconf 84' lang='lat' dir='ltr'><strong>aliter</strong></span> <span class='ocrx_word' id='word_1_279' title='bbox 1762 2008 1820 2048; x_wconf 89' lang='lat' dir='ltr'><strong>se</strong></span> <span class='ocrx_word' id='word_1_280' title='bbox 1865 1994 2095 2063; x_wconf 89' lang='lat' dir='ltr'><strong>habere,</strong></span> 
     </span>
    </p>
   </div>
   <div class='ocr_carea' id='block_1_39' title="bbox 510 2077 2102 2152">
    <p class='ocr_par' dir='ltr' id='par_1_39' title="bbox 510 2077 2102 2152">
     <span class='ocr_line' id='line_1_39' title="bbox 510 2077 2102 2152; baseline 0.005 -22"><span class='ocrx_word' id='word_1_281' title='bbox 510 2077 973 2147; x_wconf 89' lang='lat' dir='ltr'><strong>quemadmodum</strong></span> <span class='ocrx_word' id='word_1_282' title='bbox 1000 2080 1118 2150; x_wconf 90' lang='lat' dir='ltr'><strong>ipsa</strong></span> <span class='ocrx_word' id='word_1_283' title='bbox 1140 2095 1359 2151; x_wconf 90' lang='lat' dir='ltr'><strong>quoque</strong></span> <span class='ocrx_word' id='word_1_284' title='bbox 1378 2097 1564 2136; x_wconf 90' lang='lat' dir='ltr'><strong>rerum</strong></span> <span class='ocrx_word' id='word_1_285' title='bbox 1588 2082 1925 2152; x_wconf 84' lang='lat' dir='ltr'><strong>experientia</strong></span> <span class='ocrx_word' id='word_1_286' title='bbox 1947 2098 2102 2138; x_wconf 89' lang='lat' dir='ltr'><strong>coar-</strong></span> 
     </span>
    </p>
   </div>
   <div class='ocr_carea' id='block_1_40' title="bbox 509 2169 2100 2246">
    <p class='ocr_par' dir='ltr' id='par_1_40' title="bbox 509 2169 2100 2246">
     <span class='ocr_line' id='line_1_40' title="bbox 509 2169 2100 2246; baseline 0.003 -19"><span class='ocrx_word' id='word_1_287' title='bbox 509 2171 645 2240; x_wconf 77' lang='lat' dir='ltr'><strong>guit.</strong></span> <span class='ocrx_word' id='word_1_288' title='bbox 676 2169 759 2225; x_wconf 80' lang='lat' dir='ltr'><strong>Ad</strong></span> <span class='ocrx_word' id='word_1_289' title='bbox 786 2171 905 2228; x_wconf 81' lang='lat' dir='ltr'><strong>haec</strong></span> <span class='ocrx_word' id='word_1_290' title='bbox 936 2172 1073 2227; x_wconf 91' lang='lat' dir='ltr'><strong>illud</strong></span> <span class='ocrx_word' id='word_1_291' title='bbox 1105 2188 1325 2246; x_wconf 86' lang='lat' dir='ltr'><strong>quoque</strong></span> <span class='ocrx_word' id='word_1_292' title='bbox 1350 2174 1511 2230; x_wconf 90' lang='lat' dir='ltr'><strong>nobis</strong></span> <span class='ocrx_word' id='word_1_293' title='bbox 1548 2174 1800 2230; x_wconf 91' lang='lat' dir='ltr'><strong>odiosum</strong></span> <span class='ocrx_word' id='word_1_294' title='bbox 1826 2175 1882 2230; x_wconf 92' lang='lat' dir='ltr'><strong>in</strong></span> <span class='ocrx_word' id='word_1_295' title='bbox 1906 2175 2100 2246; x_wconf 88' lang='lat' dir='ltr'><strong>primis</strong></span> 
     </span>
    </p>
   </div>
   <div class='ocr_carea' id='block_1_41' title="bbox 508 2262 2100 2336">
    <p class='ocr_par' dir='ltr' id='par_1_41' title="bbox 508 2262 2100 2336">
     <span class='ocr_line' id='line_1_41' title="bbox 508 2262 2100 2336; baseline 0.004 -22"><span class='ocrx_word' id='word_1_296' title='bbox 508 2277 632 2317; x_wconf 88' lang='lat' dir='ltr'><strong>csse</strong></span> <span class='ocrx_word' id='word_1_297' title='bbox 672 2262 859 2329; x_wconf 88' lang='lat' dir='ltr'><strong>debet,</strong></span> <span class='ocrx_word' id='word_1_298' title='bbox 896 2263 1147 2319; x_wconf 89' lang='lat' dir='ltr'><strong>deditum</strong></span> <span class='ocrx_word' id='word_1_299' title='bbox 1186 2279 1308 2320; x_wconf 90' lang='lat' dir='ltr'><strong>esse</strong></span> <span class='ocrx_word' id='word_1_300' title='bbox 1347 2264 1613 2336; x_wconf 79' lang='lat' dir='ltr'><strong>auguriis,</strong></span> <span class='ocrx_word' id='word_1_301' title='bbox 1643 2264 2100 2320; x_wconf 88' lang='lat' dir='ltr'><strong>insusurrationi-</strong></span> 
     </span>
    </p>
   </div>
   <div class='ocr_carea' id='block_1_42' title="bbox 511 2351 2100 2424">
    <p class='ocr_par' dir='ltr' id='par_1_42' title="bbox 511 2351 2100 2424">
     <span class='ocr_line' id='line_1_42' title="bbox 511 2351 2100 2424; baseline 0.004 -19"><span class='ocrx_word' id='word_1_302' title='bbox 511 2351 615 2406; x_wconf 86' lang='lat' dir='ltr'><strong>bus</strong></span> <span class='ocrx_word' id='word_1_303' title='bbox 638 2359 805 2422; x_wconf 88' lang='lat' dir='ltr'><strong>atque</strong></span> <span class='ocrx_word' id='word_1_304' title='bbox 842 2353 1180 2409; x_wconf 86' lang='lat' dir='ltr'><strong>carminibus</strong></span> <span class='ocrx_word' id='word_1_305' title='bbox 1227 2372 1241 2409; x_wconf 90' lang='lat'><strong>:</strong></span> <span class='ocrx_word' id='word_1_306' title='bbox 1289 2369 1417 2409; x_wconf 91' lang='lat' dir='ltr'><strong>nam</strong></span> <span class='ocrx_word' id='word_1_307' title='bbox 1450 2354 1738 2424; x_wconf 85' lang='lat' dir='ltr'><strong>gentilium</strong></span> <span class='ocrx_word' id='word_1_308' title='bbox 1769 2355 2018 2411; x_wconf 88' lang='lat' dir='ltr'><strong>nonnulli</strong></span> <span class='ocrx_word' id='word_1_309' title='bbox 2041 2357 2100 2411; x_wconf 91' lang='lat' dir='ltr'><strong>in</strong></span> 
     </span>
    </p>
   </div>
   <div class='ocr_carea' id='block_1_43' title="bbox 509 2443 2099 2517">
    <p class='ocr_par' dir='ltr' id='par_1_43' title="bbox 509 2443 2099 2517">
     <span class='ocr_line' id='line_1_43' title="bbox 509 2443 2099 2517; baseline 0.004 -20"><span class='ocrx_word' id='word_1_310' title='bbox 509 2458 632 2497; x_wconf 79' lang='lat' dir='ltr'><strong>cam</strong></span> <span class='ocrx_word' id='word_1_311' title='bbox 657 2444 862 2499; x_wconf 89' lang='lat' dir='ltr'><strong>mentis</strong></span> <span class='ocrx_word' id='word_1_312' title='bbox 913 2444 1191 2499; x_wconf 85' lang='lat' dir='ltr'><strong>levitatem</strong></span> <span class='ocrx_word' id='word_1_313' title='bbox 1232 2443 1370 2515; x_wconf 87' lang='lat' dir='ltr'><strong>lapsi</strong></span> <span class='ocrx_word' id='word_1_314' title='bbox 1417 2454 1565 2511; x_wconf 93' lang='lat' dir='ltr'><strong>sunt,</strong></span> <span class='ocrx_word' id='word_1_315' title='bbox 1590 2455 1652 2500; x_wconf 91' lang='lat' dir='ltr'><strong>ut</strong></span> <span class='ocrx_word' id='word_1_316' title='bbox 1696 2454 1954 2517; x_wconf 88' lang='lat' dir='ltr'><strong>putarent</strong></span> <span class='ocrx_word' id='word_1_317' title='bbox 1996 2462 2099 2503; x_wconf 90' lang='lat' dir='ltr'><strong>no-</strong></span> 
     </span>
    </p>
   </div>
   <div class='ocr_carea' id='block_1_44' title="bbox 512 2534 2100 2609">
    <p class='ocr_par' dir='ltr' id='par_1_44' title="bbox 512 2534 2100 2609">
     <span class='ocr_line' id='line_1_44' title="bbox 512 2534 2100 2609; baseline 0.004 -22"><span class='ocrx_word' id='word_1_318' title='bbox 512 2540 754 2588; x_wconf 85' lang='lat' dir='ltr'><strong>strarum</strong></span> <span class='ocrx_word' id='word_1_319' title='bbox 791 2549 980 2589; x_wconf 89' lang='lat' dir='ltr'><strong>rerum</strong></span> <span class='ocrx_word' id='word_1_320' title='bbox 1025 2534 1396 2606; x_wconf 83' lang='lat' dir='ltr'><strong>cognitionem</strong></span> <span class='ocrx_word' id='word_1_321' title='bbox 1422 2534 1477 2590; x_wconf 90' lang='lat' dir='ltr'><strong>in</strong></span> <span class='ocrx_word' id='word_1_322' title='bbox 1503 2537 1697 2591; x_wconf 84' lang='lat' dir='ltr'><strong>avibus</strong></span> <span class='ocrx_word' id='word_1_323' title='bbox 1737 2553 1956 2608; x_wconf 90' lang='lat' dir='ltr'><strong>quoque</strong></span> <span class='ocrx_word' id='word_1_324' title='bbox 2000 2554 2100 2609; x_wconf 91' lang='lat' dir='ltr'><strong>per</strong></span> 
     </span>
    </p>
   </div>
   <div class='ocr_carea' id='block_1_45' title="bbox 511 2625 2099 2701">
    <p class='ocr_par' dir='ltr' id='par_1_45' title="bbox 511 2625 2099 2701">
     <span class='ocr_line' id='line_1_45' title="bbox 511 2625 2099 2701; baseline 0.005 -23"><span class='ocrx_word' id='word_1_325' title='bbox 511 2639 640 2678; x_wconf 89' lang='lat' dir='ltr'><strong>aera</strong></span> <span class='ocrx_word' id='word_1_326' title='bbox 660 2625 1020 2680; x_wconf 85' lang='lat' dir='ltr'><strong>volitantibus</strong></span> <span class='ocrx_word' id='word_1_327' title='bbox 1042 2626 1284 2681; x_wconf 88' lang='lat' dir='ltr'><strong>insitam.</strong></span> <span class='ocrx_word' id='word_1_328' title='bbox 1319 2626 1508 2697; x_wconf 88' lang='lat' dir='ltr'><strong>Itaque</strong></span> <span class='ocrx_word' id='word_1_329' title='bbox 1539 2629 1755 2685; x_wconf 86' lang='lat' dir='ltr'><strong>volatus</strong></span> <span class='ocrx_word' id='word_1_330' title='bbox 1790 2646 2008 2701; x_wconf 88' lang='lat' dir='ltr'><strong>quoque</strong></span> <span class='ocrx_word' id='word_1_331' title='bbox 2030 2630 2099 2686; x_wconf 90' lang='lat' dir='ltr'><strong>ad</strong></span> 
     </span>
    </p>
   </div>
   <div class='ocr_carea' id='block_1_46' title="bbox 513 2716 2098 2782">
    <p class='ocr_par' dir='ltr' id='par_1_46' title="bbox 513 2716 2098 2782">
     <span class='ocr_line' id='line_1_46' title="bbox 513 2716 2098 2782; baseline 0.004 -14"><span class='ocrx_word' id='word_1_332' title='bbox 513 2716 786 2770; x_wconf 87' lang='lat' dir='ltr'><strong>orientem</strong></span> <span class='ocrx_word' id='word_1_333' title='bbox 809 2723 866 2771; x_wconf 89' lang='lat' dir='ltr'><strong>et</strong></span> <span class='ocrx_word' id='word_1_334' title='bbox 908 2717 1274 2782; x_wconf 90' lang='lat' dir='ltr'><strong>occidentem,</strong></span> <span class='ocrx_word' id='word_1_335' title='bbox 1317 2717 1386 2771; x_wconf 90' lang='lat' dir='ltr'><strong>ad</strong></span> <span class='ocrx_word' id='word_1_336' title='bbox 1431 2717 1682 2772; x_wconf 82' lang='lat' dir='ltr'><strong>dextram</strong></span> <span class='ocrx_word' id='word_1_337' title='bbox 1727 2727 1782 2775; x_wconf 88' lang='lat' dir='ltr'><strong>et</strong></span> <span class='ocrx_word' id='word_1_338' title='bbox 1819 2721 2098 2775; x_wconf 89' lang='lat' dir='ltr'><strong>sinistram</strong></span> 
     </span>
    </p>
   </div>
   <div class='ocr_carea' id='block_1_47' title="bbox 514 2805 2097 2877">
    <p class='ocr_par' dir='ltr' id='par_1_47' title="bbox 514 2805 2097 2877">
     <span class='ocr_line' id='line_1_47' title="bbox 514 2805 2097 2877; baseline 0.003 -14"><span class='ocrx_word' id='word_1_339' title='bbox 514 2808 732 2863; x_wconf 73' lang='lat' dir='ltr'><strong>curiose</strong></span> <span class='ocrx_word' id='word_1_340' title='bbox 756 2805 1131 2877; x_wconf 85' lang='lat' dir='ltr'><strong>pervestigant</strong></span> <span class='ocrx_word' id='word_1_341' title='bbox 1179 2821 1243 2862; x_wconf 91' lang='lat' dir='ltr'><strong>ac</strong></span> <span class='ocrx_word' id='word_1_342' title='bbox 1262 2848 1276 2873; x_wconf 92' lang='lat'><strong>,</strong></span> <span class='ocrx_word' id='word_1_343' title='bbox 1303 2806 1478 2863; x_wconf 87' lang='lat' dir='ltr'><strong>sicubi</strong></span> <span class='ocrx_word' id='word_1_344' title='bbox 1528 2823 1725 2864; x_wconf 88' lang='lat' dir='ltr'><strong>canere</strong></span> <span class='ocrx_word' id='word_1_345' title='bbox 1752 2811 1942 2864; x_wconf 86' lang='lat' dir='ltr'><strong>cornix</strong></span> <span class='ocrx_word' id='word_1_346' title='bbox 1979 2811 2097 2868; x_wconf 90' lang='lat' dir='ltr'><strong>visa</strong></span> 
     </span>
    </p>
   </div>
   <div class='ocr_carea' id='block_1_48' title="bbox 514 2896 2100 2973">
    <p class='ocr_par' dir='ltr' id='par_1_48' title="bbox 514 2896 2100 2973">
     <span class='ocr_line' id='line_1_48' title="bbox 514 2896 2100 2973; baseline 0.004 -19"><span class='ocrx_word' id='word_1_347' title='bbox 514 2899 710 2963; x_wconf 78' lang='lat' dir='ltr'><strong>fuerit,</strong></span> <span class='ocrx_word' id='word_1_348' title='bbox 747 2896 1013 2953; x_wconf 88' lang='lat' dir='ltr'><strong>adhibent</strong></span> <span class='ocrx_word' id='word_1_349' title='bbox 1045 2913 1208 2954; x_wconf 86' lang='lat' dir='ltr'><strong>aures</strong></span> <span class='ocrx_word' id='word_1_350' title='bbox 1246 2913 1310 2954; x_wconf 91' lang='lat' dir='ltr'><strong>ac</strong></span> <span class='ocrx_word' id='word_1_351' title='bbox 1350 2907 1604 2970; x_wconf 90' lang='lat' dir='ltr'><strong>tanquam</strong></span> <span class='ocrx_word' id='word_1_352' title='bbox 1639 2902 1844 2973; x_wconf 88' lang='lat' dir='ltr'><strong>aliquid</strong></span> <span class='ocrx_word' id='word_1_353' title='bbox 1879 2907 2100 2963; x_wconf 81' lang='lat' dir='ltr'><strong>verissi-</strong></span> 
     </span>
    </p>
   </div>
   <div class='ocr_carea' id='block_1_49' title="bbox 516 2989 2098 3069">
    <p class='ocr_par' dir='ltr' id='par_1_49' title="bbox 516 2989 2098 3069">
     <span class='ocr_line' id='line_1_49' title="bbox 516 2989 2098 3069; baseline 0.006 -24"><span class='ocrx_word' id='word_1_354' title='bbox 516 3007 665 3047; x_wconf 87' lang='lat' dir='ltr'><strong>mum</strong></span> <span class='ocrx_word' id='word_1_355' title='bbox 689 2990 990 3061; x_wconf 89' lang='lat' dir='ltr'><strong>accipiunt,</strong></span> <span class='ocrx_word' id='word_1_356' title='bbox 1036 2989 1271 3062; x_wconf 84' lang='lat' dir='ltr'><strong>indeque</strong></span> <span class='ocrx_word' id='word_1_357' title='bbox 1322 2992 1430 3047; x_wconf 82' lang='lat' dir='ltr'><strong>laeti</strong></span> <span class='ocrx_word' id='word_1_358' title='bbox 1462 2993 1715 3060; x_wconf 89' lang='lat' dir='ltr'><strong>redeunt,</strong></span> <span class='ocrx_word' id='word_1_359' title='bbox 1758 3013 1938 3069; x_wconf 90' lang='lat' dir='ltr'><strong>neque</strong></span> <span class='ocrx_word' id='word_1_360' title='bbox 1969 3014 2098 3055; x_wconf 88' lang='lat' dir='ltr'><strong>eru-</strong></span> 
     </span>
    </p>
   </div>
   <div class='ocr_carea' id='block_1_50' title="bbox 517 3081 2093 3159">
    <p class='ocr_par' dir='ltr' id='par_1_50' title="bbox 517 3081 2093 3159">
     <span class='ocr_line' id='line_1_50' title="bbox 517 3081 2093 3159; baseline 0.006 -22"><span class='ocrx_word' id='word_1_361' title='bbox 517 3085 748 3138; x_wconf 84' lang='lat' dir='ltr'><strong>bescunt</strong></span> <span class='ocrx_word' id='word_1_362' title='bbox 769 3081 978 3147; x_wconf 80' lang='lat' dir='ltr'><strong>miseri,</strong></span> <span class='ocrx_word' id='word_1_363' title='bbox 1005 3082 1085 3138; x_wconf 85' lang='lat' dir='ltr'><strong>rei</strong></span> <span class='ocrx_word' id='word_1_364' title='bbox 1124 3082 1266 3139; x_wconf 87' lang='lat' dir='ltr'><strong>adeo</strong></span> <span class='ocrx_word' id='word_1_365' title='bbox 1284 3084 1636 3151; x_wconf 89' lang='lat' dir='ltr'><strong>venerabilis,</strong></span> <span class='ocrx_word' id='word_1_366' title='bbox 1659 3089 1962 3159; x_wconf 72' lang='lat' dir='ltr'><strong>prophetia:</strong></span> <span class='ocrx_word' id='word_1_367' title='bbox 1982 3091 2093 3147; x_wconf 88' lang='lat' dir='ltr'><strong>vim</strong></span> 
     </span>
    </p>
   </div>
   <div class='ocr_carea' id='block_1_51' title="bbox 516 3172 2093 3249">
    <p class='ocr_par' dir='ltr' id='par_1_51' title="bbox 516 3172 2093 3249">
     <span class='ocr_line' id='line_1_51' title="bbox 516 3172 2093 3249; baseline 0.008 -22"><span class='ocrx_word' id='word_1_368' title='bbox 516 3173 745 3229; x_wconf 74' lang='lat' dir='ltr'><strong>oviculis</strong></span> <span class='ocrx_word' id='word_1_369' title='bbox 765 3173 1033 3229; x_wconf 88' lang='lat' dir='ltr'><strong>tribuere.</strong></span> <span class='ocrx_word' id='word_1_370' title='bbox 1054 3172 1379 3245; x_wconf 84' lang='lat' dir='ltr'><strong>Hujusmodi</strong></span> <span class='ocrx_word' id='word_1_371' title='bbox 1403 3184 1586 3231; x_wconf 87' lang='lat' dir='ltr'><strong>autem</strong></span> <span class='ocrx_word' id='word_1_372' title='bbox 1605 3179 1835 3236; x_wconf 87' lang='lat' dir='ltr'><strong>honesta</strong></span> <span class='ocrx_word' id='word_1_373' title='bbox 1863 3181 2093 3249; x_wconf 89' lang='lat' dir='ltr'><strong>scilicet,</strong></span> 
     </span>
    </p>
   </div>
   <div class='ocr_carea' id='block_1_52' title="bbox 518 3263 2096 3344">
    <p class='ocr_par' dir='ltr' id='par_1_52' title="bbox 518 3263 2096 3344">
     <span class='ocr_line' id='line_1_52' title="bbox 518 3263 2096 3344; baseline 0.008 -26"><span class='ocrx_word' id='word_1_374' title='bbox 518 3273 576 3318; x_wconf 84' lang='lat' dir='ltr'><strong>nt</strong></span> <span class='ocrx_word' id='word_1_375' title='bbox 607 3263 709 3336; x_wconf 90' lang='lat' dir='ltr'><strong>ipsi</strong></span> <span class='ocrx_word' id='word_1_376' title='bbox 750 3279 939 3321; x_wconf 90' lang='lat' dir='ltr'><strong>secum</strong></span> <span class='ocrx_word' id='word_1_377' title='bbox 987 3271 1205 3336; x_wconf 83' lang='lat' dir='ltr'><strong>putant,</strong></span> <span class='ocrx_word' id='word_1_378' title='bbox 1257 3267 1401 3323; x_wconf 86' lang='lat' dir='ltr'><strong>ratio</strong></span> <span class='ocrx_word' id='word_1_379' title='bbox 1450 3268 1757 3340; x_wconf 77' lang='lat' dir='ltr'><strong>afﬁngitur;</strong></span> <span class='ocrx_word' id='word_1_380' title='bbox 1812 3287 1912 3343; x_wconf 89' lang='lat' dir='ltr'><strong>per</strong></span> <span class='ocrx_word' id='word_1_381' title='bbox 1949 3273 2096 3344; x_wconf 89' lang='lat' dir='ltr'><strong>ipsas</strong></span> 
     </span>
    </p>
   </div>
   <div class='ocr_carea' id='block_1_53' title="bbox 515 3352 2095 3425">
    <p class='ocr_par' dir='ltr' id='par_1_53' title="bbox 515 3352 2095 3425">
     <span class='ocr_line' id='line_1_53' title="bbox 515 3352 2095 3425; baseline 0.004 -17"><span class='ocrx_word' id='word_1_382' title='bbox 515 3354 683 3419; x_wconf 83' lang='lat' dir='ltr'><strong>enim,</strong></span> <span class='ocrx_word' id='word_1_383' title='bbox 710 3352 986 3425; x_wconf 88' lang='lat' dir='ltr'><strong>inquiunt,</strong></span> <span class='ocrx_word' id='word_1_384' title='bbox 1015 3352 1092 3408; x_wconf 89' lang='lat' dir='ltr'><strong>dii</strong></span> <span class='ocrx_word' id='word_1_385' title='bbox 1119 3354 1439 3410; x_wconf 90' lang='lat' dir='ltr'><strong>ostendunt.</strong></span> <span class='ocrx_word' id='word_1_386' title='bbox 1482 3355 1595 3411; x_wconf 87' lang='lat' dir='ltr'><strong>Nos</strong></span> <span class='ocrx_word' id='word_1_387' title='bbox 1622 3365 1805 3412; x_wconf 90' lang='lat' dir='ltr'><strong>autem</strong></span> <span class='ocrx_word' id='word_1_388' title='bbox 1831 3358 1963 3413; x_wconf 90' lang='lat' dir='ltr'><strong>deos</strong></span> <span class='ocrx_word' id='word_1_389' title='bbox 1985 3375 2095 3414; x_wconf 90' lang='lat' dir='ltr'><strong>non</strong></span> 
     </span>
    </p>
   </div>
   <div class='ocr_carea' id='block_1_54' title="bbox 513 3444 2097 3518">
    <p class='ocr_par' dir='ltr' id='par_1_54' title="bbox 513 3444 2097 3518">
     <span class='ocr_line' id='line_1_54' title="bbox 513 3444 2097 3518; baseline 0.003 -18"><span class='ocrx_word' id='word_1_390' title='bbox 513 3461 635 3501; x_wconf 75' lang='lat' dir='ltr'><strong>osse</strong></span> <span class='ocrx_word' id='word_1_391' title='bbox 675 3444 912 3503; x_wconf 90' lang='lat' dir='ltr'><strong>dicimus</strong></span> <span class='ocrx_word' id='word_1_392' title='bbox 952 3455 1229 3518; x_wconf 89' lang='lat' dir='ltr'><strong>apostatas</strong></span> <span class='ocrx_word' id='word_1_393' title='bbox 1271 3447 1522 3518; x_wconf 86' lang='lat' dir='ltr'><strong>angelos,</strong></span> <span class='ocrx_word' id='word_1_394' title='bbox 1570 3463 1602 3502; x_wconf 91' lang='lat' dir='ltr'><strong>a</strong></span> <span class='ocrx_word' id='word_1_395' title='bbox 1634 3449 1835 3518; x_wconf 91' lang='lat' dir='ltr'><strong>quibus</strong></span> <span class='ocrx_word' id='word_1_396' title='bbox 1878 3450 1945 3505; x_wconf 89' lang='lat' dir='ltr'><strong>ad</strong></span> <span class='ocrx_word' id='word_1_397' title='bbox 1995 3464 2097 3507; x_wconf 90' lang='lat' dir='ltr'><strong>nos</strong></span> 
     </span>
    </p>
   </div>
   <div class='ocr_carea' id='block_1_55' title="bbox 516 3535 2097 3610">
    <p class='ocr_par' dir='ltr' id='par_1_55' title="bbox 516 3535 2097 3610">
     <span class='ocr_line' id='line_1_55' title="bbox 516 3535 2097 3610; baseline 0.003 -19"><span class='ocrx_word' id='word_1_398' title='bbox 516 3536 783 3606; x_wconf 60' lang='lat' dir='ltr'><strong>praclari,</strong></span> <span class='ocrx_word' id='word_1_399' title='bbox 809 3536 858 3591; x_wconf 91' lang='lat' dir='ltr'><strong>si</strong></span> <span class='ocrx_word' id='word_1_400' title='bbox 880 3535 994 3592; x_wconf 92' lang='lat' dir='ltr'><strong>Deo</strong></span> <span class='ocrx_word' id='word_1_401' title='bbox 1014 3538 1216 3608; x_wconf 90' lang='lat' dir='ltr'><strong>placet,</strong></span> <span class='ocrx_word' id='word_1_402' title='bbox 1242 3545 1406 3607; x_wconf 87' lang='lat' dir='ltr'><strong>atque</strong></span> <span class='ocrx_word' id='word_1_403' title='bbox 1437 3536 1789 3594; x_wconf 85' lang='lat' dir='ltr'><strong>admirabiles</strong></span> <span class='ocrx_word' id='word_1_404' title='bbox 1818 3540 2097 3610; x_wconf 65' lang='lat' dir='ltr'><strong>prophetae</strong></span> 
     </span>
    </p>
   </div>
   <div class='ocr_carea' id='block_1_56' title="bbox 516 3627 2093 3700">
    <p class='ocr_par' dir='ltr' id='par_1_56' title="bbox 516 3627 2093 3700">
     <span class='ocr_line' id='line_1_56' title="bbox 516 3627 2093 3700; baseline 0.001 -17"><span class='ocrx_word' id='word_1_405' title='bbox 516 3636 571 3683; x_wconf 86' lang='lat' dir='ltr'><strong>ct</strong></span> <span class='ocrx_word' id='word_1_406' title='bbox 595 3645 781 3684; x_wconf 88' lang='lat' dir='ltr'><strong>rerum</strong></span> <span class='ocrx_word' id='word_1_407' title='bbox 806 3627 1119 3683; x_wconf 78' lang='lat' dir='ltr'><strong>futurarum</strong></span> <span class='ocrx_word' id='word_1_408' title='bbox 1140 3628 1355 3698; x_wconf 63' lang='lat' dir='ltr'><strong>praescii</strong></span> <span class='ocrx_word' id='word_1_409' title='bbox 1374 3629 1647 3699; x_wconf 86' lang='lat' dir='ltr'><strong>lcgantur,</strong></span> <span class='ocrx_word' id='word_1_410' title='bbox 1672 3638 1861 3700; x_wconf 84' lang='lat' dir='ltr'><strong>arguta</strong></span> <span class='ocrx_word' id='word_1_411' title='bbox 1885 3633 2093 3697; x_wconf 79' lang='lat' dir='ltr'><strong>cornix,</strong></span> 
     </span>
    </p>
   </div>
   <div class='ocr_carea' id='block_1_57' title="bbox 515 3716 2098 3791">
    <p class='ocr_par' dir='ltr' id='par_1_57' title="bbox 515 3716 2098 3791">
     <span class='ocr_line' id='line_1_57' title="bbox 515 3716 2098 3791; baseline 0.001 -18"><span class='ocrx_word' id='word_1_412' title='bbox 515 3726 573 3773; x_wconf 84' lang='lat' dir='ltr'><strong>et</strong></span> <span class='ocrx_word' id='word_1_413' title='bbox 614 3733 830 3789; x_wconf 80' lang='lat' dir='ltr'><strong>praepes</strong></span> <span class='ocrx_word' id='word_1_414' title='bbox 875 3717 1161 3786; x_wconf 89' lang='lat' dir='ltr'><strong>accipiter,</strong></span> <span class='ocrx_word' id='word_1_415' title='bbox 1204 3723 1262 3770; x_wconf 91' lang='lat' dir='ltr'><strong>et</strong></span> <span class='ocrx_word' id='word_1_416' title='bbox 1299 3716 1466 3772; x_wconf 77' lang='lat' dir='ltr'><strong>variae</strong></span> <span class='ocrx_word' id='word_1_417' title='bbox 1511 3717 1796 3786; x_wconf 87' lang='lat' dir='ltr'><strong>palumbes</strong></span> <span class='ocrx_word' id='word_1_418' title='bbox 1848 3718 1930 3789; x_wconf 91' lang='lat' dir='ltr'><strong>(ut</strong></span> <span class='ocrx_word' id='word_1_419' title='bbox 1964 3719 2098 3791; x_wconf 86' lang='lat' dir='ltr'><strong>ipsis</strong></span> 
     </span>
    </p>
   </div>
   <div class='ocr_carea' id='block_1_58' title="bbox 517 3805 2094 3879">
    <p class='ocr_par' dir='ltr' id='par_1_58' title="bbox 517 3805 2094 3879">
     <span class='ocr_line' id='line_1_58' title="bbox 517 3805 2094 3879; baseline 0.003 -17"><span class='ocrx_word' id='word_1_420' title='bbox 517 3808 807 3879; x_wconf 73' lang='lat' dir='ltr'><strong>gentilium</strong></span> <span class='ocrx_word' id='word_1_421' title='bbox 851 3813 1140 3862; x_wconf 89' lang='lat' dir='ltr'><strong>auctorum</strong></span> <span class='ocrx_word' id='word_1_422' title='bbox 1175 3805 1361 3863; x_wconf 80' lang='lat' dir='ltr'><strong>verbis</strong></span> <span class='ocrx_word' id='word_1_423' title='bbox 1400 3807 1545 3879; x_wconf 90' lang='lat' dir='ltr'><strong>utar)</strong></span> <span class='ocrx_word' id='word_1_424' title='bbox 1584 3815 1641 3863; x_wconf 92' lang='lat' dir='ltr'><strong>et</strong></span> <span class='ocrx_word' id='word_1_425' title='bbox 1686 3818 1895 3864; x_wconf 54' lang='lat' dir='ltr'><strong>caeteras</strong></span> <span class='ocrx_word' id='word_1_426' title='bbox 1934 3826 2094 3878; x_wconf 82' lang='lat' dir='ltr'><strong>aves;</strong></span> 
     </span>
    </p>
   </div>
   <div class='ocr_carea' id='block_1_59' title="bbox 518 3897 2098 3973">
    <p class='ocr_par' dir='ltr' id='par_1_59' title="bbox 518 3897 2098 3973">
     <span class='ocr_line' id='line_1_59' title="bbox 518 3897 2098 3973; baseline 0.004 -20"><span class='ocrx_word' id='word_1_427' title='bbox 518 3899 681 3969; x_wconf 78' lang='lat'><strong>210</strong></span> <span class='ocrx_word' id='word_1_428' title='bbox 704 3898 898 3969; x_wconf 91' lang='lat' dir='ltr'><strong>dignos</strong></span> <span class='ocrx_word' id='word_1_429' title='bbox 931 3897 1140 3954; x_wconf 88' lang='lat' dir='ltr'><strong>scilicet</strong></span> <span class='ocrx_word' id='word_1_430' title='bbox 1177 3898 1382 3956; x_wconf 87' lang='lat' dir='ltr'><strong>talibus</strong></span> <span class='ocrx_word' id='word_1_431' title='bbox 1410 3898 1515 3955; x_wconf 92' lang='lat' dir='ltr'><strong>diis</strong></span> <span class='ocrx_word' id='word_1_432' title='bbox 1551 3899 1864 3971; x_wconf 90' lang='lat' dir='ltr'><strong>prophetas,</strong></span> <span class='ocrx_word' id='word_1_433' title='bbox 1898 3902 2098 3973; x_wconf 84' lang='lat' dir='ltr'><strong>quibus</strong></span> 
     </span>
    </p>
   </div>
   <div class='ocr_carea' id='block_1_60' title="bbox 523 3987 2096 4059">
    <p class='ocr_par' dir='ltr' id='par_1_60' title="bbox 523 3987 2096 4059">
     <span class='ocr_line' id='line_1_60' title="bbox 523 3987 2096 4059; baseline 0.006 -18"><span class='ocrx_word' id='word_1_434' title='bbox 523 3989 597 4042; x_wconf 89' lang='lat' dir='ltr'><strong>illi</strong></span> <span class='ocrx_word' id='word_1_435' title='bbox 636 3988 878 4059; x_wconf 84' lang='lat' dir='ltr'><strong>garritus</strong></span> <span class='ocrx_word' id='word_1_436' title='bbox 898 3987 965 4043; x_wconf 90' lang='lat' dir='ltr'><strong>ad</strong></span> <span class='ocrx_word' id='word_1_437' title='bbox 1004 4003 1095 4043; x_wconf 77' lang='lat' dir='ltr'><strong>vos</strong></span> <span class='ocrx_word' id='word_1_438' title='bbox 1117 3987 1464 4057; x_wconf 81' lang='lat' dir='ltr'><strong>deferendos,</strong></span> <span class='ocrx_word' id='word_1_439' title='bbox 1497 3990 1780 4058; x_wconf 88' lang='lat' dir='ltr'><strong>insonent;</strong></span> <span class='ocrx_word' id='word_1_440' title='bbox 1809 4008 1907 4048; x_wconf 90' lang='lat' dir='ltr'><strong>vos</strong></span> <span class='ocrx_word' id='word_1_441' title='bbox 1931 3995 2096 4050; x_wconf 89' lang='lat' dir='ltr'><strong>etiam</strong></span> 
     </span>
    </p>
   </div>
   <div class='ocr_carea' id='block_1_61' title="bbox 520 4067 2093 4156">
    <p class='ocr_par' dir='ltr' id='par_1_61' title="bbox 520 4067 2093 4156">
     <span class='ocr_line' id='line_1_61' title="bbox 520 4067 2093 4156; baseline 0.006 -21"><span class='ocrx_word' id='word_1_442' title='bbox 520 4081 708 4137; x_wconf 70' lang='lat' dir='ltr'><strong>felices</strong></span> <span class='ocrx_word' id='word_1_443' title='bbox 728 4096 793 4136; x_wconf 92' lang='lat' dir='ltr'><strong>ac</strong></span> <span class='ocrx_word' id='word_1_444' title='bbox 817 4081 1031 4150; x_wconf 87' lang='lat' dir='ltr'><strong>beatos,</strong></span> <span class='ocrx_word' id='word_1_445' title='bbox 1058 4067 1153 4154; x_wconf 85' lang='lat' dir='ltr'><strong>qui</strong></span> <span class='ocrx_word' id='word_1_446' title='bbox 1178 4082 1315 4138; x_wconf 88' lang='lat' dir='ltr'><strong>tales</strong></span> <span class='ocrx_word' id='word_1_447' title='bbox 1341 4081 1571 4139; x_wconf 90' lang='lat' dir='ltr'><strong>deorum</strong></span> <span class='ocrx_word' id='word_1_448' title='bbox 1593 4083 1921 4156; x_wconf 86' lang='lat' dir='ltr'><strong>interpretes</strong></span> <span class='ocrx_word' id='word_1_449' title='bbox 1953 4090 2093 4144; x_wconf 90' lang='lat' dir='ltr'><strong>nacti</strong></span> 
     </span>
    </p>
   </div>
   <div class='ocr_carea' id='block_1_62' title="bbox 519 4174 2098 4250">
    <p class='ocr_par' dir='ltr' id='par_1_62' title="bbox 519 4174 2098 4250">
     <span class='ocr_line' id='line_1_62' title="bbox 519 4174 2098 4250; baseline 0.006 -22"><span class='ocrx_word' id='word_1_450' title='bbox 519 4175 673 4243; x_wconf 77' lang='lat' dir='ltr'><strong>sitis;</strong></span> <span class='ocrx_word' id='word_1_451' title='bbox 705 4174 862 4231; x_wconf 89' lang='lat' dir='ltr'><strong>obliti</strong></span> <span class='ocrx_word' id='word_1_452' title='bbox 901 4184 1084 4232; x_wconf 90' lang='lat' dir='ltr'><strong>autem</strong></span> <span class='ocrx_word' id='word_1_453' title='bbox 1132 4178 1287 4243; x_wconf 89' lang='lat' dir='ltr'><strong>estis,</strong></span> <span class='ocrx_word' id='word_1_454' title='bbox 1313 4182 1376 4231; x_wconf 90' lang='lat' dir='ltr'><strong>ut</strong></span> <span class='ocrx_word' id='word_1_455' title='bbox 1415 4193 1505 4233; x_wconf 90' lang='lat' dir='ltr'><strong>res</strong></span> <span class='ocrx_word' id='word_1_456' title='bbox 1547 4177 1808 4245; x_wconf 89' lang='lat' dir='ltr'><strong>declarat,</strong></span> <span class='ocrx_word' id='word_1_457' title='bbox 1849 4182 2098 4250; x_wconf 87' lang='lat' dir='ltr'><strong>quamvis</strong></span> 
     </span>
    </p>
   </div>
   <div class='ocr_carea' id='block_1_63' title="bbox 519 4271 2092 4343">
    <p class='ocr_par' dir='ltr' id='par_1_63' title="bbox 519 4271 2092 4343">
     <span class='ocr_line' id='line_1_63' title="bbox 519 4271 2092 4343; baseline 0.006 -21"><span class='ocrx_word' id='word_1_458' title='bbox 519 4278 830 4325; x_wconf 78' lang='lat' dir='ltr'><strong>vestrorum</strong></span> <span class='ocrx_word' id='word_1_459' title='bbox 877 4277 1164 4342; x_wconf 88' lang='lat' dir='ltr'><strong>poetarum</strong></span> <span class='ocrx_word' id='word_1_460' title='bbox 1209 4271 1500 4343; x_wconf 90' lang='lat' dir='ltr'><strong>opiniones</strong></span> <span class='ocrx_word' id='word_1_461' title='bbox 1544 4271 1803 4328; x_wconf 88' lang='lat' dir='ltr'><strong>admirari</strong></span> <span class='ocrx_word' id='word_1_462' title='bbox 1850 4274 2092 4342; x_wconf 88' lang='lat' dir='ltr'><strong>soleatis,</strong></span> 
     </span>
    </p>
   </div>
   <div class='ocr_carea' id='block_1_64' title="bbox 2202 1799 3791 1876">
    <p class='ocr_par' dir='ltr' id='par_1_64' title="bbox 2202 1799 3791 1876">
     <span class='ocr_line' id='line_1_64' title="bbox 2202 1799 3791 1876; baseline -0.001 -19"><span class='ocrx_word' id='word_1_463' title='bbox 2202 1802 2455 1876; x_wconf 87' lang='grc' dir='ltr'><strong>καθάπερ</strong></span> <span class='ocrx_word' id='word_1_464' title='bbox 2494 1801 2686 1873; x_wconf 88' lang='grc' dir='ltr'><strong>ἀμέλει</strong></span> <span class='ocrx_word' id='word_1_465' title='bbox 2714 1800 2808 1855; x_wconf 72' lang='grc' dir='ltr'><strong>καὶ</strong></span> <span class='ocrx_word' id='word_1_466' title='bbox 2836 1801 2934 1873; x_wconf 83' lang='grc' dir='ltr'><strong>τὴν</strong></span> <span class='ocrx_word' id='word_1_467' title='bbox 2962 1801 3091 1872; x_wconf 75' lang='grc' dir='ltr'><strong>περὶ</strong></span> <span class='ocrx_word' id='word_1_468' title='bbox 3122 1803 3221 1872; x_wconf 80' lang='grc' dir='ltr'><strong>τῆς</strong></span> <span class='ocrx_word' id='word_1_469' title='bbox 3262 1799 3610 1872; x_wconf 78' lang='grc' dir='ltr'><strong>καλουμένης</strong></span> <span class='ocrx_word' id='word_1_470' title='bbox 3633 1802 3791 1870; x_wconf 84' lang='grc' dir='ltr'><strong>γενέ-</strong></span> 
     </span>
    </p>
   </div>
   <div class='ocr_carea' id='block_1_65' title="bbox 2203 1893 2789 1965">
    <p class='ocr_par' dir='ltr' id='par_1_65' title="bbox 2203 1893 2789 1965">
     <span class='ocr_line' id='line_1_65' title="bbox 2203 1893 2789 1965; baseline -0.005 -16"><span class='ocrx_word' id='word_1_471' title='bbox 2203 1912 2340 1959; x_wconf 89' lang='grc' dir='ltr'><strong>σεως</strong></span> <span class='ocrx_word' id='word_1_472' title='bbox 2365 1893 2789 1965; x_wconf 57' lang='grc' dir='ltr'><strong>είκαιομυθίανρ</strong></span> 
     </span>
    </p>
   </div>
   <div class='ocr_carea' id='block_1_66' title="bbox 2271 1981 3776 2058">
    <p class='ocr_par' dir='ltr' id='par_1_66' title="bbox 2271 1981 3776 2058">
     <span class='ocr_line' id='line_1_66' title="bbox 2271 1981 3776 2058; baseline -0.001 -19"><span class='ocrx_word' id='word_1_473' title='bbox 2271 1986 2436 2041; x_wconf 77' lang='grc' dir='ltr'><strong>ΚΥΡ.</strong></span> <span class='ocrx_word' id='word_1_474' title='bbox 2483 1986 2571 2052; x_wconf 80' lang='grc' dir='ltr'><strong>Ὦς</strong></span> <span class='ocrx_word' id='word_1_475' title='bbox 2601 1981 2660 2040; x_wconf 80' lang='grc' dir='ltr'><strong>εὖ</strong></span> <span class='ocrx_word' id='word_1_476' title='bbox 2687 1984 2796 2039; x_wconf 83' lang='grc' dir='ltr'><strong>ῐσθι</strong></span> <span class='ocrx_word' id='word_1_477' title='bbox 2825 2003 2928 2050; x_wconf 93' lang='grc' dir='ltr'><strong>τοι,</strong></span> <span class='ocrx_word' id='word_1_478' title='bbox 2964 1985 3039 2058; x_wconf 81' lang='grc' dir='ltr'><strong>μὴ</strong></span> <span class='ocrx_word' id='word_1_479' title='bbox 3070 1985 3269 2056; x_wconf 78' lang='grc' dir='ltr'><strong>ἑτέρως</strong></span> <span class='ocrx_word' id='word_1_480' title='bbox 3308 1985 3471 2056; x_wconf 79' lang='grc' dir='ltr'><strong>ἔχειν,</strong></span> <span class='ocrx_word' id='word_1_481' title='bbox 3510 1985 3653 2040; x_wconf 85' lang='grc' dir='ltr'><strong>καθά</strong></span> <span class='ocrx_word' id='word_1_482' title='bbox 3686 1985 3776 2039; x_wconf 76' lang='grc' dir='ltr'><strong>καὶ</strong></span> 
     </span>
    </p>
   </div>
   <div class='ocr_carea' id='block_1_67' title="bbox 2202 2074 3774 2149">
    <p class='ocr_par' dir='ltr' id='par_1_67' title="bbox 2202 2074 3774 2149">
     <span class='ocr_line' id='line_1_67' title="bbox 2202 2074 3774 2149; baseline -0.001 -18"><span class='ocrx_word' id='word_1_483' title='bbox 2202 2077 2341 2149; x_wconf 85' lang='grc' dir='ltr'><strong>αὐτὴ</strong></span> <span class='ocrx_word' id='word_1_484' title='bbox 2369 2077 2618 2148; x_wconf 81' lang='grc' dir='ltr'><strong>διήλεγξε</strong></span> <span class='ocrx_word' id='word_1_485' title='bbox 2646 2074 2755 2129; x_wconf 87' lang='grc' dir='ltr'><strong>τῶν</strong></span> <span class='ocrx_word' id='word_1_486' title='bbox 2790 2075 3134 2148; x_wconf 81' lang='grc' dir='ltr'><strong>πραγμάτων</strong></span> <span class='ocrx_word' id='word_1_487' title='bbox 3161 2078 3193 2147; x_wconf 84' lang='grc' dir='ltr'>ἠ</span> <span class='ocrx_word' id='word_1_488' title='bbox 3222 2075 3478 2147; x_wconf 82' lang='grc' dir='ltr'><strong>βάσανος.</strong></span> <span class='ocrx_word' id='word_1_489' title='bbox 3507 2075 3617 2130; x_wconf 67' lang='grc' dir='ltr'><strong>Καὶ</strong></span> <span class='ocrx_word' id='word_1_490' title='bbox 3641 2075 3774 2146; x_wconf 83' lang='grc' dir='ltr'><strong>πρός</strong></span> 
     </span>
    </p>
   </div>
   <div class='ocr_carea' id='block_1_68' title="bbox 2200 2165 3773 2241">
    <p class='ocr_par' dir='ltr' id='par_1_68' title="bbox 2200 2165 3773 2241">
     <span class='ocr_line' id='line_1_68' title="bbox 2200 2165 3773 2241; baseline -0.002 -18"><span class='ocrx_word' id='word_1_491' title='bbox 2200 2187 2265 2240; x_wconf 85' lang='grc' dir='ltr'><strong>γε</strong></span> <span class='ocrx_word' id='word_1_492' title='bbox 2297 2169 2360 2241; x_wconf 79' lang='grc' dir='ltr'><strong>δὴ</strong></span> <span class='ocrx_word' id='word_1_493' title='bbox 2388 2169 2595 2233; x_wconf 87' lang='grc' dir='ltr'><strong>τούτοις</strong></span> <span class='ocrx_word' id='word_1_494' title='bbox 2633 2169 3066 2241; x_wconf 81' lang='grc' dir='ltr'><strong>καταστυγητέον</strong></span> <span class='ocrx_word' id='word_1_495' title='bbox 3092 2165 3150 2224; x_wconf 80' lang='grc' dir='ltr'><strong>εὖ</strong></span> <span class='ocrx_word' id='word_1_496' title='bbox 3199 2168 3344 2241; x_wconf 83' lang='grc' dir='ltr'><strong>μάλα</strong></span> <span class='ocrx_word' id='word_1_497' title='bbox 3376 2171 3473 2222; x_wconf 77' lang='grc' dir='ltr'><strong>καὶ</strong></span> <span class='ocrx_word' id='word_1_498' title='bbox 3505 2169 3568 2222; x_wconf 85' lang='grc' dir='ltr'><strong>τὸ</strong></span> <span class='ocrx_word' id='word_1_499' title='bbox 3599 2183 3773 2238; x_wconf 81' lang='grc' dir='ltr'><strong>προσ·</strong></span> 
     </span>
    </p>
   </div>
   <div class='ocr_carea' id='block_1_69' title="bbox 2203 2261 3774 2333">
    <p class='ocr_par' dir='ltr' id='par_1_69' title="bbox 2203 2261 3774 2333">
     <span class='ocr_line' id='line_1_69' title="bbox 2203 2261 3774 2333; baseline -0.003 -16"><span class='ocrx_word' id='word_1_500' title='bbox 2203 2263 2422 2318; x_wconf 85' lang='grc' dir='ltr'><strong>κεῖσθαι</strong></span> <span class='ocrx_word' id='word_1_501' title='bbox 2456 2262 2633 2333; x_wconf 85' lang='grc' dir='ltr'><strong>φιλεῖν</strong></span> <span class='ocrx_word' id='word_1_502' title='bbox 2664 2262 2943 2333; x_wconf 87' lang='grc' dir='ltr'><strong>ἀνονήτοις</strong></span> <span class='ocrx_word' id='word_1_503' title='bbox 2972 2262 3403 2328; x_wconf 78' lang='grc' dir='ltr'><strong>οἰωνοσκοπίαις,</strong></span> <span class='ocrx_word' id='word_1_504' title='bbox 3429 2261 3774 2333; x_wconf 75' lang='grc' dir='ltr'><strong>ψιθυρισμοῖς</strong></span> 
     </span>
    </p>
   </div>
   <div class='ocr_carea' id='block_1_70' title="bbox 2199 2353 3775 2426">
    <p class='ocr_par' dir='ltr' id='par_1_70' title="bbox 2199 2353 3775 2426">
     <span class='ocr_line' id='line_1_70' title="bbox 2199 2353 3775 2426; baseline -0.003 -17"><span class='ocrx_word' id='word_1_505' title='bbox 2199 2373 2260 2409; x_wconf 91' lang='grc' dir='ltr'><strong>τε</strong></span> <span class='ocrx_word' id='word_1_506' title='bbox 2291 2356 2384 2411; x_wconf 81' lang='grc' dir='ltr'><strong>καὶ</strong></span> <span class='ocrx_word' id='word_1_507' title='bbox 2413 2354 2643 2426; x_wconf 74' lang='grc' dir='ltr'><strong>ἐπῳδαῖς</strong></span> <span class='ocrx_word' id='word_1_508' title='bbox 2666 2370 2680 2386; x_wconf 87' lang='grc'><strong>·</strong></span> <span class='ocrx_word' id='word_1_509' title='bbox 2714 2353 2806 2408; x_wconf 82' lang='grc' dir='ltr'><strong>νοῦ</strong></span> <span class='ocrx_word' id='word_1_510' title='bbox 2838 2353 2947 2426; x_wconf 87' lang='grc' dir='ltr'><strong>γὰρ</strong></span> <span class='ocrx_word' id='word_1_511' title='bbox 2989 2354 3254 2426; x_wconf 82' lang='grc' dir='ltr'><strong>ὲλαφρίας</strong></span> <span class='ocrx_word' id='word_1_512' title='bbox 3293 2355 3374 2419; x_wconf 83' lang='grc' dir='ltr'><strong>εις</strong></span> <span class='ocrx_word' id='word_1_513' title='bbox 3403 2354 3565 2408; x_wconf 83' lang='grc' dir='ltr'><strong>τοῦτο</strong></span> <span class='ocrx_word' id='word_1_514' title='bbox 3601 2353 3775 2407; x_wconf 82' lang='grc' dir='ltr'><strong>διωλι-</strong></span> 
     </span>
    </p>
   </div>
   <div class='ocr_carea' id='block_1_71' title="bbox 2202 2441 3775 2518">
    <p class='ocr_par' dir='ltr' id='par_1_71' title="bbox 2202 2441 3775 2518">
     <span class='ocr_line' id='line_1_71' title="bbox 2202 2441 3775 2518; baseline -0.002 -19"><span class='ocrx_word' id='word_1_515' title='bbox 2202 2446 2435 2518; x_wconf 86' lang='grc' dir='ltr'><strong>σθήκασί</strong></span> <span class='ocrx_word' id='word_1_516' title='bbox 2471 2461 2616 2509; x_wconf 90' lang='grc' dir='ltr'><strong>τινες</strong></span> <span class='ocrx_word' id='word_1_517' title='bbox 2651 2442 2759 2498; x_wconf 85' lang='grc' dir='ltr'><strong>τῶν</strong></span> <span class='ocrx_word' id='word_1_518' title='bbox 2808 2443 2939 2515; x_wconf 88' lang='grc' dir='ltr'><strong>παρ’</strong></span> <span class='ocrx_word' id='word_1_519' title='bbox 2978 2443 3258 2514; x_wconf 85' lang='grc' dir='ltr'><strong>Ἕλλησιν,</strong></span> <span class='ocrx_word' id='word_1_520' title='bbox 3304 2444 3382 2508; x_wconf 85' lang='grc' dir='ltr'><strong>ὡς</strong></span> <span class='ocrx_word' id='word_1_521' title='bbox 3415 2442 3621 2498; x_wconf 74' lang='grc' dir='ltr'><strong>οἴεσθαι</strong></span> <span class='ocrx_word' id='word_1_522' title='bbox 3665 2441 3775 2496; x_wconf 83' lang='grc' dir='ltr'><strong>τῶν</strong></span> 
     </span>
    </p>
   </div>
   <div class='ocr_carea' id='block_1_72' title="bbox 2200 2533 3777 2608">
    <p class='ocr_par' dir='ltr' id='par_1_72' title="bbox 2200 2533 3777 2608">
     <span class='ocr_line' id='line_1_72' title="bbox 2200 2533 3777 2608; baseline -0.003 -17"><span class='ocrx_word' id='word_1_523' title='bbox 2200 2537 2322 2592; x_wconf 82' lang='grc' dir='ltr'><strong>καθ’</strong></span> <span class='ocrx_word' id='word_1_524' title='bbox 2350 2538 2500 2608; x_wconf 80' lang='grc' dir='ltr'><strong>ἡμᾶς</strong></span> <span class='ocrx_word' id='word_1_525' title='bbox 2522 2535 2865 2608; x_wconf 82' lang='grc' dir='ltr'><strong>πραγμάτων</strong></span> <span class='ocrx_word' id='word_1_526' title='bbox 2897 2533 2996 2607; x_wconf 83' lang='grc' dir='ltr'><strong>τὴν</strong></span> <span class='ocrx_word' id='word_1_527' title='bbox 3025 2534 3247 2604; x_wconf 84' lang='grc' dir='ltr'><strong>γνῶσιν,</strong></span> <span class='ocrx_word' id='word_1_528' title='bbox 3270 2535 3364 2589; x_wconf 83' lang='grc' dir='ltr'><strong>καὶ</strong></span> <span class='ocrx_word' id='word_1_529' title='bbox 3392 2537 3504 2598; x_wconf 88' lang='grc' dir='ltr'><strong>τοῖς</strong></span> <span class='ocrx_word' id='word_1_530' title='bbox 3533 2535 3614 2598; x_wconf 80' lang='grc' dir='ltr'><strong>είς</strong></span> <span class='ocrx_word' id='word_1_531' title='bbox 3637 2533 3777 2607; x_wconf 88' lang='grc' dir='ltr'><strong>ἀέρα</strong></span> 
     </span>
    </p>
   </div>
   <div class='ocr_carea' id='block_1_73' title="bbox 2200 2625 3776 2699">
    <p class='ocr_par' dir='ltr' id='par_1_73' title="bbox 2200 2625 3776 2699">
     <span class='ocr_line' id='line_1_73' title="bbox 2200 2625 3776 2699; baseline -0.006 -14"><span class='ocrx_word' id='word_1_532' title='bbox 2200 2630 2508 2685; x_wconf 85' lang='grc' dir='ltr'><strong>διάττουσιν</strong></span> <span class='ocrx_word' id='word_1_533' title='bbox 2539 2628 2818 2698; x_wconf 75' lang='grc' dir='ltr'><strong>ἐγκεῖσθαι</strong></span> <span class='ocrx_word' id='word_1_534' title='bbox 2852 2630 3097 2698; x_wconf 86' lang='grc' dir='ltr'><strong>πτηνοῖς.</strong></span> <span class='ocrx_word' id='word_1_535' title='bbox 3127 2626 3420 2699; x_wconf 81' lang='grc' dir='ltr'><strong>Τοιγάρτοι</strong></span> <span class='ocrx_word' id='word_1_536' title='bbox 3452 2625 3669 2688; x_wconf 74' lang='grc' dir='ltr'><strong>καὶτὰς</strong></span> <span class='ocrx_word' id='word_1_537' title='bbox 3695 2626 3776 2687; x_wconf 83' lang='grc' dir='ltr'><strong>εις</strong></span> 
     </span>
    </p>
   </div>
   <div class='ocr_carea' id='block_1_74' title="bbox 2201 2716 3773 2792">
    <p class='ocr_par' dir='ltr' id='par_1_74' title="bbox 2201 2716 3773 2792">
     <span class='ocr_line' id='line_1_74' title="bbox 2201 2716 3773 2792; baseline -0.006 -14"><span class='ocrx_word' id='word_1_538' title='bbox 2201 2723 2274 2778; x_wconf 74' lang='grc' dir='ltr'><strong>ἕω</strong></span> <span class='ocrx_word' id='word_1_539' title='bbox 2296 2740 2357 2777; x_wconf 90' lang='grc' dir='ltr'><strong>τε</strong></span> <span class='ocrx_word' id='word_1_540' title='bbox 2384 2722 2478 2776; x_wconf 73' lang='grc' dir='ltr'><strong>καὶ</strong></span> <span class='ocrx_word' id='word_1_541' title='bbox 2511 2723 2592 2785; x_wconf 76' lang='grc' dir='ltr'><strong>εἰς</strong></span> <span class='ocrx_word' id='word_1_542' title='bbox 2628 2721 2893 2792; x_wconf 82' lang='grc' dir='ltr'><strong>ἑσπέραν,</strong></span> <span class='ocrx_word' id='word_1_543' title='bbox 2924 2720 3004 2785; x_wconf 76' lang='grc' dir='ltr'><strong>εἰς</strong></span> <span class='ocrx_word' id='word_1_544' title='bbox 3031 2718 3207 2787; x_wconf 79' lang='grc' dir='ltr'><strong>δεξιόν</strong></span> <span class='ocrx_word' id='word_1_545' title='bbox 3230 2735 3290 2773; x_wconf 87' lang='grc' dir='ltr'><strong>τε</strong></span> <span class='ocrx_word' id='word_1_546' title='bbox 3325 2720 3423 2772; x_wconf 74' lang='grc' dir='ltr'><strong>καὶ</strong></span> <span class='ocrx_word' id='word_1_547' title='bbox 3448 2719 3528 2782; x_wconf 75' lang='grc' dir='ltr'><strong>εἰς</strong></span> <span class='ocrx_word' id='word_1_548' title='bbox 3568 2716 3773 2771; x_wconf 79' lang='grc' dir='ltr'><strong>εὐώνυ-</strong></span> 
     </span>
    </p>
   </div>
   <div class='ocr_carea' id='block_1_75' title="bbox 2203 2807 3776 2887">
    <p class='ocr_par' dir='ltr' id='par_1_75' title="bbox 2203 2807 3776 2887">
     <span class='ocr_line' id='line_1_75' title="bbox 2203 2807 3776 2887; baseline -0.006 -17"><span class='ocrx_word' id='word_1_549' title='bbox 2203 2832 2302 2887; x_wconf 87' lang='grc' dir='ltr'><strong>μον</strong></span> <span class='ocrx_word' id='word_1_550' title='bbox 2350 2809 2804 2886; x_wconf 77' lang='grc' dir='ltr'><strong>περιεργάζονται</strong></span> <span class='ocrx_word' id='word_1_551' title='bbox 2845 2812 3101 2883; x_wconf 76' lang='grc' dir='ltr'><strong>πτήσειςο</strong></span> <span class='ocrx_word' id='word_1_552' title='bbox 3142 2808 3246 2864; x_wconf 76' lang='grc' dir='ltr'><strong>κᾶν</strong></span> <span class='ocrx_word' id='word_1_553' title='bbox 3287 2810 3336 2863; x_wconf 82' lang='grc' dir='ltr'><strong>εί</strong></span> <span class='ocrx_word' id='word_1_554' title='bbox 3366 2807 3650 2882; x_wconf 80' lang='grc' dir='ltr'><strong>κράζουσά</strong></span> <span class='ocrx_word' id='word_1_555' title='bbox 3692 2823 3776 2860; x_wconf 89' lang='grc' dir='ltr'><strong>πω</strong></span> 
     </span>
    </p>
   </div>
   <div class='ocr_carea' id='block_1_76' title="bbox 2201 2898 3774 2978">
    <p class='ocr_par' dir='ltr' id='par_1_76' title="bbox 2201 2898 3774 2978">
     <span class='ocr_line' id='line_1_76' title="bbox 2201 2898 3774 2978; baseline -0.007 -15"><span class='ocrx_word' id='word_1_556' title='bbox 2201 2905 2443 2978; x_wconf 85' lang='grc' dir='ltr'><strong>φαίνοιτο</strong></span> <span class='ocrx_word' id='word_1_557' title='bbox 2476 2903 2712 2977; x_wconf 86' lang='grc' dir='ltr'><strong>κορώνη,</strong></span> <span class='ocrx_word' id='word_1_558' title='bbox 2744 2903 2804 2958; x_wconf 83' lang='grc' dir='ltr'><strong>τὸ</strong></span> <span class='ocrx_word' id='word_1_559' title='bbox 2844 2898 2933 2968; x_wconf 74' lang='grc' dir='ltr'><strong>οὖς</strong></span> <span class='ocrx_word' id='word_1_560' title='bbox 2966 2902 3375 2974; x_wconf 82' lang='grc' dir='ltr'><strong>ὑποστήσαντες</strong></span> <span class='ocrx_word' id='word_1_561' title='bbox 3400 2942 3417 2970; x_wconf 90' lang='grc'><strong>,</strong></span> <span class='ocrx_word' id='word_1_562' title='bbox 3446 2899 3703 2970; x_wconf 83' lang='grc' dir='ltr'><strong>καθάπερ</strong></span> <span class='ocrx_word' id='word_1_563' title='bbox 3724 2916 3774 2952; x_wconf 87' lang='grc' dir='ltr'><strong>τι</strong></span> 
     </span>
    </p>
   </div>
   <div class='ocr_carea' id='block_1_77' title="bbox 2199 2991 3775 3068">
    <p class='ocr_par' dir='ltr' id='par_1_77' title="bbox 2199 2991 3775 3068">
     <span class='ocr_line' id='line_1_77' title="bbox 2199 2991 3775 3068; baseline -0.006 -15"><span class='ocrx_word' id='word_1_564' title='bbox 2199 2998 2307 3053; x_wconf 89' lang='grc' dir='ltr'><strong>τῶν</strong></span> <span class='ocrx_word' id='word_1_565' title='bbox 2339 2999 2479 3068; x_wconf 80' lang='grc' dir='ltr'><strong>ἄγαν</strong></span> <span class='ocrx_word' id='word_1_566' title='bbox 2507 2996 2886 3067; x_wconf 82' lang='grc' dir='ltr'><strong>ἀληθεστάτων</strong></span> <span class='ocrx_word' id='word_1_567' title='bbox 2916 2995 3253 3066; x_wconf 70' lang='grc' dir='ltr'><strong>ἐκδέχονται,</strong></span> <span class='ocrx_word' id='word_1_568' title='bbox 3301 2992 3392 3048; x_wconf 76' lang='grc' dir='ltr'><strong>καὶ</strong></span> <span class='ocrx_word' id='word_1_569' title='bbox 3420 2991 3775 3046; x_wconf 77' lang='grc' dir='ltr'><strong>ὑπονοστοῦσι</strong></span> 
     </span>
    </p>
   </div>
   <div class='ocr_carea' id='block_1_78' title="bbox 2201 3081 3775 3161">
    <p class='ocr_par' dir='ltr' id='par_1_78' title="bbox 2201 3081 3775 3161">
     <span class='ocr_line' id='line_1_78' title="bbox 2201 3081 3775 3161; baseline -0.005 -18"><span class='ocrx_word' id='word_1_570' title='bbox 2201 3088 2482 3161; x_wconf 80' lang='grc' dir='ltr'><strong>χαίροντες</strong></span> <span class='ocrx_word' id='word_1_571' title='bbox 2500 3106 2512 3119; x_wconf 92' lang='grc'><strong>·</strong></span> <span class='ocrx_word' id='word_1_572' title='bbox 2540 3086 2903 3159; x_wconf 84' lang='grc' dir='ltr'><strong>ὲπερυθριῶσι</strong></span> <span class='ocrx_word' id='word_1_573' title='bbox 2933 3086 2987 3140; x_wconf 85' lang='grc' dir='ltr'><strong>δὲ</strong></span> <span class='ocrx_word' id='word_1_574' title='bbox 3012 3084 3263 3157; x_wconf 76' lang='grc' dir='ltr'><strong>οὐδαμῶς</strong></span> <span class='ocrx_word' id='word_1_575' title='bbox 3295 3085 3345 3138; x_wconf 82' lang='grc' dir='ltr'><strong>οἱ</strong></span> <span class='ocrx_word' id='word_1_576' title='bbox 3374 3083 3598 3138; x_wconf 80' lang='grc' dir='ltr'><strong>δείλαιοι</strong></span> <span class='ocrx_word' id='word_1_577' title='bbox 3622 3122 3639 3146; x_wconf 85' lang='grc'><strong>,</strong></span> <span class='ocrx_word' id='word_1_578' title='bbox 3680 3081 3775 3151; x_wconf 80' lang='grc' dir='ltr'><strong>τῆς</strong></span> 
     </span>
    </p>
   </div>
   <div class='ocr_carea' id='block_1_79' title="bbox 2201 3171 3775 3249">
    <p class='ocr_par' dir='ltr' id='par_1_79' title="bbox 2201 3171 3775 3249">
     <span class='ocr_line' id='line_1_79' title="bbox 2201 3171 3775 3249; baseline -0.005 -16"><span class='ocrx_word' id='word_1_579' title='bbox 2201 3178 2342 3233; x_wconf 78' lang='grc' dir='ltr'><strong>οὓτω</strong></span> <span class='ocrx_word' id='word_1_580' title='bbox 2374 3177 2580 3249; x_wconf 85' lang='grc' dir='ltr'><strong>σεπτῆς</strong></span> <span class='ocrx_word' id='word_1_581' title='bbox 2603 3176 2939 3248; x_wconf 74' lang='grc' dir='ltr'><strong>προφητείας</strong></span> <span class='ocrx_word' id='word_1_582' title='bbox 2965 3175 3064 3247; x_wconf 81' lang='grc' dir='ltr'><strong>τὴν</strong></span> <span class='ocrx_word' id='word_1_583' title='bbox 3084 3174 3312 3246; x_wconf 86' lang='grc' dir='ltr'><strong>δύναμιν</strong></span> <span class='ocrx_word' id='word_1_584' title='bbox 3335 3174 3410 3246; x_wconf 85' lang='grc' dir='ltr'><strong>(ι)</strong></span> <span class='ocrx_word' id='word_1_585' title='bbox 3432 3171 3775 3234; x_wconf 79' lang='grc' dir='ltr'><strong>ἀνατιθέντες</strong></span> 
     </span>
    </p>
   </div>
   <div class='ocr_carea' id='block_1_80' title="bbox 2205 3262 3777 3340">
    <p class='ocr_par' dir='ltr' id='par_1_80' title="bbox 2205 3262 3777 3340">
     <span class='ocr_line' id='line_1_80' title="bbox 2205 3262 3777 3340; baseline -0.006 -17"><span class='ocrx_word' id='word_1_586' title='bbox 2205 3268 2528 3340; x_wconf 80' lang='grc' dir='ltr'><strong>στρουθίοις.</strong></span> <span class='ocrx_word' id='word_1_587' title='bbox 2564 3268 2767 3339; x_wconf 86' lang='grc' dir='ltr'><strong>Σεμνὸς</strong></span> <span class='ocrx_word' id='word_1_588' title='bbox 2803 3266 2860 3321; x_wconf 82' lang='grc' dir='ltr'><strong>δὲ</strong></span> <span class='ocrx_word' id='word_1_589' title='bbox 2893 3266 3079 3330; x_wconf 78' lang='grc' dir='ltr'><strong>αὐτοῖς</strong></span> <span class='ocrx_word' id='word_1_590' title='bbox 3107 3265 3471 3336; x_wconf 84' lang='grc' dir='ltr'><strong>ὲκπεποίηται</strong></span> <span class='ocrx_word' id='word_1_591' title='bbox 3507 3262 3777 3317; x_wconf 80' lang='grc' dir='ltr'><strong>τοιουτοσὶ</strong></span> 
     </span>
    </p>
   </div>
   <div class='ocr_carea' id='block_1_81' title="bbox 2202 3353 3775 3432">
    <p class='ocr_par' dir='ltr' id='par_1_81' title="bbox 2202 3353 3775 3432">
     <span class='ocr_line' id='line_1_81' title="bbox 2202 3353 3775 3432; baseline -0.005 -19"><span class='ocrx_word' id='word_1_592' title='bbox 2202 3359 2389 3431; x_wconf 83' lang='grc' dir='ltr'><strong>λόγος,</strong></span> <span class='ocrx_word' id='word_1_593' title='bbox 2417 3360 2606 3432; x_wconf 84' lang='grc' dir='ltr'><strong>ὥσπερ</strong></span> <span class='ocrx_word' id='word_1_594' title='bbox 2648 3359 2852 3413; x_wconf 76' lang='grc' dir='ltr'><strong>οἴονται</strong></span> <span class='ocrx_word' id='word_1_595' title='bbox 2885 3357 3027 3411; x_wconf 88' lang='grc' dir='ltr'><strong>κατὰ</strong></span> <span class='ocrx_word' id='word_1_596' title='bbox 3070 3359 3209 3427; x_wconf 80' lang='grc' dir='ltr'><strong>σφᾶς</strong></span> <span class='ocrx_word' id='word_1_597' title='bbox 3251 3353 3479 3420; x_wconf 83' lang='grc' dir='ltr'><strong>αὐτούς·</strong></span> <span class='ocrx_word' id='word_1_598' title='bbox 3521 3354 3775 3423; x_wconf 75' lang='grc' dir='ltr'><strong>φαίνουσι</strong></span> 
     </span>
    </p>
   </div>
   <div class='ocr_carea' id='block_1_82' title="bbox 2203 3447 3778 3526">
    <p class='ocr_par' dir='ltr' id='par_1_82' title="bbox 2203 3447 3778 3526">
     <span class='ocr_line' id='line_1_82' title="bbox 2203 3447 3778 3526; baseline -0.006 -17"><span class='ocrx_word' id='word_1_599' title='bbox 2203 3455 2311 3526; x_wconf 85' lang='grc' dir='ltr'><strong>γὰρ</strong></span> <span class='ocrx_word' id='word_1_600' title='bbox 2343 3452 2411 3509; x_wconf 83' lang='grc' dir='ltr'><strong>δι’</strong></span> <span class='ocrx_word' id='word_1_601' title='bbox 2441 3452 2622 3508; x_wconf 87' lang='grc' dir='ltr'><strong>αὐτῶν</strong></span> <span class='ocrx_word' id='word_1_602' title='bbox 2661 3454 2711 3506; x_wconf 78' lang='lat' dir='ltr'><strong>oi</strong></span> <span class='ocrx_word' id='word_1_603' title='bbox 2754 3452 2897 3516; x_wconf 82' lang='grc' dir='ltr'><strong>θεοὶ,</strong></span> <span class='ocrx_word' id='word_1_604' title='bbox 2929 3451 3112 3523; x_wconf 90' lang='grc' dir='ltr'><strong>φησίν.</strong></span> <span class='ocrx_word' id='word_1_605' title='bbox 3160 3449 3351 3521; x_wconf 81' lang='grc' dir='ltr'><strong>Ἡμεῖς</strong></span> <span class='ocrx_word' id='word_1_606' title='bbox 3395 3449 3452 3503; x_wconf 82' lang='grc' dir='ltr'><strong>δὲ</strong></span> <span class='ocrx_word' id='word_1_607' title='bbox 3491 3447 3653 3512; x_wconf 81' lang='grc' dir='ltr'><strong>θεοὺς</strong></span> <span class='ocrx_word' id='word_1_608' title='bbox 3679 3447 3778 3500; x_wconf 80' lang='grc' dir='ltr'><strong>οὐκ</strong></span> 
     </span>
    </p>
   </div>
   <div class='ocr_carea' id='block_1_83' title="bbox 2204 3530 3776 3617">
    <p class='ocr_par' dir='ltr' id='par_1_83' title="bbox 2204 3530 3776 3617">
     <span class='ocr_line' id='line_1_83' title="bbox 2204 3530 3776 3617; baseline -0.006 -18"><span class='ocrx_word' id='word_1_609' title='bbox 2204 3542 2341 3600; x_wconf 75' lang='grc' dir='ltr'><strong>εἷναί</strong></span> <span class='ocrx_word' id='word_1_610' title='bbox 2371 3561 2550 3617; x_wconf 87' lang='grc' dir='ltr'><strong>φαμεν</strong></span> <span class='ocrx_word' id='word_1_611' title='bbox 2593 3544 2720 3608; x_wconf 77' lang='grc' dir='ltr'><strong>τοὺς</strong></span> <span class='ocrx_word' id='word_1_612' title='bbox 2745 3542 3058 3607; x_wconf 77' lang='grc' dir='ltr'><strong>ἀποστάτας</strong></span> <span class='ocrx_word' id='word_1_613' title='bbox 3092 3539 3357 3610; x_wconf 79' lang='grc' dir='ltr'><strong>ἀγγέλους</strong></span> <span class='ocrx_word' id='word_1_614' title='bbox 3375 3579 3391 3603; x_wconf 86' lang='grc'><strong>,</strong></span> <span class='ocrx_word' id='word_1_615' title='bbox 3419 3538 3550 3610; x_wconf 84' lang='grc' dir='ltr'><strong>παρ’</strong></span> <span class='ocrx_word' id='word_1_616' title='bbox 3580 3530 3661 3595; x_wconf 76' lang='grc' dir='ltr'><strong>ὧν</strong></span> <span class='ocrx_word' id='word_1_617' title='bbox 3700 3540 3776 3602; x_wconf 81' lang='grc' dir='ltr'><strong>είς</strong></span> 
     </span>
    </p>
   </div>
   <div class='ocr_carea' id='block_1_84' title="bbox 2204 3630 3779 3714">
    <p class='ocr_par' dir='ltr' id='par_1_84' title="bbox 2204 3630 3779 3714">
     <span class='ocr_line' id='line_1_84' title="bbox 2204 3630 3779 3714; baseline -0.009 -18"><span class='ocrx_word' id='word_1_618' title='bbox 2204 3641 2349 3714; x_wconf 79' lang='grc' dir='ltr'><strong>ἡμᾶς</strong></span> <span class='ocrx_word' id='word_1_619' title='bbox 2381 3638 2577 3711; x_wconf 82' lang='grc' dir='ltr'><strong>ἀγαθοί</strong></span> <span class='ocrx_word' id='word_1_620' title='bbox 2601 3655 2660 3692; x_wconf 89' lang='grc' dir='ltr'><strong>τε</strong></span> <span class='ocrx_word' id='word_1_621' title='bbox 2698 3640 2792 3692; x_wconf 66' lang='grc' dir='ltr'><strong>καλ⁵</strong></span> <span class='ocrx_word' id='word_1_622' title='bbox 2826 3637 3146 3705; x_wconf 84' lang='grc' dir='ltr'><strong>ἀξιάγαστοι</strong></span> <span class='ocrx_word' id='word_1_623' title='bbox 3172 3632 3449 3705; x_wconf 81' lang='grc' dir='ltr'><strong>προφῆται</strong></span> <span class='ocrx_word' id='word_1_624' title='bbox 3477 3630 3779 3703; x_wconf 82' lang='grc' dir='ltr'><strong>κεχειροτό-</strong></span> 
     </span>
    </p>
   </div>
   <div class='ocr_carea' id='block_1_85' title="bbox 2203 3719 3778 3805">
    <p class='ocr_par' dir='ltr' id='par_1_85' title="bbox 2203 3719 3778 3805">
     <span class='ocr_line' id='line_1_85' title="bbox 2203 3719 3778 3805; baseline -0.009 -18"><span class='ocrx_word' id='word_1_625' title='bbox 2203 3749 2412 3805; x_wconf 86' lang='grc' dir='ltr'><strong>νηνται,</strong></span> <span class='ocrx_word' id='word_1_626' title='bbox 2443 3731 2539 3785; x_wconf 79' lang='grc' dir='ltr'><strong>καὶ</strong></span> <span class='ocrx_word' id='word_1_627' title='bbox 2562 3730 2671 3784; x_wconf 86' lang='grc' dir='ltr'><strong>τῶν</strong></span> <span class='ocrx_word' id='word_1_628' title='bbox 2698 3729 2973 3802; x_wconf 78' lang='grc' dir='ltr'><strong>ἐσομένων</strong></span> <span class='ocrx_word' id='word_1_629' title='bbox 2996 3727 3046 3780; x_wconf 89' lang='grc' dir='ltr'><strong>οἱ</strong></span> <span class='ocrx_word' id='word_1_630' title='bbox 3073 3723 3334 3794; x_wconf 88' lang='grc' dir='ltr'><strong>γνῶσται,</strong></span> <span class='ocrx_word' id='word_1_631' title='bbox 3355 3724 3393 3795; x_wconf 71' lang='grc' dir='ltr'><strong>ἦ</strong></span> <span class='ocrx_word' id='word_1_632' title='bbox 3421 3740 3480 3777; x_wconf 92' lang='grc' dir='ltr'><strong>τε</strong></span> <span class='ocrx_word' id='word_1_633' title='bbox 3500 3719 3778 3793; x_wconf 76' lang='grc' dir='ltr'><strong>λακέρυζα</strong></span> 
     </span>
    </p>
   </div>
   <div class='ocr_carea' id='block_1_86' title="bbox 2204 3811 3777 3895">
    <p class='ocr_par' dir='ltr' id='par_1_86' title="bbox 2204 3811 3777 3895">
     <span class='ocr_line' id='line_1_86' title="bbox 2204 3811 3777 3895; baseline -0.009 -17"><span class='ocrx_word' id='word_1_634' title='bbox 2204 3821 2440 3895; x_wconf 83' lang='grc' dir='ltr'><strong>κορώνη,</strong></span> <span class='ocrx_word' id='word_1_635' title='bbox 2470 3822 2565 3876; x_wconf 77' lang='grc' dir='ltr'><strong>καὶ</strong></span> <span class='ocrx_word' id='word_1_636' title='bbox 2589 3821 2695 3893; x_wconf 81' lang='grc' dir='ltr'><strong>μὴν</strong></span> <span class='ocrx_word' id='word_1_637' title='bbox 2720 3820 2814 3874; x_wconf 71' lang='grc' dir='ltr'><strong>καὶ</strong></span> <span class='ocrx_word' id='word_1_638' title='bbox 2838 3818 3155 3890; x_wconf 87' lang='grc' dir='ltr'><strong>ὠκύπτερος</strong></span> <span class='ocrx_word' id='word_1_639' title='bbox 3180 3814 3325 3887; x_wconf 77' lang='grc' dir='ltr'><strong>ἴρηξ,</strong></span> <span class='ocrx_word' id='word_1_640' title='bbox 3359 3812 3544 3880; x_wconf 83' lang='grc' dir='ltr'><strong>ξουθαί</strong></span> <span class='ocrx_word' id='word_1_641' title='bbox 3564 3829 3631 3866; x_wconf 82' lang='grc' dir='ltr'><strong>τε</strong></span> <span class='ocrx_word' id='word_1_642' title='bbox 3668 3811 3777 3866; x_wconf 75' lang='grc' dir='ltr'><strong>πέ-</strong></span> 
     </span>
    </p>
   </div>
   <div class='ocr_carea' id='block_1_87' title="bbox 2202 3901 3777 3983">
    <p class='ocr_par' dir='ltr' id='par_1_87' title="bbox 2202 3901 3777 3983">
     <span class='ocr_line' id='line_1_87' title="bbox 2202 3901 3777 3983; baseline -0.009 -13"><span class='ocrx_word' id='word_1_643' title='bbox 2202 3917 2377 3983; x_wconf 89' lang='grc' dir='ltr'><strong>λειαι,</strong></span> <span class='ocrx_word' id='word_1_644' title='bbox 2417 3914 2562 3969; x_wconf 88' lang='grc' dir='ltr'><strong>κατά</strong></span> <span class='ocrx_word' id='word_1_645' title='bbox 2602 3929 2666 3983; x_wconf 85' lang='grc' dir='ltr'><strong>γε</strong></span> <span class='ocrx_word' id='word_1_646' title='bbox 2710 3912 2837 3976; x_wconf 84' lang='grc' dir='ltr'><strong>τοὺς</strong></span> <span class='ocrx_word' id='word_1_647' title='bbox 2879 3911 3009 3983; x_wconf 78' lang='grc' dir='ltr'><strong>παρ’</strong></span> <span class='ocrx_word' id='word_1_648' title='bbox 3034 3908 3263 3981; x_wconf 87' lang='grc' dir='ltr'><strong>Ἕλλησι</strong></span> <span class='ocrx_word' id='word_1_649' title='bbox 3303 3907 3529 3975; x_wconf 87' lang='grc' dir='ltr'><strong>λόγους,</strong></span> <span class='ocrx_word' id='word_1_650' title='bbox 3572 3906 3673 3959; x_wconf 74' lang='grc' dir='ltr'><strong>καὶ</strong></span> <span class='ocrx_word' id='word_1_651' title='bbox 3708 3901 3777 3956; x_wconf 82' lang='grc' dir='ltr'><strong>τὰ</strong></span> 
     </span>
    </p>
   </div>
   <div class='ocr_carea' id='block_1_88' title="bbox 2202 3993 3776 4081">
    <p class='ocr_par' dir='ltr' id='par_1_88' title="bbox 2202 3993 3776 4081">
     <span class='ocr_line' id='line_1_88' title="bbox 2202 3993 3776 4081; baseline -0.011 -18"><span class='ocrx_word' id='word_1_652' title='bbox 2202 4009 2365 4081; x_wconf 72' lang='grc' dir='ltr'><strong>ἕτερα</strong></span> <span class='ocrx_word' id='word_1_653' title='bbox 2397 4007 2506 4062; x_wconf 86' lang='grc' dir='ltr'><strong>τῶν</strong></span> <span class='ocrx_word' id='word_1_654' title='bbox 2538 4002 2857 4076; x_wconf 84' lang='grc' dir='ltr'><strong>στρουθίων,</strong></span> <span class='ocrx_word' id='word_1_655' title='bbox 2890 4002 3031 4068; x_wconf 78' lang='grc' dir='ltr'><strong>ἄξιοί</strong></span> <span class='ocrx_word' id='word_1_656' title='bbox 3059 4017 3123 4071; x_wconf 89' lang='grc' dir='ltr'><strong>γε</strong></span> <span class='ocrx_word' id='word_1_657' title='bbox 3155 4000 3204 4052; x_wconf 82' lang='grc' dir='ltr'><strong>οἱ</strong></span> <span class='ocrx_word' id='word_1_658' title='bbox 3242 3996 3520 4068; x_wconf 81' lang='grc' dir='ltr'><strong>προφῆται</strong></span> <span class='ocrx_word' id='word_1_659' title='bbox 3554 3993 3666 4048; x_wconf 85' lang='grc' dir='ltr'><strong>τῶν</strong></span> <span class='ocrx_word' id='word_1_660' title='bbox 3693 3994 3776 4046; x_wconf 81' lang='grc' dir='ltr'><strong>ὲν-</strong></span> 
     </span>
    </p>
   </div>
   <div class='ocr_carea' id='block_1_89' title="bbox 2202 4084 3770 4170">
    <p class='ocr_par' dir='ltr' id='par_1_89' title="bbox 2202 4084 3770 4170">
     <span class='ocr_line' id='line_1_89' title="bbox 2202 4084 3770 4170; baseline -0.01 -18"><span class='ocrx_word' id='word_1_661' title='bbox 2202 4097 2476 4170; x_wconf 90' lang='grc' dir='ltr'><strong>ηχούντων</strong></span> <span class='ocrx_word' id='word_1_662' title='bbox 2515 4096 2699 4160; x_wconf 75' lang='grc' dir='ltr'><strong>αὐτοῖς</strong></span> <span class='ocrx_word' id='word_1_663' title='bbox 2742 4094 2810 4148; x_wconf 77' lang='grc' dir='ltr'><strong>τὰ</strong></span> <span class='ocrx_word' id='word_1_664' title='bbox 2843 4094 2921 4157; x_wconf 80' lang='grc' dir='ltr'><strong>είς</strong></span> <span class='ocrx_word' id='word_1_665' title='bbox 2965 4092 3112 4163; x_wconf 81' lang='grc' dir='ltr'><strong>ἡμᾶς</strong></span> <span class='ocrx_word' id='word_1_666' title='bbox 3139 4088 3335 4152; x_wconf 75' lang='grc' dir='ltr'><strong>αὐτοὺς</strong></span> <span class='ocrx_word' id='word_1_667' title='bbox 3378 4084 3770 4156; x_wconf 88' lang='grc' dir='ltr'><strong>τερετίσματα·</strong></span> 
     </span>
    </p>
   </div>
   <div class='ocr_carea' id='block_1_90' title="bbox 2202 4178 3774 4260">
    <p class='ocr_par' dir='ltr' id='par_1_90' title="bbox 2202 4178 3774 4260">
     <span class='ocr_line' id='line_1_90' title="bbox 2202 4178 3774 4260; baseline -0.012 -12"><span class='ocrx_word' id='word_1_668' title='bbox 2202 4192 2369 4248; x_wconf 74' lang='grc' dir='ltr'><strong>ὄλϐιοι</strong></span> <span class='ocrx_word' id='word_1_669' title='bbox 2384 4191 2440 4245; x_wconf 80' lang='grc' dir='ltr'><strong>δὲ</strong></span> <span class='ocrx_word' id='word_1_670' title='bbox 2466 4190 2559 4245; x_wconf 76' lang='grc' dir='ltr'><strong>καὶ</strong></span> <span class='ocrx_word' id='word_1_671' title='bbox 2580 4189 2737 4260; x_wconf 85' lang='grc' dir='ltr'><strong>ὑμεῖς</strong></span> <span class='ocrx_word' id='word_1_672' title='bbox 2755 4188 2848 4242; x_wconf 70' lang='grc' dir='ltr'><strong>καὶ</strong></span> <span class='ocrx_word' id='word_1_673' title='bbox 2867 4183 3219 4255; x_wconf 76' lang='grc' dir='ltr'><strong>ἀξιοζήλωτοι</strong></span> <span class='ocrx_word' id='word_1_674' title='bbox 3240 4180 3496 4235; x_wconf 76' lang='grc' dir='ltr'><strong>τοιούτων</strong></span> <span class='ocrx_word' id='word_1_675' title='bbox 3519 4178 3774 4250; x_wconf 80' lang='grc' dir='ltr'><strong>τυχόντες</strong></span> 
     </span>
    </p>
   </div>
   <div class='ocr_carea' id='block_1_91' title="bbox 2202 4269 3773 4355">
    <p class='ocr_par' dir='ltr' id='par_1_91' title="bbox 2202 4269 3773 4355">
     <span class='ocr_line' id='line_1_91' title="bbox 2202 4269 3773 4355; baseline -0.011 -15"><span class='ocrx_word' id='word_1_676' title='bbox 2202 4285 2310 4340; x_wconf 83' lang='grc' dir='ltr'><strong>τῶν</strong></span> <span class='ocrx_word' id='word_1_677' title='bbox 2342 4282 2620 4355; x_wconf 88' lang='grc' dir='ltr'><strong>θεηγόρων</strong></span> <span class='ocrx_word' id='word_1_678' title='bbox 2640 4298 2654 4313; x_wconf 91' lang='grc'>·</span> <span class='ocrx_word' id='word_1_679' title='bbox 2683 4279 2978 4350; x_wconf 72' lang='grc' dir='ltr'><strong>ἐκλέλησθε</strong></span> <span class='ocrx_word' id='word_1_680' title='bbox 3005 4277 3062 4332; x_wconf 84' lang='grc' dir='ltr'><strong>δὲ</strong></span> <span class='ocrx_word' id='word_1_681' title='bbox 3102 4276 3179 4340; x_wconf 86' lang='grc' dir='ltr'><strong>ὡς</strong></span> <span class='ocrx_word' id='word_1_682' title='bbox 3221 4275 3366 4329; x_wconf 73' lang='grc' dir='ltr'><strong>ἔοικε</strong></span> <span class='ocrx_word' id='word_1_683' title='bbox 3413 4272 3508 4328; x_wconf 80' lang='grc' dir='ltr'><strong>καὶ</strong></span> <span class='ocrx_word' id='word_1_684' title='bbox 3538 4271 3641 4336; x_wconf 83' lang='grc' dir='ltr'><strong>τὰς</strong></span> <span class='ocrx_word' id='word_1_685' title='bbox 3669 4269 3773 4323; x_wconf 80' lang='grc' dir='ltr'><strong>τῶν</strong></span> 
     </span>
    </p>
   </div>
   <div class='ocr_carea' id='block_1_92' title="bbox 521 4360 2093 4458">
    <p class='ocr_par' dir='ltr' id='par_1_92' title="bbox 521 4361 2092 4436">
     <span class='ocr_line' id='line_1_92' title="bbox 521 4361 2092 4436; baseline 0.006 -22"><span class='ocrx_word' id='word_1_686' title='bbox 521 4362 655 4430; x_wconf 81' lang='lat' dir='ltr'><strong>ipsis</strong></span> <span class='ocrx_word' id='word_1_687' title='bbox 677 4376 896 4433; x_wconf 91' lang='lat' dir='ltr'><strong>quoque</strong></span> <span class='ocrx_word' id='word_1_688' title='bbox 930 4377 1053 4418; x_wconf 92' lang='lat' dir='ltr'><strong>eam</strong></span> <span class='ocrx_word' id='word_1_689' title='bbox 1085 4361 1378 4418; x_wconf 88' lang='lat' dir='ltr'><strong>ridiculam</strong></span> <span class='ocrx_word' id='word_1_690' title='bbox 1421 4362 1626 4429; x_wconf 92' lang='lat' dir='ltr'><strong>videri,</strong></span> <span class='ocrx_word' id='word_1_691' title='bbox 1661 4371 1717 4418; x_wconf 89' lang='lat' dir='ltr'><strong>et</strong></span> <span class='ocrx_word' id='word_1_692' title='bbox 1757 4380 1930 4436; x_wconf 86' lang='lat' dir='ltr'><strong>nugas</strong></span> <span class='ocrx_word' id='word_1_693' title='bbox 1950 4381 2092 4432; x_wconf 84' lang='lat' dir='ltr'><strong>esse,</strong></span> 
     </span>
    </p>
   </div>
   <div class='ocr_carea' id='block_1_93' title="bbox 2204 4360 3773 4458">
    <p class='ocr_par' dir='ltr' id='par_1_93' title="bbox 2204 4360 3773 4458">
     <span class='ocr_line' id='line_1_93' title="bbox 2204 4360 3773 4458; baseline -0.013 -26"><span class='ocrx_word' id='word_1_694' title='bbox 2204 4379 2333 4449; x_wconf 85' lang='grc' dir='ltr'><strong>παρ’</strong></span> <span class='ocrx_word' id='word_1_695' title='bbox 2374 4376 2503 4446; x_wconf 83' lang='grc' dir='ltr'><strong>ὑμῖν</strong></span> <span class='ocrx_word' id='word_1_696' title='bbox 2536 4372 2776 4443; x_wconf 86' lang='grc' dir='ltr'><strong>ποιητῶν</strong></span> <span class='ocrx_word' id='word_1_697' title='bbox 2808 4368 3177 4440; x_wconf 77' lang='grc' dir='ltr'><strong>θαυμάζοντες</strong></span> <span class='ocrx_word' id='word_1_698' title='bbox 3212 4366 3394 4433; x_wconf 77' lang='grc' dir='ltr'><strong>δόξας,</strong></span> <span class='ocrx_word' id='word_1_699' title='bbox 3434 4366 3516 4458; x_wconf 63' lang='grc' dir='ltr'><strong>ὅτι</strong></span> <span class='ocrx_word' id='word_1_700' title='bbox 3554 4363 3651 4416; x_wconf 82' lang='grc' dir='ltr'><strong>καὶ</strong></span> <span class='ocrx_word' id='word_1_701' title='bbox 3681 4360 3773 4419; x_wconf 84' lang='grc' dir='ltr'><strong>αύ-</strong></span> 
     </span>
    </p>
   </div>
   <div class='ocr_carea' id='block_1_94' title="bbox 519 4449 2093 4534">
    <p class='ocr_par' dir='ltr' id='par_1_94' title="bbox 519 4454 2093 4527">
     <span class='ocr_line' id='line_1_94' title="bbox 519 4454 2093 4527; baseline 0.005 -20"><span class='ocrx_word' id='word_1_702' title='bbox 519 4469 583 4509; x_wconf 81' lang='lat' dir='ltr'><strong>ac</strong></span> <span class='ocrx_word' id='word_1_703' title='bbox 646 4468 767 4509; x_wconf 90' lang='lat' dir='ltr'><strong>rem</strong></span> <span class='ocrx_word' id='word_1_704' title='bbox 829 4468 1063 4525; x_wconf 90' lang='lat' dir='ltr'><strong>prorsus</strong></span> <span class='ocrx_word' id='word_1_705' title='bbox 1130 4454 1383 4512; x_wconf 89' lang='lat' dir='ltr'><strong>inutilem</strong></span> <span class='ocrx_word' id='word_1_706' title='bbox 1445 4455 1743 4527; x_wconf 86' lang='lat' dir='ltr'><strong>putavisse.</strong></span> <span class='ocrx_word' id='word_1_707' title='bbox 1826 4457 2093 4517; x_wconf 86' lang='lat' dir='ltr'><strong>Homerus</strong></span> 
     </span>
    </p>
   </div>
   <div class='ocr_carea' id='block_1_95' title="bbox 2204 4449 3773 4534">
    <p class='ocr_par' dir='ltr' id='par_1_95' title="bbox 2208 4449 3773 4534">
     <span class='ocr_line' id='line_1_95' title="bbox 2208 4449 3773 4534; baseline -0.013 -9"><span class='ocrx_word' id='word_1_708' title='bbox 2208 4472 2322 4533; x_wconf 83' lang='grc' dir='ltr'><strong>τοῖς</strong></span> <span class='ocrx_word' id='word_1_709' title='bbox 2369 4467 2541 4523; x_wconf 75' lang='grc' dir='ltr'><strong>ἐδόκει</strong></span> <span class='ocrx_word' id='word_1_710' title='bbox 2570 4463 2631 4518; x_wconf 81' lang='grc' dir='ltr'><strong>τὸ</strong></span> <span class='ocrx_word' id='word_1_711' title='bbox 2653 4464 2841 4534; x_wconf 86' lang='grc' dir='ltr'><strong>χρῆμα</strong></span> <span class='ocrx_word' id='word_1_712' title='bbox 2865 4460 3140 4531; x_wconf 82' lang='grc' dir='ltr'><strong>διαγελᾷν,</strong></span> <span class='ocrx_word' id='word_1_713' title='bbox 3183 4456 3339 4512; x_wconf 75' lang='grc' dir='ltr'><strong>ὕθλον</strong></span> <span class='ocrx_word' id='word_1_714' title='bbox 3367 4473 3426 4509; x_wconf 87' lang='grc' dir='ltr'><strong>τε</strong></span> <span class='ocrx_word' id='word_1_715' title='bbox 3456 4449 3599 4508; x_wconf 78' lang='grc' dir='ltr'><strong>εἶναι</strong></span> <span class='ocrx_word' id='word_1_716' title='bbox 3628 4452 3773 4522; x_wconf 85' lang='grc' dir='ltr'><strong>νομί-</strong></span> 
     </span>
    </p>
   </div>
   <div class='ocr_carea' id='block_1_96' title="bbox 519 4547 707 4602">
    <p class='ocr_par' dir='ltr' id='par_1_96' title="bbox 519 4547 707 4602">
     <span class='ocr_line' id='line_1_96' title="bbox 519 4547 707 4602; baseline -0.005 -1"><span class='ocrx_word' id='word_1_717' title='bbox 519 4547 666 4602; x_wconf 83' lang='lat' dir='ltr'><strong>cnim</strong></span> <span class='ocrx_word' id='word_1_718' title='bbox 693 4565 707 4600; x_wconf 88' lang='lat'>:</span> 
     </span>
    </p>
   </div>
   <div class='ocr_carea' id='block_1_97' title="bbox 769 4752 1944 4839">
    <p class='ocr_par' dir='ltr' id='par_1_97' title="bbox 769 4752 1944 4839">
     <span class='ocr_line' id='line_1_97' title="bbox 769 4752 1944 4839; baseline 0.002 -18"><span class='ocrx_word' id='word_1_719' title='bbox 769 4752 773 4756; x_wconf 46' lang='grc'><em>’</em></span> <span class='ocrx_word' id='word_1_720' title='bbox 801 4765 948 4839; x_wconf 75' lang='lat' dir='ltr'><strong>Mitte</strong></span> <span class='ocrx_word' id='word_1_721' title='bbox 982 4765 1208 4837; x_wconf 77' lang='lat' dir='ltr'><strong>agedum</strong></span> <span class='ocrx_word' id='word_1_722' title='bbox 1233 4764 1488 4839; x_wconf 49' lang='lat' dir='ltr'><strong>uolucres,</strong></span> <span class='ocrx_word' id='word_1_723' title='bbox 1514 4767 1718 4839; x_wconf 81' lang='lat' dir='ltr'><strong>ignave,</strong></span> <span class='ocrx_word' id='word_1_724' title='bbox 1747 4767 1944 4839; x_wconf 89' lang='lat' dir='ltr'><strong>inquit,</strong></span> 
     </span>
    </p>
   </div>
   <div class='ocr_carea' id='block_1_98' title="bbox 521 4833 1955 4906">
    <p class='ocr_par' dir='ltr' id='par_1_98' title="bbox 521 4833 1955 4906">
     <span class='ocr_line' id='line_1_98' title="bbox 521 4833 1955 4906; baseline 0.001 -15"><span class='ocrx_word' id='word_1_725' title='bbox 521 4838 638 4893; x_wconf 82' lang='lat' dir='ltr'><strong>Sive</strong></span> <span class='ocrx_word' id='word_1_726' title='bbox 661 4838 771 4892; x_wconf 71' lang='lat' dir='ltr'><strong>illa:</strong></span> <span class='ocrx_word' id='word_1_727' title='bbox 793 4837 864 4892; x_wconf 82' lang='lat' dir='ltr'><strong>ad</strong></span> <span class='ocrx_word' id='word_1_728' title='bbox 885 4833 1150 4906; x_wconf 56' lang='lat' dir='ltr'><strong>dextram,</strong></span> <span class='ocrx_word' id='word_1_729' title='bbox 1172 4833 1398 4906; x_wconf 76' lang='lat' dir='ltr'><strong>solisque</strong></span> <span class='ocrx_word' id='word_1_730' title='bbox 1422 4833 1664 4906; x_wconf 63' lang='lat' dir='ltr'><strong>feruntur</strong></span> <span class='ocrx_word' id='word_1_731' title='bbox 1691 4839 1759 4893; x_wconf 86' lang='lat' dir='ltr'><strong>ad</strong></span> <span class='ocrx_word' id='word_1_732' title='bbox 1789 4833 1955 4903; x_wconf 65' lang='lat' dir='ltr'><strong>ortus,</strong></span> 
     </span>
    </p>
   </div>
   <div class='ocr_carea' id='block_1_99' title="bbox 520 4905 1998 4979">
    <p class='ocr_par' dir='ltr' id='par_1_99' title="bbox 520 4905 1998 4979">
     <span class='ocr_line' id='line_1_99' title="bbox 520 4905 1998 4979; baseline 0.001 -18"><span class='ocrx_word' id='word_1_733' title='bbox 520 4908 624 4962; x_wconf 87' lang='lat' dir='ltr'><strong>Seu</strong></span> <span class='ocrx_word' id='word_1_734' title='bbox 645 4908 814 4979; x_wconf 76' lang='lat' dir='ltr'><strong>magis</strong></span> <span class='ocrx_word' id='word_1_735' title='bbox 847 4906 915 4960; x_wconf 87' lang='lat' dir='ltr'><strong>ad</strong></span> <span class='ocrx_word' id='word_1_736' title='bbox 946 4905 1155 4972; x_wconf 75' lang='lat' dir='ltr'><strong>ltevam,</strong></span> <span class='ocrx_word' id='word_1_737' title='bbox 1181 4905 1355 4961; x_wconf 67' lang='lat' dir='ltr'><strong>densa:</strong></span> <span class='ocrx_word' id='word_1_738' title='bbox 1381 4905 1542 4978; x_wconf 76' lang='lat' dir='ltr'><strong>regna</strong></span> <span class='ocrx_word' id='word_1_739' title='bbox 1566 4909 1781 4963; x_wconf 84' lang='lat' dir='ltr'><strong>humida</strong></span> <span class='ocrx_word' id='word_1_740' title='bbox 1814 4910 1998 4963; x_wconf 79' lang='lat' dir='ltr'><strong>noctis.</strong></span> 
     </span>
    </p>
   </div>
   <div class='ocr_carea' id='block_1_100' title="bbox 523 5020 2095 5092">
    <p class='ocr_par' dir='ltr' id='par_1_100' title="bbox 523 5020 2095 5092">
     <span class='ocr_line' id='line_1_100' title="bbox 523 5020 2095 5092; baseline 0.002 -16"><span class='ocrx_word' id='word_1_741' title='bbox 523 5021 816 5092; x_wconf 74' lang='lat' dir='ltr'><strong>Euripides</strong></span> <span class='ocrx_word' id='word_1_742' title='bbox 837 5035 970 5076; x_wconf 87' lang='lat' dir='ltr'><strong>vero</strong></span> <span class='ocrx_word' id='word_1_743' title='bbox 983 5020 1208 5077; x_wconf 89' lang='lat' dir='ltr'><strong>stultam</strong></span> <span class='ocrx_word' id='word_1_744' title='bbox 1231 5035 1346 5075; x_wconf 91' lang='lat' dir='ltr'><strong>rem</strong></span> <span class='ocrx_word' id='word_1_745' title='bbox 1369 5036 1488 5077; x_wconf 91' lang='lat' dir='ltr'><strong>esse</strong></span> <span class='ocrx_word' id='word_1_746' title='bbox 1509 5021 1779 5086; x_wconf 90' lang='lat' dir='ltr'><strong>decernit,</strong></span> <span class='ocrx_word' id='word_1_747' title='bbox 1802 5022 2095 5079; x_wconf 83' lang='lat' dir='ltr'><strong>observare</strong></span> 
     </span>
    </p>
   </div>
   <div class='ocr_carea' id='block_1_101' title="bbox 522 5112 2093 5183">
    <p class='ocr_par' dir='ltr' id='par_1_101' title="bbox 522 5112 2093 5183">
     <span class='ocr_line' id='line_1_101' title="bbox 522 5112 2093 5183; baseline 0.002 -16"><span class='ocrx_word' id='word_1_748' title='bbox 522 5114 709 5167; x_wconf 73' lang='lat' dir='ltr'><strong>avium</strong></span> <span class='ocrx_word' id='word_1_749' title='bbox 759 5112 1011 5169; x_wconf 82' lang='lat' dir='ltr'><strong>volatus:</strong></span> <span class='ocrx_word' id='word_1_750' title='bbox 1036 5128 1165 5168; x_wconf 89' lang='lat' dir='ltr'><strong>nam</strong></span> <span class='ocrx_word' id='word_1_751' title='bbox 1204 5112 1479 5169; x_wconf 89' lang='lat' dir='ltr'><strong>Theseum</strong></span> <span class='ocrx_word' id='word_1_752' title='bbox 1545 5113 1727 5182; x_wconf 88' lang='lat' dir='ltr'><strong>inquit</strong></span> <span class='ocrx_word' id='word_1_753' title='bbox 1764 5112 1869 5183; x_wconf 78' lang='lat'><strong>(3),</strong></span> <span class='ocrx_word' id='word_1_754' title='bbox 1906 5113 2093 5170; x_wconf 84' lang='lat' dir='ltr'><strong>furore</strong></span> 
     </span>
    </p>
   </div>
   <div class='ocr_carea' id='block_1_102' title="bbox 524 5202 2091 5276">
    <p class='ocr_par' dir='ltr' id='par_1_102' title="bbox 524 5202 2091 5276">
     <span class='ocr_line' id='line_1_102' title="bbox 524 5202 2091 5276; baseline 0.002 -17"><span class='ocrx_word' id='word_1_755' title='bbox 524 5204 788 5260; x_wconf 85' lang='lat' dir='ltr'><strong>adversus</strong></span> <span class='ocrx_word' id='word_1_756' title='bbox 833 5202 1185 5276; x_wconf 84' lang='lat' dir='ltr'><strong>Hippolytum</strong></span> <span class='ocrx_word' id='word_1_757' title='bbox 1235 5203 1407 5259; x_wconf 75' lang='lat' dir='ltr'><strong>(ilium</strong></span> <span class='ocrx_word' id='word_1_758' title='bbox 1463 5202 1885 5270; x_wconf 82' lang='lat' dir='ltr'><strong>inﬂammatum,</strong></span> <span class='ocrx_word' id='word_1_759' title='bbox 1929 5212 2091 5276; x_wconf 88' lang='lat' dir='ltr'><strong>atque</strong></span> 
     </span>
    </p>
   </div>
   <div class='ocr_carea' id='block_1_103' title="bbox 524 5294 2089 5372">
    <p class='ocr_par' dir='ltr' id='par_1_103' title="bbox 524 5294 2089 5372">
     <span class='ocr_line' id='line_1_103' title="bbox 524 5294 2089 5372; baseline 0.002 -23"><span class='ocrx_word' id='word_1_760' title='bbox 524 5296 688 5350; x_wconf 71' lang='lat' dir='ltr'><strong>etiam</strong></span> <span class='ocrx_word' id='word_1_761' title='bbox 718 5303 779 5350; x_wconf 91' lang='lat' dir='ltr'><strong>ut</strong></span> <span class='ocrx_word' id='word_1_762' title='bbox 820 5294 973 5351; x_wconf 89' lang='lat' dir='ltr'><strong>illum</strong></span> <span class='ocrx_word' id='word_1_763' title='bbox 1011 5312 1043 5372; x_wconf 82' lang='lat' dir='ltr'><strong>c</strong></span> <span class='ocrx_word' id='word_1_764' title='bbox 1107 5295 1288 5367; x_wconf 88' lang='lat' dir='ltr'><strong>patrio</strong></span> <span class='ocrx_word' id='word_1_765' title='bbox 1331 5294 1446 5349; x_wconf 89' lang='lat' dir='ltr'><strong>solo</strong></span> <span class='ocrx_word' id='word_1_766' title='bbox 1491 5294 1722 5366; x_wconf 85' lang='lat' dir='ltr'><strong>pelleret</strong></span> <span class='ocrx_word' id='word_1_767' title='bbox 1754 5296 2089 5363; x_wconf 86' lang='lat' dir='ltr'><strong>molientem,</strong></span> 
     </span>
    </p>
   </div>
   <div class='ocr_carea' id='block_1_104' title="bbox 524 5385 1041 5442">
    <p class='ocr_par' dir='ltr' id='par_1_104' title="bbox 524 5385 1041 5442">
     <span class='ocr_line' id='line_1_104' title="bbox 524 5385 1041 5442; baseline -0.002 -2"><span class='ocrx_word' id='word_1_768' title='bbox 524 5401 649 5441; x_wconf 91' lang='lat' dir='ltr'><strong>cum</strong></span> <span class='ocrx_word' id='word_1_769' title='bbox 678 5387 768 5442; x_wconf 89' lang='lat' dir='ltr'><strong>ille</strong></span> <span class='ocrx_word' id='word_1_770' title='bbox 793 5385 1003 5442; x_wconf 90' lang='lat' dir='ltr'><strong>diceret</strong></span> <span class='ocrx_word' id='word_1_771' title='bbox 1028 5404 1041 5439; x_wconf 86' lang='lat'><strong>:</strong></span> 
     </span>
    </p>
   </div>
   <div class='ocr_carea' id='block_1_105' title="bbox 591 5497 1103 5561">
    <p class='ocr_par' dir='ltr' id='par_1_105' title="bbox 591 5497 1103 5561">
     <span class='ocr_line' id='line_1_105' title="bbox 591 5497 1103 5561; baseline -0.014 -6"><span class='ocrx_word' id='word_1_772' title='bbox 591 5500 652 5530; x_wconf 77' lang='grc'><strong>’⁸⁸</strong></span> <span class='ocrx_word' id='word_1_773' title='bbox 697 5497 834 5555; x_wconf 89' lang='lat' dir='ltr'><strong>Osce</strong></span> <span class='ocrx_word' id='word_1_774' title='bbox 869 5498 1017 5561; x_wconf 51' lang='lat' dir='ltr'><strong>lvd,</strong></span> <span class='ocrx_word' id='word_1_775' title='bbox 1050 5497 1103 5550; x_wconf 84' lang='lat'><strong>6.</strong></span> 
     </span>
    </p>
   </div>
   <div class='ocr_carea' id='block_1_106' title="bbox 596 5583 1853 5665">
    <p class='ocr_par' dir='ltr' id='par_1_106' title="bbox 596 5583 1853 5665">
     <span class='ocr_line' id='line_1_106' title="bbox 596 5583 1853 5665; baseline 0.002 -20"><span class='ocrx_word' id='word_1_776' title='bbox 596 5595 674 5665; x_wconf 11' lang='lat'><strong>7(1)</strong></span> <span class='ocrx_word' id='word_1_777' title='bbox 700 5594 833 5665; x_wconf 82' lang='lat' dir='ltr'><strong>God.</strong></span> <span class='ocrx_word' id='word_1_778' title='bbox 875 5594 1075 5665; x_wconf 49' lang='lat' dir='ltr'><strong>Vatia,</strong></span> <span class='ocrx_word' id='word_1_779' title='bbox 1109 5583 1359 5663; x_wconf 74' lang='grc' dir='ltr'><strong>δῆλωσιν,</strong></span> <span class='ocrx_word' id='word_1_780' title='bbox 1394 5594 1853 5660; x_wconf 68' lang='lat' dir='ltr'><strong>signiﬁcationmn.</strong></span> 
     </span>
    </p>
   </div>
   <div class='ocr_carea' id='block_1_107' title="bbox 601 5664 963 5734">
    <p class='ocr_par' dir='ltr' id='par_1_107' title="bbox 601 5664 963 5734">
     <span class='ocr_line' id='line_1_107' title="bbox 601 5664 963 5734; baseline -0.003 -16"><span class='ocrx_word' id='word_1_781' title='bbox 601 5664 673 5734; x_wconf 58' lang='grc' dir='ltr'><strong>(Ἰ)</strong></span> <span class='ocrx_word' id='word_1_782' title='bbox 704 5664 861 5720; x_wconf 79' lang='lat' dir='ltr'><strong>Iliad.</strong></span> <span class='ocrx_word' id='word_1_783' title='bbox 896 5664 963 5717; x_wconf 83' lang='grc' dir='ltr'><strong>Μ.</strong></span> 
     </span>
    </p>
   </div>
   <div class='ocr_carea' id='block_1_108' title="bbox 2200 4542 3771 4627">
    <p class='ocr_par' dir='ltr' id='par_1_108' title="bbox 2200 4542 3771 4627">
     <span class='ocr_line' id='line_1_108' title="bbox 2200 4542 3771 4627; baseline -0.013 -11"><span class='ocrx_word' id='word_1_784' title='bbox 2200 4563 2313 4627; x_wconf 79' lang='grc' dir='ltr'><strong>ζειν</strong></span> <span class='ocrx_word' id='word_1_785' title='bbox 2358 4559 2508 4622; x_wconf 70' lang='grc' dir='ltr'><strong>αὐτὸ,</strong></span> <span class='ocrx_word' id='word_1_786' title='bbox 2544 4556 2634 4610; x_wconf 69' lang='grc' dir='ltr'><strong>καὶ</strong></span> <span class='ocrx_word' id='word_1_787' title='bbox 2670 4554 2776 4607; x_wconf 80' lang='grc' dir='ltr'><strong>τῶν</strong></span> <span class='ocrx_word' id='word_1_788' title='bbox 2815 4551 3128 4621; x_wconf 81' lang='grc' dir='ltr'><strong>ἀναγκαίων</strong></span> <span class='ocrx_word' id='word_1_789' title='bbox 3175 4548 3346 4603; x_wconf 80' lang='grc' dir='ltr'><strong>οὐδέν.</strong></span> <span class='ocrx_word' id='word_1_790' title='bbox 3384 4548 3641 4618; x_wconf 84' lang='grc' dir='ltr'><strong>Ὅμηρος</strong></span> <span class='ocrx_word' id='word_1_791' title='bbox 3678 4542 3771 4614; x_wconf 74' lang='grc' dir='ltr'><strong>μὲν</strong></span> 
     </span>
    </p>
   </div>
   <div class='ocr_carea' id='block_1_109' title="bbox 2197 4653 2326 4723">
    <p class='ocr_par' dir='ltr' id='par_1_109' title="bbox 2197 4653 2326 4723">
     <span class='ocr_line' id='line_1_109' title="bbox 2197 4653 2326 4723; baseline 0 0"><span class='ocrx_word' id='word_1_792' title='bbox 2197 4653 2326 4723; x_wconf 79' lang='grc' dir='ltr'><strong>γάρ’</strong></span> 
     </span>
    </p>
   </div>
   <div class='ocr_carea' id='block_1_110' title="bbox 2281 4751 3458 4829">
    <p class='ocr_par' dir='ltr' id='par_1_110' title="bbox 2281 4751 3458 4829">
     <span class='ocr_line' id='line_1_110' title="bbox 2281 4751 3458 4829; baseline 0 0"><span class='ocrx_word' id='word_1_793' title='bbox 2281 4768 2348 4820; x_wconf 77' lang='grc' dir='ltr'><strong><em>Ὢ</em></strong></span> <span class='ocrx_word' id='word_1_794' title='bbox 2379 4763 2595 4822; x_wconf 65' lang='grc' dir='ltr'><strong>πέπον,</strong></span> <span class='ocrx_word' id='word_1_795' title='bbox 2623 4757 2873 4829; x_wconf 68' lang='grc' dir='ltr'><strong>οιωνοὺς</strong></span> <span class='ocrx_word' id='word_1_796' title='bbox 2900 4754 3020 4829; x_wconf 73' lang='grc' dir='ltr'><strong>μὲν</strong></span> <span class='ocrx_word' id='word_1_797' title='bbox 3043 4754 3134 4829; x_wconf 66' lang='grc' dir='ltr'><strong>ἔρις</strong></span> <span class='ocrx_word' id='word_1_798' title='bbox 3168 4751 3458 4829; x_wconf 52' lang='lat' dir='ltr'><strong>ausim).</strong></span> 
     </span>
    </p>
   </div>
   <div class='ocr_carea' id='block_1_111' title="bbox 2277 4822 3553 4895">
    <p class='ocr_par' dir='ltr' id='par_1_111' title="bbox 2277 4822 3553 4895">
     <span class='ocr_line' id='line_1_111' title="bbox 2277 4822 3553 4895; baseline -0.011 -6"><span class='ocrx_word' id='word_1_799' title='bbox 2277 4835 2396 4889; x_wconf 77' lang='grc' dir='ltr'><strong>Εἶτ’</strong></span> <span class='ocrx_word' id='word_1_800' title='bbox 2429 4832 2524 4886; x_wconf 78' lang='grc' dir='ltr'><strong>ἐπὶ</strong></span> <span class='ocrx_word' id='word_1_801' title='bbox 2554 4827 2697 4895; x_wconf 79' lang='grc' dir='ltr'><strong>δέξι’</strong></span> <span class='ocrx_word' id='word_1_802' title='bbox 2729 4822 2859 4882; x_wconf 67' lang='grc' dir='ltr'><strong>ἴωσι</strong></span> <span class='ocrx_word' id='word_1_803' title='bbox 2887 4822 3037 4894; x_wconf 64' lang='grc' dir='ltr'><strong>,πρὸς</strong></span> <span class='ocrx_word' id='word_1_804' title='bbox 3056 4823 3143 4891; x_wconf 80' lang='grc' dir='ltr'><strong>ὴώ</strong></span> <span class='ocrx_word' id='word_1_805' title='bbox 3161 4822 3447 4895; x_wconf 54' lang='grc' dir='ltr'><strong>τ’ξὴέελιόν</strong></span> <span class='ocrx_word' id='word_1_806' title='bbox 3467 4837 3553 4895; x_wconf 69' lang='grc' dir='ltr'><strong>τε,</strong></span> 
     </span>
    </p>
   </div>
   <div class='ocr_carea' id='block_1_112' title="bbox 2276 4890 3768 4968">
    <p class='ocr_par' dir='ltr' id='par_1_112' title="bbox 2276 4890 3768 4968">
     <span class='ocr_line' id='line_1_112' title="bbox 2276 4890 3768 4968; baseline -0.012 -9"><span class='ocrx_word' id='word_1_807' title='bbox 2276 4904 2396 4960; x_wconf 74' lang='grc' dir='ltr'><strong>Εἶτ’</strong></span> <span class='ocrx_word' id='word_1_808' title='bbox 2429 4903 2520 4955; x_wconf 78' lang='grc' dir='ltr'><strong>ἐπ’</strong></span> <span class='ocrx_word' id='word_1_809' title='bbox 2555 4890 2858 4968; x_wconf 81' lang='grc' dir='ltr'><strong>ἀρὶστερὰ,</strong></span> <span class='ocrx_word' id='word_1_810' title='bbox 2881 4890 2971 4948; x_wconf 81' lang='grc' dir='ltr'><strong>τὸί</strong></span> <span class='ocrx_word' id='word_1_811' title='bbox 2990 4909 3056 4960; x_wconf 77' lang='grc' dir='ltr'><strong>γε</strong></span> <span class='ocrx_word' id='word_1_812' title='bbox 3086 4890 3226 4946; x_wconf 75' lang='grc' dir='ltr'><strong>ποτὶ</strong></span> <span class='ocrx_word' id='word_1_813' title='bbox 3260 4890 3442 4961; x_wconf 73' lang='grc' dir='ltr'><strong>ζόφον</strong></span> <span class='ocrx_word' id='word_1_814' title='bbox 3463 4891 3768 4959; x_wconf 66' lang='grc' dir='ltr'><strong>ἠερόεντα.</strong></span> 
     </span>
    </p>
   </div>
   <div class='ocr_carea' id='block_1_113' title="bbox 2202 5001 3774 5089">
    <p class='ocr_par' dir='ltr' id='par_1_113' title="bbox 2202 5001 3774 5089">
     <span class='ocr_line' id='line_1_113' title="bbox 2202 5001 3774 5089; baseline -0.013 -16"><span class='ocrx_word' id='word_1_815' title='bbox 2202 5015 2496 5089; x_wconf 83' lang='grc' dir='ltr'><strong>Εὐριπίδης</strong></span> <span class='ocrx_word' id='word_1_816' title='bbox 2560 5011 2617 5066; x_wconf 81' lang='grc' dir='ltr'><strong>δὲ</strong></span> <span class='ocrx_word' id='word_1_817' title='bbox 2663 5009 2849 5078; x_wconf 84' lang='grc' dir='ltr'><strong>σαφῶς</strong></span> <span class='ocrx_word' id='word_1_818' title='bbox 2894 5006 2990 5061; x_wconf 80' lang='grc' dir='ltr'><strong>καὶ</strong></span> <span class='ocrx_word' id='word_1_819' title='bbox 3027 5004 3333 5074; x_wconf 74' lang='grc' dir='ltr'><strong>ἀναφανδὸν</strong></span> <span class='ocrx_word' id='word_1_820' title='bbox 3366 5002 3652 5075; x_wconf 80' lang='grc' dir='ltr'><strong>καθορίζει</strong></span> <span class='ocrx_word' id='word_1_821' title='bbox 3715 5001 3774 5053; x_wconf 70' lang='grc' dir='ltr'><strong>τὸ</strong></span> 
     </span>
    </p>
   </div>
   <div class='ocr_carea' id='block_1_114' title="bbox 2205 5094 3775 5182">
    <p class='ocr_par' dir='ltr' id='par_1_114' title="bbox 2205 5094 3775 5182">
     <span class='ocr_line' id='line_1_114' title="bbox 2205 5094 3775 5182; baseline -0.011 -18"><span class='ocrx_word' id='word_1_822' title='bbox 2205 5110 2432 5182; x_wconf 80' lang='grc' dir='ltr'><strong>μάταιον</strong></span> <span class='ocrx_word' id='word_1_823' title='bbox 2457 5104 2552 5160; x_wconf 81' lang='grc' dir='ltr'><strong>τοῦ</strong></span> <span class='ocrx_word' id='word_1_824' title='bbox 2593 5096 3070 5156; x_wconf 85' lang='grc' dir='ltr'><strong>κατασκέπτεσθαι</strong></span> <span class='ocrx_word' id='word_1_825' title='bbox 3107 5097 3216 5150; x_wconf 89' lang='grc' dir='ltr'><strong>δεῖν</strong></span> <span class='ocrx_word' id='word_1_826' title='bbox 3261 5096 3364 5160; x_wconf 87' lang='grc' dir='ltr'><strong>τάς</strong></span> <span class='ocrx_word' id='word_1_827' title='bbox 3396 5094 3610 5149; x_wconf 82' lang='grc' dir='ltr'><strong>οἰωνῶν</strong></span> <span class='ocrx_word' id='word_1_828' title='bbox 3659 5094 3775 5147; x_wconf 76' lang='grc' dir='ltr'><strong>δια‹’</strong></span> 
     </span>
    </p>
   </div>
   <div class='ocr_carea' id='block_1_115' title="bbox 2200 5184 3770 5273">
    <p class='ocr_par' dir='ltr' id='par_1_115' title="bbox 2200 5184 3770 5273">
     <span class='ocr_line' id='line_1_115' title="bbox 2200 5184 3770 5273; baseline -0.013 -18"><span class='ocrx_word' id='word_1_829' title='bbox 2200 5195 2638 5273; x_wconf 83' lang='grc' dir='ltr'><strong>πτήσεις.Θησέα</strong></span> <span class='ocrx_word' id='word_1_830' title='bbox 2653 5192 2749 5263; x_wconf 83' lang='grc' dir='ltr'><strong>μὲν</strong></span> <span class='ocrx_word' id='word_1_831' title='bbox 2776 5189 2882 5261; x_wconf 80' lang='grc' dir='ltr'><strong>γὰρ</strong></span> <span class='ocrx_word' id='word_1_832' title='bbox 2911 5188 3206 5259; x_wconf 75' lang='grc' dir='ltr'><strong>Ἱππολύτῳ</strong></span> <span class='ocrx_word' id='word_1_833' title='bbox 3230 5187 3363 5258; x_wconf 78' lang='grc' dir='ltr'><strong>φησὶ</strong></span> <span class='ocrx_word' id='word_1_834' title='bbox 3389 5184 3770 5257; x_wconf 75' lang='grc' dir='ltr'><strong>ἐπιμαίνεσθαι</strong></span> 
     </span>
    </p>
   </div>
   <div class='ocr_carea' id='block_1_116' title="bbox 2197 5277 3777 5365">
    <p class='ocr_par' dir='ltr' id='par_1_116' title="bbox 2197 5277 3777 5365">
     <span class='ocr_line' id='line_1_116' title="bbox 2197 5277 3777 5365; baseline -0.011 -17"><span class='ocrx_word' id='word_1_835' title='bbox 2197 5293 2278 5365; x_wconf 80' lang='grc' dir='ltr'><strong>τῷ</strong></span> <span class='ocrx_word' id='word_1_836' title='bbox 2305 5289 2492 5359; x_wconf 81' lang='grc' dir='ltr'><strong>οἰκείῳ</strong></span> <span class='ocrx_word' id='word_1_837' title='bbox 2530 5285 2702 5348; x_wconf 75' lang='grc' dir='ltr'><strong>παιδὶ,</strong></span> <span class='ocrx_word' id='word_1_838' title='bbox 2733 5281 2825 5337; x_wconf 77' lang='grc' dir='ltr'><strong>καὶ</strong></span> <span class='ocrx_word' id='word_1_839' title='bbox 2857 5280 2921 5352; x_wconf 81' lang='grc' dir='ltr'><strong>δὴ</strong></span> <span class='ocrx_word' id='word_1_840' title='bbox 2953 5280 3046 5334; x_wconf 79' lang='grc' dir='ltr'><strong>καὶ</strong></span> <span class='ocrx_word' id='word_1_841' title='bbox 3087 5278 3275 5350; x_wconf 80' lang='grc' dir='ltr'><strong>ὲξελᾷν</strong></span> <span class='ocrx_word' id='word_1_842' title='bbox 3303 5278 3404 5351; x_wconf 83' lang='grc' dir='ltr'><strong>τῆς</strong></span> <span class='ocrx_word' id='word_1_843' title='bbox 3441 5277 3777 5348; x_wconf 75' lang='grc' dir='ltr'><strong>ἐνεγκούσης</strong></span> 
     </span>
    </p>
   </div>
   <div class='ocr_carea' id='block_1_117' title="bbox 2207 5373 3241 5458">
    <p class='ocr_par' dir='ltr' id='par_1_117' title="bbox 2207 5373 3241 5458">
     <span class='ocr_line' id='line_1_117' title="bbox 2207 5373 3241 5458; baseline -0.015 -16"><span class='ocrx_word' id='word_1_844' title='bbox 2207 5385 2525 5458; x_wconf 80' lang='grc' dir='ltr'><strong>ἐπιχειρεῖν.</strong></span> <span class='ocrx_word' id='word_1_845' title='bbox 2569 5377 2811 5434; x_wconf 84' lang='grc' dir='ltr'><strong>Ἐκείνου</strong></span> <span class='ocrx_word' id='word_1_846' title='bbox 2842 5374 2899 5428; x_wconf 88' lang='grc' dir='ltr'><strong>δὲ</strong></span> <span class='ocrx_word' id='word_1_847' title='bbox 2920 5373 3241 5442; x_wconf 72' lang='grc' dir='ltr'><strong>φάσκοντοςο</strong></span> 
     </span>
    </p>
   </div>
   <div class='ocr_carea' id='block_1_118' title="bbox 2283 5581 3045 5657">
    <p class='ocr_par' dir='ltr' id='par_1_118' title="bbox 2283 5581 3045 5657">
     <span class='ocr_line' id='line_1_118' title="bbox 2283 5581 3045 5657; baseline -0.008 -20"><span class='ocrx_word' id='word_1_848' title='bbox 2283 5588 2357 5657; x_wconf 72' lang='lat'><strong>(3)</strong></span> <span class='ocrx_word' id='word_1_849' title='bbox 2390 5587 2443 5639; x_wconf 95' lang='lat' dir='ltr'><strong>ln</strong></span> <span class='ocrx_word' id='word_1_850' title='bbox 2471 5581 2747 5653; x_wconf 80' lang='lat' dir='ltr'><strong>Hippolyto</strong></span> <span class='ocrx_word' id='word_1_851' title='bbox 2777 5589 3045 5633; x_wconf 71' lang='lat' dir='ltr'><strong>coronato.</strong></span> 
     </span>
    </p>
   </div>
  </div>
