3966 6298
230 262 341 339 ιδεμ

307 377 444 451 Οῆιφ
474 377 1108 451 ὅρκονηοῡτεηπίστιν,
1134 381 1279 435 οὐδὲ
1304 382 1581 451 μάντεων

303 444 510 518 Φιξμας
534 447 809 517 ἐλέγξας,
842 448 1085 519 ἄκριτον
1111 444 1430 521 ἐκϐάλλεις
1457 469 1534 524 με
1561 453 1696 524 γῆς.

230 562 419 635 θησέα
445 563 583 634 πρὸς
609 561 771 617 τοῦτο
800 565 977 619 εἰπεῖν
999 582 1012 597 ·

312 677 377 753 Ἠ
403 676 753 753 δέλτος-ἥδε
778 679 1007 753 κλῆρον
1034 683 1107 737 οὐ
1136 681 1460 753 δεδεγμένη

304 749 633 825 [famme
650 765 768 825 0:01:
793 751 998 825 xtatdf
1035 753 1178 820 τοὺς
1200 755 1253 809 δ’
1281 749 1623 825 ὖπὲρκάρα

305 817 639 886 Φοιτῶντας
666 819 882 891 ὄρνεις,
916 824 1096 880 πόλλ’
1269 817 1501 895 χαίρειν
1527 817 1703 899 λέγω.

228 930 343 985 Καὶ
373 931 479 1003 μὴν
509 933 803 1005 ἀξιόχρεως
837 937 870 1007 ὴ
901 934 1038 991 θεοῦ
1065 940 1217 1011 φωνὴ
1244 941 1445 1010 γένοιτ’
1473 941 1562 1008 ἂν,
1593 943 1688 998 καὶ
1715 944 1814 1014 τῆς

227 1025 289 1075 ἐν
316 1023 488 1095 δέλτῳ
520 1026 759 1097 γραφῆς,
796 1028 1036 1099 ἀμείνων
1074 1032 1108 1103 ὴ
1136 1031 1343 1099 πίστις,
1382 1034 1541 1106 εἰπερ
1569 1037 1688 1091 ἐστὶ
1719 1038 1814 1090 καὶ

226 1115 552 1181 ψευδοεπείν
592 1117 695 1173 οὑκ
725 1119 954 1184 ἀπεικὸς
991 1122 1140 1192 ἡμᾶς
1164 1138 1176 1152 ·
1213 1124 1379 1194 μηδὲν
1415 1126 1473 1180 δὲ
1502 1128 1770 1199 ἁμαρτεῖν
1794 1169 1809 1192 ,

227 1203 345 1257 ἔστι
379 1205 538 1273 Θεοῦ,
579 1209 674 1263 καὶ
704 1208 766 1263 τὸ
822 1209 1021 1282 ἀληθὲς
1048 1213 1132 1267 δτι
1180 1215 1417 1285 μάλιστα
1452 1218 1626 1286 φίλον.
1669 1219 1811 1274 Ἀλλ’

225 1294 346 1368 ᾔδει
377 1316 481 1353 που
527 1300 745 1366 πάντως
773 1303 900 1368 τοὺς
937 1305 1074 1378 ὑπὲρ
1116 1306 1261 1377 κάρα
1295 1309 1596 1376 φοιτῶντας
1633 1309 1813 1380 ὄρνεις

225 1389 443 1461 Θησεὺς
472 1430 487 1455 ,
517 1393 669 1448 οὐδὲν
718 1394 879 1460 ὄντας
920 1397 1220 1463 παντελῶς.
1266 1400 1477 1455 Οὑκοῦν
1515 1400 1812 1468 δαιμονίοις

229 1482 334 1551 μὲν
382 1485 672 1542 ἀναθετέον
703 1486 820 1544 οὑτι
858 1507 947 1543 πω
978 1490 1090 1545 τῶν
1125 1492 1402 1563 ἐσομένων
1445 1494 1544 1565 τὴν
1584 1497 1806 1565 γνῶσιν,

226 1574 350 1645 Θεῷ
397 1576 453 1630 δὲ
489 1579 691 1648 μᾶλλον
722 1582 894 1653 αὑτὴν
925 1584 1344 1657 προσνεμοῦμεν
1382 1587 1459 1653 ὡς
1508 1588 1807 1663 ἐξαίρετον.

225 1666 344 1719 Καὶ
374 1670 711 1740 φενακισμὸς
741 1671 896 1726 ἔσται
935 1674 1142 1741 λοιπὸν,
1168 1676 1240 1730 τὰ
1270 1679 1381 1733 τῶν
1412 1680 1641 1751 ὀρνίθων
1671 1700 1809 1754 μαν-

980 263 1069 321 DE
1108 266 1551 323 ADORATIONE
1590 269 1655 324 ΙΝ
1699 267 1801 324 SP1

1913 268 1968 325 'U
2009 271 2099 326 ΕΤ
2141 273 2503 330 νιςιυΤΑΤΕ.
2547 278 2673 332 LIB.
2722 279 2803 333 Vl.

3399 286 3458 343 4';
3469 295 3517 342 υτ

1840 387 1886 441 Α
1981 384 2089 468 Ιξξεε
2108 387 2638 468 ᾒιιεριιναηάιιπιηηες
2667 390 2827 459 ﬁdem
2852 404 3147 464 expendetur
3176 399 3323 468 prius

1992 455 2263 513 Nec'dicta
2288 468 2493 526 uatum,
2518 455 2717 515 indicta
2740 479 2820 516 me
2844 455 3006 520 causa
3035 455 3221 537 ejicis'?

1925 565 2198 624 Theseum
2226 570 2295 625 ad
2319 571 2436 627 haec
2459 572 2808 642 respondisse
2834 591 2847 627 :

2027 681 2153 760 ῌιεο
2172 685 2289 754 ipsa
2305 693 2363 760 te
2384 685 2605 753 tabella,
2637 688 2793 760 sortis
2819 687 2953 742 nihil
2971 704 3124 760 egens

2025 753 2272 820 Accusat,
2295 757 2403 811 [uec
2426 759 2684 812 convincit
2710 774 2728 812 :
2750 759 2885 814 istas
2907 753 3086 813 nullam
3115 778 3236 817 aves

2031 822 2220 879 Valere
2236 826 2418 896 jubeo,
2447 844 2564 899 qua!
2591 845 2757 901 supra
2774 839 2934 901 caput
2957 829 3158 885 volant.

1920 938 2086 1008 Atqui
2118 939 2214 995 Dei
2244 957 2348 997 vox
2372 951 2524 999 certe
2552 944 2786 1000 idoneus
2817 954 2904 1001 est
2928 954 3140 1012 auctor,
3162 961 3338 1019 eaque
3368 949 3501 1007 ﬁdes

1919 1030 2120 1088 litteris
2150 1033 2320 1089 libelli
2343 1035 2576 1101 certior,
2619 1036 2893 1107 siquidem
2935 1039 3155 1093 mentiri
3197 1055 3329 1095 non.
3357 1050 3443 1097 est
3471 1059 3500 1098 a

1918 1122 2082 1179 nobis
2103 1124 2343 1181 alienum
2372 1144 2385 1180 :
2411 1127 2510 1183 sed
2532 1128 2669 1183 nihil
2692 1143 2941 1199 peccare,
2964 1129 3060 1186 Dei
3085 1138 3170 1185 est
3194 1133 3499 1202 proprium,

1918 1217 2082 1288 eique
2105 1220 2309 1276 veritas
2335 1230 2566 1292 cognata
2597 1223 2852 1277 maxime.
2881 1222 2988 1279 Sed
3014 1224 3223 1280 sciebat
3245 1225 3503 1284 videlicet

1918 1307 2145 1363 omnino
2184 1309 2431 1366 Theseus
2477 1326 2606 1367 aves
2646 1326 2813 1382 supra
2856 1320 3021 1382 caput
3069 1314 3320 1370 volantes
3362 1316 3501 1371 nihil

1917 1414 2039 1456 esse
2079 1416 2326 1471 prorsus.
2377 1403 2498 1458 Non
2542 1403 2710 1475 igitur
2754 1404 3045 1460 damoniis
3087 1406 3200 1461 ullo
3222 1407 3387 1463 modo
3418 1419 3502 1464 est

1915 1492 2242 1549 ascribenda
2292 1510 2481 1551 rerum
2523 1495 2835 1553 futurarum
2881 1499 3152 1568 cognitio,
3202 1499 3303 1555 sed
3352 1500 3499 1556 illam

1916 1584 2101 1654 potius
2119 1586 2231 1641 Deo
2264 1595 2526 1658 tanquam
2551 1588 2884 1660 praecipuam
2907 1592 3325 1663 tribuemuswet
3343 1611 3519 1668 nugas

1916 1684 2080 1733 erunt
2122 1682 2353 1748 posthac
2393 1681 2578 1737 avium
2623 1683 3044 1753 prmdictiones;
3089 1702 3154 1742 ac
3191 1688 3339 1745 fides
3371 1690 3501 1744 huic

224 1756 481 1828 τεύματα
504 1801 521 1826 ,
551 1762 649 1815 καὶ
705 1763 941 1830 διανοίας
972 1767 1072 1820 οὑκ
1097 1768 1374 1838 ἀσφαλοῦς
1406 1746 1625 1844 ἔλεγχος
1654 1746 1805 1846 εναρ-

1916 1770 1997 1825 rei
2020 1746 2288 1839 adhibita,
2313 1777 2516 1832 mentis
2546 1746 2741 1847 parum
2766 1777 2939 1835 ﬁrmae
2962 1780 3228 1838 indicium
3249 1783 3495 1839 evidens.

222 1847 354 1920 γὴς,
385 1852 419 1923 ὴ
459 1853 553 1906 ἐπὶ
604 1854 741 1926 τῷδε
766 1857 968 1919 πίστις.
1016 1862 1128 1917 Καὶ
1164 1863 1330 1928 αὑτὸς
1358 1865 1417 1919 δέ
1446 1866 1549 1919 πού
1595 1885 1761 1939 φησιν
1783 1869 1813 1921 ό

222 1940 421 2012 νόμος’
460 1964 480 1997 ι
539 1947 654 2000 Οὑκ
683 1950 1017 2017 οίωνιεῖσθε,
1060 1973 1079 2006 ι
1119 1954 1375 2026 βδελυρὸν
1410 1957 1472 2010 τὸ
1515 1958 1707 2031 χρῆμα
1735 1962 1813 2016 εί·-

219 2033 354 2124 δῲς,
406 2038 505 2092 καὶ
543 2039 626 2092 ὅτι
661 2040 898 2110 μάλιστα
934 2049 1413 2121 κατεστυγημένον
1444 2052 1597 2122 παρά
1625 2068 1689 2121 γε
1735 2052 1814 2124 τῷ

220 2122 450 2179 πάντων
486 2127 778 2198 κρατοῦντι
810 2130 951 2202 Θεῷ.

294 2216 514 2275 ΙΙΑΛΛ.
550 2212 678 2274 Ὧδε
703 2222 879 2278 ταῦτα
909 2224 1053 2295 ἔχειν
1081 2228 1174 2281 καὶ
1198 2229 1350 2300 αὑτῷ
1384 2248 1476 2303 μοι
1502 2233 1668 2288 δοκεῖ.

296 2305 466 2363 ΚΥΡ.
515 2309 732 2382 Ἐπειδὴ
761 2312 817 2366 δὲ
848 2315 1032 2381 πάλιν,
1067 2319 1160 2372 καὶ
1188 2322 1216 2373 ὀ
1245 2320 1500 2392 λαθραῖος
1533 2318 1688 2391 οὗτος
1720 2328 1813 2382 καὶ

222 2398 588 2470 γραοπρεπὴς
620 2399 951 2475 ψιθυρισμὸς
971 2446 986 2469 ,
1018 2403 1272 2479 γοητείας
1303 2411 1370 2466 ἂν
1417 2414 1502 2486 εἴη
1536 2420 1702 2489 μοῖρα
1742 2422 1812 2475 τά

222 2489 326 2543 καὶ
353 2491 575 2582 τρόπος.
617 2493 906 2567 Τοιγάρτοι
945 2501 1040 2553 καὶ
1067 2501 1096 2554 δ
1122 2502 1417 2572 θεσπέσιος
1447 2509 1809 2582 Μωσῆςτοὺς

223 2580 435 2637 ἀνωθεν
465 2585 599 2655 ὴμῖν
640 2584 993 2660 διεσαφήνισε
1022 2591 1223 2663 νόμους
1242 2635 1257 2660 ,
1287 2593 1375 2649 ἀεὶ
1419 2580 1708 2654 συνάπτων
1740 2602 1818 2657 τᾶ

223 2673 709 2747 πλημμελήματα,
750 2681 844 2734 καὶ
883 2680 1049 2736 οίονεί
1092 2700 1211 2749 πως
1251 2686 1311 2741 ὲν
1350 2689 1671 2764 ἀδελφότητι
1714 2694 1809 2749 καὶ¹

221 2766 465 2838 δμοφυϊᾳ
512 2768 679 2835 τιθεὶς
714 2774 783 2845 τῇ
829 2777 1155 2849 φαρμακείᾳ
1200 2778 1301 2852 τὴν
1340 2782 1574 2855 ὲπωδήν.
1629 2804 1649 2838 ι
1694 2788 1808 2843 Οὑκ

222 2857 380 2912 ἔσται
408 2859 540 2931 γὰρ,
562 2860 821 2932 ἔφασκεν,
851 2868 910 2919 ὲν
936 2868 1064 2937 ὑμῖν
1095 2873 1496 2945 μαντευόμενος
1524 2878 1804 2948 μαντείαν,

221 2950 606 3023 οἰωνιζόμενος
642 2957 736 3010 καὶ
766 2957 1239 3032 κληδονιζόμενος,
1273 2969 1588 3039 φαρμακός,
1618 2971 1808 3028 ἐπαοι-

1914 1861 2036 1933 Ιρεε
2073 1880 2293 1936 quoque
2334 1868 2582 1937 profecto
2633 1869 2723 1926 lex
2766 1871 2843 1927 ait
2893 1890 2907 1926 :
2971 1892 2989 1926 ι
3042 1875 3162 1930 Non
3206 1877 3501 1949 augurabi-~

1915 1955 2051 2010 mini
2081 1956 2155 2021 ²⁸;
2190 1976 2208 2009 ι
2241 1959 2389 2029 quod
2413 1975 2537 2015 eam
2568 1977 2687 2017 rem
2719 1965 3114 2021 exsecrandam
3146 1983 3269 2022 esse
3307 1969 3495 2031 sciret,

1914 2054 1973 2105 et
2003 2051 2252 2106 omnium
2274 2051 2609 2110 dominatori
2626 2054 2760 2122 Deo,
2783 2055 2840 2109 in
2874 2058 3067 2126 primis
3089 2060 3355 2115 odiosam.

1994 2227 2195 2284 PALL.
2231 2229 2358 2286 Haec
2386 2230 2464 2287 ita
2480 2247 2547 2288 'se
2573 2231 2780 2288 habere
2817 2232 2956 2287 mihi
2997 2248 3216 2304 quoque
3256 2234 3495 2290 videtur.

1981 2319 2139 2377 CYR.
2172 2320 2479 2378 Incantatio
2517 2340 2712 2381 rursus
2744 2333 2801 2381 et
2838 2324 2931 2380 illa
2976 2326 3189 2381 occulta
3227 2333 3284 2381 et
3339 2328 3500 2381 anilis

1913 2413 2298 2480 insusurratio,
2340 2415 2564 2487 magicae
2597 2417 2734 2473 artis
2771 2432 2898 2488 pars
2923 2425 3088 2488 atque
3125 2418 3338 2488 species
3378 2435 3498 2474 essw

1911 2504 2147 2559 videtur.
2189 2504 2378 2576 Itaque
2410 2509 2576 2562 etiam
2607 2509 2804 2564 beatus
2826 2507 3036 2581 Moyses
3058 2525 3323 2581 supernas
3353 2511 3499 2582 leges

1910 2594 2072 2649 nobis
2093 2594 2411 2663 declaravit,
2434 2598 2528 2668 qui
2552 2613 2773 2669 semper
2802 2599 2919 2654 haec
2942 2609 3168 2670 peccata
3190 2584 3495 2671 conjunxit,

1908 2692 1966 2741 et
2004 2693 2267 2757 tanquam
2313 2699 2563 2761 cognata,
2619 2690 2912 2762 alliniaque
2960 2693 3195 2748 crimina
3240 2709 3349 2748 una
3373 2706 3517 2749 cum.-

1908 2777 2193 2836 veneﬂciis
2215 2780 2645 2838 incantationem
2679 2783 2977 2839 recensuit.
3004 2784 3096 2839 Ait
3117 2783 3301 2839 enim:
3332 2805 3350 2835 ι
3380 2784 3517 2840 Non

1907 2868 2017 2924 erit
2038 2868 2097 2926 in
2117 2870 2278 2926 vobis
2301 2870 2555 2928 divinans
2577 2873 2736 2943 2],],
2773 2873 3188 2941 divinationem,
3225 2892 3516 2947 auguralis-

1907 2966 1965 3015 et
2008 2960 2297 3029 ominans,
2367 2963 2682 3031 veneﬁcus,
2728 2966 3068 3034 incantator,
3115 2975 3497 3040 portentorum

220 3042 334 3110 δὺς,
352 3048 778 3117 τερατοσκόπος,
802 3053 898 3106 καὶ
912 3053 1371 3127 ὲγγαστρίμυθος,
1392 3062 1486 3116 καὶ
1511 3063 1805 3135 ἐπερωτῶν

1913 3053 2265 3122 observator,
2322 3066 2380 3113 et
2425 3058 2724 3131 pythonem
2767 3060 2998 3126 habens,
3045 3070 3103 3118 et
3151 3063 3499 3134 interrogans

220 3135 351 3200 τοὺς
380 3138 628 3209 νεκρούς.
675 3160 695 3197 ι
748 3141 911 3197 Ἀλλά
934 3147 1082 3199 νοσεῖ
1117 3147 1217 3218 μὲν
1251 3150 1491 3223 ὴὲπῳδὴ
1516 3153 1579 3208 τὸ
1614 3156 1809 3211 πάναι-

220 3244 389 3299 σχρον
417 3230 632 3319 κομιδῇ,
659 3233 829 3287 καὶτὸ
849 3235 909 3288 ἐν
926 3236 1082 3308 κακῷ
1106 3240 1320 3295 κεῖσθαι
1345 3241 1487 3310 λίαν,
1512 3245 1810 3319 ἀνεπτόην-

216 3336 314 3374 ται
345 3320 402 3374 δὲ
429 3321 529 3375 οὑκ
547 3316 811 3390 οἷδ’ὃπως
842 3328 925 3391 είς
950 3328 1110 3384 τοῦτό
1144 3347 1312 3396 τινες,
1348 3336 1529 3388 ἐκεῖνο
1556 3316 1808 3406 λέγοντες

218 3411 310 3465 δτι
355 3411 562 3483 Κύριον
606 3415 834 3474 Σαϐαὼθ
883 3420 1210 3491 ὀνομάζουσι
1257 3427 1655 3499 κατεπᾴδοντες
1693 3434 1807 3495 τοῖς

216 3503 639 3577 ὴρῤωστηκόσιν
674 3509 723 3561 oi
754 3508 862 3564 τῶν
900 3512 1121 3568 τοιῶνδε
1169 3516 1479 3585 μελεδωνοὶ.
1510 3521 1695 3593 Ταύτῃ
1724 3540 1806 3576 τοι

218 3597 318 3650 καὶ
345 3597 636 3667 ἐμπεδοῦν,
665 3601 748 3654 ὅτι
779 3601 857 3674 μὴ
896 3604 1122 3677 αἰσχρὸν
1166 3605 1252 3678 είη
1289 3607 1478 3662 λοιπὸν
1507 3611 1569 3664 τὸ
1611 3613 1805 3683 ἐπιτή-

213 3688 397 3761 δευμα
426 3731 442 3756 ,
495 3692 935 3751 διασπεὺδουσιν.
986 3698 1226 3753 Ἐοίκασι
1275 3701 1332 3755 δὲ
1369 3702 1563 3774 ψυχρῷ
1598 3723 1657 3759 τε
1713 3709 1806 3763 καὶ

212 3780 447 3855 ἀδρανεῖ
488 3784 628 3856 πρὸς
668 3787 888 3859 ἀπάτην
929 3788 1028 3842 καὶ
1069 3791 1501 3861 φρενοϐλάϐειαν
1534 3796 1804 3869 ἀποκομί-

210 3871 410 3937 ζεσθαι
441 3874 689 3948 λογισμῷ
711 3895 752 3928 ·.
773 3879 1050 3949 τοιγάρτοι
1083 3880 1176 3935 τοῦ
1214 3885 1542 3956 πράγματος
1569 3888 1653 3942 ὅτι
1700 3890 1805 3961 μά-

209 3962 377 4020 λιστα
407 3966 695 4039 δυσαχθὲς,
724 3971 857 4025 αὐτὸ
880 3972 944 4044 δὴ
977 3972 1136 4028 τοῦτό
1159 3977 1327 4034 ἐστιν.
1372 3978 1561 4051 Ἡμεῖς
1584 3984 1692 4055 γὰρ
1720 3985 1800 4053 τὸ,

211 4057 426 4148 litigator;
445 4059 699 4127 Σαϐαὼθ,
720 4062 797 4134 τῷ
828 4063 937 4118 τῶν
968 4064 1103 4121 ὅλων
1124 4068 1515 4144 ἀναφωνοῦμεν
1540 4074 1661 4148 Θεῷ
1677 4118 1692 4141 ,
1715 4076 1806 4132 δο-

208 4144 459 4218 ξολογεῖν
476 4150 773 4218 ὲθέλοντεςο
791 4155 963 4226 ἑτέρῳ
991 4173 1055 4224 γε
1073 4158 1181 4229 μὴν
1196 4159 1306 4215 τῶν
1325 4161 1495 4217 ὄντων
1515 4144 1691 4220 οὐδενὶ
1707 4166 1805 4238 τὴν

211 4240 428 4295 τοιάνδε
451 4241 644 4314 κλῆσιν
671 4244 900 4317 ἐφίεμεν
921 4247 1084 4319 ἔχειν.
1114 4247 1209 4315 Εἷς
1225 4252 1331 4325 γὰρ
1353 4254 1449 4308 καὶ
1472 4255 1634 4326 μόνος
1655 4259 1804 4313 ἐστὶν

212 4333 245 4386 ὁ
281 4331 392 4385 τῶν
420 4332 704 4406 δυνάμεων
734 4338 958 4410 Κύριος.
998 4341 1060 4395 Ol
1089 4341 1180 4408 δεῖ,
1215 4342 1314 4415 τὴν
1339 4344 1512 4412 οὕτως
1546 4348 1803 4421 ὑπερφυᾶ

213 4421 316 4475 καὶ
346 4421 748 4498 εὑκλεεστάτην
778 4429 1120 4501 ἐπωνυμίαν,
1161 4433 1281 4504 ἦτοι
1321 4435 1652 4507 δοξολογίαν,
1692 4458 1798 4498 πα-

211 4513 618 4585 ραρῤίπτουσιν
667 4519 906 4586 εὐκόλως
949 4517 1033 4587 οἷς
1068 4522 1134 4578 ἂν
1167 4524 1374 4582 ἕλοιντο
1418 4528 1530 4583 τῶν
1566 4532 1799 4589 συναθυ-

210 4604 423 4694 ρ-ίντων
452 4608 637 4673 αὐτοῖς
664 4609 980 4683 δαιμονίων,
1012 4616 1107 4670 καί
1134 4619 1245 4682 τοῖς
1279 4618 1380 4690 τῆς
1408 4626 1800 4694 τερατουργίας

206 4693 397 4786 αὑτῷν
425 4696 769 4769 ὑποκριταῖς,
796 4699 894 4771 τὴν
914 4700 1034 4773 Θεῷ
1054 4704 1148 4759 καὶ
1169 4705 1317 4779 μόνῳ
1341 4693 1800 4786 πρεπωδεστάτην

205 4784 529 4855 χαρίζονται
552 4787 730 4858 δόξαν,
760 4790 1148 4861 κολακεύοντές
1166 4814 1225 4851 τε
1247 4799 1341 4852 καὶ
1356 4784 1799 4872 κολακευόμενοι,

206 4875 310 4929 καὶ
342 4876 454 4969 τῆς
473 4877 616 4933 οὓτω
636 4881 819 4952 δεινῆς
850 4882 1168 4951 δυσσεϐείας
1200 4889 1299 4961 τὴν
1333 4893 1661 4968 ὑπερϐολὴν,
1693 4899 1795 4969 τῆς

203 4967 300 5033 ἐφ’
321 4959 407 5031 οἷς
428 4966 497 5022 ἂν
528 4968 736 5027 ἕλοιντο
767 4975 1072 5049 συνδρομῆς
1105 4959 1474 5052 ἀπονέμοντες
1503 4989 1583 5053 εἰς
1596 4959 1797 5045 divellit;

205 5074 372 5111 τισιν.
418 5058 702 5133 Θεομάχον
722 5064 829 5135 γὰρ
858 5067 945 5119 ἀεὶ
981 5069 1076 5122 καὶ
1104 5071 1509 5140 φιλοδοξότατον
1532 5078 1641 5133 τῶν
1678 5081 1795 5136 δαι-

207 5150 418 5219 μονίων
456 5152 517 5205 τὸ
549 5156 757 5223 στῖφος.
798 5158 920 5229 Χρὴ
946 5162 1257 5232 τοιγαροῦν,
1305 5166 1380 5238 μὴ
1418 5172 1539 5233 ταῖς
1566 5172 1795 5228 ἐκείνων

207 5242 362 5310 ἡμᾶς
422 5247 898 5319 συναποφέρεσθαι
953 5250 1336 5322 δυσϐουλίαις,
1391 5259 1693 5335 ἀποφοιτᾷν
1737 5265 1793 5319 δὲ

206 5331 419 5403 μᾶλλον
462 5335 557 5426 ,ὡς
605 5336 879 5397 ἀπωτάτω
910 5381 925 5405 ,
966 5342 1057 5397 καὶ
1101 5345 1175 5415 μὴ
1206 5352 1463 5421 πονηροῖς
1502 5331 1794 5426 προσέχειν

205 5424 476 5520 ἰατροῖς-ὴ
504 5433 926 5500 τερατουργοῖς,
960 5437 1072 5499 τοῖς
1106 5436 1348 5509 δαίμοσι,
1392 5424 1584 5511 μισθὸν
1607 5424 1795 5520 ὥσπερ

206 5514 332 5569 τινὰ
367 5517 477 5572 τῶν
504 5520 587 5582 είς
616 5520 763 5590 ἡμᾶς
790 5523 1121 5596 ἀθυρμάτων
1149 5529 1422 5596 ἐξαιτοῦσι
1457 5537 1554 5600 τὰς
1587 5514 1790 5612 δυσφηξ-

281 5700 323 5731 ²⁸
358 5698 543 5755 chit.
591 5717 703 5767 xu,
733 5702 821 5755 26.
899 5705 942 5735 ³⁸
970 5704 1108 5762 Ibid.
1138 5709 1227 5763 5i.

1918 3153 2168 3203 mortuos
2210 3147 2278 3202 ³ο.
2324 3166 2343 3200 ι
2398 3147 2709 3216 Caeterum,
2755 3166 2883 3207 cum
2931 3153 3233 3208 incantatio
3288 3154 3494 3224 turpis-

1910 3235 2050 3290 sima
2092 3235 2185 3301 sit,
2235 3251 2301 3291 ac
2358 3237 2743 3305 vitiosissima,
2794 3246 2979 3295 tamen
3027 3241 3217 3296 nescio
3257 3257 3495 3311 quonam

1912 3324 2078 3381 modo
2100 3340 2223 3381 eam
2264 3327 2518 3382 nonnulli
2570 3328 2940 3396 admirantur,
2986 3338 3152 3401 atque
3187 3331 3319 3386 illud
3343 3332 3492 3387 aiunt

1908 3416 2203 3471 Dominum
2227 3416 2469 3473 Sabaoth
2511 3433 2854 3489 nuncupare,
2899 3435 3023 3475 cum
3072 3436 3237 3491 super
3263 3422 3496 3479 inﬁrmis

1908 3523 2133 3563 carmen
2173 3508 2492 3575 incantant,
2537 3509 2633 3579 qui
2686 3511 2956 3582 ejusmodi
3015 3526 3165 3570 artes
3213 3522 3493 3570 exercent.

1908 3600 2024 3655 Hac
2059 3601 2272 3658 ratione
2299 3601 2628 3658 conﬁrmare
2655 3612 2949 3670 conantur,
2988 3606 3183 3663 abesse
3203 3623 3234 3662 a
3259 3606 3495 3677 turpitu-

1907 3691 2036 3748 dine
2061 3692 2168 3749 hoc
2187 3692 2468 3760 studium;
2506 3693 2766 3749 videntur
2799 3704 2984 3751 autem
3021 3696 3223 3767 frigida
3257 3697 3492 3768 quadam

1907 3795 2074 3856 atque
2098 3785 2316 3841 infirma
2342 3786 2761 3843 ratiocinatione
2788 3788 2855 3842 ad
2882 3789 3031 3845 hunc
3060 3805 3306 3845 errorem
3331 3798 3503 3861 atque

1907 3878 2243 3935 dementiam
2290 3876 2514 3934 abduci.
2540 3878 2657 3935 Hoc
2700 3879 2849 3934 enim
2898 3880 3077 3951 ipsum
3122 3891 3226 3936 cst-
3254 3882 3309 3935 in
3335 3897 3405 3935 ea
3438 3899 3493 3936 rc

1906 3972 2387 4041 molestissimum;
2431 3987 2536 4029 nos
2580 3973 2731 4028 enim
2775 3973 2879 4027 hac
2914 3989 3071 4039 voce,
3102 3974 3367 4029 Dominus
3399 3974 3495 4030 Sa~

1906 4066 2095 4132 baoth,
2133 4066 2309 4122 Deum
2353 4065 2743 4123 universorum
2781 4067 3140 4136 appellamus,
3174 4082 3300 4122 cum
3337 4054 3488 4130 illum
3582 4132 3589 4141 θ

1905 4154 2213 4229 gloriﬁcare
2240 4155 2517 4222 volumus,
2559 4170 2742 4227 neque
2783 4155 2865 4211 rei
2909 4164 3179 4226 praeterea
3213 4171 3280 4212 ex
3304 4158 3486 4212 omni-

1905 4251 2029 4317 bus,
2054 4267 2178 4323 quae
2198 4260 2350 4319 sunt,
2375 4254 2473 4308 ulli
2494 4253 2640 4308 hanc
2652 4250 3073 4322 appellationem
3096 4250 3485 4321 permittimus.

1904 4343 2059 4400 Unus
2082 4345 2231 4400 enim
2280 4360 2347 4400 ac
2390 4345 2541 4401 solus
2583 4354 2668 4401 est
2707 4344 3051 4400 exercituum
3088 4343 3373 4399 Dominus.
3423 4344 3488 4399 lli

1905 4449 2036 4490 vero
2055 4435 2195 4492 adeo
2233 4431 2613 4493 admirabilem
2654 4444 2713 4493 et
2744 4435 3039 4508 gloriosam
3065 4435 3488 4507 appellationem

1905 4539 2006 4579 seu
2024 4524 2483 4597 gloriﬁcationem
2505 4525 2791 4582 daemoniis
2813 4542 2922 4582 una
2945 4542 3131 4584 secum
3172 4526 3489 4605 ludentibus

1906 4616 2108 4686 quibus
2130 4617 2428 4685 voluerint,
2452 4617 2612 4674 facile
2636 4618 2954 4690 projiciunt,
2979 4627 3037 4675 et
3069 4619 3179 4675 illis
3209 4626 3488 4689 portento-

1909 4724 2032 4764 rum
2062 4724 2292 4766 suorum
2321 4710 2605 4767 actoribus
2648 4712 2900 4784 gloriam,
2940 4728 3063 4783 quae
3101 4713 3215 4768 Deo
3249 4712 3350 4769 soli
3375 4729 3489 4769 ma-

1908 4799 2054 4855 xime
2081 4801 2364 4865 convenit,
2389 4801 2720 4874 largiuntur,
2750 4803 3036 4860 adulantes
3059 4803 3223 4859 simul
3244 4812 3301 4860 et
3321 4805 3486 4862 vicis.

1902 4891 2005 4946 sim
2032 4891 2346 4949 adulatione
2367 4892 2533 4964 capti,
2558 4901 2612 4950 et
2649 4909 2749 4965 pro
2783 4909 2991 4959 rerum,
3028 4909 3166 4965 quas
3189 4896 3484 4961 voluerint,

1902 4993 2127 5051 eventu,
2169 4986 2313 5042 hanc
2356 4994 2469 5042 tam
2508 4994 2671 5043 terra:
2712 4986 3013 5058 impietatis
3054 4988 3486 5060 magnitudinem

1904 5078 2174 5135 mercedis
2216 5079 2340 5135 loco
2388 5080 2718 5151 rependunt.
2773 5080 2869 5135 Est
2911 5077 3059 5135 enim
3089 5080 3485 5139 daemoniorum

1904 5171 2103 5228 cohors
2126 5172 2239 5228 Deo
2255 5173 2725 5242 semperinimica,
2744 5181 2799 5228 et
2815 5175 3262 5245 appetentissima
3279 5177 3482 5248 gloriw.

1904 5265 2022 5320 Non
2065 5263 2233 5336 igitur
2287 5264 2744 5319 committendum
2787 5273 2873 5321 est
2927 5274 2989 5322 ut
3040 5267 3258 5323 illorum
3305 5268 3486 5337 pravis

1908 5357 2158 5413 consiliis
2182 5356 2552 5421 abducantur;
2595 5356 2691 5412 sed
2730 5358 2915 5427 potius
2950 5360 3150 5416 abillis
3174 5376 3337 5431 quam
3362 5361 3483 5415 lon-

1909 5450 2130 5522 gissime
2183 5448 2608 5515 discedendum;
2668 5466 2848 5521 neque
2909 5454 3068 5508 malis
3137 5452 3366 5509 medicis
3421 5469 3487 5507 ac

1909 5549 2292 5612 portentorum
2320 5541 2665 5635 .auctoribus
2706 5542 2990 5601 daemoniis
3030 5545 3480 5612 auscultandum,
