3966 6298
474 234 572 292 471

1509 236 1564 292 S.
1606 236 1881 293 CYRILLI
1920 236 2391 293 ALEXANDBINI
2430 237 2748 294 ARCHIEP.

3647 233 3759 290 472

470 370 696 413 suarum
733 355 789 410 in
824 368 930 412 nos
972 354 1435 421 ludiﬁcationum,
1471 356 1710 412 nefarias
1748 358 1849 413 has
1875 358 2068 413 laudes

2174 363 2321 434 μίας.
2364 361 2435 414 Σὺ
2470 359 2526 413 δέ
2558 360 2614 412 εῐ
2641 377 2694 412 τι
2726 358 2834 410 τῶν
2869 356 2964 409 τοῦ
2997 355 3249 426 σώματος
3294 355 3499 427 μορίων
3539 355 3755 425 ἀλγεῖς,

465 446 741 504 mercedis
757 447 1041 518 cujusdam
1062 448 1236 502 instar
1254 448 1618 520 exigentibus.
1639 449 1722 505 Tu
1738 464 1889 515 vero,
1903 451 1948 505 si
1960 466 2068 519 qua

469 541 569 596 tibi
586 556 715 611 pars
732 540 980 611 corporis
994 539 1165 607 dolet,
1183 547 1240 595 et
1256 555 1384 597 vere
1400 541 1582 597 credis
1606 542 1720 597 haec
1743 542 1932 605 verba,
1958 541 2066 595 Do-

469 633 654 687 minus
670 631 911 689 Sabaoth
930 672 945 697 ,
959 641 1016 687 et
1044 631 1180 688 alias
1193 632 1508 705 hujusmodi
1522 634 1918 704 appellationes
1930 649 2068 703 quas

468 724 582 780 Deo
605 724 700 795 qui
717 723 1025 779 secundum
1050 732 1300 780 naturam
1312 732 1417 791 est,
1456 725 1640 780 divina
1660 725 1944 796 Scriptura
1971 725 2069 778 tri-

469 815 725 878 buit,vim
739 814 943 869 habere
954 824 1117 885 putas
1128 816 1364 886 pellendi
1379 817 1581 870 malum
1596 816 1750 879 illud,
1765 832 1865 887 pro
1881 827 1932 872 te
1946 817 2067 887 ipso

469 923 664 979 preces
678 906 1059 972 fundens,haec
1070 909 1237 963 verba
1254 910 1570 979 pronuntia:
1586 910 1823 964 sicenim
1838 912 2061 977 rectius,

427 1055 444 1069 ,
470 1016 634 1072 quam
653 999 947 1066 illi,l‘acies,
960 1016 1141 1071 neque
1158 1001 1391 1072 impuris
1404 1000 1812 1072 spiritibus,sed
1830 1002 1942 1056 Deo
1953 1001 2068 1071 glo-

470 1094 609 1149 riam
633 1093 1330 1149 tribues.Commcmorabo
1356 1094 1520 1149 etiam
1539 1093 1802 1148 divinitus
1827 1090 2064 1163 inspira-

473 1194 580 1240 tam
604 1184 943 1256 Scripturam
964 1202 1086 1257 quae
1101 1187 1179 1242 ait
1208 1204 1221 1240 :
1262 1207 1281 1238 ι
1309 1186 1622 1242 Inﬁrmatur
1647 1186 1771 1256 quis
1802 1186 1855 1240 in
1874 1186 2065 1240 vobis?

471 1278 697 1334 inducat
722 1279 1077 1352 presbyteros
1112 1279 1402 1346 Ecclesiae;
1434 1287 1490 1335 et
1514 1288 1672 1335 orent
1719 1293 1885 1348 super
1911 1293 2060 1344 eum,

474 1380 746 1443 tingentes
767 1389 894 1428 eum
940 1373 1063 1428 oleo
1100 1374 1156 1428 in
1182 1375 1407 1429 nomine
1463 1371 1715 1439 Domini;
1769 1379 1826 1426 et
1885 1371 2061 1426 oratio

473 1467 598 1522 ﬁdei
626 1467 860 1523 salvabit
885 1467 1187 1533 inﬁrmum,
1213 1474 1270 1521 et
1291 1465 1572 1521 alleviabit
1595 1465 1750 1518 illum
1766 1463 2056 1518 Dominus:

471 1569 527 1614 et
555 1562 602 1615 si
637 1561 692 1615 in
717 1561 966 1633 peccatis
990 1560 1083 1626 sit,
1114 1560 1468 1615 remittentur
1494 1559 1545 1613 ei
1574 1559 1638 1611 ".
1687 1577 1705 1609 ι

543 1652 707 1722 212
742 1651 942 1707 PALL.
967 1651 1210 1722 Auguria
1249 1650 1417 1721 igitur
1442 1657 1499 1705 et
1531 1648 1838 1703 carminum
1865 1647 2057 1701 incan-

2172 455 2265 507 καὶ
2290 449 2660 513 πεπίστευκας
2686 446 2931 518 ἀληθῶς,
2959 446 3041 499 ὅτι
3072 444 3133 498 τὸ
3154 444 3359 515 Κύριος
3381 443 3636 508 Σαϐαὼθ,
3660 449 3757 500 καὶ

2168 547 2224 600 αί
2266 543 2467 597 τοιαίδε
2519 540 2740 611 κλήσεις
2781 538 2847 603 ἃς
2877 537 2997 608 Θεῷ
3040 537 3122 609 τῷ
3168 536 3312 591 κατὰ
3353 538 3516 607 φύσιν
3548 542 3581 610 ἡ
3632 542 3756 594 Θεία

2169 634 2467 708 προσνέμει
2494 632 2708 707 Γραφὴ,
2737 630 2953 686 λυτικαί
2978 647 3059 684 σοι
3081 630 3403 701 γενήσονται
3428 630 3524 684 τοῦ
3556 633 3752 696 κακοῦ,

2167 726 2330 790 αὐτὸς
2372 726 2512 796 ὑπὲρ
2554 722 2780 778 σεαυτοῦ
2819 721 3256 794 προσευχόμενος
3279 762 3294 787 ,
3337 722 3613 791 ἀναφὼνει
3652 723 3755 788 τὰς

2166 819 2366 885 λέξεις·
2419 819 2642 890 ἄμεινον
2686 817 2797 889 γὰρ
2841 817 2874 888 ἦ
2936 818 3135 870 ἐκεῖνοι
3178 815 3425 883 δράσεις,
3482 816 3603 887 Θεῷ
3653 806 3761 888 τὴν1

2166 913 2326 979 δόξαν
2348 912 2641 977 ἀνατιθεὶς,
2676 911 2772 965 καὶ
2800 910 2919 980 οὐχ)⁸
2940 911 3054 972 τοῖς
3081 906 3413 980 ἀκαθάρτοις
3451 909 3748 979 πνεύμασι.

2166 1006 2534 1076 Μεμνήσομαι
2560 1004 2618 1057 δὲ
2643 1003 2738 1055 καὶ
2768 1002 2869 1073 τῆς
2903 999 3267 1055 θεοπνεύστου
3310 1000 3537 1070 Γραφῆς
3559 1000 3753 1070 λεγού-

2169 1113 2304 1169 σης’
2343 1117 2361 1148 ι
2415 1096 2657 1149 Ἀσθενεῖ
2695 1112 2778 1158 τις
2808 1096 2867 1147 ἐν
2905 1094 3074 1164 ὕμῖν;
3108 1092 3580 1165 προσκαλεσάσθω
3622 1095 3753 1158 τοὺς

2164 1187 2572 1261 πρεσϐυτέρους
2606 1186 2708 1256 τῆς
2745 1184 3093 1257 Ἐκκλησίας,
3132 1184 3225 1238 καὶ
3254 1183 3750 1256 προσευξάσθωσαν

2166 1282 2251 1333 ἐπ’
2274 1279 2446 1350 αὐτῷ,
2474 1278 2796 1348 ἀλείψαντες
2819 1277 2983 1331 αὑτὸν
3011 1277 3194 1348 ἐλαίῳ,
3222 1279 3281 1330 ἐν
3302 1276 3382 1347 τῷ
3404 1278 3634 1348 ὀνόματι
3658 1278 3751 1331 τοῦ

2165 1374 2371 1445 Κυρίου
2393 1390 2406 1403 ·
2435 1372 2578 1442 καὶὴ
2612 1371 2745 1442 εὐχὴ
2767 1371 2867 1442 τῆς
2892 1372 3130 1435 πίστεως
3146 1369 3311 1424 σώσει
3328 1370 3419 1423 τὸν
3451 1371 3748 1441 κάμνοντα,

2164 1468 2259 1521 καὶ
2298 1467 2485 1537 ἐγερεῖ
2513 1464 2671 1518 αὐτὸν
2696 1465 2725 1517 ὁ
2767 1463 2988 1534 Κύριος,
3018 1461 3122 1516 κᾶν
3147 1461 3424 1534 ἁμαρτίας
3516 1480 3749 1535 πεποιη-

2162 1559 2295 1623 κὼς,
2325 1556 2654 1628 ἀφεθήσεται
2675 1555 2840 1623 αύτῷ.
2885 1574 2902 1606 ι

2234 1653 2443 1706 ΠΑΛΛ.
2471 1650 2844 1705 Οἰωνοσκοπία
2872 1649 2935 1720 δὴ
2960 1645 3073 1712 οὖν,
3100 1649 3193 1703 καὶ
3219 1649 3318 1721 μὲν
3343 1667 3423 1702 τοι
3448 1650 3546 1702 καί
3570 1647 3753 1719 ἐπῳδὴ

476 1746 611 1800 tatio
632 1753 1021 1810 numerentur,
1046 1744 1091 1799 si
1117 1745 1318 1814 placet,
1341 1743 1486 1796 inter
1508 1757 1594 1805 ea,
1618 1754 1740 1810 quae
1768 1740 1888 1809 lege
1909 1737 2062 1793 dam-

2174 1744 2543 1816 συντετάχθω,
2577 1744 2625 1796 εί
2645 1744 2811 1808 δοκεῖ,
2841 1745 2954 1806 τοῖς
2984 1744 3047 1795 ἐκ
3085 1743 3254 1814 νόμου
3282 1741 3752 1813 διαϐεϐλημένοις,

474 1849 694 1907 nantur,
723 1849 780 1896 et
824 1856 946 1911 quae
986 1856 1015 1894 a
1054 1840 1166 1895 Deo
1198 1839 1513 1909 turpissima
1558 1846 1614 1891 et
1642 1836 1876 1891 maxime
1899 1851 2054 1891 exse-

474 1928 677 1983 cranda
703 1928 1043 1999 judicantur.

544 2019 700 2075 CYR.
742 2020 973 2075 Maxime
1009 2035 1160 2094 vero.
1199 2020 1336 2075 illud
1376 2021 1542 2076 etiam
1578 2020 1910 2085 addiderim,
1936 2019 2060 2074 aliis

475 2128 693 2183 quoque
741 2111 920 2167 modis
966 2113 1021 2167 in
1077 2114 1249 2168 Deum
1298 2113 1594 2184 injuriosos
1633 2128 1754 2169 esse
1794 2128 1976 2183 posse,
2003 2119 2060 2166 et

475 2219 587 2259 sure
626 2219 903 2275 quemque
955 2220 1085 2276 erga
1117 2220 1243 2260 cum
1283 2205 1585 2276 impietatis
1630 2219 1783 2260 reum
1832 2203 1970 2268 fore,
2000 2218 2063 2257 ac

475 2308 665 2360 pinnas
692 2293 975 2360 daturum,
1009 2294 1056 2349 si
1089 2297 1347 2367 perjurus
1373 2296 1502 2362 erit,
1544 2302 1639 2351 aut
1678 2295 2060 2366 blasphemum

474 2385 695 2456 aliquod
756 2386 1026 2452 verbum,
1092 2396 1150 2442 et
1205 2388 1510 2443 absurdum
1556 2388 1624 2443 de
1652 2389 1745 2442 illa
1805 2402 2063 2458 suprema

478 2479 1035 2549 praestantissimaque
1075 2478 1247 2549 gloria
1286 2479 1507 2534 dixerit.
1549 2480 1686 2534 Illud
1721 2480 1868 2534 enim
1907 2479 2064 2549 prius

477 2571 557 2625 ira
591 2587 824 2636 summa,
857 2572 1287 2642 gravissimaque
1325 2588 1487 2642 pmna
1526 2572 1858 2639 vindicatur,
1903 2573 2061 2637 falce,

476 2673 539 2718 ut
563 2662 829 2734 scriptum
881 2672 985 2728 est,
1039 2672 1400 2721 consumente
1454 2666 1664 2738 perjuri
1716 2666 1962 2733 domum,
2009 2678 2066 2724 et

476 2755 729 2811 inliditus
763 2762 1044 2811 erertcnte
1083 2773 1096 2809 :
1132 2775 1149 2807 ι
1183 2756 1526 2827 lngredietur
1569 2757 1738 2823 enim,
1774 2758 1970 2829 inquit,
2008 2758 2065 2814 in

477 2850 704 2904 domum
736 2848 894 2915 furis,
918 2849 1055 2904 etin
1076 2848 1300 2904 domum
1330 2849 1573 2920 iurantis
1596 2850 1652 2904 in
1689 2851 1911 2907 nomine
1943 2868 2065 2907 meo

480 2942 842 3008 mendaciter,
867 2949 925 2997 et
958 2943 1273 3014 requiescet
1304 2942 1360 2997 in
1399 2943 1586 2998 medio
1609 2943 1808 2998 domus
1832 2946 1974 3016 ejus,
2010 2955 2065 3000 et

2156 1840 2253 1894 καὶ⁸
2291 1842 2405 1903 τοῖς
2453 1840 2510 1891 ἐν
2559 1837 2816 1908 αἰσχίστῃ
2867 1838 2960 1890 καὶ
3011 1835 3393 1907 βδελυρωτάτῃ
3427 1834 3557 1906 δόξῃ
3603 1833 3755 1905 παρὰ

2156 1931 2298 2002 Θεῷ.

2232 2026 2398 2080 ΚΥΡ.
2441 2025 2553 2080 Καὶ
2586 2023 2728 2095 μάλα
2753 2065 2768 2088 ,
2816 2021 3112 2093 προσθείην
3143 2020 3190 2074 δ’
3228 2019 3314 2083 ἂν,
3361 2021 3444 2073 ὅτι
3486 2022 3584 2074 καὶ
3625 2013 3754 2073 καθ’

2161 2119 2377 2190 ἐτέρους
2409 2116 2500 2170 τὸν
2524 2116 2654 2170 Θεὸν
2680 2116 2973 2187 ὑϐριοῦμεν
3000 2116 3256 2182 τρόπους.
3285 2116 3381 2169 καὶ
3407 2115 3505 2184 τῆς
3533 2115 3614 2176 εἰς
3645 2112 3751 2166 αὖ·

2161 2211 2251 2264 τὸν
2286 2209 2606 2273 δυσσεϐείας
2632 2207 2785 2277 ὄφλοι
2822 2225 2905 2271 τις
2948 2207 3013 2262 ἂν
3041 2208 3260 2280 γραφήν
3296 2224 3356 2260 τε
3406 2207 3501 2260 καὶ
3536 2202 3749 2273 λόγους,

2160 2305 2221 2359 τὸ
2252 2304 2567 2375 ψευδορκεῖν
2596 2301 2903 2374 ᾑρημένος,
2932 2300 3027 2355 καλ.
3051 2301 3112 2354 τδ
3145 2299 3507 2373 παλίμφημόν
3532 2317 3607 2363 τι,
3654 2297 3755 2352 καὶ

2161 2395 2374 2467 ἀπηχὲς
2413 2396 2588 2448 εἰπεῖν
2616 2394 2761 2448 κατά
2798 2411 2861 2463 γε
2892 2395 2989 2465 τῆς
3023 2394 3336 2466 ὑπερτάτης
3368 2393 3463 2447 καὶ
3492 2394 3755 2447 ἀνωτάτω

2162 2486 2340 2559 δόξης.
2381 2488 2454 2540 Τὸ
2485 2487 2582 2557 μὲν
2621 2485 2730 2559 γὰρ
2765 2485 3053 2550 κολάζεται
3084 2489 3151 2559 τῇ
3186 2487 3419 2541 εἰσάπαν
3456 2487 3620 2558 ὀργῇ,
3660 2486 3757 2538 καὶ

2163 2581 2378 2652 ἀσχέτῳ
2406 2582 2587 2651 ποινῇ,
2614 2559 3003 2643 συντελοῦντος
3039 2578 3133 2633 τοῦ
3161 2579 3453 2651 δρεπάνου,
3483 2577 3629 2633 καθὰ
3657 2577 3754 2646 γέ-

2165 2691 2446 2747 γραπται,
2481 2674 2579 2746 τὴν
2608 2673 2704 2729 τοῦ
2737 2671 3165 2747 ψευδορκοῦντος
3202 2672 3387 2727 ἑστίαν
3407 2714 3422 2739 ,
3458 2672 3553 2726 καὶ
3578 2688 3754 2725 κατα-

2167 2765 2407 2829 σείοντος
2435 2765 2514 2828 είς
2534 2764 2595 2818 τὸ
2618 2764 2910 2828 παντελές·
2946 2784 2965 2816 ι
3000 2764 3382 2817 Είσελεύσεται
3405 2761 3534 2834 γὰρ,
3564 2762 3752 2832 φησιν,

2166 2859 2247 2922 είς
2293 2858 2384 2913 τὸν
2418 2853 2566 2912 οἷκον
2607 2857 2702 2911 τοῦ
2743 2857 2979 2911 κλέπτου
3003 2899 3018 2924 ,
3062 2855 3157 2911 καὶ
3204 2857 3285 2921 εἰς
3331 2856 3422 2909 τδν
3464 2848 3615 2908 οἷκον
3658 2853 3758 2907 τοῦ

2167 2952 2462 3022 ὀμνύοντος
2486 2949 2565 3021 τῷ
2596 2951 2819 3021 ὀνόματί
2853 2967 2953 3020 μου
2985 2950 3078 3004 ἐπὶ
3103 2949 3307 3020 ψεύδει,
3338 2947 3431 3002 καὶ
3462 2945 3761 3002 καταλύσει

480 3043 769 3090 consumet
805 3050 950 3101 eam,
998 3043 1055 3090 et
1094 3034 1241 3105 ligna
1280 3034 1422 3105 ejus,
1460 3042 1516 3089 et
1543 3034 1754 3105 lapides
1774 3036 1895 3106 ejus
1923 3036 2003 3088 ³²;
2041 3055 2058 3087 ι

2174 3046 2227 3098 ἐν
2264 3045 2415 3116 μέσῳ
2436 3043 2529 3097 τοῦ
2559 3044 2708 3096 οῐκου
2745 3040 2934 3107 αὐτοῦ,
2966 3042 3063 3096 καὶ
3097 3039 3405 3095 συντελέσει
3435 3038 3598 3092 αὑτὸν
3616 3079 3633 3103 ,
3660 3039 3761 3089 καὶ

482 3127 621 3182 illud
637 3142 767 3182 vero
789 3127 1024 3185 alterum
1054 3138 1232 3183 morte
1255 3143 1321 3183 ac
1341 3142 1603 3199 supremo
1627 3128 1899 3198 supplicio
1921 3129 2065 3183 mul-

484 3229 648 3275 tatur.
678 3217 797 3276 Non
823 3221 1007 3290 itaque
1028 3220 1086 3274 in
1112 3235 1171 3276 re
1194 3218 1329 3276 falsa
1344 3219 1677 3291 jurandum;
1704 3220 1815 3275 imo
1841 3235 1973 3275 vero
2000 3236 2069 3274 ne

478 3313 773 3385 jtn'andum
802 3313 1026 3385 quidem
1053 3312 1278 3369 omnino
1302 3329 1316 3365 :
1342 3312 1396 3367 id
1432 3312 1581 3367 enim
1607 3311 1796 3367 docuit
1819 3327 1922 3368 nos
1948 3311 2069 3367 Sal-

483 3420 658 3475 vator,
684 3426 810 3466 cum
836 3409 1004 3477 dixit;
1035 3409 1147 3465 «Sit
1166 3417 1352 3464 autem
1376 3424 1561 3464 sermo
1584 3418 1789 3473 vester,
1811 3407 1929 3471 Est,
1954 3415 2066 3470 cst;

482 3512 540 3560 et
578 3502 719 3569 Non,
746 3517 858 3557 non
889 3520 903 3556 :
929 3501 1078 3572 quod
1130 3509 1315 3556 autem
1371 3500 1459 3556 his
1484 3500 1858 3555 abundantius
1908 3506 2011 3561 est,
2041 3514 2071 3553 a

485 3596 704 3650 diabolo
726 3602 813 3650 est
851 3594 917 3648 ³³.
951 3614 969 3645 ι
1008 3594 1199 3664 Neque
1235 3594 1406 3658 enim,
1437 3593 1530 3663 qui
1554 3609 1748 3663 graves
1773 3593 2068 3655 habentur,

484 3696 541 3743 et
567 3688 831 3741 virtutem
863 3684 969 3740 sibi
1004 3685 1160 3753 quasi
1190 3684 1642 3739 contubernalem
1692 3684 1962 3747 fecerunt,
2006 3684 2074 3738 iis

487 3778 714 3833 omnino
739 3775 1103 3848 jurisjurandi
1127 3776 1273 3831 ullus
1296 3776 1403 3829 erit
1437 3791 1570 3830 usus
1596 3791 1609 3827 :
1641 3791 1769 3829 nam
1804 3776 2073 3847 ejusmodi

488 3871 775 3927 hominum
808 3871 920 3925 vita
965 3868 1109 3940 apud
1149 3869 1371 3939 pietatis
1395 3877 1669 3924 amatores
1710 3877 1856 3924 certe
1879 3884 2075 3939 magno

492 3965 547 4018 in
568 3962 750 4033 pretio
774 3970 878 4026 est,
915 3978 1095 4032 neque
1133 3962 1211 4017 illi
1237 3961 1375 4017 tldes
1409 3976 1517 4015 non
1545 3961 1739 4016 haberi
1775 3962 1951 4027 solet;
1989 3978 2071 4023 ac,

492 4054 536 4109 si
560 4052 693 4125 quid
720 4054 845 4109 talis
871 4053 956 4108 vir
974 4052 1113 4109 forte
1152 4053 1378 4117 dixerit,
1408 4052 1556 4107 illico
1592 4052 1697 4107 lide
1731 4053 2073 4108 audientium

489 4146 783 4217 excipitur.
807 4144 892 4201 Sit
917 4146 1082 4218 igitur
1103 4146 1230 4201 vitae
1253 4154 1456 4202 nostrae
1489 4145 1630 4200 ratio
1663 4145 1945 4215 pmclara,
1977 4162 2076 4200 ne-

491 4256 599 4310 que
648 4240 795 4295 ullus
813 4240 923 4295 erit
962 4238 1247 4310 profecto,
1284 4245 1347 4292 ut
1386 4253 1487 4310 ego
1538 4237 1813 4302 arbitror,
1854 4236 2075 4309 jurandi

492 4347 642 4386 usus.
672 4329 768 4386 Sin
792 4346 932 4401 opus
951 4330 1059 4385 erit
1080 4328 1399 4399 aliquando,
1429 4327 1577 4398 quod
1600 4328 1890 4391 honorem,
1912 4342 2075 4397 quem

2169 3135 2236 3187 τὰ
2267 3131 2399 3197 ξύλα
2425 3131 2615 3198 αὐτοῦ,
2647 3132 2740 3185 καὶ
2767 3132 2895 3195 τοὺς
2934 3130 3117 3194 λίθους
3150 3128 3338 3185 αὐτοῦ.
3374 3148 3393 3179 ι
3433 3127 3671 3200 Θὰτερόν
3694 3144 3761 3196 γε

2173 3226 2301 3296 μὴν,
2350 3225 2410 3279 τὸ
2455 3225 2776 3280 ἐκτεθνάναι
2815 3225 2927 3277 δεῖν
2950 3266 2964 3289 ,
3012 3222 3108 3279 καὶ
3141 3222 3204 3276 rb
3241 3222 3461 3276 πάντων
3498 3220 3759 3275 ἐπέκεινα

2168 3320 2278 3373 τῶν
2304 3318 2490 3373 κακῶν
2520 3318 2665 3390 ἔχειν
2698 3317 2798 3388 τὴν
2827 3316 3007 3389 δίκην.
3053 3314 3175 3387 Χρὴ
3205 3312 3498 3386 τοιγαροῦν
3526 3311 3761 3384 ὀμνύναι

2174 3413 2249 3484 μὴ
2282 3413 2378 3466 ἐπὶ
2418 3412 2637 3483 ψεύδει·
2677 3411 2881 3482 μᾶλλον
2912 3410 2969 3465 δὲ
3004 3409 3127 3481 μηδ’
3157 3408 3294 3471 ὅλως
3321 3405 3570 3478 ὀμνύναι.
3597 3404 3763 3458 Τουτὶ

2170 3502 2280 3573 γὰρ
2305 3504 2453 3575 ἡμᾶς
2483 3501 2720 3567 ἐδίδαξεν
2752 3503 2780 3554 ὀ
2813 3499 3023 3573 Σωτὴρ,
3053 3499 3263 3568 λέγων’
3301 3516 3320 3547 ι
3364 3496 3551 3550 Ἔστω
3582 3495 3762 3566 ὑμῶν,

2170 3596 2233 3649 τὸ
2258 3595 2386 3662 Ναὶ,
2414 3594 2500 3649 ναὶ
2516 3594 2651 3659 ,καὶ
2674 3593 2734 3647 rb
2755 3591 2854 3658 Οὒ,
2882 3591 2964 3646 οὖ-
3000 3590 3061 3646 τὸ
3089 3591 3145 3644 δέ
3170 3588 3422 3663 περισσὸν
3446 3588 3674 3652 τούτων,
3697 3589 3767 3643 ἐκ

2173 3689 2268 3744 τοῦ
2283 3689 2530 3744 διαϐόλου
2548 3687 2716 3742 ἐστίν.
2740 3689 2992 3760 »σ”Ορκου
3012 3686 3120 3758 γὰρ
3142 3685 3279 3750 ὅλως
3298 3684 3399 3738 οὐκ
3422 3682 3579 3738 ἔσται
3605 3682 3768 3754 χρεία

2173 3785 2287 3846 τοῖς
2309 3783 2365 3835 ἐν
2390 3780 2658 3851 ὑπολήψει
2680 3780 3032 3852 σεμνότητος,
3060 3780 3154 3833 καὶ
3180 3778 3423 3833 σύνοικον
3448 3775 3642 3850 ὦσπρ
3668 3792 3769 3829 πε·-

2177 3873 2494 3945 ποιημένοις
2522 3871 2621 3943 τὴν
2658 3871 2894 3942 ἀρετήν·
2946 3870 3302 3941 ὲκτετίμηται
3328 3869 3438 3938 γὰρ
3467 3868 3591 3921 λίαν
3614 3866 3769 3938 παρὰ

2176 3970 2289 4030 τοῖς
2321 3964 2607 4028 εὐσεϐείας
2634 3965 2896 4036 ἐρασταῖς
2927 3962 3035 4015 τῶν
3062 3961 3321 4015 τοιούτων
3343 3962 3372 4013 ὀ
3411 3960 3550 4030 βίος,
3582 3960 3682 4013 καὶ
3704 3959 3770 4012 τὸ

2178 4055 2527 4111 ἀπιστεῖσθαι
2572 4057 2753 4128 μισεῖν
2780 4072 2794 4085 ·
2822 4054 2929 4108 κᾶν
2957 4056 3010 4108 εἴ
3045 4071 3096 4108 τι
3142 4052 3433 4124 φθέγγοιτο
3461 4051 3624 4123 τυχὸν
3646 4093 3662 4115 ,
3697 4054 3768 4122 τῇ

2181 4150 2293 4203 τῶν
2331 4148 2700 4221 ἀκροωμένων
2743 4147 2906 4210 εὐθὺς
2934 4143 3292 4216 στεφανοῦται
3336 4146 3538 4198 πίστει.
3583 4145 3773 4198 Ἔστω

2181 4239 2473 4314 τοιγαροῦν
2497 4240 2657 4314 ήμῶν
2697 4241 2928 4312 εὐκλεὴς
2954 4243 2983 4294 ὀ
3006 4233 3262 4311 βίος,⁴’καὶ
3285 4238 3520 4308 ἀργήσει
3544 4237 3770 4299 πάντως

2182 4352 2307 4399 που,
2339 4333 2592 4406 καθάπερ
2631 4327 2866 4404 ἐγῷμαι,
2898 4333 2994 4387 καὶ
3033 4334 3066 4402 ἡ
3101 4330 3196 4384 τοῦ
3224 4326 3542 4399 διόμνυσθαι
3581 4327 3768 4397 χρεία.

491 4422 695 4478 sanctis
715 4422 854 4478 viris
876 4422 1068 4477 haberi
1090 4421 1369 4486 convenit,
1388 4421 1637 4475 nonnulli
1660 4419 1935 4474 interdum
1953 4434 2068 4489 par-

2182 4427 2244 4479 Ei
2267 4426 2322 4478 δὲ
2342 4425 2405 4496 δή
2433 4443 2533 4479 που
2557 4424 2789 4494 γένοιτο,
2818 4422 3035 4493 καὶτῆς
3063 4423 3144 4485 εἰς
3175 4419 3362 4489 ἁγίους
3384 4418 3549 4489 τιμῆς
3571 4417 3773 4485 ὀλιγω-

491 4516 812 4588 ripendant,
842 4516 990 4570 Deus
1031 4515 1185 4569 testis
1205 4514 1273 4569 ad
1308 4512 1691 4585 jusjurandum
1715 4511 2072 4575 adhibeatur;

490 4623 671 4679 neque
701 4607 936 4663 ullarum
973 4605 1207 4660 aliarum
1236 4620 1423 4660 rerum
1456 4619 1658 4660 nomen
1684 4603 1966 4659 afferatur.
1990 4602 2078 4655 ln-

492 4700 834 4756 eonsiderate
855 4714 1094 4769 namque
1110 4698 1221 4768 jam
1254 4694 1582 4751 nonnulliad
1603 4694 1788 4750 futiles
1808 4694 2079 4751 vanitates

492 4799 747 4863 pergunt,
783 4789 1033 4860 nihilque
1071 4788 1279 4844 referre
1304 4787 1535 4859 ﬁngunt,
1564 4802 1688 4842 cum
1722 4801 1823 4856 per
1854 4785 2076 4847 malum,

494 4900 592 4954 per
615 4883 913 4954 justitiam,
948 4897 1047 4953 per
1084 4880 1393 4936 Adrastiam
1440 4879 1662 4942 dicant,
1712 4894 1811 4949 per
1847 4879 2027 4932 lucem
2058 4918 2072 4942 ,

496 4988 590 5042 per
618 4972 925 5027 lucernam.
962 4970 1106 5037 Quin
1151 4970 1317 5025 etiam
1350 4970 1456 5023 alia
1490 4968 1741 5039 quaedam
1777 4982 1878 5021 suo
1922 4966 2074 5021 arbi-

498 5070 644 5117 tratu
693 5062 1034 5132 colligentes,
1068 5061 1316 5118 fortassis
1352 5062 1520 5115 etiam
1545 5060 1635 5129 pie
1669 5074 1727 5113 se
1759 5057 1938 5112 facere
1971 5072 2075 5127 pu-

499 5161 638 5219 tant,
671 5168 799 5209 cum
848 5154 948 5209 Dei
1000 5170 1204 5210 nomen
1251 5153 1528 5224 rejiciant,
1562 5159 1619 5205 et
1662 5164 1747 5213 ea,
1783 5165 1905 5218 quae
1932 5149 2082 5203 illius

496 5257 657 5312 nutu,
680 5254 743 5302 ut
771 5255 977 5313 essent,
1011 5256 1206 5303 vocata
1245 5253 1394 5309 sunt,
1428 5242 1621 5314 gloria,
1659 5257 1783 5311 qum.
1808 5242 1920 5296 Deo
1948 5257 2083 5295 con-

498 5342 679 5408 venit,
716 5349 1007 5396 exornent.
1043 5336 1371 5411 }lujusmodi
1416 5336 1652 5406 quodam
1692 5350 1885 5390 errore
1927 5334 2083 5389 labo-

2184 4518 2421 4589 ρούντων
2463 4516 2575 4568 ἔσθ’
2623 4516 2713 4568 ὅτε
2758 4515 2943 4579 τινῶν,
2986 4513 3170 4585 ὅρκιος
3210 4511 3351 4565 ἔστω
3391 4509 3541 4573 Θεὸς,
3583 4508 3659 4579 μὴ
3709 4507 3774 4559 τὸ

2181 4610 2385 4681 ἐτέρων
2415 4607 2587 4678 ὅνομα
2612 4604 3075 4676 παρακομιζέσθω
3096 4602 3276 4657 τινῶν.
3318 4594 3772 4669 Ἀπερισκέπτως

2183 4699 2291 4770 γὰρ
2331 4699 2431 4769 ἤδη
2471 4697 2618 4760 τινές
2641 4697 2722 4758 είς
2754 4695 3016 4758 ἐκλύτους
3058 4692 3228 4755 ίόντες
3258 4687 3563 4759 ἐξιτηλίας,
3608 4684 3774 4738 ἀδια-

2185 4794 2374 4864 φορεῖν
2402 4788 2839 4844 ύποπλάττονται
2858 4829 2873 4853 ,
2905 4787 2971 4859 νὴ
3001 4787 3093 4842 τὸν
3120 4782 3370 4856 οὐρανὸν,
3401 4781 3435 4852 ἣ
3462 4779 3562 4849 τὴν
3584 4776 3775 4848 δίκην,

2182 4884 2248 4955 νὴ
2269 4883 2367 4954 τὴν
2407 4878 2756 4951 ⁴Αδράστειαν
2786 4880 3057 4949 λέγοντες,
3098 4877 3165 4948 νὴ
3193 4875 3253 4929 τὸ
3286 4874 3423 4945 φῶς,
3459 4872 3524 4942 νὴ
3550 4869 3639 4923 τὸν
3668 4868 3776 4922 λύ-

2182 4992 2328 5048 χνον.
2365 4975 2571 5044 Ἕτερά
2592 4991 2651 5027 τε
2676 4973 2809 5026 ἄττα
2835 4970 2976 5026 κατὰ
2999 4969 3061 5024 τὸ
3093 4967 3244 5038 σφίσι
3269 4963 3460 5019 δοκοῦν
3482 4960 3777 5028 συλλέγον-

2182 5079 2302 5126 τες,
2348 5061 2489 5132 τάχα
2536 5078 2638 5114 που
2680 5062 2775 5115 καὶ
2817 5059 3061 5114 εὐσεϐεῖν
3111 5057 3336 5120 οἴονται,
3375 5052 3437 5105 τὸ
3488 5049 3587 5121 μὲν
3625 5048 3782 5103 θεῖον

2181 5154 2355 5225 ὄνομα
2392 5153 2832 5225 παρωθούμενοι,
2861 5154 2928 5223 τῇ
2953 5151 3010 5205 δὲ
3035 5147 3322 5221 πρεπούσῃ
3351 5142 3471 5214 Θεῷ
3495 5133 3799 5212 καταχρυ-’

2186 5245 2406 5310 σοῢντες
2439 5246 2569 5319 δόξῃ
2596 5245 2665 5300 τὰ
2688 5247 2801 5310 τοῖς
2829 5244 2994 5299 αὑτοῦ
3025 5242 3257 5312 νεύμασι
3286 5237 3602 5308 κεκλημένα
3633 5235 3782 5305 πρὸς

2184 5340 2418 5408 γένεσιν.
2454 5338 2727 5409 Τοιαύτην
2752 5336 2878 5393 τινὰ
2911 5336 3176 5407 πλάνησιν
3203 5330 3604 5403 ἡῤῥωστηκότα
3630 5328 3784 5383 κατὰ

500 5448 649 5489 rasse
678 5432 954 5488 interdum
977 5432 1234 5487 lsraelem
1270 5429 1630 5500 reperiemus.
1655 5427 1788 5483 Nam
1818 5427 2068 5496 templuu'

2186 5431 2412 5501 καιροὺς
2466 5429 2557 5483 τὸν
2624 5427 2841 5501 Ἰσραὴλ
2897 5427 3224 5498 εὑρήσομεν.
3289 5415 3780 5493 Ὁμολογουμένως

500 5524 658 5593 ἱῖιιιὰ,
698 5524 847 5595 quod
896 5524 1292 5596 Hierosolymis
1324 5522 1665 5584 habebatur,
1708 5519 2068 5589 proculdubir

2187 5523 2291 5596 γὰρ
2327 5523 2404 5594 τῷ
2439 5523 2557 5594 Θεῷ
2599 5522 2688 5576 τὸν
2728 5523 2784 5574 ἐν
2826 5524 2937 5583 τοῖς
2983 5517 3375 5590 Ἰεροσολύμοις
3416 5514 3785 5586 ἀνεδείμαντο

572 5707 611 5739 ³³
646 5704 837 5764 Iacob.
875 5722 925 5769 γ,
967 5704 1051 5767 lt,
1091 5703 1170 5759 13.

1240 5706 1280 5733 3:
1310 5704 1473 5758 zmth.
1506 5722 1557 5767 γ’
1592 5705 1642 5757 5,
1724 5706 1765 5737 ³³
1797 5705 1985 5759 Matth.
2011 5721 2062 5769 γ,
2087 5705 2177 5761 37..
