3966 6298
194 248 289 305 67.5

920 244 1008 301 DE
1048 245 1492 305 ADORATIONE
1530 252 1601 308 IN
1643 252 1917 310 SPIRITU
1956 254 2046 309 ET
2084 251 2449 308 VERITATE.
2489 255 2616 308 LIB.
2662 254 2746 310 Vl.

3336 258 3442 316 4⁸11

191 369 327 426 ναιιν,
361 363 453 416 καὶ
487 362 575 416 ἐπ’
609 361 760 435 αὐτῷ
799 362 862 435 δὴ
896 365 1072 436 τούτῳ
1102 366 1428 438 φρονοῦντες
1459 366 1633 436 μέγα,
1668 368 1746 418 κα¹

1872 366 1925 421 in
1952 368 2218 425 honorem
2256 371 2351 426 Dei
2392 378 2797 438 exstruxerant,
2817 382 2874 428 et
2899 389 3022 429 cum
3067 373 3140 430 ob
3173 389 3296 431 eam
3322 392 3441 432 rem

190 458 288 511 τῶν
312 456 390 518 εἷς
434 453 720 507 εὐσέϐειαν
762 453 1098 526 αὐχημάτων
1142 456 1273 510 εἴσω
1302 455 1555 525 γενέσθαι
1594 473 1755 509 πεπι-

196 546 485 611 στευκότες,
531 545 625 599 καὶ
677 545 1113 620 ἀξιολογωτάτην
1153 546 1212 603 εὖ
1264 548 1411 619 μάλα
1450 549 1551 619 τὴν
1598 550 1755 614 δόξαν

193 638 320 691 ἑλεῖν
342 636 450 689 τῶν
483 636 634 706 σφίσι
654 636 1060 708 διηγγελμένων
1088 637 1176 692 διὰ
1202 638 1299 692 τοῦ
1320 638 1596 706 πανσόφου
1622 639 1754 691 Μωσ-

193 746 317 793 σεως
357 728 516 798 ὀλίγα
544 729 928 801 φροντίσαντες
955 731 1410 803 ἀπεριμερίμνως
1435 731 1717 802 ἡλίσκοντο
1738 747 1752 763 ο

191 823 293 876 ἀλλ’
321 824 401 876 ὅτι
432 822 494 876 τό
521 823 714 895 χρῆμα
735 823 917 887 αὐτοῖς
945 824 1004 877 οὐ
1037 825 1174 896 πρὸς
1201 823 1451 879 εὔκλειαν
1480 824 1633 878 ἔσται
1657 843 1754 878 πο-

190 916 291 978 θὲν,
310 914 400 968 καὶ
425 915 686 983 γὰννυται
712 913 767 967 δὲ
800 916 921 986 οὐχὶ
948 918 1068 979 ταῖς
1093 918 1158 970 ὲκ
1186 916 1349 971 λίθων
1371 918 1703 989 οἰκοδομίαις
1728 921 1757 973 ὁ

187 1008 326 1072 Θεὸς,
365 1007 611 1062 ἐδίδασκε
635 1007 811 1076 λέγων
830 1024 843 1037 ·
880 1028 899 1061 ι
946 1008 1006 1062 Ὁ
1032 1009 1261 1082 οὐρανός
1285 1028 1376 1081 μοι
1401 1011 1607 1081 θρόνος,
1637 1013 1672 1082 ὴ
1696 1012 1753 1065 δὲ

188 1105 249 1172 γῆ
281 1101 568 1155 ὑποπόδιον
604 1100 709 1154 τῶν
742 1101 920 1155 ποδῶν
955 1119 1076 1173 μου.
1105 1104 1263 1156 Ποῖον
1292 1099 1440 1158 οἷκον
1472 1103 1752 1176 οἰκοδομή-

187 1194 297 1246 σετέ
324 1210 449 1263 μοι;
486 1194 518 1264 ἢ
549 1193 632 1257 τίς
654 1194 818 1256 τόπος
855 1194 953 1264 τῆς
993 1194 1393 1260 καταπαύσεώς
1431 1213 1565 1268 μου;
1601 1196 1750 1264 λέγει

186 1283 395 1350 Κύριος.
432 1304 450 1334 ι
504 1284 841 1357 Ἐμπίπλησι
884 1287 995 1357 γὰρ
1043 1287 1111 1340 τὰ
1137 1289 1315 1342 πάντα
1355 1287 1509 1353 θεὸς,
1536 1288 1630 1342 καὶ
1654 1291 1751 1342 έπ-

185 1377 509 1431 αναπαῦεται
536 1379 636 1447 μὲν
663 1379 895 1450 οὐρανῷ,
921 1379 1167 1450 διήκειδὲ
1184 1382 1277 1434 καὶ
1298 1382 1391 1433 ἐπὶ
1407 1383 1505 1452 τῆς
1538 1382 1661 1451 γῆς’
1688 1382 1748 1435 οὐ

184 1470 284 1539 γὰρ
324 1472 379 1522 ὲν
419 1469 568 1541 ποσῷ
594 1470 655 1525 τὸ
696 1470 860 1536 θεῖον,
907 1471 1024 1523 ἀλλ’
1061 1469 1251 1541 ὥσπερ
1284 1472 1430 1525 ἐστὶν
1475 1472 1751 1526 ἀπωτάτω

185 1563 474 1630 φαντασίας
507 1565 848 1636 σωματικῆς,
886 1563 1029 1618 οῦτω
1069 1566 1166 1619 καὶ
1192 1565 1363 1619 τόπου
1395 1565 1490 1618 καὶ
1528 1565 1623 1618 τοῦ
1653 1581 1750 1618 πε-

182 1658 450 1711 ποσῶσθαι
474 1659 670 1714 δοκεῖν.
714 1657 932 1731 Ἐπειδὴ
958 1658 1015 1712 δὲ
1043 1657 1192 1725 ἅπαξ
1231 1658 1471 1713 Ἰουδαῖοι
1497 1658 1748 1726 λέγοντος

1856 469 2040 515 essent
2062 461 2212 527 elati,
2248 464 2408 534 213
2437 480 2501 519 ac
2534 464 2755 535 pietatis
2791 474 3115 522 ornamenta
3151 482 3210 522 se
3242 483 3442 524 conse—

1856 559 2015 605 cutos
2036 567 2178 618 esse,
2225 562 2283 607 et
2320 555 2585 624 insignem
2615 555 2846 626 gloriam
2890 558 3205 628 percepisse
3246 561 3440 617 crede-

1855 651 1999 709 rent,
2028 660 2150 714 quae
2172 645 2281 701 illis
2320 662 2349 701 a
2374 647 2777 717 sapientissimo
2801 649 2925 703 viro
2954 649 3136 721 Moyse
3168 661 3443 723 praecepta

1855 744 2034 801 erant,
2066 736 2133 792 de
2166 738 2234 792 iis
2271 754 2385 809 prae
2423 739 2636 794 incuria
2664 755 2860 810 parum
2895 740 3174 797 laborasse
3211 745 3440 800 convin-

1855 825 2154 894 cebantur;
2196 828 2292 883 sed
2325 844 2445 883 eam
2480 845 2596 885 rem
2647 831 2757 886 illis
2798 831 2986 901 gloriae
3027 846 3139 886 non
3174 830 3441 900 futuram,

1853 931 2032 987 neque
2058 932 2117 973 se
2141 918 2388 988 lapidum
2422 921 2895 978 exstruetionibus
2936 922 3223 989 delectari,
3249 922 3445 980 docuit

1852 1008 1997 1064 Deus
2035 1022 2160 1065 cum
2193 1012 2334 1067 dixit
2367 1029 2381 1065 :
2419 1031 2437 1063 ι
2469 1011 2680 1068 leum
2714 1014 2851 1068 mihi
2880 1014 3039 1070 sedes
3069 1022 3174 1081 est,
3204 1022 3262 1070 et
3294 1024 3442 1071 terra

1852 1099 2151 1154 scabellum
2190 1101 2394 1171 pedum
2426 1117 2695 1159 meorum.
2732 1102 2959 1170 Qualem
2997 1104 3223 1176 domum
3264 1104 3441 1161 adiﬁ-

1853 1190 2050 1245 cabitis
2071 1192 2241 1246 mihi?
2266 1194 2349 1248 vel
2383 1194 2508 1264 quis
2541 1195 2698 1249 locus
2718 1194 3082 1266 requietionis
3107 1210 3243 1251 meae
3261 1197 3285 1249 ?
3305 1195 3443 1251 dicit

1852 1280 2197 1335 Dominus".
2221 1302 2237 1333 ι
2274 1282 2637 1353 Impletenim
2669 1284 2853 1338 omnia
2882 1285 3047 1349 Deus,
3063 1299 3125 1339 ac
3142 1284 3443 1355 requiescit

1852 1373 2073 1442 quidem
2111 1373 2167 1428 in
2207 1375 2376 1440 cmlo;
2409 1375 2670 1447 pertingit
2705 1383 2891 1431 autem
2923 1376 3087 1431 etiam
3121 1376 3190 1431 ad
3214 1385 3390 1432 terras
3424 1394 3437 1429 :

1852 1480 2029 1537 neque
2050 1466 2198 1522 enim
2232 1468 2377 1523 mole
2411 1469 2653 1524 cohaeret
2684 1469 2780 1524 Dei
2807 1476 3004 1524 natura
3026 1511 3041 1535 ,
3074 1471 3191 1535 sed,
3226 1478 3289 1525 ut
3318 1471 3442 1526 lon-

1851 1558 2072 1629 gissime
2107 1559 2265 1616 abest
2297 1576 2330 1615 a
2378 1561 2561 1631 specie
2607 1577 2899 1632 corporea,
2934 1562 3015 1617 sic
3046 1562 3212 1617 etiam
3251 1578 3282 1617 a
3314 1562 3439 1617 loco

1852 1655 1909 1704 et
1935 1650 2097 1705 molis
2120 1651 2381 1722 Opinione
2420 1659 2666 1708 remotus
2716 1660 2822 1707 est.
2852 1652 2959 1708 Sed
2990 1653 3162 1708 Judaei
3198 1668 3323 1708 cum
3346 1668 3436 1708 se-

181 1748 385 1819 ηκουον,
427 1751 484 1804 '0
502 1751 732 1823 οὐρανός
758 1768 849 1821 μοι
875 1750 1084 1821 θρόνος,
1107 1752 1140 1821 ἡ
1166 1750 1222 1804 δὲ
1237 1750 1308 1820 γῆ
1329 1749 1616 1804 ὑποπόδιον
1634 1750 1746 1804 τῶν

1852 1741 1957 1795 mel
1980 1741 2136 1795 illum
2170 1741 2357 1797 dicere
2389 1743 2694 1809 audissent,
2721 1744 2921 1798 coelum
2968 1744 3107 1799 mihi
3148 1743 3310 1799 sedes
3328 1751 3434 1807 est,

180 1843 343 1897 ποδῶν
376 1863 499 1914 μου,
521 1845 656 1916 πρὸς
683 1844 892 1908 ἐννοίας
927 1845 1097 1909 ίόντες
1121 1844 1222 1897 οὐκ
1246 1842 1529 1913 ἀσφαλεῖς,
1559 1842 1747 1914 ὅρκιον

178 1934 445 1988 ἐποιοῦντο
479 1936 567 1989 τὸν
592 1936 843 2007 οὐρανὸν,
877 1936 1018 1990 θεῖον
1047 1936 1209 1990 αὐτὸν
1232 1933 1591 2006 ὀνομάζοντες
1621 1934 1747 2007 θρό-

178 2042 271 2087 νον,
303 2026 509 2096 ὁμοίως
541 2026 597 2080 δὲ
628 2027 722 2080 καὶ
749 2027 849 2098 τὴν
874 2026 1000 2096 γῆν,
1030 2027 1105 2091 ὡς
1141 2028 1245 2081 ὑπὸ
1270 2027 1436 2091 πόδας
1457 2026 1595 2081 Θεοῦ
1629 2044 1745 2081 κει-

180 2118 333 2187 μένην
356 2134 370 2148 ⁸
417 2118 511 2171 καὶ
558 2117 663 2189 μὴν
705 2118 800 2171 καὶ
840 2117 938 2189 τὴν
996 2119 1384 2191 Ἰερουσαλὴμ,
1418 2118 1574 2183 πόλις
1613 2119 1741 2193 γὰρ,

178 2212 421 2281 ἔφασκον,
450 2210 567 2265 ἐστὶ
604 2209 698 2264 τοῦ
735 2211 952 2266 πάντων
984 2212 1313 2283 κρατοῦντος
1346 2211 1482 2265 Θεοῦ
1501 2253 1517 2279 ,
1545 2212 1638 2265 καί
1662 2228 1745 2265 τοι

177 2306 271 2360 τῶν
311 2303 684 2377 ἀρχαιοτέρων
739 2304 909 2373 ἁγίων
956 2305 1051 2370 τὸ,
1086 2306 1160 2377 Ζῇ
1198 2304 1400 2377 Κύριος
1424 2343 1439 2369 ,
1482 2306 1541 2358 ὲν
1579 2305 1744 2377 ὅρκου

179 2398 322 2468 χρείᾳ
362 2396 770 2467 πεποιημένων.
825 2395 986 2448 Ἀλλὰ
1012 2394 1110 2466 τὴν
1145 2394 1255 2448 τῶν
1313 2394 1588 2448 Ἰουδαίων
1624 2395 1745 2464 ἠλι-

181 2490 432 2559 θιωτάτην
473 2486 681 2540 ἔννοιαν
710 2486 1195 2557 κατεκιϐδήλευσεν
1226 2488 1254 2540 6
1286 2485 1499 2557 Σωτὴρ,
1535 2485 1610 2557 μὴ
1632 2485 1744 2540 δεῖν

181 2579 510 2650 ἀπόμνυσθαι
550 2578 747 2648 λέγων,
787 2578 924 2649 μήτε
954 2578 1012 2631 ἐν
1049 2560 1128 2648 τῷ
1164 2574 1409 2647 οὐρανῷ,
1440 2577 1520 2630 ὄτι
1555 2575 1744 2648 θρόνος

182 2672 287 2726 ἐστὶ
319 2668 452 2725 Θεοῦ
475 2710 490 2736 ,
537 2670 674 2742 μήτε
703 2671 762 2723 ὲν
791 2672 858 2742 τῇ
902 2671 972 2740 γῇ
994 2710 1009 2735 ,
1032 2670 1114 2722 ὅτι
1156 2667 1447 2723 ὑποπόδιόν
1485 2670 1602 2723 ἐστι
1632 2667 1742 2721 τῶν

181 2764 340 2819 ποδῶν
378 2763 567 2828 αὐτοῦ,
611 2765 745 2835 μήτε
784 2764 864 2826 είς
909 2760 1286 2833 Ἰεροσόλυμα,
1328 2762 1411 2816 ὅτι
1451 2759 1605 2826 πόλις
1645 2758 1740 2814 τοῦ

185 2856 400 2927 μεγάλου
447 2854 711 2927 βασιλέως
754 2853 937 2907 ἐστίν·
977 2851 1014 2907 δι
1056 2853 1168 2924 γὰρ
1208 2854 1408 2906 ἐκεῖνοι
1448 2851 1741 2924 ληροῦντες

180 2944 417 3017 ἔφασκον,
440 2945 615 3001 ταῦτα
639 2944 926 3018 χρησίμως
959 2945 987 2998 6
1011 2944 1205 3015 Σωτὴρ
1249 2942 1569 3014 ἐφθέγξατο,
1603 2959 1741 2997 παν-

1847 1839 1903 1885 et
1936 1838 2082 1885 terra
2108 1830 2406 1885 scabellum
2437 1832 2638 1901 pedum
2665 1849 2936 1899 meorum,
2964 1834 3033 1888 ad
3055 1833 3297 1889 lubricas
3320 1833 3439 1904 opi-

1846 1925 2044 1979 niones
2068 1922 2428 1990 divertcrant,
2457 1932 2515 1979 et
2551 1925 2754 1980 caelum
2780 1926 2847 1980 ad
2867 1927 3252 1997 jusjurandum
3278 1941 3438 1981 assu-

1846 2016 2092 2083 mebant,
2123 2017 2388 2073 thronum
2440 2016 2579 2072 illud
2601 2017 2851 2073 divinum
2877 2018 3238 2088 appellantes,
3268 2018 3437 2084 simili

1846 2123 2067 2179 quoque
2111 2109 2324 2163 ratione
2368 2115 2594 2175 terram,
2626 2109 2783 2179 quasi
2822 2110 2920 2163 Dei
2978 2109 3215 2180 pedibus
3250 2109 3438 2181 subje-

1852 2207 2029 2266 ctam;
2064 2199 2372 2255 Jerusalem
2399 2207 2686 2270 praeterea,
2712 2200 2848 2255 urbs
2875 2200 3023 2255 enim
3060 2208 3165 2265 est,
3192 2199 3437 2265 aiebant,

1845 2292 2106 2350 omnibus
2128 2294 2297 2350 rebus
2326 2294 2666 2351 dominantis
2690 2295 2812 2360 Dei,
2852 2295 3108 2366 quamvis
3145 2295 3319 2350 sancti
3358 2294 3438 2358 illi

1845 2384 2061 2453 priores
2089 2386 2257 2455 verba
2281 2387 2393 2452 illa,
2421 2386 2570 2442 Vivit
2598 2386 2887 2452 Dominus,
2924 2386 2989 2441 ad
3020 2385 3244 2457 jurandi
3276 2400 3439 2440 usum

1845 2476 2432 2546 assumpsissent..Sed
2471 2477 2792 2534 Judaeorum
2820 2478 3203 2534 stultissimam
3226 2476 3439 2548 cogita-
3468 2530 3479 2545 ι

1846 2569 2049 2623 tionem
2084 2569 2418 2639 improbavit
2448 2569 2738 2636 Dominus,
2779 2570 2988 2635 dicens,
3030 2585 3143 2624 non
3179 2574 3440 2639 Oportere

1836 2660 2030 2731 jurare
2048 2675 2231 2730 neque
2262 2677 2363 2732 per
2389 2661 2613 2729 caelum,
2647 2661 2779 2732 quia
2808 2661 2967 2717 sedes
2989 2662 3087 2717 Dei
3109 2673 3229 2729 est;
3253 2674 3441 2731 neque

1844 2768 1946 2824 per
1986 2762 2216 2819 terram,
2255 2754 2386 2825 quia
2409 2755 2711 2810 scabellum
2734 2763 2821 2810 est
2838 2754 3043 2826 pedum
3066 2755 3217 2826 ejus;
3256 2767 3443 2823 neque

1842 2864 1943 2920 per
1967 2847 2424 2920 Hierosolymam,
2458 2849 2589 2919 quia
2628 2848 2825 2903 civitas
2848 2847 3032 2919 magni
3060 2847 3209 2918 regis
3226 2854 3312 2902 est
3342 2846 3388 2878 ³⁸
3422 2866 3439 2903 :

1843 2954 1992 3005 nam,
2026 2955 2150 3010 quae
2178 2938 2256 2993 illi
2282 2946 2555 3010 nugantes
2570 2938 2850 3005 dicebant,
2874 2953 2938 3015 ea
2972 2946 3282 3009 opportune
3315 2936 3439 2994 Sal-

180 3040 303 3113 τοιχῆ
334 3039 753 3104 κατάπλαστον,
795 3037 892 3091 καὶ
926 3037 1026 3090 οὐκ
1064 3031 1160 3089 οἶδ’
1205 3034 1326 3089 ὅθεν
1374 3036 1739 3109 ἐξευρημένον

1852 3041 1997 3089 vator
2023 3033 2363 3097 enuntiavit,
2391 3033 2598 3103 ubique
2625 3031 2937 3099 conﬁctam,
2972 3039 3029 3086 et
3053 3031 3239 3086 nescio
3257 3030 3436 3086 unde-

185 3128 401 3202 ἐλέγχων
431 3128 619 3185 αὐτῶν
646 3128 708 3182 τὸ
737 3127 797 3181 ἐν
813 3144 875 3197 γε
906 3126 1116 3191 τούτοις
1140 3126 1384 3191 εὐλαϐές.
1404 3127 1650 3199 Οίχέσθω
1676 3126 1742 3198 δὴ

181 3215 261 3273 οὖν
292 3221 381 3273 καὶ
425 3221 457 3293 ἡ
489 3217 583 3274 ἐπὶ
624 3218 759 3291 τῷδε
796 3217 1080 3289 πλάνησις.
1132 3216 1503 3289 Δεδιδάγμεθα
1541 3217 1651 3290 γὰρ
1684 3221 1743 3271 ὲν

181 3314 284 3376 ταῖς
302 3315 459 3384 ὅρκου
486 3311 728 3386 χρείαις,
753 3310 981 3383 μηδενὸς
1006 3310 1104 3382 μὲν
1124 3311 1316 3383 ἑτέρου
1338 3308 1743 3381 διαμεμνῆσθαι

182 3405 404 3470 πώποτε,
443 3403 721 3459 ποιεῖσθαι
742 3405 798 3458 δὲ
831 3405 1032 3475 μᾶλλον
1061 3405 1140 3468 είς
1172 3402 1358 3457 πίστιν
1396 3402 1613 3474 ἀσφαλῆ
1649 3402 1743 3455 καὶ

182 3494 453 3566 ἀξιόχρεων
472 3537 487 3560 ,
530 3495 595 3549 τὸ
633 3495 763 3560 Ναὶ,
786 3494 896 3560 ναὶ,
933 3492 1028 3546 καὶ
1053 3492 1113 3545 τδ
1141 3490 1216 3545 Οῦ
1239 3531 1254 3556 ,
1287 3489 1370 3544 οῦ.
1396 3492 1543 3561 Ἔφη
1571 3491 1626 3544 δὲ
1651 3491 1744 3543 καὶ

182 3588 208 3640 ὁ
233 3588 413 3659 νόμος·
458 3609 475 3641 ι
534 3589 599 3641 Ei
633 3587 888 3642 ἀπόλοιτο
924 3584 1365 3659 παρακαταθήκη
1400 3585 1538 3653 πρός
1575 3601 1740 3648 τινος,

184 3679 396 3753 ἑξαιτοίη
424 3681 479 3736 δὲ
508 3682 538 3735 6
569 3679 692 3744 δοὺς
719 3679 817 3752 τὴν
843 3680 936 3733 ἐπὶ
974 3677 1110 3748 τῷδε
1142 3676 1348 3743 πίστιν,
1386 3677 1549 3746 ὅρκος
1591 3675 1743 3729 ἔσται

184 3770 266 3822 τοῦ
291 3770 419 3825 Θεοῦ
444 3771 725 3842 ἀναμέσον
758 3768 1107 3841 ἀμφοτέρων.
1139 3786 1157 3819 ι
1189 3766 1302 3821 Καὶ
1339 3765 1617 3837 ἄνθρωποι
1645 3765 1742 3837 μὲν

186 3863 313 3916 κατά
340 3861 432 3917 τοῦ
465 3862 719 3935 μείζονος
753 3860 1078 3933 ὀμνύουσιν·
1117 3858 1222 3930 ἔφη
1260 3857 1370 3930 γὰρ
1403 3849 1505 3912 ὧδε
1532 3855 1744 3920 Παῦλος

183 3953 299 4022 ἡμῖν
319 3955 345 4007 6
362 3954 521 4024 σοφός
543 3970 558 3984 ο
588 3951 771 4024 μεῖζον
788 3953 844 4005 δὲ
860 3947 1001 4005 εἷναί
1018 3966 1198 4022 φαμεν
1215 3946 1503 4021 ἀνθρώπου
1521 3989 1536 4015 ,
1559 3950 1742 4005 νοοῦν-

186 4059 262 4108 τες
295 4045 482 4118 ὀρθῶς,
525 4046 592 4100 οὐ
619 4044 699 4117 τῷ
749 4044 968 4117 μεγέθει
997 4045 1181 4116 τυχὸν,
1223 4044 1390 4116 ΙΙιγουν
1428 4047 1486 4098 ὲν
1528 4046 1743 4100 συνέσει

187 4137 267 4189 καὶ
294 4141 480 4211 σοφίᾳ,
508 4139 606 4192 καὶ
632 4136 758 4209 δόξῃ
794 4136 1170 4202 πλεονεκτοῦν,
1220 4135 1337 4191 ἀλλ’
1382 4137 1458 4201 ῶς
1499 4136 1561 4191 τὸ
1603 4134 1743 4192 εἶναι

185 4228 379 4292 τοιῶςδε
412 4230 577 4302 τυχὸν
600 4231 752 4300 ἡμῖν.

247 4410 438 4467 ΠΛΛΛ.
467 4415 543 4468 Οὐ
583 4413 810 4483 συνίημι
844 4413 873 4466 ὃ
904 4415 1030 4484 φής.

253 4502 402 4559 ΚΥΡ.
433 4507 546 4560 Καὶ
587 4504 729 4577 μὴν,
764 4499 810 4559 ὧ
848 4505 1145 4571 Παλλάδιε,
1176 4505 1382 4577 σαφὴς,
1417 4505 1494 4569 ὣς
1539 4507 1603 4575 γέ
1653 4524 1743 4578 μοι

187 4594 331 4661 δοκεῖ,
377 4600 468 4652 καὶ
505 4598 744 4677 ἐναργὴς
774 4599 804 4652 6
848 4593 1027 4667 λόγος.
1079 4598 1152 4651 ’Ἡ
1199 4599 1309 4670 γὰρ
1356 4599 1478 4670 οὐχὶ
1524 4599 1745 4669 μεγέθει

187 4689 347 4758 φαμὲν
382 4690 488 4744 τῶν
530 4689 891 4761 ἀνθρωπίνων
939 4689 1208 4759 σωμάτων
1236 4690 1534 4759 διενεγκεῖν
1576 4692 1746 4760 ἀσυγο

186 4775 366 4844 κρίτως
410 4779 581 4834 πολλά
622 4778 734 4835 τῶν
775 4779 1198 4852 πεποιημένων,
1247 4783 1340 4835 καὶ
1386 4782 1609 4852 προσέτι
1653 4784 1745 4837 τὸν

185 4867 391 4940 οὐρανόν
410 4889 425 4938 ;

247 4961 440 5018 ΠΑΛΛ.
468 4962 575 5017 Kal.
606 4964 771 5019 πάνυ.

247 5049 400 5105 ΚΥΡ.
438 5052 663 5108 Συνέσει
694 5054 751 5108 δὲ
784 5056 879 5127 καέι
918 5055 1081 5127 σοφίᾳ
1111 5057 1205 5111 καὶ
1238 5057 1510 5129 ἰσχνότητι
1553 5059 1744 5130 σωμάο

187 5160 300 5227 των,
329 5147 425 5218 οὐχ
450 5148 852 5220 ὑπερφέρουσιν
873 5150 1124 5221 ἄγγελοις

250 5235 446 5295 ΠΛΛΛ.
485 5239 941 5314 Ὑπερφέρουσιν,
971 5243 1108 5298 ἀλλά
1139 5245 1233 5298 καὶ
1256 5246 1413 5316 τιμῇ.

247 5326 402 5383 ΚΥΡ.
460 5333 821 5406 Δαμπρότητι
877 5335 934 5389 δὲ
980 5337 1076 5390 καὶ
1125 5336 1251 5409 δόξῃ
1285 5340 1350 5408 τῇ
1399 5337 1537 5391 κατά
1590 5336 1749 5407 σῶμα

190 5434 334 5489 tangit,
366 5424 465 5476 οὐκ
496 5426 897 5503 ἀπαραδλήτως
929 5430 1167 5501 ἀμείνων
1200 5430 1347 5501 ἡλίου
1379 5432 1573 5499 φύσιςὲ

194 5514 199 5521 ’
250 5513 449 5573 ΠΑΛΛ.
492 5520 550 5573 'A
560 5539 623 5591 με
633 5522 776 5577 ῐνων.

252 5693 292 5725 ⁸⁷⁵
327 5695 408 5753 Isa
466 5714 605 5765 vat.
632 5703 680 5757 1.
758 5704 799 5737 ³⁸
828 5701 1019 5759 Matth.
1039 5718 1091 5769 γ,
1122 5702 1211 5767 5i,

1844 3142 1970 3181 nam
2018 3126 2298 3181 inventam
2339 3126 2395 3180 in
2428 3124 2748 3197 hujusmodi
2790 3124 2958 3180 rebus
2994 3122 3316 3193 religionem
3353 3138 3439 3175 ar-

1843 3240 2013 3296 guere
2066 3224 2278 3278 volens.
2322 3221 2482 3277 Absit
2542 3221 2710 3293 igitur
2744 3219 2912 3275 etiam
2959 3219 3017 3272 in
3063 3216 3335 3288 ejusmodi
3378 3232 3438 3270 re

1843 3317 2032 3371 error!
2060 3315 2364 3370 Didicimus
2384 3314 2555 3380 enim,
2572 3313 2667 3368 ubi
2681 3311 2979 3384 jurandum
3009 3311 3102 3375 sit,
3128 3308 3267 3363 nihil
3287 3308 3436 3370 aliud

1845 3422 2277 3465 commemorare
2296 3420 2559 3476 unquam,
2577 3404 2671 3460 sed
2697 3402 2880 3474 potius
2906 3400 2975 3456 ad
3008 3399 3173 3456 ﬁdem
3199 3399 3434 3463 ﬁrmam,

1844 3510 2160 3571 certamque
2192 3497 2497 3554 faciendam
2520 3497 2599 3551 uti
2629 3496 2739 3551 illis
2768 3493 2976 3559 verbis,
3008 3493 3124 3559 Est,
3160 3500 3265 3559 est,
3292 3492 3434 3556 Non,

1844 3611 1976 3650 non.
2011 3595 2159 3650 Dixit
2179 3594 2346 3649 etiam
2404 3593 2494 3648 lex
2529 3611 2541 3646 :
2575 3612 2593 3644 ι
2624 3591 2682 3647 Si
2715 3589 2995 3662 perditam
3021 3587 3188 3643 fuerit
3213 3586 3436 3658 deposi-

1846 3697 1960 3743 tum
2006 3687 2075 3742 ab
2119 3685 2326 3756 aliquo,
2384 3684 2738 3755 exegeritque
2769 3682 2865 3753 qui
2901 3680 3076 3746 dedit,
3113 3679 3171 3733 in
3202 3693 3347 3734 eare
3371 3676 3436 3731 ﬁ-

1845 3779 1992 3844 dem,
2029 3775 2414 3849 jusjurandum
2468 3773 2566 3828 Dei
2620 3772 2729 3828 erit
2766 3772 2912 3827 inter
2964 3775 3263 3838 utrumque
3303 3765 3370 3818 “.
3412 3785 3430 3817 ι

1844 3870 2023 3941 Atque
2052 3866 2307 3924 homines
2343 3866 2568 3938 quidem
2591 3880 2691 3936 per
2716 3861 2956 3933 id,quod
2990 3861 3170 3933 majus
3205 3865 3310 3923 est,
3343 3857 3438 3929 ju-

1847 3971 1973 4019 rant
1991 3955 2032 3988 "
2048 3959 2298 4031 (sicenim
2310 3956 2511 4012 Paulus
2525 3957 2614 4013 ille
2630 3957 2850 4028 sapiens
2873 3952 3034 4026 dixit)
3056 3954 3233 4024 majus
3253 3958 3435 4006 autem

1844 4069 1965 4110 esse
2021 4051 2266 4115 homine,
2329 4059 2478 4104 recte
2546 4045 2803 4111 dicimus,
2858 4059 2971 4099 non
3030 4042 3106 4108 id,
3136 4041 3282 4112 quod
3318 4055 3437 4094 ma-

1845 4145 2134 4219 gnitudine
2171 4143 2425 4204 fortasse,
2465 4147 2563 4193 aut
2602 4146 2753 4193 certe
2790 4135 3061 4205 sapientia
3096 4141 3261 4203 atque
3300 4147 3435 4202 pru—

1846 4237 2032 4292 dentia
2084 4241 2141 4289 et
2182 4230 2355 4302 gloria
2399 4227 2575 4282 vincit
2614 4243 2628 4279 :
2669 4224 2768 4279 sed
2828 4222 2977 4293 quod
3035 4226 3151 4276 tota
3197 4219 3436 4274 essentia
3472 4292 3479 4303 Δ

1849 4328 1957 4382 tale
1989 4326 2081 4378 sit.

1772 4388 1827 4449 υ
1923 4415 2121 4473 PALL.
2148 4411 2304 4480 Quod
2329 4410 2491 4474 dicis,
2523 4421 2720 4479 parum
2752 4403 3025 4474 intelligo,

1921 4511 2079 4568 (ΠΒ.
2120 4506 2308 4577 Atqui,
2354 4501 2592 4566 Palladi,
2639 4505 2828 4570 aperta
2864 4504 2969 4561 est,
3009 4494 3072 4549 ut
3144 4491 3280 4548 mihi
3309 4491 3437 4563 qui-

1853 4606 1979 4661 dem
2000 4603 2241 4665 videtur,
2264 4606 2322 4653 et
2349 4595 2578 4653 evidens
2608 4590 2809 4648 oratio.
2834 4589 3029 4646 Nonne
3048 4585 3197 4645 enim
3222 4583 3435 4655 magni-

1855 4697 2045 4755 tudine
2090 4689 2331 4750 fatemur
2360 4688 2556 4753 multa,
2593 4700 2716 4757 quae
2765 4682 2983 4739 condita
3019 4680 3150 4744 sint,
3181 4675 3439 4733 humanis

1855 4788 2182 4861 corporibus
2217 4786 2380 4855 longe
2414 4786 2701 4852 praestare,
2734 4784 2793 4832 et
2828 4776 2887 4831 in
2912 4773 3000 4829 his
3028 4770 3266 4828 catlum?

1924 4877 2090 4951 214
2109 4874 2309 4931 PALL.
2337 4872 2406 4927 Et
2430 4870 2654 4942 quidem
2682 4867 2938 4923 maxime.

1923 4973 2081 5029 CYR.
2130 4965 2428 5024 Prudentia
2455 4980 2589 5020 vero
2632 4977 2698 5018 ac
2730 4959 3021 5031 sapientia,
3053 4968 3109 5013 et
3133 4954 3436 5013 subtilitate

1852 5077 2145 5135 corporum
2172 5075 2355 5115 nonne
2379 5056 2557 5129 angeli
2588 5051 2947 5126 pmcellunt?

1920 5158 2119 5215 PALL.
2148 5153 2495 5216 Praecellunt,
2524 5148 2690 5203 etiam
2723 5146 2955 5201 honore.

1905 5245 2060 5302 (ΠΒ.
2090 5242 2198 5298 Sed
2239 5249 2295 5295 et
2334 5248 2599 5309 prmterea
2640 5232 2932 5305 splendore
2978 5248 3044 5289 ac
3081 5230 3274 5304 gloria,
3312 5245 3434 5299 quae

1846 5341 1914 5396 ad
1942 5353 2141 5409 corpus
2164 5333 2426 5405 pertinet,
2466 5343 2650 5385 nonne
2682 5326 2873 5383 multis
2896 5326 3149 5399 partibus
3173 5331 3256 5381 cst
3299 5321 3437 5379 solis

1846 5442 2041 5488 natura
2069 5422 2454 5499 praestantior?

1918 5519 2115 5579 PALL.
2144 5516 2358 5571 Fateor.

1401 5702 1442 5732 "
1476 5701 1646 5769 Exod,
1674 5716 1803 5764 xxii,
1831 5699 1917 5765 lli,
1948 5698 2002 5751 ll
2106 5695 2146 5725 ³⁷
2175 5692 2312 5748 Heb.
2339 5706 2414 5758 vr,
2444 5690 2526 5746 16.
