3966 6298
473 209 578 265 475

1497 208 1552 264 S.
1595 207 1871 265 CYRILIJ
1915 208 2383 265 ALEXANDRIM
2421 208 2742 266 ARCHIEP.

3644 214 3753 270 ιτα

540 323 699 380 CYR.
736 321 984 381 Emcitur
1016 340 1182 397 ergo,
1205 325 1325 382 hate
1351 325 1564 398 singula
1583 367 1598 393 ,
1621 327 1668 383 si
1700 342 1770 383 ex
1806 343 1871 383 ea
1900 335 2055 398 parte

2231 327 2396 381 ΚΥΡ.
2439 328 2678 400 ’Δραρεν
2718 322 2846 392 οῦν,
2885 328 2967 381 ὃτι
3018 326 3224 381 τούτων
3258 320 3494 384 ἕκαστον
3536 327 3753 403 ἐχοιᾶν

472 431 579 487 qua
614 416 903 488 superiora
946 424 1076 472 nata
1119 425 1269 482 sunt,
1313 417 1601 473 nobiscum
1645 427 2052 489 comparentur,

473 507 678 578 habere
724 508 848 579 jure
890 507 1100 578 optimo
1140 509 1542 579 praestantiam;
1574 525 1706 564 num
1735 510 1902 581 igitur
1939 510 2058 566 haec

473 598 540 653 ad
575 597 939 670 jurisjurandi
978 613 1139 654 usum
1169 613 1535 665 assumemus,
1575 600 1783 671 Deique
1811 615 2055 656 comme-

474 694 839 748 morationem
865 699 1124 762 tanquam
1153 707 1547 764 supervacuam
1570 692 1929 765 abjicicmus?

543 784 742 840 PALL.
772 785 935 840 Nullo
964 784 1148 840 modo.

544 875 702 932 CYR.
743 876 840 931 Est
880 876 1047 948 igitur
1078 891 1442 948 consequens,
1476 888 1538 933 ut
1563 877 1640 944 id,
1681 875 1828 949 quod
1861 887 2058 936 natura

474 970 728 1040 superius
761 978 846 1024 est
871 1009 885 1034 ,
924 978 981 1025 et
1020 970 1281 1026 universa
1330 971 1584 1026 esSentiaa
1631 972 1846 1028 ratione
1891 973 2060 1030 rebus

475 1058 713 1115 conditis
763 1059 1074 1127 antecellit,
1115 1059 1173 1115 id
1212 1067 1329 1128 est,
1377 1061 1572 1128 Deum,
1615 1062 1784 1118 etiam
1835 1063 2060 1121 homine

475 1151 652 1221 majus
687 1166 808 1206 esse
840 1151 1106 1208 dicamus.

546 1242 744 1301 PALL.
783 1242 952 1298 Recte
974 1243 1075 1300 ais.

545 1332 702 1390 CYR.
759 1335 1008 1391 Habeant
1056 1338 1224 1409 igitur
1265 1337 1385 1393 haec
1427 1337 1617 1404 verba,
1655 1336 1774 1403 Est,
1819 1347 1876 1393 et
1916 1337 2060 1404 Non,

476 1427 621 1494 apud
658 1442 755 1482 eos
775 1436 945 1496 certe,
984 1429 1080 1499 qui
1128 1431 1395 1501 Optimam
1432 1431 1561 1487 vitae
1592 1430 1864 1485 rationem
1904 1430 2063 1486 insti-

478 1528 726 1586 tuerunt,
767 1521 949 1577 locum
985 1538 1052 1577 ac
1090 1523 1202 1578 vim
1234 1524 1634 1596 jurisjurandi,
1677 1540 1742 1581 ac
1778 1535 1930 1580 recte
1972 1523 2066 1579 ﬁr-

476 1619 699 1666 mentur
728 1629 740 1664 :
769 1627 898 1667 nam
923 1613 998 1667 ita
1023 1622 1307 1684 sequetur,
1333 1624 1396 1670 ut
1432 1614 1569 1671 ﬁdes
1614 1615 1723 1672 illis
1768 1615 2058 1671 habeatur.

2160 418 2386 482 είκότως
2411 418 2487 482 ὡς
2514 419 2651 490 πρὸς
2678 421 2711 489 ή
2721 419 2832 490 μᾶς
2857 418 2918 471 τὸ
2952 416 3312 490 ὑπερτεροῦν,
3338 419 3461 473 καθ’
3481 419 3511 473 ὃ
3529 420 3749 491 πέφυκε

2160 511 2337 580 νικᾷν.
2380 509 2584 582 Ὅρκια
2635 509 2700 581 δὴ
2746 504 2840 564 οῦν
2876 509 3036 563 ταυτὶ
3065 510 3439 582 ποιησόμεθα,
3477 513 3749 586 παρέντες

2159 600 2235 664 ὡς
2264 601 2542 673 περιττὸν,
2579 600 2642 655 τὸ
2673 601 3081 674 διαμεμνῆσθαι
3106 600 3272 672 Θεοῦ;

2224 785 2436 838 ΠΑΔΛ.
2476 783 2765 854 Οὐδαμῶς.

2233 875 2397 930 ΚΥΡ.
2437 876 2653 930 Ἔοικεν
2694 869 2788 930 οὖν
2826 875 2936 949 ἄρα
2966 874 3029 929 τὸ
3062 874 3204 929 κατά
3247 874 3408 945 φύσιν
3450 876 3745 947 ὑπερτενες

2159 968 2256 1023 καὶ
2290 966 2398 1039 ὅλῳ
2428 967 2508 1039 τῷ
2548 964 2689 1022 εῖναι
2721 968 2830 1023 τῶν
2863 968 3252 1039 πεποιημένων
3284 968 3563 1038 διενεγκδν
3582 1010 3598 1037 ,
3625 987 3750 1025 του·

2160 1060 2332 1126 τέστι,
2359 1060 2515 1128 Θεὸν,
2543 1061 2640 1116 καί
2667 1060 2955 1133 ἀνθρώπου
2988 1062 3173 1133 μεῖζον
3206 1063 3402 1117 εἰπεῖν.

2227 1241 2437 1295 ΠΔΛΛ.
2480 1235 2553 1296 Εὖ
2586 1240 2788 1311 λέγεις.

2232 1332 2395 1387 ΚΥΡ.
2424 1333 2606 1387 Ἔστω
2623 1331 2916 1405 τοιγαροῦν
2941 1333 3002 1387 τὸ
3025 1332 3156 1399 Ναὶ,
3176 1334 3272 1388 καὶ
3299 1333 3359 1388 τὸ
3383 1332 3484 1398 Οὔ,
3508 1333 3665 1404 παρά
3684 1350 3747 1404 γε

2161 1426 2275 1488 τοῖς
2307 1423 2504 1496 ἄριστα
2551 1424 2700 1494 βιοῦν
2743 1425 3079 1498 ᾑρημένοις,
3134 1426 3298 1498 ὅρκου
3344 1426 3507 1498 χρεία
3552 1443 3615 1480 τε
3654 1428 3748 1482 καὶ

2163 1514 2393 1586 δύναμις
2412 1555 2427 1580 ,
2476 1516 2572 1570 καὶ
2600 1515 2961 1588 διαπεπήχθω
2985 1516 3161 1589 ὀρθῶς
3179 1533 3192 1545 ·
3226 1517 3417 1586 ἕψεται
3446 1517 3558 1589 γὰρ
3603 1516 3748 1572 οὕτω

2166 1609 2261 1662 καὶ
2288 1607 2351 1661 τὸ
2381 1608 2730 1664 πιστεύεσθαι
2754 1609 2884 1664 δεῖν.
2914 1611 2977 1664 Et
3004 1610 3060 1665 δὲ
3089 1610 3412 1681 ἀτιμάζοιτο
3439 1611 3579 1681 πρός
3603 1627 3749 1674 τινος

475 1699 631 1766 Quod
658 1701 705 1757 si
737 1700 854 1756 haec
878 1701 1139 1773 loquendi
1159 1703 1353 1770 forma,
1378 1705 1496 1771 Est,
1523 1713 1580 1759 et
1603 1704 1748 1772 Non,
1778 1705 1847 1760 ab
1876 1706 2062 1776 aliquo

2173 1700 2225 1753 τὸ
2258 1701 2368 1754 Ναὶ
2395 1703 2489 1755 καὶ
2515 1702 2577 1755 τὸ
2605 1701 2701 1767 Οὓ,
2730 1702 2840 1756 τῶν
2868 1703 3047 1773 ὅρκων
3073 1704 3107 1773 ή
3136 1702 3296 1773 χρεία
3323 1702 3614 1775 τετράφθω
3638 1703 3748 1755 λοι-

479 1799 887 1859 contemnatur,
916 1801 1030 1849 tum
1057 1794 1295 1866 denique
1331 1796 1692 1867 jurisjurandi
1730 1811 1865 1852 usus
1899 1797 1969 1853 ad
2006 1797 2062 1853 id

479 1892 788 1952 revocetur,
824 1885 971 1956 quod
1003 1894 1089 1942 est
1114 1887 1294 1953 nobis,
1321 1887 1433 1943 imo
1461 1905 1595 1944 vero
1622 1889 1881 1945 universa
1904 1905 2061 1946 crea-

480 1983 605 2030 tura
655 1978 852 2047 majus.
887 1977 1025 2031 Nam
1060 1978 1129 2034 de
1159 1978 1504 2051 blasphemia
1543 1979 1770 2051 quidem
1799 1982 1933 2053 quid
1976 1991 2066 2037 at-

480 2065 620 2120 tinet
663 2065 870 2134 dicere,
909 2083 1128 2143 quaque
1177 2070 1237 2130 in
1277 2086 1339 2124 re
1379 2079 1655 2139 versetur,
1694 2081 1752 2129 et
1804 2072 1874 2128 ad
1899 2090 2065 2145 quam

477 2155 778 2225 perniciem
801 2172 918 2225 eos,
935 2163 1031 2230 qui
1054 2160 1173 2231 ipsa
1195 2161 1277 2216 uti
1308 2171 1736 2230 consueverunt,
1763 2164 2066 2235 perducat?

477 2262 641 2316 quam
684 2257 741 2305 et
783 2250 982 2307 acerba
1006 2260 1183 2308 morte
1217 2254 1307 2308 lex
1348 2254 1691 2311 multandam
1726 2257 1966 2324 censuit,
2009 2265 2066 2313 et

479 2338 596 2408 ipse
619 2338 872 2398 Christus
897 2359 1117 2416 quoque
1140 2344 1554 2402 inevitabilibus
1572 2349 1909 2419 aiternisque
1935 2365 2066 2420 sup-

478 2431 661 2499 pliciis
702 2433 984 2490 damnavit
1016 2455 1028 2489 :
1063 2455 1082 2488 (
1115 2435 1221 2503 Qui
1248 2438 1398 2492 enim
1429 2438 1632 2495 dixerit
1657 2440 1891 2494 verbum
1922 2456 2061 2496 con-

444 2504 564 2577 ἰι-ει
603 2523 804 2580 Filium
832 2527 1093 2593 hominis,
1122 2527 1434 2585 dimittetur
1455 2530 1509 2586 ei
1535 2549 1546 2584 ;
1575 2531 1671 2602 qui
1705 2539 1891 2586 autem
1914 2531 2069 2587 dixe-

479 2616 555 2670 rit
629 2627 820 2674 contra
863 2618 1132 2689 Spiritum
1191 2630 1466 2689 sanctum,
1514 2638 1627 2679 non
1661 2624 1974 2679 remittetur
2014 2625 2067 2680 ei

479 2724 660 2779 neque
680 2711 739 2764 in
773 2710 879 2766 hoc
901 2713 1124 2778 saeculo,
1147 2729 1327 2784 neque
1352 2715 1407 2769 in
1431 2715 1616 2771 futuro
1643 2716 1708 2770 ³⁸.
1746 2737 1764 2768 ι
1800 2716 2067 2788 Spiritum

479 2816 688 2856 vocans
732 2809 990 2857 naturam
1032 2802 1182 2858 illam
1235 2819 1468 2876 corpore
1521 2808 1865 2878 superiorem
1891 2852 1906 2878 ,
1943 2827 2069 2881 quae

479 2893 628 2948 Deus
670 2901 775 2960 est,
832 2893 891 2949 in
956 2910 1122 2965 quem
1168 2895 1215 2951 si
1277 2896 1405 2966 quis
1449 2897 1776 2955 effrenatam
1825 2901 2067 2973 linguam

2164 1792 2265 1847 πὸν
2303 1793 2395 1847 ἐπὶ
2433 1793 2497 1847 τὸ
2531 1792 2716 1865 μεῖζον
2750 1793 2783 1864 ἢ
2827 1793 2949 1848 καθ’
2977 1795 3159 1865 ἡμᾶς,
3209 1794 3409 1865 μᾶλλον
3441 1793 3499 1847 δὲ
3532 1793 3566 1866 ἦ
3607 1793 3750 1849 κατά

2165 1884 2346 1937 πᾶσαν
2376 1881 2476 1955 τὴν
2505 1883 2703 1938 κτίσιν.
2746 1883 3072 1955 Δυσφημίαν
3095 1883 3172 1948 δέ,
3201 1883 3254 1936 τί
3280 1882 3346 1937 ἂν
3378 1884 3601 1955 λέγοιμι
3635 1883 3749 1938 λοι-

2166 1975 2287 2041 πὸν,
2315 1976 2439 2030 ὅποι
2467 1976 2529 2029 τέ
2565 1978 2705 2041 ἐστι,
2732 1979 2827 2031 καὶ
2855 1977 2923 2030 ἶν’
2949 1975 3202 2048 ἀποφέρῃ
3245 1975 3418 2029 κακοῦ
3449 1974 3580 2039 τοῦς
3609 1975 3747 2046 αὐτῇ
3832 1980 3837 1984 ’

2165 2072 2503 2144 χρωμένους,
2550 2072 2619 2144 ἢν
2646 2071 2861 2141 θανάτῳ
2899 2072 2998 2144 μὲν
3036 2070 3219 2144 πικρῷ
3251 2072 3346 2126 xat
3382 2073 3411 2124 ό
3457 2070 3626 2123 πάλαι
3667 2087 3749 2123 τι-

2170 2165 2337 2235 μᾶται
2368 2165 2551 2236 νόμος.
2588 2163 2996 2219 Καταδεδίκακε
3027 2164 3084 2217 δέ
3113 2162 3208 2216 καὶ
3238 2161 3404 2227 αὐτὸς
3435 2162 3464 2215 ό
3492 2161 3751 2234 Χριστὸς,

2167 2256 2432 2325 ἀφύκτοις
2464 2274 2526 2310 τε
2556 2257 2653 2311 καὶ
2678 2256 3063 2326 ἀτελευτήτοις
3087 2256 3279 2319 κακοῖς
3299 2270 3316 2288 ο
3353 2274 3372 2308 ε
3417 2256 3511 2319 Ὃς
3539 2254 3653 2325 γὰρ
3683 2252 3752 2307 ἃν

2168 2348 2298 2421 εἴπῃ
2325 2349 2485 2417 λόγον
2507 2347 2649 2402 κατά
2676 2348 2771 2403 τοῦ
2806 2348 2937 2402 Υίοῦ
2962 2347 3058 2401 τοῦ
3083 2345 3392 2420 ἀνθρώπου,
3418 2347 3753 2418 ἀφεθήσεται

2168 2439 2438 2513 αὐτῷ’,ὃς
2470 2438 2515 2492 δ’
2548 2438 2614 2494 ἂν
2645 2440 2775 2513 εἴπῃ
2807 2439 2950 2495 κατὰ
2970 2438 3065 2493 τοῦ
3102 2437 3423 2509 Πνεύματος
3445 2436 3540 2491 τοῦ
3570 2438 3752 2506 ἁγίου,

2166 2531 2269 2584 οὐκ
2299 2530 2631 2601 ἀφεθήσεται
2697 2529 2878 2600 αὐτῷ,
2912 2528 3036 2584 οὔτε
3072 2531 3131 2582 ἐν
3162 2528 3240 2600 τῷ
3273 2528 3368 2584 νῦν
3397 2528 3591 2594 αίῶνι,
3628 2527 3754 2582 οὔτε

2169 2625 2229 2677 ἐν
2263 2620 2342 2694 τῷ
2390 2622 2659 2695 μέλλοντι.
2717 2641 2736 2674 ›
2793 2622 3021 2692 Πνεῦμα
3067 2621 3241 2691 λέγων
3272 2620 3371 2693 τὴν
3404 2621 3546 2693 ὑπὲρ
3596 2621 3752 2692 σῶμα

2168 2711 2331 2782 φύσιν
2353 2753 2366 2777 ,
2400 2713 2538 2784 ὅπερ
2578 2713 2696 2765 ἐστὶ
2727 2711 2892 2778 Θεὸς,
2941 2704 2986 2779 ᾧ
3017 2708 3114 2782 τὴν
3146 2709 3396 2779 γλῶτταν
3425 2707 3683 2778 ἀχάλινον
3725 2707 3755 2759 ὁ

2171 2805 2465 2875 ἐπαφεῖναι
2496 2803 2733 2874 τολμῶν,
2782 2805 2909 2867 τοὺς
2933 2802 3033 2874 τῆς
3080 2801 3484 2874 ἀθυροστομίας
3514 2798 3756 2871 ἐκθεριεί

2169 2896 2438 2967 καρπούς.
2488 2918 2507 2951 ι
2545 2897 2714 2968 Χείλη
2751 2896 2860 2969 γὰρ
2893 2896 3160 2967 ἄφρονος,
3199 2894 3426 2962 ἄγουσιν
3465 2893 3630 2947 αὐτὸν
3674 2894 3755 2956 είς

479 2985 664 3040 laxare
696 3000 866 3041 ausus
890 2983 1080 3052 fuerit,
1109 2997 1280 3045 metet
1304 2990 1726 3061 intemperantis
1754 2992 2064 3052 dicacitatis

2173 2987 2336 3054 κακά,
2369 2987 2551 3051 καθὼς
2570 2988 2905 3057 γέγραπται.
2933 2986 3007 3041 Τδ
3028 2986 3203 3058 στόμα
3218 2986 3275 3039 δέ
3304 2984 3471 3039 αὐτοῦ
3499 2985 3560 3039 τὸ
3579 2984 3755 3056 θρασὺ

479 3077 716 3133 fructus.
753 3097 771 3130 ι
801 3078 973 3134 Labia
1007 3080 1157 3136 enim
1193 3082 1506 3154 insipientis
1530 3085 1820 3157 impellunt
1843 3104 1973 3144 eum
1993 3090 2064 3146 ad

2173 3080 2401 3134 θάνατον
2436 3080 2807 3135 ἐπικαλεῖται.
2848 3097 2867 3131 ι
2914 3078 3208 3149 Τοιγάρτοι
3256 3077 3353 3131 καὶ
3400 3080 3429 3132 ό
3468 3076 3755 3140 θεσπέσιος

480 3167 643 3233 mala,
695 3167 841 3223 sicut
893 3169 1158 3241 scriptum
1211 3178 1325 3239 est;
1382 3187 1446 3228 os
1489 3181 1674 3228 autem
1720 3175 1841 3246 ejus
1886 3176 2066 3231 audax

480 3268 713 3315 mortem
736 3260 975 3317 invocat.
997 3261 1040 3294 ³⁸
1071 3281 1090 3313 ι
1125 3262 1317 3333 Itaque
1336 3265 1502 3318 etiam
1528 3262 1748 3319 divinus
1783 3264 1875 3319 ille
1913 3265 2066 3319 Psal-

481 3367 697 3407 morum
740 3361 955 3419 cantor,
980 3353 1201 3409 dicebat
1244 3372 1256 3408 :
1308 3372 1326 3405 ι
1361 3353 1532 3420 Pone,
1579 3354 1834 3421 Domine,
1877 3363 2066 3411 custo-

481 3443 627 3499 diam
655 3444 736 3499 ori
764 3460 909 3512 meo,
933 3453 989 3501 et
1013 3445 1216 3502 ostium
1240 3447 1670 3503 circumstantia
1691 3447 1853 3503 labiis
1887 3449 2023 3502 meis
2050 3465 2065 3502 :

480 3551 551 3589 ne
594 3534 841 3590 declines
873 3550 971 3590 cor
1009 3550 1196 3591 meum
1244 3537 1301 3591 in
1334 3536 1506 3591 verba
1533 3537 1757 3592 malitiae
1782 3536 1847 3592 "°.
1887 3557 1905 3590 ›
1943 3536 2070 3594 Haec

2168 3169 2375 3241 ἔφασκε
2403 3170 2676 3241 Μελῳδόςα
2714 3189 2733 3223 i
2760 3168 2887 3236 Θοῦ,
2920 3167 3115 3241 Κύριε,
3143 3167 3391 3241 φυλακὴν
3415 3165 3496 3239 τῷ
3526 3167 3761 3238 στόματί

2129 3298 2133 3303 -
2173 3280 2310 3334 μου,
2344 3263 2439 3316 καὶ
2490 3261 2660 3334 θύραν
2708 3264 2974 3333 περιοχῆς
3014 3262 3143 3333 περὶ
3179 3260 3249 3315 τά
3299 3260 3453 3331 χείλη
3500 3274 3637 3331 μου·
3676 3259 3754 3330 μὴ

2169 3354 2426 3427 ἐκκλίνῃς
2470 3355 2570 3426 τὴν
2619 3353 2846 3426 καρδίαν
2896 3370 2998 3426 μου
3035 3356 3116 3418 εἰς
3159 3353 3354 3424 λόγους
3390 3352 3677 3424 πονηρίας.
3731 3371 3750 3403 ι

2171 3445 2296 3501 Εἶεν
2332 3446 2374 3500 δ’
2411 3447 2476 3502 ἂν
2507 3441 2657 3501 οῦτοι
2680 3487 2696 3513 ,
2742 3446 2885 3502 κατά
2927 3446 3064 3500 Θεοῦ
3096 3447 3192 3500 καὶ⁹
3229 3447 3327 3518 τῆς
3367 3447 3611 3517 ἀρρήτου
3663 3445 3759 3498 καὶ

2171 3539 2453 3610 ἀκηράτου
2489 3540 2703 3609 φύσεως
2736 3539 3074 3610 ἀνοσιωτάτη
3109 3537 3374 3609 καταϐοή.

481 3638 666 3686 autem
688 3630 856 3685 verba
880 3637 1030 3696 sunt,
1054 3638 1116 3685 ut
1140 3630 1360 3700 opinor,
1391 3629 1574 3701 impiae
1600 3630 1867 3688 adversus
1918 3632 2095 3686 Deum
2130 3641 2185 3689 et
2228 3634 2377 3689 illam
2416 3634 2755 3691 ineffabilem
2789 3634 3277 3705 incorruptamque
3310 3641 3566 3687 naturam
3624 3648 3763 3702 que-

484 3724 631 3777 rclm.

554 3811 754 3868 PALL.
794 3811 1026 3883 Oportet
1063 3812 1253 3884 igitur,
1299 3814 1395 3885 qui
1444 3823 1597 3871 recto
1620 3816 1819 3874 itinere
1842 3811 2073 3891 pergere

485 3905 606 3961 sine
631 3903 746 3958 ulla
763 3903 939 3973 culpa:
956 3902 1080 3960 labe
1107 3904 1472 3972 contendunt,
1496 3922 1592 3963 eos
1615 3906 1758 3963 bene
1782 3903 2072 3965 conﬁrma-

486 4009 572 4051 tos
620 4010 781 4062 esse,
824 4004 882 4055 et
921 3996 1218 4068 ejusmodi,
1268 4005 1330 4053 ut
1375 4000 1551 4056 Deum
1585 4000 1871 4058 offendere
1915 4004 2069 4060 nullo

486 4086 652 4143 modo
676 4089 1006 4145 sustineant.
1309 4096 1315 4101 ’

2248 3818 2458 3872 ΠΑΛΛ.
2494 3818 2587 3870 Δεῖ
2617 3816 2682 3887 δὴ
2712 3803 2807 3871 οῦν
2847 3816 2955 3889 ἄρα
2984 3816 3356 3890 διερηρεῖσθαι
3392 3816 3595 3882 καλῶς,
3631 3819 3759 3881 τοὺς

2176 3914 2314 3968 ίέναι
2364 3910 2463 3981 μὲν
2516 3910 2836 3981 ἀμωμήτως
2874 3911 2973 3981 τὴν
3027 3911 3113 3963 ἐπ’
3146 3910 3275 3963 εὐθὺ
3332 3910 3755 3976 σπουδάζοντας,

2171 4002 2290 4075 Θεῷ
2318 4003 2386 4057 δὲ·
2417 4000 2781 4073 προσκρούειν
2811 4002 2914 4056 οὐκ
2945 4002 3326 4075 ἀνεχομένους.
3380 4025 3384 4029 >

557 4179 715 4237 CYR.
743 4181 822 4237 Ita
846 4182 1045 4238 sentio.
1066 4182 1206 4239 Nam
1235 4183 1503 4241 adversus
1522 4201 1640 4253 eos,
1668 4186 1766 4257 qui
1788 4186 1858 4243 ad
1892 4188 2064 4244 Deum

2245 4187 2410 4242 ΚΥΡ.
2446 4185 2604 4239 Οῦτω
2633 4185 2797 4257 φημί.
2842 4183 2985 4254 Πρὺς
3013 4183 3123 4254 γάρ
3152 4199 3235 4236 τοι
3275 4184 3401 4247 τοὺς
3435 4183 3756 4254 προσιόντας

485 4271 758 4327 accedunt
775 4288 888 4328 non
910 4289 1043 4329 sano
1064 4273 1252 4340 corde,
1279 4276 1376 4332 sed
1399 4276 1569 4332 dubio
1595 4284 1763 4349 atque
1783 4287 2067 4349 corrupto,

489 4363 636 4433 quod
663 4371 720 4419 et
746 4372 941 4440 natura
967 4380 1070 4421 sua
1093 4365 1255 4437 215
1282 4366 1622 4423 imbecillum
1647 4368 1739 4435 sit,
1762 4378 1821 4425 et
1848 4369 1916 4426 ad
1949 4370 2068 4426 rui-

486 4471 611 4510 nam
646 4454 804 4511 facile
844 4456 1179 4527 impellatur,
1216 4459 1488 4529 propheta
1527 4460 1814 4531 loquitur:
1852 4480 1871 4513 ι
1915 4459 2066 4529 Quo-

486 4562 663 4617 usque
707 4546 1089 4604 claudicabitis
1152 4556 1387 4619 utroque
1444 4551 1651 4621 poplite
1699 4552 1923 4607 vestro?
1972 4559 2069 4607 aut

487 4638 614 4695 Raal
640 4639 789 4705 Baal,
816 4647 912 4695 aut
936 4640 1049 4695 Deo
1088 4641 1200 4697 Deo
1226 4642 1266 4673 "
1304 4663 1321 4693 ι
1360 4642 1497 4697 Nam
1529 4659 1708 4715 neque
1734 4644 1792 4699 in
1821 4643 1927 4699 ﬁde
1951 4659 2070 4699 om-

486 4733 620 4787 nino
642 4748 838 4787 sanum
880 4748 1036 4800 esse,
1074 4750 1257 4805 neque
1301 4751 1494 4791 rursus
1539 4736 1596 4791 in
1641 4752 1833 4792 errore
1876 4735 2064 4802 ﬁxum,

488 4829 723 4891 utroque
769 4821 1077 4879 claudicare
1120 4831 1229 4892 est,
1264 4824 1321 4880 id
1360 4840 1513 4890 vero,
1546 4834 1604 4880 et
1642 4825 1700 4879 in
1732 4835 1965 4896 utraque
2008 4841 2067 4881 re

487 4912 866 4971 sinceritatem
911 4918 1234 4988 corrumpit.
1283 4915 1641 4974 Occasionem
1685 4934 1854 4988 porro
1903 4918 2068 4989 hujus

487 5000 629 5061 adeo
670 5001 901 5061 inﬁrmae
947 5005 1266 5079 fragilisque
1310 5013 1512 5066 mentis
1567 5008 1900 5080 quibusdam
1944 5026 2066 5067 esse

487 5099 643 5166 puto,
661 5093 807 5163 quod
833 5110 943 5151 non
969 5112 1121 5162 vero,
1149 5097 1247 5152 sed
1273 5098 1510 5154 conﬁcto
1544 5115 1732 5155 amore
1773 5100 1945 5155 Deum
1984 5100 2069 5156 di-

487 5182 683 5256 ligunt,
707 5200 773 5241 ac
793 5188 1056 5244 simulant
1069 5189 1292 5258 quidem
1312 5206 1370 5246 se
1391 5189 1736 5248 Christianos
1757 5208 1878 5250 esse
1902 5194 2063 5261 velle;

487 5291 597 5332 non
628 5285 813 5335 tamen
856 5279 913 5334 id
935 5295 1005 5335 ex
1037 5289 1152 5336 toto
1193 5283 1359 5342 corde
1406 5283 1645 5351 faciunt,
1693 5302 1872 5357 neque
1918 5287 2066 5358 quod

486 5368 735 5425 veritatis
779 5371 1087 5433 reverentia
1144 5374 1198 5428 in
1235 5391 1356 5430 eam
1394 5378 1726 5433 sententiam
1770 5378 2064 5449 ducantur,

486 5465 582 5514 aut
615 5458 693 5525 id,
728 5458 875 5528 quod
911 5468 1120 5517 rectum
1156 5473 1258 5531 cst,
1296 5469 1476 5539 magni
1502 5468 1738 5537 faciant;
1784 5469 1879 5525 sed
1918 5471 2065 5539 quod

563 5643 607 5673 "
630 5643 821 5703 Matth.
852 5662 943 5713 xu,
987 5648 1071 5702 5‘2.
1154 5651 1196 5685 ³ο
1238 5650 1395 5705 Prov.
1428 5667 1575 5713 ιιι-ιιι,
1610 5654 1663 5718 6,
1695 5654 1741 5707 7.

2171 4278 2291 4350 Θεῷ
2324 4278 2399 4349 μὴ
2434 4276 2495 4342 ἐξ
2534 4274 2725 4346 ὑγιοῦς
2761 4274 3017 4347 καρδίας,
3052 4274 3168 4328 ἀλλ’
3212 4275 3457 4330 ὑπόπτου
3490 4276 3583 4330 κα)⁸
3623 4294 3761 4349 παρ-

2172 4369 2554 4442 εφθαρμένης,
2587 4367 2682 4422 καὶ
2727 4367 3033 4439 ἀρρωστεῖν
3062 4365 3325 4438 ἑλομένης
3354 4366 3416 4420 τὸ
3456 4366 3652 4422 ἀναλκί
3696 4385 3757 4420 τε

2171 4463 2265 4517 καὶ
2293 4461 2714 4516 εὐκατάσειστον
2733 4499 2749 4526 ,
2772 4460 2801 4512 ό
2826 4458 3116 4531 προφήτης
3139 4457 3342 4528 φησιν’·
3384 4478 3403 4509 ι
3441 4457 3589 4521 Ἕως
3623 4458 3757 4511 πότε

2170 4555 2462 4629 χωλανεῖτε
2485 4554 2570 4607 ἐπ’
2589 4551 2931 4629 ἀμφοτέραις
2957 4553 3080 4614 ταῖς
3103 4551 3318 4620 ἰγνύαις
3341 4549 3517 4622 ὑμῶν,
3535 4551 3569 4622 ἦ
3585 4551 3757 4616 Βάαλ,

2172 4647 2337 4712 Βάαλ,
2369 4647 2403 4718 ἢ
2438 4644 2560 4717 Θεῷ
2586 4642 2727 4714 Θεῷ;
2766 4661 2785 4694 ι
2817 4642 2891 4696 Τδ
2926 4641 3037 4714 γὰρ
3083 4643 3219 4714 μήτε
3260 4643 3400 4713 πρὸς
3428 4643 3609 4695 πίστιν
3642 4644 3762 4696 είσ-

2169 4741 2314 4795 άπαν
2355 4737 2539 4809 ὑγιὲς,
2589 4738 2726 4809 μήτε
2771 4733 2879 4807 μὴν
2942 4734 3023 4798 εἰς
3071 4734 3341 4805 πλάνησιν
3379 4733 3758 4804 διαπεπῆχθαι

2171 4829 2366 4899 φιλεῖν,
2406 4828 2493 4883 ἐπ’
2529 4827 2698 4898 ἄμφω
2721 4843 2781 4880 τε
2809 4823 3071 4896 χωλεύειν
3110 4824 3261 4891 ἐστὶ,
3288 4824 3385 4878 καὶ
3416 4824 3544 4896 μὴν,
3573 4822 3633 4876 τὸ
3669 4825 3759 4891 ἐφ’

2170 4917 2416 4989 ἐκατέρῳ
2446 4914 3066 4987 καταφθείρειγνήσιον.
3090 4914 3373 4985 Πρόφασις
3398 4914 3455 4968 δὲ
3484 4914 3584 4985 τῆς
3611 4913 3767 4969 οὕτω

2176 5006 2380 5081 σαθρᾶς
2419 5009 2515 5061 καὶ
2545 5006 2932 5061 εὐδιακλάστου
2959 5007 3186 5078 γνώμης
3222 5007 3421 5075 γένοιτ’
3453 5007 3541 5074 ἂν,
3576 5003 3761 5078 οἶμαι.

2176 5100 2288 5154 τισὶ
2315 5098 2377 5153 τὸ
2399 5098 2781 5153 κατάπλαστον
2806 5098 3077 5166 ποιεῖσθαι
3101 5100 3195 5153 καὶ
3218 5100 3319 5154 οὐκ
3342 5100 3513 5172 ἀληθῆ
3543 5101 3642 5171 τὴν
3677 5103 3763 5165 εἰς

2174 5193 2306 5247 Θεὸν
2353 5192 2650 5263 ἀγάπησιν,
2678 5191 2775 5245 καὶ
2817 5190 3206 5261 ὑποκρίνεσθαι
3262 5193 3363 5265 μὲν
3408 5192 3469 5248 τὸ
3517 5211 3765 5265 χριστιαο

2174 5287 2338 5352 νίζειν
2369 5285 2673 5358 βούλεσθαι,
2700 5285 2776 5357 μὴ
2804 5282 2912 5357 μὴν
2936 5282 2996 5350 ἐξ
3018 5284 3148 5355 ὅλης
3168 5286 3396 5358 καρδίας
3416 5284 3577 5345 τοῦτο
3597 5285 3759 5357 δρᾷν,

2177 5380 2313 5452 μήτε
2347 5379 2452 5450 μὴν
2481 5377 2618 5431 αἰδοῖ
2653 5379 2720 5448 τῇ
2761 5375 2898 5448 πρὸς
2925 5378 2986 5431 τὸ
3019 5378 3217 5449 ἀληθὲς
3242 5378 3762 5448 ἀναπεπεισμένους

2173 5472 2267 5523 καὶ
2309 5470 2673 5539 τετιμηκότας
2702 5467 2762 5520 τὸ
2790 5467 2910 5539 ἕχον
2942 5467 3115 5538 ὀρθῶς
3134 5486 3146 5499 ·
3184 5468 3299 5523 ἀλλ’
3326 5469 3356 5524 ii
3400 5466 3767 5540 θηρωμένους

1820 5652 1861 5685 ³ο
1896 5653 2037 5709 Psal.
2067 5669 2185 5723 cu,
2216 5655 2267 5720 5,
2295 5655 2344 5709 4.
2418 5657 2458 5695 δ’
2498 5656 2562 5711 lll
2604 5658 2738 5730 Reg.
2766 5673 2914 5724 xvln,
2939 5656 3026 5711 21.
