3966 6298
176 233 260 289 ιῖτ
867 232 954 287 DE
992 231 1430 289 ADORATIONE
1471 232 1538 287 ΙΝ
1581 229 1850 289 SPlRlTU
1887 233 1965 289 E'l
2012 235 2382 292 VERITATE.
2425 237 2549 292 LIB.
2595 238 2681 292 Vl.

3311 243 3416 298 478

174 353 223 394 τὸ
253 340 424 411 σφίσιν
443 341 625 406 αὐτοῖς
665 343 785 398 καθ’
819 344 1032 418 ἡδονὴν,
1063 346 1096 418 ἢ
1128 345 1374 400 κινδύνου
1407 345 1600 416 φόϐον,
1636 346 1725 400 καὶ

1830 357 1925 402 aut
1947 348 2306 418 cupiditatem
2341 365 2495 406 suam
2523 356 2886 419 aucupentur,
2914 356 3008 404 aut
3041 349 3272 420 periculi
3300 367 3418 406 mc—

172 429 488 501 δυσημερὶας
533 431 734 502 ἀγρίαν
777 434 964 502 ἔφοδον
1013 436 1178 489 οἰονεὶ
1225 435 1730 506 καταγοητεύοντας

171 523 229 591 τῇ
255 521 424 573 πίστει
464 521 924 591 προσεληλυθέναι
950 525 1147 592 δοκεῖν,
1179 525 1267 581 ἵνα
1293 527 1524 590 πολλοὺς
1556 526 1730 596 ἔχοιεν

172 615 283 676 τοὺς
306 613 583 667 συναθλεῖν
615 616 949 688 ᾑρημένους,
980 619 1074 673 καὶ
1101 620 1203 690 τὴν
1231 619 1438 674 οἰκείαν
1465 619 1729 684 δανείζειν

171 703 423 774 φροντίδα.
473 705 613 758 Ἀλλ’
639 707 840 780 ἐσχάτη
883 711 996 772 τοῖς
1025 710 1288 773 τοιούτοις
1316 709 1729 780 ἀπονεμηθήσε-

169 810 246 844 ται
272 793 506 861 φροντὶς,
553 795 647 847 καὶ
682 797 739 848 ὲν
770 798 1000 860 τοίς-,ὃτι
1041 798 1277 869 μάλιστα
1305 795 1724 869 καταϐεϐλημέ-

168 900 265 945 νοις
294 883 320 934 ό
346 882 542 952 κλῆρος
560 923 575 948 ,
604 885 918 955 ἀτιμότατοί
947 905 1005 942 τε
1044 890 1138 943 καὶ
1185 890 1588 961 ἀπερριμμένοι
1637 892 1728 944 καὶ

171 975 308 1043 μόλις
345 975 825 1047 ἀποκερδαίνοντες
855 980 918 1034 τὸ
951 981 1232 1046 ἀξιοῦσθαι
1254 983 1422 1053 ζωῆς,
1456 984 1634 1037 ἁλοῖεν
1661 984 1727 1038 ἂν

165 1065 286 1117 Θεοῦ
322 1065 706 1134 βασανίζοντος
751 1070 820 1123 τὰ
863 1075 921 1125 ἐν
950 1073 1084 1143 ἡμῖν
1113 1074 1509 1144 κεκρυμμένα·
1555 1076 1729 1130 ὁποῖοί

165 1175 295 1220 τινες
321 1153 458 1228 ἦσαν
484 1161 531 1211 οἰ
559 1160 667 1212 ἀπὸ
692 1161 936 1216 Γαϐαών.
964 1165 1465 1236 Προσκεχωρήκασι
1491 1167 1589 1237 μὲν
1622 1166 1729 1238 γὰρ

162 1249 230 1318 τῷ
269 1250 438 1319 Ἰησοῦ
481 1269 631 1314 ποτε,
672 1253 766 1306 καὶ
796 1254 872 1324 τῷ
903 1255 1017 1326 λαῷ
1044 1256 1139 1310 τοῦ
1174 1256 1308 1310 Θεοῦ
1349 1258 1727 1329 προσοικειοῦ-

165 1341 276 1393 σθαι
316 1339 434 1393 λίαν
473 1341 857 1414 ὲξελιπάρουν·
895 1346 1032 1418 πλὴν
1063 1348 1162 1401 οὐκ
1193 1348 1538 1419 ἀκακουργὺν
1578 1350 1728 1401 ἐποι-

161 1430 304 1483 οῦντο
355 1431 455 1502 τὴν
522 1435 892 1507 προσδρομὴν,
945 1436 1070 1490 οὔτε
1127 1438 1232 1509 μὴν
1279 1431 1468 1508 ’ἁπλῆν
1517 1455 1577 1492 τε
1633 1439 1728 1492 καὶ

160 1519 549 1589 ἁκαπήλευτον,
580 1523 674 1578 καὶ
696 1523 768 1588 ὼς
801 1524 860 1590 ἐξ
888 1526 1111 1596 ἀγάπης
1135 1528 1235 1598 τῆς
1267 1529 1402 1597 πρὸς
1431 1527 1586 1595 Θεὸν,
1612 1529 1726 1582 ἀλλ’

160 1614 211 1663 ἐν
239 1613 520 1686 ὑποκρίσει
551 1616 645 1669 καὶ
675 1616 831 1688 δόλῳ.
865 1619 974 1672 Καὶ
1001 1618 1244 1672 διέλαθον
1285 1621 1384 1690 μὲν
1415 1621 1474 1673 ὲν
1505 1621 1724 1692 ἀρχαῖς.

1831 449 1946 494 tum
1977 449 2032 494 et
2054 441 2321 510 gravioris
2356 441 2589 509 alicujus
2622 437 2909 493 infortunii
2940 439 3281 496 imminentis
3312 440 3420 494 im-

1831 543 2020 604 petum
2047 544 2303 607 tanquam
2347 535 2715 592 incantatione
2762 537 2998 606 quadam
3039 539 3410 603 amoliantur,

1831 629 1962 683 dum
2005 629 2072 684 ad
2102 629 2264 684 ﬁdem
2318 629 2583 684 accedere
2614 628 2912 693 videntur,
2955 637 3018 682 ut
3060 630 3266 684 multos
3309 629 3412 684 ha-

1831 723 2016 788 beant,
2043 724 2136 794 qui
2173 722 2556 778 laborantibus
2598 723 2762 778 simul
2811 735 2972 790 opem
3027 719 3171 774 ferre
3214 720 3409 786 velint,

1831 827 1994 886 atque
2027 816 2136 871 illis
2178 831 2306 872 suas
2351 831 2514 870 curas
2555 814 2962 885 impertiantur.
3013 809 3123 865 Sed
3162 817 3412 865 extrema

1829 907 2099 978 ejusmodi
2139 907 2455 961 hominibus
2487 905 2803 976 procuratio
2839 903 3134 969 tribuetur,
3166 909 3223 957 et
3266 901 3412 957 inter

1829 1000 2229 1071 abjectissimos
2251 1000 2503 1056 homines
2546 1014 2667 1054 sors
2700 1012 2894 1054 eorum
2915 996 3042 1061 erit,
3075 1005 3134 1051 et
3175 993 3413 1067 ignomi-

1828 1090 2127 1146 niosissimi
2168 1098 2333 1161 atque
2381 1089 2839 1160 contemptissimi
2884 1086 3410 1158 deprchendemur;

1830 1192 1885 1238 et
1907 1183 2002 1253 qui
2037 1184 2131 1237 vix
2163 1182 2219 1238 id
2259 1183 2523 1253 consequi
2560 1181 2794 1252 possint,
2848 1189 2910 1235 ut
2950 1181 3070 1251 ipsa
3099 1181 3214 1236 vita
3259 1178 3413 1250 digni

1829 1291 1950 1332 esse
1973 1273 2284 1343 videantur,
2337 1271 2450 1330 Deo
2486 1274 2834 1344 exquirente,
2860 1287 2983 1342 quae
3028 1271 3086 1326 in
3127 1270 3290 1327 nobis
3328 1270 3413 1324 la-

1831 1375 1982 1422 tent:
2011 1367 2203 1437 quales
2229 1366 2492 1420 nimirum
2519 1364 2834 1420 Gabaonitae
2872 1361 3128 1427 fuerunt;
3167 1375 3413 1416 accesse-

1828 1466 1958 1512 runt
1998 1457 2146 1512 enim
2188 1457 2226 1511 ii
2268 1455 2544 1527 quondam
2569 1455 2638 1510 ad
2674 1454 2862 1517 Josue,
2888 1460 2947 1508 et
2968 1460 3030 1506 ut
3056 1466 3179 1506 cum
3203 1450 3410 1520 populo

1829 1548 1926 1602 Dei
1949 1548 2312 1612 sociarentur,
2337 1549 2695 1604 vehementer
2715 1545 2982 1608 orabant;
3027 1551 3407 1598 verumtamen

1828 1654 1941 1693 non
1968 1639 2084 1693 sine
2121 1639 2328 1694 malitia
2373 1654 2553 1710 neque
2578 1630 2904 1708 simpliciter
2935 1642 2992 1690 et
3036 1635 3157 1690 sine
3183 1634 3314 1698 ulla,
3349 1641 3410 1686 ut

170 1703 377 1776 Ἐπειδὴ
404 1705 460 1759 δὲ
488 1708 663 1778 πικρά
691 1707 927 1778 δρῶντες
958 1707 1262 1782 ἡλίσκοντο,
1291 1713 1385 1766 καὶ
1413 1715 1725 1786 κατεφωρά-

1833 1727 1908 1782 ita
1954 1727 2153 1793 dicam,
2205 1696 2515 1784 mercatura
2549 1696 2852 1781 utilitatum
2895 1737 3143 1790 suarum,
3191 1731 3246 1778 et
3283 1696 3410 1776 tan-

158 1793 318 1864 Οησαν
337 1798 589 1850 κακόνοοί
613 1815 672 1850 τε
696 1798 789 1852 καὶ
805 1798 1240 1871 πολυγνώμονες,
1263 1803 1322 1855 ἐν
1343 1805 1456 1867 τοῖς
1480 1804 1725 1875 ἐσχάτοις

1831 1834 1995 1889 quam
2036 1834 2106 1873 ex
2127 1819 2393 1874 charitate
2418 1835 2548 1888 erga
2572 1818 2767 1883 Deum,
2794 1817 2890 1872 sed
2925 1816 3181 1871 simulate
3213 1822 3273 1868 et
3307 1813 3410 1869 do—

155 1889 450 1978 ἑτάττοντο.
478 1889 742 1958 Γεγόνασι
770 1889 880 1960 γάρ
913 1890 1199 1957 ξυλοκόποι
1229 1909 1288 1946 τε
1325 1893 1418 1947 καὶ
1442 1895 1725 1967 ὑδροφόροι

1833 1909 1948 1964 lose
1972 1917 2322 1964 accesserant
2345 1910 2410 1963 ι’.
2446 1909 2527 1964 Αο
2567 1908 2779 1964 latuere
2802 1908 3025 1978 quidem
3051 1923 3081 1962 a
3105 1905 3408 1976 principio;

155 1975 290 2047 πάσῃ
328 1979 397 2047 τῇ
447 1979 768 2050 Συναγωγῇ.
813 1979 977 2051 Ὁρᾷς
1020 1977 1116 2034 οῦν
1161 1983 1283 2036 ὅποι
1309 1987 1639 2056 κατακομιεῖ
1668 1984 1729 2038 τὸ

155 2068 218 2137 μὴ
247 2070 499 2140 γνήσιον,
539 2070 632 2124 καὶ
657 2071 718 2123 τὸ
755 2071 829 2143 μὴ
873 2073 1087 2127 ἑλέσθαι
1112 2077 1275 2146 τιμᾷν
1310 2076 1370 2141 ἐξ
1393 2077 1580 2146 ὑγιοῦς
1615 2078 1729 2132 δια-

159 2160 297 2222 νοίας
347 2161 452 2231 τὴν
515 2162 650 2233 πρὸς
713 2163 901 2232 ἁγίους
957 2167 1264 2237 οἰκειότητα
1328 2174 1724 2242 πνευματικήν.

163 2245 431 2300 Ἀπατῶσι
460 2250 560 2318 μὲν
588 2250 696 2319 γὰρ
724 2251 836 2306 ἐσθ’
861 2254 949 2306 ὅτε
973 2254 1136 2320 τινὲς,
1167 2256 1259 2308 καὶ
1290 2257 1413 2311 ούτι
1449 2260 1553 2312 πού
1584 2277 1726 2331 φημι

152 2336 232 2389 τὸν
262 2339 445 2392 πάντα
487 2339 666 2392 εἰδότα
703 2342 964 2411 Χριστὸν,
992 2343 1120 2408 τοὺς
1157 2347 1216 2398 ὲν
1253 2344 1408 2416 τύπῳ
1435 2346 1491 2399 δὲ
1525 2349 1725 2418 μᾶλλον

154 2429 335 2494 αὑτοῦ,
364 2430 666 2497 τουτέστιν,
710 2435 838 2496 τοὺς
871 2434 1018 2488 λαῶν
1048 2435 1405 2506 ἡγουμένους.
1460 2439 1724 2510 Καθάπερ

155 2518 348 2588 ἀμέλει
377 2520 623 2573 κάκεῖνοι
678 2521 801 2575 τότε
848 2522 942 2576 τὸν
1002 2523 1210 2596 Ἰησοῦν
1261 2527 1342 2589 εἰς
1395 2527 1580 2581 εἰκόνα
1630 2531 1725 2582 καὶ

155 2611 491 2666 ὑποτύπωσιν
513 2614 914 2694 παρενεχθέντα
939 2617 1202 2688 Χριστοῦ,
1226 2619 1323 2672 καὶ
1353 2620 1724 2676 εἰσελαύνουσι

157 2700 284 2769 μετὰ
311 2701 466 2756 δόλου
501 2708 1019 2778 κατασκιασμάτων,
1054 2711 1112 2764 ἐν
1147 2709 1302 2780 βάθει
1331 2710 1721 2785 διαλογισμῶν,

155 2794 361 2866 καὶτῆς
391 2799 472 2861 εἰς
495 2798 620 2852 νοῦν
653 2800 921 2872 πονηρίας
953 2803 1340 2874 προϊσχόμενοι
1374 2805 1473 2878 τὴν
1500 2807 1725 2878 ὑπόκρι-

155 2900 260 2938 σιν·
316 2891 862 2963 κατα-γινωσκόμενοι
913 2893 1006 2959 δὲ,
1063 2893 1247 2949 λαθεῖν
1302 2896 1409 2968 γὰρ
1471 2897 1570 2950 οὐκ
1620 2897 1721 2964 ἔνι,

1830 2001 1950 2067 sed,
1977 2009 2335 2072 posteaquam
2373 2001 2782 2070 deprehensum
2825 2007 2910 2055 est
2932 1999 3056 2054 illos
3083 2000 3267 2070 gravia
3289 2013 3410 2052 mo-

1827 2095 1940 2160 liri,
1974 2103 2031 2150 et
2073 2095 2388 2167 malignitas
2421 2109 2616 2149 eorum
2644 2101 2808 2164 atque
2833 2093 3076 2148 versutia
3101 2099 3407 2160 comperta,

1829 2186 2030 2242 inﬁmis
2059 2186 2400 2240 muneribus
2437 2185 2644 2240 addicti
2687 2193 2816 2240 sunt
2851 2202 2864 2237 :
2905 2184 3043 2240 facti
3096 2191 3226 2238 sunt
3264 2182 3414 2238 enim

1827 2277 2098 2331 universae
2131 2276 2426 2347 Synagogaa
2462 2275 2681 2346 lignarii
2713 2282 2770 2330 et
2824 2273 3057 2343 aquarii.
3098 2272 3268 2329 Vides
3308 2271 3413 2342 igi-

1829 2379 1918 2424 tur
1944 2384 2052 2438 quo
2095 2369 2365 2438 perducat
2393 2367 2694 2433 simulatio,
2726 2373 2783 2422 et
2805 2366 2953 2422 nolle
2989 2365 3204 2433 integro
3231 2363 3415 2418 animo

1827 2457 2147 2512 societatem
2196 2465 2362 2527 atque
2405 2455 2852 2527 conjunctionem
2886 2453 3232 2524 spiritualem
3283 2467 3414 2506 san-

1827 2556 2043 2602 ctorum
2069 2548 2315 2601 virorum
2359 2547 2636 2617 amplecti.
2693 2546 2911 2601 Fallunt
2955 2544 3106 2600 enim
3139 2543 3414 2601 interdum

1824 2638 2075 2693 nonnulli
2111 2654 2220 2692 non
2246 2639 2438 2707 utique
2464 2637 2766 2703 Christum,
2793 2635 2978 2692 omnia
3005 2635 3294 2698 scientem,
3316 2633 3415 2688 sed

1825 2744 1922 2784 eos
1964 2729 2059 2800 qui
2105 2728 2252 2783 illius
2291 2726 2522 2798 ﬁguram
2577 2736 2788 2793 tenent,
2833 2726 2888 2781 id
2940 2733 3045 2793 est,
3085 2724 3415 2796 populorum

1824 2822 2122 2894 principes,
2171 2830 2230 2876 ut
2260 2821 2338 2875 illi
2369 2821 2630 2875 nimirum
2660 2835 2728 2876 eo
2762 2828 3014 2889 tempore
3045 2819 3224 2889 ipsum
3247 2816 3415 2874 Josuc

1824 2915 2158 2979 fefellerunt,
2194 2914 2288 2984 qui
2331 2914 2388 2968 in
2412 2912 2623 2968 Christi
2667 2911 2842 2982 ﬁgura
2883 2921 3051 2981 atque
3086 2911 3324 2981 imagine
3356 2910 3412 2964 in

153 2978 478 3088 σωθήσονται
533 2983 716 3054 μόλις,
756 2987 952 3058 μοῖραν
993 2984 1208 3058 ἔχοντες
1242 2987 1340 3059 τὴν
1380 2988 1719 3060 δουλοπρεπῆ

1828 3001 2111 3073 Scriptura
2147 2978 2459 3071 productus
2503 3009 2590 3056 est
2629 3017 2641 3053 :
2679 2978 2734 3055 et
2758 2978 3030 3055 accedunt
3073 2978 3222 3053 dolis
3259 2999 3412 3063 tecti,

154 3072 238 3126 καὶ
262 3075 524 3146 ἐσχάτηνο
557 3077 911 3150 ἀνελευθέρου
941 3079 1050 3151 γὰρ
1081 3079 1329 3152 γνώμης,
1371 3081 1553 3150 ἀπάτη
1586 3098 1724 3150 καρ-

154 3166 260 3230 πός.
294 3168 486 3239 Ἡμεῖς
513 3169 592 3233 δὲ,
613 3167 695 3234 οἷς
715 3170 776 3224 τὸ
804 3175 1018 3242 φρονεῖν
1038 3171 1207 3241 ὑγιῶς
1227 3173 1296 3226 τὰ
1316 3172 1410 3226 τοῦ
1439 3174 1575 3227 Θεοῦ
1607 3191 1728 3228 σκο-

155 3256 242 3321 πὸς
264 3259 354 3312 καὶ
376 3260 856 3336 ἀποσπουδάζεται
876 3262 946 3316 τά
966 3263 1151 3331 λοιπά,
1181 3263 1624 3336 προσκεισόμεθα
1647 3265 1726 3337 τῷ

155 3350 258 3422 ἰδίῳ
287 3355 537 3427 Δεσπότῃ
569 3355 664 3410 καὶ
692 3355 812 3427 Θεῷ
841 3357 949 3411 τῶν
979 3357 1137 3425 ὅλων,
1175 3357 1233 3425 ὲξ
1266 3357 1444 3429 ἁπλῆς
1476 3359 1722 3431 καρδίας,

152 3443 208 3495 ἐκ
233 3442 464 3510 διανοίας
498 3447 689 3520 ὀρθῆς,
724 3447 784 3512 ἐξ
813 3447 1090 3514 όλοτελοῦς
1122 3450 1372 3520 ἀγάπης,
1419 3452 1723 3523 ἀρρωστεῖν

151 3536 204 3589 τὸ
230 3537 442 3610 δίψυχον
469 3541 576 3594 οὐκ
611 3541 977 3614 ἀνεχομένης,
1011 3541 1392 3613 ἀποφοιτὼσης
1421 3542 1478 3594 δὲ
1521 3559 1721 3596 παντε-

151 3626 245 3693 λῶς
277 3629 420 3700 ⁴ἰγθῶν
453 3632 554 3685 καὶ
584 3623 957 3704 φρονημάτων
990 3631 1355 3704 Ἑλληνικῶν,
1401 3633 1496 3686 καὶ
1538 3631 1723 3705 ἰούσης

151 3718 215 3782 ὡς
239 3721 508 3778 ἀπωτάτω
533 3722 631 3778 καὶ
661 3725 805 3795 μάλα
829 3723 1045 3796 γοργῶς
1073 3724 1182 3778 τῶν
1210 3725 1275 3778 ὲκ
1302 3723 1466 3795 νόμου
1494 3724 1722 3778 καταδε-

1831 3094 2146 3163 abditisque
2178 3093 2398 3163 penitus
2436 3090 2702 3156 consiliis,
2751 3090 3030 3159 animique
3072 3089 3299 3153 malitia,
3336 3089 3415 3142 si-

1831 3185 2199 3240 mulationem
2249 3183 2407 3253 quasi
2450 3182 2703 3238 velamen
2746 3179 3149 3250 praetendentes
3180 3196 3194 3232 :
3223 3178 3418 3248 depre-

1835 3276 1996 3333 hensi
2047 3283 2232 3330 autem
2259 3275 2458 3346 (neque
2495 3274 2643 3328 enim
2677 3273 2851 3326 latere
2876 3271 2957 3326 fas
2993 3271 3101 3343 est)
3141 3269 3234 3325 vix
3265 3270 3415 3325 salu-

1831 3376 1942 3423 tem
1972 3365 2312 3431 retinebunt,
2341 3365 2399 3418 in
2422 3362 2677 3418 servilem
2701 3369 2866 3431 atque
2890 3359 3141 3414 inﬁmum
3167 3359 3414 3414 ordinem

1834 3456 2048 3511 redacti
2083 3473 2096 3509 :
2127 3455 2291 3526 216
2339 3461 2424 3508 est
2473 3453 2623 3508 enim
2677 3451 2892 3508 fallacia
2925 3450 3210 3506 illiberalis
3247 3450 3415 3504 animi

1829 3545 2060 3600 fructus.
2079 3545 2190 3600 Nos
2213 3551 2420 3610 autem,
2453 3543 2655 3614 quibus
2691 3542 3037 3614 propositum
3063 3548 3148 3596 est
3172 3557 3258 3606 ea,
3294 3556 3416 3611 quae

1830 3637 1925 3692 Dei
1965 3644 2112 3702 sunt,
2167 3637 2380 3708 integro
2423 3650 2668 3706 sanoque
2714 3634 2898 3690 animo
2939 3633 3148 3690 sentire
3168 3673 3183 3698 ,
3222 3639 3279 3687 et
3320 3631 3414 3702 qui

1831 3736 2039 3784 caetera
2074 3728 2419 3799 negligimus,
2462 3727 2695 3783 Domino
2720 3735 2913 3783 nostro
2933 3726 3158 3796 Deoque
3187 3725 3416 3780 univer-

151 3809 493 3885 δικασμένων.
563 3815 830 3887 Ἐσόμεθα
876 3815 984 3889 γὰρ
1029 3815 1175 3870 οὕτω
1226 3815 1427 3870 τέλειοι
1480 3817 1722 3870 ἐναντίον

1828 3836 2012 3876 sorum
2045 3819 2282 3890 simplici
2323 3819 2510 3885 corde,
2554 3827 2710 3874 recto
2733 3818 2938 3885 animo,
2963 3824 3020 3872 et
3047 3817 3258 3887 integra
3280 3815 3414 3870 cha-

154 3906 339 3978 Κυρίου
364 3908 460 3963 τοῦ
485 3907 650 3975 Θεοῦ,
674 3908 816 3963 κατὰ
832 3910 894 3963 τὸ
913 3908 1321 3982 γεγραμμένον,
1341 3908 1437 3962 καὶ
1455 3908 1721 3980 λαμπροὶ,

155 3997 234 4050 καὶ
267 4000 544 4073 εὐδόκιμοι
579 4001 716 4072 μετὰ
744 3999 854 4056 τῶν
886 4000 1062 4056 ἄλλων
1095 4000 1267 4071 ἀγίων
1299 4001 1358 4054 ὲν
1385 3999 1626 4072 Χριστῷ,
1656 4001 1724 4055 δι’

152 4081 206 4139 οὗ
232 4091 318 4144 καὶ
343 4092 463 4162 μεθ’
491 4086 558 4148 οὗ
584 4092 661 4165 τῷ
687 4091 863 4165 Πατρί
885 4092 1014 4158 δόξα
1042 4093 1143 4147 σὺν
1162 4092 1304 4164 ἁγίῳ
1336 4091 1619 4163 Πνεύματι
1644 4093 1726 4156 εἰς

153 4181 264 4246 τοὺς
293 4183 492 4251 αἰῶνας
519 4184 638 4239 τῶν
663 4185 892 4240 αἰώνων.
941 4185 1138 4257 Ἀμήν.

1824 3914 1989 3970 ritate
2028 3911 2451 3979 adhaerehimus,
2498 3925 2621 3982 qua:
2650 3926 2763 3966 non
2796 3910 3026 3981 patitur,
3077 3914 3139 3962 ut
3181 3905 3416 3976 duplicis

1825 4007 1994 4062 animi
2024 4006 2162 4062 vitio
2190 4006 2525 4071 laboremus,
2551 4011 2608 4060 et
2638 4011 2724 4059 est
2752 4019 2784 4058 a
2806 4002 3056 4059 moribus
3094 4010 3259 4069 atque
3286 3993 3414 4053 se'n-

1829 4097 1986 4153 sibus
2011 4097 2301 4170 gentilium
2339 4110 2569 4166 prorsus
2595 4094 2796 4158 aliena,
2834 4101 2891 4147 et
2911 4105 3075 4161 quam
3098 4087 3414 4158 longissime

1831 4187 2391 4257 eonstantissimeque
2415 4185 2690 4255 disjuncta
2726 4182 2795 4237 ab
2821 4182 2910 4248 iis,
2935 4195 3058 4252 quae
3106 4179 3226 4247 lege
3255 4175 3418 4229 dam-

155 4285 356 4333 nantur.
406 4280 488 4337 lta
536 4280 690 4336 enim
729 4279 938 4337 erimus
981 4280 1208 4353 perfecti
1260 4297 1446 4338 coram
1491 4280 1724 4338 Domino
1761 4281 1896 4349 Deo,
1941 4283 2086 4338 sicut
2148 4281 2416 4351 scriptum
2441 4286 2567 4334 est:
2601 4269 2736 4331 clari
2757 4275 2924 4331 etiam
2991 4280 3154 4341 atque
3183 4265 3404 4339 probati

158 4382 265 4424 cum
301 4373 421 4428 aliis
446 4375 658 4430 sanctis
680 4377 736 4431 in
753 4375 990 4442 Christo,
1032 4392 1130 4447 per
1163 4391 1348 4447 quem,
1417 4383 1472 4431 et
1533 4390 1657 4430 cum
1685 4389 1798 4444 quo
1834 4375 1946 4431 Deo
1979 4391 2041 4430 ac
2071 4373 2220 4430 Patri
2247 4372 2420 4444 gloria
2458 4385 2586 4426 cum
2629 4375 2819 4425 sancto
2859 4363 3072 4438 Spiritu
3109 4363 3166 4417 in
3214 4361 3416 4420 sarcula

157 4467 482 4522 seculorum.
512 4470 712 4524 Amen.
