3966 6298
1499 178 1554 233 S.
1598 178 1875 234 CYRILLI
1915 181 2384 264 ΑιιξΧΑΝυιιιΜ
2424 185 2742 240 ARCIIIEP.

3646 187 3755 245 £80

3473 359 3716 372 Μ

1063 525 1463 654 ΠΕΡΙ
1557 527 1901 654 ΤΗΣ
1994 527 2204 654 ΕΝ
2290 522 3172 662 ΠΝΕΥΜΑΤΙ

1715 779 1909 870 ΚΑΙ
1997 779 2496 876 ΑΛΗΘΕΙΑ

908 1003 2136 1125 ΠΡΟΣΚΥΝΗΣΕΩΣ
2227 1012 2511 1125 ΚΑΙ
2569 1004 3316 1127 ΛΑΤΡΕἱΑΣ

1521 1254 1958 1344 ΛΟΓΟΣ
2039 1253 2694 1348 ΕΒΔΟΜΟΣ.

635 1631 817 1746 DE
886 1621 1824 1753 .ADORATIONE
1919 1633 2106 1749 ET
2191 1627 2675 1748 CULTU
2755 1628 2905 1746 IN
2996 1625 3580 1743 SPIRITU

1651 1899 1820 2004 ET
1913 1893 2579 2010 VERITATE

1521 2123 1897 2205 LIBER
2003 2120 2705 2204 SEPTIMUS.

806 2484 968 2555 217
1003 2484 1080 2538 De
1109 2485 1370 2538 charitatc
1405 2483 1462 2535 in
1501 2481 1714 2550 fratres.

536 2592 676 2650 Cum
705 2597 933 2650 summis
963 2596 1240 2662 laudibus,
1267 2603 1324 2651 et
1347 2596 1552 2666 quibus
1575 2593 1737 2667 adjici
1762 2593 1898 2647 nihil
1922 2607 2050 2664 pos-

466 2690 562 2754 sit,
590 2687 678 2744 lex
708 2695 869 2742 ornet
894 2688 1130 2756 primum
1164 2689 1297 2743 illud
1330 2697 1497 2758 atque
1536 2701 1860 2757 supremum
1900 2701 2054 2740 man-

466 2781 686 2846 datum,
735 2781 993 2836 videlicet
1026 2800 1038 2834 :
1078 2801 1096 2832 ‹
1129 2782 1330 2852 Diliges
1357 2780 1649 2836 Dominum
1676 2780 1849 2834 Deum
1895 2788 2052 2833 tuum

351 2875 364 2884 ⁴
467 2887 536 2926 ex
565 2878 678 2925 toto
706 2871 872 2926 corde
902 2878 1016 2936 tuo,
1042 2878 1098 2926 et
1122 2886 1189 2925 ex
1217 2878 1330 2925 tota
1375 2878 1558 2926 mente
1603 2877 1714 2935 tua,
1739 2878 1796 2926 et
1837 2887 1906 2924 ex
1939 2877 2052 2924 tota

468 2965 672 3018 virtute
701 2971 793 3017 tua
829 2962 918 3017 ":
975 2982 994 3014 ›
1053 2971 1109 3018 et
1157 2963 1382 3033 adjiciat
1434 2970 1748 3032 praetcrea:
1793 2981 1810 3012 ‹
1860 2962 2052 3017 Proxi-

466 3071 616 3110 mum
647 3070 868 3126 quoque
893 3062 1069 3122 tuum,
1101 3056 1245 3110 sicut
1272 3063 1324 3109 te
1364 3055 1544 3126 ipsum
1574 3054 1620 3086 "
1652 3073 1662 3107 :
1699 3074 1715 3105 ι
1751 3053 1888 3110 Cum
1935 3056 2051 3125 ipse

463 3162 684 3219 quoque
709 3146 967 3203 Christus
995 3149 1142 3204 dicat
1173 3157 1382 3220 aperte,
1435 3149 1492 3202 in
1529 3149 1616 3203 his
1641 3149 1859 3205 duobus
1893 3165 2051 3204 man-

464 3240 610 3294 datis
654 3247 824 3295 totam
876 3241 1051 3312 legem
1100 3248 1269 3311 atque
1331 3241 1631 3311 prophetas
1666 3241 1907 3311 pendere
1949 3257 2053 3296 :ac

464 3331 818 3387 dilectionem
856 3333 1054 3388 beatus
1101 3333 1305 3387 Paulus
1346 3333 1749 3403 plenitudinem
1782 3333 1920 3404 legis
1949 3349 2050 3403 ap-

464 3423 718 3492 pellet",
742 3425 889 3494 quod
916 3426 1169 3494 proximo
1201 3425 1407 3480 malum
1445 3441 1556 3480 non
1587 3434 1850 3497 operetur
1876 3444 1888 3479 :
1919 3427 2052 3482 satis

463 3512 598 3566 illud
629 3514 889 3582 primum,
916 3523 977 3568 ut
1002 3516 1138 3570 mihi
1161 3516 1384 3586 quidem
1408 3517 1646 3582 videtur,
1674 3523 1863 3572 nostra
1887 3519 2050 3588 218

461 3605 660 3672 oratio,
698 3614 760 3660 ut
791 3621 879 3660 res
904 3608 1237 3676 patiebatur,
1273 3609 1608 3678 explicavit,
1662 3625 1788 3664 cum
1829 3627 2047 3665 sursum

461 3709 528 3750 ac
551 3695 832 3761 deorsum,
859 3705 915 3750 et
937 3698 1094 3768 quasi
1126 3698 1183 3752 in
1227 3699 1420 3753 orbem
1461 3701 1646 3755 omnia
1700 3702 2048 3771 circumqua-

2081 2481 2129 2536 Α

2071 2334 2139 2344 -ο

2441 2473 2580 2541 Περὶ
2610 2474 2720 2542 τῆς
2749 2474 2837 2540 είς
2861 2472 3166 2542 ἀδελφοὺς
3194 2473 3453 2543 ἀγάπης.

2238 2590 2550 2662 Εύιρημίαις
2583 2591 2736 2661 ἡμῖν,
2763 2581 2809 2640 ὦ
2845 2588 3130 2653 Παλλάδιε,
3159 2591 3280 2652 ταῖς
3311 2591 3391 2652 είς
3444 2589 3598 2658 λῆξιν
3640 2589 3742 2645 καὶ

2148 2683 2408 2737 ἀνωτάτω
2465 2681 2858 2751 στεφανοῦντος
2911 2679 3005 2734 τοῦ
3062 2681 3228 2752 νόμου
3299 2681 3399 2753 τὴν
3430 2681 3654 2753 πρώτην
3679 2700 3741 2736 τε

2153 2776 2247 2828 καὶ
2268 2774 2579 2844 ὑπερτάτην
2602 2775 2710 2826 τῶν
2733 2772 2985 2840 ἐντολῶν,
3008 2773 3088 2836 τὸ,
3122 2792 3140 2824 ι
3180 2775 3514 2845 Ἀγαπήσεις
3532 2774 3741 2845 Κύριον

2155 2865 2246 2918 τὸν
2270 2865 2402 2918 Θεόν
2443 2883 2560 2930 σου,
2601 2865 2763 2935 φημὶ,
2793 2864 2851 2929 ἐξ
2877 2865 3004 2936 ὅλης
3029 2867 3129 2935 τῆς
3153 2865 3380 2937 καρδίας
3408 2883 3524 2931 σου,
3551 2867 3647 2920 καὶ
3679 2859 3745 2932 ἐξ

2152 2953 2280 3026 ὅλης
2308 2953 2566 3018 διανοίας,
2595 2952 2692 3005 καὶ
2726 2951 2785 3017 ἐξ
2821 2951 2950 3021 ὅλης
2979 2953 3078 3023 τῆς
3109 2953 3289 3022 ίσχύος
3321 2971 3415 3006 σου
3435 2971 3449 2984 ⁸
3507 2974 3524 3007 ι
3565 2972 3740 3024 προσ·

2153 3047 2450 3114 επάγοντος
2470 3045 2526 3098 δὲ
2550 3046 2650 3109 ,ὅτι
2673 3064 2691 3096 ι
2711 3045 2821 3098 Καὶ
2846 3045 2936 3098 τὸν
2960 3044 3188 3116 πλησίον
3207 3062 3300 3099 σου
3326 3045 3402 3111 ὡς
3437 3049 3684 3110 σεαυτὸν,
3716 3067 3734 3097 ι

2154 3137 2251 3190 καὶ
2286 3137 2396 3208 μὴν
2429 3138 2522 3190 καὶ
2552 3136 2718 3190 αὑτοῦ
2745 3135 2840 3190 τοῦ
2867 3136 3108 3208 Χριστοῦ
3136 3138 3437 3206 φάσκοντος
3469 3139 3737 3210 ἐναργῶς,

2152 3230 2235 3283 ὃτι
2266 3230 2323 3282 ὲν
2351 3227 2578 3292 ταύταις
2617 3231 2740 3292 ταῖς
2769 3228 2919 3282 δυσὶν
2949 3230 3191 3293 ἐντολαῖς
3229 3229 3350 3293 ὅλος
3377 3231 3406 3282 ὁ
3449 3230 3613 3301 νόμος
3639 3231 3740 3283 καί

2152 3323 2202 3374 οἱ
2229 3325 2513 3393 προφῆται.
2537 3323 2862 3394 κρέμανται,
2904 3325 3182 3396 πλήρωμά
3205 3342 3266 3378 τε
3287 3324 3453 3394 νόμου
3476 3326 3576 3396 τὴν
3595 3325 3738 3392 ἀγά-

2152 3431 2261 3484 πην
2303 3414 2762 3484 κατονομάζοντος
2803 3415 2898 3468 καὶ
2927 3415 3022 3468 τοῦ
3050 3415 3339 3468 θεσπεσίου
3376 3415 3615 3481 Παύλου,
3647 3416 3742 3470 διά.

2151 3523 2232 3560 τοι
2257 3507 2320 3559 τὸ
2355 3505 2524 3578 μηδὲν
2547 3505 2626 3577 τῷ
2652 3506 2882 3578 πλησίον
2909 3507 3240 3578 ἐργάζεσθαι
3271 3507 3459 3574 κακὸν,
3477 3510 3740 3581 ἀποχρῶ-

2152 3613 2250 3650 σαν
2279 3598 2429 3668 ἡμῖν,
2471 3597 2547 3659 ὡς
2589 3596 2721 3664 γοῦν
2749 3596 2960 3667 ἔμοιγε.
2986 3597 3151 3662 δοκεῖ,
3184 3598 3281 3668 τὴν
3320 3597 3414 3650 ἐπὶ
3449 3600 3515 3670 τῇ
3542 3597 3738 3669 πρώτῃ

2152 3687 2448 3760 διασκευὴν
2475 3688 2770 3760 ἐποιήσατο
2793 3691 2820 3742 ό
2851 3688 3031 3757 λόγος,
3063 3688 3206 3743 κατά
3234 3705 3298 3756 γε
3338 3688 3396 3741 τὲ
3433 3688 3738 3761 ἐγχωροῦν,

462 3801 571 3854 que
612 3785 962 3852 lustraverit,
1018 3804 1199 3858 neque
1254 3790 1490 3844 obscure
1523 3792 1793 3858 docuerit,
1846 3795 1970 3864 quis
2014 3811 2042 3850 a

2150 3781 2263 3833 ἄνω
2291 3797 2352 3832 τε
2384 3781 2476 3834 καὶ
2516 3781 2690 3846 κάτω,
2723 3778 2818 3833 καὶ
2844 3780 3007 3834 οἱονεί
3049 3798 3166 3844 πως
3201 3782 3259 3833 ἐν
3291 3779 3477 3852 κύκλῳ
3518 3798 3732 3853 περινο·

463 3875 626 3929 nobis
653 3875 910 3944 perfectzn
939 3876 995 3931 in
1044 3879 1217 3933 Deum
1243 3880 1553 3948 cbaritatis,
1581 3889 1638 3936 et
1667 3887 1817 3939 omni
1854 3901 2045 3955 repre-

467 3965 730 4021 hensione
766 3968 1012 4025 vacantis
1042 3971 1216 4040 possit
1257 3972 1508 4029 exhiberi
1553 3974 1769 4030 modus.
1798 3975 1911 4049 Age
1941 3978 2046 4050 igi-

466 4062 555 4110 tur
577 4055 708 4110 huic
741 4056 986 4112 vicinum
1005 4065 1170 4130 atque
1200 4070 1492 4132 cognatum
1510 4064 1866 4134 exquiramus
1893 4083 2046 4122 man-

461 4145 673 4213 datum,
697 4164 762 4204 ac
787 4147 856 4204 de
888 4149 1158 4206 cbaritate
1187 4144 1243 4206 in
1275 4154 1587 4223 proximum
1619 4165 1875 4214 accurate
1909 4173 2042 4215 con-

461 4238 809 4306 sideremus,
872 4240 1277 4312 diligenterque
1316 4259 1380 4299 ea
1426 4248 1861 4319 pervestigemus
1885 4292 1900 4317 ,
1943 4267 2044 4323 per

461 4347 584 4401 quae
617 4331 685 4387 ad
713 4334 1032 4403 praeclaram
1058 4334 1325 4392 virtutem
1358 4339 1647 4406 pervenire
1677 4341 1802 4411 quis
1827 4345 2001 4413 possit
2025 4363 2040 4399 :

461 4437 547 4487 ac,
572 4438 672 4492 pro
709 4423 982 4480 industria
1024 4425 1080 4479 in
1134 4442 1256 4481 eam
1300 4444 1417 4483 rem
1462 4430 1731 4496 adhibita,
1767 4450 2038 4491 summam

460 4515 689 4585 gloriam
725 4523 1075 4580 consecutus,
1105 4516 1162 4570 in
1191 4517 1438 4574 bonitate
1466 4537 1591 4575 cum
1623 4522 1736 4577 Deo
1769 4533 1828 4579 et
1857 4525 2038 4581 homi-

461 4605 645 4670 nibus,
676 4614 737 4659 ut
779 4605 1000 4662 divinus
1025 4608 1114 4663 ille
1146 4608 1386 4676 Samuel,
1414 4612 1659 4667 ambulet
1683 4614 1751 4670 ⁸⁸.
1783 4615 2039 4674 Arbitror

456 4697 604 4750 enim
631 4697 796 4752 simul
834 4713 960 4752 cum
993 4699 1084 4754 illa
1107 4716 1237 4771 erga
1276 4703 1449 4757 Deum
1479 4705 1749 4762 charitatc
1770 4723 2036 4765 exercen-

458 4789 583 4844 dam
623 4799 749 4860 apte
781 4806 904 4847 esse
955 4791 1103 4847 illam
1137 4793 1365 4849 alteram
1397 4795 1452 4850 in
1481 4796 1702 4854 fratres.
1743 4800 1902 4867 Nam,
1945 4804 2036 4858 cui

458 4896 566 4937 una
593 4883 850 4949 defuerit,
876 4891 1108 4956 utraque
1143 4886 1287 4942 desit
1310 4905 1537 4946 necesse
1566 4900 1670 4957 est,
1695 4895 1845 4964 juxta
1873 4895 2024 4951 Joan'

458 4973 544 5027 nis
573 4989 784 5028 vocem.
816 4975 868 5032 ls
894 4977 1043 5032 enim
1077 4978 1150 5033 ita
1183 4980 1404 5049 scripsit
1435 4999 1446 5035 :
1489 5002 1507 5033 ι
1559 4983 1615 5038 Si
1647 4986 1772 5054 quis
1807 4987 2032 5051 dixerit,

455 5064 585 5134 quia
623 5064 791 5137 diligo
839 5067 1011 5122 Deum
1035 5111 1050 5135 ,
1087 5077 1145 5125 et
1185 5070 1412 5126 fratrem
1463 5089 1623 5128 suum
1647 5076 1849 5142 oderit,
1875 5094 2030 5133 men-

2152 3872 2313 3938 στῶν,
2347 3873 2440 3926 καὶ
2479 3874 2580 3926 οὐκ
2627 3871 2870 3941 ἀγεννῶς
2915 3871 3297 3944 ἀφηγούμενος
3337 3873 3439 3943 τῆς
3480 3875 3560 3936 είς
3599 3871 3738 3926 Θεὸν

2149 3965 2373 4034 ἀγάπης
2415 3964 2692 4029 ὁλοτελοῦς
2731 3983 2790 4019 τε
2835 3967 2929 4019 καὶ
2961 3967 3264 4038 ἀμωμήτου
3309 3966 3611 4031 παντελῶς,
3646 3966 3737 4025 τίς

2147 4057 2214 4111 ἀν
2251 4058 2462 4126 γένοιτο
2499 4058 2638 4130 πρὸς
2682 4057 2840 4130 ἡμῶν
2874 4060 2902 4112 ό
2935 4059 3158 4126 τρόπος.
3210 4059 3346 4131 Φέρε
3379 4059 3444 4130 δὴ
3487 4054 3580 4113 οῦν
3630 4059 3736 4130 τὴν

2145 4146 2364 4214 γείτονά
2387 4165 2446 4200 τε
2478 4149 2575 4201 καὶ
2619 4147 2859 4219 ἀδελφὴν
2899 4147 3448 4221 πολυπραγμονῶμεν
3485 4148 3733 4219 ἐντολὴν,

2145 4236 2240 4291 καὶ
2269 4237 2490 4309 ἀγάπης
2505 4239 2604 4310 τῆς
2619 4240 2700 4303 εἰς
2721 4239 2814 4292 τὸν
2837 4239 3068 4309 πλησίον
3091 4239 3294 4311 ἀκριϐῆ
3326 4238 3610 4310 ποιώμεθα
3630 4237 3734 4309 τὴν

2144 4329 2502 4401 κατάσκεψιν,
2537 4329 2953 4402 ἰχνηλατοῦντες
2978 4325 3036 4385 εῦ
3069 4330 3212 4402 μάλα
3239 4334 3306 4385 τά
3327 4331 3394 4385 δι’
3430 4324 3503 4385 ὧν
3535 4331 3600 4384 ἂν
3634 4331 3732 4400 γέ-

2143 4423 2288 4475 νοιτό
2313 4440 2396 4485 τις
2424 4421 2524 4492 μὲν
2550 4423 2752 4493 ἀρετῆς
2779 4423 2836 4475 ὲν
2861 4422 3047 4495 κύκλῳ
3075 4423 3151 4494 (1)
3184 4423 3356 4494 καλῷ,
3389 4423 3733 4493 φιλοτεχνίας

2138 4513 2196 4568 δὲ
2227 4515 2326 4584 τῆς
2355 4515 2437 4578 είς
2463 4513 2643 4578 τοῦτο,
2690 4513 2789 4586 τὴν
2832 4514 3064 4588 ἀρίστην
3108 4515 3269 4582 δόξαν
3319 4515 3617 4586 ἀράμενος,
3670 4516 3733 4567 ὲν

2139 4603 2440 4675 ἀγαθότητι
2474 4603 2736 4674 βαδιεῖται
2781 4606 2922 4676 μετὰ
2947 4606 3083 4660 Θεοῦ
3127 4608 3222 4661 καὶ
3249 4606 3552 4678 ἀνθρώπων
3584 4606 3730 4660 κατὰ

2137 4693 2231 4748 τὸν
2263 4695 2553 4749 θεσπέσιον
2590 4697 2867 4769 Σαμουὴλ.
2904 4698 3117 4770 Χρῆναι
3149 4699 3258 4768 γὰρ
3283 4696 3456 4767 ἐγωγέ
3483 4714 3628 4767 φημι
3656 4700 3727 4767 τῇ

2139 4787 2220 4850 εἰς
2247 4786 2380 4840 Θεὸν
2408 4787 2599 4858 ἀγάπῃ
2631 4789 3070 4860 συνεπιτηδεύειν
3099 4790 3329 4854 ἀστείως
3349 4789 3446 4861 τὴν
3467 4791 3548 4852 είς
3572 4788 3730 4842 ἀδελ-

2139 4879 2292 4949 φούς·
2327 4881 2404 4944 ὼς
2441 4883 2503 4935 τό
2551 4900 2632 4936 τοι
2682 4884 2968 4939 λείπεσθαι
3022 4887 3173 4957 μιᾶς,
3225 4884 3326 4954 τὴν
3377 4884 3463 4936 ἐπ’
3515 4883 3732 4952 ἀμφοῖν

2139 4971 2430 5036 ἀπότευξιν
2466 4971 2601 5041 ἔχει,
2637 4976 2780 5030 κατά
2831 4993 2895 5045 γε
2941 4976 3042 5042 τὰς
3086 4976 3336 5031 Ἰωάννου
3378 4973 3582 5044 φωνάς.
3624 4973 3732 5026 Γέ-

2135 5078 2314 5132 γραφε
2335 5063 2442 5135 γὰρ
2459 5064 2555 5118 ὡδί
2576 5080 2589 5093 ’
2623 5085 2640 5118 ι
2676 5065 2802 5122 Ἐάν
2821 5084 2905 5132 τις
2921 5068 3072 5141 εἴπῃ,
3097 5069 3178 5122 ὅτι
3212 5066 3434 5136 ’Δγαπῶ
3450 5065 3543 5119 τὸν
3559 5064 3726 5126 Θεὸν,

453 5155 562 5211 dax
587 5164 703 5224 est;
739 5159 832 5246 qui
849 5161 996 5216 enim
1021 5160 1246 5216 fratrem
1272 5178 1432 5217 suum
1475 5179 1584 5218 non
1617 5165 1836 5236 diligit,
1869 5184 2032 5238 quem

2149 5153 2352 5208 καὶτὸν
2386 5155 2615 5225 ἀδελφὺν
2654 5158 2816 5213 αὑτοῦ
2854 5162 3023 5230 μισεῖ,
3071 5159 3312 5232 ψεύστης
3339 5157 3518 5213 ἐστίν·
3545 5159 3575 5211 ὁ
3609 5158 3728 5228 γάρ

523 5308 570 5342 ⁸³
594 5311 753 5370 Deut.
781 5333 854 5384 γι,
881 5319 934 5373 5.
1013 5320 1060 5352 ⁸⁸
1084 5321 1276 5378 Matth.
1313 5338 1444 5388 xm,
1477 5321 1566 5377 '59.
1641 5323 1686 5356 ’⁵⁸
1730 5324 1892 5380 Rom.
1919 5344 2036 5393 xm,

2205 5329 2251 5363 “
2272 5331 2293 5387 l
2318 5331 2453 5405 Reg.
2481 5351 2540 5402 ll,
2571 5338 2658 5395 26.

630 5471 830 5542 Κύκλῳ
882 5473 1234 5531 Subdititiam
1278 5494 1467 5534 vocem
1509 5488 1661 5550 puto.
1699 5486 1850 5541 Solet
1880 5483 2026 5537 enim

531 5554 572 5591 l'l
601 5540 685 5592 lus
712 5543 792 5592 sic
818 5543 991 5592 lonui-
1033 5548 1089 5592 ὲν
1122 5548 1268 5592 nam.
1302 5545 1435 5592 εἶναι
1467 5552 1550 5592 νρι
1582 5556 1827 5592 νςυέηηη.
1884 5555 2026 5592 mm-

450 5540 991 5617 Cyrillnspic—loqui,
1033 5548 1089 5599 ὲν
1122 5548 1268 5616 καλῷ
1302 5545 1436 5602 εἶναι
1467 5540 1551 5604 vel
1582 5540 1850 5617 γενέσθαι.
1884 5555 2027 5608 Prm-

452 5617 600 5663 tcrca
617 5610 738 5664 cod.
766 5610 935 5666 V'alic.
964 5616 1148 5680 habet,
1171 5610 1266 5685 τῆς
1293 5620 1387 5685 μὲν
1408 5610 1673 5689 ἀρετῆςὲν
1707 5624 1873 5690 καλῷ,
1894 5633 2020 5688 010.,

2135 5488 2576 5630 ἒιὲςειγιῐῗι
2609 5489 2844 5560 Cyrillus
2886 5490 3098 5555 dicere,
3134 5494 3188 5546 ὲν
3223 5487 3556 5561 βεϐαίῳ-τῆς
3593 5495 3726 5563 ἀρισ-
