3966 6298
251 326 348 381 481

972 323 1062 377 DE
1103 323 1544 378 ADORATIONE
1585 323 1650 377 IN
1694 324 1960 378 SPIRITU
2007 325 2093 377 ΕΤ
2139 324 2504 380 VERITATE.
2549 325 2676 378 LIB.
2719 327 2827 380 ΥΠ.

3427 325 3538 378 ΜΞ

255 447 336 516 μὴ
374 441 608 512 ἀγαπῶν
641 440 730 494 τὸν
764 439 991 510 ἀδελφὸν
1036 441 1201 496 αὐτοῦ
1234 441 1294 495 ὃν
1338 439 1572 512 ἑώρακε,
1603 440 1694 495 τὸν
1719 440 1840 492 Θεὺε.

1954 441 2124 506 videt,
2181 442 2350 497 Deum
2430 457 2596 511 quem
2672 448 2778 495 non
2834 440 3024 504 videt,
3101 441 3378 510 quomodo
3437 456 3533 511 po-

249 537 315 590 ὃν
342 536 440 606 οὐχ
467 535 682 605 ὲωρακε
713 532 832 596 πῶς
863 532 1084 587 δύναται
1117 533 1359 604 ἀγαπᾷν;
1388 531 1496 585 Καὶ
1524 531 1728 602 ταύτην
1747 531 1846 602 τὴν

251 629 476 698 ἐντολὴν
516 627 712 698 ἔχομεν
748 627 879 695 παρ’
919 625 1108 693 αὐτοῦ,
1147 626 1236 680 ἵνα
1257 629 1284 679 6
1314 625 1542 694 ἀγαπῶν
1573 623 1663 678 τὸν
1688 624 1841 689 Θεὸν,

250 721 445 790 ἀγαπᾷ
497 718 593 772 καὶ
639 717 730 771 τὸν
776 716 1006 786 ἀδελφὺν
1038 717 1226 773 αὐτοῦ.
1271 734 1291 770 ι
1328 715 1733 770 Συνδιόλλυνται
1781 715 1844 786 δὴ

249 809 350 866 οὖν
403 810 653 882 ἀλλήλοιν
711 811 950 881 ἑκάτερα
1010 808 1107 862 καὶ
1182 809 1490 879 συνανίσχει
1541 807 1840 879 λαμπρῶς’

249 899 544 971 ἀγχίθυροι
578 898 688 970 γὰρ
727 897 918 968 ὥσπερ
957 895 1213 966 ἀλλήλαιν
1247 898 1302 949 αἱ
1348 895 1560 967 ἀρεταὶ,
1610 894 1706 947 καὶ
1756 887 1846 948 οἷά

250 1009 340 1056 τις
368 990 603 1064 συνωρὶς
631 989 1023 1054 ἀδιάσπαστος,
1063 990 1142 1051 εἰς
1173 987 1233 1044 ἓν
1263 1005 1316 1041 τι
1350 988 1412 1040 τὸ
1441 987 1717 1058 ἐκπρεπὲς
1748 987 1844 1040 καὶ

254 1083 587 1137 τελεώτατον
620 1081 814 1144 κάλλος
840 1081 939 1151 τῆς
976 1083 1056 1143 εἰς
1086 1079 1218 1133 Θεὸν
1245 1077 1549 1144 εὐσεϐείας,
1578 1079 1668 1132 τὸν
1697 1079 1843 1150 ἡνιο-

252 1177 374 1245 χεῖν
405 1174 602 1246 ἄριστα
639 1172 1051 1245 μεμελετηκότα
1077 1169 1504 1241 διακομίζουσιν.

327 1266 539 1320 ΠΑΛΛ.
571 1259 642 1318 Εὖ
673 1263 829 1334 ἔφης.
868 1263 977 1316 Καὶ
1009 1261 1131 1315 ἐπεί
1160 1278 1243 1314 τοι
1272 1260 1471 1324 σκοπὸς
1499 1260 1559 1314 τὸ
1584 1257 1762 1331 ίδροῦν
1783 1258 1842 1312 ὲν

250 1357 484 1422 τούτοις,
515 1355 590 1410 ῐθι
619 1355 684 1427 δὴ
705 1351 793 1418 αὖ,
826 1353 1044 1418 καὶτὰς
1073 1355 1159 1423 ἐφ’
1187 1353 1402 1424 ἑκάστῳ
1423 1352 1529 1406 τῶν
1551 1351 1840 1422 θεωρημά*

252 1465 365 1502 των
418 1447 756 1517 συναγείρων
787 1444 998 1509 πίστεις
1023 1445 1089 1498 ὲκ
1135 1443 1244 1497 τῶν
1277 1443 1438 1514 ἱερῶν
1465 1443 1504 1495 Γ
1510 1442 1836 1514 ραμμάτων,

251 1538 435 1610 πειρῶ
481 1556 571 1609 μοι
598 1537 804 1607 λέγειν,
843 1535 903 1589 τὸ
950 1536 1100 1599 ὅπως
1138 1535 1205 1589 ἂν
1239 1535 1450 1604 γένοιτο
1495 1534 1596 1606 τῆς
1635 1535 1716 1598 είς
1748 1534 1840 1588 τὸν

251 1630 483 1701 πλησίον
511 1630 732 1703 ἀγάπης
761 1628 1071 1701 ἀκραιφνὴς
1103 1630 1138 1700 ή
1165 1627 1466 1700 πλήρωσις.

327 1897 491 1952 ΚΥΡ.
520 1897 882 1970 Πλείστη’μὲν
911 1893 1003 1952 οὖν
1027 1899 1127 1971 ὅση
1169 1897 1306 1970 πρὸς
1336 1893 1495 1951 τοῦτο
1525 1898 1674 1968 ἡμᾶς
1703 1897 1840 1950 ἀπο-

251 1993 414 2062 φέρει
440 1992 642 2063 τρίϐος.
674 1992 990 2062 Γέγραπται
1013 1992 1141 2064 γὰρ,
1162 1993 1244 2045 ὅτι
1281 2009 1300 2042 t
1336 1992 1571 2045 Πλατεῖα
1591 1993 1625 2062 ἡ
1658 1991 1841 2063 ἐντολή

255 2101 356 2135 σου
402 2083 630 2155 σφόδρα.
662 2101 680 2134 ›
709 2083 782 2137 Τό
806 2100 870 2152 γε
903 2083 1007 2154 μὴν
1039 2084 1122 2152 ἐφ’
1155 2084 1376 2155 ἑκάστῳ
1401 2084 1512 2137 τῶν
1550 2082 1844 2154 δρωμένων

250 2172 536 2241 εὐτεχνὲς,
581 2172 677 2241 οὐχ
704 2171 973 2244 ἑτέρωθεν
999 2173 1066 2228 ἂν
1091 2169 1246 2245 οἶμαί
1274 2192 1377 2228 που
1421 2174 1732 2242 συλλέξαιτὸ
1760 2191 1844 2238 τις

252 2264 398 2332 πλὴν
423 2265 507 2317 ὅτι
531 2281 596 2333 γε
624 2264 712 2318 διὰ
741 2265 835 2320 τοῦ
859 2266 1024 2336 νόμου
1043 2283 1055 2297 ·
1089 2267 1334 2323 δεδόσθαι
1369 2268 1478 2340 γὰρ
1520 2271 1652 2340 ἡμῖν
1682 2269 1844 2323 αὑτὸν

252 2360 339 2422 εἰς
371 2356 627 2428 βοήθειαν
655 2359 994 2429 προφητικὸς
1027 2357 1130 2430 ἔφη
1179 2359 1354 2428 λόγος.
1387 2362 1497 2414 Καὶ
1543 2359 1672 2430 γοῦν
1707 2361 1843 2431 πρὸς

254 2451 564 2521 ἀνάμνησιν
588 2450 738 2521 ἡμᾶς
756 2451 854 2522 τὴν
875 2451 1099 2522 διηνεκῆ
1126 2449 1234 2504 τῶν
1259 2451 1707 2522 τεθεσπισμένων
1730 2454 1844 2506 δια-

255 2541 449 2606 νιστάς
479 2544 507 2596 ὀ
556 2540 878 2613 νομοθέτης,
915 2540 1091 2610 φησί’
1133 2561 1151 2593 ‹
1187 2542 1297 2594 Καὶ
1326 2541 1612 2612 ἐμϐαλεῖτε
1639 2541 1708 2595 τά
1746 2544 1844 2614 ῥή-

257 2633 608 2704 ματα.ταῦτα
637 2634 717 2697 είς
740 2634 838 2704 τὴν
865 2633 1092 2704 καρδίαν
1115 2633 1144 2687 ὑ
1153 2632 1291 2704 μῶν,
1320 2634 1415 2687 καὶ
1437 2636 1517 2698 είς
1545 2633 1644 2707 τὴν
1664 2634 1841 2705 ψυχὴν

255 2729 285 2780 ὑ
295 2726 436 2798 μῶν,
462 2727 558 2780 καὶ
579 2725 830 2797 ἀφάψατε
861 2725 1034 2780 ταῦτα
1059 2729 1140 2791 είς
1167 2729 1394 2798 σημεῖον
1415 2727 1508 2780 ἐπὶ
1536 2728 1635 2798 τῆς
1663 2727 1841 2798 χειρὸς

255 2819 436 2890 ὑμῶν,
474 2818 571 2873 καὶ
598 2818 751 2873 ἔσται
783 2818 1058 2873 ἀσάλευτα
1087 2819 1193 2890 πρὸ
1212 2818 1509 2889 ὀφθαλμῶν
1537 2818 1714 2889 ὑμῶν,
1745 2817 1840 2872 καὶ

252 2910 506 2977 διδάξατε
530 2912 669 2966 αὑτά
691 2910 759 2968 τὰ
789 2911 957 2966 τέκνα
988 2911 1164 2983 ὑμῶν,
1195 2911 1379 2965 λαλεῖν
1409 2911 1568 2978 αὐτὰ,
1593 2909 1840 2982 καθημέ-

253 3018 384 3065 νους
413 3003 471 3055 έν
491 3000 620 3073 ὀδῷ,
655 3003 750 3056 καὶ
777 3002 1214 3074 κοιταξομένους,
1251 3002 1344 3056 καὶ
1371 3001 1836 3073 διανισταμένους,

253 3093 352 3145 καὶ
385 3091 636 3162 γράψατε
659 3091 796 3146 αὐτά
829 3093 922 3146 ἐπὶ
964 3092 1062 3157 τάς
1091 3093 1251 3162 φλιάς
1292 3093 1402 3146 τῶν
1455 3093 1618 3147 οἴκων
1662 3093 1835 3164 ὑμῶν,

251 3185 353 3238 καὶ
375 3184 484 3238 τῶν
507 3183 692 3238 πυλῶν
707 3183 884 3254 ὑμῶν,
906 3185 994 3238 ἵνα
1019 3185 1188 3257 πολυη
1200 3186 1490 3257 μερεύητε,
1512 3185 1606 3239 καὶ
1629 3185 1834 3257 ἡμέραι

250 3276 366 3329 τῶν
412 3276 546 3330 υίῶν
578 3275 730 3347 ὑμῶν
762 3277 855 3330 ἐπὶ
880 3277 986 3348 τῆς
1020 3278 1146 3348 γῆς,
1177 3274 1244 3350 ἧς
1274 3277 1457 3350 ὤμοσε
1495 3278 1701 3350 Κύριος
1721 3281 1834 3341 τοῖς

253 3367 533 3439 πατράσιν
569 3367 722 3439 ὑμῶν
752 3365 937 3422 δοῦναι
965 3369 1168 3436 αὐτοῖς,
1204 3367 1390 3432 καθὼς
1419 3371 1474 3422 αἱ
1503 3369 1709 3440 ἡμέραι
1740 3366 1833 3420 τοῦ

254 3456 496 3528 οὐρανοῦ
542 3459 644 3512 ἐπὶ
676 3459 775 3528 τῆς
817 3458 942 3530 γῆς.
985 3479 1004 3513 ι
1039 3461 1151 3513 Καὶ
1195 3460 1248 3513 τί
1295 3459 1360 3532 δὴ
1388 3460 1551 3514 πάλιν
1597 3461 1714 3513 ἐστὶ
1754 3460 1834 3526 τὸ,

265 3551 548 3621 Ἀφάψατε
577 3552 716 3607 αὐτά
745 3553 837 3605 ἐπὶ
869 3553 978 3605 τῶν
1001 3551 1200 3624 χειρῶν
1241 3552 1414 3623 ὑμῶν,
1464 3554 1521 3605 ὲν
1549 3555 1660 3616 τοῖς
1694 3551 1839 3622 Ἀρι-

251 3645 418 3712 Θμοῖς
451 3645 637 3717 ἐδήλου
664 3645 867 3715 σαφῶς.
897 3644 1211 3715 Γέγραπται
1236 3644 1342 3715 γάρ
1364 3643 1460 3696 ὡδί
1479 3660 1493 3675 ο
1523 3662 1542 3694 ι
1581 3643 1691 3697 Καὶ
1718 3637 1837 3695 εἷπε

253 3734 465 3806 Κύριος
510 3735 647 3807 πρὸς
690 3735 920 3807 Μωσῆν,
970 3734 1180 3803 λέγων·
1235 3733 1482 3804 Λάλησον
1530 3735 1644 3795 τοῖς
1705 3733 1840 3794 υἱοῖς

264 3819 516 3894 Ἰσραὴλ,
555 3823 653 3877 καὶ
686 3823 833 3896 ἐρεῖς
862 3822 1001 3896 πρὸς
1041 3823 1259 3890 αὐτοὺς,
1313 3823 1408 3876 καὶ
1449 3821 1840 3892 ποιησάτωσαν

251 3915 472 3978 ἑαυτοῖς
500 3914 785 3986 κράσπεδα
811 3915 904 3968 ἐπὶ
919 3915 987 3969 τὰ
1009 3913 1283 3986 πτερύγια
1308 3914 1418 3967 τῶν
1449 3911 1684 3984 ἱματίων
1712 3914 1835 3966 ἑαυ-

250 4005 368 4059 τῶν
413 4009 494 4070 είς
524 4008 622 4072 τὰς
677 4007 871 4078 γενεὰς
903 4007 1118 4062 αὐτῶνθ
1167 4008 1261 4060 καὶ
1306 4007 1594 4078 ἐπιϐήσετε
1637 4008 1729 4060 ἐπὶ
1771 4005 1844 4080 τά

251 4098 544 4169 κράσπεδα
573 4100 682 4154 τῶν
727 4101 1037 4172 πτερυγίων
1088 4099 1322 4172 κλῶσμα.
1369 4099 1698 4166 ὑακίνθινον,
1745 4100 1842 4154 καὶ

252 4191 413 4247 ἔσται
454 4197 514 4248 ὲν
562 4198 673 4260 τοῖς
725 4195 1092 4268 κρασπέδοις,
1145 4194 1238 4247 καὶ
1295 4192 1492 4264 ὄψεσθε
1533 4193 1698 4257 αὐτὰ,
1749 4193 1844 4247 καὶ

1947 541 2060 601 test
2084 531 2313 604 diligere
2339 533 2364 585 ?
2399 533 2468 588 Et
2490 532 2597 586 hoc
2620 531 2940 585 mandatum
2965 530 3234 587 habemus
3271 533 3342 588 ab
3386 533 3530 602 ipso,

1949 633 2030 691 ut,
2063 627 2157 696 qui
2187 626 2366 696 diligit
2393 627 2588 691 Deum,
2636 623 2825 693 diligat
2860 631 2916 678 et
2947 623 3172 678 fratrem
3215 641 3375 682 suum
3398 627 3464 682 δ’.
3505 646 3524 678 ι

1949 719 2123 774 Simul
2166 720 2334 790 igitur
2370 728 2603 788 utraque
2645 734 2770 772 cum
2800 717 2974 771 altera
3016 717 3219 772 occidit
3244 734 3308 774 ac
3341 720 3529 790 splen-

1947 811 2075 867 dide
2119 811 2282 867 simul
2314 812 2561 866 exoritur
2604 830 2616 865 :
2653 818 2781 866 sunt
2814 811 2962 865 enim
3013 810 3246 865 virtutes
3291 813 3438 867 inter
3470 827 3532 866 se

1944 903 2140 958 vicinae
2170 920 2183 956 :
2209 918 2274 956 ac
2303 902 2452 957 velut
2476 901 2744 956 individui
2770 902 3003 972 jugales,
3041 901 3110 954 ad
3134 917 3299 956 unam
3341 916 3534 970 quam-

1945 993 2071 1048 dam
2120 993 2390 1063 insignem
2436 1001 2599 1063 atque
2646 993 2946 1062 perfectam
3001 992 3224 1062 pietatis
3267 994 3322 1046 in
3356 993 3531 1048 Deum

1943 1084 2434 1155 pulchritudinem,
2461 1100 2590 1139 eum
2621 1084 2714 1154 qui
2740 1083 2946 1153 optime
2972 1099 3199 1138 currum
3248 1085 3397 1139 hunc
3428 1100 3520 1154 gu-

1944 1175 2179 1230 bernare
2207 1175 2510 1240 studuerit,
2539 1174 2817 1230 deferunt.

2012 1268 2209 1323 PALL.
2251 1269 2422 1323 Recte
2451 1268 2550 1323 ais.
2597 1267 2693 1332 Ac,
2732 1267 2991 1336 quoniam
3024 1266 3293 1322 institutte
3332 1267 3528 1336 dispu-

1942 1361 2172 1416 tationis
2197 1361 2338 1416 ratio
2363 1360 2564 1431 poscit,
2593 1367 2654 1414 ut
2700 1359 2756 1412 in
2784 1359 2871 1413 his
2903 1357 3190 1427 explendis
3217 1358 3372 1412 labor
3402 1375 3529 1414 sus-

1942 1449 2178 1520 cipiatur
2203 1489 2217 1513 ,
2244 1465 2411 1520 perge
2443 1451 2554 1519 jam
2589 1464 2811 1513 rursus,
2847 1459 2903 1502 et
2935 1447 3274 1517 singularum
3304 1464 3489 1502 rerum
3511 1490 3525 1513 ,

1941 1555 2078 1609 quas
2115 1539 2564 1609 contemplandas
2617 1538 2972 1610 proposueris
3001 1579 3015 1604 ,
3088 1539 3446 1609 probationes
3495 1559 3528 1595 e

1941 1631 2115 1686 sacris
2148 1630 2377 1686 Litteris
2407 1631 2600 1701 collige
2629 1647 2641 1684 :
2676 1646 2741 1686 ac
2772 1631 2951 1685 nitere
2998 1637 3060 1684 ut
3103 1631 3238 1684 mihi
3287 1631 3529 1701 explices

1937 1719 2179 1792 quonam
2235 1731 2394 1792 pacto
2444 1723 2764 1793 contingere
2835 1721 3012 1791 possit
3067 1722 3354 1776 charitatis
3400 1739 3527 1794 erga

1942 1815 2254 1886 proximum
2281 1816 2532 1870 absoluta
2563 1816 2848 1887 perfectio.

2011 1903 2168 1958 ΟΥΕ.
2206 1904 2558 1974 Amplissima
2589 1921 2692 1960 nos
2727 1905 2950 1975 quidem
2984 1907 3051 1960 ad
3083 1922 3204 1961 eam
3247 1922 3364 1962 rem
3398 1923 3524 1978 per-

1941 1994 2095 2050 ducit
2122 1996 2226 2050 via.
2259 1996 2537 2067 Scriptum
2559 2004 2644 2052 est
2675 1997 2825 2051 enim
2863 2016 2874 2049 :
2916 2016 2934 2048 ‹
2974 1997 3172 2052 Latum
3203 2001 3525 2054 mandatum

1943 2094 2098 2142 tuum
2130 2088 2296 2142 nimis
2335 2088 2401 2142 ⁸³.
2441 2108 2458 2140 ι
2489 2089 2678 2143 Artem
2722 2103 2856 2142 vero
2887 2095 3052 2158 atque
3095 2089 3422 2145 industriam
3471 2092 3527 2144 in

1941 2177 2170 2248 singulis
2197 2177 2364 2231 rebus
2381 2177 2640 2247 gerendis
2665 2193 2775 2231 non
2801 2176 3045 2240 aliunde,
3079 2183 3140 2230 ut
3159 2177 3376 2247 opinor,
3402 2180 3527 2232 col-

1940 2268 2111 2338 ligere
2147 2269 2434 2339 quisquam
2459 2268 2698 2339 poterit,
2747 2269 2853 2322 nisi
2873 2284 2972 2338 per
3003 2268 3175 2339 legem
3198 2310 3212 2333 ,
3256 2285 3419 2338 quam
3469 2271 3528 2324 in

1941 2361 2274 2432 adjutorium
2302 2376 2422 2416 esse
2457 2361 2617 2415 nobis
2665 2361 2876 2425 datam,
2921 2361 3281 2430 propheticus
3347 2377 3528 2416 sermo

1941 2460 2176 2507 testatur
2198 2453 2260 2505 ‘9.
2296 2453 2484 2521 Itaque
2510 2493 2524 2516 ,
2560 2459 2619 2505 ut
2642 2467 2743 2506 nos
2773 2451 2838 2506 ad
2867 2452 3192 2521 perpetuam
3228 2461 3530 2521 pracepto-

1941 2560 2063 2598 rum
2093 2544 2670 2599 commemorationem
2709 2544 2847 2614 legis
2878 2553 3072 2598 auctor
3117 2545 3406 2610 exeitaret,
3447 2545 3529 2599 in-

1939 2637 2097 2706 quit:
2138 2655 2156 2688 ‹
2195 2636 2263 2690 Et
2296 2636 2609 2690 recondetis
2661 2636 2779 2690 haee
2804 2636 2974 2690 verba
3025 2637 3080 2691 in
3119 2651 3216 2689 cor
3248 2645 3524 2699 vestrum,

1939 2735 1994 2783 et
2030 2728 2086 2782 in
2111 2728 2348 2783 animam
2372 2736 2636 2793 vestram,
2673 2734 2732 2783 et
2761 2728 2983 2798 alligate
3016 2743 3080 2782 ea
3121 2728 3179 2781 in
3213 2727 3430 2798 signum
3473 2729 3527 2782 iu

1940 2835 2105 2874 manu
2147 2831 2362 2886 vestra,
2393 2827 2449 2873 et
2497 2824 2664 2874 erunt
2714 2819 2941 2874 immota
2972 2818 3138 2890 219
3176 2827 3304 2874 ante
3338 2821 3528 2874 oculos

1940 2918 2174 2976 vestros,
2196 2919 2252 2965 et
2280 2912 2473 2966 docete
2497 2927 2561 2965 ea
2593 2911 2736 2966 ﬁlios
2766 2918 3005 2974 vestros,
3032 2920 3088 2965 et
3117 2911 3416 2981 loquantur
3439 2927 3524 2973 ea,

1940 3004 2224 3070 sedentes,
2269 3003 2325 3058 in
2356 3004 2576 3067 itinere,
2602 3009 2658 3058 et
2707 3003 3006 3066 cubantes,
3037 3011 3438 3074 etsurgentes;
3473 3013 3528 3057 et

1943 3094 2240 3149 describite
2268 3109 2333 3147 ea
2373 3110 2538 3163 super
2565 3093 2756 3148 limina
2796 3093 3088 3147 domorum
3115 3103 3446 3156 vestrarum,
3472 3104 3527 3148 et

1941 3186 2235 3257 januarum
2270 3192 2600 3248 vestrarum,
2629 3190 2691 3238 ut
2716 3184 2919 3237 multos
2940 3182 3058 3236 dies
3079 3182 3297 3246 vivatis,
3322 3189 3379 3236 et
3408 3183 3528 3236 dies

1937 3276 2176 3331 ﬁliorum
2203 3283 2512 3330 vestrorum
2551 3275 2607 3328 in
2637 3282 2806 3348 terra,
2843 3287 3006 3342 quam
3029 3273 3235 3343 juravit
3261 3274 3526 3327 Dominus

1937 3368 2186 3440 patribus
2223 3367 2422 3421 vestris
2444 3407 2459 3432 ,
2491 3366 2748 3420 daturum
2789 3378 2847 3418 se
2882 3363 3019 3429 illis,
3068 3363 3212 3418 sicut
3246 3364 3366 3418 dies
3397 3365 3522 3420 caeli

1939 3475 2104 3530 super
2149 3466 2350 3512 terram
2384 3459 2450 3512 '°.
2494 3478 2512 3508 ι
2550 3455 2760 3527 Ecquid
2798 3463 2984 3510 autem
3028 3455 3118 3519 sit,
3152 3455 3524 3526 Alligateipsa

1941 3551 1997 3605 in
2024 3551 2280 3606 manibus
2302 3550 2521 3616 vestris,
2554 3550 2713 3620 plane
2747 3549 2804 3602 in
2840 3547 3096 3602 Numeris
3124 3548 3400 3617 exposuit.
3435 3547 3525 3602 Sic

1940 3643 2088 3696 enim
2120 3642 2386 3711 scriptum
2412 3649 2497 3695 est
2525 3658 2537 3694 :
2567 3661 2584 3692 ‹
2623 3641 2692 3695 Ει
2720 3640 2859 3694 dixit
2895 3638 3162 3693 Dominus
3184 3641 3250 3693 ad
3280 3639 3521 3709 Moysen,

1941 3734 2130 3789 dicens
2161 3752 2173 3786 :
2214 3733 2466 3802 Loquere
2503 3731 2631 3786 ﬁliis
2659 3729 2847 3794 Israel,
2881 3737 2936 3784 et
2970 3728 3122 3782 dices
3145 3727 3213 3782 ad
3258 3727 3441 3798 ipsos;
3467 3737 3527 3781 et

1940 3826 2144 3883 faciant
2176 3826 2279 3883 sibi
2310 3826 2554 3881 fimbrias
2584 3826 2640 3880 in
2675 3824 3083 3880 summitatibus
3108 3824 3346 3879 vestium
3395 3839 3524 3878 sua-

1941 3937 2064 3976 rum
2119 3921 2174 3975 in
2210 3919 2602 3992 generationes
2625 3931 2780 3984 suas;
2805 3921 2861 3970 et
2887 3914 3184 3986 imponetis
3208 3929 3374 3984 super
3402 3912 3525 3966 ﬁm-

1941 4013 2093 4069 brias
2137 4012 2514 4067 summitatum
2545 4008 2785 4064 vestium
2817 4006 3012 4068 vittam
3071 4004 3484 4075 hyacinthinam
3509 4044 3523 4068 ,

1941 4112 1998 4160 et
2025 4105 2134 4159 erit
2161 4103 2319 4157 vobis
2346 4102 2402 4155 in
2430 4099 2661 4154 ﬁmbriis
2687 4115 2702 4163 ;
2735 4104 2793 4150 et
2813 4096 3074 4152 videbitis
3118 4096 3293 4165 ipsas,
3335 4103 3394 4148 et
3436 4110 3524 4148 re-

1943 4194 2307 4250 cordabimini
2349 4193 2593 4247 omnium
2643 4197 3047 4260 praeceptorum
3080 4185 3319 4250 Domini,
3349 4194 3405 4238 et
3449 4186 3526 4240 fa-

257 4289 643 4365 μνησθήσεσθε
669 4287 861 4343 πασῶν
891 4286 1000 4341 τῶν
1031 4285 1260 4340 ἐντολῶν
1288 4285 1517 4356 Κυρίου,
1550 4285 1647 4338 καλ⁸
1687 4284 1840 4354 ποιή-

1945 4286 2102 4340 cietis
2132 4300 2231 4350 ea;
2271 4292 2326 4338 et
2373 4297 2485 4336 non
2543 4278 2940 4351 pervertemini
2986 4284 3111 4347 post
3165 4277 3526 4347 cogitationes

255 4403 381 4440 σετε
411 4383 611 4448 αὑτάς·
642 4381 738 4436 καὶ
775 4381 836 4435 οὐ
866 4379 1338 4452 διαστραφήσεσθε
1369 4379 1548 4434 ὀπίσω
1597 4377 1706 4431 τῶν
1732 4377 1844 4432 δια-

1945 4387 2176 4441 vestras,
2208 4385 2263 4430 et
2286 4382 2410 4446 post
2445 4371 2636 4428 oculos
2674 4377 2917 4434 vestros,
2943 4370 3000 4426 in
3039 4367 3242 4438 quibus
3279 4382 3378 4421 vos
3415 4367 3526 4422 for-

251 4476 416 4533 νοιῶν
446 4474 622 4547 ὑμῶν,
667 4473 762 4528 καὶ
788 4471 964 4525 ὀπίσω
1002 4470 1111 4524 τῶν
1155 4468 1449 4540 ὀφθαλμῶν
1482 4467 1636 4538 ὑμῶν
1688 4467 1746 4518 ὲν
1769 4461 1840 4530 οἷς

1952 4465 2213 4523 nicamini
2268 4473 2390 4534 post
2445 4463 2612 4534 ipsos,
2647 4467 2708 4516 ut
2765 4457 3134 4514 recordemini
3166 4474 3178 4510 :
3211 4466 3265 4512 et
3312 4457 3525 4512 faciatis

252 4569 419 4639 ὑμεῖς
451 4562 812 4638 ὲκπορνεὺετε
841 4561 1017 4615 ὀπίσω
1045 4559 1246 4627 αὐτῶν,
1282 4560 1430 4622 ὅπως
1458 4559 1524 4613 ἂν
1547 4557 1844 4629 μνησθῆτεο

250 4660 354 4714 καὶ
382 4659 636 4729 ποιήσετε
665 4656 844 4719 πάσας
865 4654 964 4716 τὰς
981 4653 1200 4716 ἐντολάς
1221 4669 1346 4723 μου,
1371 4652 1464 4706 καὶ
1497 4650 1682 4705 ἔσεσθε
1700 4649 1844 4719 ἅγιοι

251 4753 336 4824 τῷ
367 4750 486 4821 Θεῷ
508 4749 685 4820 ὑμῶν,
712 4747 822 4818 ἐγὼ
850 4748 1055 4818 Κύριος
1081 4749 1110 4800 ὀ
1129 4747 1262 4810 Θεὸς
1288 4747 1461 4817 ὑμῶν.
1495 4765 1513 4798 ι
1540 4745 1844 4815 Προεπιτά-

253 4845 356 4910 ξας
380 4837 474 4897 οὖν
501 4838 562 4896 εὖ
607 4840 755 4913 μάλα
784 4838 1161 4910 καταγράφειν
1189 4838 1338 4909 ἡμᾶς
1376 4837 1434 4890 ἐν
1473 4835 1722 4904 καρδίαις
1751 4833 1841 4888 τὸν

250 4937 445 5007 νόμον,
485 4927 608 4986 εἶτα
641 4931 879 5003 χαλεπὸν
925 4927 1267 5002 ἀρρώστημα
1301 4925 1394 4982 νοῦ
1433 4925 1532 4998 τὴν
1564 4924 1736 4998 λήθην
1765 4926 1836 4978 εί-

249 5027 384 5090 δὼς,
424 5019 514 5079 οἷά
551 5041 658 5095 περ
684 5025 740 5076 ὲν
765 5023 957 5077 πίνακι
1009 5022 1129 5084 ταῖς
1160 5020 1340 5090 φλιαῖς
1379 5017 1838 5090 ἀποσημήνασθαι

249 5121 367 5173 δεῖν
409 5116 690 5170 ἐπιτάττει
718 5115 814 5177 τὰς
843 5112 1065 5175 ἐντολάς
1084 5127 1097 5141 ·
1137 5111 1230 5165 καὶ
1261 5111 1369 5182 μὴν
1399 5111 1493 5164 καὶ
1521 5109 1620 5179 τῆς
1659 5108 1837 5174 δεξιᾶς

251 5208 532 5278 ἀφάπτειν
550 5206 730 5278 χειρὸς
761 5203 943 5257 δέλτιά
974 5219 1075 5256 που
1098 5200 1238 5274 τάχα
1252 5201 1342 5255 τὸν
1373 5200 1535 5271 νόμον
1555 5199 1833 5263 ὠδίνοντα,

253 5302 353 5356 καὶ
384 5296 845 5371 ἐγγεγραμμένον
870 5296 1062 5368 ἔχοντα
1085 5296 1145 5350 τὸ
1170 5292 1469 5368 χρησμῴδη
1479 5311 1576 5364 μα,
1609 5293 1704 5347 καὶ
1731 5293 1837 5365 μὴν

251 5391 349 5444 καὶ
381 5388 562 5444 αὐτῶν
590 5386 941 5460 ἀπηρτῆσθαι
970 5387 1079 5442 τῶν
1112 5387 1456 5459 ἐσθημάτων,
1489 5383 1588 5438 οὐκ
1612 5385 1840 5439 ἀσυντε-

251 5487 344 5550 λὲς
376 5481 517 5540 εἷναί
548 5502 713 5555 φησιν
761 5486 841 5550 είς
880 5485 1089 5555 ὄνησιν,
1122 5483 1192 5537 τά
1222 5501 1281 5538 τε
1311 5481 1622 5556 κράσπεδα,
1656 5481 1751 5535 καὶ
1780 5479 1838 5532 τὸ

252 5576 489 5648 κλῶσμα
517 5575 844 5632 ὑακίνθινον.

365 5767 407 5798 ⁸⁷
441 5769 483 5835 1,
515 5769 667 5824 loan.
705 5784 776 5833 tv,
819 5766 908 5836 20,
935 5767 1023 5821 21.
1102 5768 1146 5798 ⁸⁸
1179 5766 1315 5822 Psal.
1372 5780 1549 5828 cxvm,
1586 5765 1670 5817 96.

1755 5767 1792 5795 ἰθ
1827 5762 1926 5816 Isa.
1973 5777 2084 5823 γης,
2134 5757 2212 5811 16.
2295 5754 2336 5784 ⁵⁰
2375 5753 2534 5806 Delli.
2568 5765 2625 5814 11,
2655 5745 2836 5810 ίδ-Ξῖν

1951 4559 2135 4615 omnia
2173 4557 2427 4612 mandata
2453 4569 2608 4621 mea;
2641 4561 2698 4609 et
2734 4551 2892 4607 eritis
2941 4549 3116 4606 sancti
3157 4550 3268 4604 Deo
3293 4557 3480 4603 vestro
3508 4568 3522 4614 ;

1949 4667 2050 4722 ego
2094 4650 2360 4705 Dominus
2399 4649 2545 4704 Deus
2571 4654 2775 4711 vester,
2801 4643 2898 4715 qui
2931 4641 3096 4699 eduxi
3143 4655 3242 4696 vos
3272 4639 3340 4694 de
3379 4646 3527 4693 terra

1947 4742 2185 4813 Egypti,
2227 4751 2288 4795 ut
2310 4755 2488 4795 essem
2528 4739 2674 4793 Deus
2707 4745 2892 4791 vester
2919 4753 2932 4788 :
2964 4749 3064 4805 ego
3095 4730 3362 4788 Dominus
3383 4729 3528 4784 Deus

1946 4845 2129 4890 vester
2155 4834 2221 4887 δ’.
2256 4854 2272 4884 ι
2323 4831 2459 4887 Cum
2487 4844 2620 4900 ergo
2653 4835 2810 4882 antea
2851 4825 3137 4898 jussisset,
3160 4829 3222 4877 ut
3251 4819 3528 4876 describe-

1927 4941 2128 4980 ‘remus
2158 4926 2333 4995 legem
2363 4923 2419 4977 in
2466 4920 2758 4986 cordibus,
2788 4918 3063 4986 sciretque
3110 4922 3377 4985 praeterea
3401 4927 3524 4983 gra-

1941 5034 2064 5074 vem
2099 5032 2218 5072 esse
2250 5013 2717 5071 mentismorbum
2742 5007 3075 5065 oblivionem
3106 5024 3119 5060 :
3148 5007 3205 5061 in
3243 5005 3527 5060 liminibus

1941 5121 2202 5181 tanquam
2233 5110 2289 5163 in
2315 5108 2500 5163 tabula
2527 5103 2756 5161 inscribi
2797 5099 2994 5173 jussit;
3020 5099 3155 5170 quin
3186 5097 3354 5152 etiam
3390 5096 3526 5150 dex-

1944 5211 2042 5258 trae
2085 5202 2338 5274 alligare;
2387 5197 2680 5254 schedulas
2741 5194 2976 5248 fortasse
3028 5190 3292 5263 quasdam
3351 5189 3525 5257 legem

1954 5295 2361 5367 parturientes,
2416 5299 2473 5345 et
2516 5289 2765 5343 divinum
2813 5299 3146 5355 responsum
3196 5280 3526 5348 inscriptum

1951 5386 2215 5440 habentes
2261 5400 2272 5434 :
2311 5389 2576 5450 praeterea
2607 5392 2716 5432 non
2747 5376 2942 5431 inutile
2981 5390 3102 5430 esse
3136 5372 3274 5426 dixit
3300 5384 3368 5423 ex
3395 5367 3529 5438 ipsis

1945 5493 2162 5549 quoque
2192 5473 2436 5530 vestibus
2479 5470 2721 5543 pendere
2751 5477 2868 5524 tum
2906 5467 3149 5523 ﬁmbrias
3175 5505 3189 5527 ,
3224 5471 3339 5517 tum
3392 5459 3530 5531 hya-

1941 5565 2240 5621 cinthinam
2273 5562 2483 5617 vittam.

2917 5744 2958 5774 “
2995 5740 3265 5800 Num.xv,
3308 5735 3325 5786 l
3373 5745 3505 5798 seqq
