3966 6298
478 314 582 369 ιεδ

1499 305 1557 358 S.
1597 305 1872 362 CYlilLLl
1914 305 2382 361 ALEXANDRINI
2427 305 2744 362 ARCHIEP.

3640 313 3747 366 ιίὲί

547 428 744 485 PALL.
796 425 1046 494 Quonam
1106 425 1270 481 modo
1324 424 1522 480 divinae
1575 423 1712 494 legis
1777 423 2036 478 admoner

2238 423 2442 476 ΠΑΛΛ.
2471 423 2581 476 Καὶ
2608 424 2691 487 τίς
2729 423 2794 477 ἂν
2825 422 3032 493 γένοιτο
3063 421 3170 477 τῶν
3201 422 3357 476 θείων
3395 426 3576 496 νόμων
3615 427 3749 496 ἡμῖν

478 534 768 592 possumus
799 532 897 589 per
923 515 1167 570 ﬁmbrias
1193 529 1258 570 ac
1279 515 1473 569 vittam
1500 513 1948 586 liyacinthiuam?

544 701 703 756 CYR.
741 697 933 753 Nonne
957 697 1133 767 legem
1157 710 1256 766 per
1279 693 1566 763 aenigmata
1603 690 1858 746 traditam
1892 689 2062 744 fuisse

474 792 671 862 priscis
700 789 809 844 illis
846 786 1186 851 hominibus,
1222 800 1285 839 ac
1307 784 1474 838 veluti
1496 783 1550 836 in
1583 782 1793 836 umbris
1830 796 1952 836 esse
1978 780 2060 835 fa-

476 883 613 938 teris
644 883 667 934 ’ἶ

549 971 744 1026 PALL.
783 971 998 1026 Fateor.

544 1064 702 1120 ΟΥΕ.
731 1063 902 1134 Igitur
935 1059 1168 1116 ﬁmbriis
1198 1073 1262 1113 ac
1295 1057 1480 1114 manui
1527 1057 1719 1112 vittam
1748 1055 2060 1128 hyacinthi-

473 1171 599 1209 nam
629 1154 872 1224 alligare,
907 1151 1136 1221 ﬁgurate
1156 1190 1170 1214 ,
1201 1164 1265 1204 ac
1309 1164 1408 1219 per
1430 1148 1660 1218 aenigma
1695 1144 2057 1217 signiﬁcabat,

473 1262 593 1315 quae
623 1244 870 1300 caelestia
895 1249 1059 1309 sunt,
1085 1256 1150 1296 ea
1183 1248 1298 1296 tum
1349 1239 1612 1309 sapienda
1656 1253 1796 1300 esse,
1822 1245 1935 1291 tum
1974 1235 2057 1290 fa-

471 1335 688 1400 cienda,
712 1349 777 1387 ac
798 1348 1065 1402 supernas
1088 1333 1207 1386 illas
1229 1333 1376 1402 leges
1405 1331 1666 1386 memoria
1702 1328 2060 1383 retinendas?

481 1426 676 1496 Lapidi
716 1425 883 1490 enim,
929 1424 1037 1479 nisi
1063 1423 1244 1487 fallor,
1286 1423 1507 1486 Iudico,
1545 1421 1929 1492 hyacinthino,
1970 1421 2055 1474 in-

474 1533 640 1587 quam
665 1559 679 1583 ,
725 1517 1012 1572 aetherium
1053 1530 1254 1584 corpus
1281 1521 1366 1568 est
1393 1513 1624 1583 quadam
1661 1521 1819 1567 tenus
1847 1512 2052 1577 simile,

469 1624 594 1663 cum
623 1608 914 1680 splendore
943 1615 1108 1677 atque
1135 1605 1380 1661 tenebris
1408 1607 1632 1660 mistum
1659 1605 1752 1670 sit,
1785 1612 1952 1674 atque
1999 1604 2054 1658 in

2165 514 2469 584 ἀνάμνησις
2518 513 2606 568 διά
2638 531 2696 566 τε
2729 513 3050 586 κρασπέδων
3102 515 3196 567 καὶ
3244 513 3558 569 ὑακινθίνου
3604 517 3748 570 κλώ-

2167 623 2368 676 σματος
2393 623 2407 670 ;

2235 698 2398 752 ΚΥΡ.
2441 699 2515 751 Οὑ
2557 697 2666 768 γὰρ
2695 697 2759 769 δὴ
2792 697 2882 750 τὸν
2924 698 3088 768 νόμον
3133 698 3549 768 αἰνιγματωδῶς
3586 701 3745 754 λελα-

2163 787 2358 857 λῆσθαι
2388 790 2501 852 τοῖς
2546 789 2716 843 πάλαι
2766 789 2860 842 καὶ⁵
2895 790 3001 860 μὴν
3035 790 3128 844 καὶ
3174 789 3250 852 ὡς
3285 790 3342 844 ἐν
3376 794 3558 856 σκιαῖς
3602 789 3742 846 εἶναι

2163 881 2304 950 vis;

2235 970 2444 1025 ΠΑΛΛ.
2477 972 2643 1043 Φημί.

2233 1063 2399 1118 ΚΥΡ.
2435 1063 2674 1135 Αἴνιγμα
2696 1064 2759 1135 δὴ
2782 1057 2875 1118 οὖν
2899 1063 2994 1118 τοῦ
3028 1064 3136 1119 δεῖν
3161 1064 3396 1132 ἑλέσθαι,
3429 1069 3646 1136 φρονεῖν
3679 1086 3736 1121 τε

2163 1162 2257 1215 καὶ
2292 1159 2425 1230 δρᾷν
2456 1157 2524 1210 τὰ
2557 1159 2617 1224 ἐξ
2642 1156 2895 1230 ούρανοῦ,
2927 1159 3019 1211 καὶ
3064 1158 3174 1213 τῶν
3202 1158 3407 1214 ἄνωθεν
3436 1159 3738 1230 διαμεμνῆ-

2161 1254 2289 1306 σθαι
2321 1252 2524 1322 νόμων,
2589 1251 2651 1304 rb
2697 1249 3021 1321 κρασπέδων
3053 1267 3112 1304 τε
3155 1252 3249 1304 καὶ
3298 1252 3466 1323 αὑτῆς
3523 1253 3736 1323 ἀφὰψαι

2160 1346 2340 1418 χειρὸς
2373 1347 2432 1399 rb
2461 1344 2692 1416 κλῶσμα
2722 1343 2783 1397 rb
2816 1342 3156 1409 ὑακίνθινον;
3191 1343 3324 1414 λίθῳ
3355 1346 3464 1416 γὰρ
3489 1341 3643 1418 οἶμαι
3668 1351 3730 1419 τῇ

2173 1437 2386 1508 Ἰνδικῇ,
2411 1437 2489 1508 τῷ
2519 1435 2810 1506 ὑακινθίνῳ
2840 1435 3004 1505 φημὶ,
3035 1435 3095 1488 rb
3118 1437 3356 1508 αίθέριόν
3382 1457 3498 1500 πως
3523 1441 3728 1504 εἰκάζε-

2158 1546 2246 1583 ται
2272 1529 2450 1599 σῶμα,
2480 1528 2622 1598 αὐγῇ
2642 1543 2701 1579 τε
2729 1528 2823 1580 καὶ
2851 1527 3028 1597 σκότῳ
3059 1528 3353 1596 συμμιγὲς,
3383 1530 3477 1583 καὶ
3500 1533 3558 1584 ὲν
3580 1532 3729 1601 βάθει

2158 1639 2274 1684 πως
2307 1621 2429 1690 ἕχον
2459 1620 2521 1672 rb
2552 1619 2861 1691 ὑδαροειδὲς
2884 1660 2899 1685 ,
2947 1618 3362 1688 ὑποτρέμουσάν
3394 1639 3454 1675 τε
3499 1624 3596 1678 καὶ
3643 1627 3731 1679 εὑ-

469 1698 579 1753 imo
618 1714 774 1768 aquae
801 1696 1220 1752 similitudinem
1249 1696 1478 1760 habeat,
1512 1711 1633 1766 quze
1675 1695 1965 1749 tremulam
1991 1711 2036 1750 at

2155 1712 2403 1781 διάχυτον
2434 1713 2730 1781 ὑποφαῖνον
2766 1711 2866 1782 τὴν
2907 1711 3048 1781 ὄψιν.
3088 1713 3464 1784 Ἀπηρτῆσθαι
3493 1714 3557 1786 δὴ
3583 1712 3676 1770 οῦν
3703 1720 3730 1769 ὀ

467 1785 689 1840 ﬂuidam
731 1787 969 1855 speciem
998 1801 1112 1856 prae
1149 1801 1206 1840 se
1241 1785 1401 1840 ferat.
1455 1786 1619 1856 220
1654 1785 1765 1840 Lex
1799 1786 1965 1857 igitur
1996 1799 2036 1841 e1

2155 1771 2317 1875 νόμος
2353 1804 2463 1856 τῶν
2497 1771 2566 1858 τε.
2595 1771 2919 1875 ἐσθημάτων
2948 1771 3128 1860 αὐτῶν
3152 1771 3245 1860 κοίἱ
3279 1771 3386 1879 μήν
3417 1809 3510 1862 καὶ
3545 1771 3731 1882 .xstpb;

465 1877 713 1932 vestibus
747 1887 804 1932 et
842 1877 1026 1932 manui
1051 1879 1242 1932 vittam
1270 1878 1679 1948 hyacinthinam
1715 1879 1923 1950 alligari
1967 1895 2052 1934 sa-

465 1969 638 2040 pienti
666 1969 894 2023 consilio
931 1969 1127 2039 jussit,
1165 1969 1570 2040 quodammodo
1608 1971 1864 2036 innuens,
1892 1971 2049 2041 quasi

463 2059 665 2113 mentis
714 2059 1132 2124 vestimentum,
1181 2068 1237 2114 et
1285 2058 1520 2114 amictus
1554 2059 1785 2114 rationis
1829 2059 1928 2114 tibi
1979 2061 2049 2116 sit

463 2150 746 2204 oraculum
789 2148 1008 2204 coalitus
1033 2149 1275 2215 editum,
1321 2149 1413 2204 lex
1437 2149 1605 2204 etiam
1654 2151 1758 2205 rite
1799 2165 1862 2204 ac
1898 2161 2049 2208 recte

461 2236 730 2291 factorum
775 2237 1004 2291 arbitra.
1038 2238 1231 2292 Manus
1265 2239 1412 2293 enim
1439 2255 1671 2310 operum
1698 2251 1782 2295 est
1825 2242 2049 2313 symbo-

459 2326 573 2381 lum
601 2346 612 2380 :
635 2343 757 2397 quae
780 2343 945 2398 porro
971 2328 1214 2398 legitime
1249 2328 1389 2384 ﬁunt
1413 2345 1445 2383 a
1472 2330 1654 2394 nobis,
1697 2347 1926 2400 prorsus
1957 2349 2046 2387 re-

459 2419 827 2487 prehensione
852 2431 1069 2485 vacant,
1097 2435 1275 2490 neque
1316 2421 1384 2476 de
1405 2422 1540 2477 vitio
1566 2423 1851 2478 sinistrum
1882 2425 2046 2494 quid-

459 2510 607 2578 piam
643 2511 866 2566 habent.
916 2510 1336 2582 Magniﬁcabant
1385 2513 1569 2582 itaque
1610 2514 1871 2569 Pharismi
1924 2516 2046 2568 tim-

460 2601 612 2654 brias
655 2617 817 2667 suas,
853 2611 909 2655 et
959 2602 1264 2657 dilatabant
1300 2603 1636 2674 phylacteria
1670 2620 1766 2658 sua
1791 2645 1805 2669 ,
1845 2605 1898 2659 id
1931 2614 2042 2673 est,

459 2689 751 2745 schedulas
793 2707 824 2746 e
867 2693 1060 2747 dextra
1104 2709 1272 2748 manu
1327 2709 1619 2764 suspensas
1656 2713 1669 2749 :
1720 2696 2044 2751 ridebantur

461 2790 646 2836 tamen
692 2797 724 2838 a
754 2781 1013 2850 Christo,
1053 2785 1201 2854 quod
1239 2801 1359 2841 eam
1386 2802 1502 2842 rem
1547 2787 1615 2842 ad
1659 2787 1836 2843 inanis
1861 2787 2045 2858 gloria:

459 2871 826 2937 occasionem,
853 2888 964 2928 non
1014 2874 1082 2929 ad
1137 2874 1274 2946 legis
1300 2878 1877 2933 commemorationem
1909 2895 2043 2934 con-

399 3022 402 3023 ,
457 2963 752 3018 vertissent
777 2966 842 3019 ".
862 2965 1008 3020 Fieri
1043 2967 1210 3038 igitur
1239 2976 1441 3039 potest,
1461 2977 1524 3024 ut
1546 2971 1797 3040 quamvis
1831 2972 1884 3026 id
1927 2972 2038 3038 ﬁat,

457 3053 604 3123 quod
640 3054 728 3109 lex
758 3056 949 3128 jubet,
992 3066 1175 3113 tamen
1217 3060 1307 3115 lex
1333 3060 1450 3130 ipsa
1473 3062 1732 3127 violetur,
1767 3063 1876 3118 nisi
1924 3064 2042 3134 lege

457 3145 582 3216 quis
615 3155 763 3201 recte
801 3154 1009 3202 utatur.
1047 3147 1271 3221 Hocque
1305 3151 1444 3206 illud
1487 3160 1570 3206 est
1593 3193 1608 3217 ,
1644 3153 1861 3223 opinor,
1893 3154 2040 3224 quod
2069 3136 2110 3192 ο

453 3236 532 3291 ait
587 3236 842 3294 Salomon
887 3257 901 3294 :
961 3259 978 3292 ι
1009 3241 1108 3296 Est
1153 3242 1356 3312 justus,
1401 3243 1494 3312 qui
1543 3243 1689 3313 perit
1728 3243 1783 3297 in
1825 3244 2041 3315 justitia

453 3341 551 3382 sua
584 3329 648 3382 ⁵³.
685 3348 702 3380 ι
736 3329 908 3401 Igitur
950 3331 1047 3386 Dei
1085 3333 1402 3389 mandatum
1462 3334 1519 3390 in
1566 3344 1751 3391 mente
1779 3345 1942 3406 atque
1982 3337 2038 3390 in

451 3416 617 3472 corde
651 3417 1065 3476 inscribendum
1108 3432 1234 3490 est;
1269 3427 1427 3497 cujus
1477 3425 1559 3480 rei
1591 3426 1884 3481 utilitatem
1910 3442 2037 3482 cum

450 3509 796 3579 perspicuam
823 3511 1030 3568 faceret
1063 3513 1236 3589 David
1272 3515 1363 3569 ille
1387 3515 1638 3583 divinus,
1686 3517 1754 3572 de
1782 3535 2034 3590 unoquo-

448 3615 555 3668 que
578 3601 699 3656 viro
717 3604 866 3674 justo
889 3605 1123 3675 loquens
1146 3607 1225 3660 ait
1251 3624 1264 3659 :
1305 3626 1324 3659 ι
1354 3607 1468 3662 Lex
1496 3609 1593 3664 Dei
1616 3611 1738 3681 ejus
1775 3612 1832 3666 in
1869 3614 2034 3668 corde

448 3691 658 3759 ipsius;
689 3700 747 3746 et
783 3710 896 3749 non
937 3697 1439 3766 supplantabuntur
1473 3716 1693 3770 gressus
1727 3705 1848 3774 ejus
1881 3705 1928 3737 ἰ
1963 3725 1974 3759 :
2005 3726 2024 3758 ι

447 3781 584 3836 lllud
613 3784 784 3851 enim,
807 3793 870 3839 ut
897 3787 1114 3856 opinor,
1146 3789 1308 3859 plane
1354 3793 1707 3848 manifestum
1738 3805 1841 3864 est,
1874 3801 2031 3870 cujus

448 3871 505 3925 in
533 3879 718 3928 mente
745 3875 833 3929 lex
879 3875 1069 3932 divina
1104 3879 1275 3934 fuerit
1297 3920 1314 3947 ,
1347 3882 1528 3938 eidem
1567 3887 1794 3942 omnino
1849 3890 2029 3948 inesse

447 3969 712 4030 praeterea
732 4005 746 4030 ,
777 3974 839 4020 ut
861 3967 1037 4037 probe
1069 3969 1428 4028 conﬁrmatus
1459 3981 1516 4028 et
1548 3975 1751 4031 virtute
1785 3979 1856 4033 sit
1915 3990 2024 4035 sta-

445 4053 563 4108 bili.

394 4209 401 4216 ,
515 4144 710 4200 PALL.
742 4147 821 4204 lta
851 4163 910 4204 se
933 4165 1023 4205 res
1058 4151 1242 4209 habet.

518 4237 675 4294 CYR.
705 4241 894 4312 Itaque
919 4243 1070 4315 jugis
1096 4255 1260 4317 atque
1289 4259 1553 4320 perpetua
1579 4252 1716 4324 legis
1739 4255 2020 4318 meditatio

441 4327 509 4418 ad
537 4339 744 4387 rectam
781 4335 928 4391 viam
971 4337 1249 4407 perducit,
1285 4342 1433 4410 quod
1463 4343 1608 4399 idem
1646 4353 1731 4400 est
1763 4355 1926 4418 atque
1950 4349 2018 4405 ad

2152 1897 2213 1950 rb
2252 1897 2480 1968 κλῶσμα
2519 1897 2580 1950 rb
2608 1897 2915 1953 ὑακίνθινον
2943 1900 3302 1971 οἰκονομικῶς
3339 1903 3727 1974 προσ-τέταχεν,

2151 1989 2312 2043 οἱονεί
2340 2006 2458 2050 πως
2493 1989 2808 2058 ὑποφωνῶν.
2837 1989 3091 2061 Ἔσθημὰ
3121 2009 3201 2044 σοι
3243 1993 3334 2046 νοῦ
3370 1995 3466 2046 καὶ
3491 1995 3731 2059 διανοίας

2150 2081 2376 2152 ἄμφιον,
2413 2081 2591 2151 λόγιον
2613 2081 2753 2136 ἔστω
2780 2082 2840 2136 rb
2860 2082 2920 2147 ἐξ
2941 2084 3191 2154 ούρανοῦ,
3219 2086 3315 2138 καὶ
3342 2086 3528 2151 δεξιῶν
3552 2089 3728 2160 ἔργων

2151 2174 2455 2246 βραϐευτής
2487 2176 2516 2227 6
2549 2175 2730 2246 νόμος.
2764 2176 2966 2246 Ἔργου
2987 2176 3096 2248 γὰρ
3115 2176 3178 2248 δὴ
3209 2176 3476 2250 σύμϐολον
3503 2183 3535 2252 ή
3571 2183 3690 2252 χείρ
3711 2198 3726 2212 υ

2149 2264 2217 2317 τὰ
2246 2263 2302 2318 δὲ
2329 2267 2605 2334 συννόμως
2633 2263 2886 2336 δρώμενα
2910 2266 3046 2337 πρὸς
3066 2268 3245 2339 ἡμῶν,
3267 2270 3481 2334 πάντως
3506 2289 3606 2324 που
3632 2274 3726 2325 καὶ

2149 2355 2567 2427 ἁνεπίπληκτα,·
2590 2359 2686 2409 καὶ
2715 2358 2777 2410 rb
2809 2359 2866 2412 ἐν
2913 2359 3206 2428 φαυλότητι
3238 2362 3421 2415 σκαιὸν
3459 2363 3559 2416 οὑκ
3589 2364 3721 2434 ἔχει.

2154 2449 2523 2518 ’Ἐμεγάλυνον
2553 2445 2648 2502 οῦν
2685 2449 2735 2502 oi
2776 2450 3056 2522 Φαρισαῖοι
3085 2450 3152 2504 τὰ
3188 2452 3468 2522 κράσπεδα
3520 2457 3722 2520 αὐτῶν,

2147 2540 2241 2594 καὶ
2285 2540 2580 2594 ὲπλάτυνον
2620 2541 2690 2595 τὰ
2735 2542 3084 2616 φυλακτήρια
3117 2545 3316 2612 αὐτῶν,
3351 2550 3616 2614 τουτέστι,
3656 2552 3727 2604 τὰ

2145 2633 2243 2700 τῆς
2272 2631 2452 2700 δεξιᾶς
2474 2633 2842 2706 ἀπηρτημένα
2868 2635 3048 2690 δέλτια
3069 2655 3083 2670 ο
3108 2639 3247 2710 πλὴν
3278 2640 3541 2709 ὲγελῶντο
3571 2645 3725 2714 παρὰ

2144 2722 2400 2794 Χριστοῦ,
2439 2726 2518 2789 είς
2555 2726 2855 2796 φιλοδοξίας
2898 2729 3174 2802 ἀφορμὴν,
3201 2731 3296 2784 καί¹
3325 2733 3422 2786 οὐκ
3471 2735 3550 2798 είς
3587 2736 3724 2790 ἀνά-

2146 2834 2342 2888 μνησιν
2369 2818 2461 2870 τοῦ
2507 2819 2674 2890 νόμου
2705 2820 2765 2874 τὸ
2811 2822 2999 2894 χρῆμα
3033 2823 3365 2895 ποιούμενοι.
3398 2827 3584 2882 Ἔστιν
3625 2825 3720 2884 οῦν

2145 2904 2254 2974 ἄρα
2286 2905 2380 2958 καὶ
2405 2906 2646 2977 ἐννόμως
2671 2910 2916 2979 ἀνομεῖν,
2946 2913 2994 2964 εί
3024 2913 3097 2984 μή
3131 2931 3215 2976 τις
3235 2914 3408 2988 ὀρθῶς
3434 2917 3723 2990 ἀποχρῷτο

2141 2994 2218 3065 τῷ
2245 2995 2414 3067 νόμῳ.
2439 2997 2551 3050 Καὶ
2580 2998 2755 3061 τοῦτο,
2782 2994 2956 3071 οἶμαι,
2981 3003 3124 3058 ἐστὶν
3149 3006 3284 3076 ὅπερ
3307 3006 3409 3079 ἔφη
3445 3009 3715 3080 Σολομὼν·

2150 3106 2167 3139 ι
2205 3087 2318 3141 ἔστι
2368 3089 2573 3152 δίκαιος
2611 3092 2982 3163 ἀπολλύμενος
3021 3097 3080 3150 ἐν
3106 3098 3298 3169 δικαίῳ
3331 3100 3518 3156 αὑτοῦ.
3551 3122 3571 3156 ι
3606 3104 3720 3155 Κα-

2143 3178 2485 3248 ταγραπτέον
2515 3176 2608 3234 οὖν
2631 3180 2738 3252 ἄρα
2771 3184 2867 3253 τὴν
2910 3185 3058 3240 θείαν
3095 3188 3314 3260 ἐντολὴν
3347 3191 3427 3254 είς
3469 3192 3590 3245 νοῦν
3622 3193 3719 3247 καὶ

2141 3271 2388 3343 καρδίαν,
2423 3273 2516 3326 καὶ
2561 3276 2660 3346 τήν
2689 3293 2753 3344 γε
2793 3278 2885 3331 τοῦ
2926 3280 3250 3356 πράγματος
3282 3283 3467 3354 ὄνησιν
3511 3287 3715 3357 ἐναργῆ

2140 3361 2406 3427 καθιστὰς
2443 3368 2472 3419 6
2511 3365 2652 3430 θεῖος
2692 3367 2796 3440 ἔφη
2846 3371 3010 3424 Δαϐὶδ
3059 3374 3187 3444 περὶ
3222 3373 3430 3428 δικαίου
3477 3378 3710 3441 παντός·

2145 3472 2163 3505 ι
2213 3454 2272 3508 ’0
2311 3455 2473 3527 νόμος
2501 3458 2596 3512 τοῦ
2624 3459 2757 3514 Θεοῦ
2794 3461 2959 3515 αὑτοῦ
2991 3464 3047 3516 ὲν
3071 3467 3137 3536 τῇ
3177 3467 3370 3540 καρδίᾳ
3395 3467 3579 3532 αὑτοῦ,
3616 3471 3712 3523 καὶ

2137 3546 2236 3618 οὐχ
2270 3547 2792 3622 ὑποσκελισθήσεται
2832 3553 2900 3607 τὰ
2930 3555 3240 3628 διαδήματα
3268 3561 3451 3614 αὑτοῦ.
3493 3581 3512 3614 ι
3552 3563 3712 3618 Ἐστι

2136 3639 2264 3710 γὰρ,
2287 3637 2460 3711 οἶμαι,
2485 3644 2576 3698 καὶ
2611 3644 2755 3714 μάλα
2789 3647 2978 3716 σαφὲς,
3017 3649 3090 3712 ὼς
3121 3651 3228 3722 ὅτῳ
3263 3669 3364 3724 περ
3407 3653 3473 3707 ἂν
3503 3655 3530 3707 6
3568 3655 3711 3720 θεῖος

2134 3731 2213 3794 είς
2247 3731 2369 3784 νοῦν
2405 3733 2636 3806 ὑπάρχει
2671 3735 2855 3805 νόμος,
2893 3739 3188 3810 προσέσται
3220 3759 3320 3795 που
3369 3745 3587 3810 πάντως
3617 3750 3710 3799 καὶ

2133 3821 2192 3874 rb
2223 3823 2539 3894 ὲρηρεῖσθαι
2574 3827 2778 3895 καλῶς,
2813 3829 2907 3882 καὶ
2932 3831 2991 3884 rb
3025 3833 3082 3886 ἐν
3113 3831 3318 3906 βεϐαίῳ
3363 3837 3576 3891 κεῖσθαι
3610 3840 3707 3908 τῆς

2132 3915 2352 3986 ἀρετῆς.

2123 4009 2136 4056 ί

2197 4161 2405 4218 ΠΑΛΛ.
2436 4155 2564 4217 Ὧδε
2597 4165 2727 4236 ἔχει.
2930 4240 2941 4247 ν

2193 4254 2357 4306 ΚΥΡ.
2392 4254 2599 4309 Οὐκοῦν
2647 4260 2679 4328 ή
2718 4260 2904 4332 μακρὰ
2948 4262 3042 4316 καὶ
3091 4265 3342 4340 διηνεκὴς
3391 4268 3489 4324 τοῦ
3536 4271 3702 4340 νόμου

2124 4342 2433 4414 μελέτησις,
2468 4348 2793 4426 ἀποκομίξει
2846 4353 2982 4424 πρὸς
3019 4355 3079 4409 rb
3131 4358 3281 4422 εὐθὺ,
3332 4361 3490 4415 τοῦτο
3540 4363 3584 4416 δ’
3634 4363 3702 4417 ἂν

440 4417 496 4472 id
533 4422 681 4490 quod
713 4423 826 4479 Deo
855 4426 1071 4495 placet,
1095 4427 1432 4486 oblivionem
1477 4447 1545 4488 ex
1577 4433 1813 4492 hominis
1836 4417 2019 4494 animo

440 4512 606 4540 ..ιιι-..ε
663 4516 917 4540 ιΑ-Αι---
961 4518 1214 4540 ---,-.1--.-
1261 4523 1350 4540 ,κιο
1396 4524 1405 4534 -
1705 4528 1741 4540 .-
1857 4530 1887 4540 Α.

2146 4435 2207 4506 ιῖη
2243 4435 2321 4507 τῷ
2366 4437 2485 4510 Θεῷ
2513 4417 2723 4505 δοκοῦν,
2755 4417 2906 4498 θολὸν
2949 4444 3136 4521 ὥσπερ
3177 4417 3300 4504 τινα
3338 4454 3433 4507 καὶ
3472 4455 3700 4526 ὁμὲχλην

437 4512 608 4568 veluti
663 4516 920 4572 tenebras
955 4518 1222 4589 quasdam
1249 4523 1650 4596 caliginemque
1688 4528 2011 4586 discutiens.

433 4604 625 4676 Neque
652 4623 788 4664 vero
831 4609 1116 4682 hucusque
1147 4623 1356 4672 tantum
1391 4634 1716 4689 progressus
1751 4622 2018 4694 estlegis—

433 4695 593 4763 lator;
645 4697 746 4753 sed
790 4715 916 4755 cum
955 4702 1138 4761 adhuc
1171 4707 1370 4762 melius
1410 4709 1671 4778 quiddam
1712 4713 2015 4785 excogitas-

431 4793 568 4852 set,-
595 4788 664 4843 ad
696 4791 1043 4849 excitandam
1090 4796 1149 4852 in
1178 4797 1463 4855 laboribus
1496 4800 1862 4872 suscipiendis
1898 4806 2013 4861 ala-

431 4880 678 4936 critatem
706 4923 722 4949 ,
755 4899 910 4955 spem
967 4888 1216 4944 omnium
1263 4905 1450 4944 rerum
1480 4894 2021 4964 exoptatissimarum

432 4978 692 5042 tanquam
731 4990 915 5031 escam
943 4980 1238 5048 quamdam
1270 4981 1536 5054 adjungit.
1577 4983 1668 5039 Ait
1695 4987 1842 5042 enim
1880 5005 2009 5043 rur-

428 5077 522 5115 sus
553 5080 565 5115 :
613 5082 631 5114 ι
661 5063 718 5119 Si
743 5065 800 5120 in
825 5069 1116 5139 praeceptis
1139 5071 1278 5127 meis
1305 5074 1738 5142 ambulaveritis,
1773 5088 1828 5134 et
1850 5096 2008 5134 man-

427 5149 553 5206 data
600 5169 720 5210 mea
758 5160 1136 5217 custodieritis
1161 5205 1175 5230 ,
1213 5171 1270 5218 et
1303 5162 1545 5223 feceritis
1574 5183 1638 5222 ea
1661 5209 1674 5231 ,
1713 5169 1857 5224 dabo
1887 5172 2008 5240 plu-

427 5241 568 5296 viam
593 5245 750 5302 vobis
777 5248 836 5303 in
875 5258 1120 5322 tempore
1150 5268 1271 5320 suo,
1327 5263 1383 5310 et
1407 5265 1554 5311 terra
1594 5259 1746 5313 dabit
1774 5276 2008 5330 proven-

2121 4530 2220 4599 τῆς
2251 4527 2541 4600 ἀνθρώπου
2568 4531 2824 4599 διανοίας,
2853 4535 2951 4608 τὴν
2980 4538 3149 4610 λήθην
3180 4541 3561 4613 ἐκπέμπουσα.
3588 4548 3700 4601 Καὶ

2120 4619 2182 4672 οὑ
2217 4620 2379 4692 μέχρι
2408 4621 2613 4676 τούτων
2646 4625 2674 4677 6
2705 4626 3022 4699 νομοθέτης,
3065 4629 3201 4685 ἀλλά
3250 4650 3302 4687 τι
3351 4635 3444 4688 καὶ
3476 4638 3700 4708 ἄμεινον

2121 4713 2516 4782 προσεπινοῶν,
2557 4715 2751 4789 δέλεαρ
2782 4717 2969 4793 ὥσπερ
2995 4739 3068 4790 τι,
3093 4723 3194 4794 τῆς
3222 4724 3278 4777 ἐν
3309 4742 3370 4794 γε
3402 4727 3478 4797 τῷ
3497 4731 3699 4800 χρῆναι

2123 4806 2297 4858 ποιεῖν
2335 4805 2669 4877 προθυμίας,
2716 4808 2904 4864 ἐλπίδα
2953 4817 3210 4880 ποιεῖται,
3253 4817 3349 4889 τὴν
3390 4821 3476 4888 ἐφ’
3522 4821 3699 4875 ἅπασι

2118 4897 2233 4958 τοῖς
2254 4896 2674 4962 εὑκταιοτάτοις.
2716 4901 2859 4971 Ἔφη
2893 4903 3000 4976 γὰρ
3031 4906 3191 4960 πάλιν
3213 4924 3226 4938 ν
3267 4927 3284 4959 ι
3341 4909 3466 4963 Ἐὰν
3493 4911 3552 4963 ὲν
3580 4915 3701 4976 τοῖς

2118 4989 2504 5059 προστάγμασί
2523 5008 2622 5061 μου
2643 4993 2972 5065 πορεύησθε,
2996 4997 3092 5050 καὶ
3109 4999 3206 5063 τὰς
3222 5000 3441 5064 ἐντολάς
3457 5020 3558 5072 μου
3590 5021 3663 5072 φυ
3675 5034 3698 5044 -

2114 5076 2368 5148 λάξησθε,
2411 5081 2503 5134 καὶ
2533 5084 2797 5156 ποιήσητε
2831 5087 3018 5153 αὐτὰς,
3057 5089 3214 5144 δώσω
3247 5092 3337 5146 τὸν
3376 5093 3527 5146 ὑετὸν
3561 5097 3697 5166 ὑμῖν

2115 5169 2174 5221 ἐν
2206 5171 2284 5241 τῷ
2323 5173 2501 5246 καιρῷ
2546 5177 2733 5246 αὑτοῦ,
2779 5183 2932 5254 καὶή
2973 5184 3042 5254 γῆ
3077 5183 3236 5237 δώσει
3272 5186 3341 5239 τὰ
3373 5189 3694 5259 γεννήματα

2109 5261 2298 5332 αὑτῆς,
2336 5265 2430 5318 καὶ
2454 5267 2522 5321 τὰ
2554 5267 2686 5335 ξύλα
2707 5271 2816 5326 τῶν
2842 5273 3038 5328 πεδίων
3063 5276 3332 5332 ἀποδώσει
3360 5280 3450 5333 τὸν
3480 5281 3693 5353 καρπὸν

428 5345 512 5390 tus
537 5354 687 5406 suos,
727 5349 784 5396 et
807 5342 954 5414 ligna
980 5347 1159 5414 campi
1189 5348 1424 5403 reddent
1453 5349 1693 5405 fructum
1740 5369 1929 5420 suum;
1951 5365 2008 5411 et

2147 5354 2308 5448 ὑτῶν.
2345 5358 2456 5413 Καὶ
2482 5361 2850 5435 καταλήψεται
2890 5369 3018 5438 ὑμῖν
3045 5371 3073 5423 6
3103 5369 3331 5442 ἀλοητδς
3357 5373 3449 5428 τὸν
3478 5342 3694 5448 τρυγη-

426 5432 857 5501 comprehendet
881 5434 1034 5490 vobis
1059 5435 1257 5495 tritura
1277 5439 1635 5509 vindemiam,
1659 5445 2007 5502 etvindemia

2146 5447 2220 5514 ὺν,
2271 5451 2366 5505 καὶ
2397 5453 2425 5505 6
2456 5432 2726 5527 τρυγητδς
2770 5432 3145 5534 καταλήψεται
3187 5432 3278 5520 rbv
3311 5432 3550 5539 σπόρον,
3591 5432 3690 5522 καὶ

422 5532 746 5588 seuientem,
784 5533 839 5578 et
869 5525 1046 5582 edetis
1071 5543 1268 5597 panem
1303 5540 1547 5589 vestrum
1575 5534 1632 5590 in
1672 5538 2001 5604 satietatem,

2110 5543 2348 5610 φάγεσθε
2383 5547 2471 5600 τὸν
2503 5550 2665 5621 ἄρτον
2697 5553 2848 5623 ὑμῶν
2872 5558 2950 5620 είς
2984 5557 3322 5630 πλησμονὴν,
3370 5563 3463 5615 καὶ
3500 5580 3687 5617 κατοι-

518 5699 563 5731 ⁸³
586 5704 755 5760 Matth
802 5724 950 5778 XXIII,
988 5713 1039 5770 5.
1079 5713 1122 5745 ⁸³
1164 5716 1310 5772 Eccl.
1340 5733 1431 5784 vn,
1460 5717 1543 5772 l6.
1624 5720 1668 5752 δ’
1693 5723 1834 5778 Psal.
1876 5741 2053 5786 xxxvi.
2083 5731 2170 5784 5].
