3966 6298
168 336 259 393 485

851 332 940 385 DE
979 316 1421 385 ADORATIONE
1461 329 1527 384 IN
1563 328 1835 385 SPlliITU
1878 328 1964 384 ET
2009 328 2375 385 YERITATE.
2420 328 2547 386 LIB.
2590 332 2680 387 VII

3310 337 3412 394 486

167 456 342 522 κήσετε
377 448 492 518 μετ’
523 444 823 515 ἀσφαλείας
849 445 942 498 ἐπὶ
977 445 1080 515 τῆς
1116 448 1218 516 γῆς
1253 444 1428 517 ὑμῶν,
1455 446 1548 498 καὶ
1575 446 1603 498 6
1630 445 1721 498 πό-

1837 453 1882 498 et
1919 444 2241 500 habitabilis
2285 462 2408 500 cum
2456 448 2751 503 securitate
2803 447 2857 505 in
2912 458 3058 508 terra
3097 460 3283 512 vestra
3311 500 3324 522 ,
3357 470 3415 515 et

165 541 389 615 λεμοςοὺ
436 536 772 592 διελεύσεται
809 536 897 590 διὰ
933 536 1033 608 τῆς
1067 539 1173 606 γῆς
1212 536 1386 607 ὑμῶν,
1431 538 1526 590 καὶ
1568 537 1724 589 δώσω

167 639 363 711 εἰρήνην
395 634 453 685 ὲν
482 632 550 703 τῇ
577 633 648 701 γῇ
680 628 859 699 ὑμῶν,
902 618 999 682 κάὶ
1027 627 1453 699 κοιμηθήσεσθε,
1490 629 1585 682 καὶ
1625 628 1725 681 οὐκ

166 729 300 781 ἔσται
327 725 354 777 ὁ
383 719 632 789 ἐκφοϐῶν
661 719 828 789 ὑμᾶς,
856 718 948 771 καὶ
991 715 1179 771 ἀπολῶ
1210 715 1375 789 θηρία
1406 716 1618 787 πονηρά
1660 718 1725 769 ἐκ

166 818 254 889 τῆς
278 815 374 886 Ῠῆς
405 812 580 884 ὑμῶν.
626 816 645 863 i
684 807 880 880 Συνίης
905 809 1040 879 ὅσης
1071 808 1352 880 φροντίδος
1382 808 1478 862 καὶ
1519 807 1720 880 ήμερό-

164 926 305 982 τητος
335 896 474 974 ἀξιοῖ
508 905 599 959 τὸν
647 902 869 973 ἐπιεικῆ
915 919 975 956 τε
1018 902 1111 956 καὶ
1149 901 1591 975 φιλεργέστατον,
1632 902 1727 956 καί⁵

170 1004 263 1075 μήν
290 1002 423 1056 αἰδοῖ
448 1002 515 1071 τῇ
548 999 677 1069 περὶ
706 996 798 1051 τὸν
820 994 1322 1067 νόμοψήττώμενον
1346 1010 1361 1062 ;
1388 994 1644 1067 Πρὼῖμόν
1667 1013 1726 1049 τε

165 1096 263 1166 γὰρ
292 1093 381 1147 καὶ
413 1091 611 1162 ὄψιμον
640 1089 816 1155 ὑετὸν,
850 1088 1157 1159 εὐκαρπίαν
1186 1105 1245 1141 τε
1270 1087 1370 1160 τήν
1389 1088 1727 1159 ἀλλεπάλλη-

165 1186 263 1248 λον,
292 1185 381 1237 καὶ
434 1184 542 1254 μὴν
582 1184 677 1236 καὶ
709 1181 875 1253 ἄρτου
910 1180 1249 1251 πλησμονὴν,
1279 1180 1373 1234 καὶ
1404 1179 1512 1233 τῶν
1547 1179 1727 1233 ἐδωδί-

167 1296 269 1348 μων
310 1275 540 1346 ἄφθονον
572 1274 789 1346 χρῆσιν,
844 1275 938 1329 καί.
978 1274 1116 1347 πρός
1146 1291 1210 1343 γε
1254 1273 1463 1338 τούτοις
1503 1274 1727 1353 εἰρήνην

164 1368 451 1442 χαριεῖσθαι
478 1366 999 1438 κατεπαγγέλλεται.
1042 1367 1146 1421 Τὸν
1184 1366 1294 1439 γάρ
1316 1383 1399 1418 τοι
1428 1364 1524 1419 τοῦ
1560 1364 1725 1436 νόμου

163 1461 361 1529 φύλακα
396 1462 639 1530 γνήσιον,
668 1461 763 1514 καὶ
794 1453 869 1515 ὧν
906 1458 973 1514 ἂν
1018 1458 1260 1530 βούλοιτο
1291 1457 1424 1522 Θεὸς
1454 1456 1728 1529 ἄπληστον

163 1555 402 1626 ἐραστὴν,
429 1558 547 1617 ταῖς
570 1553 679 1608 τῶν
712 1552 978 1624 οὐρανίων
1004 1550 1226 1620 ἀγαθῶν
1252 1549 1536 1622 ἀφθονίαις
1563 1566 1729 1605 κατα-

160 1647 370 1717 μεθύειν
413 1648 585 1712 εἰκός’
618 1647 722 1718 γῆν
768 1646 868 1718 μὲν
898 1644 1008 1717 γὰρ
1048 1639 1139 1699 οἷά
1167 1662 1230 1698 τε
1268 1644 1485 1717 πίειράν
1523 1660 1584 1698 τε
1633 1643 1728 1698 καὶ

160 1738 367 1793 εῦτοκον
400 1740 499 1812 τήν
535 1739 627 1793 τοῦ
653 1739 863 1793 δικαίου
896 1738 1093 1810 ψυχήν,
1129 1736 1528 1810 παράκλησιςή
1562 1754 1726 1791 πνευ-

1828 535 2032 591 bellum
2056 553 2167 592 non
2194 538 2553 608 pertransibit
2570 554 2669 609 per
2692 549 2896 595 terram
2916 553 3179 615 vestram,
3203 560 3258 605 et
3273 550 3417 609 dabo

1826 643 2017 698 pacem
2048 628 2105 682 in
2141 635 2290 684 terra
2318 636 2522 695 vestra,
2570 640 2628 684 et
2666 629 2976 699 dormietis,
3022 643 3081 692 et
3123 656 3232 696 non
3265 642 3374 699 erit
3397 686 3413 713 ,

1827 719 1986 789 221
2029 720 2122 789 qui
2149 729 2425 778 exterreat
2450 737 2568 787 vos,
2595 731 2651 778 et
2670 725 2897 794 perdam
2918 729 3090 786 malas
3112 732 3317 794 bestias
3346 741 3414 796 de

1830 823 1981 870 terra
2032 822 2219 870 vestra
2260 815 2326 870 ”.
2360 834 2379 867 ι
2410 816 2678 888 lntelligis
2734 826 2938 889 quanta
2960 837 3092 879 cura
3119 834 3283 897 atque
3314 832 3415 887 be-

1827 904 2095 976 nignitate
2123 906 2381 978 dignetur
2405 908 2640 979 probum
2661 908 2865 976 virum,
2897 920 2953 967 et
2975 913 3136 991 bonis
3154 919 3417 988 operibus

1828 994 2098 1060 deditum,
2126 1004 2182 1052 et
2215 997 2311 1067 qui
2340 998 2513 1069 legem
2551 1003 2918 1057 revereatur?
2952 1004 3089 1061 Nam
3129 1013 3415 1081 tempesti—

1827 1102 1957 1142 vum
1988 1086 2223 1142 imbrem
2252 1097 2417 1158 atque
2451 1091 2755 1147 serotinum
2775 1134 2790 1158 ,
2842 1093 3171 1168 frugumque
3201 1103 3414 1172 copiam

1828 1178 1933 1233 sibi
1962 1172 2200 1234 invicem
2230 1180 2641 1237 succedentium
2662 1224 2676 1248 ,
2703 1186 2968 1257 panisque
2993 1190 3297 1248 satietatem
3320 1236 3333 1260 ,
3360 1204 3416 1250 et

1827 1269 2235 1325 esculentorum
2262 1273 2489 1328 uberem
2533 1272 2796 1340 fructum,
2831 1292 3021 1347 pacem
3049 1293 3311 1350 praeterea
3357 1302 3415 1341 se

1828 1359 2154 1433 largiturum
2188 1364 2499 1434 pollicetur.
2526 1365 2687 1439 Legis
2708 1368 2855 1423 enim
2892 1386 3083 1426 verum
3124 1375 3414 1444 cultorem,

1828 1460 1885 1508 et
1908 1468 2101 1509 eorum
2127 1471 2248 1527 quae
2270 1457 2383 1512 Deo
2420 1458 2639 1528 placent
2655 1461 3069 1531 cupidissimum
3093 1476 3413 1533 amatorem,

1829 1545 2135 1601 caalestium
2167 1546 2439 1603 bonorum
2480 1550 2818 1607 abundantia
2853 1554 3117 1611 inebriari
3151 1575 3253 1629 par
3287 1571 3372 1616 est
3401 1580 3412 1614 :

1831 1636 1923 1692 illa
1962 1654 2198 1710 namque
2225 1642 2528 1712 spiritualis
2575 1654 2632 1700 et
2669 1647 2907 1716 superna
2956 1651 3260 1707 consolatio
3281 1653 3414 1724 justi

1829 1729 1936 1785 viri
1966 1732 2211 1787 animum
2238 1742 2498 1805 tanquam
2541 1737 2743 1809 pingue
2771 1740 2947 1794 solum
2999 1757 3064 1796 ac
3101 1742 3281 1800 fertile
3309 1746 3417 1799 im-

164 1832 354 1901 ματική
387 1847 447 1884 τε
479 1830 576 1885 καὶ
607 1830 813 1885 ἄνωθεν
845 1829 1003 1884 ὑετοῦ
1042 1828 1393 1900 κατάρδουσα
1415 1827 1594 1899 δίκην,
1628 1844 1727 1881 xa-

1837 1823 1946 1877 bris
1986 1824 2157 1880 instar
2199 1826 2435 1898 irrigans
2461 1868 2476 1893 ,
2525 1825 2766 1885 maxime
2806 1831 3064 1900 laztiﬁcat,
3088 1844 3149 1891 ut
3168 1824 3328 1909 juges
3356 1849 3413 1893 et

159 1923 464 1995 τευφραίνει
488 1923 632 1987 λίαν,
667 1923 744 1987 ὡς
766 1922 1027 1995 ἀνελλιπῆ
1053 1922 1148 1975 καὶ
1171 1921 1334 1975 οίονεὶ
1360 1921 1729 1992 παμποίκιλον

156 2015 246 2084 τῆς
281 2016 365 2079 εἰς
398 2016 532 2071 Θεὸν
565 2004 850 2078 εὐσεδείας
879 2013 1126 2085 ἐκφαίνει
1160 2013 1372 2085 καρπόν
1393 2028 1407 2044 ⁸
1441 2015 1631 2085 εἰρήνη
1671 2014 1729 2067 δὲ

160 2109 428 2172 στεφανοῖ,
474 2104 575 2178 τὴν
601 2106 681 2170 εἰς
708 2104 771 2158 τὸ
804 2100 863 2159 εὖ
898 2100 1039 2160 εἶναι
1082 2105 1344 2178 διαμονὴν
1383 2105 1726 2177 εἰσφέρουσα.

157 2195 353 2267 Γράφει
379 2196 514 2267 γοῦν
543 2197 637 2252 καὶ
657 2199 686 2251 6
715 2197 955 2263 Παῦλος·
988 2217 1009 2249 ι
1044 2197 1156 2253 Καὶ
1183 2199 1217 2268 ή
1238 2198 1430 2270 εἰρήνη
1458 2196 1552 2251 τοῦ
1572 2197 1728 2264 Θεοῦ,

160 2282 571 2361 ήὺπερέχουσα
611 2288 789 2344 πάντα
836 2289 982 2355 νοῦν,
1020 2290 1320 2362 φρουρήσει
1358 2290 1457 2355 τὰς
1506 2291 1731 2364 καρδίας

160 2380 322 2450 ὑμῶν,
356 2382 454 2434 καὶ
503 2381 572 2436 τὰ
602 2382 848 2452 νοήματα
886 2381 1062 2453 ὑμῶν.
1109 2401 1130 2435 ι
1177 2382 1235 2437 Ὀ
1262 2384 1360 2453 τῆς
1395 2385 1609 2438 τοιᾶσδε
1638 2382 1731 2438 οἷν

161 2471 296 2542 παρά
329 2470 470 2526 Θεοῦ
503 2471 817 2544 φιλοτιμίας
860 2472 1200 2545 τετυχηκὼς,
1242 2474 1516 2545 ἀπόλεμον
1543 2493 1603 2528 τε
1639 2477 1731 2529 καὶ

159 2564 420 2635 εἰρηναίον
460 2556 758 2618 διατελέσει
796 2563 933 2636 βίον,
976 2566 1215 2631 εἴκοντος
1254 2564 1472 2642 ἐχθροῦ,
1505 2567 1730 2622 πίπτον-

159 2655 238 2719 τός
254 2672 314 2710 τε
343 2656 441 2711 καὶ
465 2657 753 2728 οἰχομένου
779 2657 919 2731 πρὸς
935 2657 995 2711 τὸ
1026 2657 1195 2731 μηδὲν
1218 2657 1315 2713 τοῦ
1336 2658 1731 2732 ἀνθεστηκότος

162 2747 369 2814 παντὸς,
398 2748 496 2802 καὶ
526 2748 917 2821 ἀπρακτούσης
942 2748 1135 2819 ἐφόδου
1161 2749 1493 2820 διαδολικῆς,
1523 2751 1617 2806 καὶ
1640 2751 1733 2820 φό-

162 2836 249 2891 ϐου
303 2840 510 2903 παντὸς
543 2838 788 2894 ἐκποδὼν
833 2840 1003 2904 ἰόντος
1053 2839 1311 2906 εὐκόλως.
1348 2841 1452 2896 Τὸν
1483 2842 1645 2898 αὐτὸν
1674 2843 1731 2897 δὲ

160 2929 355 2983 τουτονί
384 2929 553 3001 νόμον
584 2930 678 2984 καὶ
708 2930 768 2983 ἐν
795 2929 876 3001 τῷ
908 2931 1317 3003 Δευτερονομίῳ
1348 2935 1732 3006 γεγραμμένον

159 3018 475 3091 εὑρήσομεν.
498 3018 646 3093 Ἔφη
662 3019 771 3091 γὰρ
802 3020 900 3075 ὡδὶ
916 3020 1091 3094 βραχὺ
1112 3022 1464 3094 παραλλάξας
1487 3041 1501 3057 ο
1539 3045 1558 3077 ‹
1605 3025 1731 3080 Ἐὰν

1829 1913 1987 1983 quasi
2026 1916 2359 1987 multiplices
2401 1917 2460 1971 in
2505 1918 2678 1973 Deum
2742 1921 2963 1991 pietatis
3008 1925 3222 1982 fructus
3252 1928 3418 1985 edere

1829 2006 2002 2075 possit
2028 2024 2039 2059 :
2066 2022 2171 2076 pax
2204 2024 2336 2064 vero
2365 2010 2622 2065 eumdem
2646 2022 2894 2079 coronat,
2919 2030 3041 2085 quae
3083 2017 3333 2089 largitur,
3359 2033 3419 2077 ut

1832 2096 1887 2151 in
1934 2113 2021 2162 eo,
2081 2100 2228 2168 quod
2288 2100 2429 2157 bene
2475 2110 2579 2168 est,
2619 2104 2797 2158 valeat
2849 2121 3195 2175 permanere.
3229 2110 3418 2182 Itaque

1831 2187 2025 2242 scribit
2053 2189 2255 2245 Paulus
2286 2209 2297 2244 :
2353 2210 2372 2242 ι
2424 2191 2491 2246 Et
2517 2208 2622 2263 pax
2656 2194 2778 2261 Dei,
2808 2210 2930 2265 quae
2956 2206 3251 2269 exsuperat
3297 2217 3418 2256 om-

1830 2295 1957 2334 nem
1983 2296 2205 2337 sensum
2225 2324 2240 2349 ,
2266 2284 2541 2340 custodiat
2562 2287 2729 2342 corda
2761 2297 2943 2344 vestra
2963 2331 2976 2354 ,
3003 2299 3059 2344 et
3104 2290 3418 2365 intelligen-

1833 2370 1936 2427 tias
1960 2382 2171 2429 vestras
2196 2374 2262 2429 ".
2298 2394 2316 2426 ι
2355 2374 2616 2447 Quisquis
2646 2377 2813 2449 igitur
2851 2382 3120 2452 ejusmodi
3153 2383 3250 2439 Dei
3283 2386 3419 2441 libe-

1831 2464 2106 2521 ralitatem
2150 2475 2347 2522 nactus
2390 2470 2528 2535 erit,
2576 2470 2623 2525 is
2667 2471 2830 2528 hellis
2881 2490 3132 2542 vacuam,
3176 2493 3241 2533 ac
3266 2479 3419 2550 pacis

1830 2555 2046 2625 plenam
2076 2557 2244 2616 vitam
2279 2559 2571 2627 traducet;
2614 2562 2774 2617 cedet
2819 2563 2996 2620 hostis
3027 2566 3295 2640 cadetque
3315 2611 3329 2635 ,
3361 2580 3420 2625 et

1831 2643 1899 2698 ad
1938 2647 2174 2704 nihilum
2220 2651 2431 2707 recidet
2470 2653 2741 2724 quidquid
2786 2654 3043 2724 obsistit,
3081 2668 3137 2714 et
3183 2660 3422 2732 impetus

1830 2738 2137 2796 diabolicus
2163 2741 2356 2797 irritus
2379 2743 2506 2810 erit,
2533 2753 2590 2800 et
2613 2745 2779 2801 timor
2803 2747 2987 2804 omnis
3018 2747 3177 2807 facile
3194 2755 3421 2824 propul-

1831 2831 2061 2888 sabitur.
2093 2833 2244 2888 Hanc
2274 2835 2520 2891 eamdem
2537 2835 2713 2907 legem
2745 2838 2802 2894 in
2831 2839 3261 2898 Deuteronomio
3283 2860 3422 2915 quo-

1830 2937 1938 2992 que
1965 2922 2296 2994 descriptam
2324 2924 2664 2995 reperiemus
2688 2943 2704 2992 ;
2746 2926 2827 2982 sic
2854 2928 3005 2984 enim
3029 2930 3188 2998 dixit,
3230 2936 3422 3004 paucis

1830 3017 2157 3087 permutatis
2183 3035 2195 3072 :
2232 3037 2251 3070 ‹
2283 3018 2339 3075 Si
2364 3034 2496 3074 vero
2519 3019 2711 3075 auditu
2736 3021 3026 3078 audieritis
3051 3026 3234 3080 omnia
3268 3043 3424 3082 man-

157 3108 212 3163 δὲ
243 3111 376 3183 ἀκοῇ
414 3111 780 3185 είσακούσητε
802 3113 985 3180 πάσας
1003 3114 1102 3180 τὰς
1133 3115 1352 3181 ἐντολὰς
1386 3116 1571 3182 αὐτοῦ,
1601 3118 1732 3183 ὅσας

1837 3107 1959 3164 data
1977 3110 2115 3181 ejus,
2142 3126 2265 3181 quae
2303 3127 2405 3183 ego
2430 3113 2630 3167 mando
2656 3111 2757 3168 tibi
2790 3113 2955 3169 hodie
2973 3155 2986 3179 ,
3015 3122 3077 3168 ut
3098 3115 3293 3188 diligas
3313 3118 3423 3173 Do-

161 3199 261 3270 ὲγὼ
306 3202 634 3275 ἐντέλλομαί
689 3222 772 3259 σοι
809 3205 1083 3280 σήμερον,
1138 3208 1358 3280 ἀγαπᾷν
1398 3208 1601 3281 Κύριον
1639 3210 1731 3266 τὸν

1837 3200 2044 3255 minum
2064 3202 2237 3257 Deum
2267 3211 2441 3268 tuum,
2470 3213 2526 3259 et
2545 3205 2756 3259 servias
2777 3205 2856 3259 illi
2888 3221 2957 3260 ex
2974 3216 3090 3261 toto
3117 3208 3283 3264 corde
3305 3217 3419 3274 tuo,

161 3293 282 3348 Θεόν
311 3312 427 3363 σου,
469 3298 571 3351 καὶ
602 3296 889 3369 λατρεύειν
936 3297 1088 3368 αὐτῷ
1113 3298 1174 3365 ἐξ
1203 3299 1333 3370 ὅλης
1374 3301 1472 3372 τῆς
1505 3302 1729 3373 καρδίας

162 3404 266 3453 σου,
301 3390 395 3443 καὶ
433 3388 497 3456 ἐξ
547 3388 678 3460 ὅλης
707 3389 808 3462 τῆς
852 3389 1032 3462 ψυχῆς
1073 3408 1189 3459 σου,
1223 3392 1318 3447 καὶ
1344 3390 1505 3447 δώσει
1537 3410 1621 3447 σοι
1641 3393 1731 3447 τὸν

161 3478 300 3533 ὑετὸν
331 3481 433 3552 τῆς
468 3481 579 3552 γῆς
608 3498 724 3546 σου,
764 3480 888 3536 καθ’
915 3481 1066 3553 ὥραν
1104 3481 1354 3555 πρώϊμω
1392 3486 1487 3538 καὶ
1535 3484 1732 3556 ὄψιμον

160 3570 246 3622 καὶ
277 3572 538 3637 εἰσοίσεις
566 3571 658 3627 τὸν
689 3572 835 3627 σῖτόν
861 3589 955 3627 σου
982 3572 1079 3627 καὶ
1105 3573 1197 3628 τὸν
1228 3570 1369 3629 οἶνόν
1406 3591 1524 3640 σου,
1556 3577 1648 3630 καὶ
1675 3576 1735 3630 τὸ

160 3657 324 3713 ἐλαιόν
377 3679 495 3729 σου,
530 3662 628 3717 καὶ
669 3661 863 3727 δώσεις
895 3662 1252 3736 χορτάσματα
1287 3665 1347 3718 ὲν
1392 3666 1506 3728 τοῖς
1543 3665 1736 3736 ἀγροῖς

162 3769 246 3805 σου
291 3754 403 3818 τοῖς
434 3752 665 3825 κτήνεσί
697 3771 815 3808 σου.
851 3772 870 3806 ι
906 3752 1119 3809 Οὐκοῦν
1160 3755 1220 3809 τὸ
1249 3754 1349 3826 μὲν
1387 3755 1636 3829 εὐτεχνές
1674 3772 1735 3810 τε

163 3848 247 3901 καὶ
272 3847 573 3924 εὔρυθμον,
592 3850 675 3917 είς
697 3868 761 3922 γε
778 3851 841 3905 τὸ
860 3850 1065 3928 χρῆναι
1086 3848 1330 3923 πληροῦν
1348 3848 1384 3904 ἀ
1406 3848 1472 3904 ἂν
1494 3849 1736 3921 βούλοιτο

162 3938 299 4004 Θεὸς,
333 3943 365 4013 ὴ
399 3943 494 3997 τοῦ
539 3942 707 4013 νόμου
750 3942 1040 4015 μελέτησις
1079 3944 1199 4005 ταῖς
1228 3940 1525 4013 ἡμετέραις
1567 3942 1736 3995 εἰσοι-

165 4034 348 4087 κιεῖται
388 4035 620 4108 ψυχαῖς.
660 4035 888 4108 Ἰδρῶτα
932 4034 990 4088 δὲ
1034 4032 1125 4089 τὸν
1174 4033 1264 4088 ἐπ’
1311 4032 1535 4107 ἀρεταῖς
1557 4033 1737 4089 οίστδν

163 4124 438 4194 ἀποφαίνει
465 4126 585 4183 τῶν
613 4126 1039 4198 ἐπηγγελμένων
1066 4127 1101 4198 ή
1135 4124 1343 4196 ἔφεσις.

224 4217 427 4272 ΠΑΛΛ.
488 4215 750 4289 Ἀληθές⁸
792 4215 1173 4286 συναινέσαιμι
1225 4214 1356 4285 γὰρ,
1405 4214 1500 4269 καί
1534 4215 1740 4286 σφόδρα

165 4307 392 4373 εἰκότως.
438 4307 695 4378 ’Δγὰπης
737 4306 796 4362 δὲ
840 4304 943 4378 τῆς
968 4309 1050 4371 εἰς
1092 4305 1184 4360 τὸν
1215 4304 1467 4377 πλησίον,
1511 4306 1632 4358 τίνα
1672 4305 1738 4375 δὴ

164 4398 346 4464 τρόπον
376 4401 706 4474 διαπερανεῖ
744 4416 830 4466 τις
859 4399 925 4456 ἂν
953 4400 1050 4454 τὸν
1083 4399 1269 4470 νόμον,
1310 4396 1428 4470 ὥρα
1465 4396 1664 4467 λέγειν,
1694 4391 1739 4452 ὦ

163 4486 270 4541 τάν.

226 4575 384 4631 ΚΥΡ.
434 4578 605 4634 Ἰτέον
631 4578 698 4650 δὴ
727 4572 820 4633 οῦν
855 4576 943 4631 ἐπ’
972 4575 1104 4631 αὐτὸ
1127 4575 1191 4647 δὴ
1221 4575 1400 4630 τοῦτο.
1430 4572 1540 4627 Καὶ
1560 4573 1624 4645 δὴ
1646 4571 1740 4625 λέ-

163 4684 341 4741 γομεν,
369 4674 486 4737 τοῖς
536 4672 709 4744 ἱεροῖς
751 4668 1018 4741 ἑπόμενοι
1061 4668 1412 4740 Γράμμασιν,
1437 4666 1520 4720 ὅτι
1564 4665 1741 4736 Μωσῇ

169 4763 531 4836 προστέταχεν
552 4765 583 4819 6
607 4764 715 4817 τῶν
743 4763 882 4818 ὅλων
902 4761 1183 4832 Δεσπότης
1206 4759 1359 4827 Θεὸς,
1385 4757 1744 4829 ὲξεκκλησιά-

168 4869 251 4906 σαι
272 4854 362 4909 τὸν
394 4856 551 4920 λαὸν,
593 4854 689 4909 καὶ
718 4853 824 4908 ὑπὸ
862 4853 925 4907 τὸ
955 4853 1088 4907 Σινᾶ
1126 4850 1461 4922 καλούμενον
1490 4849 1614 4921 ὅρος
1649 4866 1747 4902 κα-

168 4944 355 5016 θαρούς
391 4965 454 5001 τε
503 4947 604 5002 καὶ
641 4947 1008 5020 ήγνισμένους
1051 4940 1112 4999 εὖ
1171 4943 1319 5016 μάλα
1366 4943 1742 5011 συνενεγκεῖν·

169 5041 581 5097 ἁποπλὺνασθαι
602 5042 711 5115 γὰρ
736 5042 846 5096 δεῖν
875 5040 946 5094 τὰ
967 5041 1168 5111 ἀμφια,
1204 5037 1299 5092 καὶ
1321 5038 1421 5109 τῆς
1444 5039 1525 5100 εἰς
1555 5037 1745 5106 γυναῖ-

169 5144 258 5194 tu;
292 5133 489 5205 ἡδονῆς
528 5132 764 5203 ὁρᾶσθαι
809 5131 1074 5203 βελτίους,
1106 5131 1187 5194 εἰς
1230 5131 1379 5197 τρεῖς
1430 5129 1748 5199 διατέταχεν

166 5222 387 5294 ἡμέρας,
419 5224 511 5278 διὰ
532 5223 643 5279 τῶν
669 5225 729 5278 ὲν
754 5223 1004 5295 αἰσθήσει
1034 5220 1133 5276 καί⁹
1165 5219 1377 5292 ὁρατῶν
1404 5218 1748 5291 πραγμάτων

168 5316 439 5385 σημαίνων
470 5316 543 5370 τὰ
576 5316 744 5388 νοητά
767 5333 782 5347 ·
820 5315 1098 5387 λαμπροῖς
1127 5314 1238 5384 γὰρ
1280 5311 1471 5383 ὥσπερ
1500 5310 1747 5381 ἀμφίοις,

165 5410 268 5470 τοῖς
302 5408 364 5473 ἐξ
400 5407 623 5480 ἀρετῶν
659 5407 942 5479 αὐχήμασι
980 5403 1505 5478 κατηγλαῖσμένους,
1544 5402 1638 5455 καὶ
1682 5404 1760 5479 τῇ,

167 5499 299 5555 κατά
319 5500 449 5556 νοῦν
470 5498 799 5573 φαιδρότητι
826 5498 1254 5570 διαπρέποντας,
1277 5495 1372 5551 καὶ
1397 5493 1750 5565 φιλοσαρκὶας

168 5590 376 5664 ἁπάσης
434 5592 537 5647 καὶ
597 5590 887 5661 μολυσμῶν
934 5589 1197 5657 ἐπιγείων
1264 5585 1746 5658 ἀπηλλαγμένους,

174 5769 211 5802 ³⁵
242 5773 423 5830 Levit.
454 5789 614 5837 xxvi,
658 5771 770 5828 3-5.
846 5773 892 5806 "
917 5770 1151 5840 Philipp.
1200 5767 1337 5840 tv,7.

1414 5766 1456 5799 ⁸⁷
1501 5766 1659 5819 Deut.
1699 5778 1771 5826 τι,

1830 3297 1886 3345 et
1922 3304 1990 3344 ex
2023 3298 2136 3345 tota
2169 3290 2350 3346 anima
2400 3300 2512 3359 tua,
2563 3304 2619 3347 et
2642 3293 2797 3348 dabit
2844 3295 2942 3351 tibi
2972 3295 3215 3365 pluviam
3262 3305 3424 3354 terra:

1832 3390 1940 3436 tuae
1982 3396 2082 3436 suo
2115 3389 2361 3451 tempore
2394 3383 2776 3453 tempestivam
2800 3392 2856 3439 et
2898 3385 3214 3453 serotinam,
3247 3398 3303 3443 et
3333 3405 3422 3443 re-

1831 3472 2035 3528 condes
2064 3472 2309 3528 triticum
2356 3479 2544 3539 tuum,
2580 3482 2637 3529 et
2659 3474 2847 3529 vinum
2898 3482 3051 3530 tuum
3079 3516 3094 3542 ,
3142 3485 3199 3532 et
3239 3477 3422 3533 oleum

1832 3572 2010 3631 tuum,
2035 3571 2092 3620 et
2113 3563 2268 3620 dabis
2299 3563 2499 3635 pabula
2522 3565 2579 3619 in
2617 3565 2762 3636 agris
2794 3566 2906 3621 tuis
2924 3566 3188 3638 jumentis
3207 3568 3414 3623 tuis‘M

1833 3655 2005 3727 Igitur
2035 3656 2147 3712 vim
2195 3656 2300 3711 rite
2335 3663 2393 3711 et
2447 3665 2572 3727 apte
2614 3672 2679 3712 ea
2732 3658 3088 3729 exsequendi,
3130 3674 3251 3730 quae
3292 3660 3426 3715 velit

1834 3747 2011 3814 Deus,
2036 3747 2172 3820 legis
2205 3747 2489 3803 meditatio
2529 3748 2736 3804 nostris
2777 3749 2977 3805 animis
3024 3751 3365 3822 comparabit
3407 3770 3420 3805 :

1835 3840 2093 3896 sudorem
2120 3856 2286 3912 porro
2331 3856 2431 3912 pro
2456 3841 2661 3897 virtute
2692 3850 3032 3914 susceptum,
3077 3845 3422 3902 tolerabilem

1836 3934 2032 3991 reddet
2058 3934 2455 4005 promissorum
2492 3934 2764 3990 bonorum
2818 3951 2993 3991 amor.

1914 4197 2111 4253 PALL.
2165 4198 2243 4252 Ita
2284 4203 2370 4252 est
2402 4214 2414 4249 :
2442 4198 2717 4251 assentior
2740 4196 2911 4260 enim,
2943 4203 2999 4250 et
3037 4197 3260 4265 quidem
3300 4199 3424 4270 jure

1840 4289 2071 4358 optimo.
2109 4286 2217 4342 Sed
2241 4287 2355 4357 jam
2380 4293 2597 4354 tempus
2632 4293 2718 4339 est
2742 4285 3054 4354 explicandi
3084 4302 3192 4355 qua
3213 4289 3424 4344 ratione

1839 4381 2016 4452 legem
2051 4379 2119 4434 de
2136 4377 2415 4449 diligendo
2441 4376 2692 4448 proximo
2712 4377 2978 4446 perlicere
3002 4377 3273 4448 quispiam
3297 4396 3423 4451 pos-

1843 4474 1932 4528 sit.

1916 4564 2072 4621 CYR.
2110 4562 2281 4635 Igitur
2296 4561 2365 4617 ad
2398 4561 2541 4616 hanc
2566 4559 2740 4632 ipsam
2773 4558 3198 4632 disputationem
3225 4569 3308 4618 est
3334 4579 3426 4617 ac-

1847 4659 2177 4717 cedendum.
2206 4655 2368 4727 222
2400 4653 2590 4725 Itaque
2623 4652 2860 4710 dicimus
2879 4669 3161 4710 sacrarum
3186 4653 3427 4709 Littera-

1850 4768 1975 4809 rum
2006 4749 2235 4821 vestigia
2260 4754 2677 4819 persequentes,
2709 4745 2876 4818 Moysi
2902 4746 3225 4816 praecepisse
3257 4745 3429 4801 Deum

1851 4844 2005 4899 illum
2036 4841 2425 4897 universorum
2451 4838 2768 4903 Dominum,
2803 4845 2865 4892 ut
2902 4844 3231 4891 convocaret
3254 4851 3430 4906 popu-

1852 4933 1987 4999 lum,
2018 4939 2076 4988 et
2096 4946 2192 4986 eos
2213 4930 2317 4986 sub
2343 4938 2608 4994 montem,
2640 4928 2864 4985 nomine
2893 4924 3044 4993 Sina,
3068 4940 3236 4997 puros
3267 4935 3432 4997 atque

1848 5024 2216 5083 sanctiﬁcatos
2234 5022 2568 5095 perduceret
2593 5039 2606 5076 :
2627 5021 2792 5094 jussit
2811 5021 2959 5076 enim
2980 5018 3205 5075 abluere
3228 5027 3430 5084 vestes,

1847 5128 1903 5176 et
1926 5135 1957 5175 a
1986 5118 2280 5174 mulierum
2312 5129 2611 5187 congressu
2637 5128 2737 5186 per
2768 5120 2881 5167 tres
2908 5111 3028 5167 dies
3049 5110 3349 5167 abstinere.
3375 5110 3430 5165 ιιι

1849 5228 1959 5285 quo
1984 5228 2085 5284 per
2105 5226 2191 5275 ea,
2215 5224 2338 5280 quae
2358 5208 2612 5264 sensibus
2629 5204 2875 5276 exposita
2897 5213 2954 5261 et
2974 5203 3327 5275 aspectabilia
3348 5218 3439 5271 ge-

1852 5305 2134 5369 rebantur,
2157 5300 2465 5373 spiritualia
2485 5295 2812 5370 signiﬁcavit
2833 5314 2846 5349 :
2874 5294 3176 5368 splendidis
3197 5307 3435 5360 namque

1846 5396 2091 5451 vestibus
2111 5390 2537 5464 quodammodo,
2562 5387 2852 5455 virtutum,
2875 5388 3120 5460 inquam,
3144 5397 3436 5440 ornamen-

1846 5489 1919 5544 tis
1957 5489 2294 5551 honestatos,
2335 5492 2392 5539 et
2435 5482 2604 5539 animi
2643 5480 2920 5537 hilaritate
2967 5478 3230 5549 insignes,
3280 5471 3437 5528 etab

1847 5582 1995 5638 omni
2042 5579 2224 5635 carnis
2265 5578 2547 5649 voluptate
2600 5591 2667 5634 ac
2718 5573 2958 5631 terrenis
3005 5563 3437 5641 inquinamentis

1822 5761 1904 5826 l3,
1944 5761 2020 5814 l3.
