  <div class='ocr_page' id='page_1' title='image "/cluster/home/n/w/nwhite01/storage/ocr_20150623/68/pst.000005712694/255.png"; bbox 0 0 3966 6298; ppageno 0'>
   <div class='ocr_carea' id='block_1_1' title="bbox 580 282 3827 342">
    <p class='ocr_par' dir='ltr' id='par_1_1' title="bbox 580 282 3827 342">
     <span class='ocr_line' id='line_1_1' title="bbox 580 282 3827 342; baseline 0.001 -2"><span class='ocrx_word' id='word_1_1' title='bbox 580 287 684 341; x_wconf 67' lang='grc' dir='ltr'><strong>ί87</strong></span> <span class='ocrx_word' id='word_1_2' title='bbox 1609 285 1665 340; x_wconf 89' lang='lat' dir='ltr'><strong>S.</strong></span> <span class='ocrx_word' id='word_1_3' title='bbox 1706 284 1979 341; x_wconf 78' lang='lat' dir='ltr'><strong>CYRILLI</strong></span> <span class='ocrx_word' id='word_1_4' title='bbox 2021 284 2495 340; x_wconf 68' lang='lat' dir='ltr'><strong>ALEXANDRINI</strong></span> <span class='ocrx_word' id='word_1_5' title='bbox 2535 282 2850 338; x_wconf 73' lang='lat' dir='ltr'><strong>ARClllEP.</strong></span> <span class='ocrx_word' id='word_1_6' title='bbox 3741 286 3827 342; x_wconf 66' lang='lat'><strong>483</strong></span> 
     </span>
    </p>
   </div>
   <div class='ocr_carea' id='block_1_2' title="bbox 578 394 2142 472">
    <p class='ocr_par' dir='ltr' id='par_1_2' title="bbox 578 399 2142 472">
     <span class='ocr_line' id='line_1_2' title="bbox 578 399 2142 472; baseline -0.002 -15"><span class='ocrx_word' id='word_1_7' title='bbox 578 399 789 457; x_wconf 83' lang='lat' dir='ltr'><strong>alienos</strong></span> <span class='ocrx_word' id='word_1_8' title='bbox 810 401 875 456; x_wconf 87' lang='lat' dir='ltr'><strong>ad</strong></span> <span class='ocrx_word' id='word_1_9' title='bbox 900 400 996 457; x_wconf 87' lang='lat' dir='ltr'><strong>Dei</strong></span> <span class='ocrx_word' id='word_1_10' title='bbox 1020 411 1374 472; x_wconf 85' lang='lat' dir='ltr'><strong>conspectum</strong></span> <span class='ocrx_word' id='word_1_11' title='bbox 1405 416 1590 457; x_wconf 78' lang='lat' dir='ltr'><strong>venire</strong></span> <span class='ocrx_word' id='word_1_12' title='bbox 1624 402 1803 471; x_wconf 80' lang='lat' dir='ltr'><strong>decet,</strong></span> <span class='ocrx_word' id='word_1_13' title='bbox 1840 404 2142 458; x_wconf 72' lang='lat' dir='ltr'><strong>illSlllllClllt</strong></span> 
     </span>
    </p>
   </div>
   <div class='ocr_carea' id='block_1_3' title="bbox 2247 394 3824 472">
    <p class='ocr_par' dir='ltr' id='par_1_3' title="bbox 2266 394 3824 467">
     <span class='ocr_line' id='line_1_3' title="bbox 2266 394 3824 467; baseline 0 -15"><span class='ocrx_word' id='word_1_14' title='bbox 2266 401 2427 453; x_wconf 80' lang='grc' dir='ltr'>οἱονεί</span> <span class='ocrx_word' id='word_1_15' title='bbox 2450 418 2566 463; x_wconf 84' lang='grc' dir='ltr'><strong>πως</strong></span> <span class='ocrx_word' id='word_1_16' title='bbox 2590 402 2667 462; x_wconf 82' lang='grc' dir='ltr'><strong>είς</strong></span> <span class='ocrx_word' id='word_1_17' title='bbox 2694 398 2817 467; x_wconf 63' lang='grc' dir='ltr'>ὄψιν</span> <span class='ocrx_word' id='word_1_18' title='bbox 2846 398 2982 450; x_wconf 77' lang='grc' dir='ltr'>ἰέναι</span> <span class='ocrx_word' id='word_1_19' title='bbox 3011 396 3207 467; x_wconf 81' lang='grc' dir='ltr'>πρέπει</span> <span class='ocrx_word' id='word_1_20' title='bbox 3235 394 3392 461; x_wconf 78' lang='grc' dir='ltr'>Θεοῦ,</span> <span class='ocrx_word' id='word_1_21' title='bbox 3428 397 3824 465; x_wconf 75' lang='grc' dir='ltr'>παιδαγωγοῦν-</span> 
     </span>
    </p>
   </div>
   <div class='ocr_carea' id='block_1_4' title="bbox 580 488 2142 565">
    <p class='ocr_par' dir='ltr' id='par_1_4' title="bbox 580 490 2142 565">
     <span class='ocr_line' id='line_1_4' title="bbox 580 490 2142 565; baseline -0.003 -17"><span class='ocrx_word' id='word_1_22' title='bbox 580 506 682 548; x_wconf 86' lang='lat' dir='ltr'><strong>nos</strong></span> <span class='ocrx_word' id='word_1_23' title='bbox 712 490 782 546; x_wconf 89' lang='lat' dir='ltr'><strong>ad</strong></span> <span class='ocrx_word' id='word_1_24' title='bbox 813 507 935 546; x_wconf 91' lang='lat' dir='ltr'><strong>eam</strong></span> <span class='ocrx_word' id='word_1_25' title='bbox 974 507 1090 546; x_wconf 91' lang='lat' dir='ltr'><strong>rem</strong></span> <span class='ocrx_word' id='word_1_26' title='bbox 1120 492 1258 564; x_wconf 90' lang='lat' dir='ltr'><strong>lege,</strong></span> <span class='ocrx_word' id='word_1_27' title='bbox 1301 501 1362 547; x_wconf 89' lang='lat' dir='ltr'><strong>ut</strong></span> <span class='ocrx_word' id='word_1_28' title='bbox 1384 503 1533 549; x_wconf 91' lang='lat' dir='ltr'><strong>certe</strong></span> <span class='ocrx_word' id='word_1_29' title='bbox 1566 493 1776 565; x_wconf 75' lang='lat' dir='ltr'><strong>Moyses</strong></span> <span class='ocrx_word' id='word_1_30' title='bbox 1805 503 2021 548; x_wconf 86' lang='lat' dir='ltr'><strong>veteres</strong></span> <span class='ocrx_word' id='word_1_31' title='bbox 2045 495 2142 547; x_wconf 85' lang='lat' dir='ltr'><strong>illo:</strong></span> 
     </span>
    </p>
   </div>
   <div class='ocr_carea' id='block_1_5' title="bbox 2247 488 3825 565">
    <p class='ocr_par' dir='ltr' id='par_1_5' title="bbox 2268 488 3825 564">
     <span class='ocr_line' id='line_1_5' title="bbox 2268 488 3825 564; baseline -0.002 -18"><span class='ocrx_word' id='word_1_32' title='bbox 2268 511 2359 557; x_wconf 86' lang='grc' dir='ltr'><strong>τος</strong></span> <span class='ocrx_word' id='word_1_33' title='bbox 2387 495 2537 564; x_wconf 78' lang='grc' dir='ltr'>ἡμᾶς</span> <span class='ocrx_word' id='word_1_34' title='bbox 2569 494 2648 556; x_wconf 85' lang='grc' dir='ltr'><strong>είς</strong></span> <span class='ocrx_word' id='word_1_35' title='bbox 2674 490 2831 545; x_wconf 81' lang='grc' dir='ltr'>τοῦτο</span> <span class='ocrx_word' id='word_1_36' title='bbox 2868 489 2965 543; x_wconf 78' lang='grc' dir='ltr'><strong>τοῦ</strong></span> <span class='ocrx_word' id='word_1_37' title='bbox 2997 490 3186 560; x_wconf 78' lang='grc' dir='ltr'>νόμον,</span> <span class='ocrx_word' id='word_1_38' title='bbox 3229 489 3480 560; x_wconf 79' lang='grc' dir='ltr'>καθάπερ</span> <span class='ocrx_word' id='word_1_39' title='bbox 3526 488 3719 560; x_wconf 81' lang='grc' dir='ltr'>ἀμέλει</span> <span class='ocrx_word' id='word_1_40' title='bbox 3747 493 3825 544; x_wconf 75' lang='grc' dir='ltr'>καὶ</span> 
     </span>
    </p>
   </div>
   <div class='ocr_carea' id='block_1_6' title="bbox 580 578 2142 657">
    <p class='ocr_par' dir='ltr' id='par_1_6' title="bbox 580 582 2139 656">
     <span class='ocr_line' id='line_1_6' title="bbox 580 582 2139 656; baseline 0.001 -17"><span class='ocrx_word' id='word_1_41' title='bbox 580 582 905 639; x_wconf 91' lang='lat' dir='ltr'><strong>instituebat</strong></span> <span class='ocrx_word' id='word_1_42' title='bbox 937 601 949 636; x_wconf 91' lang='lat'><strong>:</strong></span> <span class='ocrx_word' id='word_1_43' title='bbox 973 600 1100 638; x_wconf 89' lang='lat' dir='ltr'><strong>nam</strong></span> <span class='ocrx_word' id='word_1_44' title='bbox 1125 584 1216 639; x_wconf 91' lang='lat' dir='ltr'><strong>illa</strong></span> <span class='ocrx_word' id='word_1_45' title='bbox 1244 584 1430 656; x_wconf 72' lang='lat' dir='ltr'><strong>figura:</strong></span> <span class='ocrx_word' id='word_1_46' title='bbox 1453 595 1611 641; x_wconf 89' lang='lat' dir='ltr'><strong>erant</strong></span> <span class='ocrx_word' id='word_1_47' title='bbox 1635 587 1914 640; x_wconf 90' lang='lat' dir='ltr'><strong>veriorum</strong></span> <span class='ocrx_word' id='word_1_48' title='bbox 1953 602 2139 640; x_wconf 91' lang='lat' dir='ltr'><strong>rerum</strong></span> 
     </span>
    </p>
   </div>
   <div class='ocr_carea' id='block_1_7' title="bbox 2247 578 3824 657">
    <p class='ocr_par' dir='ltr' id='par_1_7' title="bbox 2266 578 3824 657">
     <span class='ocr_line' id='line_1_7' title="bbox 2266 578 3824 657; baseline -0.001 -19"><span class='ocrx_word' id='word_1_49' title='bbox 2266 585 2392 649; x_wconf 73' lang='grc' dir='ltr'>τοὺς</span> <span class='ocrx_word' id='word_1_50' title='bbox 2426 585 2592 639; x_wconf 88' lang='grc' dir='ltr'>πάλαι</span> <span class='ocrx_word' id='word_1_51' title='bbox 2616 583 2841 653; x_wconf 80' lang='grc' dir='ltr'><strong>Μωσῆς·</strong></span> <span class='ocrx_word' id='word_1_52' title='bbox 2880 583 3038 636; x_wconf 89' lang='grc' dir='ltr'>τύποι</span> <span class='ocrx_word' id='word_1_53' title='bbox 3065 582 3173 654; x_wconf 89' lang='grc' dir='ltr'><strong>γάρ</strong></span> <span class='ocrx_word' id='word_1_54' title='bbox 3201 578 3343 653; x_wconf 85' lang='grc' dir='ltr'>ἦσαν</span> <span class='ocrx_word' id='word_1_55' title='bbox 3364 584 3547 636; x_wconf 80' lang='grc' dir='ltr'>ἐκεῖνα</span> <span class='ocrx_word' id='word_1_56' title='bbox 3579 583 3683 636; x_wconf 80' lang='grc' dir='ltr'><strong>τῶν</strong></span> <span class='ocrx_word' id='word_1_57' title='bbox 3715 586 3824 657; x_wconf 77' lang='grc' dir='ltr'>ἀλη-</span> 
     </span>
    </p>
   </div>
   <div class='ocr_carea' id='block_1_8' title="bbox 578 672 2162 748">
    <p class='ocr_par' dir='ltr' id='par_1_8' title="bbox 578 672 2162 748">
     <span class='ocr_line' id='line_1_8' title="bbox 578 672 2162 748; baseline 0.003 -21"><span class='ocrx_word' id='word_1_58' title='bbox 578 672 780 743; x_wconf 88' lang='lat' dir='ltr'><strong>lllaque</strong></span> <span class='ocrx_word' id='word_1_59' title='bbox 803 688 903 744; x_wconf 89' lang='lat' dir='ltr'><strong>per</strong></span> <span class='ocrx_word' id='word_1_60' title='bbox 931 673 1395 744; x_wconf 73' lang='lat' dir='ltr'><strong>sapientissimum</strong></span> <span class='ocrx_word' id='word_1_61' title='bbox 1416 674 1597 730; x_wconf 92' lang='lat' dir='ltr'><strong>virum</strong></span> <span class='ocrx_word' id='word_1_62' title='bbox 1623 676 1845 748; x_wconf 83' lang='lat' dir='ltr'><strong>Moysen</strong></span> <span class='ocrx_word' id='word_1_63' title='bbox 1866 675 2162 739; x_wconf 87' lang='lat' dir='ltr'><strong>institutio,</strong></span> 
     </span>
    </p>
   </div>
   <div class='ocr_carea' id='block_1_9' title="bbox 579 765 2166 839">
    <p class='ocr_par' dir='ltr' id='par_1_9' title="bbox 579 765 2166 839">
     <span class='ocr_line' id='line_1_9' title="bbox 579 765 2166 839; baseline 0.004 -21"><span class='ocrx_word' id='word_1_64' title='bbox 579 765 923 837; x_wconf 86' lang='lat' dir='ltr'><strong>disciplinam</strong></span> <span class='ocrx_word' id='word_1_65' title='bbox 956 766 1092 837; x_wconf 91' lang='lat' dir='ltr'><strong>legis</strong></span> <span class='ocrx_word' id='word_1_66' title='bbox 1119 765 1188 821; x_wconf 94' lang='lat' dir='ltr'><strong>ad</strong></span> <span class='ocrx_word' id='word_1_67' title='bbox 1224 765 1506 822; x_wconf 86' lang='lat' dir='ltr'><strong>Christum</strong></span> <span class='ocrx_word' id='word_1_68' title='bbox 1546 769 1930 839; x_wconf 90' lang='lat' dir='ltr'><strong>perducentis,</strong></span> <span class='ocrx_word' id='word_1_69' title='bbox 1970 768 2166 839; x_wconf 86' lang='lat' dir='ltr'><strong>priscis</strong></span> 
     </span>
    </p>
   </div>
   <div class='ocr_carea' id='block_1_10' title="bbox 582 855 2162 928">
    <p class='ocr_par' dir='ltr' id='par_1_10' title="bbox 582 855 2162 928">
     <span class='ocr_line' id='line_1_10' title="bbox 582 855 2162 928; baseline -0.001 -17"><span class='ocrx_word' id='word_1_70' title='bbox 582 856 897 912; x_wconf 89' lang='lat' dir='ltr'><strong>hominibus</strong></span> <span class='ocrx_word' id='word_1_71' title='bbox 932 855 1218 927; x_wconf 83' lang='lat' dir='ltr'><strong>figurabat.</strong></span> <span class='ocrx_word' id='word_1_72' title='bbox 1255 856 1336 911; x_wconf 83' lang='lat' dir='ltr'><strong>Ad</strong></span> <span class='ocrx_word' id='word_1_73' title='bbox 1361 856 1477 911; x_wconf 66' lang='lat' dir='ltr'><strong>haec</strong></span> <span class='ocrx_word' id='word_1_74' title='bbox 1509 857 1646 911; x_wconf 90' lang='lat' dir='ltr'><strong>illud</strong></span> <span class='ocrx_word' id='word_1_75' title='bbox 1673 874 1891 928; x_wconf 86' lang='lat' dir='ltr'><strong>quoque</strong></span> <span class='ocrx_word' id='word_1_76' title='bbox 1912 857 2162 913; x_wconf 80' lang='lat' dir='ltr'><strong>animad-</strong></span> 
     </span>
    </p>
   </div>
   <div class='ocr_carea' id='block_1_11' title="bbox 583 947 2162 1020">
    <p class='ocr_par' dir='ltr' id='par_1_11' title="bbox 583 947 2162 1020">
     <span class='ocr_line' id='line_1_11' title="bbox 583 947 2162 1020; baseline 0 -17"><span class='ocrx_word' id='word_1_77' title='bbox 583 948 834 1003; x_wconf 81' lang='lat' dir='ltr'><strong>versione</strong></span> <span class='ocrx_word' id='word_1_78' title='bbox 863 947 1088 1018; x_wconf 83' lang='lat' dir='ltr'><strong>dignum</strong></span> <span class='ocrx_word' id='word_1_79' title='bbox 1120 955 1225 1014; x_wconf 89' lang='lat' dir='ltr'><strong>est,</strong></span> <span class='ocrx_word' id='word_1_80' title='bbox 1256 964 1458 1003; x_wconf 90' lang='lat' dir='ltr'><strong>munus</strong></span> <span class='ocrx_word' id='word_1_81' title='bbox 1480 948 1629 1002; x_wconf 91' lang='lat' dir='ltr'><strong>enim</strong></span> <span class='ocrx_word' id='word_1_82' title='bbox 1664 964 1728 1003; x_wconf 87' lang='lat' dir='ltr'><strong>ac.</strong></span> <span class='ocrx_word' id='word_1_83' title='bbox 1753 964 1987 1019; x_wconf 86' lang='lat' dir='ltr'><strong>persona</strong></span> <span class='ocrx_word' id='word_1_84' title='bbox 2022 950 2162 1020; x_wconf 89' lang='lat' dir='ltr'><strong>ejus,</strong></span> 
     </span>
    </p>
   </div>
   <div class='ocr_carea' id='block_1_12' title="bbox 578 1039 2165 1113">
    <p class='ocr_par' dir='ltr' id='par_1_12' title="bbox 578 1039 2165 1113">
     <span class='ocr_line' id='line_1_12' title="bbox 578 1039 2165 1113; baseline 0 -20"><span class='ocrx_word' id='word_1_85' title='bbox 578 1039 675 1109; x_wconf 88' lang='lat' dir='ltr'><strong>qui</strong></span> <span class='ocrx_word' id='word_1_86' title='bbox 707 1039 998 1094; x_wconf 87' lang='lat' dir='ltr'><strong>instituere</strong></span> <span class='ocrx_word' id='word_1_87' title='bbox 1022 1040 1239 1102; x_wconf 86' lang='lat' dir='ltr'><strong>debeat,</strong></span> <span class='ocrx_word' id='word_1_88' title='bbox 1276 1040 1333 1092; x_wconf 91' lang='lat' dir='ltr'><strong>in</strong></span> <span class='ocrx_word' id='word_1_89' title='bbox 1356 1040 1523 1113; x_wconf 78' lang='lat' dir='ltr'><strong>Moysi</strong></span> <span class='ocrx_word' id='word_1_90' title='bbox 1550 1056 1786 1110; x_wconf 85' lang='lat' dir='ltr'><strong>persona</strong></span> <span class='ocrx_word' id='word_1_91' title='bbox 1815 1041 2020 1111; x_wconf 82' lang='lat' dir='ltr'><strong>Optime</strong></span> <span class='ocrx_word' id='word_1_92' title='bbox 2045 1056 2165 1095; x_wconf 91' lang='lat' dir='ltr'><strong>scr-</strong></span> 
     </span>
    </p>
   </div>
   <div class='ocr_carea' id='block_1_13' title="bbox 578 1130 2162 1202">
    <p class='ocr_par' dir='ltr' id='par_1_13' title="bbox 578 1130 2162 1202">
     <span class='ocr_line' id='line_1_13' title="bbox 578 1130 2162 1202; baseline -0.001 -17"><span class='ocrx_word' id='word_1_93' title='bbox 578 1138 741 1185; x_wconf 82' lang='lat' dir='ltr'><strong>vatur</strong></span> <span class='ocrx_word' id='word_1_94' title='bbox 773 1148 786 1184; x_wconf 94' lang='lat'>:</span> <span class='ocrx_word' id='word_1_95' title='bbox 827 1146 1006 1202; x_wconf 91' lang='lat' dir='ltr'><strong>neque</strong></span> <span class='ocrx_word' id='word_1_96' title='bbox 1035 1131 1184 1186; x_wconf 89' lang='lat' dir='ltr'><strong>enim</strong></span> <span class='ocrx_word' id='word_1_97' title='bbox 1225 1130 1292 1184; x_wconf 93' lang='lat' dir='ltr'><strong>ad</strong></span> <span class='ocrx_word' id='word_1_98' title='bbox 1336 1146 1394 1187; x_wconf 91' lang='lat' dir='ltr'><strong>se</strong></span> <span class='ocrx_word' id='word_1_99' title='bbox 1430 1132 1713 1202; x_wconf 87' lang='lat' dir='ltr'><strong>populum,</strong></span> <span class='ocrx_word' id='word_1_100' title='bbox 1761 1132 1856 1187; x_wconf 89' lang='lat' dir='ltr'><strong>sed</strong></span> <span class='ocrx_word' id='word_1_101' title='bbox 1890 1132 1959 1186; x_wconf 92' lang='lat' dir='ltr'><strong>ad</strong></span> <span class='ocrx_word' id='word_1_102' title='bbox 1991 1133 2162 1187; x_wconf 76' lang='lat' dir='ltr'><strong>Deum</strong></span> 
     </span>
    </p>
   </div>
   <div class='ocr_carea' id='block_1_14' title="bbox 581 1220 2163 1293">
    <p class='ocr_par' dir='ltr' id='par_1_14' title="bbox 581 1220 2163 1293">
     <span class='ocr_line' id='line_1_14' title="bbox 581 1220 2163 1293; baseline 0.001 -17"><span class='ocrx_word' id='word_1_103' title='bbox 581 1230 840 1291; x_wconf 87' lang='lat' dir='ltr'><strong>tanquam</strong></span> <span class='ocrx_word' id='word_1_104' title='bbox 871 1220 938 1275; x_wconf 93' lang='lat' dir='ltr'><strong>ad</strong></span> <span class='ocrx_word' id='word_1_105' title='bbox 970 1220 1421 1293; x_wconf 71' lang='lat' dir='ltr'><strong>Iegislatorem&#39;et</strong></span> <span class='ocrx_word' id='word_1_106' title='bbox 1447 1222 1752 1286; x_wconf 86' lang='lat' dir='ltr'><strong>doctorem,</strong></span> <span class='ocrx_word' id='word_1_107' title='bbox 1782 1238 1845 1277; x_wconf 91' lang='lat' dir='ltr'><strong>ac</strong></span> <span class='ocrx_word' id='word_1_108' title='bbox 1871 1238 2054 1277; x_wconf 91' lang='lat' dir='ltr'><strong>rerum</strong></span> <span class='ocrx_word' id='word_1_109' title='bbox 2082 1222 2163 1278; x_wconf 89' lang='lat' dir='ltr'><strong>fa-</strong></span> 
     </span>
    </p>
   </div>
   <div class='ocr_carea' id='block_1_15' title="bbox 578 1310 2165 1383">
    <p class='ocr_par' dir='ltr' id='par_1_15' title="bbox 578 1310 2165 1383">
     <span class='ocr_line' id='line_1_15' title="bbox 578 1310 2165 1383; baseline 0.002 -19"><span class='ocrx_word' id='word_1_110' title='bbox 578 1310 902 1366; x_wconf 88' lang='lat' dir='ltr'><strong>ciendarum</strong></span> <span class='ocrx_word' id='word_1_111' title='bbox 924 1318 1206 1364; x_wconf 87' lang='lat' dir='ltr'><strong>auctorem</strong></span> <span class='ocrx_word' id='word_1_112' title='bbox 1230 1310 1477 1366; x_wconf 82' lang='lat' dir='ltr'><strong>adduxit.</strong></span> <span class='ocrx_word' id='word_1_113' title='bbox 1505 1311 1618 1366; x_wconf 81' lang='lat' dir='ltr'><strong>Lex</strong></span> <span class='ocrx_word' id='word_1_114' title='bbox 1641 1328 1880 1382; x_wconf 90' lang='lat' dir='ltr'><strong>quoque,</strong></span> <span class='ocrx_word' id='word_1_115' title='bbox 1916 1329 2037 1383; x_wconf 80' lang='lat' dir='ltr'><strong>qua:</strong></span> <span class='ocrx_word' id='word_1_116' title='bbox 2065 1328 2165 1382; x_wconf 88' lang='lat' dir='ltr'><strong>per</strong></span> 
     </span>
    </p>
   </div>
   <div class='ocr_carea' id='block_1_16' title="bbox 577 1400 2162 1474">
    <p class='ocr_par' dir='ltr' id='par_1_16' title="bbox 577 1400 2162 1474">
     <span class='ocr_line' id='line_1_16' title="bbox 577 1400 2162 1474; baseline 0.002 -20"><span class='ocrx_word' id='word_1_117' title='bbox 577 1400 819 1455; x_wconf 78' lang='lat' dir='ltr'><strong>litteram</strong></span> <span class='ocrx_word' id='word_1_118' title='bbox 842 1401 1184 1467; x_wconf 88' lang='lat' dir='ltr'><strong>instituebat,</strong></span> <span class='ocrx_word' id='word_1_119' title='bbox 1211 1416 1322 1456; x_wconf 89' lang='lat' dir='ltr'><strong>non</strong></span> <span class='ocrx_word' id='word_1_120' title='bbox 1353 1403 1420 1457; x_wconf 92' lang='lat' dir='ltr'><strong>ad</strong></span> <span class='ocrx_word' id='word_1_121' title='bbox 1452 1418 1511 1458; x_wconf 89' lang='lat' dir='ltr'><strong>se</strong></span> <span class='ocrx_word' id='word_1_122' title='bbox 1534 1420 1635 1458; x_wconf 91' lang='lat' dir='ltr'><strong>nos</strong></span> <span class='ocrx_word' id='word_1_123' title='bbox 1664 1404 1940 1474; x_wconf 81' lang='lat' dir='ltr'><strong>perduxit,</strong></span> <span class='ocrx_word' id='word_1_124' title='bbox 1976 1406 2069 1459; x_wconf 93' lang='lat' dir='ltr'><strong>sed</strong></span> <span class='ocrx_word' id='word_1_125' title='bbox 2095 1403 2162 1458; x_wconf 92' lang='lat' dir='ltr'><strong>ad</strong></span> 
     </span>
    </p>
   </div>
   <div class='ocr_carea' id='block_1_17' title="bbox 577 1492 2158 1564">
    <p class='ocr_par' dir='ltr' id='par_1_17' title="bbox 577 1492 2158 1564">
     <span class='ocr_line' id='line_1_17' title="bbox 577 1492 2158 1564; baseline 0.001 -16"><span class='ocrx_word' id='word_1_126' title='bbox 577 1492 752 1548; x_wconf 87' lang='lat' dir='ltr'><strong>Deum</strong></span> <span class='ocrx_word' id='word_1_127' title='bbox 779 1492 1042 1559; x_wconf 82' lang='lat' dir='ltr'><strong>Verbum,</strong></span> <span class='ocrx_word' id='word_1_128' title='bbox 1077 1494 1172 1563; x_wconf 89' lang='lat' dir='ltr'><strong>qui</strong></span> <span class='ocrx_word' id='word_1_129' title='bbox 1210 1503 1437 1564; x_wconf 88' lang='lat' dir='ltr'><strong>propter</strong></span> <span class='ocrx_word' id='word_1_130' title='bbox 1472 1510 1575 1549; x_wconf 92' lang='lat' dir='ltr'><strong>nos</strong></span> <span class='ocrx_word' id='word_1_131' title='bbox 1609 1493 1945 1551; x_wconf 87' lang='lat' dir='ltr'><strong>descendite</strong></span> <span class='ocrx_word' id='word_1_132' title='bbox 1984 1497 2158 1552; x_wconf 84' lang='lat' dir='ltr'><strong>caelis.</strong></span> 
     </span>
    </p>
   </div>
   <div class='ocr_carea' id='block_1_18' title="bbox 576 1583 2160 1659">
    <p class='ocr_par' dir='ltr' id='par_1_18' title="bbox 576 1583 2160 1659">
     <span class='ocr_line' id='line_1_18' title="bbox 576 1583 2160 1659; baseline 0.003 -21"><span class='ocrx_word' id='word_1_133' title='bbox 576 1583 719 1638; x_wconf 76' lang='lat' dir='ltr'><strong>Num</strong></span> <span class='ocrx_word' id='word_1_134' title='bbox 744 1584 845 1639; x_wconf 89' lang='lat' dir='ltr'><strong>tibi</strong></span> <span class='ocrx_word' id='word_1_135' title='bbox 866 1598 1123 1639; x_wconf 87' lang='lat' dir='ltr'><strong>verarum</strong></span> <span class='ocrx_word' id='word_1_136' title='bbox 1152 1584 1634 1656; x_wconf 86' lang='lat' dir='ltr'><strong>intelligentiarum</strong></span> <span class='ocrx_word' id='word_1_137' title='bbox 1658 1587 1882 1658; x_wconf 83' lang='lat' dir='ltr'><strong>vestigia</strong></span> <span class='ocrx_word' id='word_1_138' title='bbox 1909 1588 2160 1659; x_wconf 88' lang='lat' dir='ltr'><strong>persequi</strong></span> 
     </span>
    </p>
   </div>
   <div class='ocr_carea' id='block_1_19' title="bbox 578 1676 2233 1791">
    <p class='ocr_par' dir='ltr' id='par_1_19' title="bbox 578 1676 2233 1791">
     <span class='ocr_line' id='line_1_19' title="bbox 578 1676 2233 1791; baseline 0.005 -62"><span class='ocrx_word' id='word_1_139' title='bbox 578 1683 766 1730; x_wconf 86' lang='lat' dir='ltr'><strong>nostra</strong></span> <span class='ocrx_word' id='word_1_140' title='bbox 795 1676 1018 1731; x_wconf 92' lang='lat' dir='ltr'><strong>videtur</strong></span> <span class='ocrx_word' id='word_1_141' title='bbox 1050 1677 1264 1732; x_wconf 87' lang='lat' dir='ltr'><strong>oratio?</strong></span> <span class='ocrx_word' id='word_1_142' title='bbox 2194 1737 2233 1791; x_wconf 72' lang='grc' dir='ltr'>Β</span> 
     </span>
    </p>
   </div>
   <div class='ocr_carea' id='block_1_20' title="bbox 645 1861 1297 1920">
    <p class='ocr_par' dir='ltr' id='par_1_20' title="bbox 645 1861 1297 1920">
     <span class='ocr_line' id='line_1_20' title="bbox 645 1861 1297 1920; baseline 0.002 -1"><span class='ocrx_word' id='word_1_143' title='bbox 645 1861 844 1919; x_wconf 83' lang='lat' dir='ltr'><strong>PALL.</strong></span> <span class='ocrx_word' id='word_1_144' title='bbox 877 1864 1107 1920; x_wconf 75' lang='lat' dir='ltr'><strong>Maxime</strong></span> <span class='ocrx_word' id='word_1_145' title='bbox 1145 1881 1297 1920; x_wconf 88' lang='lat' dir='ltr'><strong>vero.</strong></span> 
     </span>
    </p>
   </div>
   <div class='ocr_carea' id='block_1_21' title="bbox 644 1953 2160 2029">
    <p class='ocr_par' dir='ltr' id='par_1_21' title="bbox 644 1953 2160 2029">
     <span class='ocr_line' id='line_1_21' title="bbox 644 1953 2160 2029; baseline 0 -18"><span class='ocrx_word' id='word_1_146' title='bbox 644 1953 802 2011; x_wconf 84' lang='lat' dir='ltr'><strong>CYR.</strong></span> <span class='ocrx_word' id='word_1_147' title='bbox 846 1956 1124 2027; x_wconf 89' lang='lat' dir='ltr'><strong>Scriptum</strong></span> <span class='ocrx_word' id='word_1_148' title='bbox 1156 1966 1240 2012; x_wconf 92' lang='lat' dir='ltr'><strong>est</strong></span> <span class='ocrx_word' id='word_1_149' title='bbox 1273 1957 1440 2028; x_wconf 82' lang='lat' dir='ltr'><strong>igitur</strong></span> <span class='ocrx_word' id='word_1_150' title='bbox 1482 1976 1493 2010; x_wconf 93' lang='lat'>:</span> <span class='ocrx_word' id='word_1_151' title='bbox 1544 1977 1562 2009; x_wconf 79' lang='grc' dir='ltr'>ι</span> <span class='ocrx_word' id='word_1_152' title='bbox 1613 1957 1682 2012; x_wconf 88' lang='lat' dir='ltr'><strong>Et</strong></span> <span class='ocrx_word' id='word_1_153' title='bbox 1717 1957 1908 2012; x_wconf 78' lang='lat' dir='ltr'><strong>eduxit</strong></span> <span class='ocrx_word' id='word_1_154' title='bbox 1950 1958 2160 2029; x_wconf 76' lang='lat' dir='ltr'><strong>Moyses</strong></span> 
     </span>
    </p>
   </div>
   <div class='ocr_carea' id='block_1_22' title="bbox 573 2048 2158 2120">
    <p class='ocr_par' dir='ltr' id='par_1_22' title="bbox 573 2048 2158 2120">
     <span class='ocr_line' id='line_1_22' title="bbox 573 2048 2158 2120; baseline 0.003 -18"><span class='ocrx_word' id='word_1_155' title='bbox 573 2049 836 2120; x_wconf 89' lang='lat' dir='ltr'><strong>populum</strong></span> <span class='ocrx_word' id='word_1_156' title='bbox 862 2048 915 2103; x_wconf 90' lang='lat' dir='ltr'><strong>in</strong></span> <span class='ocrx_word' id='word_1_157' title='bbox 940 2065 1231 2105; x_wconf 88' lang='lat' dir='ltr'><strong>occursum</strong></span> <span class='ocrx_word' id='word_1_158' title='bbox 1257 2051 1356 2105; x_wconf 90' lang='lat' dir='ltr'><strong>Dei</strong></span> <span class='ocrx_word' id='word_1_159' title='bbox 1378 2066 1408 2105; x_wconf 95' lang='lat' dir='ltr'><strong>e</strong></span> <span class='ocrx_word' id='word_1_160' title='bbox 1429 2051 1653 2118; x_wconf 87' lang='lat' dir='ltr'><strong>castris;</strong></span> <span class='ocrx_word' id='word_1_161' title='bbox 1683 2060 1739 2106; x_wconf 93' lang='lat' dir='ltr'><strong>et</strong></span> <span class='ocrx_word' id='word_1_162' title='bbox 1763 2060 2033 2106; x_wconf 89' lang='lat' dir='ltr'><strong>steterunt</strong></span> <span class='ocrx_word' id='word_1_163' title='bbox 2054 2050 2158 2106; x_wconf 88' lang='lat' dir='ltr'><strong>sub</strong></span> 
     </span>
    </p>
   </div>
   <div class='ocr_carea' id='block_1_23' title="bbox 572 2138 2157 2207">
    <p class='ocr_par' dir='ltr' id='par_1_23' title="bbox 572 2138 2157 2207">
     <span class='ocr_line' id='line_1_23' title="bbox 572 2138 2157 2207; baseline 0.003 -15"><span class='ocrx_word' id='word_1_164' title='bbox 572 2146 758 2193; x_wconf 82' lang='lat' dir='ltr'><strong>monte</strong></span> <span class='ocrx_word' id='word_1_165' title='bbox 802 2138 952 2195; x_wconf 90' lang='lat' dir='ltr'><strong>Sina.</strong></span> <span class='ocrx_word' id='word_1_166' title='bbox 997 2141 1151 2196; x_wconf 87' lang='lat' dir='ltr'><strong>Mons</strong></span> <span class='ocrx_word' id='word_1_167' title='bbox 1194 2149 1380 2197; x_wconf 83' lang='lat' dir='ltr'><strong>autem</strong></span> <span class='ocrx_word' id='word_1_168' title='bbox 1421 2140 1553 2197; x_wconf 91' lang='lat' dir='ltr'><strong>Sina</strong></span> <span class='ocrx_word' id='word_1_169' title='bbox 1595 2149 1742 2198; x_wconf 90' lang='lat' dir='ltr'><strong>totus</strong></span> <span class='ocrx_word' id='word_1_170' title='bbox 1783 2142 2047 2207; x_wconf 82' lang='lat' dir='ltr'><strong>fumabat,</strong></span> <span class='ocrx_word' id='word_1_171' title='bbox 2089 2157 2157 2197; x_wconf 91' lang='lat' dir='ltr'><strong>eo</strong></span> 
     </span>
    </p>
   </div>
   <div class='ocr_carea' id='block_1_24' title="bbox 570 2230 2152 2304">
    <p class='ocr_par' dir='ltr' id='par_1_24' title="bbox 570 2230 2152 2304">
     <span class='ocr_line' id='line_1_24' title="bbox 570 2230 2152 2304; baseline 0.001 -20"><span class='ocrx_word' id='word_1_172' title='bbox 570 2230 717 2300; x_wconf 85' lang='lat' dir='ltr'><strong>quod</strong></span> <span class='ocrx_word' id='word_1_173' title='bbox 747 2230 1120 2288; x_wconf 89' lang='lat' dir='ltr'><strong>descendisset</strong></span> <span class='ocrx_word' id='word_1_174' title='bbox 1174 2232 1438 2288; x_wconf 89' lang='lat' dir='ltr'><strong>Dominus</strong></span> <span class='ocrx_word' id='word_1_175' title='bbox 1481 2248 1647 2303; x_wconf 89' lang='lat' dir='ltr'><strong>super</strong></span> <span class='ocrx_word' id='word_1_176' title='bbox 1701 2234 1879 2303; x_wconf 90' lang='lat' dir='ltr'><strong>ipsum</strong></span> <span class='ocrx_word' id='word_1_177' title='bbox 1917 2233 1973 2287; x_wconf 86' lang='lat' dir='ltr'><strong>in</strong></span> <span class='ocrx_word' id='word_1_178' title='bbox 1996 2234 2152 2304; x_wconf 80' lang='lat' dir='ltr'><strong>igne:</strong></span> 
     </span>
    </p>
   </div>
   <div class='ocr_carea' id='block_1_25' title="bbox 569 2323 2157 2395">
    <p class='ocr_par' dir='ltr' id='par_1_25' title="bbox 569 2323 2157 2395">
     <span class='ocr_line' id='line_1_25' title="bbox 569 2323 2157 2395; baseline 0.004 -19"><span class='ocrx_word' id='word_1_179' title='bbox 569 2331 624 2376; x_wconf 84' lang='lat' dir='ltr'><strong>et</strong></span> <span class='ocrx_word' id='word_1_180' title='bbox 658 2323 993 2378; x_wconf 86' lang='lat' dir='ltr'><strong>ascendebat</strong></span> <span class='ocrx_word' id='word_1_181' title='bbox 1029 2323 1212 2379; x_wconf 86' lang='lat' dir='ltr'><strong>fumus</strong></span> <span class='ocrx_word' id='word_1_182' title='bbox 1265 2333 1525 2395; x_wconf 85' lang='lat' dir='ltr'><strong>tanquam</strong></span> <span class='ocrx_word' id='word_1_183' title='bbox 1564 2326 1749 2380; x_wconf 84' lang='lat' dir='ltr'><strong>fumus</strong></span> <span class='ocrx_word' id='word_1_184' title='bbox 1790 2325 2029 2382; x_wconf 87' lang='lat' dir='ltr'><strong>fornacis</strong></span> <span class='ocrx_word' id='word_1_185' title='bbox 2059 2345 2071 2380; x_wconf 93' lang='lat'><strong>:</strong></span> <span class='ocrx_word' id='word_1_186' title='bbox 2099 2336 2157 2383; x_wconf 90' lang='lat' dir='ltr'><strong>et</strong></span> 
     </span>
    </p>
   </div>
   <div class='ocr_carea' id='block_1_26' title="bbox 568 2413 2155 2484">
    <p class='ocr_par' dir='ltr' id='par_1_26' title="bbox 568 2413 2155 2484">
     <span class='ocr_line' id='line_1_26' title="bbox 568 2413 2155 2484; baseline 0.003 -19"><span class='ocrx_word' id='word_1_187' title='bbox 568 2413 867 2469; x_wconf 81' lang='lat' dir='ltr'><strong>exterritus</strong></span> <span class='ocrx_word' id='word_1_188' title='bbox 898 2422 983 2469; x_wconf 87' lang='lat' dir='ltr'><strong>est</strong></span> <span class='ocrx_word' id='word_1_189' title='bbox 1041 2415 1221 2469; x_wconf 88' lang='lat' dir='ltr'><strong>omnis</strong></span> <span class='ocrx_word' id='word_1_190' title='bbox 1272 2415 1506 2484; x_wconf 86' lang='lat' dir='ltr'><strong>populus</strong></span> <span class='ocrx_word' id='word_1_191' title='bbox 1527 2415 1717 2469; x_wconf 83' lang='lat' dir='ltr'><strong>valde:</strong></span> <span class='ocrx_word' id='word_1_192' title='bbox 1745 2416 1949 2473; x_wconf 76' lang='lat' dir='ltr'><strong>fiebant</strong></span> <span class='ocrx_word' id='word_1_193' title='bbox 1972 2425 2155 2470; x_wconf 90' lang='lat' dir='ltr'><strong>autem</strong></span> 
     </span>
    </p>
   </div>
   <div class='ocr_carea' id='block_1_27' title="bbox 568 2505 2157 2579">
    <p class='ocr_par' dir='ltr' id='par_1_27' title="bbox 568 2505 2157 2579">
     <span class='ocr_line' id='line_1_27' title="bbox 568 2505 2157 2579; baseline 0.002 -20"><span class='ocrx_word' id='word_1_194' title='bbox 568 2520 733 2560; x_wconf 83' lang='lat' dir='ltr'><strong>voces</strong></span> <span class='ocrx_word' id='word_1_195' title='bbox 762 2506 908 2559; x_wconf 61' lang='lat' dir='ltr'><strong>tubae</strong></span> <span class='ocrx_word' id='word_1_196' title='bbox 943 2505 1305 2575; x_wconf 87' lang='lat' dir='ltr'><strong>procedentes</strong></span> <span class='ocrx_word' id='word_1_197' title='bbox 1334 2506 1592 2560; x_wconf 84' lang='lat' dir='ltr'><strong>fortiores</strong></span> <span class='ocrx_word' id='word_1_198' title='bbox 1626 2506 1800 2561; x_wconf 79' lang='lat' dir='ltr'><strong>valde.</strong></span> <span class='ocrx_word' id='word_1_199' title='bbox 1843 2507 2053 2579; x_wconf 82' lang='lat' dir='ltr'><strong>Moyses</strong></span> <span class='ocrx_word' id='word_1_200' title='bbox 2075 2508 2157 2562; x_wconf 90' lang='lat' dir='ltr'><strong>lo-</strong></span> 
     </span>
    </p>
   </div>
   <div class='ocr_carea' id='block_1_28' title="bbox 567 2592 2151 2666">
    <p class='ocr_par' dir='ltr' id='par_1_28' title="bbox 567 2592 2151 2666">
     <span class='ocr_line' id='line_1_28' title="bbox 567 2592 2151 2666; baseline 0.003 -19"><span class='ocrx_word' id='word_1_201' title='bbox 567 2593 868 2662; x_wconf 86' lang='lat' dir='ltr'><strong>quebatur;</strong></span> <span class='ocrx_word' id='word_1_202' title='bbox 901 2593 1048 2647; x_wconf 91' lang='lat' dir='ltr'><strong>Deus</strong></span> <span class='ocrx_word' id='word_1_203' title='bbox 1084 2592 1453 2662; x_wconf 87' lang='lat' dir='ltr'><strong>respondebat</strong></span> <span class='ocrx_word' id='word_1_204' title='bbox 1492 2594 1569 2647; x_wconf 90' lang='lat' dir='ltr'><strong>illi</strong></span> <span class='ocrx_word' id='word_1_205' title='bbox 1606 2610 1737 2649; x_wconf 80' lang='lat' dir='ltr'><strong>voce</strong></span> <span class='ocrx_word' id='word_1_206' title='bbox 1778 2595 1843 2649; x_wconf 73' lang='grc' dir='ltr'><strong>εδ.</strong></span> <span class='ocrx_word' id='word_1_207' title='bbox 1895 2615 1912 2647; x_wconf 73' lang='grc' dir='ltr'>ι</span> <span class='ocrx_word' id='word_1_208' title='bbox 1960 2596 2151 2666; x_wconf 81' lang='lat' dir='ltr'><strong>Igitur,</strong></span> 
     </span>
    </p>
   </div>
   <div class='ocr_carea' id='block_1_29' title="bbox 568 2682 2151 2758">
    <p class='ocr_par' dir='ltr' id='par_1_29' title="bbox 568 2682 2151 2758">
     <span class='ocr_line' id='line_1_29' title="bbox 568 2682 2151 2758; baseline 0.004 -21"><span class='ocrx_word' id='word_1_209' title='bbox 568 2683 717 2753; x_wconf 88' lang='lat' dir='ltr'><strong>quod</strong></span> <span class='ocrx_word' id='word_1_210' title='bbox 740 2684 796 2736; x_wconf 89' lang='lat' dir='ltr'><strong>in</strong></span> <span class='ocrx_word' id='word_1_211' title='bbox 826 2690 1012 2737; x_wconf 91' lang='lat' dir='ltr'><strong>monte</strong></span> <span class='ocrx_word' id='word_1_212' title='bbox 1041 2682 1327 2737; x_wconf 89' lang='lat' dir='ltr'><strong>descendit</strong></span> <span class='ocrx_word' id='word_1_213' title='bbox 1354 2685 1521 2748; x_wconf 91' lang='lat' dir='ltr'><strong>Deus,</strong></span> <span class='ocrx_word' id='word_1_214' title='bbox 1561 2686 1777 2755; x_wconf 79' lang='lat' dir='ltr'><strong>signum</strong></span> <span class='ocrx_word' id='word_1_215' title='bbox 1801 2688 2151 2758; x_wconf 91' lang='lat' dir='ltr'><strong>perspicuum</strong></span> 
     </span>
    </p>
   </div>
   <div class='ocr_carea' id='block_1_30' title="bbox 566 2774 2153 2849">
    <p class='ocr_par' dir='ltr' id='par_1_30' title="bbox 566 2774 2153 2849">
     <span class='ocr_line' id='line_1_30' title="bbox 566 2774 2153 2849; baseline 0.005 -20"><span class='ocrx_word' id='word_1_216' title='bbox 566 2787 689 2829; x_wconf 81' lang='lat' dir='ltr'><strong>esse</strong></span> <span class='ocrx_word' id='word_1_217' title='bbox 730 2774 955 2843; x_wconf 86' lang='lat' dir='ltr'><strong>poterit,</strong></span> <span class='ocrx_word' id='word_1_218' title='bbox 1011 2790 1120 2828; x_wconf 90' lang='lat' dir='ltr'><strong>non</strong></span> <span class='ocrx_word' id='word_1_219' title='bbox 1171 2774 1325 2829; x_wconf 92' lang='lat' dir='ltr'><strong>illum</strong></span> <span class='ocrx_word' id='word_1_220' title='bbox 1377 2775 1445 2830; x_wconf 92' lang='lat' dir='ltr'><strong>ad</strong></span> <span class='ocrx_word' id='word_1_221' title='bbox 1491 2787 1705 2831; x_wconf 82' lang='lat' dir='ltr'><strong>mentes</strong></span> <span class='ocrx_word' id='word_1_222' title='bbox 1756 2779 2153 2849; x_wconf 87' lang='lat' dir='ltr'><strong>abjectissimas</strong></span> 
     </span>
    </p>
   </div>
   <div class='ocr_carea' id='block_1_31' title="bbox 566 2864 2151 2944">
    <p class='ocr_par' dir='ltr' id='par_1_31' title="bbox 566 2864 2151 2944">
     <span class='ocr_line' id='line_1_31' title="bbox 566 2864 2151 2944; baseline 0.006 -26"><span class='ocrx_word' id='word_1_223' title='bbox 566 2864 791 2929; x_wconf 80' lang='lat' dir='ltr'><strong>venire;</strong></span> <span class='ocrx_word' id='word_1_224' title='bbox 863 2879 1041 2934; x_wconf 90' lang='lat' dir='ltr'><strong>neque</strong></span> <span class='ocrx_word' id='word_1_225' title='bbox 1109 2880 1234 2920; x_wconf 90' lang='lat' dir='ltr'><strong>cum</strong></span> <span class='ocrx_word' id='word_1_226' title='bbox 1306 2866 1414 2922; x_wconf 91' lang='lat' dir='ltr'><strong>illis</strong></span> <span class='ocrx_word' id='word_1_227' title='bbox 1469 2868 1720 2924; x_wconf 71' lang='lat' dir='ltr'><strong>habitare</strong></span> <span class='ocrx_word' id='word_1_228' title='bbox 1782 2871 1990 2937; x_wconf 92' lang='lat' dir='ltr'><strong>solere,</strong></span> <span class='ocrx_word' id='word_1_229' title='bbox 2056 2873 2151 2944; x_wconf 86' lang='lat' dir='ltr'><strong>qui</strong></span> 
     </span>
    </p>
   </div>
   <div class='ocr_carea' id='block_1_32' title="bbox 567 2956 2148 3032">
    <p class='ocr_par' dir='ltr' id='par_1_32' title="bbox 567 2956 2148 3032">
     <span class='ocr_line' id='line_1_32' title="bbox 567 2956 2148 3032; baseline 0.008 -22"><span class='ocrx_word' id='word_1_230' title='bbox 567 2966 838 3021; x_wconf 86' lang='lat' dir='ltr'><strong>terrenos,</strong></span> <span class='ocrx_word' id='word_1_231' title='bbox 890 2963 948 3012; x_wconf 92' lang='lat' dir='ltr'><strong>et</strong></span> <span class='ocrx_word' id='word_1_232' title='bbox 989 2956 1143 3012; x_wconf 87' lang='lat' dir='ltr'><strong>humi</strong></span> <span class='ocrx_word' id='word_1_233' title='bbox 1193 2958 1435 3030; x_wconf 89' lang='lat' dir='ltr'><strong>ahjectos</strong></span> <span class='ocrx_word' id='word_1_234' title='bbox 1481 2962 1693 3017; x_wconf 80' lang='lat' dir='ltr'><strong>animos</strong></span> <span class='ocrx_word' id='word_1_235' title='bbox 1736 2962 2004 3032; x_wconf 86' lang='lat' dir='ltr'><strong>habeant;</strong></span> <span class='ocrx_word' id='word_1_236' title='bbox 2053 2967 2148 3021; x_wconf 92' lang='lat' dir='ltr'><strong>scd</strong></span> 
     </span>
    </p>
   </div>
   <div class='ocr_carea' id='block_1_33' title="bbox 568 3049 2218 3124">
    <p class='ocr_par' dir='ltr' id='par_1_33' title="bbox 568 3049 2218 3124">
     <span class='ocr_line' id='line_1_33' title="bbox 568 3049 2218 3124; baseline 0.006 -21"><span class='ocrx_word' id='word_1_237' title='bbox 568 3062 693 3103; x_wconf 88' lang='lat' dir='ltr'><strong>cum</strong></span> <span class='ocrx_word' id='word_1_238' title='bbox 727 3061 814 3114; x_wconf 90' lang='lat' dir='ltr'><strong>eo,</strong></span> <span class='ocrx_word' id='word_1_239' title='bbox 856 3049 1012 3120; x_wconf 88' lang='lat' dir='ltr'><strong>cujus</strong></span> <span class='ocrx_word' id='word_1_240' title='bbox 1055 3049 1272 3106; x_wconf 89' lang='lat' dir='ltr'><strong>animus</strong></span> <span class='ocrx_word' id='word_1_241' title='bbox 1321 3051 1377 3105; x_wconf 91' lang='lat' dir='ltr'><strong>in</strong></span> <span class='ocrx_word' id='word_1_242' title='bbox 1422 3053 1658 3107; x_wconf 89' lang='lat' dir='ltr'><strong>sublime</strong></span> <span class='ocrx_word' id='word_1_243' title='bbox 1702 3056 2053 3123; x_wconf 88' lang='lat' dir='ltr'><strong>conscendat,</strong></span> <span class='ocrx_word' id='word_1_244' title='bbox 2095 3067 2150 3114; x_wconf 89' lang='lat' dir='ltr'><strong>et</strong></span> <span class='ocrx_word' id='word_1_245' title='bbox 2176 3069 2218 3124; x_wconf 73' lang='grc' dir='ltr'><strong>α</strong></span> 
     </span>
    </p>
   </div>
   <div class='ocr_carea' id='block_1_34' title="bbox 563 3138 2144 3218">
    <p class='ocr_par' dir='ltr' id='par_1_34' title="bbox 563 3138 2144 3218">
     <span class='ocr_line' id='line_1_34' title="bbox 563 3138 2144 3218; baseline 0.007 -25"><span class='ocrx_word' id='word_1_246' title='bbox 563 3138 721 3209; x_wconf 85' lang='lat' dir='ltr'><strong>quasi</strong></span> <span class='ocrx_word' id='word_1_247' title='bbox 747 3140 1009 3195; x_wconf 78' lang='lat' dir='ltr'><strong>verticem</strong></span> <span class='ocrx_word' id='word_1_248' title='bbox 1035 3141 1309 3196; x_wconf 75' lang='lat' dir='ltr'><strong>excelsum</strong></span> <span class='ocrx_word' id='word_1_249' title='bbox 1339 3152 1549 3208; x_wconf 90' lang='lat' dir='ltr'><strong>tenens,</strong></span> <span class='ocrx_word' id='word_1_250' title='bbox 1594 3144 1833 3200; x_wconf 86' lang='lat' dir='ltr'><strong>humana</strong></span> <span class='ocrx_word' id='word_1_251' title='bbox 1860 3146 2144 3218; x_wconf 71' lang='lat' dir='ltr'><strong>despiciat,</strong></span> 
     </span>
    </p>
   </div>
   <div class='ocr_carea' id='block_1_35' title="bbox 564 3229 2145 3309">
    <p class='ocr_par' dir='ltr' id='par_1_35' title="bbox 564 3229 2145 3309">
     <span class='ocr_line' id='line_1_35' title="bbox 564 3229 2145 3309; baseline 0.003 -22"><span class='ocrx_word' id='word_1_252' title='bbox 564 3229 724 3300; x_wconf 79' lang='lat'><strong>223</strong></span> <span class='ocrx_word' id='word_1_253' title='bbox 750 3240 806 3285; x_wconf 89' lang='lat' dir='ltr'><strong>et</strong></span> <span class='ocrx_word' id='word_1_254' title='bbox 828 3246 890 3285; x_wconf 90' lang='lat' dir='ltr'><strong>ea</strong></span> <span class='ocrx_word' id='word_1_255' title='bbox 915 3232 1050 3296; x_wconf 88' lang='lat' dir='ltr'><strong>sola,</strong></span> <span class='ocrx_word' id='word_1_256' title='bbox 1075 3248 1196 3302; x_wconf 76' lang='lat' dir='ltr'><strong>qua:</strong></span> <span class='ocrx_word' id='word_1_257' title='bbox 1219 3233 1316 3288; x_wconf 91' lang='lat' dir='ltr'><strong>Dei</strong></span> <span class='ocrx_word' id='word_1_258' title='bbox 1351 3243 1499 3299; x_wconf 88' lang='lat' dir='ltr'><strong>sunt,</strong></span> <span class='ocrx_word' id='word_1_259' title='bbox 1532 3243 1761 3305; x_wconf 87' lang='lat' dir='ltr'><strong>spectet.</strong></span> <span class='ocrx_word' id='word_1_260' title='bbox 1794 3236 1967 3292; x_wconf 88' lang='lat' dir='ltr'><strong>Aliam</strong></span> <span class='ocrx_word' id='word_1_261' title='bbox 2004 3255 2145 3309; x_wconf 86' lang='lat' dir='ltr'><strong>quo-</strong></span> 
     </span>
    </p>
   </div>
   <div class='ocr_carea' id='block_1_36' title="bbox 561 3322 2144 3402">
    <p class='ocr_par' dir='ltr' id='par_1_36' title="bbox 561 3322 2144 3402">
     <span class='ocr_line' id='line_1_36' title="bbox 561 3322 2144 3402; baseline 0.008 -27"><span class='ocrx_word' id='word_1_262' title='bbox 561 3337 670 3392; x_wconf 89' lang='lat' dir='ltr'><strong>que</strong></span> <span class='ocrx_word' id='word_1_263' title='bbox 690 3322 1144 3392; x_wconf 81' lang='lat' dir='ltr'><strong>signiﬁcationem</strong></span> <span class='ocrx_word' id='word_1_264' title='bbox 1162 3324 1368 3380; x_wconf 89' lang='lat' dir='ltr'><strong>habere</strong></span> <span class='ocrx_word' id='word_1_265' title='bbox 1399 3335 1599 3396; x_wconf 89' lang='lat' dir='ltr'><strong>potest,</strong></span> <span class='ocrx_word' id='word_1_266' title='bbox 1628 3327 1922 3385; x_wconf 80' lang='lat' dir='ltr'><strong>sublimem</strong></span> <span class='ocrx_word' id='word_1_267' title='bbox 1947 3348 2144 3402; x_wconf 83' lang='lat' dir='ltr'><strong>nempe.</strong></span> 
     </span>
    </p>
   </div>
   <div class='ocr_carea' id='block_1_37' title="bbox 560 3414 2143 3493">
    <p class='ocr_par' dir='ltr' id='par_1_37' title="bbox 560 3414 2143 3493">
     <span class='ocr_line' id='line_1_37' title="bbox 560 3414 2143 3493; baseline 0.006 -23"><span class='ocrx_word' id='word_1_268' title='bbox 560 3428 683 3470; x_wconf 85' lang='lat' dir='ltr'><strong>esse</strong></span> <span class='ocrx_word' id='word_1_269' title='bbox 707 3414 802 3469; x_wconf 89' lang='lat' dir='ltr'><strong>Dei</strong></span> <span class='ocrx_word' id='word_1_270' title='bbox 828 3416 1220 3486; x_wconf 83' lang='lat' dir='ltr'><strong>cognitionem,</strong></span> <span class='ocrx_word' id='word_1_271' title='bbox 1245 3426 1298 3474; x_wconf 90' lang='lat' dir='ltr'><strong>el</strong></span> <span class='ocrx_word' id='word_1_272' title='bbox 1324 3428 1512 3474; x_wconf 90' lang='lat' dir='ltr'><strong>nostra</strong></span> <span class='ocrx_word' id='word_1_273' title='bbox 1549 3420 1863 3476; x_wconf 88' lang='lat' dir='ltr'><strong>conditione</strong></span> <span class='ocrx_word' id='word_1_274' title='bbox 1890 3425 2143 3493; x_wconf 83' lang='lat' dir='ltr'><strong>superio-</strong></span> 
     </span>
    </p>
   </div>
   <div class='ocr_carea' id='block_1_38' title="bbox 560 3507 2142 3585">
    <p class='ocr_par' dir='ltr' id='par_1_38' title="bbox 560 3507 2142 3585">
     <span class='ocr_line' id='line_1_38' title="bbox 560 3507 2142 3585; baseline 0.004 -23"><span class='ocrx_word' id='word_1_275' title='bbox 560 3522 699 3571; x_wconf 87' lang='lat' dir='ltr'><strong>rem,</strong></span> <span class='ocrx_word' id='word_1_276' title='bbox 736 3513 803 3565; x_wconf 84' lang='lat' dir='ltr'><strong>ah</strong></span> <span class='ocrx_word' id='word_1_277' title='bbox 838 3509 908 3564; x_wconf 81' lang='lat' dir='ltr'><strong>iis</strong></span> <span class='ocrx_word' id='word_1_278' title='bbox 945 3507 1230 3575; x_wconf 73' lang='lat' dir='ltr'><strong>duntaxat,</strong></span> <span class='ocrx_word' id='word_1_279' title='bbox 1259 3517 1317 3563; x_wconf 93' lang='lat' dir='ltr'><strong>et</strong></span> <span class='ocrx_word' id='word_1_280' title='bbox 1350 3510 1573 3579; x_wconf 88' lang='lat' dir='ltr'><strong>quidem</strong></span> <span class='ocrx_word' id='word_1_281' title='bbox 1618 3529 1685 3567; x_wconf 79' lang='lat' dir='ltr'><strong>ex</strong></span> <span class='ocrx_word' id='word_1_282' title='bbox 1725 3522 1899 3582; x_wconf 85' lang='lat' dir='ltr'><strong>parte,</strong></span> <span class='ocrx_word' id='word_1_283' title='bbox 1933 3514 2142 3585; x_wconf 89' lang='lat' dir='ltr'><strong>percipi</strong></span> 
     </span>
    </p>
   </div>
   <div class='ocr_carea' id='block_1_39' title="bbox 559 3597 2141 3671">
    <p class='ocr_par' dir='ltr' id='par_1_39' title="bbox 559 3597 2141 3671">
     <span class='ocr_line' id='line_1_39' title="bbox 559 3597 2141 3671; baseline 0.006 -21"><span class='ocrx_word' id='word_1_284' title='bbox 559 3610 743 3665; x_wconf 87' lang='lat' dir='ltr'><strong>posse,</strong></span> <span class='ocrx_word' id='word_1_285' title='bbox 772 3597 866 3667; x_wconf 91' lang='lat' dir='ltr'><strong>qui</strong></span> <span class='ocrx_word' id='word_1_286' title='bbox 909 3613 1009 3666; x_wconf 90' lang='lat' dir='ltr'><strong>per</strong></span> <span class='ocrx_word' id='word_1_287' title='bbox 1042 3598 1299 3651; x_wconf 87' lang='lat' dir='ltr'><strong>sublimia</strong></span> <span class='ocrx_word' id='word_1_288' title='bbox 1336 3598 1523 3653; x_wconf 91' lang='lat' dir='ltr'><strong>volare</strong></span> <span class='ocrx_word' id='word_1_289' title='bbox 1566 3602 1909 3671; x_wconf 88' lang='lat' dir='ltr'><strong>studuerint;</strong></span> <span class='ocrx_word' id='word_1_290' title='bbox 1953 3624 1970 3655; x_wconf 78' lang='grc' dir='ltr'>ι</span> <span class='ocrx_word' id='word_1_291' title='bbox 2002 3606 2141 3660; x_wconf 89' lang='lat' dir='ltr'><strong>Pulli</strong></span> 
     </span>
    </p>
   </div>
   <div class='ocr_carea' id='block_1_40' title="bbox 558 3686 2138 3758">
    <p class='ocr_par' dir='ltr' id='par_1_40' title="bbox 558 3686 2138 3758">
     <span class='ocr_line' id='line_1_40' title="bbox 558 3686 2138 3758; baseline 0.009 -20"><span class='ocrx_word' id='word_1_292' title='bbox 558 3699 800 3753; x_wconf 89' lang='lat' dir='ltr'><strong>namque</strong></span> <span class='ocrx_word' id='word_1_293' title='bbox 840 3686 1078 3740; x_wconf 79' lang='lat' dir='ltr'><strong>vulturis</strong></span> <span class='ocrx_word' id='word_1_294' title='bbox 1109 3702 1209 3757; x_wconf 91' lang='lat' dir='ltr'><strong>per</strong></span> <span class='ocrx_word' id='word_1_295' title='bbox 1240 3688 1498 3743; x_wconf 90' lang='lat' dir='ltr'><strong>sublimia</strong></span> <span class='ocrx_word' id='word_1_296' title='bbox 1529 3691 1715 3745; x_wconf 87' lang='lat' dir='ltr'><strong>volant</strong></span> <span class='ocrx_word' id='word_1_297' title='bbox 1741 3694 1808 3758; x_wconf 71' lang='lat'><strong>&#39;9,</strong></span> <span class='ocrx_word' id='word_1_298' title='bbox 1851 3715 1869 3745; x_wconf 71' lang='grc' dir='ltr'>ι</span> <span class='ocrx_word' id='word_1_299' title='bbox 1906 3704 1964 3749; x_wconf 95' lang='lat' dir='ltr'><strong>ut</strong></span> <span class='ocrx_word' id='word_1_300' title='bbox 2000 3699 2138 3752; x_wconf 87' lang='lat' dir='ltr'><strong>scri-</strong></span> 
     </span>
    </p>
   </div>
   <div class='ocr_carea' id='block_1_41' title="bbox 557 3776 2141 3850">
    <p class='ocr_par' dir='ltr' id='par_1_41' title="bbox 557 3776 2141 3850">
     <span class='ocr_line' id='line_1_41' title="bbox 557 3776 2141 3850; baseline 0.011 -23"><span class='ocrx_word' id='word_1_301' title='bbox 557 3784 716 3845; x_wconf 85' lang='lat' dir='ltr'><strong>ptum</strong></span> <span class='ocrx_word' id='word_1_302' title='bbox 750 3784 855 3829; x_wconf 91' lang='lat' dir='ltr'><strong>est.</strong></span> <span class='ocrx_word' id='word_1_303' title='bbox 900 3776 1074 3831; x_wconf 90' lang='lat' dir='ltr'><strong>Simul</strong></span> <span class='ocrx_word' id='word_1_304' title='bbox 1115 3779 1359 3850; x_wconf 83' lang='lat' dir='ltr'><strong>intellige</strong></span> <span class='ocrx_word' id='word_1_305' title='bbox 1402 3781 1596 3846; x_wconf 92' lang='lat' dir='ltr'><strong>Deum,</strong></span> <span class='ocrx_word' id='word_1_306' title='bbox 1624 3798 1749 3835; x_wconf 88' lang='lat' dir='ltr'><strong>cum</strong></span> <span class='ocrx_word' id='word_1_307' title='bbox 1782 3793 2023 3841; x_wconf 84' lang='lat' dir='ltr'><strong>veterem</strong></span> <span class='ocrx_word' id='word_1_308' title='bbox 2064 3789 2141 3844; x_wconf 88' lang='lat' dir='ltr'><strong>lc-</strong></span> 
     </span>
    </p>
   </div>
   <div class='ocr_carea' id='block_1_42' title="bbox 558 3865 2137 3939">
    <p class='ocr_par' dir='ltr' id='par_1_42' title="bbox 558 3865 2137 3939">
     <span class='ocr_line' id='line_1_42' title="bbox 558 3865 2137 3939; baseline 0.013 -23"><span class='ocrx_word' id='word_1_309' title='bbox 558 3879 681 3933; x_wconf 85' lang='lat' dir='ltr'><strong>gem</strong></span> <span class='ocrx_word' id='word_1_310' title='bbox 709 3865 908 3934; x_wconf 90' lang='lat' dir='ltr'><strong>priscis</strong></span> <span class='ocrx_word' id='word_1_311' title='bbox 938 3867 1047 3921; x_wconf 88' lang='lat' dir='ltr'><strong>illis</strong></span> <span class='ocrx_word' id='word_1_312' title='bbox 1083 3868 1403 3925; x_wconf 90' lang='lat' dir='ltr'><strong>hominibus</strong></span> <span class='ocrx_word' id='word_1_313' title='bbox 1433 3870 1626 3939; x_wconf 90' lang='lat' dir='ltr'><strong>ferret,</strong></span> <span class='ocrx_word' id='word_1_314' title='bbox 1654 3873 2002 3933; x_wconf 86' lang='lat' dir='ltr'><strong>descendisse</strong></span> <span class='ocrx_word' id='word_1_315' title='bbox 2029 3897 2137 3937; x_wconf 91' lang='lat' dir='ltr'><strong>non</strong></span> 
     </span>
    </p>
   </div>
   <div class='ocr_carea' id='block_1_43' title="bbox 559 3954 2135 4042">
    <p class='ocr_par' dir='ltr' id='par_1_43' title="bbox 559 3954 2135 4042">
     <span class='ocr_line' id='line_1_43' title="bbox 559 3954 2135 4042; baseline 0.013 -35"><span class='ocrx_word' id='word_1_316' title='bbox 559 3954 657 4009; x_wconf 83' lang='lat' dir='ltr'><strong>ubi</strong></span> <span class='ocrx_word' id='word_1_317' title='bbox 690 3956 926 4024; x_wconf 89' lang='lat' dir='ltr'><strong>populus</strong></span> <span class='ocrx_word' id='word_1_318' title='bbox 968 3965 1107 4023; x_wconf 91' lang='lat' dir='ltr'><strong>erat,</strong></span> <span class='ocrx_word' id='word_1_319' title='bbox 1136 3959 1233 4015; x_wconf 89' lang='lat' dir='ltr'><strong>sed</strong></span> <span class='ocrx_word' id='word_1_320' title='bbox 1272 3960 1330 4015; x_wconf 92' lang='lat' dir='ltr'><strong>in</strong></span> <span class='ocrx_word' id='word_1_321' title='bbox 1370 3963 1660 4019; x_wconf 89' lang='lat' dir='ltr'><strong>sublimem</strong></span> <span class='ocrx_word' id='word_1_322' title='bbox 1691 3966 1894 4033; x_wconf 88' lang='lat' dir='ltr'><strong>locum,</strong></span> <span class='ocrx_word' id='word_1_323' title='bbox 1930 3979 1985 4025; x_wconf 94' lang='lat' dir='ltr'><strong>et</strong></span> <span class='ocrx_word' id='word_1_324' title='bbox 2011 3973 2135 4042; x_wconf 88' lang='lat' dir='ltr'><strong>qui-</strong></span> 
     </span>
    </p>
   </div>
   <div class='ocr_carea' id='block_1_44' title="bbox 558 4046 2135 4133">
    <p class='ocr_par' dir='ltr' id='par_1_44' title="bbox 558 4046 2135 4133">
     <span class='ocr_line' id='line_1_44' title="bbox 558 4046 2135 4133; baseline 0.012 -33"><span class='ocrx_word' id='word_1_325' title='bbox 558 4046 684 4102; x_wconf 90' lang='lat' dir='ltr'><strong>dem</strong></span> <span class='ocrx_word' id='word_1_326' title='bbox 708 4049 921 4116; x_wconf 90' lang='lat' dir='ltr'><strong>procul.</strong></span> <span class='ocrx_word' id='word_1_327' title='bbox 952 4049 1277 4108; x_wconf 84' lang='lat' dir='ltr'><strong>Recesserat</strong></span> <span class='ocrx_word' id='word_1_328' title='bbox 1302 4054 1448 4109; x_wconf 89' lang='lat' dir='ltr'><strong>enim</strong></span> <span class='ocrx_word' id='word_1_329' title='bbox 1484 4071 1516 4111; x_wconf 92' lang='lat' dir='ltr'><strong>a</strong></span> <span class='ocrx_word' id='word_1_330' title='bbox 1557 4056 1717 4128; x_wconf 83' lang='lat' dir='ltr'><strong>longe</strong></span> <span class='ocrx_word' id='word_1_331' title='bbox 1758 4059 1958 4125; x_wconf 88' lang='lat' dir='ltr'><strong>adhuc,</strong></span> <span class='ocrx_word' id='word_1_332' title='bbox 1980 4063 2135 4133; x_wconf 71' lang='lat' dir='ltr'><strong>juxta</strong></span> 
     </span>
    </p>
   </div>
   <div class='ocr_carea' id='block_1_45' title="bbox 556 4137 2133 4217">
    <p class='ocr_par' dir='ltr' id='par_1_45' title="bbox 556 4137 2133 4217">
     <span class='ocr_line' id='line_1_45' title="bbox 556 4137 2133 4217; baseline 0.01 -25"><span class='ocrx_word' id='word_1_333' title='bbox 556 4137 846 4193; x_wconf 85' lang='lat' dir='ltr'><strong>Psallentis</strong></span> <span class='ocrx_word' id='word_1_334' title='bbox 871 4154 1059 4194; x_wconf 87' lang='lat' dir='ltr'><strong>vocem</strong></span> <span class='ocrx_word' id='word_1_335' title='bbox 1083 4140 1147 4207; x_wconf 79' lang='grc'><strong>⁸⁸,</strong></span> <span class='ocrx_word' id='word_1_336' title='bbox 1182 4157 1307 4196; x_wconf 92' lang='lat' dir='ltr'><strong>cum</strong></span> <span class='ocrx_word' id='word_1_337' title='bbox 1337 4143 1428 4199; x_wconf 93' lang='lat' dir='ltr'><strong>ille</strong></span> <span class='ocrx_word' id='word_1_338' title='bbox 1455 4144 1777 4217; x_wconf 87' lang='lat' dir='ltr'><strong>Unigenitus</strong></span> <span class='ocrx_word' id='word_1_339' title='bbox 1797 4150 2040 4206; x_wconf 88' lang='lat' dir='ltr'><strong>nondum</strong></span> <span class='ocrx_word' id='word_1_340' title='bbox 2066 4154 2133 4207; x_wconf 91' lang='lat' dir='ltr'><strong>ad</strong></span> 
     </span>
    </p>
   </div>
   <div class='ocr_carea' id='block_1_46' title="bbox 554 4234 2130 4306">
    <p class='ocr_par' dir='ltr' id='par_1_46' title="bbox 554 4234 2130 4306">
     <span class='ocr_line' id='line_1_46' title="bbox 554 4234 2130 4306; baseline 0.008 -20"><span class='ocrx_word' id='word_1_341' title='bbox 554 4248 656 4287; x_wconf 90' lang='lat' dir='ltr'><strong>nos</strong></span> <span class='ocrx_word' id='word_1_342' title='bbox 684 4246 783 4302; x_wconf 87' lang='lat' dir='ltr'><strong>per</strong></span> <span class='ocrx_word' id='word_1_343' title='bbox 813 4247 1032 4288; x_wconf 90' lang='lat' dir='ltr'><strong>carnem</strong></span> <span class='ocrx_word' id='word_1_344' title='bbox 1069 4234 1412 4301; x_wconf 88' lang='lat' dir='ltr'><strong>accessisset,</strong></span> <span class='ocrx_word' id='word_1_345' title='bbox 1442 4252 1623 4306; x_wconf 80' lang='lat' dir='ltr'><strong>neque</strong></span> <span class='ocrx_word' id='word_1_346' title='bbox 1651 4253 1710 4293; x_wconf 91' lang='lat' dir='ltr'><strong>se</strong></span> <span class='ocrx_word' id='word_1_347' title='bbox 1756 4239 1823 4294; x_wconf 89' lang='lat' dir='ltr'><strong>ad</strong></span> <span class='ocrx_word' id='word_1_348' title='bbox 1853 4241 1999 4296; x_wconf 85' lang='lat' dir='ltr'><strong>illam</strong></span> <span class='ocrx_word' id='word_1_349' title='bbox 2034 4259 2130 4297; x_wconf 76' lang='lat' dir='ltr'><strong>ex-</strong></span> 
     </span>
    </p>
   </div>
   <div class='ocr_carea' id='block_1_47' title="bbox 553 4323 2129 4401">
    <p class='ocr_par' dir='ltr' id='par_1_47' title="bbox 553 4323 2129 4401">
     <span class='ocr_line' id='line_1_47' title="bbox 553 4323 2129 4401; baseline 0.008 -23"><span class='ocrx_word' id='word_1_350' title='bbox 553 4323 913 4380; x_wconf 85' lang='lat' dir='ltr'><strong>inanitionem</strong></span> <span class='ocrx_word' id='word_1_351' title='bbox 941 4326 1280 4395; x_wconf 86' lang='lat' dir='ltr'><strong>demisisset;</strong></span> <span class='ocrx_word' id='word_1_352' title='bbox 1308 4344 1488 4399; x_wconf 88' lang='lat' dir='ltr'><strong>neque</strong></span> <span class='ocrx_word' id='word_1_353' title='bbox 1510 4330 1657 4385; x_wconf 91' lang='lat' dir='ltr'><strong>enim</strong></span> <span class='ocrx_word' id='word_1_354' title='bbox 1682 4332 1878 4401; x_wconf 90' lang='lat' dir='ltr'><strong>priscis</strong></span> <span class='ocrx_word' id='word_1_355' title='bbox 1902 4335 2129 4401; x_wconf 90' lang='lat' dir='ltr'><strong>illis,sed</strong></span> 
     </span>
    </p>
   </div>
   <div class='ocr_carea' id='block_1_48' title="bbox 552 4398 2206 4491">
    <p class='ocr_par' dir='ltr' id='par_1_48' title="bbox 552 4398 2206 4491">
     <span class='ocr_line' id='line_1_48' title="bbox 552 4398 2206 4491; baseline 0.008 -20"><span class='ocrx_word' id='word_1_356' title='bbox 552 4416 713 4472; x_wconf 89' lang='lat' dir='ltr'><strong>nobis</strong></span> <span class='ocrx_word' id='word_1_357' title='bbox 751 4417 885 4486; x_wconf 92' lang='lat' dir='ltr'><strong>ipsis</strong></span> <span class='ocrx_word' id='word_1_358' title='bbox 925 4418 1032 4473; x_wconf 91' lang='lat' dir='ltr'><strong>hoc</strong></span> <span class='ocrx_word' id='word_1_359' title='bbox 1069 4398 1506 4491; x_wconf 20' lang='lat' dir='ltr'><strong>mysteriumiest</strong></span> <span class='ocrx_word' id='word_1_360' title='bbox 1545 4398 1881 4478; x_wconf 73' lang='lat' dir='ltr'><strong>reservatum</strong></span> <span class='ocrx_word' id='word_1_361' title='bbox 1913 4445 1925 4479; x_wconf 90' lang='lat'><strong>:</strong></span> <span class='ocrx_word' id='word_1_362' title='bbox 1952 4398 2130 4484; x_wconf 89' lang='lat' dir='ltr'><strong>factus</strong></span> <span class='ocrx_word' id='word_1_363' title='bbox 2162 4398 2206 4454; x_wconf 71' lang='grc' dir='ltr'><strong>θ</strong></span> 
     </span>
    </p>
   </div>
   <div class='ocr_carea' id='block_1_49' title="bbox 549 4506 2125 4588">
    <p class='ocr_par' dir='ltr' id='par_1_49' title="bbox 549 4506 2125 4588">
     <span class='ocr_line' id='line_1_49' title="bbox 549 4506 2125 4588; baseline 0.008 -28"><span class='ocrx_word' id='word_1_364' title='bbox 549 4513 633 4561; x_wconf 84' lang='lat' dir='ltr'><strong>est</strong></span> <span class='ocrx_word' id='word_1_365' title='bbox 657 4506 808 4561; x_wconf 89' lang='lat' dir='ltr'><strong>enim</strong></span> <span class='ocrx_word' id='word_1_366' title='bbox 837 4506 980 4561; x_wconf 88' lang='lat' dir='ltr'><strong>inter</strong></span> <span class='ocrx_word' id='word_1_367' title='bbox 1009 4523 1131 4573; x_wconf 90' lang='lat' dir='ltr'><strong>nos,</strong></span> <span class='ocrx_word' id='word_1_368' title='bbox 1159 4516 1422 4578; x_wconf 89' lang='lat' dir='ltr'><strong>quantum</strong></span> <span class='ocrx_word' id='word_1_369' title='bbox 1456 4511 1653 4567; x_wconf 86' lang='lat' dir='ltr'><strong>attinet</strong></span> <span class='ocrx_word' id='word_1_370' title='bbox 1682 4515 1751 4569; x_wconf 89' lang='lat' dir='ltr'><strong>ad</strong></span> <span class='ocrx_word' id='word_1_371' title='bbox 1785 4515 1931 4570; x_wconf 89' lang='lat' dir='ltr'><strong>illam</strong></span> <span class='ocrx_word' id='word_1_372' title='bbox 1965 4532 2125 4588; x_wconf 88' lang='lat' dir='ltr'><strong>aspe-</strong></span> 
     </span>
    </p>
   </div>
   <div class='ocr_carea' id='block_1_50' title="bbox 550 4596 2125 4674">
    <p class='ocr_par' dir='ltr' id='par_1_50' title="bbox 550 4596 2125 4674">
     <span class='ocr_line' id='line_1_50' title="bbox 550 4596 2125 4674; baseline 0.007 -23"><span class='ocrx_word' id='word_1_373' title='bbox 550 4597 808 4655; x_wconf 87' lang='lat' dir='ltr'><strong>ctabilem</strong></span> <span class='ocrx_word' id='word_1_374' title='bbox 844 4596 1092 4669; x_wconf 88' lang='lat' dir='ltr'><strong>gloriam.</strong></span> <span class='ocrx_word' id='word_1_375' title='bbox 1119 4599 1422 4658; x_wconf 83' lang='lat' dir='ltr'><strong>divinitatis</strong></span> <span class='ocrx_word' id='word_1_376' title='bbox 1451 4602 1788 4660; x_wconf 89' lang='lat' dir='ltr'><strong>sublimitate</strong></span> <span class='ocrx_word' id='word_1_377' title='bbox 1817 4607 2035 4674; x_wconf 89' lang='lat' dir='ltr'><strong>relicta;</strong></span> <span class='ocrx_word' id='word_1_378' title='bbox 2061 4623 2125 4663; x_wconf 91' lang='lat' dir='ltr'><strong>ac</strong></span> 
     </span>
    </p>
   </div>
   <div class='ocr_carea' id='block_1_51' title="bbox 548 4689 2123 4769">
    <p class='ocr_par' dir='ltr' id='par_1_51' title="bbox 548 4689 2123 4769">
     <span class='ocr_line' id='line_1_51' title="bbox 548 4689 2123 4769; baseline 0.008 -27"><span class='ocrx_word' id='word_1_379' title='bbox 548 4698 799 4746; x_wconf 73' lang='lat' dir='ltr'><strong>versatus</strong></span> <span class='ocrx_word' id='word_1_380' title='bbox 823 4698 908 4744; x_wconf 89' lang='lat' dir='ltr'><strong>est</strong></span> <span class='ocrx_word' id='word_1_381' title='bbox 934 4689 1249 4758; x_wconf 86' lang='lat' dir='ltr'><strong>nobiscum,</strong></span> <span class='ocrx_word' id='word_1_382' title='bbox 1274 4701 1332 4749; x_wconf 89' lang='lat' dir='ltr'><strong>ut</strong></span> <span class='ocrx_word' id='word_1_383' title='bbox 1368 4711 1509 4751; x_wconf 90' lang='lat' dir='ltr'><strong>unus</strong></span> <span class='ocrx_word' id='word_1_384' title='bbox 1539 4711 1570 4750; x_wconf 94' lang='lat' dir='ltr'><strong>e</strong></span> <span class='ocrx_word' id='word_1_385' title='bbox 1603 4697 1781 4753; x_wconf 92' lang='lat' dir='ltr'><strong>nobis.</strong></span> <span class='ocrx_word' id='word_1_386' title='bbox 1817 4698 1962 4769; x_wconf 84' lang='lat' dir='ltr'><strong>ignis</strong></span> <span class='ocrx_word' id='word_1_387' title='bbox 1995 4715 2123 4755; x_wconf 90' lang='lat' dir='ltr'><strong>vero</strong></span> 
     </span>
    </p>
   </div>
   <div class='ocr_carea' id='block_1_52' title="bbox 548 4780 2117 4861">
    <p class='ocr_par' dir='ltr' id='par_1_52' title="bbox 548 4780 2117 4861">
     <span class='ocr_line' id='line_1_52' title="bbox 548 4780 2117 4861; baseline 0.006 -26"><span class='ocrx_word' id='word_1_388' title='bbox 548 4781 730 4852; x_wconf 90' lang='lat' dir='ltr'><strong>specie</strong></span> <span class='ocrx_word' id='word_1_389' title='bbox 774 4780 1061 4838; x_wconf 91' lang='lat' dir='ltr'><strong>descendit</strong></span> <span class='ocrx_word' id='word_1_390' title='bbox 1096 4782 1242 4840; x_wconf 83' lang='lat' dir='ltr'><strong>Deus</strong></span> <span class='ocrx_word' id='word_1_391' title='bbox 1280 4800 1297 4838; x_wconf 86' lang='lat'><strong>:</strong></span> <span class='ocrx_word' id='word_1_392' title='bbox 1330 4787 1618 4857; x_wconf 88' lang='lat' dir='ltr'><strong>oportebat</strong></span> <span class='ocrx_word' id='word_1_393' title='bbox 1661 4790 1809 4844; x_wconf 91' lang='lat' dir='ltr'><strong>enim</strong></span> <span class='ocrx_word' id='word_1_394' title='bbox 1853 4792 2117 4861; x_wconf 89' lang='lat' dir='ltr'><strong>profecto,</strong></span> 
     </span>
    </p>
   </div>
   <div class='ocr_carea' id='block_1_53' title="bbox 554 4873 2119 4947">
    <p class='ocr_par' dir='ltr' id='par_1_53' title="bbox 554 4873 2119 4947">
     <span class='ocr_line' id='line_1_53' title="bbox 554 4873 2119 4947; baseline 0.004 -20"><span class='ocrx_word' id='word_1_395' title='bbox 554 4882 635 4939; x_wconf 87' lang='lat' dir='ltr'><strong>ut,</strong></span> <span class='ocrx_word' id='word_1_396' title='bbox 654 4873 750 4943; x_wconf 89' lang='lat' dir='ltr'><strong>qui</strong></span> <span class='ocrx_word' id='word_1_397' title='bbox 786 4874 1070 4929; x_wconf 89' lang='lat' dir='ltr'><strong>eoactione</strong></span> <span class='ocrx_word' id='word_1_398' title='bbox 1114 4890 1178 4929; x_wconf 91' lang='lat' dir='ltr'><strong>ac</strong></span> <span class='ocrx_word' id='word_1_399' title='bbox 1211 4874 1329 4945; x_wconf 83' lang='lat' dir='ltr'><strong>lege</strong></span> <span class='ocrx_word' id='word_1_400' title='bbox 1365 4878 1588 4947; x_wconf 89' lang='lat' dir='ltr'><strong>regendi</strong></span> <span class='ocrx_word' id='word_1_401' title='bbox 1619 4888 1798 4946; x_wconf 86' lang='lat' dir='ltr'><strong>erant,</strong></span> <span class='ocrx_word' id='word_1_402' title='bbox 1824 4889 1975 4936; x_wconf 88' lang='lat' dir='ltr'><strong>certo</strong></span> <span class='ocrx_word' id='word_1_403' title='bbox 2009 4881 2119 4937; x_wconf 85' lang='lat' dir='ltr'><strong>sci-</strong></span> 
     </span>
    </p>
   </div>
   <div class='ocr_carea' id='block_1_54' title="bbox 548 4960 2119 5034">
    <p class='ocr_par' dir='ltr' id='par_1_54' title="bbox 548 4960 2119 5034">
     <span class='ocr_line' id='line_1_54' title="bbox 548 4960 2119 5034; baseline 0.008 -22"><span class='ocrx_word' id='word_1_404' title='bbox 548 4969 670 5015; x_wconf 90' lang='lat' dir='ltr'><strong>rent</strong></span> <span class='ocrx_word' id='word_1_405' title='bbox 712 4962 758 5016; x_wconf 91' lang='lat' dir='ltr'><strong>si</strong></span> <span class='ocrx_word' id='word_1_406' title='bbox 804 4960 873 5016; x_wconf 93' lang='lat' dir='ltr'><strong>ad</strong></span> <span class='ocrx_word' id='word_1_407' title='bbox 921 4961 1191 5034; x_wconf 89' lang='lat' dir='ltr'><strong>ignaviam</strong></span> <span class='ocrx_word' id='word_1_408' title='bbox 1242 4964 1517 5023; x_wconf 89' lang='lat' dir='ltr'><strong>declinare</strong></span> <span class='ocrx_word' id='word_1_409' title='bbox 1562 4969 1796 5034; x_wconf 83' lang='lat' dir='ltr'><strong>vellent,</strong></span> <span class='ocrx_word' id='word_1_410' title='bbox 1845 4969 1948 5023; x_wconf 90' lang='lat' dir='ltr'><strong>sibi</strong></span> <span class='ocrx_word' id='word_1_411' title='bbox 1994 4986 2119 5025; x_wconf 90' lang='lat' dir='ltr'><strong>cum</strong></span> 
     </span>
    </p>
   </div>
   <div class='ocr_carea' id='block_1_55' title="bbox 546 5052 2119 5129">
    <p class='ocr_par' dir='ltr' id='par_1_55' title="bbox 546 5052 2119 5129">
     <span class='ocr_line' id='line_1_55' title="bbox 546 5052 2119 5129; baseline 0.008 -25"><span class='ocrx_word' id='word_1_412' title='bbox 546 5052 657 5122; x_wconf 76' lang='lat' dir='ltr'><strong>igni</strong></span> <span class='ocrx_word' id='word_1_413' title='bbox 700 5053 974 5111; x_wconf 84' lang='lat' dir='ltr'><strong>rationem</strong></span> <span class='ocrx_word' id='word_1_414' title='bbox 1007 5055 1267 5110; x_wconf 89' lang='lat' dir='ltr'><strong>futuram.</strong></span> <span class='ocrx_word' id='word_1_415' title='bbox 1306 5058 1494 5129; x_wconf 85' lang='lat' dir='ltr'><strong>Neque</strong></span> <span class='ocrx_word' id='word_1_416' title='bbox 1527 5059 1677 5115; x_wconf 89' lang='lat' dir='ltr'><strong>enim</strong></span> <span class='ocrx_word' id='word_1_417' title='bbox 1711 5076 1778 5113; x_wconf 81' lang='lat' dir='ltr'><strong>ex</strong></span> <span class='ocrx_word' id='word_1_418' title='bbox 1811 5060 2119 5117; x_wconf 86' lang='lat' dir='ltr'><strong>voluntaria</strong></span> 
     </span>
    </p>
   </div>
   <div class='ocr_carea' id='block_1_56' title="bbox 544 5144 2118 5222">
    <p class='ocr_par' dir='ltr' id='par_1_56' title="bbox 544 5144 2118 5222">
     <span class='ocr_line' id='line_1_56' title="bbox 544 5144 2118 5222; baseline 0.006 -24"><span class='ocrx_word' id='word_1_419' title='bbox 544 5144 858 5212; x_wconf 88' lang='lat' dir='ltr'><strong>dilectione,</strong></span> <span class='ocrx_word' id='word_1_420' title='bbox 892 5155 949 5202; x_wconf 90' lang='lat' dir='ltr'><strong>et</strong></span> <span class='ocrx_word' id='word_1_421' title='bbox 984 5150 1271 5219; x_wconf 88' lang='lat' dir='ltr'><strong>spontanei</strong></span> <span class='ocrx_word' id='word_1_422' title='bbox 1313 5152 1481 5205; x_wconf 87' lang='lat' dir='ltr'><strong>animi</strong></span> <span class='ocrx_word' id='word_1_423' title='bbox 1529 5152 1823 5205; x_wconf 90' lang='lat' dir='ltr'><strong>momentis</strong></span> <span class='ocrx_word' id='word_1_424' title='bbox 1856 5168 1887 5206; x_wconf 92' lang='lat' dir='ltr'><strong>a</strong></span> <span class='ocrx_word' id='word_1_425' title='bbox 1925 5153 2118 5222; x_wconf 90' lang='lat' dir='ltr'><strong>priscis</strong></span> 
     </span>
    </p>
   </div>
   <div class='ocr_carea' id='block_1_57' title="bbox 544 5235 2115 5314">
    <p class='ocr_par' dir='ltr' id='par_1_57' title="bbox 544 5235 2115 5314">
     <span class='ocr_line' id='line_1_57' title="bbox 544 5235 2115 5314; baseline 0.008 -26"><span class='ocrx_word' id='word_1_426' title='bbox 544 5235 654 5291; x_wconf 87' lang='lat' dir='ltr'><strong>illis</strong></span> <span class='ocrx_word' id='word_1_427' title='bbox 675 5238 991 5296; x_wconf 90' lang='lat' dir='ltr'><strong>hominibus</strong></span> <span class='ocrx_word' id='word_1_428' title='bbox 1013 5241 1107 5298; x_wconf 86' lang='lat' dir='ltr'><strong>Dei</strong></span> <span class='ocrx_word' id='word_1_429' title='bbox 1135 5258 1290 5298; x_wconf 90' lang='lat' dir='ltr'><strong>amor</strong></span> <span class='ocrx_word' id='word_1_430' title='bbox 1316 5243 1709 5313; x_wconf 84' lang='lat' dir='ltr'><strong>praestabatur;</strong></span> <span class='ocrx_word' id='word_1_431' title='bbox 1746 5242 1840 5298; x_wconf 91' lang='lat' dir='ltr'><strong>sed</strong></span> <span class='ocrx_word' id='word_1_432' title='bbox 1868 5244 2024 5314; x_wconf 87' lang='lat' dir='ltr'><strong>quasi</strong></span> <span class='ocrx_word' id='word_1_433' title='bbox 2050 5260 2115 5300; x_wconf 79' lang='lat' dir='ltr'><strong>ex</strong></span> 
     </span>
    </p>
   </div>
   <div class='ocr_carea' id='block_1_58' title="bbox 542 5328 2118 5404">
    <p class='ocr_par' dir='ltr' id='par_1_58' title="bbox 542 5328 2118 5404">
     <span class='ocr_line' id='line_1_58' title="bbox 542 5328 2118 5404; baseline 0.007 -24"><span class='ocrx_word' id='word_1_434' title='bbox 542 5328 822 5385; x_wconf 85' lang='lat' dir='ltr'><strong>coactione</strong></span> <span class='ocrx_word' id='word_1_435' title='bbox 854 5346 918 5387; x_wconf 92' lang='lat' dir='ltr'><strong>ac</strong></span> <span class='ocrx_word' id='word_1_436' title='bbox 945 5332 1140 5389; x_wconf 87' lang='lat' dir='ltr'><strong>timore</strong></span> <span class='ocrx_word' id='word_1_437' title='bbox 1169 5353 1181 5387; x_wconf 91' lang='lat'>:</span> <span class='ocrx_word' id='word_1_438' title='bbox 1208 5349 1335 5389; x_wconf 91' lang='lat' dir='ltr'><strong>nam</strong></span> <span class='ocrx_word' id='word_1_439' title='bbox 1373 5348 1553 5402; x_wconf 85' lang='lat' dir='ltr'><strong>neque</strong></span> <span class='ocrx_word' id='word_1_440' title='bbox 1579 5332 1717 5387; x_wconf 90' lang='lat' dir='ltr'><strong>liber</strong></span> <span class='ocrx_word' id='word_1_441' title='bbox 1746 5334 1972 5404; x_wconf 86' lang='lat' dir='ltr'><strong>spiritus</strong></span> <span class='ocrx_word' id='word_1_442' title='bbox 2010 5335 2118 5392; x_wconf 90' lang='lat' dir='ltr'><strong>illis</strong></span> 
     </span>
    </p>
   </div>
   <div class='ocr_carea' id='block_1_59' title="bbox 540 5420 2114 5501">
    <p class='ocr_par' dir='ltr' id='par_1_59' title="bbox 540 5420 2114 5501">
     <span class='ocr_line' id='line_1_59' title="bbox 540 5420 2114 5501; baseline 0.005 -26"><span class='ocrx_word' id='word_1_443' title='bbox 540 5420 735 5487; x_wconf 86' lang='lat' dir='ltr'><strong>inerat,</strong></span> <span class='ocrx_word' id='word_1_444' title='bbox 774 5440 952 5496; x_wconf 89' lang='lat' dir='ltr'><strong>neque</strong></span> <span class='ocrx_word' id='word_1_445' title='bbox 1005 5426 1334 5501; x_wconf 85' lang='lat' dir='ltr'><strong>adoptionis,</strong></span> <span class='ocrx_word' id='word_1_446' title='bbox 1374 5423 1469 5479; x_wconf 81' lang='lat' dir='ltr'><strong>sed</strong></span> <span class='ocrx_word' id='word_1_447' title='bbox 1512 5425 1799 5480; x_wconf 85' lang='lat' dir='ltr'><strong>servitutis</strong></span> <span class='ocrx_word' id='word_1_448' title='bbox 1845 5426 1901 5480; x_wconf 90' lang='lat' dir='ltr'><strong>in</strong></span> <span class='ocrx_word' id='word_1_449' title='bbox 1951 5428 2114 5483; x_wconf 85' lang='lat' dir='ltr'><strong>timo-</strong></span> 
     </span>
    </p>
   </div>
   <div class='ocr_carea' id='block_1_60' title="bbox 539 5510 2116 5591">
    <p class='ocr_par' dir='ltr' id='par_1_60' title="bbox 539 5510 2116 5591">
     <span class='ocr_line' id='line_1_60' title="bbox 539 5510 2116 5591; baseline 0.006 -25"><span class='ocrx_word' id='word_1_450' title='bbox 539 5528 673 5568; x_wconf 86' lang='lat' dir='ltr'><strong>rem.</strong></span> <span class='ocrx_word' id='word_1_451' title='bbox 703 5515 965 5573; x_wconf 84' lang='lat' dir='ltr'><strong>Fumabat</strong></span> <span class='ocrx_word' id='word_1_452' title='bbox 989 5530 1252 5591; x_wconf 75' lang='lat' dir='ltr'><strong>pneterca</strong></span> <span class='ocrx_word' id='word_1_453' title='bbox 1275 5510 1450 5583; x_wconf 83' lang='lat' dir='ltr'><strong>mons,</strong></span> <span class='ocrx_word' id='word_1_454' title='bbox 1474 5536 1540 5573; x_wconf 88' lang='lat' dir='ltr'><strong>eo</strong></span> <span class='ocrx_word' id='word_1_455' title='bbox 1569 5520 1714 5590; x_wconf 83' lang='lat' dir='ltr'><strong>quod</strong></span> <span class='ocrx_word' id='word_1_456' title='bbox 1740 5520 2116 5576; x_wconf 82' lang='lat' dir='ltr'><strong>descendisset</strong></span> 
     </span>
    </p>
   </div>
   <div class='ocr_carea' id='block_1_61' title="bbox 606 5697 2101 5774">
    <p class='ocr_par' dir='ltr' id='par_1_61' title="bbox 606 5697 2101 5774">
     <span class='ocr_line' id='line_1_61' title="bbox 606 5697 2101 5774; baseline 0.008 -24"><span class='ocrx_word' id='word_1_457' title='bbox 606 5698 651 5728; x_wconf 83' lang='lat'>&quot;</span> <span class='ocrx_word' id='word_1_458' title='bbox 677 5697 847 5753; x_wconf 74' lang='lat' dir='ltr'><strong>Emd.</strong></span> <span class='ocrx_word' id='word_1_459' title='bbox 878 5716 985 5766; x_wconf 75' lang='lat' dir='ltr'><strong>xu,</strong></span> <span class='ocrx_word' id='word_1_460' title='bbox 1024 5702 1267 5757; x_wconf 73' lang='lat'><strong>17-19.“</strong></span> <span class='ocrx_word' id='word_1_461' title='bbox 1292 5703 1393 5758; x_wconf 81' lang='lat' dir='ltr'><strong>Job</strong></span> <span class='ocrx_word' id='word_1_462' title='bbox 1420 5722 1471 5769; x_wconf 76' lang='grc' dir='ltr'><strong>ν,</strong></span> <span class='ocrx_word' id='word_1_463' title='bbox 1528 5704 1609 5759; x_wconf 80' lang='lat' dir='ltr'><strong>il.</strong></span> <span class='ocrx_word' id='word_1_464' title='bbox 1684 5707 1728 5737; x_wconf 77' lang='lat'><strong>‘°</strong></span> <span class='ocrx_word' id='word_1_465' title='bbox 1759 5708 1901 5765; x_wconf 76' lang='lat' dir='ltr'><strong>Psal.</strong></span> <span class='ocrx_word' id='word_1_466' title='bbox 1942 5724 2015 5774; x_wconf 73' lang='grc' dir='ltr'><strong>γι,</strong></span> <span class='ocrx_word' id='word_1_467' title='bbox 2048 5707 2101 5762; x_wconf 70' lang='grc'>4.</span> 
     </span>
    </p>
   </div>
   <div class='ocr_carea' id='block_1_62' title="bbox 2266 673 3823 747">
    <p class='ocr_par' dir='ltr' id='par_1_62' title="bbox 2266 673 3823 747">
     <span class='ocr_line' id='line_1_62' title="bbox 2266 673 3823 747; baseline -0.002 -16"><span class='ocrx_word' id='word_1_468' title='bbox 2266 677 2556 747; x_wconf 84' lang='grc' dir='ltr'>θεστέρων.</span> <span class='ocrx_word' id='word_1_469' title='bbox 2606 677 2715 729; x_wconf 80' lang='grc' dir='ltr'><strong>Καὶ</strong></span> <span class='ocrx_word' id='word_1_470' title='bbox 2746 678 2780 745; x_wconf 86' lang='grc' dir='ltr'><strong>ἡ</strong></span> <span class='ocrx_word' id='word_1_471' title='bbox 2807 674 2894 729; x_wconf 80' lang='grc' dir='ltr'><strong>διὰ</strong></span> <span class='ocrx_word' id='word_1_472' title='bbox 2938 673 3032 727; x_wconf 82' lang='grc' dir='ltr'>τοῦ</span> <span class='ocrx_word' id='word_1_473' title='bbox 3069 673 3349 742; x_wconf 67' lang='grc' dir='ltr'>πανσόφου</span> <span class='ocrx_word' id='word_1_474' title='bbox 3379 674 3624 737; x_wconf 83' lang='grc' dir='ltr'><strong>Μωσέως</strong></span> <span class='ocrx_word' id='word_1_475' title='bbox 3654 677 3823 728; x_wconf 77' lang='grc' dir='ltr'>παιδαο</span> 
     </span>
    </p>
   </div>
   <div class='ocr_carea' id='block_1_63' title="bbox 2263 766 3820 839">
    <p class='ocr_par' dir='ltr' id='par_1_63' title="bbox 2263 766 3820 839">
     <span class='ocr_line' id='line_1_63' title="bbox 2263 766 3820 839; baseline -0.001 -16"><span class='ocrx_word' id='word_1_476' title='bbox 2263 770 2464 837; x_wconf 85' lang='grc' dir='ltr'>γωγία,</span> <span class='ocrx_word' id='word_1_477' title='bbox 2500 769 2599 839; x_wconf 81' lang='grc' dir='ltr'>τὴν</span> <span class='ocrx_word' id='word_1_478' title='bbox 2628 767 2719 822; x_wconf 83' lang='grc' dir='ltr'>διὰ</span> <span class='ocrx_word' id='word_1_479' title='bbox 2762 766 2855 821; x_wconf 77' lang='grc' dir='ltr'><strong>τοῦ</strong></span> <span class='ocrx_word' id='word_1_480' title='bbox 2894 768 3062 838; x_wconf 84' lang='grc' dir='ltr'>νόμου</span> <span class='ocrx_word' id='word_1_481' title='bbox 3098 766 3382 819; x_wconf 78' lang='grc' dir='ltr'>παίδευσιν</span> <span class='ocrx_word' id='word_1_482' title='bbox 3417 766 3820 836; x_wconf 81' lang='grc' dir='ltr'>ἀποκομίζοντος</span> 
     </span>
    </p>
   </div>
   <div class='ocr_carea' id='block_1_64' title="bbox 2263 857 3819 933">
    <p class='ocr_par' dir='ltr' id='par_1_64' title="bbox 2263 857 3819 933">
     <span class='ocr_line' id='line_1_64' title="bbox 2263 857 3819 933; baseline -0.001 -19"><span class='ocrx_word' id='word_1_483' title='bbox 2263 864 2342 925; x_wconf 86' lang='grc' dir='ltr'><strong>εἰς</strong></span> <span class='ocrx_word' id='word_1_484' title='bbox 2373 861 2629 933; x_wconf 75' lang='grc' dir='ltr'>Χριστὸν,</span> <span class='ocrx_word' id='word_1_485' title='bbox 2658 859 2934 914; x_wconf 86' lang='grc' dir='ltr'>ὑπετύπου</span> <span class='ocrx_word' id='word_1_486' title='bbox 2962 861 3074 921; x_wconf 88' lang='grc' dir='ltr'>τοῖς</span> <span class='ocrx_word' id='word_1_487' title='bbox 3097 857 3493 928; x_wconf 75' lang='grc' dir='ltr'><strong>ἀρχαιοτέροις.</strong></span> <span class='ocrx_word' id='word_1_488' title='bbox 3528 857 3819 930; x_wconf 75' lang='grc' dir='ltr'>Ἐπιτηρεῑν</span> 
     </span>
    </p>
   </div>
   <div class='ocr_carea' id='block_1_65' title="bbox 2263 943 3818 1023">
    <p class='ocr_par' dir='ltr' id='par_1_65' title="bbox 2263 943 3818 1023">
     <span class='ocr_line' id='line_1_65' title="bbox 2263 943 3818 1023; baseline -0.001 -20"><span class='ocrx_word' id='word_1_489' title='bbox 2263 951 2319 1003; x_wconf 83' lang='grc' dir='ltr'>δὲ</span> <span class='ocrx_word' id='word_1_490' title='bbox 2354 950 2491 1023; x_wconf 78' lang='grc' dir='ltr'>πρὸς</span> <span class='ocrx_word' id='word_1_491' title='bbox 2525 950 2733 1014; x_wconf 77' lang='grc' dir='ltr'><strong>τούτοις</strong></span> <span class='ocrx_word' id='word_1_492' title='bbox 2765 948 2915 1016; x_wconf 73' lang='grc' dir='ltr'>ἄξιον</span> <span class='ocrx_word' id='word_1_493' title='bbox 2941 949 3165 1002; x_wconf 87' lang='grc' dir='ltr'>κακεῖνο</span> <span class='ocrx_word' id='word_1_494' title='bbox 3196 943 3351 1018; x_wconf 73' lang='grc' dir='ltr'>οἶμαί</span> <span class='ocrx_word' id='word_1_495' title='bbox 3380 964 3506 1002; x_wconf 87' lang='grc' dir='ltr'>που.</span> <span class='ocrx_word' id='word_1_496' title='bbox 3529 948 3603 1000; x_wconf 84' lang='grc' dir='ltr'>Τὸ</span> <span class='ocrx_word' id='word_1_497' title='bbox 3627 949 3730 1019; x_wconf 82' lang='grc' dir='ltr'><strong>γάρ</strong></span> <span class='ocrx_word' id='word_1_498' title='bbox 3750 967 3818 1003; x_wconf 87' lang='grc' dir='ltr'><strong>τοι</strong></span> 
     </span>
    </p>
   </div>
   <div class='ocr_carea' id='block_1_66' title="bbox 2264 1039 3814 1114">
    <p class='ocr_par' dir='ltr' id='par_1_66' title="bbox 2264 1039 3814 1114">
     <span class='ocr_line' id='line_1_66' title="bbox 2264 1039 3814 1114; baseline -0.004 -16"><span class='ocrx_word' id='word_1_499' title='bbox 2264 1043 2453 1114; x_wconf 78' lang='grc' dir='ltr'>χρῆμά</span> <span class='ocrx_word' id='word_1_500' title='bbox 2476 1060 2535 1096; x_wconf 91' lang='grc' dir='ltr'>τε</span> <span class='ocrx_word' id='word_1_501' title='bbox 2568 1043 2662 1097; x_wconf 72' lang='grc' dir='ltr'>καὶ</span> <span class='ocrx_word' id='word_1_502' title='bbox 2691 1043 2983 1112; x_wconf 81' lang='grc' dir='ltr'>πρόσωπον</span> <span class='ocrx_word' id='word_1_503' title='bbox 3011 1039 3106 1093; x_wconf 80' lang='grc' dir='ltr'><strong>τοῦ</strong></span> <span class='ocrx_word' id='word_1_504' title='bbox 3132 1039 3499 1107; x_wconf 78' lang='grc' dir='ltr'><strong>παιδαγωγεῖν</strong></span> <span class='ocrx_word' id='word_1_505' title='bbox 3515 1040 3814 1107; x_wconf 60' lang='grc' dir='ltr'>ὀφείλοντος,</span> 
     </span>
    </p>
   </div>
   <div class='ocr_carea' id='block_1_67' title="bbox 2263 1129 3816 1204">
    <p class='ocr_par' dir='ltr' id='par_1_67' title="bbox 2263 1129 3816 1204">
     <span class='ocr_line' id='line_1_67' title="bbox 2263 1129 3816 1204; baseline -0.002 -18"><span class='ocrx_word' id='word_1_506' title='bbox 2263 1134 2319 1188; x_wconf 79' lang='grc' dir='ltr'>ἓν</span> <span class='ocrx_word' id='word_1_507' title='bbox 2339 1152 2403 1202; x_wconf 90' lang='grc' dir='ltr'>γε</span> <span class='ocrx_word' id='word_1_508' title='bbox 2432 1133 2510 1204; x_wconf 84' lang='grc' dir='ltr'>τῷ</span> <span class='ocrx_word' id='word_1_509' title='bbox 2535 1133 2779 1197; x_wconf 80' lang='grc' dir='ltr'>Μωσέως</span> <span class='ocrx_word' id='word_1_510' title='bbox 2796 1131 3075 1204; x_wconf 82' lang='grc' dir='ltr'>προσώπῳ</span> <span class='ocrx_word' id='word_1_511' title='bbox 3098 1133 3395 1202; x_wconf 71' lang='grc' dir='ltr'><strong>τετήρηται</strong></span> <span class='ocrx_word' id='word_1_512' title='bbox 3418 1129 3617 1193; x_wconf 76' lang='grc' dir='ltr'>καλῶς’</span> <span class='ocrx_word' id='word_1_513' title='bbox 3642 1131 3698 1183; x_wconf 80' lang='grc' dir='ltr'>ού</span> <span class='ocrx_word' id='word_1_514' title='bbox 3726 1131 3816 1202; x_wconf 77' lang='grc' dir='ltr'>γὰρ</span> 
     </span>
    </p>
   </div>
   <div class='ocr_carea' id='block_1_68' title="bbox 2263 1220 3816 1295">
    <p class='ocr_par' dir='ltr' id='par_1_68' title="bbox 2263 1220 3816 1295">
     <span class='ocr_line' id='line_1_68' title="bbox 2263 1220 3816 1295; baseline -0.001 -19"><span class='ocrx_word' id='word_1_515' title='bbox 2263 1223 2444 1295; x_wconf 82' lang='grc' dir='ltr'>ἐαυτῷ</span> <span class='ocrx_word' id='word_1_516' title='bbox 2468 1224 2830 1294; x_wconf 79' lang='grc' dir='ltr'><strong>παρέστησεν,</strong></span> <span class='ocrx_word' id='word_1_517' title='bbox 2862 1222 2997 1275; x_wconf 81' lang='grc' dir='ltr'><strong>ἀλλά</strong></span> <span class='ocrx_word' id='word_1_518' title='bbox 3036 1220 3154 1293; x_wconf 81' lang='grc' dir='ltr'><strong>Θεῷ</strong></span> <span class='ocrx_word' id='word_1_519' title='bbox 3195 1221 3286 1274; x_wconf 80' lang='grc' dir='ltr'><strong>τὸν</strong></span> <span class='ocrx_word' id='word_1_520' title='bbox 3325 1220 3476 1285; x_wconf 72' lang='grc' dir='ltr'>λαὸν,</span> <span class='ocrx_word' id='word_1_521' title='bbox 3515 1222 3674 1273; x_wconf 76' lang='grc' dir='ltr'>οἱονεί</span> <span class='ocrx_word' id='word_1_522' title='bbox 3720 1239 3816 1285; x_wconf 84' lang='grc' dir='ltr'><strong>πως</strong></span> 
     </span>
    </p>
   </div>
   <div class='ocr_carea' id='block_1_69' title="bbox 2265 1310 3815 1386">
    <p class='ocr_par' dir='ltr' id='par_1_69' title="bbox 2265 1310 3815 1386">
     <span class='ocr_line' id='line_1_69' title="bbox 2265 1310 3815 1386; baseline -0.005 -19"><span class='ocrx_word' id='word_1_523' title='bbox 2265 1314 2569 1386; x_wconf 80' lang='grc' dir='ltr'>θεσμοθέτῃ</span> <span class='ocrx_word' id='word_1_524' title='bbox 2608 1314 2703 1367; x_wconf 78' lang='grc' dir='ltr'>καὶ</span> <span class='ocrx_word' id='word_1_525' title='bbox 2741 1311 3047 1383; x_wconf 80' lang='grc' dir='ltr'><strong>διδασκάλῳ</strong></span> <span class='ocrx_word' id='word_1_526' title='bbox 3097 1310 3191 1364; x_wconf 80' lang='grc' dir='ltr'>καὶ</span> <span class='ocrx_word' id='word_1_527' title='bbox 3243 1310 3351 1364; x_wconf 85' lang='grc' dir='ltr'><strong>τῶν</strong></span> <span class='ocrx_word' id='word_1_528' title='bbox 3400 1311 3682 1380; x_wconf 72' lang='grc' dir='ltr'>πρακτέων</span> <span class='ocrx_word' id='word_1_529' title='bbox 3720 1311 3815 1361; x_wconf 70' lang='grc' dir='ltr'>εἰσι</span> 
     </span>
    </p>
   </div>
   <div class='ocr_carea' id='block_1_70' title="bbox 2262 1399 3811 1478">
    <p class='ocr_par' dir='ltr' id='par_1_70' title="bbox 2262 1399 3811 1478">
     <span class='ocr_line' id='line_1_70' title="bbox 2262 1399 3811 1478; baseline -0.005 -18"><span class='ocrx_word' id='word_1_530' title='bbox 2262 1409 2463 1478; x_wconf 79' lang='grc' dir='ltr'>ηγητῇ.</span> <span class='ocrx_word' id='word_1_531' title='bbox 2497 1404 2869 1477; x_wconf 80' lang='grc' dir='ltr'>Προσεκόμιζε</span> <span class='ocrx_word' id='word_1_532' title='bbox 2896 1405 2950 1457; x_wconf 76' lang='grc' dir='ltr'>δὲ</span> <span class='ocrx_word' id='word_1_533' title='bbox 2981 1403 3076 1456; x_wconf 87' lang='grc' dir='ltr'>καί</span> <span class='ocrx_word' id='word_1_534' title='bbox 3106 1404 3251 1473; x_wconf 72' lang='grc' dir='ltr'>ἡμᾶς</span> <span class='ocrx_word' id='word_1_535' title='bbox 3292 1401 3391 1472; x_wconf 65' lang='grc' dir='ltr'><strong>οὐχ</strong></span> <span class='ocrx_word' id='word_1_536' title='bbox 3428 1401 3602 1471; x_wconf 80' lang='grc' dir='ltr'>ἑαυτῷ</span> <span class='ocrx_word' id='word_1_537' title='bbox 3624 1400 3705 1454; x_wconf 81' lang='grc' dir='ltr'><strong>διά</strong></span> <span class='ocrx_word' id='word_1_538' title='bbox 3733 1399 3811 1453; x_wconf 78' lang='grc' dir='ltr'><strong>τοῦ</strong></span> 
     </span>
    </p>
   </div>
   <div class='ocr_carea' id='block_1_71' title="bbox 2263 1492 3809 1568">
    <p class='ocr_par' dir='ltr' id='par_1_71' title="bbox 2263 1492 3809 1568">
     <span class='ocr_line' id='line_1_71' title="bbox 2263 1492 3809 1568; baseline -0.006 -16"><span class='ocrx_word' id='word_1_539' title='bbox 2263 1499 2591 1568; x_wconf 80' lang='grc' dir='ltr'>γράμματος</span> <span class='ocrx_word' id='word_1_540' title='bbox 2634 1496 2983 1565; x_wconf 78' lang='grc' dir='ltr'>παιδαγωγὸς</span> <span class='ocrx_word' id='word_1_541' title='bbox 3032 1493 3108 1548; x_wconf 86' lang='grc' dir='ltr'><strong>ὢν</strong></span> <span class='ocrx_word' id='word_1_542' title='bbox 3147 1494 3413 1563; x_wconf 70' lang='grc' dir='ltr'>ὀρνόμος,</span> <span class='ocrx_word' id='word_1_543' title='bbox 3464 1494 3598 1546; x_wconf 85' lang='grc' dir='ltr'><strong>ἀλλά</strong></span> <span class='ocrx_word' id='word_1_544' title='bbox 3645 1492 3715 1563; x_wconf 82' lang='grc' dir='ltr'>τῷ</span> <span class='ocrx_word' id='word_1_545' title='bbox 3755 1492 3809 1544; x_wconf 76' lang='grc' dir='ltr'><strong>δι’</strong></span> 
     </span>
    </p>
   </div>
   <div class='ocr_carea' id='block_1_72' title="bbox 2262 1581 3807 1659">
    <p class='ocr_par' dir='ltr' id='par_1_72' title="bbox 2262 1581 3807 1659">
     <span class='ocr_line' id='line_1_72' title="bbox 2262 1581 3807 1659; baseline -0.003 -18"><span class='ocrx_word' id='word_1_546' title='bbox 2262 1589 2412 1659; x_wconf 78' lang='grc' dir='ltr'>ἡμᾶς</span> <span class='ocrx_word' id='word_1_547' title='bbox 2445 1587 2503 1654; x_wconf 78' lang='grc' dir='ltr'><strong>ἐξ</strong></span> <span class='ocrx_word' id='word_1_548' title='bbox 2537 1586 2767 1657; x_wconf 77' lang='grc' dir='ltr'>ούρανοῦ</span> <span class='ocrx_word' id='word_1_549' title='bbox 2816 1587 3277 1657; x_wconf 81' lang='grc' dir='ltr'>καταφοιτήσαντι</span> <span class='ocrx_word' id='word_1_550' title='bbox 3316 1584 3438 1655; x_wconf 84' lang='grc' dir='ltr'><strong>Θεῷ</strong></span> <span class='ocrx_word' id='word_1_551' title='bbox 3471 1586 3645 1655; x_wconf 84' lang='grc' dir='ltr'>Λόγῳ.</span> <span class='ocrx_word' id='word_1_552' title='bbox 3684 1581 3807 1654; x_wconf 73' lang='grc' dir='ltr'>Ἀρά</span> 
     </span>
    </p>
   </div>
   <div class='ocr_carea' id='block_1_73' title="bbox 2264 1676 3806 1751">
    <p class='ocr_par' dir='ltr' id='par_1_73' title="bbox 2264 1676 3806 1751">
     <span class='ocr_line' id='line_1_73' title="bbox 2264 1676 3806 1751; baseline -0.005 -18"><span class='ocrx_word' id='word_1_553' title='bbox 2264 1697 2345 1733; x_wconf 89' lang='grc' dir='ltr'>σοι</span> <span class='ocrx_word' id='word_1_554' title='bbox 2379 1682 2498 1733; x_wconf 87' lang='grc' dir='ltr'>κατ’</span> <span class='ocrx_word' id='word_1_555' title='bbox 2524 1681 2670 1751; x_wconf 78' lang='grc' dir='ltr'>ἴχνος</span> <span class='ocrx_word' id='word_1_556' title='bbox 2694 1678 2800 1734; x_wconf 83' lang='grc' dir='ltr'><strong>τῶν</strong></span> <span class='ocrx_word' id='word_1_557' title='bbox 2822 1678 2922 1749; x_wconf 80' lang='grc' dir='ltr'>τῆς</span> <span class='ocrx_word' id='word_1_558' title='bbox 2946 1676 3202 1750; x_wconf 78' lang='grc' dir='ltr'><strong>ἀληθείας</strong></span> <span class='ocrx_word' id='word_1_559' title='bbox 3230 1676 3451 1732; x_wconf 77' lang='grc' dir='ltr'>ἐννοιῶν</span> <span class='ocrx_word' id='word_1_560' title='bbox 3475 1677 3505 1729; x_wconf 84' lang='grc' dir='ltr'><strong>ὁ</strong></span> <span class='ocrx_word' id='word_1_561' title='bbox 3533 1677 3679 1746; x_wconf 81' lang='grc' dir='ltr'>λόγος</span> <span class='ocrx_word' id='word_1_562' title='bbox 3698 1678 3806 1746; x_wconf 71' lang='grc' dir='ltr'>ἡμῖν</span> 
     </span>
    </p>
   </div>
   <div class='ocr_carea' id='block_1_74' title="bbox 2264 1773 2602 1837">
    <p class='ocr_par' dir='ltr' id='par_1_74' title="bbox 2264 1773 2602 1837">
     <span class='ocr_line' id='line_1_74' title="bbox 2264 1773 2602 1837; baseline -0.003 -12"><span class='ocrx_word' id='word_1_563' title='bbox 2264 1773 2400 1825; x_wconf 85' lang='grc' dir='ltr'>ίέναι</span> <span class='ocrx_word' id='word_1_564' title='bbox 2425 1773 2569 1825; x_wconf 87' lang='grc' dir='ltr'>δοκεῖ</span> <span class='ocrx_word' id='word_1_565' title='bbox 2589 1789 2602 1837; x_wconf 91' lang='grc'><strong>;</strong></span> 
     </span>
    </p>
   </div>
   <div class='ocr_carea' id='block_1_75' title="bbox 2330 1855 2981 1932">
    <p class='ocr_par' dir='ltr' id='par_1_75' title="bbox 2330 1855 2981 1932">
     <span class='ocr_line' id='line_1_75' title="bbox 2330 1855 2981 1932; baseline -0.002 -16"><span class='ocrx_word' id='word_1_566' title='bbox 2330 1862 2538 1916; x_wconf 82' lang='grc' dir='ltr'>ΠΑΛΛ.</span> <span class='ocrx_word' id='word_1_567' title='bbox 2562 1862 2710 1916; x_wconf 86' lang='grc' dir='ltr'>Πάνυ</span> <span class='ocrx_word' id='word_1_568' title='bbox 2741 1860 2839 1932; x_wconf 82' lang='grc' dir='ltr'>μὲν</span> <span class='ocrx_word' id='word_1_569' title='bbox 2869 1855 2981 1916; x_wconf 74' lang='grc' dir='ltr'>οὖν.</span> 
     </span>
    </p>
   </div>
   <div class='ocr_carea' id='block_1_76' title="bbox 2327 1938 3803 2026">
    <p class='ocr_par' dir='ltr' id='par_1_76' title="bbox 2327 1938 3803 2026">
     <span class='ocr_line' id='line_1_76' title="bbox 2327 1938 3803 2026; baseline -0.001 -19"><span class='ocrx_word' id='word_1_570' title='bbox 2327 1955 2494 2010; x_wconf 81' lang='grc' dir='ltr'>ΚΥΡ.</span> <span class='ocrx_word' id='word_1_571' title='bbox 2519 1953 2831 2026; x_wconf 84' lang='grc' dir='ltr'>Γέγραπται</span> <span class='ocrx_word' id='word_1_572' title='bbox 2855 1954 3055 2018; x_wconf 79' lang='grc' dir='ltr'>τοίνυν,</span> <span class='ocrx_word' id='word_1_573' title='bbox 3080 1953 3163 2006; x_wconf 81' lang='grc' dir='ltr'><strong>ὅτι</strong></span> <span class='ocrx_word' id='word_1_574' title='bbox 3192 1971 3210 2003; x_wconf 76' lang='grc' dir='ltr'>ι</span> <span class='ocrx_word' id='word_1_575' title='bbox 3237 1953 3346 2006; x_wconf 70' lang='grc' dir='ltr'>Καὶ</span> <span class='ocrx_word' id='word_1_576' title='bbox 3367 1938 3603 2024; x_wconf 69' lang='grc' dir='ltr'>ἐξήγαγε</span> <span class='ocrx_word' id='word_1_577' title='bbox 3626 1951 3803 2021; x_wconf 72' lang='grc' dir='ltr'>Μωσῆς</span> 
     </span>
    </p>
   </div>
   <div class='ocr_carea' id='block_1_77' title="bbox 2258 2044 3800 2118">
    <p class='ocr_par' dir='ltr' id='par_1_77' title="bbox 2258 2044 3800 2118">
     <span class='ocr_line' id='line_1_77' title="bbox 2258 2044 3800 2118; baseline -0.001 -21"><span class='ocrx_word' id='word_1_578' title='bbox 2258 2044 2346 2098; x_wconf 81' lang='grc' dir='ltr'><strong>τὸν</strong></span> <span class='ocrx_word' id='word_1_579' title='bbox 2371 2045 2501 2098; x_wconf 75' lang='grc' dir='ltr'>λαὸν</span> <span class='ocrx_word' id='word_1_580' title='bbox 2521 2047 2600 2110; x_wconf 84' lang='grc' dir='ltr'>εἰς</span> <span class='ocrx_word' id='word_1_581' title='bbox 2626 2047 2948 2116; x_wconf 81' lang='grc' dir='ltr'>συνάντησιν</span> <span class='ocrx_word' id='word_1_582' title='bbox 2968 2045 3061 2098; x_wconf 79' lang='grc' dir='ltr'>τοῦ</span> <span class='ocrx_word' id='word_1_583' title='bbox 3078 2044 3235 2111; x_wconf 81' lang='grc' dir='ltr'>Θεοῦ,</span> <span class='ocrx_word' id='word_1_584' title='bbox 3254 2049 3318 2098; x_wconf 83' lang='grc' dir='ltr'>ὲκ</span> <span class='ocrx_word' id='word_1_585' title='bbox 3339 2046 3442 2116; x_wconf 87' lang='grc' dir='ltr'>τῆς</span> <span class='ocrx_word' id='word_1_586' title='bbox 3463 2044 3800 2118; x_wconf 75' lang='grc' dir='ltr'>παρεμὸο).ἧ;,</span> 
     </span>
    </p>
   </div>
   <div class='ocr_carea' id='block_1_78' title="bbox 2258 2137 3803 2210">
    <p class='ocr_par' dir='ltr' id='par_1_78' title="bbox 2258 2137 3803 2210">
     <span class='ocr_line' id='line_1_78' title="bbox 2258 2137 3803 2210; baseline -0.001 -19"><span class='ocrx_word' id='word_1_587' title='bbox 2258 2137 2353 2191; x_wconf 76' lang='grc' dir='ltr'><strong>καὶ</strong></span> <span class='ocrx_word' id='word_1_588' title='bbox 2382 2139 2733 2210; x_wconf 77' lang='grc' dir='ltr'>παρέστησαν</span> <span class='ocrx_word' id='word_1_589' title='bbox 2766 2137 2871 2191; x_wconf 81' lang='grc' dir='ltr'>ὑπὸ</span> <span class='ocrx_word' id='word_1_590' title='bbox 2904 2137 2966 2190; x_wconf 87' lang='grc' dir='ltr'>τὸ</span> <span class='ocrx_word' id='word_1_591' title='bbox 2998 2137 3121 2208; x_wconf 78' lang='grc' dir='ltr'>ὅρος</span> <span class='ocrx_word' id='word_1_592' title='bbox 3155 2137 3216 2190; x_wconf 83' lang='grc' dir='ltr'><strong>τὸ</strong></span> <span class='ocrx_word' id='word_1_593' title='bbox 3248 2138 3396 2192; x_wconf 85' lang='grc' dir='ltr'>Σινᾶ.</span> <span class='ocrx_word' id='word_1_594' title='bbox 3424 2137 3502 2191; x_wconf 84' lang='grc' dir='ltr'>Τὸ</span> <span class='ocrx_word' id='word_1_595' title='bbox 3538 2139 3593 2192; x_wconf 79' lang='grc' dir='ltr'>δὲ</span> <span class='ocrx_word' id='word_1_596' title='bbox 3621 2139 3732 2210; x_wconf 75' lang='grc' dir='ltr'>ὅρος</span> <span class='ocrx_word' id='word_1_597' title='bbox 3754 2138 3803 2190; x_wconf 77' lang='grc' dir='ltr'><strong>τὸ</strong></span> 
     </span>
    </p>
   </div>
   <div class='ocr_carea' id='block_1_79' title="bbox 2258 2226 3801 2299">
    <p class='ocr_par' dir='ltr' id='par_1_79' title="bbox 2258 2226 3801 2299">
     <span class='ocr_line' id='line_1_79' title="bbox 2258 2226 3801 2299; baseline 0.001 -20"><span class='ocrx_word' id='word_1_598' title='bbox 2258 2228 2388 2280; x_wconf 82' lang='grc' dir='ltr'><strong>Σινᾶ</strong></span> <span class='ocrx_word' id='word_1_599' title='bbox 2427 2226 2750 2292; x_wconf 80' lang='grc' dir='ltr'>ἐκαπνίζετο</span> <span class='ocrx_word' id='word_1_600' title='bbox 2777 2228 2898 2281; x_wconf 81' lang='grc' dir='ltr'>ὅλον</span> <span class='ocrx_word' id='word_1_601' title='bbox 2940 2226 3029 2280; x_wconf 81' lang='grc' dir='ltr'>διὰ</span> <span class='ocrx_word' id='word_1_602' title='bbox 3070 2226 3132 2280; x_wconf 73' lang='grc' dir='ltr'>τὸ</span> <span class='ocrx_word' id='word_1_603' title='bbox 3162 2227 3595 2299; x_wconf 78' lang='grc' dir='ltr'>καταδεδηκέναι</span> <span class='ocrx_word' id='word_1_604' title='bbox 3630 2227 3801 2297; x_wconf 77' lang='grc' dir='ltr'>Κύριον</span> 
     </span>
    </p>
   </div>
   <div class='ocr_carea' id='block_1_80' title="bbox 2258 2315 3801 2388">
    <p class='ocr_par' dir='ltr' id='par_1_80' title="bbox 2258 2315 3801 2388">
     <span class='ocr_line' id='line_1_80' title="bbox 2258 2315 3801 2388; baseline -0.001 -18"><span class='ocrx_word' id='word_1_605' title='bbox 2258 2316 2345 2370; x_wconf 75' lang='grc' dir='ltr'><strong>ἐπ’</strong></span> <span class='ocrx_word' id='word_1_606' title='bbox 2375 2317 2540 2370; x_wconf 73' lang='grc' dir='ltr'>αὑτοῦ</span> <span class='ocrx_word' id='word_1_607' title='bbox 2564 2320 2618 2369; x_wconf 82' lang='grc' dir='ltr'><strong>ὲν</strong></span> <span class='ocrx_word' id='word_1_608' title='bbox 2648 2315 2804 2388; x_wconf 76' lang='grc' dir='ltr'>πυρὶ,</span> <span class='ocrx_word' id='word_1_609' title='bbox 2827 2316 2920 2370; x_wconf 77' lang='grc' dir='ltr'>καὶ</span> <span class='ocrx_word' id='word_1_610' title='bbox 2943 2316 3223 2371; x_wconf 77' lang='grc' dir='ltr'>ἀνέϐαινεν</span> <span class='ocrx_word' id='word_1_611' title='bbox 3243 2318 3271 2369; x_wconf 86' lang='grc' dir='ltr'><strong>ὁ</strong></span> <span class='ocrx_word' id='word_1_612' title='bbox 3299 2317 3510 2380; x_wconf 83' lang='grc' dir='ltr'>καπνὸς</span> <span class='ocrx_word' id='word_1_613' title='bbox 3529 2319 3602 2382; x_wconf 81' lang='grc' dir='ltr'>ὡς</span> <span class='ocrx_word' id='word_1_614' title='bbox 3626 2317 3801 2378; x_wconf 74' lang='grc' dir='ltr'>καπνὸς</span> 
     </span>
    </p>
   </div>
   <div class='ocr_carea' id='block_1_81' title="bbox 2257 2408 3800 2482">
    <p class='ocr_par' dir='ltr' id='par_1_81' title="bbox 2257 2408 3800 2482">
     <span class='ocr_line' id='line_1_81' title="bbox 2257 2408 3800 2482; baseline 0 -21"><span class='ocrx_word' id='word_1_615' title='bbox 2257 2409 2488 2479; x_wconf 80' lang='grc' dir='ltr'>καμίνου</span> <span class='ocrx_word' id='word_1_616' title='bbox 2515 2425 2527 2439; x_wconf 94' lang='grc'><strong>·</strong></span> <span class='ocrx_word' id='word_1_617' title='bbox 2560 2409 2653 2462; x_wconf 70' lang='grc' dir='ltr'>καὶ</span> <span class='ocrx_word' id='word_1_618' title='bbox 2685 2409 2875 2479; x_wconf 76' lang='grc' dir='ltr'>ἐξέστη</span> <span class='ocrx_word' id='word_1_619' title='bbox 2922 2410 3027 2472; x_wconf 86' lang='grc' dir='ltr'><strong>πᾶς</strong></span> <span class='ocrx_word' id='word_1_620' title='bbox 3066 2410 3093 2462; x_wconf 82' lang='grc' dir='ltr'>ὁ</span> <span class='ocrx_word' id='word_1_621' title='bbox 3138 2408 3266 2472; x_wconf 77' lang='grc' dir='ltr'>λαὸς</span> <span class='ocrx_word' id='word_1_622' title='bbox 3311 2410 3521 2482; x_wconf 82' lang='grc' dir='ltr'>σφόδρα</span> <span class='ocrx_word' id='word_1_623' title='bbox 3541 2428 3554 2442; x_wconf 92' lang='grc'><strong>·</strong></span> <span class='ocrx_word' id='word_1_624' title='bbox 3585 2411 3800 2481; x_wconf 79' lang='grc' dir='ltr'>ἐγένοντο</span> 
     </span>
    </p>
   </div>
   <div class='ocr_carea' id='block_1_82' title="bbox 2254 2499 3800 2573">
    <p class='ocr_par' dir='ltr' id='par_1_82' title="bbox 2254 2499 3800 2573">
     <span class='ocr_line' id='line_1_82' title="bbox 2254 2499 3800 2573; baseline -0.002 -20"><span class='ocrx_word' id='word_1_625' title='bbox 2254 2500 2311 2553; x_wconf 80' lang='grc' dir='ltr'>δὲ</span> <span class='ocrx_word' id='word_1_626' title='bbox 2333 2502 2387 2553; x_wconf 78' lang='lat' dir='ltr'><strong>ai</strong></span> <span class='ocrx_word' id='word_1_627' title='bbox 2430 2501 2603 2569; x_wconf 75' lang='grc' dir='ltr'>φωναὶ</span> <span class='ocrx_word' id='word_1_628' title='bbox 2625 2503 2719 2572; x_wconf 81' lang='grc' dir='ltr'><strong>τῆς</strong></span> <span class='ocrx_word' id='word_1_629' title='bbox 2745 2499 3041 2568; x_wconf 79' lang='grc' dir='ltr'>σάλπιγγος</span> <span class='ocrx_word' id='word_1_630' title='bbox 3071 2499 3460 2570; x_wconf 75' lang='grc' dir='ltr'>προϐαίνουσαι</span> <span class='ocrx_word' id='word_1_631' title='bbox 3493 2503 3800 2573; x_wconf 75' lang='grc' dir='ltr'>ἰσχυρότεραι</span> 
     </span>
    </p>
   </div>
   <div class='ocr_carea' id='block_1_83' title="bbox 2257 2584 3801 2665">
    <p class='ocr_par' dir='ltr' id='par_1_83' title="bbox 2257 2584 3801 2665">
     <span class='ocr_line' id='line_1_83' title="bbox 2257 2584 3801 2665; baseline -0.002 -19"><span class='ocrx_word' id='word_1_632' title='bbox 2257 2592 2481 2663; x_wconf 77' lang='grc' dir='ltr'>σφόδρα.</span> <span class='ocrx_word' id='word_1_633' title='bbox 2524 2584 2729 2663; x_wconf 75' lang='grc' dir='ltr'>Μωσῆς</span> <span class='ocrx_word' id='word_1_634' title='bbox 2769 2592 2977 2646; x_wconf 80' lang='grc' dir='ltr'>ὲλάλει’</span> <span class='ocrx_word' id='word_1_635' title='bbox 3010 2595 3037 2645; x_wconf 86' lang='grc' dir='ltr'>ὁ</span> <span class='ocrx_word' id='word_1_636' title='bbox 3062 2591 3117 2645; x_wconf 82' lang='grc' dir='ltr'>δὲ</span> <span class='ocrx_word' id='word_1_637' title='bbox 3161 2592 3295 2656; x_wconf 75' lang='grc' dir='ltr'>Θεὸς</span> <span class='ocrx_word' id='word_1_638' title='bbox 3329 2594 3648 2665; x_wconf 70' lang='grc' dir='ltr'>ἀπεκρίνετο</span> <span class='ocrx_word' id='word_1_639' title='bbox 3678 2591 3801 2662; x_wconf 71' lang='grc' dir='ltr'>αὐτῷ</span> 
     </span>
    </p>
   </div>
   <div class='ocr_carea' id='block_1_84' title="bbox 2255 2680 3797 2756">
    <p class='ocr_par' dir='ltr' id='par_1_84' title="bbox 2255 2680 3797 2756">
     <span class='ocr_line' id='line_1_84' title="bbox 2255 2680 3797 2756; baseline -0.001 -19"><span class='ocrx_word' id='word_1_640' title='bbox 2255 2687 2428 2756; x_wconf 75' lang='grc' dir='ltr'>φωνῇ.</span> <span class='ocrx_word' id='word_1_641' title='bbox 2494 2704 2512 2735; x_wconf 84' lang='grc'><strong>›</strong></span> <span class='ocrx_word' id='word_1_642' title='bbox 2567 2684 2641 2737; x_wconf 82' lang='grc' dir='ltr'>Τὸ</span> <span class='ocrx_word' id='word_1_643' title='bbox 2681 2684 2782 2755; x_wconf 80' lang='grc' dir='ltr'><strong>μὲν</strong></span> <span class='ocrx_word' id='word_1_644' title='bbox 2828 2680 2921 2737; x_wconf 72' lang='grc' dir='ltr'>οὖν</span> <span class='ocrx_word' id='word_1_645' title='bbox 2959 2685 3018 2736; x_wconf 84' lang='grc' dir='ltr'>ἐν</span> <span class='ocrx_word' id='word_1_646' title='bbox 3072 2682 3188 2754; x_wconf 77' lang='grc' dir='ltr'>δρει</span> <span class='ocrx_word' id='word_1_647' title='bbox 3230 2685 3630 2756; x_wconf 71' lang='grc' dir='ltr'>καταφοιτῆσαι</span> <span class='ocrx_word' id='word_1_648' title='bbox 3668 2684 3797 2746; x_wconf 67' lang='grc' dir='ltr'>Θεὶν,</span> 
     </span>
    </p>
   </div>
   <div class='ocr_carea' id='block_1_85' title="bbox 2256 2775 3799 2850">
    <p class='ocr_par' dir='ltr' id='par_1_85' title="bbox 2256 2775 3799 2850">
     <span class='ocr_line' id='line_1_85' title="bbox 2256 2775 3799 2850; baseline -0.002 -20"><span class='ocrx_word' id='word_1_649' title='bbox 2256 2780 2484 2850; x_wconf 78' lang='grc' dir='ltr'>σημεῖον</span> <span class='ocrx_word' id='word_1_650' title='bbox 2514 2777 2579 2830; x_wconf 86' lang='grc' dir='ltr'><strong>ἂν</strong></span> <span class='ocrx_word' id='word_1_651' title='bbox 2610 2777 2818 2845; x_wconf 74' lang='grc' dir='ltr'>γένοιτο</span> <span class='ocrx_word' id='word_1_652' title='bbox 2866 2775 2960 2831; x_wconf 74' lang='grc' dir='ltr'><strong>καὶ</strong></span> <span class='ocrx_word' id='word_1_653' title='bbox 3014 2775 3158 2847; x_wconf 85' lang='grc' dir='ltr'>μάλα</span> <span class='ocrx_word' id='word_1_654' title='bbox 3204 2777 3393 2845; x_wconf 75' lang='grc' dir='ltr'>σαφὲς,</span> <span class='ocrx_word' id='word_1_655' title='bbox 3432 2780 3529 2832; x_wconf 74' lang='grc' dir='ltr'>τοῦ</span> <span class='ocrx_word' id='word_1_656' title='bbox 3570 2777 3799 2837; x_wconf 78' lang='grc' dir='ltr'>διανοίαις</span> 
     </span>
    </p>
   </div>
   <div class='ocr_carea' id='block_1_86' title="bbox 2253 2868 3782 2942">
    <p class='ocr_par' dir='ltr' id='par_1_86' title="bbox 2253 2868 3782 2942">
     <span class='ocr_line' id='line_1_86' title="bbox 2253 2868 3782 2942; baseline 0 -20"><span class='ocrx_word' id='word_1_657' title='bbox 2253 2870 2416 2923; x_wconf 80' lang='grc' dir='ltr'>αὐτὸν</span> <span class='ocrx_word' id='word_1_658' title='bbox 2458 2872 2518 2923; x_wconf 77' lang='grc' dir='ltr'><strong>ού</strong></span> <span class='ocrx_word' id='word_1_659' title='bbox 2558 2868 3017 2940; x_wconf 84' lang='grc' dir='ltr'>χθαμαλωτάταις</span> <span class='ocrx_word' id='word_1_660' title='bbox 3043 2873 3349 2942; x_wconf 82' lang='grc' dir='ltr'>έπιφοιτᾷν,</span> <span class='ocrx_word' id='word_1_661' title='bbox 3378 2870 3507 2924; x_wconf 75' lang='grc' dir='ltr'>οὗτε</span> <span class='ocrx_word' id='word_1_662' title='bbox 3543 2872 3643 2942; x_wconf 76' lang='grc' dir='ltr'><strong>μὴν</strong></span> <span class='ocrx_word' id='word_1_663' title='bbox 3672 2874 3782 2924; x_wconf 84' lang='grc' dir='ltr'>ἐναυ</span> 
     </span>
    </p>
   </div>
   <div class='ocr_carea' id='block_1_87' title="bbox 2251 2958 3796 3037">
    <p class='ocr_par' dir='ltr' id='par_1_87' title="bbox 2251 2958 3796 3037">
     <span class='ocr_line' id='line_1_87' title="bbox 2251 2958 3796 3037; baseline 0.001 -24"><span class='ocrx_word' id='word_1_664' title='bbox 2251 2958 2495 3025; x_wconf 81' lang='grc' dir='ltr'>λίζεσθαι</span> <span class='ocrx_word' id='word_1_665' title='bbox 2526 2960 2699 3029; x_wconf 79' lang='grc' dir='ltr'>φιλεῖν</span> <span class='ocrx_word' id='word_1_666' title='bbox 2733 2963 2845 3023; x_wconf 86' lang='grc' dir='ltr'>τοῖς</span> <span class='ocrx_word' id='word_1_667' title='bbox 2866 2962 3064 3030; x_wconf 84' lang='grc' dir='ltr'>γεῶδες</span> <span class='ocrx_word' id='word_1_668' title='bbox 3108 2961 3289 3034; x_wconf 79' lang='grc' dir='ltr'>έχουσι</span> <span class='ocrx_word' id='word_1_669' title='bbox 3330 2961 3425 3017; x_wconf 85' lang='grc' dir='ltr'><strong>καὶ</strong></span> <span class='ocrx_word' id='word_1_670' title='bbox 3462 2962 3796 3037; x_wconf 73' lang='grc' dir='ltr'>χαμαιρριφὲς</span> 
     </span>
    </p>
   </div>
   <div class='ocr_carea' id='block_1_88' title="bbox 2250 3051 3796 3127">
    <p class='ocr_par' dir='ltr' id='par_1_88' title="bbox 2250 3051 3796 3127">
     <span class='ocr_line' id='line_1_88' title="bbox 2250 3051 3796 3127; baseline 0.001 -21"><span class='ocrx_word' id='word_1_671' title='bbox 2250 3053 2310 3106; x_wconf 72' lang='grc' dir='ltr'>τὸ</span> <span class='ocrx_word' id='word_1_672' title='bbox 2334 3053 2608 3124; x_wconf 78' lang='grc' dir='ltr'>φρόνημα,</span> <span class='ocrx_word' id='word_1_673' title='bbox 2642 3051 2755 3105; x_wconf 79' lang='grc' dir='ltr'>ἀλλ’</span> <span class='ocrx_word' id='word_1_674' title='bbox 2781 3053 2888 3124; x_wconf 81' lang='grc' dir='ltr'>ὅτῳ</span> <span class='ocrx_word' id='word_1_675' title='bbox 2911 3070 3015 3125; x_wconf 87' lang='grc' dir='ltr'><strong>περ</strong></span> <span class='ocrx_word' id='word_1_676' title='bbox 3035 3053 3100 3107; x_wconf 78' lang='grc' dir='ltr'><strong>ἂν</strong></span> <span class='ocrx_word' id='word_1_677' title='bbox 3128 3057 3155 3107; x_wconf 85' lang='grc' dir='ltr'>ὁ</span> <span class='ocrx_word' id='word_1_678' title='bbox 3178 3053 3302 3118; x_wconf 77' lang='grc' dir='ltr'>νοῦς</span> <span class='ocrx_word' id='word_1_679' title='bbox 3315 3055 3454 3108; x_wconf 86' lang='grc' dir='ltr'>ἀναο</span> <span class='ocrx_word' id='word_1_680' title='bbox 3467 3055 3656 3127; x_wconf 83' lang='grc' dir='ltr'>ρώσκοι</span> <span class='ocrx_word' id='word_1_681' title='bbox 3682 3054 3796 3125; x_wconf 80' lang='grc' dir='ltr'>πρὸς</span> 
     </span>
    </p>
   </div>
   <div class='ocr_carea' id='block_1_89' title="bbox 2250 3147 3794 3222">
    <p class='ocr_par' dir='ltr' id='par_1_89' title="bbox 2250 3147 3794 3222">
     <span class='ocr_line' id='line_1_89' title="bbox 2250 3147 3794 3222; baseline 0.001 -21"><span class='ocrx_word' id='word_1_682' title='bbox 2250 3149 2308 3202; x_wconf 73' lang='grc' dir='ltr'>τὸ</span> <span class='ocrx_word' id='word_1_683' title='bbox 2353 3147 2513 3218; x_wconf 69' lang='grc' dir='ltr'>ὑψοῦ,</span> <span class='ocrx_word' id='word_1_684' title='bbox 2550 3148 2643 3200; x_wconf 77' lang='grc' dir='ltr'><strong>καὶ</strong></span> <span class='ocrx_word' id='word_1_685' title='bbox 2687 3148 2850 3201; x_wconf 71' lang='grc' dir='ltr'>οἱονεὶ</span> <span class='ocrx_word' id='word_1_686' title='bbox 2890 3149 3135 3221; x_wconf 81' lang='grc' dir='ltr'>κορυφὴν</span> <span class='ocrx_word' id='word_1_687' title='bbox 3177 3150 3616 3221; x_wconf 84' lang='grc' dir='ltr'>ύπερτέλλουσαν</span> <span class='ocrx_word' id='word_1_688' title='bbox 3658 3151 3794 3222; x_wconf 80' lang='grc' dir='ltr'>ἔχων,</span> 
     </span>
    </p>
   </div>
   <div class='ocr_carea' id='block_1_90' title="bbox 2249 3241 3797 3316">
    <p class='ocr_par' dir='ltr' id='par_1_90' title="bbox 2249 3241 3797 3316">
     <span class='ocr_line' id='line_1_90' title="bbox 2249 3241 3797 3316; baseline -0.001 -21"><span class='ocrx_word' id='word_1_689' title='bbox 2249 3242 2397 3295; x_wconf 86' lang='grc' dir='ltr'>κάτω</span> <span class='ocrx_word' id='word_1_690' title='bbox 2428 3259 2528 3295; x_wconf 89' lang='grc' dir='ltr'><strong>που</strong></span> <span class='ocrx_word' id='word_1_691' title='bbox 2563 3241 2751 3312; x_wconf 84' lang='grc' dir='ltr'>βλέπει</span> <span class='ocrx_word' id='word_1_692' title='bbox 2770 3241 2839 3295; x_wconf 80' lang='grc' dir='ltr'>τὰ</span> <span class='ocrx_word' id='word_1_693' title='bbox 2866 3242 3199 3315; x_wconf 84' lang='grc' dir='ltr'>ἀνθρώπινα,</span> <span class='ocrx_word' id='word_1_694' title='bbox 3224 3244 3319 3296; x_wconf 78' lang='grc' dir='ltr'><strong>καὶ</strong></span> <span class='ocrx_word' id='word_1_695' title='bbox 3344 3246 3489 3316; x_wconf 86' lang='grc' dir='ltr'>μόνα</span> <span class='ocrx_word' id='word_1_696' title='bbox 3509 3246 3797 3313; x_wconf 76' lang='grc' dir='ltr'>φαντάζοιτο</span> 
     </span>
    </p>
   </div>
   <div class='ocr_carea' id='block_1_91' title="bbox 2247 3333 3795 3409">
    <p class='ocr_par' dir='ltr' id='par_1_91' title="bbox 2247 3333 3795 3409">
     <span class='ocr_line' id='line_1_91' title="bbox 2247 3333 3795 3409; baseline -0.001 -22"><span class='ocrx_word' id='word_1_697' title='bbox 2247 3334 2316 3387; x_wconf 70' lang='grc' dir='ltr'>τὰ</span> <span class='ocrx_word' id='word_1_698' title='bbox 2338 3334 2490 3406; x_wconf 82' lang='grc' dir='ltr'>παρὰ</span> <span class='ocrx_word' id='word_1_699' title='bbox 2507 3334 2645 3405; x_wconf 85' lang='grc' dir='ltr'>Θεῷ.</span> <span class='ocrx_word' id='word_1_700' title='bbox 2678 3335 3104 3406; x_wconf 82' lang='grc' dir='ltr'>Κατασημήνειε</span> <span class='ocrx_word' id='word_1_701' title='bbox 3126 3335 3172 3389; x_wconf 84' lang='grc' dir='ltr'>δ’</span> <span class='ocrx_word' id='word_1_702' title='bbox 3192 3334 3258 3390; x_wconf 81' lang='grc' dir='ltr'>ἂν</span> <span class='ocrx_word' id='word_1_703' title='bbox 3288 3336 3381 3389; x_wconf 65' lang='grc' dir='ltr'>καὶ</span> <span class='ocrx_word' id='word_1_704' title='bbox 3402 3338 3628 3409; x_wconf 77' lang='grc' dir='ltr'>ἑτέρως,</span> <span class='ocrx_word' id='word_1_705' title='bbox 3645 3333 3795 3406; x_wconf 75' lang='grc' dir='ltr'>ὑψηλὴ</span> 
     </span>
    </p>
   </div>
   <div class='ocr_carea' id='block_1_92' title="bbox 2251 3423 3793 3501">
    <p class='ocr_par' dir='ltr' id='par_1_92' title="bbox 2251 3423 3793 3501">
     <span class='ocr_line' id='line_1_92' title="bbox 2251 3423 3793 3501; baseline -0.001 -22"><span class='ocrx_word' id='word_1_706' title='bbox 2251 3427 2351 3497; x_wconf 81' lang='grc' dir='ltr'><strong>μὲν</strong></span> <span class='ocrx_word' id='word_1_707' title='bbox 2380 3428 2465 3481; x_wconf 81' lang='grc' dir='ltr'><strong>ὅτι</strong></span> <span class='ocrx_word' id='word_1_708' title='bbox 2484 3427 2580 3480; x_wconf 77' lang='grc' dir='ltr'><strong>καὶ</strong></span> <span class='ocrx_word' id='word_1_709' title='bbox 2614 3428 2983 3498; x_wconf 82' lang='grc' dir='ltr'>ὑπερκειμένη</span> <span class='ocrx_word' id='word_1_710' title='bbox 3011 3427 3118 3481; x_wconf 85' lang='grc' dir='ltr'>τῶν</span> <span class='ocrx_word' id='word_1_711' title='bbox 3141 3428 3260 3481; x_wconf 82' lang='grc' dir='ltr'>καθ’</span> <span class='ocrx_word' id='word_1_712' title='bbox 3288 3429 3440 3499; x_wconf 81' lang='grc' dir='ltr'>ἡμᾶς</span> <span class='ocrx_word' id='word_1_713' title='bbox 3470 3431 3503 3500; x_wconf 75' lang='grc' dir='ltr'>ἡ</span> <span class='ocrx_word' id='word_1_714' title='bbox 3537 3446 3598 3482; x_wconf 87' lang='grc' dir='ltr'><strong>πε</strong></span> <span class='ocrx_word' id='word_1_715' title='bbox 3608 3430 3658 3501; x_wconf 68' lang='lat' dir='ltr'><strong>pi.</strong></span> <span class='ocrx_word' id='word_1_716' title='bbox 3680 3423 3793 3479; x_wconf 82' lang='grc' dir='ltr'>Θεοῦ</span> 
     </span>
    </p>
   </div>
   <div class='ocr_carea' id='block_1_93' title="bbox 2247 3516 3793 3590">
    <p class='ocr_par' dir='ltr' id='par_1_93' title="bbox 2247 3516 3793 3590">
     <span class='ocr_line' id='line_1_93' title="bbox 2247 3516 3793 3590; baseline -0.003 -19"><span class='ocrx_word' id='word_1_717' title='bbox 2247 3518 2469 3586; x_wconf 82' lang='grc' dir='ltr'>γνῶσις,</span> <span class='ocrx_word' id='word_1_718' title='bbox 2523 3519 2706 3590; x_wconf 78' lang='grc' dir='ltr'>μόνοις</span> <span class='ocrx_word' id='word_1_719' title='bbox 2746 3518 2803 3571; x_wconf 86' lang='grc' dir='ltr'>δὲ</span> <span class='ocrx_word' id='word_1_720' title='bbox 2849 3518 2988 3588; x_wconf 85' lang='grc' dir='ltr'>τάχα</span> <span class='ocrx_word' id='word_1_721' title='bbox 3020 3535 3123 3572; x_wconf 89' lang='grc' dir='ltr'><strong>που</strong></span> <span class='ocrx_word' id='word_1_722' title='bbox 3166 3518 3268 3572; x_wconf 82' lang='grc' dir='ltr'>κᾶν</span> <span class='ocrx_word' id='word_1_723' title='bbox 3317 3516 3452 3587; x_wconf 78' lang='grc' dir='ltr'>γοῦν</span> <span class='ocrx_word' id='word_1_724' title='bbox 3510 3522 3573 3571; x_wconf 84' lang='grc' dir='ltr'>ὲκ</span> <span class='ocrx_word' id='word_1_725' title='bbox 3622 3516 3793 3587; x_wconf 82' lang='grc' dir='ltr'>μέρους</span> 
     </span>
    </p>
   </div>
   <div class='ocr_carea' id='block_1_94' title="bbox 2245 3607 3791 3683">
    <p class='ocr_par' dir='ltr' id='par_1_94' title="bbox 2245 3607 3791 3683">
     <span class='ocr_line' id='line_1_94' title="bbox 2245 3607 3791 3683; baseline -0.004 -18"><span class='ocrx_word' id='word_1_726' title='bbox 2245 3610 2522 3683; x_wconf 80' lang='grc' dir='ltr'>ἁλώσιμος</span> <span class='ocrx_word' id='word_1_727' title='bbox 2577 3613 2689 3675; x_wconf 86' lang='grc' dir='ltr'>τοῖς</span> <span class='ocrx_word' id='word_1_728' title='bbox 2727 3610 2793 3664; x_wconf 80' lang='grc' dir='ltr'><strong>τὰ</strong></span> <span class='ocrx_word' id='word_1_729' title='bbox 2845 3608 3025 3681; x_wconf 74' lang='grc' dir='ltr'>ὑψηλά</span> <span class='ocrx_word' id='word_1_730' title='bbox 3087 3609 3339 3664; x_wconf 78' lang='grc' dir='ltr'>πέτεσθαι</span> <span class='ocrx_word' id='word_1_731' title='bbox 3390 3607 3791 3681; x_wconf 76' lang='grc' dir='ltr'>μεμελετηκὸσι·</span> 
     </span>
    </p>
   </div>
   <div class='ocr_carea' id='block_1_95' title="bbox 2250 3698 3793 3778">
    <p class='ocr_par' dir='ltr' id='par_1_95' title="bbox 2250 3698 3793 3778">
     <span class='ocr_line' id='line_1_95' title="bbox 2250 3698 3793 3778; baseline -0.005 -20"><span class='ocrx_word' id='word_1_732' title='bbox 2250 3724 2268 3758; x_wconf 78' lang='grc' dir='ltr'><strong>ι</strong></span> <span class='ocrx_word' id='word_1_733' title='bbox 2303 3706 2537 3760; x_wconf 73' lang='grc' dir='ltr'>Νεοσσοὶ</span> <span class='ocrx_word' id='word_1_734' title='bbox 2559 3705 2665 3778; x_wconf 84' lang='grc' dir='ltr'>γὰρ</span> <span class='ocrx_word' id='word_1_735' title='bbox 2697 3704 2869 3774; x_wconf 75' lang='grc' dir='ltr'>γυπὸς</span> <span class='ocrx_word' id='word_1_736' title='bbox 2898 3702 2965 3756; x_wconf 75' lang='grc' dir='ltr'>τὰ</span> <span class='ocrx_word' id='word_1_737' title='bbox 2995 3702 3174 3775; x_wconf 75' lang='grc' dir='ltr'>ὑψηλά</span> <span class='ocrx_word' id='word_1_738' title='bbox 3209 3704 3498 3768; x_wconf 83' lang='grc' dir='ltr'>πέτανται,</span> <span class='ocrx_word' id='word_1_739' title='bbox 3540 3723 3558 3757; x_wconf 76' lang='grc' dir='ltr'>ι</span> <span class='ocrx_word' id='word_1_740' title='bbox 3592 3700 3721 3757; x_wconf 86' lang='grc' dir='ltr'><strong>κατά</strong></span> <span class='ocrx_word' id='word_1_741' title='bbox 3744 3698 3793 3751; x_wconf 76' lang='grc' dir='ltr'>τὸ</span> 
     </span>
    </p>
   </div>
   <div class='ocr_carea' id='block_1_96' title="bbox 2242 3790 3793 3870">
    <p class='ocr_par' dir='ltr' id='par_1_96' title="bbox 2242 3790 3793 3870">
     <span class='ocr_line' id='line_1_96' title="bbox 2242 3790 3793 3870; baseline 0.001 -20"><span class='ocrx_word' id='word_1_742' title='bbox 2242 3798 2648 3870; x_wconf 84' lang='grc' dir='ltr'>γεγραμμένον.</span> <span class='ocrx_word' id='word_1_743' title='bbox 2694 3798 2781 3850; x_wconf 87' lang='grc' dir='ltr'>Ἐν</span> <span class='ocrx_word' id='word_1_744' title='bbox 2812 3795 2984 3867; x_wconf 85' lang='grc' dir='ltr'>τούτῳ</span> <span class='ocrx_word' id='word_1_745' title='bbox 3016 3795 3072 3849; x_wconf 84' lang='grc' dir='ltr'>δὲ</span> <span class='ocrx_word' id='word_1_746' title='bbox 3109 3796 3285 3861; x_wconf 85' lang='grc' dir='ltr'>σύνες,</span> <span class='ocrx_word' id='word_1_747' title='bbox 3312 3796 3394 3849; x_wconf 83' lang='grc' dir='ltr'>ὅτι</span> <span class='ocrx_word' id='word_1_748' title='bbox 3428 3795 3636 3863; x_wconf 76' lang='grc' dir='ltr'>κατέϐη</span> <span class='ocrx_word' id='word_1_749' title='bbox 3681 3790 3793 3852; x_wconf 72' lang='grc' dir='ltr'><strong>Θεὸς</strong></span> 
     </span>
    </p>
   </div>
   <div class='ocr_carea' id='block_1_97' title="bbox 2239 3884 3789 3961">
    <p class='ocr_par' dir='ltr' id='par_1_97' title="bbox 2239 3884 3789 3961">
     <span class='ocr_line' id='line_1_97' title="bbox 2239 3884 3789 3961; baseline -0.006 -18"><span class='ocrx_word' id='word_1_750' title='bbox 2239 3890 2331 3943; x_wconf 78' lang='grc' dir='ltr'><strong>τὸν</strong></span> <span class='ocrx_word' id='word_1_751' title='bbox 2353 3891 2580 3961; x_wconf 74' lang='grc' dir='ltr'>ἀρχαῖον</span> <span class='ocrx_word' id='word_1_752' title='bbox 2610 3892 2721 3952; x_wconf 88' lang='grc' dir='ltr'>τοῖς</span> <span class='ocrx_word' id='word_1_753' title='bbox 2750 3889 2916 3943; x_wconf 84' lang='grc' dir='ltr'>πάλαι</span> <span class='ocrx_word' id='word_1_754' title='bbox 2942 3886 3188 3961; x_wconf 82' lang='grc' dir='ltr'>διορίζων</span> <span class='ocrx_word' id='word_1_755' title='bbox 3207 3889 3392 3959; x_wconf 87' lang='grc' dir='ltr'>νόμον,</span> <span class='ocrx_word' id='word_1_756' title='bbox 3422 3887 3529 3940; x_wconf 77' lang='grc' dir='ltr'>οὐκ</span> <span class='ocrx_word' id='word_1_757' title='bbox 3560 3884 3679 3939; x_wconf 77' lang='grc' dir='ltr'>ἔνθα</span> <span class='ocrx_word' id='word_1_758' title='bbox 3701 3896 3789 3951; x_wconf 83' lang='grc' dir='ltr'><strong>περ</strong></span> 
     </span>
    </p>
   </div>
   <div class='ocr_carea' id='block_1_98' title="bbox 2237 3971 3788 4051">
    <p class='ocr_par' dir='ltr' id='par_1_98' title="bbox 2237 3971 3788 4051">
     <span class='ocr_line' id='line_1_98' title="bbox 2237 3971 3788 4051; baseline -0.016 -2"><span class='ocrx_word' id='word_1_759' title='bbox 2237 3976 2305 4051; x_wconf 70' lang='grc' dir='ltr'><strong>ἦν</strong></span> <span class='ocrx_word' id='word_1_760' title='bbox 2336 3983 2363 4034; x_wconf 74' lang='grc' dir='ltr'>ὁ</span> <span class='ocrx_word' id='word_1_761' title='bbox 2394 3980 2542 4045; x_wconf 77' lang='grc' dir='ltr'>λαὸς,</span> <span class='ocrx_word' id='word_1_762' title='bbox 2573 3978 2690 4033; x_wconf 77' lang='grc' dir='ltr'>ἀλλ’</span> <span class='ocrx_word' id='word_1_763' title='bbox 2720 3979 2856 4050; x_wconf 77' lang='grc' dir='ltr'>ὑψοῦ</span> <span class='ocrx_word' id='word_1_764' title='bbox 2892 3981 2986 4035; x_wconf 78' lang='grc' dir='ltr'><strong>καὶ</strong></span> <span class='ocrx_word' id='word_1_765' title='bbox 3036 3978 3274 4051; x_wconf 83' lang='grc' dir='ltr'>μακράν.</span> <span class='ocrx_word' id='word_1_766' title='bbox 3323 3978 3669 4048; x_wconf 78' lang='grc' dir='ltr'>Ἀφειστὴκει</span> <span class='ocrx_word' id='word_1_767' title='bbox 3695 3971 3788 4041; x_wconf 80' lang='grc' dir='ltr'>γὰρ</span> 
     </span>
    </p>
   </div>
   <div class='ocr_carea' id='block_1_99' title="bbox 2242 4059 3788 4140">
    <p class='ocr_par' dir='ltr' id='par_1_99' title="bbox 2242 4059 3788 4140">
     <span class='ocr_line' id='line_1_99' title="bbox 2242 4059 3788 4140; baseline -0.005 -17"><span class='ocrx_word' id='word_1_768' title='bbox 2242 4069 2518 4140; x_wconf 86' lang='grc' dir='ltr'>μακρόθεν</span> <span class='ocrx_word' id='word_1_769' title='bbox 2544 4069 2623 4121; x_wconf 81' lang='grc' dir='ltr'>ἔτι</span> <span class='ocrx_word' id='word_1_770' title='bbox 2651 4068 2792 4122; x_wconf 85' lang='grc' dir='ltr'><strong>κατά</strong></span> <span class='ocrx_word' id='word_1_771' title='bbox 2828 4068 2928 4140; x_wconf 82' lang='grc' dir='ltr'><strong>τὴν</strong></span> <span class='ocrx_word' id='word_1_772' title='bbox 2952 4068 3045 4121; x_wconf 78' lang='grc' dir='ltr'><strong>τοῦ</strong></span> <span class='ocrx_word' id='word_1_773' title='bbox 3075 4067 3388 4130; x_wconf 82' lang='grc' dir='ltr'>Ψάλλοντος</span> <span class='ocrx_word' id='word_1_774' title='bbox 3429 4066 3631 4137; x_wconf 81' lang='grc' dir='ltr'>φωνὴν,</span> <span class='ocrx_word' id='word_1_775' title='bbox 3655 4059 3788 4117; x_wconf 74' lang='grc' dir='ltr'>οὔπω</span> 
     </span>
    </p>
   </div>
   <div class='ocr_carea' id='block_1_100' title="bbox 2236 4154 3786 4232">
    <p class='ocr_par' dir='ltr' id='par_1_100' title="bbox 2236 4154 3786 4232">
     <span class='ocr_line' id='line_1_100' title="bbox 2236 4154 3786 4232; baseline -0.008 -15"><span class='ocrx_word' id='word_1_776' title='bbox 2236 4162 2519 4231; x_wconf 81' lang='grc' dir='ltr'>γεγονότος</span> <span class='ocrx_word' id='word_1_777' title='bbox 2554 4160 2673 4232; x_wconf 89' lang='grc' dir='ltr'>μεθ’</span> <span class='ocrx_word' id='word_1_778' title='bbox 2722 4160 2878 4232; x_wconf 77' lang='grc' dir='ltr'>ἡμῶν</span> <span class='ocrx_word' id='word_1_779' title='bbox 2919 4158 3215 4231; x_wconf 85' lang='grc' dir='ltr'>σαρκικῶς,</span> <span class='ocrx_word' id='word_1_780' title='bbox 3246 4157 3372 4211; x_wconf 73' lang='grc' dir='ltr'>οὗτε</span> <span class='ocrx_word' id='word_1_781' title='bbox 3411 4158 3520 4229; x_wconf 85' lang='grc' dir='ltr'>μὴν</span> <span class='ocrx_word' id='word_1_782' title='bbox 3556 4154 3786 4213; x_wconf 80' lang='grc' dir='ltr'>καθέντος</span> 
     </span>
    </p>
   </div>
   <div class='ocr_carea' id='block_1_101' title="bbox 2236 4246 3786 4319">
    <p class='ocr_par' dir='ltr' id='par_1_101' title="bbox 2236 4246 3786 4319">
     <span class='ocr_line' id='line_1_101' title="bbox 2236 4246 3786 4319; baseline -0.001 -12"><span class='ocrx_word' id='word_1_783' title='bbox 2236 4253 2424 4308; x_wconf 79' lang='grc' dir='ltr'>ἑαυτὸν</span> <span class='ocrx_word' id='word_1_784' title='bbox 2472 4254 2551 4317; x_wconf 82' lang='grc' dir='ltr'>εἰς</span> <span class='ocrx_word' id='word_1_785' title='bbox 2603 4254 2831 4307; x_wconf 89' lang='grc' dir='ltr'>κένωσιν</span> <span class='ocrx_word' id='word_1_786' title='bbox 2873 4251 2967 4306; x_wconf 77' lang='grc' dir='ltr'>τοῦ</span> <span class='ocrx_word' id='word_1_787' title='bbox 3014 4249 3384 4319; x_wconf 78' lang='grc' dir='ltr'>Μονογενοῦς·</span> <span class='ocrx_word' id='word_1_788' title='bbox 3437 4252 3502 4311; x_wconf 75' lang='grc' dir='ltr'>ού</span> <span class='ocrx_word' id='word_1_789' title='bbox 3556 4251 3657 4319; x_wconf 85' lang='grc' dir='ltr'>γὰρ</span> <span class='ocrx_word' id='word_1_790' title='bbox 3692 4246 3786 4305; x_wconf 77' lang='grc' dir='ltr'>τοῖς</span> 
     </span>
    </p>
   </div>
   <div class='ocr_carea' id='block_1_102' title="bbox 2235 4335 3785 4418">
    <p class='ocr_par' dir='ltr' id='par_1_102' title="bbox 2235 4335 3785 4418">
     <span class='ocr_line' id='line_1_102' title="bbox 2235 4335 3785 4418; baseline -0.008 -18"><span class='ocrx_word' id='word_1_791' title='bbox 2235 4346 2630 4418; x_wconf 85' lang='grc' dir='ltr'>ἀρχαιοτέροις,</span> <span class='ocrx_word' id='word_1_792' title='bbox 2678 4344 2791 4397; x_wconf 81' lang='grc' dir='ltr'>ἀλλ’</span> <span class='ocrx_word' id='word_1_793' title='bbox 2837 4345 2917 4408; x_wconf 84' lang='grc' dir='ltr'><strong>είς</strong></span> <span class='ocrx_word' id='word_1_794' title='bbox 2968 4340 3115 4414; x_wconf 76' lang='grc' dir='ltr'>ἡμᾶς</span> <span class='ocrx_word' id='word_1_795' title='bbox 3162 4343 3360 4406; x_wconf 80' lang='grc' dir='ltr'>αὐτοὺς</span> <span class='ocrx_word' id='word_1_796' title='bbox 3409 4345 3696 4412; x_wconf 69' lang='grc' dir='ltr'>τετήρηται</span> <span class='ocrx_word' id='word_1_797' title='bbox 3735 4335 3785 4387; x_wconf 79' lang='grc' dir='ltr'>τὸ</span> 
     </span>
    </p>
   </div>
   <div class='ocr_carea' id='block_1_103' title="bbox 2238 4428 3780 4507">
    <p class='ocr_par' dir='ltr' id='par_1_103' title="bbox 2238 4428 3780 4507">
     <span class='ocr_line' id='line_1_103' title="bbox 2238 4428 3780 4507; baseline 0 -20"><span class='ocrx_word' id='word_1_798' title='bbox 2238 4436 2534 4507; x_wconf 88' lang='grc' dir='ltr'>μυστήριον</span> <span class='ocrx_word' id='word_1_799' title='bbox 2556 4448 2569 4463; x_wconf 84' lang='lat'>&#39;</span> <span class='ocrx_word' id='word_1_800' title='bbox 2602 4434 2794 4503; x_wconf 88' lang='grc' dir='ltr'>γέγονε</span> <span class='ocrx_word' id='word_1_801' title='bbox 2814 4433 2921 4506; x_wconf 83' lang='grc' dir='ltr'>γὰρ</span> <span class='ocrx_word' id='word_1_802' title='bbox 2956 4433 3075 4505; x_wconf 86' lang='grc' dir='ltr'>μεθ’</span> <span class='ocrx_word' id='word_1_803' title='bbox 3101 4433 3259 4504; x_wconf 79' lang='grc' dir='ltr'>ἡμῶν</span> <span class='ocrx_word' id='word_1_804' title='bbox 3294 4434 3419 4488; x_wconf 78' lang='grc' dir='ltr'>’ὅσον</span> <span class='ocrx_word' id='word_1_805' title='bbox 3444 4428 3583 4505; x_wconf 80' lang='grc' dir='ltr'>ἧκεν</span> <span class='ocrx_word' id='word_1_806' title='bbox 3609 4430 3780 4487; x_wconf 77' lang='grc' dir='ltr'>εἰπεῖν.</span> 
     </span>
    </p>
   </div>
   <div class='ocr_carea' id='block_1_104' title="bbox 2235 4523 3783 4596">
    <p class='ocr_par' dir='ltr' id='par_1_104' title="bbox 2235 4523 3783 4596">
     <span class='ocr_line' id='line_1_104' title="bbox 2235 4523 3783 4596; baseline -0.006 -18"><span class='ocrx_word' id='word_1_807' title='bbox 2235 4527 2314 4588; x_wconf 88' lang='grc' dir='ltr'><strong>είς</strong></span> <span class='ocrx_word' id='word_1_808' title='bbox 2346 4524 2502 4589; x_wconf 80' lang='grc' dir='ltr'>δόξαν</span> <span class='ocrx_word' id='word_1_809' title='bbox 2546 4524 2956 4596; x_wconf 79' lang='grc' dir='ltr'>ὀφθαλμοφανῆ,</span> <span class='ocrx_word' id='word_1_810' title='bbox 2986 4523 3055 4579; x_wconf 77' lang='grc' dir='ltr'>τὰ</span> <span class='ocrx_word' id='word_1_811' title='bbox 3090 4524 3190 4596; x_wconf 80' lang='grc' dir='ltr'>τῆς</span> <span class='ocrx_word' id='word_1_812' title='bbox 3232 4524 3491 4596; x_wconf 83' lang='grc' dir='ltr'>θεότητος</span> <span class='ocrx_word' id='word_1_813' title='bbox 3540 4523 3783 4592; x_wconf 70' lang='grc' dir='ltr'>ὑψώματα</span> 
     </span>
    </p>
   </div>
   <div class='ocr_carea' id='block_1_105' title="bbox 2234 4606 3783 4685">
    <p class='ocr_par' dir='ltr' id='par_1_105' title="bbox 2234 4606 3783 4685">
     <span class='ocr_line' id='line_1_105' title="bbox 2234 4606 3783 4685; baseline 0.001 -17"><span class='ocrx_word' id='word_1_814' title='bbox 2234 4612 2637 4677; x_wconf 85' lang='grc' dir='ltr'>καταλελοιπώς</span> <span class='ocrx_word' id='word_1_815' title='bbox 2664 4628 2678 4642; x_wconf 78' lang='grc'><strong><em>⁸</em></strong></span> <span class='ocrx_word' id='word_1_816' title='bbox 2712 4613 3052 4667; x_wconf 77' lang='grc' dir='ltr'>ἐπολιτεύετο</span> <span class='ocrx_word' id='word_1_817' title='bbox 3074 4614 3129 4667; x_wconf 80' lang='grc' dir='ltr'>δὲ</span> <span class='ocrx_word' id='word_1_818' title='bbox 3163 4614 3282 4685; x_wconf 88' lang='grc' dir='ltr'>μεθ’</span> <span class='ocrx_word' id='word_1_819' title='bbox 3313 4614 3496 4684; x_wconf 83' lang='grc' dir='ltr'>ἡμῶν,</span> <span class='ocrx_word' id='word_1_820' title='bbox 3530 4615 3604 4676; x_wconf 83' lang='grc' dir='ltr'><strong>ὡς</strong></span> <span class='ocrx_word' id='word_1_821' title='bbox 3637 4606 3708 4674; x_wconf 75' lang='grc' dir='ltr'>εἷς</span> <span class='ocrx_word' id='word_1_822' title='bbox 3733 4608 3783 4670; x_wconf 76' lang='grc' dir='ltr'><strong>ἐξ</strong></span> 
     </span>
    </p>
   </div>
   <div class='ocr_carea' id='block_1_106' title="bbox 2229 4702 3779 4779">
    <p class='ocr_par' dir='ltr' id='par_1_106' title="bbox 2229 4702 3779 4779">
     <span class='ocr_line' id='line_1_106' title="bbox 2229 4702 3779 4779; baseline -0.006 -18"><span class='ocrx_word' id='word_1_823' title='bbox 2229 4709 2261 4779; x_wconf 77' lang='grc' dir='ltr'><strong>η</strong></span> <span class='ocrx_word' id='word_1_824' title='bbox 2273 4706 2408 4776; x_wconf 82' lang='grc' dir='ltr'>μῶν.</span> <span class='ocrx_word' id='word_1_825' title='bbox 2446 4706 2533 4759; x_wconf 87' lang='grc' dir='ltr'>Ἐν</span> <span class='ocrx_word' id='word_1_826' title='bbox 2556 4704 2688 4758; x_wconf 84' lang='grc' dir='ltr'>εῖδει</span> <span class='ocrx_word' id='word_1_827' title='bbox 2720 4722 2782 4774; x_wconf 88' lang='grc' dir='ltr'>γε</span> <span class='ocrx_word' id='word_1_828' title='bbox 2808 4706 2916 4777; x_wconf 83' lang='grc' dir='ltr'>μὴν</span> <span class='ocrx_word' id='word_1_829' title='bbox 2933 4705 3024 4758; x_wconf 78' lang='grc' dir='ltr'>τοῦ</span> <span class='ocrx_word' id='word_1_830' title='bbox 3053 4712 3224 4777; x_wconf 83' lang='grc' dir='ltr'>πυρὸς</span> <span class='ocrx_word' id='word_1_831' title='bbox 3255 4702 3450 4776; x_wconf 75' lang='grc' dir='ltr'>κατῄει</span> <span class='ocrx_word' id='word_1_832' title='bbox 3471 4705 3603 4768; x_wconf 88' lang='grc' dir='ltr'>Θεός</span> <span class='ocrx_word' id='word_1_833' title='bbox 3624 4721 3639 4735; x_wconf 86' lang='grc'><strong>·</strong></span> <span class='ocrx_word' id='word_1_834' title='bbox 3671 4702 3779 4761; x_wconf 78' lang='grc' dir='ltr'>ἔδει,</span> 
     </span>
    </p>
   </div>
   <div class='ocr_carea' id='block_1_107' title="bbox 2228 4794 3780 4869">
    <p class='ocr_par' dir='ltr' id='par_1_107' title="bbox 2228 4794 3780 4869">
     <span class='ocr_line' id='line_1_107' title="bbox 2228 4794 3780 4869; baseline -0.006 -16"><span class='ocrx_word' id='word_1_835' title='bbox 2228 4802 2341 4862; x_wconf 85' lang='grc' dir='ltr'>τοῖς</span> <span class='ocrx_word' id='word_1_836' title='bbox 2375 4797 2590 4869; x_wconf 76' lang='grc' dir='ltr'>ἀνάγκη</span> <span class='ocrx_word' id='word_1_837' title='bbox 2617 4797 2710 4853; x_wconf 74' lang='grc' dir='ltr'><strong>καὶ</strong></span> <span class='ocrx_word' id='word_1_838' title='bbox 2739 4798 2890 4868; x_wconf 88' lang='grc' dir='ltr'>νόμῳ</span> <span class='ocrx_word' id='word_1_839' title='bbox 2916 4797 3041 4861; x_wconf 78' lang='grc' dir='ltr'>τοὺς</span> <span class='ocrx_word' id='word_1_840' title='bbox 3078 4796 3550 4866; x_wconf 82' lang='grc' dir='ltr'>παιδαγωγεῖσθαι</span> <span class='ocrx_word' id='word_1_841' title='bbox 3584 4794 3780 4869; x_wconf 83' lang='grc' dir='ltr'>μέλλον-</span> 
     </span>
    </p>
   </div>
   <div class='ocr_carea' id='block_1_108' title="bbox 2226 4886 3782 4960">
    <p class='ocr_par' dir='ltr' id='par_1_108' title="bbox 2226 4886 3782 4960">
     <span class='ocr_line' id='line_1_108' title="bbox 2226 4886 3782 4960; baseline -0.005 -18"><span class='ocrx_word' id='word_1_842' title='bbox 2226 4906 2347 4954; x_wconf 84' lang='grc' dir='ltr'>τας,</span> <span class='ocrx_word' id='word_1_843' title='bbox 2384 4888 2466 4942; x_wconf 84' lang='grc' dir='ltr'><strong>ὅτι</strong></span> <span class='ocrx_word' id='word_1_844' title='bbox 2514 4886 2654 4959; x_wconf 85' lang='grc' dir='ltr'>πρὸς</span> <span class='ocrx_word' id='word_1_845' title='bbox 2689 4888 2801 4960; x_wconf 82' lang='grc' dir='ltr'>πῦρ</span> <span class='ocrx_word' id='word_1_846' title='bbox 2838 4888 3019 4953; x_wconf 76' lang='grc' dir='ltr'>ἕξουσι</span> <span class='ocrx_word' id='word_1_847' title='bbox 3066 4889 3192 4951; x_wconf 74' lang='grc' dir='ltr'>τοὺς</span> <span class='ocrx_word' id='word_1_848' title='bbox 3240 4888 3455 4958; x_wconf 82' lang='grc' dir='ltr'>λόγους,</span> <span class='ocrx_word' id='word_1_849' title='bbox 3503 4889 3553 4941; x_wconf 86' lang='grc' dir='ltr'>εἰ</span> <span class='ocrx_word' id='word_1_850' title='bbox 3599 4888 3782 4940; x_wconf 75' lang='grc' dir='ltr'>ἕλοιντο</span> 
     </span>
    </p>
   </div>
   <div class='ocr_carea' id='block_1_109' title="bbox 2229 4976 3779 5049">
    <p class='ocr_par' dir='ltr' id='par_1_109' title="bbox 2229 4976 3779 5049">
     <span class='ocr_line' id='line_1_109' title="bbox 2229 4976 3779 5049; baseline 0.002 -19"><span class='ocrx_word' id='word_1_851' title='bbox 2229 4977 2516 5049; x_wconf 77' lang='grc' dir='ltr'>ῥᾳθυμεῖν,</span> <span class='ocrx_word' id='word_1_852' title='bbox 2557 4976 2807 5032; x_wconf 87' lang='grc' dir='ltr'>διειδέναι</span> <span class='ocrx_word' id='word_1_853' title='bbox 2847 4979 3051 5047; x_wconf 75' lang='grc' dir='ltr'>σαφῶς.</span> <span class='ocrx_word' id='word_1_854' title='bbox 3086 4979 3158 5031; x_wconf 77' lang='grc' dir='ltr'><strong>Οὐ</strong></span> <span class='ocrx_word' id='word_1_855' title='bbox 3190 4977 3299 5049; x_wconf 83' lang='grc' dir='ltr'><strong>γὰρ</strong></span> <span class='ocrx_word' id='word_1_856' title='bbox 3345 4978 3403 5045; x_wconf 77' lang='grc' dir='ltr'>ἐξ</span> <span class='ocrx_word' id='word_1_857' title='bbox 3454 4979 3674 5048; x_wconf 71' lang='grc' dir='ltr'>ἀγάπης</span> <span class='ocrx_word' id='word_1_858' title='bbox 3698 4977 3779 5044; x_wconf 73' lang='grc' dir='ltr'><strong>τῆς</strong></span> 
     </span>
    </p>
   </div>
   <div class='ocr_carea' id='block_1_110' title="bbox 2226 5067 3779 5141">
    <p class='ocr_par' dir='ltr' id='par_1_110' title="bbox 2226 5067 3779 5141">
     <span class='ocr_line' id='line_1_110' title="bbox 2226 5067 3779 5141; baseline -0.005 -20"><span class='ocrx_word' id='word_1_859' title='bbox 2226 5069 2552 5133; x_wconf 84' lang='grc' dir='ltr'>ἐθελουσίου,</span> <span class='ocrx_word' id='word_1_860' title='bbox 2585 5071 2679 5123; x_wconf 69' lang='grc' dir='ltr'>καὶ</span> <span class='ocrx_word' id='word_1_861' title='bbox 2710 5069 2802 5124; x_wconf 81' lang='grc' dir='ltr'>νοῦ</span> <span class='ocrx_word' id='word_1_862' title='bbox 2831 5069 3002 5140; x_wconf 79' lang='grc' dir='ltr'>ῥοπῆς</span> <span class='ocrx_word' id='word_1_863' title='bbox 3036 5068 3326 5141; x_wconf 78' lang='grc' dir='ltr'>ἐλευθέρας</span> <span class='ocrx_word' id='word_1_864' title='bbox 3355 5071 3658 5141; x_wconf 76' lang='grc' dir='ltr'>ἐπράττετο</span> <span class='ocrx_word' id='word_1_865' title='bbox 3684 5067 3779 5124; x_wconf 81' lang='grc' dir='ltr'>τοῖς</span> 
     </span>
    </p>
   </div>
   <div class='ocr_carea' id='block_1_111' title="bbox 2226 5155 3776 5232">
    <p class='ocr_par' dir='ltr' id='par_1_111' title="bbox 2226 5155 3776 5232">
     <span class='ocr_line' id='line_1_111' title="bbox 2226 5155 3776 5232; baseline -0.006 -18"><span class='ocrx_word' id='word_1_866' title='bbox 2226 5161 2605 5232; x_wconf 82' lang='grc' dir='ltr'>ἀρχαιοτέροις</span> <span class='ocrx_word' id='word_1_867' title='bbox 2650 5160 2709 5213; x_wconf 80' lang='grc' dir='ltr'><strong>τὸ</strong></span> <span class='ocrx_word' id='word_1_868' title='bbox 2743 5159 3010 5228; x_wconf 77' lang='grc' dir='ltr'>θεοφιλὲς,</span> <span class='ocrx_word' id='word_1_869' title='bbox 3045 5160 3159 5213; x_wconf 82' lang='grc' dir='ltr'>ἀλλ’</span> <span class='ocrx_word' id='word_1_870' title='bbox 3186 5160 3261 5224; x_wconf 88' lang='grc' dir='ltr'>ὡς</span> <span class='ocrx_word' id='word_1_871' title='bbox 3304 5160 3366 5225; x_wconf 81' lang='grc' dir='ltr'>ἐξ</span> <span class='ocrx_word' id='word_1_872' title='bbox 3402 5160 3653 5230; x_wconf 75' lang='grc' dir='ltr'>ἀνάγκης</span> <span class='ocrx_word' id='word_1_873' title='bbox 3700 5155 3776 5207; x_wconf 73' lang='grc' dir='ltr'>καὶ</span> 
     </span>
    </p>
   </div>
   <div class='ocr_carea' id='block_1_112' title="bbox 2225 5247 3775 5323">
    <p class='ocr_par' dir='ltr' id='par_1_112' title="bbox 2225 5247 3775 5323">
     <span class='ocr_line' id='line_1_112' title="bbox 2225 5247 3775 5323; baseline -0.002 -19"><span class='ocrx_word' id='word_1_874' title='bbox 2225 5252 2389 5320; x_wconf 74' lang='grc' dir='ltr'>φόϐου</span> <span class='ocrx_word' id='word_1_875' title='bbox 2406 5267 2420 5281; x_wconf 76' lang='grc' dir='ltr'><strong>ο</strong></span> <span class='ocrx_word' id='word_1_876' title='bbox 2460 5250 2675 5322; x_wconf 77' lang='grc' dir='ltr'>πνεῦμα</span> <span class='ocrx_word' id='word_1_877' title='bbox 2708 5252 2817 5322; x_wconf 77' lang='grc' dir='ltr'><strong>γὰρ</strong></span> <span class='ocrx_word' id='word_1_878' title='bbox 2840 5247 2905 5322; x_wconf 79' lang='grc' dir='ltr'>ἦν</span> <span class='ocrx_word' id='word_1_879' title='bbox 2934 5251 3031 5304; x_wconf 74' lang='grc' dir='ltr'><strong>οὐκ</strong></span> <span class='ocrx_word' id='word_1_880' title='bbox 3056 5250 3362 5322; x_wconf 77' lang='grc' dir='ltr'>ἐλεύθερον,</span> <span class='ocrx_word' id='word_1_881' title='bbox 3385 5251 3513 5306; x_wconf 71' lang='grc' dir='ltr'>οὔτε</span> <span class='ocrx_word' id='word_1_882' title='bbox 3553 5251 3655 5323; x_wconf 82' lang='grc' dir='ltr'><strong>μὴν</strong></span> <span class='ocrx_word' id='word_1_883' title='bbox 3680 5249 3775 5300; x_wconf 80' lang='grc' dir='ltr'>υίοο</span> 
     </span>
    </p>
   </div>
   <div class='ocr_carea' id='block_1_113' title="bbox 2225 5338 3776 5413">
    <p class='ocr_par' dir='ltr' id='par_1_113' title="bbox 2225 5338 3776 5413">
     <span class='ocr_line' id='line_1_113' title="bbox 2225 5338 3776 5413; baseline -0.003 -19"><span class='ocrx_word' id='word_1_884' title='bbox 2225 5341 2431 5407; x_wconf 87' lang='grc' dir='ltr'>θεσίας,</span> <span class='ocrx_word' id='word_1_885' title='bbox 2455 5343 2513 5395; x_wconf 76' lang='grc' dir='ltr'>τὸ</span> <span class='ocrx_word' id='word_1_886' title='bbox 2548 5344 2603 5396; x_wconf 78' lang='grc' dir='ltr'>ἐν</span> <span class='ocrx_word' id='word_1_887' title='bbox 2625 5343 2829 5406; x_wconf 79' lang='grc' dir='ltr'>αὐτοῖς,</span> <span class='ocrx_word' id='word_1_888' title='bbox 2852 5341 2986 5396; x_wconf 84' lang='grc' dir='ltr'><strong>ἀλλά</strong></span> <span class='ocrx_word' id='word_1_889' title='bbox 3010 5342 3252 5407; x_wconf 84' lang='grc' dir='ltr'>δουλείας</span> <span class='ocrx_word' id='word_1_890' title='bbox 3269 5346 3348 5408; x_wconf 89' lang='grc' dir='ltr'><strong>εἰς</strong></span> <span class='ocrx_word' id='word_1_891' title='bbox 3375 5344 3563 5413; x_wconf 74' lang='grc' dir='ltr'>φόϐον.</span> <span class='ocrx_word' id='word_1_892' title='bbox 3591 5338 3776 5396; x_wconf 79' lang='grc' dir='ltr'>Καπνξ·</span> 
     </span>
    </p>
   </div>
   <div class='ocr_carea' id='block_1_114' title="bbox 2224 5428 3775 5506">
    <p class='ocr_par' dir='ltr' id='par_1_114' title="bbox 2224 5428 3775 5506">
     <span class='ocr_line' id='line_1_114' title="bbox 2224 5428 3775 5506; baseline -0.004 -20"><span class='ocrx_word' id='word_1_893' title='bbox 2224 5433 2377 5497; x_wconf 82' lang='grc' dir='ltr'>ζεται</span> <span class='ocrx_word' id='word_1_894' title='bbox 2422 5433 2477 5486; x_wconf 78' lang='grc' dir='ltr'>δὲ</span> <span class='ocrx_word' id='word_1_895' title='bbox 2507 5433 2567 5486; x_wconf 81' lang='grc' dir='ltr'>τὸ</span> <span class='ocrx_word' id='word_1_896' title='bbox 2596 5432 2720 5503; x_wconf 67' lang='grc' dir='ltr'>ὅρος</span> <span class='ocrx_word' id='word_1_897' title='bbox 2755 5432 2846 5486; x_wconf 87' lang='grc' dir='ltr'><strong>διά</strong></span> <span class='ocrx_word' id='word_1_898' title='bbox 2882 5433 2944 5485; x_wconf 75' lang='grc' dir='ltr'><strong>τὸ</strong></span> <span class='ocrx_word' id='word_1_899' title='bbox 2988 5433 3426 5506; x_wconf 74' lang='grc' dir='ltr'>καταϐεϐηκέναι</span> <span class='ocrx_word' id='word_1_900' title='bbox 3466 5435 3664 5506; x_wconf 82' lang='grc' dir='ltr'>Κύριον</span> <span class='ocrx_word' id='word_1_901' title='bbox 3700 5428 3775 5483; x_wconf 73' lang='grc' dir='ltr'><strong>ἐπ’</strong></span> 
     </span>
    </p>
   </div>
   <div class='ocr_carea' id='block_1_115' title="bbox 2226 5520 3774 5596">
    <p class='ocr_par' dir='ltr' id='par_1_115' title="bbox 2226 5520 3774 5596">
     <span class='ocr_line' id='line_1_115' title="bbox 2226 5520 3774 5596; baseline 0.003 -19"><span class='ocrx_word' id='word_1_902' title='bbox 2226 5524 2386 5578; x_wconf 72' lang='grc' dir='ltr'>αὑτὸν</span> <span class='ocrx_word' id='word_1_903' title='bbox 2416 5526 2472 5576; x_wconf 78' lang='grc' dir='ltr'>ὲν</span> <span class='ocrx_word' id='word_1_904' title='bbox 2498 5525 2631 5596; x_wconf 85' lang='grc' dir='ltr'>πυρί</span> <span class='ocrx_word' id='word_1_905' title='bbox 2650 5543 2663 5555; x_wconf 73' lang='grc' dir='ltr'><strong><em>ο</em></strong></span> <span class='ocrx_word' id='word_1_906' title='bbox 2699 5524 2790 5577; x_wconf 71' lang='grc' dir='ltr'><strong>καὶ</strong></span> <span class='ocrx_word' id='word_1_907' title='bbox 2819 5524 2998 5589; x_wconf 73' lang='grc' dir='ltr'>τοῦτο,</span> <span class='ocrx_word' id='word_1_908' title='bbox 3031 5520 3205 5595; x_wconf 63' lang='grc' dir='ltr'>οἶμαι,</span> <span class='ocrx_word' id='word_1_909' title='bbox 3243 5527 3358 5580; x_wconf 71' lang='grc' dir='ltr'>ἐστὶ</span> <span class='ocrx_word' id='word_1_910' title='bbox 3380 5526 3442 5578; x_wconf 71' lang='grc' dir='ltr'>τὸ</span> <span class='ocrx_word' id='word_1_911' title='bbox 3469 5529 3527 5581; x_wconf 79' lang='grc' dir='ltr'>ἐν</span> <span class='ocrx_word' id='word_1_912' title='bbox 3547 5523 3774 5594; x_wconf 65' lang='grc' dir='ltr'>Ψαλμοῖς</span> 
     </span>
    </p>
   </div>
  </div>
