3966 6298
202 235 301 296 £89

895 231 1002 290 DE,
1025 227 1462 292 ADORATIONE
1501 233 1568 291 IN
1611 230 1754 290 SPIB

1858 238 1878 292 J
1919 228 2007 292 ET
2048 227 2413 291 ΥΕῘΠΤΛΤΕ.
2457 235 2584 292 LIB.
2626 238 2735 292 V'll.

3330 232 3434 290 490

200 349 558 425 ὑμνούμενον·
594 371 610 402 ι
647 351 755 404 Καὶ
782 351 935 405 ἔθετο
965 354 1152 417 σκότος
1175 355 1500 424 ἁποκρυφὴν
1521 354 1703 408 αὐτοῦ.
1738 374 1754 405 ι

1865 373 2030 426 super
2067 373 2193 411 eum
2227 356 2490 410 Dominus
2523 355 2579 408 in
2614 356 2736 424 igne
2767 373 2776 406 :
2807 354 2991 423 idque,
3021 360 3079 406 ut
3107 352 3320 422 Opinor,
3349 363 3433 405 est

209 444 612 515 Κατασῃμήνειε
639 444 683 496 δ’
711 442 775 496 ἂν
803 451 895 499 καὶ
924 446 1125 516 ἑτέρως
1147 447 1278 516 ἡμῖν
1303 447 1330 498 6
1360 445 1564 510 καπνὸς
1591 446 1651 498 τὸ
1673 447 1765 498 ἐπὶ

206 541 266 610 τῇ
306 536 704 607 καταφρονήσει
753 537 928 608 πάντη
977 554 1037 589 τε
1084 538 1178 590 καὶ⁹
1241 537 1458 600 πάντως
1507 537 1764 607 ἐσόμενον

205 631 422 702 δάκρυον
437 649 450 661 ι
476 628 697 702 ἐξέρπει
719 629 827 702 γὰρ
847 630 912 701 δὴ
941 634 1059 694 ταῖς
1083 631 1175 684 τοῦ
1199 630 1409 685 καπνοῦ
1440 630 1764 702 προσϐολαῖς

206 725 236 793 ή
267 723 320 788 ἐξ
340 719 600 792 ἀμμάτων
632 720 823 792 mag.
858 722 919 773 Εἰ
945 721 1001 774 δέ
1028 721 1270 791 βούλοιτό
1285 739 1369 785 τις
1398 724 1508 784 τοῖς
1538 738 1762 792 προκει-

208 813 376 885 μένοις
408 812 759 882 θεωρήμασιν
785 811 1066 866 ἐπιϐαλεῖν
1085 811 1308 883 ἑτέρως,
1341 814 1420 875 εἰς
1441 813 1532 865 τὸν
1556 811 1643 866 διά
1667 811 1760 864 τοῦ

203 903 357 973 νόμου
385 900 664 971 φωτισμὸν
703 899 1108 968 καταλογιεῖται
1136 901 1196 953 τὸ
1225 900 1357 972 πῦρ,
1393 901 1533 970 πλὴν
1566 899 1762 970 ἀχλύος

204 993 258 1048 οὐ
288 993 424 1062 δίχα·
457 993 552 1046 καὶ
581 991 690 1060 γάρ
720 993 869 1045 ἐστιν
895 992 1136 1063 ἀμυδρὸς
1165 993 1257 1045 καὶ
1282 993 1498 1064 ἀσαφὴς
1521 993 1550 1044 6
1575 993 1759 1062 νόμος,

204 1085 285 1138 καὶ
308 1084 366 1136 τὸ
397 1085 463 1136 ἐκ
517 1082 611 1136 τοῦ
644 1084 974 1153 γράμματος
1021 1084 1409 1154 κατασκίασμα
1457 1086 1622 1154 παχὺ,
1668 1087 1761 1138 καὶ

201 1173 523 1228 καταθολοῦν
546 1175 730 1228 ἱκανὸν
758 1174 848 1227 τὸν
872 1175 970 1243 τῆς
997 1175 1232 1238 διανοίας
1257 1174 1551 1244 ὀφθαλμόν.
1591 1176 1761 1246 Ἰσχυ-

196 1266 407 1336 ρότεραι
437 1264 492 1318 δὲ
537 1265 930 1334 προϐαίνουσαι
972 1265 1072 1334 τῆς
1108 1265 1408 1333 σάλπιγγος
1461 1265 1518 1318 αἱ
1561 1267 1756 1334 φωναίο

198 1356 361 1427 μικρά
396 1356 504 1426 γὰρ
537 1350 604 1426 ἦν
640 1358 730 1408 καί
763 1356 916 1426 μόλις
942 1356 1352 1424 ἀναφωνοῦντος
1383 1353 1476 1407 τοῦ
1508 1355 1672 1425 νόμου
1701 1355 1760 1408 τὸ

197 1447 249 1497 ἐν
294 1447 509 1515 ἀρχαῖς.
556 1445 772 1515 Ἐπειδὴ
800 1445 857 1498 δὲ
905 1445 1246 1516 προϐέϐηκεν
1275 1449 1302 1499 6
1331 1446 1486 1514 λόγος
1515 1447 1647 1515 ἡμῖν
1680 1447 1759 1508 εἰς

197 1537 466 1624 παίδευσιν
520 1536 900 1606 εὑαγγελικὴν,
947 1535 1352 1606 ἐπιλάμψαντος
1398 1535 1494 1590 τοῦ
1552 1537 1760 1606 Ἐμμα-

200 1628 368 1696 νουὴλ,
403 1628 748 1699 ἰσχυρότεραι
780 1627 1070 1696 γεγόνασιν
1109 1630 1164 1680 αί
1193 1627 1368 1696 φωναί
1388 1646 1400 1658 ·
1433 1627 1758 1691 ἐξάκουστον

1867 448 2012 519 quod
2057 448 2111 501 in
2149 447 2379 502 Psalmis
2409 446 2625 500 canitur
2654 463 2664 496 :
2707 463 2724 494 ‹
2757 445 2823 497 Et
2854 444 3036 513 posuit
3067 445 3322 499 tenebras
3352 444 3434 498 la-

1867 541 2099 594 tibulum
2137 555 2296 594 suum
2321 540 2386 592 ⁶¹.
2422 557 2440 588 ›
2481 537 2656 591 Aliter
2687 550 2904 604 quoque
2939 535 3244 606 signiﬁcare
3277 536 3436 591 nobis

1862 632 2067 699 poterit
2101 630 2285 685 fumus
2323 630 2589 700 lacrymas
2632 626 2773 690 illas,
2808 634 3032 695 propter
3063 636 3434 697 contemptum

1865 721 2089 774 omnino
2120 719 2427 774 fundendas
2454 736 2466 771 :
2494 711 2665 772 efﬂuit
2695 716 2844 771 enim
2879 713 2948 768 ad
2983 714 3269 783 appulsum
3300 717 3435 772 fumi

1865 812 1955 866 ille
1979 827 2046 866 ex
2071 812 2246 867 oculis
2281 812 2498 866 humor.
2522 808 2680 876 Quod
2712 808 2756 862 si
2787 806 2873 862 cui
2901 806 3191 877 placuerit,
3215 823 3336 876 quae
3369 809 3436 862 ad

1863 902 2344 971 contemplandum
2396 899 2676 970 preposita
2722 905 2870 962 sunt,
2909 897 3068 951 aliter
3110 897 3434 968 intelligere,

1863 993 2045 1064 ignem
2092 994 2228 1064 legis
2274 992 2731 1047 illuminationem
2781 989 3041 1060 accipiet,
3093 1003 3204 1043 non
3255 998 3436 1046 tamen

1862 1087 1979 1141 sine
2011 1085 2275 1156 caligine;
2311 1093 2395 1139 est
2425 1083 2571 1138 enim
2603 1082 2944 1138 tenebricosa
2976 1090 3032 1136 et
3063 1082 3295 1136 obscura
3328 1082 3435 1146 lex,

1860 1186 1916 1232 et
1958 1178 2050 1231 illa
2083 1177 2280 1232 litterae
2306 1176 2501 1231 umbra
2533 1174 2774 1238 densior,
2808 1182 2863 1228 et
2890 1189 3010 1243 quae
3035 1173 3236 1228 mentis
3263 1174 3440 1228 oculis

1862 1269 2118 1324 tenebras
2160 1269 2332 1339 possit
2373 1266 2678 1322 oﬂ'undere.
2722 1264 2936 1320 Sensim
2978 1273 3160 1319 autem
3206 1275 3435 1335 progre-

1861 1360 2076 1415 dientes
2096 1360 2439 1430 augebantur
2464 1359 2608 1413 tuba:
2631 1372 2793 1412 voces
2821 1375 2832 1410 :
2861 1372 2986 1410 nam
3015 1349 3083 1410 ab
3107 1351 3283 1420 initio,
3311 1372 3433 1410 cum

1861 1458 2081 1504 tenuem
2121 1451 2212 1503 vix
2248 1465 2438 1505 vocem
2481 1449 2757 1502 emitteret
2797 1447 2905 1510 lex,
2937 1439 3032 1500 ubi
3071 1445 3137 1500 ad
3176 1461 3277 1500 nos
3311 1461 3437 1514 pro-

1860 1538 2026 1594 cessit
2074 1539 2336 1604 Verbum,
2368 1546 2424 1594 et
2463 1531 2555 1603 ille
2605 1535 2928 1592 Emmanuel
2990 1535 3057 1590 ad
3116 1534 3431 1590 tradendam

1860 1628 2228 1698 evangelicam
2265 1622 2608 1698 disciplinam
2648 1621 2874 1690 affulsit,
2909 1641 3070 1680 voces
3103 1626 3207 1679 illae
3245 1625 3432 1678 valen-

193 1721 295 1790 γάρ
317 1737 368 1772 τι
396 1721 491 1776 καὶ
535 1720 696 1790 τορὸν
723 1719 1152 1789 ἀναπεφώνηκεν
1184 1721 1212 1771 6
1255 1717 1512 1787 Χριστὸς,
1553 1717 1650 1769 καὶ
1680 1718 1754 1778 εἰς

1860 1717 2029 1771 tiores
2067 1717 2221 1772 factae
2261 1727 2390 1772 sunt
2423 1737 2433 1770 :
2461 1714 2622 1788 224
2662 1717 2869 1772 clarum
2903 1716 3052 1770 enim
3089 1713 3347 1784 quiddam
3379 1722 3434 1767 et

191 1812 364 1863 πᾶσαν
403 1812 503 1882 ἠδη
530 1811 714 1881 διῆκον
751 1811 851 1882 τὴν
881 1809 1225 1880 οἰκουμένην.
1255 1807 1429 1861 Αὑτοῦ
1468 1805 1575 1877 γὰρ
1614 1806 1758 1858 ἐστιν

190 1896 416 1956 ἀκοῦσαι
447 1904 696 1972 λέγοντος
723 1884 810 1955 διά
836 1901 1020 1972 φωνῆς
1044 1901 1136 1954 τοῦ
1161 1899 1325 1954 Δαϐίδ
1343 1915 1356 1929 ·
1395 1918 1414 1950 ι
1465 1897 1756 1950 Ἀκούσατε

188 1991 370 2056 ταῦτα,
402 1992 582 2046 πάντα
617 1991 683 2044 τά
709 1990 856 2061 ἐθνῃ’
884 1987 1232 2054 ἐνωτίσασθε,
1264 1987 1462 2051 πάντες
1493 1988 1542 2039 οἰ
1578 2002 1758 2038 κατοι-

188 2082 407 2146 κοῦντες
459 2082 558 2152 τὴν
618 2082 960 2152 οἰκουμένην.
1006 2100 1024 2131 ι
1082 2081 1274 2134 Καίτοι
1320 2079 1418 2149 τῆς
1454 2077 1548 2130 τοῦ
1593 2078 1756 2146 νόμου

186 2174 440 2244 τηνικάδε
471 2174 673 2243 φωνῆς,
709 2172 935 2243 ἐτέρωθι
977 2171 1075 2242 μὲν
1107 2171 1207 2225 οὑκ
1256 2164 1461 2240 ἰούσης,
1491 2168 1614 2222 οὕτε
1647 2162 1758 2239 μὴν

189 2266 403 2318 ᾶπαντα
428 2263 898 2335 μυσταγωγούσης
930 2263 1000 2316 τὰ
1027 2264 1175 2334 ἔθνη,
1209 2265 1376 2334 μόνην
1409 2262 1465 2315 δὲ
1490 2261 1587 2332 τὴν
1627 2262 1756 2313 Ἰου-

189 2353 343 2408 δαίων
383 2353 757 2424 περιηχούσης
800 2351 1003 2423 χώραν,
1057 2351 1152 2404 καὶ
1187 2348 1646 2420 παιδαγωγούσης
1697 2349 1754 2401 ἓν

190 2445 337 2513 γένος
361 2445 422 2499 τὸ
452 2445 512 2510 ἐξ
538 2439 786 2516 Ἰσραήλ.
830 2446 990 2512 Ἀλλ’,
1037 2465 1056 2498 ι
1103 2437 1308 2502 Ἐλάλει
1357 2446 1474 2514 μὲν,
1506 2444 1692 2514 φησὶν,
1730 2444 1758 2495 6

191 2537 384 2606 Μωσῆς
405 2553 420 2568 ο
444 2539 472 2590 ὁ
496 2537 553 2590 δέ
586 2537 738 2601 Θεὸς,
761 2537 1087 2608 ἀπεκρίνετο
1103 2536 1250 2606 αὑτῷ
1278 2538 1451 2606 φωνῇ.
1486 2554 1504 2584 ι
1545 2535 1757 2604 Ἐζήτει

191 2629 287 2698 μὲν
313 2629 423 2698 γὰρ
468 2629 544 2692 ὡς
582 2628 827 2693 διάκονος
854 2629 947 2682 τὸν
989 2625 1151 2700 νόμον
1194 2631 1222 2682 6
1250 2627 1477 2697 Μωσῆς,
1523 2627 1618 2679 καὶ
1649 2626 1756 2680 τῶν

194 2716 341 2772 θείων
384 2719 772 2791 θεσπισμάτων
809 2721 1035 2792 μεσίτης
1064 2720 1155 2776 καὶ
1185 2719 1456 2790 ὑπουργὸς
1486 2735 1497 2746 ·
1530 2718 1757 2788 ἀπεκρί-

195 2825 305 2862 νετο
335 2809 391 2862 δὲ
423 2807 556 2875 Θεὸς
577 2814 642 2882 τῇ
674 2811 778 2882 ἰδίᾳ
809 2815 982 2883 φωνῇ,
1018 2811 1283 2875 τουτέστι,
1318 2811 1384 2864 δι’
1417 2809 1544 2862 Υἱοῦ
1563 2825 1575 2838 '
1606 2810 1756 2880 φωνὴ

194 2901 294 2972 γὰρ
325 2903 417 2955 καὶ
447 2903 605 2972 λόγος
643 2903 736 2957 τοῦ
767 2903 1000 2972 Πατρὸς,
1037 2903 1066 2954 6
1092 2902 1239 2965 Υἱός.
1296 2901 1386 2966 Ἐξ
1432 2901 1594 2954 αὑτοῦ
1633 2900 1689 2954 δὲ
1729 2901 1757 2952 6

195 2990 370 3063 νόμος,
405 2996 503 3047 καὶ
533 2996 582 3047 εἰ
614 2994 902 3065 λελάληται
947 2993 1012 3046 δι’
1065 2993 1346 3062 ἀγγέλων⁸
1399 2994 1549 3063 πάρα
1604 2989 1754 3060 γοῦν,

1860 1815 2080 1860 acutum
2120 1800 2366 1859 insonuit
2402 1805 2675 1869 Christus,
2702 1813 2758 1858 et
2799 1803 2945 1873 quod
2987 1811 3163 1857 totum
3194 1803 3305 1872 jam
3338 1817 3427 1855 or-

1860 1898 1984 1952 bem
2013 1903 2282 1952 terrarum
2318 1897 2642 1965 penetravit.
2675 1895 2859 1964 Ipsum
2892 1895 3039 1948 enim
3077 1893 3266 1948 audire
3303 1893 3434 1948 licet

1859 1984 2032 2044 David
2053 2004 2185 2043 voce
2210 1987 2482 2042 dicentem
2513 2004 2525 2038 :
2563 2005 2579 2036 ι
2609 1984 2807 2040 Audite
2831 1985 2966 2048 haec,
2992 1994 3180 2038 omnes
3213 1993 3430 2054 gentes;

1859 2075 2084 2129 auribus
2125 2072 2410 2144 percipite,
2445 2086 2635 2125 omnes
2670 2071 2763 2140 qui
2804 2068 3066 2123 habitatis
3097 2070 3288 2123 orbem
3311 2070 3377 2123 θ’.
3407 2089 3428 2120 ι

1859 2164 2024 2233 Atqui
2052 2179 2156 2217 vox
2181 2162 2317 2232 legis
2342 2176 2408 2215 eo
2433 2167 2677 2228 tempore
2711 2158 2841 2212 alibi
2871 2173 2978 2211 non
3014 2157 3430 2222 exaudiebatur,

1858 2268 2036 2322 neque
2064 2251 2349 2306 universas
2376 2257 2567 2320 gentes
2598 2247 2850 2312 docebat,
2875 2247 2971 2303 sed
3003 2243 3059 2301 in
3084 2248 3198 2303 sola
3223 2247 3437 2302 Iudaeo-

1860 2361 1980 2398 rum
2015 2345 2236 2414 regione
2267 2342 2580 2406 resonabat,
2605 2349 2661 2396 et
2684 2356 2848 2395 unam
2872 2339 3084 2394 lsraelis
3109 2347 3321 2410 gentem
3353 2340 3437 2393 in-

1858 2436 2137 2490 stituebat.
2174 2433 2279 2489 Sed
2327 2453 2345 2484 ι
2378 2433 2748 2502 Loquebatur,
2774 2430 2972 2501 inquit,
3017 2430 3252 2500 Moyses;
3290 2430 3437 2484 Deus

1856 2543 1988 2582 vero
2040 2526 2405 2596 respondebat
2451 2525 2552 2594 ipsi
2594 2539 2728 2578 voce
2761 2523 2826 2576 ”.
2861 2543 2880 2575 ι
2911 2523 3120 2594 Moyses
3149 2521 3294 2577 enim
3316 2563 3330 2588 ,
3375 2531 3434 2577 ut

1857 2619 2129 2683 minister,
2168 2626 2225 2672 et
2263 2617 2581 2671 divinorum
2625 2622 3024 2685 praeceptorum
3069 2615 3342 2682 interpres
3381 2622 3437 2668 et

1858 2704 2329 2775 subministrator,
2367 2710 2542 2778 legem
2565 2707 2884 2776 expetebat;
2932 2705 3300 2775 respondebat
3336 2720 3435 2759 au-

1861 2811 1968 2857 tem
2017 2799 2162 2856 Deus
2196 2817 2295 2855 sua
2328 2813 2485 2865 voce,
2532 2798 2588 2853 id
2623 2807 2710 2854 est
2738 2813 2838 2869 per
2872 2797 3070 2851 Filium
3107 2813 3119 2849 :
3153 2811 3260 2850 vox
3289 2797 3434 2852 enim

1859 2903 1914 2950 et
1935 2894 2167 2949 verbum
2200 2893 2378 2948 Patris
2400 2901 2484 2946 est
2510 2888 2681 2947 Filius
2709 2913 2720 2946 :
2751 2907 2818 2946 ex
2847 2892 2965 2962 ipso
2996 2895 3181 2946 autem
3211 2899 3436 2947 auctore

1858 2986 1946 3042 lex
1985 2987 2252 3058 originem
2282 2986 2496 3050 habuit,
2523 2986 2626 3041 etsi
2652 3002 2751 3055 per
2788 2986 3012 3054 angelos
3042 2985 3188 3039 dicta
3213 2993 3328 3050 est;
3365 2985 3434 3039 li-

192 3084 340 3156 είπερ
370 3084 545 3137 ἓλοιτό
573 3102 676 3147 τις,
707 3084 924 3136 ἐπαΐειν
957 3082 1205 3152 λέγοντος
1230 3083 1494 3154 ἐναργῶς·
1531 3103 1548 3134 ι
1584 3084 1754 3147 Αὑτὸς

1859 3085 1946 3130 cet
1978 3083 2148 3140 certe,
2178 3075 2322 3130 sicut
2358 3075 2574 3129 libitum
2603 3075 2788 3138 fuerit,
2824 3074 3000 3142 ipsum
3031 3074 3322 3143 perspicue
3347 3074 3435 3128 di-

191 3173 218 3229 6
240 3175 430 3240 λαλῶν,
469 3175 724 3247 πάρειμι.
743 3193 760 3225 ›
791 3174 926 3237 Καὶ,
963 3193 980 3226 ι
1017 3175 1130 3227 Οὐκ
1157 3169 1318 3244 ἦλθον
1340 3171 1636 3227 καταλῦσαι
1661 3174 1752 3226 τὸν

191 3266 342 3337 νόμον
373 3268 406 3337 ἢ
435 3269 568 3330 τοὺς
593 3269 899 3336 προφήτας,
929 3265 1064 3318 ἀλλὰ
1109 3265 1429 3334 πληρῶσαι·
1460 3263 1604 3332 λέγω
1645 3265 1750 3336 γὰρ

193 3359 329 3429 ὑμῖν,
356 3361 459 3424 ἕως
484 3360 555 3413 ἂν
585 3358 827 3430 παρέλθῃ
858 3359 886 3410 6
924 3357 1151 3429 οὐρανὸς
1181 3359 1274 3411 καὶ
1311 3358 1344 3426 ἡ
1377 3357 1470 3424 γῆ,
1505 3355 1636 3408 ἰῶτα
1669 3355 1749 3418 ἓν,

192 3449 220 3517 ἢ
265 3451 359 3519 μία
390 3451 592 3522 κεραία
621 3452 682 3503 οὑ
715 3451 787 3522 μὴ
827 3450 1070 3521 παρέλθῃ
1097 3451 1204 3504 ἀπὸ
1231 3449 1323 3502 τοῦ
1354 3448 1517 3518 νόμου
1548 3447 1651 3509 ἓως
1687 3446 1752 3499 ἂν

191 3541 357 3594 πάντα
381 3544 628 3614 γένηται.
672 3543 731 3596 '0
767 3541 995 3612 οὐρανὸς
1027 3542 1121 3594 καὶ
1160 3539 1289 3612 ήγῆ
1334 3535 1750 3608 παρελεύσεται,

190 3631 235 3683 οἰ
255 3631 308 3685 δέ
332 3632 479 3701 λόγοι
512 3651 617 3703 μου
634 3633 692 3686 οὐ
721 3633 798 3702 μὴ
825 3631 1156 3703 παρέλθωσι.
1185 3649 1201 3680 ι
1226 3631 1431 3695 Λόγους
1450 3627 1541 3681 οὖν
1563 3629 1747 3694 ἰδίους,

189 3723 272 3776 τὸν
297 3726 455 3796 νόμον
483 3725 775 3780 ἀποκαλιῖο
812 3726 962 3796 φωνὴ
985 3725 1092 3795 γάρ
1119 3723 1280 3778 αὑτὸν
1301 3723 1562 3788 λελάληκε
1590 3719 1747 3786 Θεοῦ,

192 3815 428 3888 καθάπερ
466 3817 608 3887 ἔφην
639 3817 860 3888 ἀρτίως,
893 3814 1168 3868 τουτέστιν
1192 3817 1220 3867 6
1258 3814 1406 3876 Υἱός,
1463 3810 1603 3865 Εἶτά
1650 3828 1751 3881 φη-

192 3921 288 3971 σιν,
318 3908 396 3961 ὅτι
433 3929 451 3960 ι
483 3908 879 3978 Καταϐέϐῃκεν
895 3910 922 3961 6
948 3899 1153 3977 Κύριος
1171 3906 1264 3958 ἐπὶ
1286 3906 1345 3958 τὸ
1364 3902 1488 3975 ὅρος
1515 3905 1576 3957 τὸ
1600 3903 1749 3968 Σινᾶ,

193 3996 275 4049 ἐπὶ
300 4000 394 4070 τὴν
422 3999 672 4072 κορυφὴν
697 3999 789 4052 τοῦ
820 3999 1001 4070 ὅρους,
1033 3998 1128 4051 καὶ
1157 3997 1384 4050 ἐκάλεσε
1425 3996 1629 4064 Κύριος
1661 3995 1750 4048 τὸν

191 4085 379 4158 Μωσῆν
404 4091 498 4142 ἐπὶ
513 4088 614 4159 τὴν
627 4087 869 4160 κορυφὴν
887 4087 980 4140 τοῦ
1005 4087 1184 4156 ὅρους,
1209 4087 1302 4140 καὶ
1325 4086 1496 4152 ἀνέϐη
1520 4087 1746 4156 Μωσῆς.

193 4175 293 4230 Καὶ
317 4176 466 4233 εἶπεν
485 4182 514 4232 6
548 4177 678 4241 Θεὸς
701 4178 837 4248 πρὸς
865 4177 1072 4247 Μωσῆν
1101 4176 1274 4246 λέγων
1296 4193 1308 4207 ·
1340 4175 1602 4239 Καταϐἀς
1630 4177 1750 4229 δια-

197 4266 456 4338 μάρτυραι
495 4269 577 4341 τῷ
621 4269 739 4340 λαῷ
785 4271 996 4341 μήποτε
1035 4269 1293 4338 ἐγγίσωσι
1333 4269 1469 4338 πρὸς
1499 4270 1590 4322 τὸν
1619 4269 1749 4323 Θεὸν

192 4362 533 4432 κατανοῆσαι,
561 4361 654 4414 καὶ
679 4361 818 4432 πέσῃ
851 4360 911 4424 ἐξ
939 4359 1116 4412 αὐτῶν
1146 4358 1347 4431 πλῆθος
1364 4375 1379 4390 ο
1407 4359 1501 4411 καί
1518 4360 1566 4410 οί
1585 4361 1747 4429 ἱερεῖς

190 4448 235 4499 οἰ
266 4449 571 4518 ἐγγίζοντες
604 4453 794 4523 Κυρίῳ
822 4451 900 4522 τῷ
928 4450 1046 4520 Θεῷ
1077 4450 1518 4522 ἀγιασθήτωσαν,
1543 4451 1751 4520 μήποτε

191 4538 463 4616 ἀπαλλάξῃ
488 4545 587 4597 ἀπ’
615 4542 794 4596 αὐτῶν
819 4541 1044 4612 Κύριος.
1088 4561 1107 4592 ι
1144 4541 1404 4595 Κάτεισιν
1425 4543 1504 4603 εἰς
1535 4540 1595 4592 τὸ
1626 4537 1749 4613 ὅρος

190 4627 216 4678 6
239 4629 371 4701 ὑπὲρ
402 4633 622 4686 πάντων
650 4632 801 4696 Θεὸς,
828 4622 949 4685 εἶτα
973 4631 1307 4702 κεκλημένος
1333 4631 1538 4686 ἄνεισιν
1568 4633 1596 4682 6
1621 4631 1750 4683 Μωο

194 4719 301 4788 σῆς.
327 4723 398 4774 Οὐ
426 4723 539 4796 γάρ
562 4726 675 4777 ἐστι
697 4721 806 4775 τῶν
844 4723 1209 4793 ἐνδεχομένων
1245 4720 1460 4792 ἰσχύσαι
1496 4722 1645 4784 τινὰς
1670 4726 1750 4785 εἰς

192 4811 252 4864 τὰ
273 4811 367 4882 τῆς
395 4813 632 4886 ἀληθοῦς
652 4815 906 4878 θεοπτίας
939 4812 1312 4885 ἀναθρώσκειν
1348 4811 1634 4882 ὑψώματα,
1672 4813 1748 4882 μὴ

190 4903 300 4974 οὐχὶ
328 4908 586 4972 καθέντος
618 4909 812 4961 ἑαυτὸν
840 4907 933 4960 τοῦ
971 4905 1126 4971 Θεοῦ,
1177 4907 1270 4958 καὶ
1307 4907 1425 4967 ταῖς
1455 4904 1749 4974 ἡμετέραις

189 4993 432 5061 διανοίαις
459 4996 997 5068 προσιτὸνςγενέσθαι
1029 4991 1560 5067 παρασκευάζοντος·
1584 4993 1747 5048 αὑτοῦ

190 5085 240 5138 δὲ
286 5089 576 5152 καλοῦντος
622 5091 812 5161 ἄνιμεν
853 5087 994 5142 οὕτω
1045 5087 1196 5156 μόλις
1236 5084 1316 5149 εἰς
1359 5087 1614 5158 ὑπερφυᾶ
1657 5085 1751 5138 καὶ

189 5176 520 5254 ὲξηρ”ινιμένην
559 5183 718 5236 οἱονεὶ
749 5181 1015 5251 κορυφὴν,
1049 5180 1147 5243 τὴν
1186 5179 1314 5248 περί
1361 5175 1524 5230 αὑτοῦ
1553 5177 1754 5246 γνῶσιν

187 5266 364 5342 ἀληθῆ.
431 5273 573 5344 ὅπερ
627 5272 836 5326 ἐποίσει
879 5267 1135 5341 Χριστὸς,
1186 5267 1582 5320 ἀποκαλύπτων
1621 5265 1751 5335 ἡμῖν

187 5362 270 5414 τὸν
314 5365 538 5436 Πατέρα
589 5367 682 5420 καὶ
729 5368 881 5430 Θεὸν,
933 5364 1028 5419 καὶ
1066 5361 1282 5424 ἀστιϐὲς
1331 5357 1430 5431 μὲν
1469 5359 1581 5421 τοῖς
1629 5360 1752 5425 ἁγε-

186 5447 344 5517 λαίοις
383 5455 444 5508 τὸ
477 5457 606 5527 ϐρος
654 5456 978 5528 (ἀνέμϐατος
1013 5455 1120 5525 γὰρ
1167 5455 1282 5516 τοῖς
1328 5450 1540 5514 πολλοῖς
1588 5449 1749 5521 ἡτῆς

253 5563 294 5598 ⁶¹
334 5566 480 5622 Psal.
503 5583 632 5632 xvu,
659 5568 746 5622 l2.
823 5567 869 5599 “
897 5568 1042 5622 Psal.
1065 5583 1248 5632 XLVIII,
1272 5567 1324 5620 2.

187 5645 289 5699 nx,
322 5635 517 5690 20-22.

494 5731 766 5791 PATROL.
806 5729 920 5788 Gn.
974 5726 1232 5792 LXVIII,

1425 5565 1468 5599 ⁸³
1492 5564 1662 5621 Exod.
1704 5578 1817 5630 xxx,
1843 5562 1930 5619 i9.
2008 5559 2053 5592 “
2078 5558 2186 5611 Isa.
2224 5573 2314 5621 ιιι,
2340 5557 2391 5611 6.
2476 5559 2520 5592 ⁸³
2556 5558 2744 5614 Matth.
2797 5561 2964 5627 v,17,
3000 5561 3083 5614 18.

1860 3175 2074 3221 cenlem
2114 3166 2306 3221 audire
2343 3185 2355 3219 :
2399 3185 2414 3216 ε
2451 3167 2591 3236 Ipse,
2633 3165 2728 3235 qui
2769 3165 3054 3234 loquebar,
3097 3166 3378 3219 adsum“.
3409 3182 3427 3218 ι

1860 3255 1969 3309 Et:
2003 3275 2019 3306 ‹
2050 3255 2170 3308 Non
2210 3255 2336 3308 veni
2393 3255 2604 3308 solvere
2647 3254 2843 3323 legem,
2879 3254 2975 3307 sed
3011 3250 3276 3324 implere:
3311 3255 3437 3312 dico

1861 3347 2009 3401 enim
2051 3347 2229 3411 vobis,
2271 3343 2449 3403 donec
2493 3355 2734 3401 transeat
2779 3347 2978 3402 caelum
3022 3357 3077 3402 et
3117 3357 3283 3414 terra,
3325 3351 3436 3408 iota

1860 3453 2053 3503 unum,
2083 3447 2178 3492 aut
2213 3454 2358 3492 unus
2393 3453 2531 3509 apex
2566 3455 2673 3492 non
2702 3438 3006 3512 praeteribit
3029 3450 3058 3494 a‘
3085 3442 3223 3512 lege,
3263 3442 3439 3499 donec

1861 3531 2045 3585 omnia
2087 3527 2236 3584 fiant.
2273 3508 2484 3585 C(Blum
2514 3538 2569 3584 et
2599 3537 2743 3585 terra
2771 3508 3103 3598 transibunt,
3135 3508 3303 3589 verba
3335 3551 3434 3589 au-

1861 3629 1971 3675 tem
2003 3637 2125 3676 mea
2154 3638 2265 3676 non
2299 3623 2610 3676 transibunt
2639 3623 2702 3676 “.
2739 3643 2755 3673 ι
2793 3623 2899 3677 Sua
2937 3625 3120 3692 itaque
3150 3626 3316 3681 verba
3353 3627 3434 3682 le-

1860 3727 1980 3785 gem
2024 3713 2262 3783 appellat
2298 3733 2310 3766 :
2342 3729 2446 3767 vox
2485 3714 2632 3767 enim
2673 3713 2769 3768 Dei
2819 3715 2964 3769 illam
3007 3717 3340 3783 enuntiavit,
3377 3727 3436 3773 ut

1859 3807 2023 3862 modo
2069 3806 2210 3872 dixi;
2253 3805 2300 3860 is
2337 3813 2420 3860 est
2461 3805 2606 3860 enim
2678 3807 2942 3861 nimirum
2989 3807 3178 3865 Filius.
3228 3810 3435 3865 Deinde

1860 3895 2036 3967 inquit
2067 3914 2080 3951 :
2124 3916 2142 3948 ‹
2179 3896 2470 3952 Descendit
2501 3889 2767 3951 Dominus
2808 3913 2974 3968 super
3011 3907 3253 3954 montem
3282 3899 3431 3963 Sina,

1859 4005 2024 4059 super
2056 3989 2319 4044 verticem
2365 3990 2590 4054 montis,
2621 3996 2677 4043 et
2710 3991 2927 4045 vocavit
2966 3989 3185 4062 Moysen
3214 3991 3280 4045 ad
3305 4008 3432 4046 ver—

1858 4079 2023 4134 ticem
2045 4080 2275 4146 montis;
2302 4089 2360 4134 et
2383 4080 2632 4134 ascendit
2657 4078 2885 4150 Moyses,
2906 4087 2962 4134 et
2983 4081 3199 4136 locutus
3222 4089 3306 4134 est
3329 4083 3433 4137 Do-

1857 4168 2040 4224 minus
2074 4169 2142 4222 ad
2177 4162 2415 4238 Moysen,
2470 4168 2698 4222 dicens:
2752 4167 3102 4222 Descendens
3139 4168 3430 4225 testiﬁcare

1856 4263 2080 4331 papulo,
2103 4274 2172 4313 ne
2196 4258 2334 4312 forte
2357 4258 2622 4313 accedant
2645 4255 2711 4310 ad
2733 4257 3030 4310 videndum
3055 4254 3249 4322 Deum,
3267 4267 3321 4312 et
3343 4276 3433 4315 ca-

1857 4351 1950 4406 dat
1975 4363 2043 4406 ex
2070 4350 2202 4421 ipsis
2224 4348 2554 4415 multitudo;
2587 4357 2640 4402 et
2664 4347 2995 4410 sacerdotes,
3029 4348 3122 4417 qui
3161 4350 3431 4406 accedunt

1857 4443 1925 4498 ad
1941 4444 2254 4506 Dominum,
2274 4439 2706 4504 sanctiﬁcentur,
2724 4454 2791 4492 ne
2807 4436 2946 4493 forte
2967 4439 3186 4494 recedat
3209 4441 3276 4496 ab
3299 4441 3435 4512 ipsis

1857 4533 2199 4589 Dominus“.
2232 4554 2250 4584 ι
2284 4532 2576 4587 Descendit
2599 4531 2656 4586 in
2677 4539 2918 4585 montem
2947 4530 3036 4587 ille
3062 4547 3225 4602 super
3246 4535 3431 4590 omnia

1855 4619 2034 4690 Deus;
2063 4625 2260 4679 deinde
2282 4630 2507 4677 vocatus
2539 4622 2787 4678 ascendit
2813 4623 3040 4693 Moyses.
3071 4625 3258 4694 Neque
3281 4619 3431 4682 enim

1856 4717 2125 4787 contingit
2145 4722 2204 4769 ut
2225 4715 2292 4769 ad
2318 4713 2710 4770 sublimitatem
2731 4728 2875 4770 vera:
2899 4717 2994 4771 Dei
3015 4717 3432 4786 contemplatio-

1855 4809 1943 4863 nis
1968 4807 2142 4879 possit
2165 4823 2222 4862 se
2246 4808 2534 4878 quisquam
2558 4810 2828 4872 attollere,
2860 4808 2965 4864 nisi
2993 4810 3232 4879 seipsum
3257 4809 3430 4862 demi-

1853 4900 2166 4964 seritDeus,
2189 4906 2244 4952 et
2265 4898 2339 4952 ita
2364 4914 2420 4953 se
2443 4901 2958 4964 accommodaverit,
2985 4909 3044 4954 ut
3075 4901 3143 4955 ad
3175 4916 3300 4956 eum
3331 4919 3428 4958 no-

1857 4998 1980 5047 stra:
2005 4999 2216 5046 mentes
2238 4989 2449 5061 possint
2474 4991 2760 5056 accedere;
2793 4993 2910 5061 ipso
2935 4999 3114 5046 autem
3139 5003 3425 5060 evocante,

1856 5082 1947 5136 vix
1993 5080 2215 5137 tandem
2263 5082 2331 5136 ad
2380 5098 2652 5138 summum
2698 5084 2849 5136 illum
2877 5090 2933 5137 et
2963 5085 3240 5139 excelsum
3271 5075 3426 5155 quasi

1852 5174 2140 5238 verticem,
2167 5173 2340 5243 ipsius
2370 5189 2567 5244 nempe
2597 5189 2783 5228 veram
2812 5175 3197 5245 cognitionem,
3233 5191 3426 5231 ascen--

1853 5265 2062 5332 dimus;
2101 5264 2248 5336 quod
2283 5264 2460 5334 ipsum
2492 5263 2747 5320 Christus
2786 5264 2936 5330 fecit,
2965 5282 3088 5322 cum
3119 5267 3334 5321 Patrem
3361 5279 3426 5320 ac

1852 5356 2023 5411 Deum
2065 5356 2222 5409 nobis
2266 5354 2547 5408 revelavit.
2585 5355 2652 5408 Et
2690 5370 2717 5408 a
2756 5357 3021 5427 gregariis
3062 5357 3283 5428 quidem
3323 5355 3425 5409 ho-

1851 5447 2096 5503 minibus
2133 5460 2290 5498 mons
2314 5444 2455 5498 adiri
2483 5460 2590 5500 non
2623 5455 2836 5516 potest;
2867 5449 3144 5503 inaccessa
3169 5453 3253 5500 est
3276 5446 3424 5500 enim

3182 5558 3228 5590 “
3249 5554 3422 5615 Exod.

3006 5721 3067 5783 16
