3966 6298
473 253 605 314 UBE)!

1522 267 1577 321 S.
1618 267 1888 324 CYBILL’I
1929 265 2399 324 ALEXANDRINI
2433 264 2750 326 ARCHIEP.

3657 268 3770 326 491

507 377 670 449 vulgo
697 374 847 430 illius
879 376 1502 446 supremaz'cognitionis
1527 383 1721 448 pratia,
1749 382 1924 452 iisque
1950 383 2074 438 solis

2185 385 2324 452 ἄγαν
2363 387 2691 459 ὑπερτενοῦς
2723 385 2976 456 γνώσεως
3040 383 3256 458 χάρις),
3307 386 3536 458 βάσιμος
3573 381 3764 461 δεμὼ

506 473 716 547 pervia,
734 472 829 542 qui
849 481 946 542 per
967 471 1112 526 illam
1138 471 1350 541 ingredi
1374 473 1581 539 sciunt;
1611 491 1720 530 imo
1743 473 1905 547 225
1927 492 2078 542 vero,

504 568 600 638 qui
637 566 706 620 ad
741 580 862 620 eam
905 579 1021 617 rem
1058 571 1185 618 sunt
1213 579 1244 618 ιι
1269 563 1382 619 Deo
1397 570 1614 632 Vocati,
1640 568 1785 622 sicut
1817 569 1921 623 fuit
1953 584 2080 640 pro-

505 659 590 713 cul
619 657 788 712 dubio
811 655 1040 726 Moyses.
1070 653 1125 708 Si
1159 655 1284 724 quis
1320 655 1489 725 igitur
1513 663 1596 712 est
1625 657 1799 712 ﬁdelis
1826 674 1889 714 ac
1919 674 2082 713 verus

504 766 698 804 servus
737 749 792 800 in
831 747 995 800 domo
1039 746 1155 811 Dei,
1187 747 1232 801 is
1275 762 1515 817 quoque,
1551 749 1696 803 sicut
1733 749 1846 814 ille,
1875 750 2083 806 electus

501 842 610 894 erit
640 848 696 894 ot
724 845 906 908 aptus,
940 839 1033 908 qui
1070 839 1318 909 proxime
1353 842 1578 896 accedat
1605 841 1673 895 ad
1699 841 1870 895 Deum
1890 883 1903 907 ,
1933 841 2081 912 quod

501 932 569 987 ad
607 930 1059 986 sanctiﬁcationis
1099 939 1264 1000 atque
1303 933 1630 1003 cognitionis
1656 933 1880 989 modum
1907 935 2081 1004 perti-

501 1030 612 1075 net.
660 1021 780 1075 Ilac
823 1029 1061 1090 namque
1099 1021 1312 1076 ratione
1361 1023 1524 1077 simul
1572 1037 1698 1078 cum
1739 1039 1807 1080 eo
1851 1025 2079 1090 erimus,

501 1114 719 1167 dicente
748 1131 759 1164 :
799 1131 816 1162 ‹
847 1111 929 1166 Tu
964 1128 1095 1166 vero
1132 1119 1214 1167 sta
1260 1113 1351 1168 hic
1390 1127 1606 1169 mecum
1634 1116 1698 1167 ".
1731 1133 1750 1166 ι
1799 1115 1907 1169 Εοε
1940 1132 2080 1186 quo-

501 1223 629 1276 que,
659 1206 752 1276 qui
781 1205 1091 1260 sacerdotio
1117 1213 1242 1259 sunt.
1271 1206 1532 1276 insignes,
1559 1209 1782 1277 purgari
1811 1209 2078 1278 prmeipit,

501 1299 732 1352 dicens:
768 1317 786 1348 ‹
814 1295 893 1352 Ne
930 1296 1070 1350 forte
1107 1297 1328 1351 recedat
1362 1298 1430 1352 ah
1473 1300 1554 1353 eis
1589 1300 1874 1354 Dominus.
1908 1319 1926 1352 ι
1963 1301 2080 1355 'Lu-

502 1390 714 1444 bricum
738 1397 822 1442 est
844 1389 990 1442 enim
1017 1387 1307 1443 sacerdotii
1337 1406 1568 1456 munus,
1609 1407 1790 1460 neque
1825 1393 2023 1462 procul
2051 1407 2082 1447 a

500 1481 783 1551 periculis,
814 1480 922 1533 imo
948 1495 1079 1533 vero
1112 1481 1279 1533 etiam
1313 1482 1647 1550 proximum,
1674 1483 1779 1537 nisi
1811 1485 1890 1538 illi
1923 1484 2082 1554 plane

501 1571 644 1626 adsit
679 1571 804 1625 vitae
837 1570 1125 1640 integritas
1153 1588 1164 1622 :
1196 1579 1414 1625 sanctos
1442 1572 1589 1626 enim
1625 1588 1746 1628 esse
1783 1574 1961 1640 dece‘t,
1987 1575 2083 1644 qui

499 1663 611 1718 Deo
642 1664 888 1717 omnium
929 1663 1277 1717 sanctissimo
1314 1665 1525 1719 cultum
1557 1667 1840 1721 exhibent.
1873 1667 2081 1722 Deinde

485 1755 575 1807 ait
604 1773 615 1806 :
651 1773 668 1804 ‹
701 1755 770 1808 Ει
806 1754 946 1808 dixit
977 1755 1241 1809 Dominus
1267 1755 1432 1827 Moysi
1457 1775 1469 1808 :
1496 1757 1670 1821 Vade,
1699 1758 1996 1826 descende,
2024 1767 2081 1814 et

488 1845 735 1901 ascende
764 1853 822 1899 tu
862 1855 917 1900 et
945 1847 1126 1901 Aaron
1156 1854 1367 1914 tecum;
1397 1848 1713 1904 sacerdotes
1737 1866 1868 1905 vero
1892 1867 1955 1906 ac
1977 1867 2078 1922 po-

495 1939 663 2008 pulus
705 1953 774 1992 ne
819 1947 1092 1992 conentur
1135 1937 1434 1995 ascendere
1484 1941 1551 1995 ad
1593 1941 1788 2008 Deum,
1824 1959 1894 1998 ne
1937 1943 2080 2000 forte

496 2031 690 2101 perdat
723 2045 791 2084 ex
833 2029 914 2084 eis
949 2029 1217 2085 Dominus
1240 2031 1304 2086 "'.
1340 2051 1358 2083 ι
1403 2028 1667 2088 Ascendit
1705 2033 1945 2106 Moyses,
1981 2036 2076 2092 sed

496 2138 607 2177 non
642 2122 761 2176 sine
790 2122 995 2185 Aaron,
1021 2123 1115 2192 qui
1152 2123 1383 2194 ﬁguram
1418 2123 1626 2180 Christi
1660 2127 1903 2183 tenebat.
1941 2127 2078 2182 Nam

497 2215 582 2269 lex
618 2215 675 2269 in
709 2214 928 2270 Christo
974 2215 1319 2271 honorabilis
1363 2224 1468 2284 est,
1497 2227 1554 2273 et
1594 2226 1850 2288 tanquam
1891 2226 2077 2273 sancta

495 2324 594 2377 per
637 2308 793 2362 illum
829 2323 1002 2378 prope
1025 2309 1199 2364 Deum
1235 2317 1292 2364 et
1315 2326 1439 2364 eum
1465 2311 1576 2366 Deo
1601 2318 1686 2365 est
1713 2311 1778 2364 ⁶⁹.
1812 2310 2106 2365 Praedicat'

492 2401 642 2456 enim
673 2402 793 2470 ipsa
832 2415 1053 2470 quoque
1088 2402 1396 2471 principem
1433 2403 1587 2456 illum
1623 2401 1995 2465 sacerdotum,
2023 2408 2079 2455 et

493 2495 806 2565 apostolum
843 2492 1210 2548 confessionis
1243 2503 1447 2548 nostrae
1483 2493 1788 2548 secundum
1824 2493 2078 2562 Scriptu-

493 2602 603 2641 ras.
639 2585 721 2640 Sit
757 2586 924 2655 igitur
954 2586 1040 2639 lex
1063 2584 1286 2639 Christo
1318 2601 1417 2654 per
1454 2586 1795 2656 spiritualem
1828 2593 2075 2640 contem-

487 2677 794 2747 plationem
816 2673 1248 2748 adjunctaQNam
1270 2675 1440 2749 Moysi
1459 2679 1667 2734 dictum
1684 2689 1805 2734 est:
1829 2699 1851 2730 ι
1875 2679 2078 2734 Ascen-

490 2767 562 2823 de
598 2776 656 2822 tu
679 2776 734 2823 et
755 2768 959 2822 Aaron.
996 2788 1014 2819 ι
1052 2799 1123 2810 -
1153 2787 1171 2820 ‹
1201 2767 1332 2834 Quae
1376 2769 1546 2839 igitur
1584 2765 1728 2825 Deus
1771 2769 2073 2838 conjunxit,

493 2858 659 2912 homo
682 2873 791 2912 non
816 2858 1094 2927 separet”
1110 2898 1126 2924 ,
1160 2877 1178 2910 ι
1207 2859 1480 2929 legem-ab
1503 2859 2072 2928 ea‘contemplatione,

490 2963 614 3017 quae
641 2948 696 3002 in
725 2947 946 3004 Christo
973 2956 1077 3014 est,
1115 2950 1440 3022 abjungens,
1467 2951 1598 3006 dum
1623 2950 1725 3004 soli
1751 2949 2074 3004 adhaerescit

2185 493 2296 541 νοις
2345 481 2458 543 τοῖς
2513 479 2676 532 εἰδόσι
2714 479 3040 548 διαστείχειν
3092 479 3281 548 αὐτὴν,
3332 479 3534 548 μᾶλλον
3566 480 3624 533 δὲ
3669 488 3769 536 καὶ

2183 569 2264 631 εἰς
2308 570 2466 623 τοῦτο
2511 571 2870 640 κεκλημένοις
2917 569 3067 642 παρὰ
3121 571 3290 635 Θεοῦ,
3343 571 3595 643 καθάπερ
3627 574 3770 644 ἀμέ-

2181 659 2262 712 λει
2284 661 2377 714 καὶ
2401 661 2625 734 Μωσῆς.
2664 661 2732 715 Εἴ
2752 679 2834 726 τις
2863 658 2956 716 οὖν
2995 663 3103 733 ἄρα
3133 663 3254 716 ἐστὶ
3301 663 3490 727 πιστὸς
3522 669 3616 718 καὶ
3637 670 3770 737 γνή·

2184 769 2297 816 σιος
2345 754 2404 806 ἐν
2452 753 2588 825 οἴκῳ
2625 754 2796 820 Θεοῦ,
2846 755 2999 810 ἔσται
3045 757 3143 810 καὶ
3191 757 3356 820 αὐτὸς
3399 759 3519 810 κατ’
3557 761 3770 812 ἐκεῖνον

2179 842 2554 914 ἓξειλεγμένος
2581 845 2678 897 καὶ
2701 841 3024 914 ἐπιτηδείως
3051 845 3190 917 ἔχων
3213 848 3292 909 είς
3323 845 3383 898 τὸ
3407 847 3578 918 ἀγχοῦ
3608 850 3738 915 γενέ.
3755 883 3770 889 ο

2183 935 2307 988 σθαι
2340 933 2496 1002 Θεοῦ,
2531 935 2673 990 κατὰ
2695 953 2760 1005 γε
2783 936 2873 991 τὸν
2906 939 2964 990 ὲν
2995 938 3252 1008 ἁγιασμῷ
3293 940 3386 992 καὶ
3413 941 3616 1010 είδήσει
3641 943 3769 1011 τρό-

2183 1039 2304 1077 πον.
2347 1023 2692 1094 Συνεσόμεθα
2748 1026 2858 1098 γὰρ
2905 1025 3080 1092 οὕτως
3126 1027 3274 1099 αὐτῷ
3312 1028 3545 1098 λέγοντι·
3607 1053 3625 1085 ι
3687 1035 3764 1086 Σὺ

2181 1115 2238 1168 δὲ
2285 1116 2450 1170 αὐτοῦ
2492 1118 2645 1189 στῆθι
2700 1122 2818 1190 μετ’
2863 1120 3020 1190 ἐμοῦ.
3071 1139 3089 1172 ι
3155 1122 3648 1194 Ἀποκαοαίρεσοαι
3707 1123 3766 1179 δὲ

2181 1208 2290 1262 δεῖν
2327 1212 2452 1273 τοὺς
2495 1212 2762 1283 ἱερωσύνῃ
2812 1214 3291 1284 κατεστεμμένους
3333 1218 3624 1287 παρεγγυᾷ
3667 1217 3762 1269 λέ-

2183 1316 2330 1368 γων⁹
2378 1320 2395 1352 ι
2455 1302 2681 1372 Μήποτε
2733 1303 3019 1375 ἀπαλλάξῃ
3069 1306 3166 1359 ἀπ’
3217 1305 3398 1359 αὐτῶν
3447 1306 3664 1377 Κύριος.
3736 1327 3758 1360 ι

2183 1393 2459 1465 Σφαλερδν
2492 1394 2599 1465 γάρ
2630 1396 2833 1467 κομιδῇ
2868 1398 2970 1466 τῆς
3003 1397 3296 1468 ἱερωσύνης
3328 1398 3386 1451 τὺ
3419 1399 3628 1469 χρῆμα,
3663 1401 3764 1452 καὶ

2182 1483 2443 1538 κινδύνων
2474 1487 2573 1539 οὐκ
2622 1487 2914 1553 ἀπωτάτω,
2947 1489 3148 1560 μᾶλλον
3191 1489 3247 1542 δὲ
3281 1491 3376 1543 καὶ
3422 1491 3761 1559 λίαν-ἐγγὺς,

2183 1576 2230 1627 εί
2262 1575 2336 1646 μὴ
2362 1571 2536 1646 ὁρῷτο
2568 1579 2766 1649 προσὸν
2804 1578 2863 1632 τδ
2895 1579 3198 1651 ’ἀμώμητον
3230 1583 3308 1644 είς
3356 1581 3523 1652 ζωήν·
3557 1583 3748 1650 ἁγίους
3801 1650 3814 1660 _

2184 1666 2291 1738 γὰρ
2317 1661 2456 1721 εἶναι
2485 1669 2682 1740 πρέπει
2725 1669 2850 1732 τοὺς
2885 1669 2964 1741 τῷ
2997 1673 3256 1742 πανάγνῳ
3307 1673 3760 1742 λειτουργοῦντας

2176 1755 2322 1826 Θεῷ.
2379 1753 2512 1810 Εἶτά
2562 1769 2734 1827 φησι·
2778 1777 2796 1810 ι
2843 1759 2961 1812 ’Καὶ
3015 1753 3136 1813 εἶπε
3173 1760 3382 1830 Κύριος
3433 1762 3510 1832 τῷ
3557 1763 3756 1833 Μωσῇο

2175 1847 2395 1914 Βάδιζε,
2435 1847 2705 1919 κατάϐηθι
2741 1851 2835 1904 καὶ
2872 1852 3103 1923 ἀνάϐηθι
3145 1853 3208 1904 σὺ
3247 1853 3340 1905 καὶ
3380 1853 3588 1924 Ἀαρὼν
3620 1857 3760 1925 μετά

2183 1939 2300 1992 σοῦ·
2328 1943 2375 1992 oi
2405 1940 2460 1993 δὲ
2486 1943 2650 2011 ἱερεῖς
2686 1943 2780 1996 καὶ
2817 1945 2844 1996 6
2875 1941 3002 2006 λαὸς
3035 1941 3110 2013 μὴ
3135 1941 3515 2012 ’βιαζέσθωσαν
3547 1943 3755 2013 ἀναεῆ-

2180 2048 2267 2085 vat
2301 2033 2436 2104 πρὸς
2459 2035 2549 2086 τὸν
2578 2034 2730 2101 Θεὸν,
2762 2037 2972 2106 μήποτε
3018 2034 3260 2107 ἀπολέσῃ
3289 2037 3393 2090 ’ἀπ’
3425 2037 3606 2090 αὐτῶν
3637 2035 3757 2088 Κύ-

2181 2141 2315 2196 ριος.
2362 2146 2380 2177 ι
2420 2126 2660 2179 Ἀνεισιν
2703 2130 2730 2180 6
2763 2125 2976 2198 Μωσῆς
3006 2129 3100 2181 καὶ⁷
3128 2127 3190 2181 οὐ
3221 2128 3342 2198 δίχα
3378 2128 3474 2181 τοῦ
3519 2127 3755 2198 Ἀαρὼν,

2177 2215 2237 2281 ὃς
2263 2213 2330 2288 ἦν
2366 2220 2446 2282 εἰς
2473 2218 2644 2272 τύπον
2673 2219 2931 2290 Χριστοῦ.
2963 2219 3154 2290 Τίμιος
3188 2220 3298 2292 γὰρ
3325 2221 3490 2291 νόμος
3521 2223 3578 2274 ἐν
3620 2221 3758 2291 Χρι-

2181 2307 2310 2378 στῷ,
2344 2311 2439 2363 καὶ
2483 2309 2559 2373 ὡς
2587 2310 2744 2378 ᾰγιος
2775 2310 2842 2363 δι’
2876 2311 3062 2378 αὐτὸν,
3096 2311 3265 2380 ἐγγὺς
3319 2311 3454 2364 Θεοῦ
3483 2312 3579 2364 καὶ
3613 2311 3752 2381 μετὰ

2177 2397 2335 2451 Θεοῦ.
2369 2400 2728 2470 Διακηρύττει
2763 2401 2870 2470 γὰρ
2897 2401 2990 2454 καὶ
3035 2402 3200 2465 αὐτὸς
3244 2400 3338 2454 τὸν
3371 2401 3635 2472 ἀρχιερέα
3662 2403 3756 2454 καὶ

2175 2489 2470 2543 ἀπόστολον
2505 2491 2602 2560 τῆς
2646 2490 2931 2562 ὁμολογίας
2979 2491 3156 2562 ἡμῶν,
3201 2492 3342 2546 κατὰ
3371 2492 3466 2555 τὰς
3504 2492 3750 2563 Γραφάς.

2173 2580 2545 2652 Παρεζεύχθω
2566 2579 2658 2636 οὖν
2693 2585 2724 2636 6
2752 2585 2916 2654 νόμος
2954 2583 3197 2656 Χριστῷ,
3230 2583 3318 2636 διὰ
3357 2585 3458 2655 τῆς
3491 2583 3551 2635 ἐν
3585 2582 3756 2636 πνεύο

2179 2689 2308 2742 ματι
2353 2671 2604 2744 θεωρίας.
2666 2675 2891 2746 Ἀκήκοε
2931 2675 3040 2746 γὰρ
3080 2678 3108 2729 6
3151 2676 3377 2744 Μωσῆςο
3419 2694 3438 2726 ε
3491 2673 3754 2744 Ἀνάϐηθι

2174 2763 2241 2816 σὺ
2269 2763 2362 2817 καὶ⁹
2389 2763 2618 2835 Ἀαρών.
2647 2783 2770 2818 ι-‹
2800 2769 2868 2820 *Δ
2892 2763 2985 2820 οὖν
3015 2767 3145 2829 Θεὸς
3177 2765 3514 2832 συνέζευξεν,
3544 2765 3754 2836 ἄνθρω-

2168 2851 2381 2922 πος-μὴ
2420 2853 2720 2924 χωριζέτω,
2755 2872 2771 2905 ι
2812 2856 2912 2926 τῆς
2941 2856 2998 2908 ἐν
3026 2855 3246 2926 Χριστῷ
3280 2855 3514 2926 Θεωρίας
3545 2857 3751 2909 ἀποκο-

2175 2941 2366 3012 μίζων-
2382 2943 2476 2997 τὸν
2506 2945 2800 3016 νόμοντδιά
2827 2947 2887 3000 τὺ
2921 2947 3056 3020 μόνῃ
3089 2947 3448 3018 προσκεῖσθαι
3487 2951 3555 3018 τῇ
3598 2951 3750 3018 σκιᾷ,

486 3035 721 3102 umbrae,
749 3047 806 3094 et
845 3039 1140 3095 veritatem
1180 3041 1250 3096 ad
1291 3042 1586 3113 imaginem
1625 3041 1920 3113 ﬁgurarum
1960 3056 2070 3098 non

2173 3036 2266 3090 καὶ
2300 3037 2376 3109 μὴ
2402 3041 2483 3102 είς
2508 3039 2694 3093 είκόνα
2723 3041 2831 3093 τῶν
2855 3040 3038 3095 τύπων
3065 3039 3465 3110 παραδέχεσθαι
3493 3041 3593 3111 τὴν
3621 3042 3755 3111 ἀλή-

475 3128 750 3185 -admittit.
791 3131 900 3187 Sed
945 3147 1163 3188 sacrum
1211 3134 1346 3189 illud
1390 3151 1562 3207 genus
1598 3138 1656 3193 in
1679 3125 1929 3196 montem
1966 3157 2074 3196 una

488 3237 615 3276 cum
641 3223 859 3293 populis
886 3226 1186 3280 ascendere
1211 3226 1565 3295 prohibetur;
1603 3245 1783 3300 neque
1809 3233 1956 3286 enim
1984 3233 2072 3297 iis,

487 3314 584 3385 qui
629 3315 748 3385 lege
793 3324 1082 3386 reguntur,
1122 3334 1300 3388 neque
1347 3320 1434 3385 iis,
1460 3321 1555 3391 qui
1601 3320 1782 3376 adhuc
1817 3323 1972 3377 illum
2018 3324 2073 3379 in

487 3406 702 3461 umbris
745 3408 955 3462 cultum
997 3409 1284 3476 exhibent,
1314 3411 1504 3466 datum
1542 3427 1573 3467 a
1610 3413 1724 3468 Deo
1755 3421 1860 3479 est,
1886 3425 1946 3469 ut
1980 3416 2074 3470 illa

487 3497 703 3551 excelsa
743 3511 808 3550 ac
849 3508 1062 3551 summa
1105 3498 1380 3570 dogmata,
1407 3517 1530 3570 qua:
1563 3499 1633 3555 ad
1674 3502 1849 3571 ipsius
1889 3505 2075 3574 cogni-

480 3587 694 3640 tionem
737 3586 1039 3655 pertinent,
1082 3588 1236 3642 adire
1281 3591 1524 3657 possint;
1565 3591 1662 3644 sed
1702 3601 1979 3648 servatum
2016 3594 2071 3648 id

487 3677 672 3748 potius
702 3683 787 3731 est
832 3677 920 3740 iis,
951 3677 1048 3746 qui
1084 3678 1153 3731 in
1197 3677 1302 3733 ﬁde
1341 3679 1647 3749 justiﬁcati,
1681 3690 1737 3736 et
1774 3682 1829 3736 in
1853 3683 2071 3739 Christo

487 3767 556 3822 ad
582 3766 956 3821 obedientiam
981 3774 1145 3836 atque
1181 3768 1552 3838 cognitionem
1577 3771 1737 3841 longe
1785 3771 1875 3828 illa
1896 3775 2070 3829 veteri

485 3859 928 3928 praestantiorem
954 3865 1082 3913 sunt
1108 3860 1310 3913 vocati.
1338 3859 1475 3914 Nam
1512 3862 1846 3918 eminentem
1879 3865 2069 3934 cogni—

489 3949 692 4003 tionem
715 3948 922 4004 Christi
949 3948 1146 4005 beatus
1168 3941 1605 4020 quoquePaulus
1627 3954 2065 4012 est-admiratus:

486 4055 552 4095 ac
569 4041 726 4095 testis
746 4040 874 4097 huic
890 4041 970 4096 rei
987 4041 1095 4096 erit
1111 4042 1228 4112 ipse
1237 4058 1462 4114 quoque
1479 4043 1747 4111 Salvator,
1761 4047 1861 4116 qui
1881 4057 2068 4118 aperte

487 4142 604 4187 tum
629 4132 710 4188 de
747 4134 929 4200 nobis,
962 4141 1079 4189 tum
1113 4150 1247 4190 vero
1287 4135 1356 4191 de
1389 4137 1489 4203 iis,
1516 4139 1613 4208 qui
1650 4155 1680 4194 e
1709 4155 1911 4210 genere
1941 4151 2069 4198 sunt

484 4223 672 4290 Israel,
711 4222 847 4280 dicit
889 4244 901 4279 :
951 4245 970 4278 ι
1021 4225 1186 4284 Vobis
1235 4225 1425 4282 datum
1467 4238 1554 4286 est
1603 4247 1762 4288 nosse
1809 4236 2067 4306 mysteria

484 4313 642 4385 regni
671 4315 959 4381 caelorum,
997 4315 1108 4372 illis
1147 4323 1474 4375 autemnon
1500 4329 1584 4375 est
1612 4320 1803 4377 datum
1827 4324 1894 4378 “.
1932 4343 1949 4375 ι
1989 4327 2065 4380 Ac

2167 3128 2345 3184 θειαν.
2390 3131 2618 3202 Είρηταί
2661 3149 2725 3201 γε
2779 3133 2886 3203 μὴν
2931 3133 3224 3203 ἀναφοιτᾷν
3255 3134 3336 3195 εἰς
3372 3132 3433 3185 τὺ
3463 3132 3596 3203 ’ὅρος
3639 3136 3756 3196 τοῖς

2169 3217 2364 3293 δήμοις
2399 3223 2534 3294 ὁμοῦ
2567 3225 2628 3277 τὸ
2654 3225 2806 3294 γένος
2841 3226 2900 3278 τὸ
2933 3226 3098 3296 ἱερόν.
3129 3226 3201 3278 Οὐ
3233 3223 3339 3296 γὰρ
3372 3227 3487 3288 τοῖς
3513 3226 3570 3277 έν
3600 3225 3753 3294 νόμῳ

2173 3315 2736 3387 παιδαγωγουμένοις,
2772 3317 2896 3370 οὐδὲ
2937 3321 3051 3381 τοῖς
3083 3317 3163 3369 ἔτι
3211 3317 3309 3387 τὴν
3353 3318 3412 3370 ἐν
3449 3320 3626 3378 σκιαῖς
3655 3332 3748 3368 τεο

2171 3403 2322 3457 λοῦσι
2369 3405 2660 3475 λατρείαν,
2711 3406 2918 3460 δέδοται
2963 3407 3111 3477 παρὰ
3153 3405 3288 3459 Θεοῦ
3331 3405 3482 3458 τδέν
3524 3403 3753 3473 ὑψηλοῖς

2173 3494 2266 3546 καὶ
2321 3494 2646 3565 ὑπερτάτοις
2712 3496 2848 3550 ἰέναι
2909 3496 3142 3566 δόγμασι
3207 3499 3318 3559 τοῖς
3373 3495 3502 3566 περὶ
3553 3493 3748 3546 αὑτοῦ·

2169 3585 2464 3655 τετήρηται
2509 3585 2568 3638 δὲ
2607 3585 2806 3655 μᾶλλον
2839 3590 2952 3650 τοῖς
2984 3590 3040 3640 ὲν
3069 3588 3258 3639 -πίστει
3284 3585 3747 3654 δεδικαιωμένοις,

2171 3676 2264 3730 καὶ
2295 3679 2352 3730 ὲν
2385 3677 2609 3748 Χριστῷ
2655 3679 3021 3750 κεκλημένοις
3053 3681 3146 3742 ἐίς
3178 3679 3446 3750 ὑπακοὴν,
3485 3679 3575 3730 καὶ
3607 3678 3748 3731 πολὺ

2165 3763 2266 3831 τῆς
2315 3764 2680 3836 ἀρχαιοτέρας
2725 3766 3104 3835 διενεγκοῦσαν
3146 3767 3368 3836 γνῶσιν.
3411 3766 3747 3836 Τεθαύμακε

2168 3857 2277 3927 γὰρ
2321 3857 2382 3910 τὸ
2413 3858 2680 3929 ὑπερέχον
2724 3858 2824 3928 τῆς
2865 3859 3119 3924 γνώσεως
3171 3859 3265 3912 τοῦ
3306 3858 3547 3930 Χριστοῦ
3591 3860 3747 3912 aratri

2163 3948 2460 4012 θεσπέσιος
2479 3948 2710 4014 Παῦλος·
2741 3953 3075 4021 μαρτυρήσει
3098 3950 3153 4004 δὲ
3175 3953 3269 4004 καὶ
3293 3951 3456 4014 αὐτὸς
3477 3952 3505 4002 6
3529 3949 3745 4021 Σωτὴρ,

2169 4039 2295 4110 περί
2321 4052 2383 4092 ’τε
2411 4039 2576 4110 ἡμῶν
2609 4039 2919 4105 καίτῶνὲξ
2953 4042 3184 4112 αἵματος
3207 4042 3456 4112 Ἰσραὴλ,
3493 4043 3744 4108 ἀναφαν-

2161 4131 2256 4184 δὸν
2286 4130 2482 4199 λέγων,
2517 4133 2598 4186 ὅτι
2643 4151 2660 4183 ι
2709 4133 2871 4203 ’Ὑμῖν
2908 4134 3114 4187 δέδοται
3133 4133 3335 4202 γνῶναι
3363 4133 3435 4186 τὰ
3470 4133 3746 4202 μυστήρια

2169 4223 2267 4292 τῆς
2296 4221 2577 4292 βασιλείας
2607 4222 2714 4276 τῶν
2745 4223 3014 4295 οὐρανῶν,
3056 4224 3284 4287 ἐκείνοις
3307 4223 3388 4276 δὲ.
3416 4225 3476 4276 ού
3509 4223 3746 4276 δέδοται.

2165 4315 2277 4367 Καὶ
2324 4313 2454 4384 περὶ
2509 4315 2607 4384 μὲν
2664 4313 2773 4368 τῶν
2840 4315 3128 4368 Ἰουδαίων
3184 4335 3201 4365 ι
3262 4313 3464 4382 Ἀῳετε
3519 4314 3744 4378 αὐτοὺς,

485 4404 554 4460 de
575 4404 780 4460 Iudaeis
805 4405 1029 4476 quidem
1061 4425 1072 4461 :
1107 4427 1126 4459 ‹
1154 4407 1328 4466 Sinite
1367 4411 1525 4480 illos;
1553 4414 1683 4470 caeci
1717 4423 1870 4481 sunt,
1897 4416 2065 4472 duces

2173 4404 2355 4474 τυφλοί
2399 4405 2571 4470 εἰσιν,
2623 4405 2807 4476 ὁδηγοὶ
2839 4405 3073 4473 τυφλῶν.
3105 4425 3140 4456 -ι
3196 4403 3635 4476 Προσπεφώνηκε
3685 4403 3745 4456 δὲ

487 4510 766 4552 amcorum
801 4498 866 4550 τ’.
905 4517 923 4549 ι
978 4496 1086 4554 Εοε
1133 4509 1350 4567 autem,
1383 4503 1492 4573 qui
1544 4505 1723 4575 ipsum
1777 4516 2063 4572 noverant,

486 4602 682 4644 rursus
703 4587 974 4644 allocutus
993 4597 1096 4656 est,
1124 4611 1141 4642 ι
1169 4591 1350 4648 Vestri
1377 4603 1559 4650 autem
1583 4597 1729 4652 beati
1752 4599 1918 4664 oculi,
1935 4602 2065 4670 quia

485 4677 704 4744 vident,
730 4685 786 4732 et
807 4693 971 4736 aures
992 4689 1206 4746 vestrae,
1226 4683 1354 4752 quia
1369 4686 1695 4742 audiunt".
1731 4709 1748 4738 ι
1785 4689 1948 4761 326
1973 4691 2066 4746 His

484 4768 554 4824 de
581 4768 750 4824 rebus
770 4785 897 4826 cum
922 4771 1072 4841 loqui
1095 4771 1349 4830 desiisset
1371 4775 1462 4832 ille
1488 4778 1870 4835 universorum
1900 4781 2062 4848 Deus,

483 4861 783 4931 praecipere
836 4865 1142 4930 exorditur,
1197 4876 1252 4922 et
1304 4868 1371 4923 de
1432 4870 1598 4925 rebus
1647 4872 1869 4941 optimis
1915 4874 2060 4943 leges

484 4953 842 5012 constituere.
884 4955 1071 5026 Itaque
1097 4959 1190 5014 sic
1233 4959 1351 5013 ait:
1396 4981 1412 5010 ι
1454 4961 1566 5030 Ego
1609 4963 1872 5018 Dominus
1916 4965 2060 5020 Deus

488 5053 635 5110 tuus,
661 5048 756 5116 qui
783 5048 949 5104 eduxi
990 5059 1040 5106 te
1075 5052 1142 5106 dc
1175 5061 1318 5105 terra
1342 5051 1579 5122 Egypti,
1612 5055 1680 5109 de
1703 5055 1865 5110 domo
1888 5059 2061 5112 servi-

487 5139 618 5192 tutis
643 5157 655 5192 :
689 5154 798 5195 non
827 5152 987 5198 erunt
1016 5144 1114 5198 tibi
1140 5143 1216 5197 dii
1243 5143 1337 5196 alii
1361 5151 1558 5212 praeter
1585 5160 1671 5199 me
1699 5146 1764 5198 ".
1797 5166 1814 5197 ι
1853 5147 2062 5202 Decens

486 5243 617 5284 vero
655 5231 771 5286 suis
809 5233 1023 5304 legibus
1071 5233 1204 5288 fecit
1246 5233 1558 5299 exordium,
1600 5250 1657 5289 se
1708 5251 1827 5291 esse
1877 5237 2065 5293 dicens

482 5337 629 5387 eum,
675 5325 769 5394 qui
820 5325 1041 5380 illorum
1091 5325 1149 5379 in
1194 5325 1428 5398 Egypto
1462 5325 1837 5399 prodigiorum
1874 5338 2064 5384 auctor

480 5411 679 5480 fuerit;
723 5416 818 5484 qui
863 5415 1130 5470 adversus
1173 5416 1489 5486 iniquorum
1529 5417 1878 5474 dominorum
1913 5419 2061 5473 insa-

480 5501 657 5568 niam,
705 5507 1045 5570 universam,
1094 5513 1153 5558 ut
1197 5524 1308 5563 uno
1350 5509 1519 5564 verbo
1562 5509 1773 5573 dicam,
1809 5510 2063 5564 excitarit

554 5617 778 5686 f7_Deut.
817 5634 866 5679 ν,
900 5619 986 5671 51.
1059 5620 1292 5674 "Exod.
1321 5639 1430 5685 xix,
1456 5623 1544 5676 26.
1620 5625 1662 5655 ⁸³
1685 5623 1853 5677 Hebr.
1873 5639 1950 5686 ιιι,
1977 5624 2028 5686 5,
2054 5626 2104 5680 6.

485 5682 534 5715 "
564 5683 752 5739 Matth.
777 5702 889 5755 xm,
922 5689 1004 5743 16.
1081 5691 1128 5720 ’⁸
1157 5689 1332 5744 Levit.
1356 5682 1429 5757 xl,
1461 5693 1528 5746 45
1550 5709 1563 5759 ;
1585 5693 1756 5767 Exod.
1779 5709 1867 5758 xx,
1903 5682 1955 5745 5⁷.

2168 4497 2330 4552 πάλιν
2374 4500 2486 4560 τοῖς
2525 4497 2822 4565 ἐγνωκόσιν
2871 4497 3050 4550 αὐτόν·
3084 4515 3102 4548 ι
3161 4496 3345 4566 Ὑμιῖιν
3375 4495 3432 4548 δὲ
3480 4495 3744 4566 μακάριοι

2166 4591 2214 4641 οἱ
2259 4587 2545 4660 ὀφθαλμοὶ,
2578 4591 2657 4642 ὅτι
2708 4588 2984 4658 βλέπουσι,
3026 4590 3120 4641 καὶ
3153 4589 3234 4642 ’τὰ
3273 4582 3394 4640 ’ὦτα
3437 4585 3612 4655 ὑμῶν,
3659 4585 3746 4637 ὅτι

2166 4681 2477 4735 ἀκούουσιν.
2514 4699 2532 4732 ι
2580 4681 2796 4752 Ἐπειδὴ
2821 4680 2876 4734 δὲ
2904 4682 3028 4744 τοὺς
3057 4681 3185 4751 περὶ
3208 4677 3745 4747 τούτων-’διεπέραινε

2163 4774 2356 4840 λόγους
2402 4775 2430 4825 6
2460 4771 2568 4825 τῶν
2614 4773 2752 4825 ὅλων
2778 4772 2941 4837 Θεὸς,
2977 4770 3601 4843 ’ἄρχεταιθεσμοθετεί-ν,
3645 4769 3746 4820 καὶ

2154 4869 2293 4928 ’τοὺς
2327 4866 2410 4933 ἐφ’
2443 4865 2614 4919 ἅπασι
2654 4867 2765 4928 τοῖς
2806 4865 3049 4936 ἀρίστοις
3082 4861 3282 4928 ὁρίζειν
3326 4862 3542 4931 νόμους.
3585 4859 3747 4911 ῢῦτω

2165 4961 2224 5012 τέ
2261 4975 2444 5029 φησιν·
2478 4978 2495 5010 ι
2541 4955 2684 5025 Ἐγὼ
2727 4956 2929 5026 Κύριος
2968 4958 2995 5008 6
3037 4954 3168 5017 Θεός
3193 4970 3318 5018 σου,
3353 4953 3502 5015 ὕστις
3543 4949 3746 5020 ἐξήγα-

2167 5053 2261 5120 γόν
2305 5069 2364 5104 σε
2413 5050 2478 5103 ἐκ
2529 5049 2632 5118 γῆς
2678 5049 2977 5116 Αἰγύπτου,
3029 5046 3089 5111 ἐξ
3132 5048 3280 5100 οἴκου
3331 5045 3594 5106 δουλείας·
3641 5043 3746 5093 οὐκ

2169 5142 2381 5195 ἔσονταί
2410 5158 2490 5194 σοι
2536 5139 2646 5191 Θεοὶ
2677 5139 2853 5210 ἕτεροι
2899 5137 3038 5206 πλὴν
3068 5136 3222 5207 ἐμοῦ.
3267 5155 3285 5187 ι
3322 5135 3646 5206 Πρέπουσαν
3686 5132 3744 5182 δὲ

2167 5238 2279 5298 τοῖς
2314 5235 2496 5302 νόμοις
2537 5234 2832 5304 ἐποιήσατο
2877 5229 2975 5301 τὴν
3004 5226 3428 5300 ἀρχὴν,·έαυτὺν
3472 5220 3612 5276 εἶναι
3653 5221 3746 5272 1!-

2166 5344 2277 5395 γων
2320 5327 2411 5379 τὸν
2465 5326 2523 5378 ὲν
2578 5323 2838 5392 Αἰγύπτῳ
2880 5319 3267 5391 τερατουργόν’
3312 5318 3405 5370 τὸν
3456 5319 3579 5379 ταῖς
3631 5313 3743 5364 τῶν

2165 5413 2638 5470 πλεονεκτούντων
2668 5412 2886 5482 μανίαις
2925 5411 3076 5478 ὃλην,
3108 5409 3182 5471 ὡς
3211 5407 3338 5470 ἔπος
3376 5409 3573 5468 εἰπεῖν,
3611 5418 3745 5456 κατ-

2165 5507 2524 5576 εξανιστάντα
2552 5505 2650 5576 τὴν
2671 5504 2868 5556 κτίσινσ
2924 5501 3112 5562 ὑετούς
3137 5517 3195 5552 τε
3235 5499 3330 5552 καὶ
3363 5495 3607 5568 χαλάζας
3654 5492 3744 5556 ἐξ·

2164 5628 2208 5657 "°
2236 5624 2400 5679 Marc.
2429 5640 2483 5688 x,
2509 5622 2561 5676 9.
2639 5621 2891 5675 “Matth.
2927 5635 3040 5683 xm,
3078 5618 3163 5672 Η.
3245 5614 3604 5670 "'Malth.xv
3652 5608 3747 5665 LL
