3966 6298
413 263 544 324 ’1θὸ

1461 253 1527 312 Β.
1568 254 1840 314 (ΖΫΒΙΙᾸΑ
1881 253 2348 313 ALEXANDRINI
2385 253 2700 310 ARCH‘IEP.

3575 249 3692 312 ιῖῠϐ

435 371 906 442 incorruptionem
933 384 995 426 ac
1032 367 1221 434 vitam,
1243 370 1310 425 ad
1338 387 1490 441 spem
1514 371 1751 442 denique
1774 372 2012 427 futuram

2138 370 2408 442 ιμαρτίας,
2444 370 2520 431 εἰς
2559 366 2868 439 ἐλευθερίαν
2902 366 2994 420 καὶ
3027 367 3239 436 ἄφεσιν,
3266 369 3346 431 εἰς
3379 367 3695 440 ἀφθαρσίαν

439 465 656 522 initium
683 471 739 518 et
771 463 938 536 janua
963 472 1018 518 et
1039 463 1128 516 via
1148 463 1309 516 nobis
1331 471 1415 517 est
1443 462 1639 518 factus.
1668 464 1851 519 Multis
1875 479 2016 519 vero

437 556 615 612 modis
631 555 798 618 hunc,
818 553 909 624 qui
937 555 992 608 in
1016 553 1235 609 Christo
1262 555 1605 626 intelligitur,
1623 556 2014 612 sabbatismum

437 661 716 700 sacrarum
743 660 961 715 quoque
987 643 1320 699 Litterarum
1344 645 1479 700 ﬁdes
1493 645 1653 700 nobis
1677 648 1912 703 latenter
1937 649 2018 704 in-

437 738 640 801 sinuat,
667 753 814 791 nunc
836 736 1058 805 quidem
1077 753 1202 792 cum
1219 737 1606 803 cessationem,
1626 754 1730 807 qua
1757 749 2016 810 tanquam

435 847 466 884 a
500 829 744 900 peccatis
762 836 1028 894 cessatur,
1052 827 1336 894 describit,
1389 837 1443 884 et
1468 830 1736 885 acerbam
1751 831 1806 886 in
1825 831 2018 901 primis

436 931 602 990 atque
623 935 872 991 asperam
899 919 953 973 in
983 929 1417 990 transgressores
1441 937 1662 993 ptenam
1677 952 1679 955 -
1697 922 2014 988 constituit;

439 1026 588 1066 nunc
631 1027 782 1076 vero,
806 1027 950 1066 .cum
991 1011 1448 1082 redemptionem,
1489 1028 1612 1083 quae
1654 1012 1710 1066 in
1742 1027 1808 1067 eo
1854 1012 1932 1078 ﬁt,
1955 1027 2020 1068 ac

439 1103 826 1158 remissionem
861 1112 919 1158 et
942 1103 1382 1169 instructionem,
1405 1119 1513 1174 qua
1547 1104 1615 1159 ad
1635 1103 1883 1159 futurum
1917 1119 2018 1158 sa:-

442 1195 626 1248 culum
671 1209 930 1264 paramur
973 1201 1029 1248 et
1052 1193 1392 1264 accingimur
1415 1234 1429 1259 ,
1455 1194 1686 1264 ﬁgurate
1725 1193 2017 1264 signiﬁcat.

513 1285 708 1340 PALL.
748 1286 973 1356 Explica
999 1287 1164 1356 igitur
1198 1301 1436 1356 quonam
1459 1295 1637 1356 pacto.
1667 1285 1727 1341 Id
1748 1287 1913 1342 enim
1950 1286 2019 1341 li-

444 1375 1102 1431 bentissime-didicerim.

513 1465 670 1521 CYR.
697 1466 801 1521 Per
836 1467 1032 1532 ﬁdem,
1061 1467 1308 1534 Palladi,
1352 1483 1475 1538 qua:
1512 1468 1570 1522 in
1614 1466 1837 1523 Christo
1863 1468 2024 1524 intel-

444 1555 664 1628 ligitur,
714 1556 1012 1612 Sabbatum
1064 1557 1425 1628 spiritualiter
1473 1557 1855 1624 celebramus,
1897 1574 2022 1614 cum

445 1663 476 1702 a
521 1648 945 1703 distentionibus
994 1648 1156 1718 hujus
1198 1647 1389 1702 mundi
1445 1663 1744 1714 cessamus,
1769 1657 1824 1704 et
1859 1665 1888 1705 a
1928 1665 2022 1703 va-

2117 464 2212 516 xal.
2241 464 2318 525 εἰς
2347 461 2511 532 ζωὴν,
2542 460 2636 514 καὶ
2685 461 2764 523 εἰς
2797 458 2989 511 ἐλπίδα
3027 458 3126 531 τὴν
3162 458 3481 528 μέλλουσαν.
3517 461 3694 515 Πολυ-

2117 553 2419 626 τρόπωςνδὲ
2464 555 2596 623 ἡμῖν
2633 552 2726 605 τὸν
2756 553 2812 605 ὲν
2857 551 3081 624 Χριστῷ
3113 552 3401 623 νοούμενον
3431 553 3696 608 σαϐϐατιο

2121 645 2256 716 σμὸν
2289 645 2382 697 καὶ
2407 643 2570 714 ἡ-τῶν
2595 643 2756 717 ἱερῶν
2781 645 3130 715 Γραμμάτων
3160 646 3455 700 αἰνίττεται
3484 645 3694 711 πίπις,

2117 733 2206 786 ὁτὲ
2241 733 2337 804 μὲν
2367 734 2467 804 τὴν
2500 734 2556 786 έν
2601 732 2780 803 ἑαυτῷ
2820 733 3152 802 κατάληξιν,
3179 733 3278 804 τὴν
3306 734 3383 796 ὡς
3415 733 3474 799 ἐξ
3503 736 3693 806 ἀμαρ-

2119 824 2250 880 τιῶν
2280 825 2677 895 ὺπογρὰφουσα
2699 862 2713 886 ,
2755 821 2851 877 καὶ
2880 823 2976 893 τὴν
3001 824 3096 877 ’ὅτι
3131 823 3366 893 μάλιστα
3400 826 3602 896 πικράν
3630 838 3693 878 τε

2120 917 2214 970 καὶ
2263 916 2444 986 ἀπηνῆ
2497 914 2592 966 τοῦ
2641 915 3069 986 παραϐαίνοντος
3097 915 3462 987 καθορίζουσα
3501 917 3692 988 δίκην,

2119 1009 2208 1063 ὁτὲ
2253 1009 2309 1062 δὲ
2342 1004 2408 1062 αὖ
2448 1009 2546 1078 τὴν
2579 1010 2635 1060 ἐν
2670 1006 2819 1078 αὐτῷ
2847 1007 3114 1077 λύτρωσίν
3146 1020 3207 1059 τε
3235 1009 3332 1062 καὶ
3373 1009 3569 1078 ἄφεσιν
3610 1011 3694 1074 είς

2121 1101 2453 1173 ἐλευθερίαν,
2476 1101 2570 1153 καί¹
2609 1099 2713 1170 μὴν
2741 1098 2836 1152 καί⁸
2867 1100 3232 1171 εὐτρεπισμὸν
3277 1101 3369 1154 τὸν
3408 1103 3490 1165 εἰς
3522 1102 3695 1157 αἰῶνα

2119 1192 2212 1245 τὸν
2244 1191 2505 1263 μέλλοντα
2529 1189 2773 1253 τυπικῶς
2808 1191 3205 1258 ὑποφαίνουσα.

2191 1283 2400 1336 ΠΑΛΛ.
2456 1282 2633 1355 Φράζε
2677 1282 2741 1354 δὴ
2785 1278 2879 1336 οὖν
2911 1283 3078 1346 ὅπως.
3129 1283 3342 1354 Εἰδείην
3381 1283 3490 1356 γὰρ
3522 1285 3591 1339 ἂν
3620 1286 3698 1348 ὡς

2121 1375 2318 1446 ἥδιστά
2345 1389 2430 1445 γε.

2194 1468 2364 1523 ΚΥΡ.
2409 1468 2512 1521 Διά
2548 1468 2816 1532 πίστεως,
2857 1461 2903 1521 ὦ
2935 1467 3220 1535 Παλλάδιε,
3250 1467 3349 1540 τῆς
3384 1469 3444 1522 ὲν
3474 1469 3698 1541 Χριστῷ

2125 1559 2422 1631 νοουμένης
2464 1557 2852 1630 πνευματικῶς
2887 1557 3302 1628 σαϐϐατίζομεν,
3341 1559 3450 1614 τῶν
3477 1563 3536 1614 ὲν
3562 1561 3697 1631 τῷδε

2126 1652 2316 1722 κόσμῳ
2347 1651 2749 1724 περισπασμῶν
2799 1650 3220 1721 καταλήγοντες,
3262 1653 3354 1704 καὶ
3393 1655 3701 1724 περιφορᾶς

446 1755 518 1794 no
588 1755 778 1795 errore
843 1739 1282 1809 requiescimus,
1338 1749 1395 1794 et
1429 1755 1482 1795 1a
1541 1740 1786 1810 nequitia
1837 1739 2026 1795 disce-

2138 1721 2343 1808 εἰκαίας
2371 1721 2805 1814 ἀποπαυόμενοι,
2853 1743 2948 1796 καὶ
2978 1743 3310 1813 φαυλότητος
3338 1721 3701 1814 eumcena-

446 1829 650 1894 dimus,
699 1837 756 1884 et
793 1829 1001 1900 peccati
1049 1831 1239 1901 jugum
1282 1830 1626 1885 excutientes
1665 1831 1742 1884 ad
1797 1831 2026 1885 liberam

449 1918 938 1974 sanctiﬁcationem
975 1919 1304 1974 relaxamur.
1354 1920 1542 1990 Itaque
1589 1920 1785 1975 beatus
1826 1920 2029 1975 Paulus

447 2011 518 2065 de
551 2010 640 2075 iis,
672 2010 767 2080 qui
790 2009 1034 2064 nondum
1067 2009 1440 2074 crediderant,
1484 2010 1664 2080 inquit
1697 2029 1710 2064 :
1751 2029 1769 2060 ι
1817 2009 2030 2076 Quibus

448 2117 581 2157 vero
604 2101 844 2157 offensus
865 2101 970 2156 fuit
990 2101 1348 2172 quadraginta
1373 2103 1573 2157 annis?
1615 2117 1796 2157 nonne
1823 2103 1911 2168 iis,
1934 2103 2029 2173 qui

450 2211 558 2250 non
596 2195 1138 2264 obtemperaverunt,
1178 2209 1414 2263 quorum
1453 2194 1719 2249 cadavera
1756 2202 2030 2265 prostrata

450 2296 580 2341 sunt
604 2287 659 2340 in
685 2286 943 2342 deserto?
976 2284 1187 2352 Quibus
1213 2301 1346 2340 vero
1363 2285 1603 2357 juravit,
1647 2302 1759 2340 non
1800 2287 2030 2342 introire

451 2381 508 2436 in
540 2380 788 2450 requiem
820 2378 1013 2449 ipsius,
1040 2377 1146 2434 nisi
1183 2377 1272 2443 iis,
1311 2379 1404 2448 qui
1449 2378 1716 2433 increduli
1773 2378 2033 2433 fuerunt?

439 2483 508 2529 ~et
533 2472 787 2527 videmus
828 2470 976 2541 quod
1024 2484 1160 2523 non.
1190 2477 1492 2539 potuerunt
1549 2471 1758 2540 ingredi
1808 2479 2034 2541 propter

439 2559 915 2616 .incredulitatem.
963 2557 1276 2613 Timeamus
1313 2557 1501 2628 igitur,
1528 2575 1599 2614 ne
1632 2559 1796 2623 forte,
1834 2559 2033 2615 relicta

441 2650 849 2722 pollicitatione
872 2647 1192 2702 introeundi
1216 2648 1274 2702 in
1299 2650 1546 2717 requiem
1563 2648 1756 2720 ipsius,
1781 2649 2033 2704 videatur

445 2738 652 2810 aliquis
673 2753 739 2792 ex
761 2738 920 2793 vobis
964 2737 1204 2793 defuisse
1233 2739 1298 2792 ⁷⁷.
1339 2759 1356 2790 ι
1399 2740 1466 2794 Et
1487 2749 1610 2810 post
1634 2740 1737 2794 alia
1763 2758 1776 2793 :
1803 2759 1822 2792 ‹
1865 2740 2035 2812 Igitur

459 2827 798 2898 relinquitur
835 2827 1205 2882 sabbatismus
1244 2828 1450 2898 populo
1489 2827 1585 2883 Dei
1626 2829 1693 2882 ⁷⁸.
1743 2848 1761 2881 ι
1792 2831 1861 2883 At
1903 2843 2034 2884 vero

453 2919 587 2991 quid
611 2919 868 2990 prohibet
915 2919 1211 2989 quominus
1247 2919 1412 2990 228
1437 2935 1568 2974 vere
1611 2919 1718 2975 dici
1764 2920 1957 2990 possit,
1987 2919 2034 2975 si

2131 1852 2306 1906 μενοι,
2351 1836 2445 1889 καὶ
2491 1834 2582 1889 τὸν
2624 1835 2724 1905 τῆς
2773 1835 3046 1907 ἁμαρτίας
3090 1835 3459 1900 διεκδύνοντες
3513 1836 3700 1904 ζυγὸν,

2129 1928 2392 2000 ἀνείμεθα
2433 1927 2620 1981 λοιπὸν
2665 1929 2744 1991 εἰς
2779 1927 3062 1999 ἐλεύθερον
3101 1929 3393 1999 ἁγιασμόν.
3428 1930 3538 1982 Kal.
3569 1931 3702 1997 γοῦν

2129 2022 2160 2074 ὁ
2186 2020 2478 2084 θεσπέσιος
2520 2019 2732 2084 Παῦλος
2765 2021 2894 2090 περὶ
2936 2020 3043 2073 τῶν
3073 2019 3227 2073 οὔπω
3257 2021 3703 2074 πεπιστευκότων

2130 2113 2281 2182 φησι·
2339 2129 2358 2163 ι
2418 2113 2540 2166 Τίσι
2603 2113 2661 2165 δὲ
2720 2110 3060 2184 προσώχθισε
3111 2111 3524 2184 τεσσαράκοντα
3569 2112 3700 2181 ἔτη;

2131 2202 2248 2272 οὐχὶ
2281 2204 2394 2266 τοῖς
2441 2201 2840 2272 ἀπειθήσασιν,
2876 2194 2960 2255 ὦν
2993 2201 3063 2254 τὰ
3108 2201 3258 2255 κῶλα
3303 2201 3498 2255 ἔπεσον
3539 2203 3596 2256 ἐν
3635 2205 3702 2273 τῇ

2131 2296 2359 2368 ὲρήμῳς
2391 2295 2514 2348 Τίσι
2554 2295 2611 2348 δὲ
2643 2295 2827 2366 ὤμοσε
2869 2295 2946 2365 μὴ
2991 2293 3253 2349 εἰσελθεῖν
3281 2295 3361 2359 εἰς
3391 2293 3491 2366 τὴν
3530 2294 3702 2349 κατά-

2133 2404 2332 2440 παυσιν
2363 2387 2552 2452 αὐτοῦ,
2587 2387 2636 2440 εἰ
2675 2387 2749 2458 μὴ
2791 2388 2904 2451 τοῖς
2950 2385 3318 2457 ἀπειθήσασις
3355 2387 3448 2440 καὶ
3496 2385 3701 2456 βλέπο-

2130 2493 2236 2550 ’μεν
2272 2479 2352 2532 ὅτι
2397 2480 2501 2533 οὐκ
2556 2478 2905 2551 ἠδυνήθησαν
2956 2479 3219 2532 εἰσελθεῖν
3276 2478 3342 2531 δι’
3396 2477 3702 2532 ἀπείθειαν.

2131 2569 2465 2640 Φοϐηθῶμεν
2499 2566 2592 2624 οὖν
2629 2571 2839 2641 μήποτε
2869 2569 3339 2641 καταλειπομένης
3375 2568 3710 2638 ἐπαγγελίας

2135 2661 2396 2714 εἰσελθεῖν
2444 2662 2522 2724 εἰς
2571 2659 2671 2731 τὴν
2715 2660 3060 2714 κατάπαυσιν
3111 2660 3300 2724 αὑτοῦ,
3337 2659 3472 2730 ’δοκῇ
3517 2676 3602 2723 τις
3642 2658 3707 2723 ἐξ

2136 2751 2288 2823 ὑμῶν
2326 2751 2707 2824 ὑστερηκέναι.
2757 2771 2776 2802 ι
2827 2751 2936 2804 Καὶ
2969 2749 3086 2822 μεθ’
3115 2750 3296 2823 ἔτερα·
3329 2769 3348 2802 ι
3390 2751 3535 2821 ’Ἄρα
3570 2752 3708 2803 ἀπο-

2135 2845 2380 2898 λείπεται
2430 2843 2794 2914 σαϐϐατισμὸς
2836 2842 2915 2913 τῷ
2957 2841 3073 2912 λαῷ
3107 2841 3202 2895 τοῦ
3264 2841 3421 2898 Θεοῦ.
3454 2860 3472 2894 ι
3513 2841 3710 2896 Καίτοι

2137 2935 2254 3001 πῶς
2286 2936 2387 2989 οὐκ
2416 2935 2646 3005 ἀληθὲς,
2691 2935 2767 2998 ὡς
2804 2935 2960 3006 εἰπερ
2989 2936 3134 2988 ἐστὶν
3161 2935 3190 2987 ὁ
3220 2933 3608 3006 σαϐϐατισμὸς,
3647 2933 3712 2988 ἐδ

453 3011 960 3080 sabbatismusnon
1014 3011 1164 3067 aliud
1206 3012 1300 3077 sit,
1355 3027 1519 3082 quam
1557 3011 1614 3066 in
1638 3011 1877 3067 Sabbato
1911 3027 2032 3067 ces-

2140 3028 2298 3099 μόνον
2341 3026 2533 3097 ἀργεῖν
2577 3025 2634 3078 ἐν
2678 3025 2976 3096 Σαϐϐάτῳ,
3023 3025 3141 3090 πῶς
3185 3027 3285 3078 οὐκ
3328 3025 3580 3096 εἰσῆλθεν
3629 3029 3715 3090 εἰς

438 3117 576 3158 .sare
599 3143 614 3168 ,
643 3093 919 3172 quomodo
941 3118 1051 3157 non
1073 3110 1158 3157 est
1184 3103 1464 3174 ingressus
1479 3103 1646 3158 .lsnael
1672 3103 1728 3157 in
1767 3101 2033 3172 requiem,

455 3209 583 3250 cum
603 3194 754 3249 illam
777 3193 834 3249 in
857 3193 1107 3252 Sabbato
1123 3193 1484 3249 cessationem
1507 3194 1914 3249 observaverit?
1929 3193 2038 3250 Sed

455 3287 720 3340 nimirum
745 3301 808 3340 ea
835 3301 924 3341 res
945 3285 1119 3357 ﬁgura
1141 3293 1264 3340 erat
1287 3285 1438 3341 illius
1462 3286 1518 3340 in
1555 3285 1780 3341 Christo
1814 3286 2038 3356 requie-

457 3381 548 3445 tis,
577 3387 635 3434 et
675 3378 823 3448 quod
871 3379 1050 3448 ii,qui
1095 3377 1201 3433 ﬁde
1223 3378 1690 3450 justiﬁcarentur,
1735 3393 1766 3432 a
1812 3387 2039 3448 peccato

440 3469 725 3526 .cessaturi
748 3478 952 3525 essent.
982 3470 1171 3540 Itaque
1208 3469 1486 3538 lapidibus
1509 3468 1670 3523 obrui
1697 3468 1864 3539 jussit
1894 3469 2040 3523 Deus

455 3575 584 3617 eum
611 3559 710 3630 qui
735 3558 974 3614 Sabbato
999 3557 1144 3628 ligna
1167 3556 1462 3626 collegerat
1485 3555 1552 3620 7’;
1572 3554 1719 3624 quod
1742 3553 1888 3610 illius
1907 3568 2037 3623 sup-

457 3650 682 3721 plicium
725 3646 1027 3716 spiritualis
1083 3661 1149 3699 ac
1206 3643 1532 3698 necessaria:
1575 3641 1656 3696 rei
1701 3641 1872 3710 ﬁgura
1910 3641 2034 3696 fuit.

458 3736 722 3806 Nunquid
740 3737 890 3789 enim
917 3749 1026 3788 non
1055 3734 1286 3804 lignum,
1315 3731 1464 3802 quod
1489 3746 1521 3786 e
1559 3745 1658 3784 sua
1701 3731 1871 3800 stirpe
1907 3745 2039 3786 exa-

462 3829 598 3892 ruit,
621 3825 872 3880 avulsum
912 3833 968 3878 et
1026 3824 1138 3893 jam
1173 3821 1460 3884 siccatum,
1501 3819 1848 3875 mortalitatis
1889 3835 2038 3892 sym-

461 3920 650 3975 bolum
676 3914 862 3980 fuerit,
881 3929 943 3984 ac
966 3922 1230 3984 praeterea
1255 3913 1395 3985 ignis
1419 3913 1773 3969 alimentum?

528 4211 728 4267 PALL.
754 4210 830 4266 lta
854 4220 954 4266 est.

527 4303 685 4359 (ΗΒ.
733 4303 1293 4375 Ejusmodi-omnino
1340 4312 1425 4358 est
1467 4310 1753 4373 peccatum
1779 4302 2040 4358 aerumnis

2137 3116 2236 3188 τὴν
2259 3115 2602 3170 κατάπαυσιν
2645 3114 2675 3166 δ
2711 3113 2962 3186 Ἰσραὴλ,
2993 3112 3086 3168 καί
3115 3131 3194 3167 τοι
3227 3113 3326 3184 τὴν
3357 3115 3416 3167 ὲν
3447 3112 3714 3184 Σαϐϐάτῳ

2139 3210 2388 3281 τηρήσας
2426 3206 2657 3278 ἀργίαν;
2712 3206 2851 3260 Ἀλλ’
2879 3204 2948 3278 ἦν
2975 3207 3055 3269 είς
3095 3204 3264 3259 τύπον
3302 3205 3362 3258 τὸ
3391 3205 3582 3276 χρῆμα
3607 3206 3712 3274 τῆς

2139 3302 2196 3354 ὲν
2216 3299 2436 3372 Χριστῷ
2501 3298 2940 3364 καταπαύσεως,
2989 3299 3083 3351 καὶ
3137 3297 3230 3351 τοῦ
3276 3297 3601 3368 καταλήξειν
3650 3296 3716 3360 ἐξ

2137 3391 2416 3463 ἁμαρτιας
2451 3388 2829 3460 δικαιουμένου
2873 3391 2940 3459 τῇ
2986 3387 3188 3441 πίστει.
3234 3388 3523 3458 Τοιγάρτοι
3564 3386 3714 3440 λιθό-

2137 3480 2361 3535 λευστον
2395 3479 2714 3535 ὲκτεθνάναι
2747 3479 2856 3532 δεῖν
2895 3479 3146 3532 ἐκέλευσε
3178 3478 3310 3544 Θεὸς
3355 3479 3448 3532 τὸν
3473 3479 3533 3532 ἐν
3573 3478 3717 3532 Σαϐ-

2139 3573 2289 3646 ϐάτῳ
2330 3573 2654 3643 συλλέγοντα
2689 3571 2821 3638 ξύλα
2849 3589 2862 3602 ⁸
2897 3573 2930 3643 ή
2960 3571 3020 3624 δὲ
3062 3571 3148 3624 ἐπ’
3177 3570 3370 3642 ἐκείνῳ
3398 3571 3544 3640 δίκη,
3582 3587 3714 3640 νοη-

2139 3667 2231 3721 τοῦ
2277 3669 2373 3721 καί)⁵
2416 3665 2717 3735 ἀναγκαίου
2757 3665 3085 3736 πράγματος
3124 3662 3473 3726 ὑποτύπωσις
3511 3659 3601 3734 ἦν.
3631 3663 3711 3716 Ἥ

2138 3759 2246 3831 γὰρ
2277 3759 2396 3828 οὐχὶ
2423 3757 2486 3810 τὺ
2514 3758 2580 3812 ὲκ
2610 3756 2708 3828 τῆς
2744 3755 2957 3818 ὀἰκείας
3001 3755 3156 3826 ῥίζης
3187 3753 3449 3818 αύανθὲν,
3481 3755 3715 3808 ἐκκεκα-

2140 3850 2412 3922 θαρμένον
2457 3848 2556 3904 καὶ
2601 3847 2864 3918 ξηρανθὲν
2903 3847 3007 3917 ἤδη
3051 3845 3236 3912 ξύλον,
3282 3846 3603 3918 νεκρότητος
3639 3844 3718 3898 ἂν

2140 3943 2226 4014 εῐη
2277 3940 2573 4013 σύμϐολον;
2627 3939 2713 4011 εἴη
2764 3938 2808 3992 δ’
2858 3939 2924 3992 ἀν
2970 3938 3064 3990 καὶ
3130 3938 3334 4010 ἑτέρως
3378 3937 3548 4009 πυρὸς
3591 3936 3714 3990 δια-

2136 4031 2312 4102 τροφή
2333 4047 2348 4096 ;

2210 4204 2419 4258 ΠΑΛΛ.
2459 4202 2702 4274 Ἀληθές.

2211 4299 2378 4351 ΚΥΡ.
2439 4295 2674 4366 Τοιαύτη
2713 4294 2796 4359 τίς
2834 4293 2980 4348 ἔστιν
3020 4295 3058 4364 ἡ
3103 4293 3502 4364 παμμόχθηρος
3529 4292 3720 4362 ἀμαρ-

462 4397 706 4467 plenum,
733 4396 889 4465 quasi
915 4395 1219 4451 mortalitas
1243 4395 1514 4466 quaedam,
1539 4405 1596 4451 et
1637 4396 1862 4452 immitis
1884 4395 2032 4450 ﬁam-

2144 4391 2257 4458 τία,
2289 4389 2551 4462 νεκρότης
2588 4387 2777 4459 ὥσπερ
2800 4405 2905 4455 τις,
2952 4387 3047 4440 καὶ
3089 4386 3188 4456 τῆς
3215 4385 3488 4457 ἀνημέρου
3520 4384 3749 4454 φλογὸς

461 4503 563 4542 ma:
585 4487 702 4542 suis
723 4487 1064 4542 amatoribus
1086 4486 1254 4556 impia
1278 4487 1486 4542 nutrix.
1512 4486 1836 4558 Quicunque
1853 4488 2040 4559 igitur,

459 4594 570 4648 quo
607 4585 855 4647 tempore
899 4591 929 4630 a
975 4577 1215 4646 peccatis
1261 4578 1466 4633 cessari
1501 4578 1684 4645 debet,
1721 4579 1954 4635 mortuis
1986 4586 2044 4634 et

463 4668 822 4724 infructuosis
890 4667 1527 4748 operibusintenti‘sunt
1571 4680 1644 4737 et,
1669 4671 1880 4742 abjecta
1927 4672 2044 4726 vir-

463 4768 598 4825 tute,
633 4759 1030 4830 concupiscunt
1065 4773 1152 4822 ea,
1193 4774 1292 4829 per
1332 4776 1455 4830 qua:
1488 4761 1622 4831 ipsis
1662 4763 1931 4832 supplicia
1984 4764 2039 4816 in

462 4861 729 4906 :eternum
765 4857 1030 4919 parentur
1064 4859 1119 4904 et
1139 4849 1370 4905 ﬂamma:
1400 4851 1791 4916 accendantur,
1837 4853 1872 4905 ii
1926 4861 2040 4906 tum

463 4944 583 5011 jure
623 4941 831 5010 optimo
874 4950 1053 4996 morte
1088 4941 1331 4995 damnati
1359 4943 1534 5012 justas
1577 4959 1766 5013 pugnas
1803 4945 2042 5000 sustine-

464 5029 626 5094 bunt,
651 5031 950 5099 quodcum
973 5031 1136 5086 liceat
1158 5033 1342 5101 quiete
1367 5033 1574 5098 vivere,
1600 5045 1793 5104 sponte
1825 5035 1893 5089 ad
1909 5051 2042 5106 sup-

457 5119 631 5200 :plicia
676 5129 862 5173 ruunt.
933 5120 1278 5191 ingredimur
1315 5123 1482 5192 igitur
1523 5125 1578 5178 in
1628 5125 1896 5193 requiem,
1949 5127 2048 5196 qui

465 5208 822 5274 credidimus,
845 5213 996 5283 juxta
1013 5211 1156 5266 beati
1173 5211 1322 5267 Pauli
1346 5228 1534 5268 vocem
1557 5215 1622 5267 ⁸ο.
1642 5215 1828 5286 itaque
1840 5231 1937 5285 per
1951 5218 2046 5273 Je-

463 5307 696 5360 remiam
721 5301 972 5373 increpat
1005 5301 1153 5357 Deus
1200 5319 1316 5369 eos,
1361 5305 1456 5374 qui
1515 5322 1613 5376 per
1656 5317 1942 5376 peccatum
1989 5309 2045 5363 in

468 5396 697 5468 ﬁguram
719 5395 1022 5451 admissum
1043 5395 1511 5464 pulchritudinem
1546 5399 1794 5455 veritatis
1833 5400 2044 5455 adulte-

464 5485 701 5551 rabant;
743 5485 815 5539 ait
837 5484 1054 5553 itaque:
1088 5502 1105 5534 ι
1137 5484 1284 5542 Vade
1305 5495 1361 5542 et
1397 5496 1477 5544 sta
1517 5489 1573 5544 in
1604 5491 1778 5560 portis
1807 5488 2044 5545 ﬁliorum

2148 4483 2339 4538 ἀνοσία
2374 4482 2573 4554 τροφὸς
2613 4484 2726 4546 τοῖς
2765 4479 3056 4549 ἀγαπῶσιν
3083 4479 3292 4550 αὑτήν.
3332 4479 3500 4532 Ὅταν
3537 4477 3722 4530 τοίνυν

2147 4576 2225 4641 ὡς
2253 4578 2312 4631 ὲν
2349 4575 2528 4647 καιρῷ
2575 4575 2956 4646 καταλήξεως,
2981 4577 3090 4645 τῆς
3135 4573 3195 4640 ἐξ
3226 4571 3509 4645 ἁμαρτιῶν
3552 4571 3720 4641 λέγω,

2149 4666 2357 4736 νεκρῶν
2386 4665 2482 4719 καὶ
2510 4665 2775 4736 ἀκάρπων
2813 4664 2993 4735 ἔργων
3020 4663 3226 4734 ἔχοιντῦ
3247 4680 3392 4727 τινες
3410 4703 3425 4727 ,
3463 4663 3556 4716 καὶ
3584 4662 3726 4730 ἀγα-

2151 4760 2260 4830 πᾷν
2288 4758 2521 4825 ἕλοιντο,
2558 4756 2812 4828 μεθέντες
2851 4757 2951 4828 τὴν
2987 4756 3295 4829 ἀρετὴν,τά
3325 4756 3392 4809 δι’
3433 4749 3508 4810 ὧν
3538 4755 3726 4818 αὐτοῖς

2151 4853 2231 4914 εἰς
2271 4848 2442 4902 αἰῶνα
2489 4849 2674 4902 ποιναὶ
2723 4849 2818 4902 καὶ
2859 4848 3055 4919 φλόγες
3098 4847 3445 4919 ὲξάπτοιντο,
3489 4846 3587 4917 τὴν
3630 4847 3728 4898 ἐπὶ

2150 4941 2365 5012 θανάτῳ
2413 4941 2748 5012 κατάρῤησιν
2799 4939 3160 5009 ὑπομενοῦσιν
3187 4939 3433 5006 εἰκότως,
3473 4938 3553 4991 ὅτι
3595 4936 3726 4989 καί-

2148 5051 2231 5086 τοι
2265 5035 2339 5106 μὴ
2382 5033 2530 5103 βιοῦν
2559 5032 2860 5104 ἀνειμένως
2893 5031 3033 5096 ἐξὸν,
3069 5032 3306 5086 ἐθελοντὶ
3331 5030 3728 5102 διαστείχουσιν

2151 5127 2247 5178 ἐπὶ
2274 5126 2336 5178 τὸ
2362 5123 2685 5189 κολάζεσθαι
2715 5123 2845 5178 δεῖν.
2883 5123 3255 5195 Εἰσερχόμεθα
3280 5122 3346 5194 δὴ
3389 5118 3482 5176 οὖν
3523 5123 3602 5184 εἰς
3627 5122 3728 5190 τὴν

2133 5215 2499 5280 ,κατάπαυσιν
2536 5217 2583 5268 οἱ
2629 5213 3052 5278 πιστεύσαντες,
3079 5214 3224 5267 κατά
3264 5231 3327 5282 γε
3353 5214 3451 5284 τὴν
3490 5211 3585 5266 τοῦ
3621 5228 3728 5283 μα-

2133 5309 2345 5379 ·καρίου
2365 5307 2584 5361 Παύλου
2604 5307 2808 5378 φωνήν.
2832 5305 2942 5358 Καὶ
2962 5305 3092 5375 γοῦν
3115 5305 3205 5359 διὰ
3223 5305 3406 5377 φωνῆς
3438 5305 3729 5376 Ἰερεμίου,

2154 5401 2278 5462 τοὺς
2305 5399 2370 5453 δι’
2403 5399 2679 5470 ἁμαρτίας
2707 5399 2805 5472 τῆς
2828 5399 2906 5462 εις
2934 5399 3024 5451 τὸν
3046 5398 3234 5462 τύπον,
3258 5399 3318 5453 τὸ
3341 5398 3438 5468 τῆς
3469 5396 3732 5468 ἀληθείας

2153 5494 2670 5565 παρασημαίνοντας
2727 5473 2920 5555 κάλλος
2976 5492 3290 5546 ἐπαιτιᾶται
3339 5488 3470 5552 Θεὸς
3515 5487 3732 5558 λέγων’

535 5662 580 5699 ⁷⁷
604 5649 768 5717 llebr.
805 5676 878 5729 Ill,
913 5661 1112 5730 l7-l9;
1141 5679 1211 5729 tv,
1245 5663 1293 5714 -l.
1366 5662 1410 5692 ⁷³
1437 5662 1602 5716 llebr.
1635 5678 1706 5728 tv,
1730 5665 1780 5720 9.
1837 5663 1881 5696 7’
1907 5665 2032 5719 Nun

2138 5683 2186 5731 v,
2224 5667 2292 5720 52
2367 5668 2412 5700 ⁸⁰
2444 5667 2612 5722 Hebr.
2647 5687 2718 5737 tv,
2757 5674 2806 5725 5.
