3966 6298
273 335 371 396 J37

967 337 1055 395 DE
1093 339 1532 399 ADORATJONE
1570 345 1636 399 IN
1677 343 1943 400 SPIRITU
1985 345 2071 400 ET
2111 345 2476 401 VERITATE.
2518 345 2647 400 LIB.

3408 341 3516 402 [ὦ

278 469 295 500 ι
334 445 554 500 Βάδισον
598 446 692 500 καὶ
733 447 887 517 στῆθι
930 451 987 502 ὲν
1021 450 1214 516 πύλαις
1246 453 1379 508 υίῶν
1407 454 1536 509 λαοῦ
1595 473 1720 521 σου,
1771 457 1829 509 ὲν

1962 457 2118 526 μορυιί
2135 457 2234 522 tui,
2263 473 2359 527 per
2379 471 2515 527 quas
2537 457 2916 527 ingrediuntur
2933 471 3088 528 reges
3105 459 3131 515 J
3139 458 3265 523 uda,
3282 468 3339 512 et
3353 473 3509 529 egre-

272 533 351 601 αἷς
382 537 792 610 εἰσπορεύονται
833 539 1072 610 βασιλεῖς
1111 543 1299 608 Ἰούδα,
1331 547 1425 598 καὶ
1458 548 1516 599 ὲν
1553 543 1640 610 αἷς
1668 549 1832 601 ἐκπο-

275 629 514 703 ρεύονται
567 631 626 684 ὲν
676 632 888 698 αὐταῖς,
941 633 1036 686 καὶ
1077 635 1136 687 ὲν
1195 635 1398 694 πάσαις
1461 641 1583 702 ταῖς
1638 639 1833 702 πύλαις

281 721 648 793 Ἰερουσαλήμ*
677 721 770 776 καὶ
794 723 938 792 ὲρεῖς
965 725 1102 796 πρὸς
1129 726 1344 791 αὐτούς’
1364 728 1655 782 Ἀκούσατε
1677 730 1834 798 λόγον

270 810 495 882 Κυρίου,
522 811 762 881 βασιλεῖς
797 814 970 870 Ἰούδα
1007 816 1100 870 καὶ
1121 820 1272 873 πᾶσα
1315 821 1542 876 Ἰουδαία
1567 823 1662 875 καὶ
1685 824 1835 876 πᾶσα

281 902 659 975 Ἰερουσαλὴμ,
694 906 788 958 καὶ
828 907 878 959 οἱ
919 908 1368 981 εἰσπορευόμενοι
1400 912 1459 965 ὲν
1483 915 1605 976 ταῖς
1638 913 1838 977 πύλαις

270 1000 512 1065 ταύταις.
557 1001 694 1055 Τάδε
731 1001 880 1072 λέγει
911 1005 1133 1076 Κύριοςο
1162 1007 1509 1062 Φυλάσσεσθε
1534 1009 1633 1070 τὰς
1659 1009 1839 1080 ψυχὰς

270 1091 442 1163 ὑμῶν,
484 1095 579 1146 καὶ
622 1092 697 1165 μὴ
737 1095 920 1168 αἴρετε
943 1096 1303 1170 βαστάγματα
1331 1101 1390 1152 ὲν
1421 1103 1488 1171 τῇ
1518 1101 1705 1172 ἡμέρᾳ
1729 1099 1838 1154 τῶν

272 1183 585 1249 Σαϐϐάτων,
612 1186 706 1238 καὶ
735 1187 844 1240 πᾶν
860 1187 1019 1259 ἔργον
1047 1188 1109 1241 οὺ
1136 1191 1414 1261 ποιήσετε,
1447 1191 1540 1245 καὶ
1565 1191 1641 1263 μὴ
1671 1193 1838 1246 ἐκπο-

275 1275 495 1347 ρεύεσθε
523 1279 644 1340 ταῖς
674 1277 872 1342 πύλαις
907 1279 1281 1354 Ἰερουσαλὴμ,
1329 1283 1424 1336 καὶ
1459 1281 1537 1354 μὴ
1578 1282 1842 1352 ἐκφέρετε

273 1365 635 1438 βαστάγματα
663 1367 721 1434 ἐξ
757 1367 944 1422 οίκιῶν
978 1369 1132 1439 ὑμῶν
1169 1371 1228 1423 ἐν
1257 1374 1328 1443 τῇ
1355 1371 1540 1443 ἡμέρᾳ
1565 1369 1675 1424 τῶν
1703 1369 1843 1424 Σαϐ-

274 1455 476 1521 ϐἂτων,
519 1455 705 1521 καθὼς
743 1459 1097 1532 ἐνετειλάμην
1127 1463 1242 1525 τοῖς
1269 1462 1543 1532 πατράσιν
1571 1461 1724 1530 ὑμῶν
1748 1461 1842 1515 καὶ

270 1547 372 1600 οὐκ
406 1548 683 1618 ἥκουσαν,
734 1550 828 1603 καὶ
870 1552 972 1605 οὐκ
1001 1551 1216 1605 έκλιναν
1245 1553 1308 1606 τὸ
1353 1548 1444 1617 οῦς
1487 1552 1698 1616 αὐτῶν,
1748 1553 1844 1607 καὶ

270 1636 612 1708 ἐσκλήρυναν
651 1639 743 1694 τὸν
768 1640 1041 1712 τράχηλον
1074 1641 1255 1696 αὐτῶν
1281 1642 1422 1713 ὑπὲρ
1445 1643 1573 1706 τοὺς
1602 1640 1845 1712 πατέρας

269 1729 477 1796 αὐτῶν,
511 1731 606 1785 τοῦ
649 1732 723 1804 μὴ
770 1733 1002 1787 ἀκοῦσαί
1051 1751 1174 1804 μου,
1207 1733 1301 1788 καὶ
1345 1733 1440 1787 τοῦ
1484 1733 1560 1805 μὴ
1587 1732 1844 1798 δέξασθαι

1933 549 2162 603 diuntur
2195 565 2293 618 per
2313 563 2425 612 eas,
2445 558 2506 602 et
2542 548 2611 602 in:
2627 546 2884 601 omnibus
2908 549 3081 616 portis
3093 550 3392 605 Jerusalem
3414 565 3431 616 ;
3455 559 3514 604 et

1937 640 2087 696 dices
2109 640 2177 695 ad
2195 655 2290 695 eos
2316 658 2327 693 :
2357 639 2556 694 Audite
2575 639 2802 694 verbum
2828 639 3065 704 Domini,
3090 656 3246 710 reges
3275 642 3436 705 Juda,
3460 652 3515 695 et

1936 733 2114 787 omnis
2128 732 2333 796 Judaea,
2351 739 2403 787 et
2423 732 2601 787 omnis
2615 729 3038 800 Jerusalem,qui
3056 728 3398 800 ingredimini
3421 747 3518 802 per
3563 773 3567 777 .

1937 829 2124 891 portas
2154 821 2274 876 has.
2299 821 2422 876 Haec
2440 821 2573 876 dicit
2582 821 2843 875 Dominus
2864 838 2876 873 :
2895 819 3180 876 Custodite
3197 820 3406 874 animas
3426 835 3518 873 ve»

1937 922 2098 977 stras,
2120 922 2176 968 et
2193 929 2262 969 ne
2276 913 2504 983 portetis
2518 927 2686 969 onera
2701 913 2757 967 in
2771 912 2860 968 die
2887 910 3271 976 Sabhatorum,
3287 918 3343 964 et
3357 925 3518 964 omne

1941 1018 2080 1075 opus
2097 1020 2166 1060 ne
2181 1004 2474 1070 faciatis,et
2486 1020 2558 1060 ne
2569 1004 2778 1060 exeatis
2792 1019 2891 1074 per
2905 1010 3093 1075 portas
3114 1001 3441 1064 Jerusalem,
3462 1007 3512 1053 el

1941 1111 2011 1151 ne
2033 1096 2330 1165 exportetis
2357 1111 2528 1151 onera
2549 1111 2580 1151 e
2605 1095 2858 1150 domibus
2887 1095 3088 1150 vestris
3110 1094 3166 1148 in
3197 1094 3284 1149 die
3308 1091 3516 1148 Sabba-
3619 1113 3621 1115 ί

1943 1172 2145 1248 torum,
2173 1193 2229 1239 et
2253 1200 2414 1241 omne
2437 1202 2577 1257 opus
2596 1201 2666 1242 ne
2707 1185 2924 1241 faciatis
2950 1205 2962 1239 :
2989 1185 3324 1242 sanctificate
3371 1184 3518 1239 diem

1941 1274 2328 1341 Sabbatorum,
2353 1277 2496 1332 sicut
2517 1276 3018 1348 praeeepipatribus
3048 1277 3249 1335 vestris
3275 1293 3290 1342 ;
3328 1283 3385 1331 et
3409 1290 3521 1331 non

1942 1367 2238 1422 audierunt
2286 1383 2466 1438 neque
2516 1369 2918 1424 inclinaverunt
2963 1384 3178 1424 aurem-
3219 1382 3398 1433 suam,
3465 1375 3523 1421 et

1943 1457 2358 1513 obduraverunt
2389 1459 2658 1515 cervicem
2682 1475 2837 1515 suam
2863 1460 2986 1530 plus
3010 1467 3389 1530 quam-patres
3422 1473 3522 1512 eo-

1945 1564 2089 1614 rum,
2120 1564 2189 1604 ne
2233 1549 2493 1605 audirent
2537 1565 2646 1615 me,
2682 1566 2862 1622 neque
2891 1552 3238 1622 perciperent
3273 1548 3521 1620 discipli-

1944 1655 2074 1693 nam
2105 1640 2172 1694 ⁸¹.
2206 1659 2224 1692 ι
2253 1640 2374 1695 Non
2397 1641 2572 1697 solum
2600 1641 2806 1720 igitur,
2833 1649 2894 1696 ut
2917 1642 2984 1696 ab
3007 1641 3157 1697 omni
3193 1656 3382 1712 Opere-
3400 1656 3520 1694 ces-

1947 1737 2138 1783 sarent
2181 1727 2455 1796 Sabbato,
2507 1732 2706 1802 jussit,
2767 1732 2862 1788 sed
2930 1748 3000 1789 ne
3067 1747 3238 1788 onera
3297 1731 3522 1802 quidem

272 1819 542 1875 παιδείαν.
595 1841 613 1871 ι
648 1823 722 1876 Ού
757 1824 917 1893 μόνον
953 1823 1018 1893 δὴ
1047 1818 1142 1879 οὖν
1185 1824 1247 1878 τὸ
1291 1823 1418 1877 δεῖν¹
1442 1823 1619 1896 ἔργουι
1638 1821 1840 1885 παντὸς

1962 1822 2229 1888 afferrent,
2255 1839 2393 1879 neve
2415 1832 2568 1880 extra
2605 1835 2794 1895 portas
2813 1827 3116 1882 Jerusalem
3142 1827 3379 1882 exirent.

269 1911 604 1983 καταλήγειν
652 1913 711 1966 ὲν
771 1914 1034 1986 Σαϐϐάτῳ
1075 1915 1468 1987 προστέταχεν,
1524 1913 1662 1970 ἀλλὰ
1725 1914 1822 1968 καὶ⁸
1885 1913 2248 1988 βαστάγματα
2300 1916 2376 1988 μὴ
2421 1917 2698 1989 ἐκφέρειν,
2742 1921 2879 1990 μήτε
2920 1921 3026 1990 μὴν
3071 1919 3376 1992 ἐξοίχεσθαί
3430 1934 3524 1971 ποι
3639 1993 3644 1996 _

271 2004 590 2075 περαιτέρω
618 2005 802 2059 πυλῶν
844 2006 1223 2078 Ἰερουσαλήμ.

338 2097 556 2151 ΠΛΛΛ.
594 2098 728 2152 Εἶτα
757 2099 840 2164 τίς
863 2099 930 2156 ἂν
955 2101 1041 2173 εἴη
1072 2102 1166 2156 καὶ⁸
1194 2102 1398 2158 τούτων
1430 2104 1458 2156 ὁ
1481 2102 1637 2172 λόγος
1657 2121 1682 2170 ;.

340 2275 512 2330 ΚΥΡ.
549 2276 756 2349 Νοητὸς
796 2278 860 2350 δὴ
891 2280 988 2336 καὶ
1019 2282 1408 2354 πνευματικὸς,
1445 2282 1540 2336 καὶ
1591 2282 1852 2335 ἐπέκεινα.

268 2366 382 2420 τῶν
434 2365 648 2432 τύπων,
700 2371 795 2423 καὶ
843 2372 1003 2434 σκιᾶς
1031 2373 1283 2442 ἀμείνων
1325 2373 1427 2443 τῆς
1468 2372 1848 2442 ἀρχαιοτέρας.

271 2460 486 2531 Ἔργου
538 2459 634 2530 μὲν
674 2459 782 2532 γὰρ
823 2462 917 2514 τοῦ
958 2463 1097 2532 πρὸς
1125 2463 1440 2536 φαυλότητα
1475 2465 1851 2536 τετραμμένου

267 2567 328 2604 τε
366 2551 470 2604 καὶ
517 2549 806 2620 βλέποντος
841 2553 922 2618 είς
963 2553 1259 2625 κατάληξιν
1309 2554 1448 2608 ίέναι
1483 2555 1696 2608 κελεύει
1727 2555 1854 2617 τοὺς

269 2645 327 2696 ὲν
364 2643 594 2715 Χριστῷ
618 2646 1065 2713 σαϐϐατίζοντας,
1099 2646 1395 2718 βάσταγμὰ
1411 2663 1475 2715 γε
1500 2646 1606 2718 μὴν
1631 2645 1856 2716 ὲπωμά-

267 2732 379 2785 διον
409 2732 682 2788 ποιεῖσθαι
735 2733 920 2805 μηδέν.
960 2734 1099 2798 Τοὺς
1141 2734 1251 2807 γὰρ
1298 2734 1447 2803 ἅπαξ
1481 2735 1571 2789 διὰ
1617 2735 1719 2806 τῆς
1761 2736 1854 2788 πί-

269 2843 446 2890 στεως
475 2827 540 2880 τὸ
571 2827 849 2882 δύσοιστον
867 2828 1082 2900 ἀληθῶς
1105 2829 1206 2901 τῆς
1234 2830 1510 2902 ἁμαρτίας
1537 2831 1702 2903 ἄχθος
1720 2832 1855 2886 ἀπο-

269 2916 640 2989 ϐεϐληκότας,
679 2919 798 2983 πιῖις
833 2920 936 2974 οὐκ
966 2919 1314 2989 ἀπόπληκτον
1348 2922 1626 2987 παντελῶς
1666 2923 1729 2976 τὸ
1763 2923 1860 2978 καὶ

267 3009 350 3073 εἰς
370 3005 478 3063 αῦθ
488 3027 540 3075 ις
555 3009 703 3082 αύτῷ
725 3011 1222 3082 καταφορτίζεσθαι
1241 3013 1373 3081 δεῖν,
1403 3016 1497 3069 καὶ
1528 3014 1860 3068 ὑποπίπτειν

268 3101 495 3156 ἑλέσθαι
540 3101 704 3157 πάλιν
732 3104 845 3168 τοῖς
865 3105 945 3168 είς
976 3104 1288 3176 φαυλότητα
1311 3105 1534 3174 ζυγοῖς;
1570 3105 1762 3159 Πυλῶν
1800 3106 1863 3160 δὲ.

266 3193 404 3248 εῐσω
451 3192 708 3258 καθίζειν
750 3194 862 3248 τῶν
897 3195 1000 3265 τῆς
1039 3195 1416 3268 Ἰερουσαλὴμ,
1448 3197 1511 3250 τὸ
1549 3197 1628 3269 μὴ
1663 3197 1860 3268 χρῆναι

268 3286 486 3351 πόλεως
517 3287 672 3358 ἡμᾶς
700 3285 800 3356 τῆς
825 3285 987 3355 ἁγίας
1005 3286 1464 3357 άπονοσφίζεσθαι
1481 3287 1692 3350 τυπῶν,
1723 3289 1862 3358 μήτε

2015 2099 2180 2170 229
2200 2099 2397 2155 PALL.
2425 2097 2532 2155 Sed
2557 2114 2803 2170 quaenam
2843 2100 3040 2156 horum
3083 2116 3301 2173 quoque
3337 2103 3525 2160 afferri

1951 2199 2133 2262 potest
2165 2192 2352 2248 ratio?
2382 2210 2384 2212 ν

2020 2283 2178 2339 CYR.
2217 2283 2531 2356 Spiritualis
2558 2301 2689 2342 sane
2722 2294 2780 2342 et
2805 2285 3076 2350 sublimis,
3109 2292 3168 2341 et
3189 2286 3379 2360 ﬁguris
3402 2303 3525 2342 um-

1951 2375 2178 2447 brisque
2219 2376 2328 2431 illis
2350 2377 2631 2433 veteribus
2652 2378 3020 2451 praestantior.
3067 2377 3175 2433 Eos
3214 2379 3384 2443 enim,
3425 2379 3521 2449 qui

1953 2466 2010 2520 in
2030 2465 2249 2522 Christo
2271 2466 2568 2523 Sabbatum
2581 2478 2766 2539 agunt,
2787 2470 2856 2523 ab
2872 2484 3058 2539 opere,
3081 2469 3227 2538 quod
3243 2469 3311 2524 ad
3332 2470 3527 2524 vitium

1952 2555 2135 2627 vergit
2152 2572 2217 2611 ac
2240 2565 2473 2626 spectat,
2499 2573 2715 2612 cessare
2750 2558 2928 2628 jubet,
2975 2559 3341 2627 prohibetque
3388 2574 3528 2612 onus

1953 2647 2125 2704 ullum
2143 2647 2389 2703 humeris
2401 2649 2684 2719 imponere
2705 2667 2719 2700 :
2737 2663 2863 2702 nam
2883 2649 3159 2719 quomodo
3175 2664 3284 2703 non
3303 2661 3529 2702 summa:

1956 2740 2181 2796 insaniae
2203 2740 2294 2806 sit,
2313 2740 2409 2810 qui
2432 2741 2601 2795 semel
2623 2757 2723 2811 per
2745 2739 2907 2795 ﬁdem
2930 2755 3072 2796 onus
3114 2739 3324 2811 peccati
3369 2739 3530 2809 plane

1955 2830 2335 2902 gravissimum
2371 2831 2690 2902 abjecerint,
2719 2847 2814 2887 eos
2857 2832 2992 2886 illud
3012 2831 3157 2887 idem
3199 2831 3306 2887 sibi
3348 2830 3530 2885 denuo

1957 2923 2260 2994 imponere,
2287 2930 2343 2977 et
2367 2923 2851 2992 rursusnequitim
2866 2925 3058 2994 jugum
3082 2932 3276 2992 sponte
3300 2921 3532 2976 subire?

1957 3011 2162 3068 Sedere
2185 3020 2369 3067 autem
2399 3013 2541 3067 intra
2566 3020 2753 3082 portas
2793 3013 3094 3068 Jerusalem
3139 3012 3194 3067 id
3239 3011 3529 3082 signiﬁcat,

1956 3119 2068 3159 non
2091 3119 2213 3159 esse
2235 3103 2396 3158 nobis
2423 3103 2493 3158 de
2517 3110 2705 3158 saneta
2729 3103 2949 3157 civitate
2975 3103 3392 3167 discedendum,
3436 3119 3534 3157 ne-

1958 3209 2065 3263 que
2087 3192 2542 3250 committendum
2585 3200 2666 3257 ut,
2697 3192 2828 3245 dum
2854 3192 2922 3246 ad
2945 3191 3094 3246 aliud
3148 3191 3410 3261 quiddam
3450 3191 3536 3246 di-

1957 3284 2246 3348 vertimus,
2286 3291 2441 3338 extra
2482 3283 2723 3337 feramur
2751 3291 2918 3352 atque
2963 3283 3232 3340 labamur.
3279 3283 3532 3338 Sanctam

269 3377 379 3451 μὴν
414 3378 531 3446 ἔξω
561 3377 821 3452 φέρεσθαι
848 3381 944 3433 καὶ
971 3377 1285 3433 άπολισθεῖν
1311 3379 1509 3450 ἐφιεὶς,
1535 3379 1624 3432 διὰ
1653 3379 1752 3448 τῆς
1779 3381 1856 3442 είς

1962 3391 2090 3431 vero
2113 3375 2388 3429 civitatem
2420 3373 2718 3427 Ecclesiam
2743 3374 2929 3444 accipe
2959 3393 2972 3426 :
2996 3376 3109 3445 jam
3129 3374 3277 3428 enim
3299 3376 3534 3430 nonnul~

264 3470 460 3544 ἕτερόν
488 3488 552 3526 τι.
581 3471 966 3544 παρατροπῆς.
1007 3472 1197 3543 Ἀγίαν
1221 3472 1279 3526 δὲ
1309 3473 1466 3526 πόλιν
1496 3473 1729 3543 νοήσεις,
1762 3469 1865 3539 τὴν

277 3563 648 3634 Ἐκκλησίανο
681 3563 784 3635 ήδη
813 3565 922 3635 γάρ
947 3563 1050 3617 πού
1081 3580 1250 3630 τινες,
1279 3564 1372 3617 διὰ
1395 3565 1493 3633 τῆς
1515 3565 1596 3628 είς
1626 3562 1862 3634 Χριστὸν

227 3691 232 3693 -
266 3658 517 3717 πίστεως
549 3654 1118 3728 ἑκλελαμπρυσμένοι,
1148 3656 1647 3729 ἅποφορτισάμενοί
1677 3673 1737 3710 τε
1764 3657 1864 3727 τὴν

270 3748 510 3822 βέϐηλον
549 3747 849 3820 ἁμαρτίαν,
883 3746 1016 3802 εἴσω
1046 3764 1106 3802 τε
1136 3746 1322 3801 πυλῶν
1366 3747 1651 3817 γεγονότες
1688 3747 1865 3817 ἁγίων

265 3840 362 3896 τοῦ
403 3843 574 3897 οἴκου
603 3840 698 3895 τοῦ
725 3840 882 3904 Θεοῦ,
909 3838 1395 3912 παρεκομίσθησαν
1430 3842 1510 3904 είς
1536 3841 1863 3909 ἀπόστασιν,

265 3936 314 3985 εἰ
333 3935 434 3987 καὶ¹
473 3933 558 4005 μὴ
597 3933 732 4003 πρὸς
753 3932 971 4003 ἐμφανῆ
1004 3929 1188 4002 τυχδν,
1210 3931 1326 3984 ἀλλ’
1353 3925 1446 3986 οῦν
1475 3932 1734 4004 ἐξήλαντο
1761 3934 1866 4005 τῆς

266 4027 434 4094 ἁγίας
464 4026 674 4096 πύλης.
701 4023 797 4096 ἔθη
818 4024 1150 4096 τιμήσαντες
1176 4024 1574 4095 είδωλοπρεπῆ.
1619 4024 1764 4079 Εῐσω
1799 4026 1866 4098 δὴ

265 4113 360 4170 οὖν
409 4115 702 4187 καθῆσθαι
750 4113 935 4168 πυλῶν
990 4115 1118 4179 τοὺς
1174 4115 1382 4186 νοητῶς
1441 4115 1866 4181 σαϐϐατίζοντας

269 4204 727 4278 κεχρησμῴδηκε
748 4203 907 4268 Θεὸς,
937 4203 1000 4258 τὸ
1037 4203 1282 4273 ἀσφαλές
1309 4222 1370 4258 τε
1403 4205 1500 4260 καὶ
1529 4207 1864 4278 άνεξίτηλον,

270 4297 366 4350 καὶ
400 4297 469 4350 τὸ
527 4295 760 4367 μηδαμῆ
801 4295 1003 4367 χρῆναι
1032 4296 1402 4368 ξπαρολισθείν
1444 4299 1544 4371 τῆς
1593 4300 1674 4363 είς
1703 4299 1868 4354 αὐτὸν

269 4389 678 4461 γνησιότητος,
723 4388 820 4442 τοῦ
845 4388 1018 4444 τύπου
1065 4390 1439 4461 σημαίνοντος.
1481 4391 1605 4444 Ὅτι
1639 4391 1696 4445 δὲ
1728 4390 1868 4446 Θεοῦ

268 4481 432 4538 πόλις
477 4483 516 4552 ἡ
567 4480 887 4552 Ἐκκλησία,
939 4481 1173 4553 μάλιστα
1227 4481 1327 4551 μὲν
1363 4481 1657 4552 ἀναϐοήσει
1708 4481 1802 4534 καὶ
1839 4482 1869 4535 ὁ

267 4571 439 4625 Δαϐὶδ
496 4572 715 4641 λέγων’
768 4590 786 4624 ι
822 4572 1196 4644 Δεδοξασμένα
1244 4571 1479 4643 ἐλαλήθη
1511 4572 1638 4643 περὶ
1681 4572 1802 4640 σοῦ,
1832 4574 1867 4644 ἡ

267 4663 430 4726 πόλις
459 4662 566 4718 τοῦ
609 4662 768 4716 Θεοῦο
805 4682 824 4716 ι
872 4663 976 4734 πλη
987 4666 1277 4736 ροφορήσει
1307 4664 1366 4718 δέ
1394 4682 1496 4718 που
1527 4665 1623 4718 καὶ
1648 4664 1808 4728 αὐτὸς
1840 4667 1868 4718 ὁ

267 4755 471 4829 Σωτὴρ
501 4754 642 4826 περὶ
674 4756 842 4828 αὐτῆς
874 4755 1079 4825 λέγων’
1111 4751 1237 4810 Ὧδε
1261 4757 1575 4828 κατοικήσω
1596 4757 1677 4810 ὅτι
1695 4757 1870 4827 ᾑρετι-

267 4847 461 4918 σάμην
490 4847 697 4918 αὑτήν.
731 4865 750 4898 ι
872 4848 886 4860 ‘

339 4942 568 4995 HAAA.
630 4943 869 5012 Ἀραρεν
915 4938 1029 5005 οῦν,
1067 4944 1148 4996 ὅτι
1186 4943 1386 5007 παντὸς
1433 4943 1596 5014 ἔργου
1632 4942 1870 4996 καταλύ-

264 5049 444 5104 σομεν
473 5035 538 5086 ὲν
573 5031 862 5103 Σαϐϐάτῳ,
890 5032 1032 5086 κατά
1068 5049 1130 5101 γε
1162 5033 1223 5086 τὸ
1244 5032 1510 5107 νομοθέτῃ
1537 5032 1748 5088 δοκοῦν.

337 5205 520 5259 ΚΥΡ.
565 5202 649 5258 Οὐ
681 5206 879 5270 παντὸς
926 5205 1132 5270 ἁπλῶς,
1165 5201 1210 5260 ὦ
1239 5207 1531 5262 Παλλάδιε’
1577 5210 1638 5262 τὸ
1657 5209 1764 5280 γάρ
1790 5225 1872 5262 τοι.

263 5296 471 5366 χρῆναι
514 5297 748 5365 φρονεῖν
792 5313 852 5348 τε
902 5297 996 5350 καὶ
1046 5297 1178 5368 δρᾷν
1228 5298 1296 5351 τὰ
1337 5300 1420 5369 ἐφ’
1470 5294 1551 5363 οἷς
1583 5299 1648 5354 ἂν
1693 5300 1874 5371 ἥδοιτο

260 5385 425 5451 θεὸς,
455 5384 565 5440 καὶ
592 5383 660 5437 ού
711 5386 936 5457 μετρίαν
967 5387 1076 5459 ἔχοι
1107 5378 1210 5460 τήν
1241 5388 1447 5461 ὄνησιν,
1480 5390 1580 5444 οὐκ
1618 5392 1874 5444 ἐπαινου-

263 5475 446 5547 μένην
510 5475 589 5530 av
655 5475 948 5542 είσδέξαιτο
990 5479 1089 5550 τὴν
1154 5480 1470 5550 κατάληξιν.
1514 5481 1874 5552 Προστέθεικε

261 5566 376 5640 γὰρ
415 5567 486 5622 οὐ
519 5565 734 5638 μάτην,
763 5568 838 5632 ὥς
863 5569 925 5638 γέ
961 5587 1051 5641 μοι
1074 5571 1240 5637 δοκεῖ,
1273 5571 1332 5624 τὸ
1357 5572 1596 5645 Γράμμα
1617 5573 1675 5627 τὸ
1705 5573 1870 5644 ἱερὸν,

373 5747 568 5806 "Jer.
629 5759 758 5811 xvn,
798 5745 862 5800 l9
904 5763 1053 5820 seqq.
1125 5752 1168 5784 ι’
1200 5753 1342 5808 Psal.
1375 5768 1582 5816 txxxvr,
1613 5753 1664 5805 '5.

1960 3467 2020 3533 li,
2046 3467 2139 3537 qui
2159 3466 2264 3521 ﬁde
2291 3467 2350 3519 in
2371 3464 2650 3520 Christum
2674 3465 2810 3520 clari
2834 3465 3072 3530 fuerant,
3099 3473 3155 3522 et
3179 3466 3386 3521 nefaria
3410 3482 3534 3536 pec-

1961 3561 2068 3614 cati
2094 3559 2307 3618 sarcina
2338 3557 2642 3622 exonerati,
2665 3565 2722 3613 et
2744 3557 2892 3614 intra
2937 3567 3156 3614 sanctas
3199 3558 3394 3614 domus
3437 3559 3536 3614 Dei

1961 3661 2151 3723 portas
2173 3651 2428 3723 ingressi,
2453 3650 2523 3706 ad
2568 3650 2931 3706 defectionem
2974 3660 3104 3706 sunt
3125 3658 3288 3721 atque
3315 3660 3535 3721 apostar-

1963 3745 2102 3800 siam
2148 3743 2334 3809 delati,
2374 3743 2479 3799 etsi
2521 3758 2632 3800 non
2677 3750 2920 3813 apertam
2951 3741 3204 3808 fortasse,
3233 3751 3288 3797 at
3331 3752 3480 3797 certe
3505 3758 3537 3796 e

1964 3845 2154 3892 sancta
2195 3845 2353 3907 porta
2397 3835 2724 3890 exsilierunt
2750 3875 2766 3898 ,
2810 3835 2958 3904 quod
3016 3849 3201 3890 mores
3250 3834 3538 3889 hominum

1966 3929 2130 3984 idolis
2153 3928 2466 3984 deditorum
2493 3926 2673 3998 magni
2701 3925 2963 3981 facerent.
2991 3927 3139 3981 lntra
3161 3934 3347 3996 portas
3372 3926 3539 3997 igitur

1966 4019 2158 4073 sedere
2183 4059 2197 4083 ,
2229 4017 2536 4072 Sabbatum
2577 4015 2940 4085 spiritualiter
2994 4023 3238 4085 agentes,
3279 4015 3540 4083 prazcepit

1965 4107 2112 4162 Deus
2139 4125 2152 4160 :
2178 4123 2299 4176 quae
2324 4105 2496 4176 ﬁgura
2528 4103 2798 4174 signiﬁcat
2843 4102 3158 4157 ﬁrmitatem
3199 4109 3364 4170 atque
3409 4109 3539 4156 cori-

1967 4200 2246 4264 stantiam,
2269 4207 2327 4253 et
2351 4211 2619 4266 nusquam
2647 4196 2715 4249 ab
2756 4195 2905 4248 illius
2928 4194 3143 4247 sincero
3169 4207 3540 4262 germanoque

1967 4290 2120 4345 cultu
2157 4289 2320 4344 nobis
2360 4303 2482 4343 esse
2512 4285 2926 4342 discedendum.
2962 4284 3096 4338 Esse
3133 4291 3314 4337 autem
3351 4283 3540 4338 Eccle-

1969 4382 2106 4437 siam
2156 4381 2254 4436 Dei
2304 4380 2617 4443 civitatem,
2670 4377 3015 4447 apertissime
3069 4383 3302 4430 testatur
3344 4375 3538 4441 David,

1969 4489 2095 4530 cum
2118 4473 2186 4528 de
2217 4472 2306 4527 illa
2327 4472 2491 4527 dicit:
2525 4490 2542 4522 ι
2561 4469 2810 4527 Gloriosa
2835 4469 2980 4523 dicta
3003 4474 3132 4523 sunt
3153 4465 3222 4521 de
3250 4474 3324 4532 te,-
3347 4466 3540 4522 civitas

1970 4565 2066 4619 Dei
2103 4563 2168 4615 θ’.
2195 4582 2212 4614 ι
2259 4562 2380 4631 Ipse
2415 4576 2633 4631 quoque
2677 4559 2929 4613 Salvator
2971 4557 3337 4613 certissimam
3377 4556 3540 4612 ﬁdem

1971 4655 2100 4710 facit
2124 4655 2192 4709 de
2218 4655 2329 4719 illa,
2357 4653 2584 4709 dicens:
2618 4672 2636 4704 ι
2668 4653 2768 4708 llic
2797 4651 3074 4722 habitabo,
3108 4650 3368 4720 quoniam
3401 4650 3542 4720 elegi

1971 4763 2092 4804 eam
2116 4747 2182 4802 ⁸⁸.
2217 4767 2236 4798 ι

2046 4925 2242 4982 PALL.
2260 4925 2592 4981 Conclusam
2617 4934 2702 4982 est
2726 4925 2911 4995 igitur,
2938 4925 3006 4980 ab
3031 4922 3373 4991 omniopere
3396 4920 3544 4975 desi-

1974 5018 2233 5075 stendum
2261 5018 2316 5074 in
2379 5017 2656 5083 Sabbato,
2714 5029 2774 5071 ut
2820 5025 2972 5072 certe
3025 5016 3324 5088 legislatori
3365 5016 3546 5071 visum

1975 5123 2078 5168 est.

2041 5205 2198 5261 CYR.
2222 5205 2340 5260 Non
2367 5204 2435 5258 ab
2460 5204 2607 5260 omni
2623 5217 2870 5273 prorsus,
2896 5201 3139 5272 inquam,
3164 5199 3367 5256 Palladi
3389 5218 3401 5251 :
3421 5212 3546 5251 nam

1973 5297 2040 5352 ab
2065 5297 2131 5351 iis
2173 5283 2476 5367 cogitandis
2511 5303 2674 5364 atque
2700 5292 2986 5358 faciendis,
3012 5309 3133 5362 qua
3158 5293 3271 5346 Deo
3305 5291 3544 5359 placent.

1973 5398 2030 5445 et
2055 5403 2176 5458 quae
2200 5404 2311 5442 non
2333 5385 2666 5440 mediocrem
2690 5384 2894 5439 habent
2914 5385 3203 5438 utilitatem
3224 5422 3238 5445 ,
3267 5395 3547 5449 nunquam

1974 5479 2324 5535 laudabiliter
2346 5476 2548 5532 cessari
2573 5483 2772 5546 potest.
2796 5475 2984 5545 Neque
3025 5474 3172 5529 enim
3216 5471 3420 5525 frustra
3467 5468 3550 5537 (ut

1979 5571 2115 5626 mihi
2153 5566 2641 5640 quidem.videtur)
2688 5567 3053 5638 adjunxcrnnt
3090 5578 3260 5620 sacrae
3302 5561 3546 5622 Litterae,

1743 5753 1786 5782 ⁸³
1821 5749 1962 5806 Paul.
1995 5765 2168 5810 (.xxxr,
2204 5749 2279 5802 15.
