3966 6298
455 295 562 351 503

1483 294 1540 349 S.
1581 296 1855 352 CYRILLI
1893 300 2364 356 ALEXANDRINI
2401 299 2714 356 ARCHIEP.

453 410 548 462 τοῦ
585 411 887 482 μυστηρίου
953 410 1050 481 τὴν
1082 410 1331 480 δύναμιν,
1400 409 1763 480 ἀθετήσαντές
1827 431 1882 467 τε
1917 416 2009 467 καὶ
2069 417 2452 488 ἀτιμάσαντες,
2483 419 2530 470 εἰ
2557 416 2649 468 καὶ
2673 411 2740 486 ἦν
2771 415 2827 467 ἐν
2851 414 3039 477 τύποις
3072 413 3149 466 ἔτι

523 526 722 582 PALL.
760 525 1082 581 Rectissime
1105 532 1190 579 est
1213 531 1318 579 ate
1347 525 1575 582 dictum.

516 617 674 673 CYR.
719 615 1012 674 Justiiicari
1059 631 1160 669 nos
1204 623 1386 670 autem
1443 619 1632 688 gratis,
1674 636 1771 690 per
1793 623 2025 692 gratiam

447 727 570 782 quae
626 721 708 764 est
769 709 824 762 in
873 707 1124 769 Christo,
1168 709 1485 778 nullamque
1532 726 1628 779 pro
1693 722 1878 767 nostra
1917 715 2027 769 vita

447 799 932 856 commutationem
968 814 1032 853 ac
1053 798 1290 869 pretium
1331 800 1550 864 afferre,
1579 817 1758 870 neque
1798 803 2026 872 gloriam

443 892 717 948 libertatis
754 906 960 954 emere,
989 891 1083 946 sed
1110 907 1224 946 rem
1251 899 1454 946 tantam
1495 892 1832 962 benignitate
1862 904 2027 965 atque

443 983 736 1038 clementia
759 983 972 1038 Domini
1001 984 1226 1048 lucrari,
1259 984 1628 1054 praaiiguravit
1653 985 1706 1038 in
1755 986 2025 1042 Deutero-

442 1075 649 1138 nomio,
674 1074 905 1130 dicens:
948 1093 966 1126 ι
1001 1074 1246 1149 Septimo
1279 1091 1498 1144 quoque
1544 1093 1690 1130 anno
1732 1077 1900 1132 facies
1938 1096 2026 1134 re-

441 1167 778 1221 missionem.
809 1166 899 1222 Sic
925 1183 1055 1222 vero
1093 1167 1258 1221 habet
1282 1176 1615 1237 praaceptum
1642 1169 1984 1225 remissionis
2010 1189 2023 1222 :

441 1257 696 1312 Dimittes
718 1272 882 1314 omne
934 1255 1180 1312 debitum
1225 1257 1530 1326 preprium,
1556 1258 1703 1326 quod
1738 1259 1902 1313 debet
1930 1259 2028 1313 tibi

439 1348 727 1418 proximus
759 1356 904 1412 tuus,
961 1356 1016 1402 et
1047 1362 1077 1400 a
1118 1346 1286 1401 fratre
1328 1357 1420 1401 tuo
1464 1363 1574 1402 non
1623 1357 1860 1418 repetes,
1900 1349 2027 1418 quia

441 1440 648 1495 indicta
669 1447 754 1494 est
792 1439 1046 1495 remissio
1071 1440 1304 1494 Domino
1331 1441 1443 1494 Deo
1486 1449 1600 1504 tuo,
1641 1441 1710 1494 ab
1738 1441 1915 1494 alieno
1939 1457 2028 1494 re-

439 1540 594 1602 petes
637 1531 1005 1602 quodcunque
1055 1531 1224 1590 fuerit
1277 1532 1380 1586 tibi
1423 1531 1569 1602 apud
1607 1531 1785 1607 ipsum
1824 1550 1835 1584 :
1871 1531 2029 1592 fratri

439 1638 572 1677 vero
599 1633 693 1678 tuo
727 1623 1110 1678 remissionem
1165 1623 1334 1678 facies
1365 1624 1487 1693 ejus
1532 1623 1798 1692 pecuniae,
1861 1637 2026 1691 quam

441 1715 542 1768 tibi
569 1713 753 1779 debet,
779 1715 906 1784 quia
935 1729 1044 1768 non
1068 1713 1171 1768 erit
1215 1713 1358 1783 apud
1389 1723 1440 1767 te
1471 1729 1674 1784 egens;
1710 1714 1837 1782 quia
1859 1713 2028 1768 bene-

446 1803 636 1858 dicens
663 1803 951 1858 benedicet
1002 1803 1099 1857 tibi
1144 1802 1405 1857 Dominus
1427 1803 1573 1856 Deus
1601 1809 1726 1856 tuus
1761 1801 1815 1854 in
1855 1810 2022 1866 terra,

2053 544 2102 598 Α
2202 535 2410 587 ΠΑΛΛ.
2467 532 2762 603 Ὀρθότατα
2783 529 2940 600 ἔφης.

2205 624 2367 676 ΚΥΡ.
2409 621 2776 691 Δικαιούμεθα
2804 621 2859 674 δὲ
2887 623 2968 674 ὅτι
2998 620 3204 690 δωρεὰν
3233 621 3321 676 διὰ
3347 620 3572 693 χάριτος
3612 622 3715 685 τῆς

2131 716 2189 766 ὲν
2221 713 2460 784 Χριστῷ,
2487 716 2584 782 τῆς
2615 711 2818 765 ἑαυτῶν
2848 711 2993 783 ζωῆς
3025 712 3380 782 ἀντάλλαγμα
3408 730 3707 784 προσενεγ-

2132 807 2317 869 κόντες
2378 805 2549 869 οὐδὲν,
2630 803 2745 858 ἀλλ’
2788 803 2908 857 οὐδὲ
2948 803 3047 873 τὴν
3097 804 3194 872 τῆς
3252 803 3566 874 ἐλευθερίας
3622 807 3714 862 ὲκ-

2135 897 2424 966 πριάμενοι
2474 894 2651 959 δόξαν,
2709 894 3008 966 ἡμερότητι
3069 895 3127 947 δὲ
3174 896 3272 950 καὶ
3329 895 3711 966 φιλανθρωπίᾳ

2130 983 2430 1052 Δεσποτικῇ
2456 980 2517 1033 τὸ
2562 983 2745 1052 χρῆμα
2784 981 3173 1050 κερδαίνοντες,
3211 982 3492 1037 ὑπετύπου
3536 983 3710 1050 λέγων

2130 1073 2188 1124 ὲν
2235 1071 2314 1141 τῷ
2372 1072 2814 1142 Δευτερονομίῳ·
2871 1091 2890 1123 ι
2953 1073 3028 1124 Δι’
3067 1072 3208 1126 έπτά
3268 1073 3405 1126 ἑτῶν
3459 1074 3712 1142 ποιήσεις

2131 1162 2346 1231 ἄφεσιν.
2398 1164 2509 1217 Καὶ
2561 1162 2733 1226 οὕτως
2797 1164 2857 1216 τὸ
2903 1163 3232 1235 πρόσταγμα
3285 1165 3384 1232 τῆς
3423 1165 3706 1236 ἀφέσεως,

2129 1256 2359 1325 ἀφήσεις
2385 1259 2492 1310 πᾶν
2523 1254 2680 1326 χρέος
2707 1256 2856 1319 ἴδιον,
2889 1255 2918 1308 ὃ
2947 1255 3152 1323 ὀφείλει
3184 1272 3267 1307 σοι
3287 1255 3558 1325 όπλησίον
3591 1273 3709 1316 σου.

2130 1345 2334 1399 καὶτὸν
2361 1345 2588 1414 ἀδελφόν
2620 1363 2712 1400 σου
2738 1347 2838 1399 οὐκ
2866 1347 3194 1417 ἀπαιτήσεις
3223 1346 3251 1398 ὃ
3281 1345 3374 1398 ἐὰν
3467 1363 3549 1399 σοι
3577 1348 3713 1419 παρ’

2128 1435 2278 1506 αὐτῷ
2299 1451 2311 1464 ·
2344 1435 2420 1508 τῷ
2451 1437 2507 1489 δὲ
2539 1436 2753 1508 ἀδελφῷ
2782 1454 2873 1491 σου
2903 1436 3097 1507 ἄφεσιν
3119 1437 3363 1508 ποιήσεις
3383 1437 3476 1490 τοῦ
3513 1437 3709 1508 χρέους

2132 1543 2246 1590 σου,
2272 1528 2354 1581 ὅτι
2382 1531 2483 1583 οὐκ
2511 1527 2661 1590 ἔσται
2695 1531 2752 1583 ὲν
2784 1529 2866 1582 σοὶ
2901 1529 3117 1593 ἐνδεής·
3152 1531 3234 1582 ὅτι
3269 1530 3508 1597 εὐλογῶν
3558 1529 3709 1584 εὐλο-

2128 1621 2288 1690 γήσει
2330 1637 2388 1672 σε
2430 1621 2634 1691 Κύριος
2671 1623 2699 1674 ὀ
2727 1621 2860 1686 Θεός
2895 1637 3011 1683 σου,
3047 1623 3105 1675 έν
3141 1624 3207 1692 τῇ
3250 1625 3342 1692 γῇ,
3448 1621 3653 1692 Κύριος
3679 1626 3710 1677 ὁ

2128 1711 2260 1775 Θεός
2302 1728 2394 1765 σου
2443 1711 2628 1765 δίδωσί
2675 1729 2758 1765 σοι
2813 1715 2871 1766 ὲν
2917 1712 3105 1783 κλήρῳ
3151 1713 3707 1784 κατακληρονομῆσαι

2129 1804 2318 1874 αὐτὴν.
2363 1823 2383 1855 ι
2429 1805 2590 1875 Ὀρᾶς
2635 1805 3106 1876 διαστράπτουσαν
3152 1807 3211 1858 ὲν
3241 1808 3361 1869 ταῖς
3401 1811 3582 1870 σκιαῖς
3609 1809 3706 1878 τὴν

441 1910 603 1968 quam
653 1895 918 1948 Dominus
968 1895 1114 1949 Deus
1154 1902 1280 1947 tuus
1321 1893 1411 1947 dat
1446 1893 1564 1956 tibi,
1605 1902 1664 1950 ut
1708 1893 2025 1948 lmreditate

2133 1895 2420 1968 ἀλήθειαν;
2467 1896 2870 1968 Ἐναργέστατα
2899 1896 3008 1966 γὰρ
3027 1895 3121 1955 τοῦ
3146 1897 3398 1968 Σωτῆρος
3422 1899 3580 1968 ἡμῶν
3608 1899 3706 1968 τὴν

441 1984 720 2062 possideas
745 1999 865 2038 eam
890 1987 951 2038 ⁸⁸.
989 2005 1006 2035 ι
1039 1984 1199 2040 Vides
1224 1983 1430 2055 fulgere
1462 1984 1606 2038 inter
1632 1984 1853 2039 umbras
1885 1985 2026 2038 veri-

443 2078 645 2129 tatem?
712 2077 771 2131 id
819 2077 966 2131 enim
1016 2092 1234 2146 quoque
1275 2076 1685 2132 evidentissime
1729 2075 2026 2130 Salvatoris

440 2167 615 2222 nostri
663 2167 1118 2238 gubernationem
1151 2209 1164 2233 ,
1203 2183 1312 2237 qua
1361 2183 1460 2222 nos
1504 2168 1662 2238 regit,
1735 2167 2024 2222 ostendere

441 2266 638 2334 potest.
665 2259 801 2314 Nam
822 2260 913 2329 qui
949 2275 1048 2329 per
1086 2258 1247 2313 fidem
1273 2274 1443 2328 prope
1467 2259 1621 2312 illum
1650 2266 2022 2322 accesserunt,

439 2357 516 2416 et,
544 2362 804 2421 percepto
829 2351 1038 2421 Spiritu
1071 2360 1258 2404 sancto
1284 2365 1347 2404 ac
1381 2358 1589 2403 natura:
1639 2347 1840 2402 divina:
1889 2362 2024 2401 con-

441 2443 634 2507 sortio,
659 2442 947 2498 domestici
974 2443 1083 2513 jam
1116 2451 1171 2496 et
1196 2441 1392 2494 fratres
1417 2439 1542 2493 facti
1577 2446 1723 2501 sunt,
1753 2437 1820 2490 iis
1841 2436 2027 2490 debita

441 2535 793 2600 condonavit,
816 2550 942 2588 cum
982 2532 1118 2586 nihil
1166 2531 1593 2600 persolvissent;
1653 2543 1833 2597 neque
1878 2529 2026 2583 enim

441 2629 512 2690 ab
543 2629 652 2683 illis
676 2625 1132 2700 transgressionis
1157 2639 1346 2694 poenas
1371 2623 1530 2692 233
1555 2621 1792 2692 repetiit,
1833 2637 2028 2692 quam-

443 2719 527 2773 vis
558 2725 822 2772 anteacta:
847 2716 973 2770 vitre
994 2712 1300 2768 rationibus
1328 2709 1626 2764 reddendis
1652 2718 1838 2764 essent
1859 2711 2029 2764 astri-

443 2809 520 2872 cti.
548 2827 560 2861 :
587 2808 684 2878 qui
709 2821 841 2862 vero
867 2814 1093 2877 prepter
1131 2802 1510 2857 infidelitatem
1539 2801 1785 2872 ipsorum
1838 2801 2027 2871 perni-

443 2881 656 2959 ciosam
683 2898 865 2953 adhuc
901 2897 1065 2952 alieni
1110 2903 1287 2960 erant,
1333 2909 1394 2948 ac
1439 2893 1838 2964 propemodum
1861 2895 2027 2949 etiam

445 2992 786 3066 alienigena,
813 2999 867 3044 et
884 3004 1046 3066 quam
1066 2986 1382 3058 longissime
1399 2985 1468 3040 ab
1493 2987 1615 3056 ejus
1639 2985 2028 3056 conjunctione

446 3065 674 3150 remoti,
688 3097 784 3138 eos
801 3065 1005 3137 debitis
1027 3077 1402 3159 persolvendis
1425 3078 1695 3148 obligatos
1718 3075 2024 3140 constituit,

443 3185 519 3241 ct,
539 3186 600 3232 ut
626 3177 720 3248 qui
743 3176 951 3247 peccati
988 3175 1230 3229 maculas
1252 3172 1496 3227 nondum
1520 3170 1805 3234 eluissent,
1829 3169 2028 3224 merito

445 3267 622 3346 poenis
646 3255 703 3320 et
735 3261 1256 3335 suppliciisluendis
1283 3261 1551 3316 obnoxios
1574 3258 1704 3316 fecit
1742 3277 1754 3312 :
1793 3258 2028 3329 ideoque

447 3354 833 3421 alloquebatur
867 3369 983 3418 eos,
1017 3353 1112 3427 qui
1140 3351 1498 3409 crediderant
1530 3368 1542 3403 :
1585 3369 1604 3401 ‹
1652 3349 1710 3404 Si
1745 3364 1843 3404 vos
1877 3363 2031 3403 man-

445 3447 711 3507 seritisin
742 3446 1000 3500 sermone
1028 3460 1174 3509 meo,
1219 3459 1349 3499 vere
1388 3442 1642 3516 discipuli
1687 3443 1796 3498 mei
1849 3441 2028 3507 eritis,

445 3545 500 3600 et
525 3539 865 3610 cognoscetis
890 3537 1200 3601 veritatem,
1227 3543 1284 3590 et
1303 3535 1508 3590 veritas
1523 3534 1784 3589 liberabit
1805 3548 1903 3588 vos
1921 3534 1975 3586 σε
2003 3551 2020 3584 ι

447 3630 515 3684 iis
537 3639 749 3693 contra,
779 3629 1073 3698 quiveram
1100 3635 1265 3696 atque
1292 3625 1662 3696 evangelicam
1679 3625 2028 3694 disciplinam

447 3719 898 3783 contemnebant,
922 3718 1176 3772 dicebat:
1221 3736 1238 3767 ι
1273 3717 1468 3781 Amen,
1497 3731 1656 3770 amen
1681 3715 1804 3769 dico
1849 3715 2026 3778 vobis,

449 3813 554 3865 nisi
588 3808 940 3864 credideritis
975 3808 1102 3877 quia
1138 3822 1240 3876 ego
1291 3822 1432 3871 sum,
1476 3807 1532 3860 in
1570 3805 1810 3874 peccatis
1831 3805 2030 3860 vestris

447 3898 846 3956 moriemini".
883 3919 901 3949 ι
924 3897 1185 3967 intelligis
1221 3895 1386 3967 igitur
1439 3893 1900 3966 quemadmodum
1933 3909 2029 3949 eos

448 3991 695 4062 quidem,
721 3991 814 4060 qui
837 3987 904 4044 ei
928 3988 1033 4044 ﬁde
1065 3989 1168 4044 sibi
1201 3987 1481 4058 conjuncti
1499 3992 1703 4049 essent,
1737 4000 1794 4038 se
1821 3983 2028 4039 liberos

449 4082 806 4137 dimissurum
849 4081 1167 4152 pollicetur;
1194 4078 1402 4133 alienos
1433 4084 1626 4132 contra
1657 4083 1714 4130 et
1735 4081 2027 4128 extraneos

449 4176 506 4239 in
529 4173 744 4230 delictis
781 4179 1036 4226 mortuos
1077 4169 1310 4226 alIirmat
1332 4168 1502 4240 judici
1533 4181 1758 4222 suorum
1800 4165 2027 4220 delicto-

449 4282 569 4322 rum
600 4280 790 4337 ρωπος
813 4263 1079 4319 daturos?

519 4379 718 4444 PALL.
747 4380 950 4439 \{erum
979 4384 1082 4432 est.

515 4474 673 4536 CYR.
709 4474 1000 4544 Eleganter
1058 4479 1240 4526 autem
1279 4470 1588 4540 voluptates
1626 4468 1800 4528 futuri
1838 4468 2022 4530 seculi

447 4575 683 4630 sanctas,
714 4573 880 4635 atque
908 4564 1212 4620 caelestium
1250 4562 1518 4618 bonorum
1541 4560 2020 4631 participationem

448 4659 672 4720 Sabbati
696 4658 869 4713 otium
906 4657 1172 4728 designat.

516 4772 714 4827 PALL.
745 4771 968 4842 Explica
1005 4769 1140 4824 mibi
1181 4769 1366 4840 igitur,
1417 4784 1528 4839 quo
1569 4769 1786 4824 tandem
1821 4771 2017 4832 modo;

449 4863 502 4918 id
526 4864 673 4918 enim
698 4878 835 4918 aveo
859 4862 1088 4917 discere.

515 4953 673 5008 CYR.
698 4950 1370 5022 Equidemlibentissime:
1392 4949 1575 5020 psallit
1595 4949 1742 5004 enim
1756 4948 2018 5003 nimirum

2126 1989 2206 2051 εἰς
2243 1989 2392 2058 ἡμᾶς
2415 1987 2726 2058 οἰκονομίαν
2752 1987 3129 2065 παραδείξειεν
3162 1989 3230 2042 ἂν
3266 1991 3359 2042 καὶ
3390 1991 3536 2043 τόδε.
3566 1991 3706 2054 Τοὺς

2130 2079 2228 2150 μὲν
2279 2077 2386 2149 γὰρ
2426 2079 2595 2149 ἀγχοῦ
2639 2079 2929 2148 γεγονότας
2965 2080 3114 2152 αὑτῷ
3156 2081 3242 2133 διὰ
3288 2081 3385 2150 τῆς
3445 2081 3702 2144 πίστεως.

2127 2169 2365 2232 οἰκείους
2409 2185 2468 2222 τε
2509 2169 2609 2239 ἤδη
2636 2169 2733 2222 καὶ
2777 2168 3039 2236 ἀδελφοὺς
3081 2156 3585 2242 ἀναδεδειγμένους,
3618 2170 3706 2223 διά

2125 2257 2218 2310 τοῦ
2269 2257 2590 2328 μεταλαχείν
2629 2257 2787 2326 ἁγίου
2826 2258 3164 2329 Πνεύματος,
3202 2259 3352 2323 θείας
3392 2277 3453 2313 τε
3488 2259 3705 2330 φύσεως

2127 2348 2384 2418 γενέσθαι
2409 2349 2724 2414 κοινωνοὺς,
2751 2348 3081 2418 ὀφλημάτων
3105 2350 3324 2419 ἀνῆκεν,
3356 2353 3708 2414 ὲκτετικότας

2127 2440 2311 2494 οὐδέν·
2339 2442 2400 2494 οὑ
2431 2441 2539 2512 γὰρ
2582 2441 2816 2511 ἐζήτησε
2852 2443 2984 2511 παρ’
3025 2441 3207 2494 αὐτῶν
3247 2441 3346 2504 τὰς
3389 2445 3490 2513 τῆς
3529 2461 3707 2515 παρα-

2130 2531 2342 2595 6άσεως
2387 2532 2566 2600 δίκας,
2595 2532 2773 2586 καίτοι
2821 2533 2947 2595 τοὺς
2976 2531 3166 2600 λόγους
3193 2532 3300 2584 τῶν
3328 2531 3481 2602 σφίσι
3511 2533 3706 2603 βεϐιω·

2131 2624 2307 2696 μένων
2363 2624 2759 2696 ὲπωφληκότας
2798 2622 2978 2694 αὐτῷ’
3003 2623 3128 2686 τοὺς
3165 2623 3223 2676 δὲ
3261 2624 3574 2694 ἀλλοτρίους
3602 2623 3706 2690 ἔτι,

2133 2716 2418 2789 μονονουχὶ
2445 2716 2502 2769 δὲ
2534 2717 2628 2770 καὶ
2655 2716 2981 2784 ἀλλογενεῖς.
3007 2713 3095 2767 διὰ
3121 2713 3220 2785 τὴν
3251 2715 3494 2784 ὀλέθριον
3527 2715 3709 2769 αὐτῶν

2129 2807 2406 2874 ἀπιστίαν,
2446 2809 2540 2862 καὶ
2569 2807 2645 2871 ῶς
2677 2807 2948 2860 ἀπωτάτω
2981 2806 3272 2875 γεγονότας
3305 2807 3405 2878 τῆς
3437 2807 3518 2871 εἰς
3544 2808 3709 2861 αὑτὸν

2129 2899 2478 2969 οἰκειότητος,
2533 2897 2750 2967 ἐνόχους
2797 2896 3094 2967 κατέστησε
3134 2899 3246 2959 τοῖς
3286 2897 3585 2967 ὀφλήμασι,
3612 2903 3709 2959 καὶ

2128 2991 2203 3055 ὡς
2233 2991 2598 3046 ἀναπόνιπτον
2621 2989 2842 3060 ἔχοντας
2869 2987 2949 3041 ἐτι
2976 2987 3072 3059 τὴν
3097 2987 3392 3059 ἁμαρτίαν,
3422 2988 3709 3060 ὑπόχρεως

2129 3099 2188 3135 τε
2216 3084 2281 3154 τῇ
2312 3082 2436 3154 δίκῃ
2479 3082 2573 3135 καὶ
2613 3081 2692 3152 τῷ
2731 3078 3054 3144 κολάζεσθαι
3103 3079 3213 3133 δεῖν
3250 3079 3476 3144 εἰκότως
3521 3080 3710 3151 είργά·

2133 3190 2281 3227 σατο·
2319 3175 2414 3228 καὶ
2439 3173 2571 3244 γοῦν
2601 3171 2940 3246 προσεφώνει
2972 3173 3069 3244 μὲν
3102 3174 3215 3236 τοῖς
3247 3173 3668 3225 πεπιστευκόσιν
3689 3190 3706 3202 ·

2056 3284 2098 3343 C
2136 3283 2155 3315 ι
2205 3263 2333 3320 Ἐἀν
2377 3265 2534 3335 ὑμεῖς
2584 3263 2804 3334 μείνητε
2833 3264 2891 3317 ὲν
2937 3263 3014 3337 τῷ
3059 3263 3200 3333 λόγῳ
3234 3261 3314 3334 τῷ
3358 3261 3500 3333 εμῷ,
3538 3263 3710 3328 ὅντως

2134 3353 2371 3425 μαθηταί
2405 3353 2507 3424 μού
2539 3355 2681 3418 ἐστε,
2715 3353 2812 3406 καὶ
2845 3351 3118 3421 γνώσεσθε
3159 3351 3258 3422 τὴν
3301 3350 3583 3422 ἀλήθειαν,
3611 3351 3710 3404 καὶ

2131 3450 2165 3518 ἡ
2198 3446 2426 3518 ἀλήθεια
2455 3444 2810 3518 ἐλευθερώσει
2845 3445 3009 3515 ὑμᾶς.
3049 3463 3068 3496 ι
3129 3444 3251 3506 Τοῖς
3297 3443 3353 3496 δὲ
3385 3443 3486 3513 τὴν
3529 3443 3710 3516 ἀληθῆ

2133 3539 2228 3592 καὶ
2272 3537 2630 3608 εὐαγγελικὴν
2688 3535 3014 3608 ἀτιμάζουσι
3044 3535 3358 3598 παίδευσιν,
3435 3553 3456 3586 r
3506 3534 3706 3605 Ἀμὴν,

2129 3630 2299 3700 ἀμὴν,
2336 3629 2480 3698 λέγω
2512 3629 2658 3699 ὑμῖν,
2701 3629 2795 3682 ὲάν
2829 3629 2904 3700 μὴ
2946 3626 3274 3698 πιστεύσητε
3301 3627 3383 3680 ὅτι
3419 3627 3530 3696 ἐγώ
3562 3628 3705 3696 εἰμι,

2130 3724 2187 3774 ὲν
2210 3724 2330 3786 ταῖς
2359 3721 2658 3793 ἁμαρτίαις
2707 3719 2862 3791 ὑμῶν
2895 3703 3268 3774 ἀποθανεῖσθε.
3304 3737 3322 3770 ι
3376 3718 3571 3789 Συνίης
3609 3713 3711 3771 οὖν

2129 3814 2231 3876 ὅτι,
2260 3815 2387 3877 τοὺς
2419 3814 2518 3881 μὲν
2549 3811 2688 3866 κατὰ
2714 3813 2896 3865 πίστιν
2928 3811 3185 3874 οἰκείους,
3221 3809 3358 3882 πρὸς
3386 3807 3705 3880 ἐλευθερίαν

2127 3905 2350 3978 ἀνήσειν
2381 3905 2797 3973 ἐπαγγέλλεται,
2851 3903 2976 3966 τοὺς
3027 3903 3084 3956 δὲ
3125 3902 3440 3972 ἀλλοτρίους
3484 3900 3563 3954 ἔτι
3605 3903 3705 3954 καὶ

2130 3996 2332 4063 ξένους,
2365 3995 2727 4058 ὲντεθνεῶτας
2753 3996 2865 4056 τοῖς
2895 3993 3245 4064 πταίσμασιν,
3279 3993 3560 4046 ἀποτίσειν
3595 3992 3701 4062 ἔφη

2127 4085 2206 4157 τῷ
2228 4090 2388 4157 κριτῇ
2421 4087 2530 4140 τῶν
2562 4086 2706 4140 ἰδίων
2738 4085 3225 4164 πλημμελημάτων
3253 4085 3378 4147 τοὺς
3403 4085 3629 4154 λόγους;

2196 4377 2402 4430 ΠΑΛΛ.
2442 4375 2681 4446 Ἀληθές.
2749 4426 2758 4431 -

2195 4469 2360 4522 ΚΥΡ.
2393 4469 2693 4538 Διαμορφοϊ
2714 4466 2769 4519 δὲ
2794 4467 3024 4531 ἀστείως
3055 4465 3149 4521 καὶ
3181 4466 3277 4536 τὴν
3307 4467 3386 4529 εἰς
3414 4465 3584 4518 αἰῶνα
3611 4463 3703 4522 τὸν

2128 4558 2389 4634 μέλλοντα
2421 4558 2628 4629 τρυφὴν
2661 4559 2970 4630 ἁγιοπρεπῆ
2990 4597 3005 4622 ,
3039 4558 3132 4612 καὶ
3165 4559 3262 4629 τὴν
3299 4557 3407 4612 τῶν
3437 4558 3704 4628 οὐρανίων

2052 4647 2096 4700 D
2128 4649 2346 4721 μέθεξιν
2372 4649 2590 4717 ἀγαθῶν
2621 4651 2654 4720 ἡ
2684 4648 2823 4702 κατά
2850 4650 2910 4703 τὸ
2943 4649 3219 4704 Σάϐϐατον
3251 4649 3438 4720 ἀργία.

2198 4765 2402 4818 ΠΔΛΛ.
2433 4763 2644 4833 Φράσον
2674 4762 2740 4817 ἂν
2768 4764 2916 4826 ὅπως
2945 4762 3180 4817 συνιέναι
3207 4761 3412 4815 θέλοντί
3448 4779 3558 4832 μοι.

2194 4939 2358 4993 ΚΥΡ.
2391 4939 2504 4992 Καὶ
2531 4937 2698 5008 μάλα.
2725 4936 2934 5001 Ψάλλει
2967 4935 3077 5007 γάρ
3104 4952 3206 4989 που
3237 4934 3410 5004 λέγων
3435 4935 3465 4986 ὁ
3504 4934 3702 4994 θεσπέέ

450 5045 648 5100 beatus
669 5045 842 5100 David
862 5045 930 5100 de
961 5045 1087 5100 ﬁliis
1109 5043 1298 5107 israel,
1335 5049 1391 5097 et
1412 5042 1553 5105 Deo,
1590 5041 1682 5110 qui
1710 5039 1894 5094 omnia
1917 5054 2017 5108 po-

2133 5049 2237 5094 σιος
2282 5030 2447 5085 Δαϐιδ
2478 5031 2607 5101 περὶ
2633 5030 2743 5084 τῶν
2792 5030 2924 5084 υἰῶν
2987 5027 3237 5100 Ἰσραὴλ,
3265 5029 3362 5081 καὶ
3398 5027 3492 5080 τοῦ
3526 5027 3708 5086 πάντα

449 5141 579 5199 test,
601 5135 831 5204 loquens
862 5151 876 5187 :
917 5153 935 5184 ι
965 5135 1167 5189 Panem
1189 5132 1314 5187 σαιΙὶ
1342 5131 1496 5186 dedit
1522 5130 1604 5185 eis
1634 5147 1646 5181 :
1674 5143 1882 5198 panem.
1914 5143 2016 5182 an-

448 5223 695 5293 gelorum
718 5223 1066 5279 manducavit
1087 5223 1252 5278 homo
1269 5223 1289 5253 ⁷
1313 5241 1324 5275 :
1353 5240 1369 5273 ι
1393 5221 1606 5286 Quibus
1616 5218 1802 5272 verbis
1818 5233 2017 5273 manna

449 5315 743 5384 appellavit
762 5315 885 5370 coeli
907 5322 964 5369 et
977 5314 1300 5384 angelorum
1313 5312 1518 5373 cibum,
1545 5316 1608 5362 ut
1621 5307 1864 5368 animum
1877 5308 2020 5366 ultra

451 5405 568 5462 haec
582 5406 862 5462 sensibilia
885 5421 949 5461 ac
974 5404 1210 5461 visibilia
1244 5401 1612 5464 intendentes,
1661 5399 1808 5454 illam
1852 5400 2018 5470 Spiri-

449 5498 652 5554 tualcm
691 5513 757 5552 ac
789 5497 1029 5552 divinam
1078 5494 1641 5556 subministrationem
1689 5492 2022 5562 contemple-

526 5699 566 5736 δ’
601 5697 758 5760 Deut.
789 5715 876 5762 xv,
897 5698 1011 5758 1-5,
1083 5701 1102 5732 ⁶
1127 5701 1280 5755 Joan.
1310 5717 1420 5765 vm,
1447 5701 1535 5765 5i,
1565 5701 1657 5756 3'2.

2121 5121 2398 5193 ἰσχύοντος
2439 5121 2575 5175 Θεοῦ
2597 5139 2611 5152 ο
2647 5141 2667 5174 ι
2719 5122 2917 5192 Ἀρτον
2959 5119 3187 5192 οὐρανοῦ
3233 5118 3435 5172 ἔδωκεν
3480 5117 3701 5180 αὐτοῖς·

2121 5217 2286 5287 ἄρτον
2313 5215 2563 5284 ἀγγέλων
2591 5215 2795 5284 ἔφαγεν
2814 5212 3122 5285 ἄνθρωπος,
3158 5229 3177 5263 ι
3209 5209 3271 5263 τὸ
3302 5210 3479 5280 μάννα
3506 5208 3700 5273 λέγων,

2119 5307 2350 5380 οὐρανοῦ
2385 5307 2480 5361 καὶ
2507 5307 2757 5376 ἀγγέλων
2781 5305 2988 5376 τροφὴν
3006 5344 3020 5368 ,
3064 5304 3150 5356 ἵνα
3191 5301 3301 5355 τῶν
3329 5298 3606 5370 αἰσθητῶν
3639 5315 3702 5350 τε

2121 5402 2215 5454 καὶ
2262 5399 2475 5472 ὁρατῶν
2525 5399 2616 5453 τὸν
2663 5400 2862 5452 οἰκεῖον
2907 5397 3077 5461 ἱέντες
3120 5395 3378 5448 ἐπέκεινα
3410 5391 3559 5458 νοῦν,
3603 5389 3702 5460 τὴν

2122 5490 2496 5562 πνευματικὴν
2530 5491 2624 5544 καὶ
2663 5489 2814 5543 θείαν
2858 5483 3370 5556 κατασκεπτώμεθα
3412 5481 3703 5554 χορηγίαν,

1767 5703 1806 5733 ⁶⁶
1833 5700 1964 5757 ibid.
1999 5700 2087 5754 ‘21.
2151 5700 2169 5730 ⁷
2195 5698 2336 5754 Psai.
2369 5715 2565 5764 ιλιι-ιι,
2592 5701 2681 5762 2i,
2717 5699 2802 5752 25.
