3966 6298
259 303 364 364 563

987 310 1076 366 DE
1115 312 1555 369 ADORATIONE
1590 316 1654 370 LV
1696 317 1836 372 SPIB

1941 317 1962 372 J
2005 318 2093 372 ΕΤ
2134 312 2505 370 VENTATE.
2545 310 2674 365 LIB.
2717 310 2827 366 νη.

3426 313 3528 370 506

256 423 330 491 ἢν
355 419 475 481 ταῖς
509 417 617 471 τῶν
646 418 817 486 ἁγίων
847 421 1046 491 ψυχαῖς
1073 425 1245 494 ἐνίησι
1273 427 1428 491 Θεὸς,
1455 428 1546 482 τὸν
1573 429 1836 498 ἀγγέλους

1953 445 2096 494 mur,
2129 443 2294 498 quam
2317 434 2635 481 sanctorum
2678 424 2877 480 animis
2917 426 3162 497 suggerit
3200 426 3365 492 Deus,
3401 442 3528 480 cum

254 508 545 580 τρέφοντα,
597 509 691 562 καὶ
718 507 1091 584 ζωογονοῦντα
1131 521 1259 579 τοὺς
1305 517 1628 587 ἀνθρώπους
1653 559 1669 582 ,
1704 519 1840 572 Θεὸν

257 602 412 671 λόγον
461 603 948 677 ὲγκαταυλίζεσθαι
997 606 1168 662 ποιῶν
1210 612 1324 673 τοῖς
1355 609 1452 681 τὴν
1503 610 1689 664 πίστιν
1729 612 1842 665 είσ-

255 693 620 766 δεδεγμένοις.
656 694 965 767 Κατῴκηκε
992 697 1099 771 γάρ
1128 701 1157 753 ὁ
1194 701 1428 771 Χριστὸς
1468 703 1526 756 ὲν
1552 702 1673 766 ταῖς
1707 721 1843 776 καρ-

209 849 216 855 _
253 787 397 850 δίαις
417 787 451 856 ὴ
461 785 579 856 μῶν
601 784 690 840 διὰ
717 786 812 841 τοῦ
837 789 994 858 ἁγίου
1025 791 1364 861 Πνεύματος,
1389 793 1484 846 καὶ
1506 793 1656 865 ἄρτῳ
1679 793 1842 860 ζῶντι

216 866 221 879 ’
255 877 352 931 καὶ
381 873 442 940 ἐξ
468 875 702 946 οὐρανοῦ
727 878 1041 948 τρεφόμεθα
1068 881 1204 953 πρὸς
1233 883 1447 948 εὐεξίαν
1471 903 1530 938 τε
1565 887 1658 940 καὶ
1689 887 1842 957 ἰσχὺν

252 967 635 1037 πνευματικήν
655 983 670 996 ’
699 967 868 1032 τύπος
903 971 1003 1042 μὲν
1029 967 1122 1025 οὖν
1152 972 1245 1027 τοῦ
1274 974 1506 1040 τοιοῦδε,
1543 976 1605 1030 τὸ
1643 978 1840 1046 μάννα,

253 1057 437 1129 σαφὴς
467 1057 565 1112 καὶ
596 1057 994 1124 ἀνενδοιάστως
1041 1060 1201 1132 ἔχων.
1243 1063 1588 1136 Προστέταχε
1618 1066 1675 1120 δὲ
1703 1069 1732 1120 ό
1757 1067 1844 1120 νό-

255 1167 357 1220 μος
403 1149 746 1222 συναγείρειν
766 1150 899 1204 αὐτὸ
921 1153 1049 1217 τοὺς
1071 1154 1223 1218 υίοὺς
1259 1156 1501 1230 Ἰσραὴλ,
1524 1157 1584 1212 τὸ
1604 1158 1843 1230 διαρκῶς

249 1242 377 1312 ἔχον
407 1243 624 1315 ἑκάστῳ
655 1244 730 1315 μὴ
758 1245 1215 1318 ὑπερτρέχοντας.
1244 1247 1562 1319 Γέγραπται
1587 1250 1696 1320 γὰρ
1722 1251 1842 1304 ὡδί·

254 1350 277 1382 ο
309 1333 384 1388 Τὸ
408 1332 554 1404 πρωῒ
580 1333 800 1402 ἐγένετο
825 1337 1287 1407 καταπαυομένης
1311 1337 1411 1408 τῆς
1433 1337 1626 1410 δρόσου
1655 1339 1843 1410 κύκλῳ

247 1423 353 1494 τῆς
381 1423 760 1495 παρεμϐολῆς,
793 1425 888 1477 καὶ
923 1425 1033 1479 ίδοὺ
1062 1427 1155 1480 ἐπὶ
1182 1429 1477 1500 πρόσωπον
1505 1431 1602 1500 τῆς
1631 1431 1844 1504 ἐρήμου

246 1513 446 1569 λεπτὸν
473 1515 606 1568 ώσεὶ
646 1515 956 1588 κορίαννον,
992 1517 1186 1572 λευκὸν
1224 1519 1358 1573 ώσεὶ
1395 1519 1570 1588 πάγος
1613 1523 1705 1575 ἐπὶ
1744 1522 1844 1593 τῆς

247 1605 379 1678 γῆς.
432 1606 652 1670 Ἰδόντες
691 1608 750 1662 δὲ
781 1608 915 1662 αὐτὸ
944 1609 994 1662 οί
1025 1610 1136 1664 υίοὶ
1186 1611 1424 1683 Ἰσραὴλ,
1456 1610 1619 1668 είπαν
1655 1612 1844 1685 ἔτερος

245 1697 332 1768 τῷ
380 1698 571 1770 ἑτέρῳ·
622 1697 688 1752 Τί
722 1700 840 1753 ἐστι
885 1699 1078 1768 τοῦτο;
1127 1701 1190 1755 οὐ
1227 1703 1338 1774 γὰρ
1391 1702 1610 1774 ᾔδεισαν
1656 1704 1710 1758 τί
1749 1700 1840 1776 ἦν.

244 1765 391 1846 Είπε
415 1765 486 1844 δὲ*
507 1765 718 1862 Μωσῆς
755 1792 892 1863 πρὸς
924 1765 1156 1858 αὐτούςς
1189 1765 1356 1860 Οὗτος
1454 1796 1618 1868 άρτος
1645 1796 1706 1850 ὃν
1752 1765 1840 1851 δέ·
1870 1765 1918 1824 Β

242 1881 426 1936 δωκεν
453 1882 584 1954 ὑμῖν
605 1882 812 1955 Κύριος
835 1888 1051 1954 φαγεῖν.
1077 1885 1251 1940 Τοῦτο
1277 1887 1338 1941 τὸ
1361 1888 1513 1959 ῥῆμα
1531 1888 1559 1941 δ
1584 1888 1842 1956 συνέταξε

241 1969 492 2042 Κύριος·
551 1974 900 2043 Συναγάγετε
945 1975 1042 2028 ἀπ’
1097 1975 1263 2029 αὑτοῦ
1317 1975 1550 2041 ἕκαστος
1595 1979 1676 2041 είς
1715 1980 1844 2041 τοὺς

238 2063 598 2134 καθήκοντας
635 2064 813 2136 γομὺρ
842 2064 983 2118 κατὰ
1013 2066 1278 2136 κεφαλὰς,
1306 2067 1452 2120 κατά
1477 2068 1711 2140 ἀριθμὸν
1733 2069 1843 2139 ψυ-

233 2151 367 2222 χῶν
406 2151 584 2222 ὑμῶν,
612 2153 844 2218 ἕκαστος
873 2155 970 2208 σὺν
999 2158 1114 2220 τοῖς
1147 2158 1438 2227 συσκήνοις
1471 2157 1626 2229 ὑμῶν
1655 2157 1843 2211 συλλέ-

239 2242 405 2309 ξατε.
441 2261 462 2294 ι
497 2239 634 2297 Εἶτά
665 2262 800 2314 φησι
830 2245 927 2300 καὶ
952 2245 1072 2317 μεθ’
1102 2246 1268 2318 ἕτερα
1297 2247 1460 2301 πάλιν
1479 2265 1494 2278 ο
1531 2269 1551 2300 ι
1594 2248 1844 2317 Ἐγένετο

235 2336 298 2390 δὲ
349 2336 417 2406 τῇ
471 2335 656 2407 ἡμέρᾳ
699 2338 766 2408 τῇ
807 2336 963 2408 ἕκτῃ,
1017 2338 1306 2406 συνέλεξαν
1341 2339 1411 2393 τά
1457 2339 1646 2394 δέοντα
1677 2339 1844 2393 διπλᾶ

236 2426 425 2498 γομδρ
459 2425 540 2497 τῷ
568 2427 683 2482 ἑνί·
731 2429 984 2499 εἰσῆλθον
1020 2429 1079 2484 δὲ
1121 2431 1323 2494 πάντες
1360 2432 1411 2484 οί
1454 2432 1715 2502 ἄρχοντες
1743 2432 1842 2502 τῆς

238 2520 607 2590 συναγωγῆς,
645 2520 740 2573 καὶ
771 2521 1104 2591 ἀνήγγειλάν
1132 2524 1332 2596 Μωσῇ.
1372 2522 1507 2579 Είπε
1543 2525 1600 2578 δὲ
1631 2525 1840 2595 Μωσῆς

240 2612 387 2683 πρὸς
408 2610 611 2675 αὐτούς
636 2629 650 2643 ’
681 2611 854 2666 Τοῦτο
873 2612 935 2666 τδ
958 2615 1111 2686 ῥῆμά
1131 2616 1278 2669 ἐστιν
1297 2615 1326 2668 ὃ
1351 2615 1580 2687 ὲλάλησε
1611 2615 1840 2687 Κύριος⁹

241 2703 502 2760 Σάϐϐατα
529 2704 660 2774 ἆγια
695 2705 1004 2770 ἀνάπαυσις
1037 2706 1126 2778 τῷ
1169 2707 1394 2779 Κυρίῳ⁹
1422 2706 1614 2779 αύριον
1639 2708 1740 2761 ὃσα
1770 2708 1838 2761 ἂν

239 2793 561 2866 πέ[σ]σητε,
575 2793 874 2866 πέ[σ]σετε,
893 2796 994 2852 ὅσα
1013 2797 1108 2850 ὲάν
1131 2796 1320 2868 ἕψητε,
1343 2797 1525 2869 ἒψετε,
1544 2799 1638 2852 καὶ
1655 2799 1763 2852 πᾶν
1776 2799 1838 2852 τὸ

239 2885 541 2950 πλεονάζον
557 2887 914 2944 καταλείπετε
940 2890 1126 2954 αὐτοῖς
1143 2889 1429 2961 ἀποθήκην
1455 2893 1534 2952 είς
1553 2891 1614 2946 τὸ
1635 2893 1798 2964 πρωῒ.
1812 2910 1833 2942 ι

241 2971 384 3031 Εἶτα
420 2978 559 3048 πρὸς
585 2978 796 3042 τούτοις
824 2979 917 3033 τὸν
957 2980 1098 3035 θεῖον
1137 2983 1324 3048 αὐτοῖς
1371 2983 1617 3054 διεσάφει
1649 2985 1834 3057 νόμον,

240 3067 680 3162 εὐθὺςᾼὲπειπὼν
764 3070 1089 3162 ίεροφάντης
1109 3073 1314 3141 Μωσῆς
1331 3090 1347 3108 ο
1380 3092 1400 3125 ι
1434 3057 1641 3144 Φάγετε
1669 3076 1840 3146 σήμε-
1863 3105 1906 3162 C

243 3176 364 3231 ρονο
397 3158 513 3213 ἐστι
542 3161 652 3233 γὰρ
679 3161 937 3216 Σάϐϐατα
966 3163 1208 3236 σήμερον
1231 3165 1310 3236 τῷ
1344 3165 1555 3238 Κυρίῳ.
1600 3167 1712 3237 Οὐχ
1740 3167 1834 3222 εὖ·

244 3252 446 3324 ρήσετε
477 3254 808 3326 σήμερονὲν
829 3254 909 3327 τῷ
931 3255 1121 3327 πεδίῳ.
1153 3255 1254 3322 Ἐξ
1285 3257 1499 3330 ἡμέρας
1526 3257 1830 3326 συλλέξετε,

239 3344 308 3414 τῇ
329 3342 388 3396 δὲ
407 3344 592 3416 ἡμέρᾳ
614 3349 682 3417 τῇ
709 3345 911 3420 ἑϐδόμῃ
939 3347 1216 3402 Σάϐϐαταο
1235 3349 1336 3403 οὐκ
1356 3349 1510 3405 ἔσται
1532 3352 1588 3404 ὲν
1615 3352 1777 3424 αὐτῇ.
1805 3371 1826 3405 ι

239 3427 398 3507 ’Δρά
429 3453 512 3490 σοι
539 3437 748 3502 λοιπὸν,
774 3430 819 3490 ὧ
848 3437 1136 3505 Παλλάδιε,
1169 3441 1266 3493 καὶ
1296 3440 1435 3510 μετά
1475 3441 1634 3496 τοῦτο
1663 3443 1832 3514 ἀσυμ-

243 3525 436 3593 φανὲς,
483 3529 566 3582 ὅτι
606 3529 708 3599 τῆς
761 3528 1029 3600 ἐσομένης
1078 3531 1159 3594 είς
1216 3531 1388 3585 αίῶνα
1427 3533 1516 3586 τὸν
1565 3533 1832 3604 μέλλοντα

243 3617 426 3689 ζωῆς,
471 3620 636 3677 οἱονεὶ
687 3621 1164 3692 προευτρεπισμὺν
1219 3623 1313 3676 καὶ
1361 3623 1713 3678 ὑποτύπωσιν
1765 3625 1832 3678 ἂν

242 3711 361 3783 ἔχοι
391 3712 487 3766 καὶ
524 3712 670 3781 μάλα
703 3713 873 3784 σαφῆ,
921 3712 982 3766 τὸ
1012 3713 1148 3784 μήτε
1175 3731 1229 3767 τι
1271 3713 1403 3786 δρᾷν
1436 3715 1494 3768 ὲν
1527 3715 1827 3788 Σαϐϐάτῳ;

243 3800 524 3870 συλλέγειν
551 3801 609 3854 δὲ
629 3801 818 3874 ὥσπερ
843 3803 926 3866 είς
949 3803 1236 3874 ἀποθήκην
1264 3802 1323 3856 τὸ
1364 3803 1466 3875 ήδη
1500 3805 1832 3877 πεπορισμέ-

244 3909 366 3958 νον;
423 3895 520 3946 καὶ
573 3893 709 3964 μηδὲ
757 3893 892 3952 αὐτὸ
941 3893 1002 3946 τὸ
1055 3893 1115 3959 ἐξ
1158 3893 1391 3964 ούρανοῦ
1442 3896 1830 3950 καταδεδόσθαι

248 3986 449 4056 μάννα,
471 3984 548 4055 τῷ
573 3985 631 4038 δὲ
653 3985 754 4057 ήδη
791 3987 1284 4057 συγκεκομισμένῳ
1303 3986 1696 4060 διακεχρῆσθαι
1721 3990 1830 4044 δεῖν
1853 4021 1856 4024 ~

244 4079 322 4141 είς
376 4076 679 4130 ἀπόλαυσιν
713 4078 808 4131 καὶ
852 4077 1091 4148 τροφήν;
1139 4077 1571 4144 Σαϐϐατίζοντες
1611 4079 1721 4152 γὰρ
1771 4083 1829 4135 ἐν

245 4167 468 4239 Χριστῷ
503 4167 599 4221 καὶ
631 4169 711 4230 είς
754 4167 906 4239 λῆξιν
941 4168 1111 4232 ἰόντες
1141 4169 1241 4238 τῆς
1279 4169 1551 4242 ἁμαρτίας
1589 4171 1825 4243 ὁλοτελῆ,

245 4260 356 4324 τοῖς
385 4257 592 4313 ἀνωθεν
615 4260 1026 4330 ὲντρυφήσομεν
1045 4258 1289 4327 ἀγαθοῖς,
1317 4261 1483 4315 πόνου
1514 4262 1611 4332 μὲν
1637 4262 1828 4334 ἐξῃρη-

249 4353 412 4423 μένου
464 4352 699 4421 παντὸς,
742 4351 982 4424 ἱδρώτων
1023 4352 1081 4411 δὲ
1118 4352 1262 4424 δίχα,
1312 4353 1421 4410 πᾶν
1448 4354 1585 4425 ὅπερ
1619 4355 1827 4426 ὀνίνησι

246 4443 519 4509 πλουσίως
548 4445 920 4516 εὑρίσκοντες.

314 4617 524 4672 ΠΑΛΛ.
561 4616 793 4688 Ἀληθὴς
816 4619 844 4670 ό
868 4617 1046 4687 λόγος.
1088 4617 1202 4687 Ἐφ’
1231 4618 1468 4690 ἑτοίμοις
1506 4618 1615 4690 γὰρ
1642 4617 1830 4689 ὥσπερ

246 4709 342 4762 καὶ
391 4710 844 4780 προκεισομένοις
886 4709 1089 4764 ἅπασιν
1121 4709 1352 4779 ἀγαθοῖς
1394 4711 1428 4780 ή
1473 4710 1534 4763 τὸ
1573 4710 1830 4781 τηνικάδε

243 4799 352 4854 τῶν
399 4800 572 4869 ἁγίων
610 4799 762 4854 ἔσται
803 4800 948 4870 ζωήο
994 4801 1234 4872 εἰρήσθω
1272 4801 1330 4854 δὲ
1364 4802 1460 4856 καὶ
1502 4801 1641 4874 πρὸς
1673 4801 1830 4872 ἡμῶν

246 4889 424 4950 αὐτῶν
457 4891 600 4964 ἁγίῳ
633 4891 828 4946 παντί·
865 4910 884 4944 ‹
923 4892 1062 4956 Τοὺς
1094 4893 1292 4957 πόνους
1329 4893 1440 4948 τῶν
1466 4893 1696 4964 καρπῶν
1734 4910 1826 4948 σου

248 4983 508 5053 φάγεσαι.
541 5003 560 5036 ι

314 5077 482 5131 ΚΥΡ.
537 5075 750 5132 Οὐκοῦν
787 5076 1108 5142 ἀναθέοντες
1143 5079 1245 5142 εἰς
1299 5078 1361 5132 τὸ
1401 5078 1694 5150 ἀπαρχῆς,
1735 5078 1830 5133 καὶ

245 5166 433 5240 ὥσπερ
485 5167 678 5223 ἀνόπιν
725 5168 819 5223 τὸν
892 5169 1052 5239 λόγον
1107 5169 1560 5242 ἀνασειράζοντες
1582 5210 1598 5235 ,
1654 5170 1831 5225 ἐκεῖνό

247 5275 450 5332 φαμεν,
482 5260 564 5328 τὸ,
593 5261 676 5314 ὅτι
695 5260 760 5332 δὴ
793 5261 1001 5333 σφόδρα
1030 5261 1124 5316 καὶ
1153 5261 1463 5326 ἀκολούθως
1485 5264 1514 5318 ό
1547 5263 1711 5333 νόμος
1743 5263 1832 5332 ἐφ’

244 5351 340 5406 ’ἑνα
390 5351 484 5407 τὸν
535 5352 698 5422 φύσει
754 5353 851 5406 καὶ
902 5351 1119 5423 ἀληθῶς
1173 5355 1521 5426 μεταστήσας
1566 5353 1720 5419 Θεὸν,
1765 5353 1827 5408 οὐ

251 5444 670 5518 συγκεχώρηκεν
701 5446 915 5515 ἀγνοεῖν
967 5446 1091 5501 οὐδὲ
1124 5447 1216 5501 τὸν
1264 5447 1324 5515 ἐξ
1357 5445 1522 5502 αὑτοῦ
1550 5464 1612 5502 τε
1645 5447 1739 5501 καὶ
1767 5448 1826 5500 ὲν

251 5535 398 5606 αὐτῷ
434 5535 609 5606 φύντα
636 5555 694 5592 τε
727 5537 820 5593 καὶ
853 5537 1266 5611 συνυπάρχοντα
1307 5539 1574 5600 συναῖδιον
1628 5539 1819 5608 Λάγον.

326 5723 346 5755 ⁸
368 5722 539 5786 Exod.
577 5741 689 5795 xw,
727 5725 914 5782 13-16.
993 5728 1012 5759 '
1043 5726 1179 5782 ibid.
1213 5728 1402 5785 22-25.

1482 5729 1523 5759 ¹⁰
1558 5728 1690 5784 ibid.
1720 5729 1908 5786 (ἐῢ-Ἦ.

1943 524 2117 577 Deum
2134 521 2290 574 illum
2311 517 2555 574 Verbum
2580 515 2674 586 qui
2702 524 2759 569 et
2791 517 3014 586 angelos
3046 519 3241 588 pascit,
3268 527 3324 574 et
3350 518 3530 574 homi-

1942 613 2109 667 nibus
2148 611 2318 666 vitam
2346 614 2591 679 prastat,
2627 607 2684 660 in
2721 606 2809 670 iis,
2844 607 2940 675 qui
2984 608 3148 664 ﬁdem
3174 619 3528 680 receperunt,

1943 702 2253 758 inhabitare
2277 699 2428 755 facit.
2463 698 2686 754 Habitat
2710 698 2859 754 enim
2880 698 3137 753 Christus
3161 699 3217 754 in
3267 701 3532 756 cordibus

1943 795 2151 850 nostris
2185 808 2285 863 per
2328 790 2593 860 Spiritum
2640 796 2912 854 sanctum,
2950 797 3008 844 et
3036 805 3176 859 pane
3215 791 3446 856 viventi,
3473 800 3532 846 et

1943 887 2162 942 caelitus
2185 882 2442 939 veniente
2466 881 2744 952 pascimur
2787 880 2858 935 ad
2888 879 3208 936 ﬁrmitatem
3253 889 3310 935 et
3360 883 3532 936 robur

1943 975 2228 1048 spirituale
2259 973 2681 1043 concipiendum
2711 987 2944 1026 :manna
2969 973 3090 1043 ejus
3127 972 3205 1026 rei
3248 970 3422 1044 ﬁgura
3446 980 3534 1028 est

1943 1075 2095 1122 certa
2121 1074 2180 1121 et
2210 1065 2461 1122 evidens.
2489 1063 2663 1120 Jussit
2688 1070 2875 1118 autem
2899 1063 3010 1129 lex,
3035 1072 3098 1118 ut
3120 1080 3187 1118 ex
3212 1079 3280 1119 eo
3317 1071 3532 1118 tantum

1943 1155 2264 1224 colligerent
2286 1153 2383 1207 ﬁlii
2409 1153 2574 1208 Israel
2597 1192 2612 1216 ,
2640 1161 2908 1222 quantum
2947 1153 3147 1224 cuique
3184 1154 3318 1208 satis
3359 1162 3530 1219 esset,

1941 1245 2189 1315 nihilque
2220 1259 2381 1313 supra
2409 1257 2724 1297 mensuram
2749 1242 3073 1313 adiicerent.
3102 1243 3192 1298 Sic
3213 1243 3362 1298 enim
3389 1243 3531 1300 scri-

1941 1346 2098 1406 ptum
2133 1343 2219 1392 est
2252 1353 2266 1390 :
2300 1355 2318 1387 ι
2355 1335 2511 1390 Mane
2541 1334 2748 1389 factum
2773 1343 2878 1400 est,
2925 1351 3050 1389 cum
3091 1336 3400 1391 desedisset
3438 1351 3532 1392 ros

1943 1429 2000 1483 in
2024 1429 2262 1484 circuitu
2285 1436 2614 1492 castrorum,
2652 1434 2710 1481 et
2739 1442 2867 1481 ecce
2890 1442 3058 1496 super
3093 1425 3289 1483 faciem
3323 1426 3530 1482 deserti

1943 1519 2218 1574 minutum
2244 1519 2400 1589 quasi
2423 1518 2777 1574 coriandrum
2799 1518 3011 1584 album,
3039 1519 3196 1588 quasi
3216 1520 3414 1589 pruina
3433 1535 3528 1574 su-

1943 1628 2043 1682 per
2067 1621 2303 1679 terram;
2330 1627 2456 1667 cum
2487 1611 2756 1668 vidissent
2779 1619 2963 1666 autem
3012 1611 3169 1666 illum
3192 1611 3291 1666 ﬁlii
3335 1612 3527 1676 Israel,

1943 1703 2202 1759 dixerunt
2223 1704 2361 1759 alter
2377 1704 2445 1758 ad
2481 1704 2717 1759 alterum
2745 1721 2758 1756 :
2787 1703 2950 1775 234
2982 1701 3126 1770 Quid
3147 1711 3232 1758 est
3257 1704 3398 1758 hoc?
3433 1719 3530 1758 ne-

1944 1809 2052 1863 que
2085 1793 2232 1848 enim
2249 1794 2496 1849 sciebant
2531 1795 2665 1864 quid
2705 1801 2871 1850 esset.
2925 1795 3072 1848 Dixit
3096 1802 3281 1850 autem
3302 1795 3369 1849 ad
3406 1795 3530 1849 illos

1943 1883 2192 1954 Moyses:
2229 1883 2328 1938 Hic
2365 1890 2452 1938 est
2479 1884 2659 1953 panis,
2686 1899 2852 1954 quem
2896 1883 3050 1939 dedit
3068 1885 3226 1940 vobis
3263 1885 3528 1939 Dominus

1943 1973 2013 2029 ad
2061 1975 2420 2030 vescendum.
2474 1975 2590 2030 Hoc
2627 1983 2713 2030 est
2763 1975 3036 2041 verbum,
3075 1977 3225 2046 quod
3265 1975 3530 2046 przeceplt

1943 2064 2217 2121 Dominus
2241 2083 2255 2119 :
2283 2065 2522 2136 colligite
2547 2081 2616 2119 ex
2639 2065 2780 2135 ipso,
2806 2072 3072 2136 quantum
3097 2065 3317 2132 sufﬁcit,
3337 2082 3530 2137 gomor

1942 2173 2044 2229 per
2068 2157 2286 2228 singula
2317 2157 2519 2226 capita,
2555 2157 2710 2228 juxta
2745 2173 3039 2214 numerum
3084 2158 3394 2212 animarum
3431 2172 3529 2213 ve-

1943 2249 2603 2319 strarum,unusquisque
2629 2263 2756 2304 cum
2800 2251 3292 2314 contubernalibus
3332 2250 3532 2306 vestris

1942 2341 2182 2412 colligite
2218 2342 2261 2395 ⁸.
2294 2361 2313 2393 ι
2345 2341 2552 2397 Deinde
2576 2350 2700 2412 post
2749 2343 3002 2413 quaedam
3037 2344 3143 2398 alia
3198 2359 3391 2398 rursus
3414 2342 3525 2398 ait:

1951 2449 1968 2481 ι
2001 2430 2225 2485 Factum
2251 2440 2338 2485 est
2359 2438 2546 2485 autem
2569 2431 2660 2486 die
2687 2439 2862 2496 sexta,
2886 2432 3229 2502 collegerunt
3269 2447 3529 2486 necessa-

1942 2521 2023 2576 ria
2045 2522 2232 2592 dupla,
2257 2522 2368 2577 duo
2413 2539 2624 2594 gomor,
2673 2539 2772 2594 per
2795 2524 3040 2595 singulos
3073 2542 3087 2579 :
3118 2525 3351 2595 ingressi
3401 2529 3531 2579 sunt

1939 2621 2127 2667 autem
2154 2626 2346 2666 omnes
2387 2612 2669 2682 principes
2703 2627 3008 2684 synagoga,
3041 2621 3100 2668 et
3121 2613 3528 2667 nuntiaverunt

1939 2701 2130 2774 Moysi.
2157 2702 2304 2756 Dixit
2326 2709 2512 2757 autem
2544 2703 2756 2774 Moyses
2779 2702 2849 2758 ad
2884 2717 2981 2757 eos
3006 2721 3020 2756 :
3047 2702 3165 2760 Hoc
3185 2711 3272 2759 est
3295 2702 3529 2758 verbum

1939 2792 2086 2864 quod
2109 2793 2328 2848 locutus
2347 2801 2432 2849 est
2468 2793 2734 2848 Dominus
2761 2811 2774 2847 :
2801 2793 3040 2850 Sabbata
3083 2795 3303 2866 requies
3341 2801 3529 2850 sancta

1939 2887 2173 2943 Domino
2201 2904 2214 2942 :
2245 2901 2390 2952 cras,
2413 2901 2758 2957 quaecunque
2782 2902 3020 2958 coquere
3043 2888 3234 2953 vultis,
3274 2887 3526 2957 coquite;

1939 2987 1996 3036 et
2016 2995 2357 3050 quaecunque
2386 2979 2592 3034 elixare
2615 2979 2924 3045 volueritis,
2959 2981 3160 3035 elixate
3210 2998 3224 3034 :
3260 2986 3317 3035 et
3362 2977 3527 3049 quid-

1939 3071 2074 3142 quid
2101 3070 2468 3142 superfuerit,
2491 3070 2786 3141 relinquite
2831 3070 2990 3125 vobis
3030 3069 3427 3139 repositionem
3472 3068 3530 3123 in

1939 3180 2100 3219 mane
2119 3165 2162 3217 ’.
2195 3182 2213 3214 ›
2273 3160 2480 3217 Deinde
2517 3160 2748 3232 Moyses,
2779 3160 2869 3215 ille
2905 3175 3190 3215 sacrorum
3229 3159 3526 3228 interpres,

1939 3255 2182 3311 divinam
2212 3253 2324 3308 illis
2369 3253 2545 3323 legem
2571 3251 2886 3321 explicavit,
2912 3251 3178 3306 continuo
3227 3249 3473 3305 inferens
3511 3268 3525 3304 :

1947 3365 1966 3397 ‹
2000 3342 2285 3400 Comedite
2309 3341 2505 3407 hodie;
2533 3325 2834 3396 sunt'enim
2857 3339 3022 3395 hodie
3072 3339 3311 3395 Sabbata
3339 3338 3528 3393 Domi-

1937 3452 2034 3494 no.
2068 3435 2190 3490 Non
2215 3433 2508 3490 invenietis
2528 3431 2694 3486 hodie
2719 3432 2774 3486 in
2798 3447 3010 3502 campo.
3038 3431 3143 3487 Sex
3185 3430 3384 3486 diebus
3408 3430 3526 3486 col-

1937 3527 2154 3599 ligetis;
2179 3526 2411 3596 septima
2435 3539 2570 3580 vero
2606 3523 2696 3578 die
2723 3521 2964 3579 Sabbata
2996 3531 3160 3590 sunt;
3202 3538 3315 3577 non
3341 3522 3448 3577 erit
3469 3521 3526 3576 in

1937 3619 2056 3688 ipsa
2093 3616 2157 3671 ¹⁰.
2199 3636 2218 3668 ι
2247 3616 2332 3674 An
2379 3614 2479 3671 tibi
2519 3614 2770 3686 posthac,
2823 3614 3054 3680 Palladi,
3081 3616 3379 3670 obscurum
3403 3629 3528 3669 esse

1937 3712 2161 3783 poterit,
2204 3709 2341 3781 quin
2384 3710 2491 3767 hoc
2529 3709 2710 3780 ipsum
2751 3708 2891 3764 nihil
2915 3724 3077 3780 agere
3109 3707 3383 3774 Sabbato,
3430 3707 3527 3764 sed

1935 3803 2084 3874 qu‘od
2103 3804 2215 3875 jam
2237 3800 2651 3873 suppeditatum
2672 3800 2765 3866 sit,
2792 3807 3055 3870 tanquam
3083 3801 3140 3856 in
3160 3801 3354 3856 cellam
3390 3815 3526 3854 con-

1936 3894 2090 3959 dere,
2129 3909 2311 3964 neque
2337 3893 2558 3948 caelitus
2580 3907 2780 3947 manna
2801 3892 2905 3963 ipsi
2936 3891 3076 3958 dari,
3106 3891 3202 3948 sed
3222 3894 3335 3963 jam
3372 3907 3526 3946 com-

1935 3993 2155 4056 portato
2184 3984 2252 4040 ad
2284 3985 2623 4055 voluptatem
2667 3992 2724 4040 et
2745 3983 2812 4040 ad
2847 4000 3032 4040 escam
3053 3985 3157 4050 uti,
3186 3983 3343 4054 quasi
3383 3998 3526 4053 pra:—

1936 4076 2149 4145 paratio
2173 4076 2423 4148 quaedam
2446 4084 2612 4147 atque
2632 4076 2948 4132 informatio
2965 4078 3038 4132 sit
3073 4076 3221 4130 illius
3244 4077 3388 4140 vitae,
3407 4090 3529 4145 quae

1935 4167 1992 4221 in
2016 4170 2214 4224 saeculo
2231 4176 2463 4224 venturo
2475 4167 2657 4223 futura
2683 4167 2804 4222 est?
2824 4167 2960 4221 Nam
2981 4166 3280 4221 Sabbatum
3303 4174 3529 4235 agentes

1936 4261 1995 4314 in
2040 4261 2283 4325 Christo,
2311 4268 2477 4330 atque
2503 4259 2729 4314 omnino
2754 4265 3034 4312 cessantes
3059 4271 3088 4310 a
3136 4264 3384 4326 peccato,
3430 4271 3524 4310 su-

1937 4353 2130 4426 pernis
2153 4351 2264 4407 illis
2285 4351 2534 4406 fruemur
2548 4349 2728 4413 bonis,
2748 4363 2875 4402 cum
2896 4348 3052 4402 labor
3074 4347 3253 4402 omnis
3277 4347 3527 4403 sublatus

1860 4460 1906 4516 1)
1935 4447 2062 4508 erit,
2087 4453 2144 4500 et
2156 4444 2296 4499 citra
2316 4443 2575 4498 sudorem
2598 4456 2665 4496 ea
2688 4439 2895 4504 omnia,
2919 4454 3040 4509 qua:
3057 4439 3253 4509 juvare
3269 4447 3522 4508 possunt,

1939 4533 2229 4589 afﬂuenter
2254 4531 2620 4587 inveniemus.

2008 4626 2211 4682 PALL.
2257 4625 2398 4680 Vera
2423 4623 2641 4680 oratio:
2671 4637 2797 4677 nam
2836 4620 2996 4692 quasi
3039 4620 3096 4675 in
3138 4619 3346 4690 paratis
3394 4619 3525 4673 etin

1937 4727 2195 4790 promptu
2229 4717 2423 4788 positis
2444 4715 2607 4770 bonis
2643 4715 2904 4770 omnibus
2926 4714 3040 4778 illa,
3067 4727 3190 4782 quae
3234 4719 3368 4766 tunc
3394 4712 3525 4775 erit,

1935 4819 2250 4867 sanctorum
2274 4809 2387 4865 vita
2409 4808 2678 4874 ducetur;
2703 4807 2868 4862 liceat
2898 4805 3066 4877 igitur
3088 4812 3145 4859 et
3182 4803 3344 4858 nobis
3392 4803 3528 4872 ipsis

1936 4899 2120 4955 dicere
2157 4908 2347 4956 sancto
2375 4899 2609 4970 cuique:
2647 4917 2666 4949 ‹
2710 4895 2954 4952 Labores
3000 4910 3265 4950 manuum
3301 4902 3525 4949 tuarum

1936 4991 2299 5049 manducabis
2317 4993 2380 5046 ¹¹.
2415 5011 2434 5044 ι

1999 5082 2158 5140 CYR.
2186 5083 2358 5156 Igitur
2382 5083 2552 5148 adid,
2577 5081 2724 5154 quod
2768 5077 2926 5135 initio
2968 5078 3209 5150 positum
3251 5088 3393 5146 erat,
3435 5093 3524 5133 re-

1932 5181 2258 5240 currentes,
2320 5182 2377 5230 et
2429 5173 2588 5244 quasi
2638 5180 2945 5227 retrorsum
2986 5169 3254 5226 orationis
3297 5185 3520 5226 cursum

1929 5266 2298 5333 reﬁectentes,
2324 5265 2460 5321 illud
2514 5263 2834 5328 asserimus,
2882 5262 3407 5318 convenientissime
3443 5260 3522 5314 le-

1927 5373 2074 5430 gem,
2103 5374 2229 5415 cum
2252 5357 2322 5414 ad
2360 5371 2532 5411 unum
2554 5353 2870 5421 colendum,
2921 5355 3015 5425 qui
3057 5363 3255 5410 natura
3291 5359 3349 5406 et
3386 5366 3518 5407 vere

1924 5450 2070 5506 Deus
2087 5458 2192 5515 est,
2213 5464 2316 5505 nos
2331 5448 2682 5514 traduxisset,
2698 5463 2810 5504 non
2833 5447 3177 5510 sustinuisse,
3197 5451 3259 5499 ut
3276 5441 3518 5498 Verbum

1920 5542 2079 5608 illud,
2099 5541 2246 5613 quod
2268 5557 2332 5597 ex
2357 5541 2476 5613 ipso
2491 5549 2546 5598 et
2561 5541 2615 5597 in
2632 5540 2752 5614 ipso
2773 5547 2963 5597 natum
2981 5545 3034 5593 et
3057 5534 3443 5592 simulexsistit
3462 5538 3517 5588 et

2025 5732 2065 5764 “
2093 5730 2235 5786 Psal.
2263 5745 2456 5792 cxxvlt,
2488 5730 2550 5786 2.
