3966 6298
486 307 590 368 5ῦ7

1517 312 1572 367 S.
1611 313 1894 369 CYRFLLI‘
1929 315 2406 373 ALEXANDRINI
2443 316 2759 373 ARCHIEP.

3642 315 3752 374 503

483 434 819 480 coaeternum
844 427 948 485 est,
976 421 1374 492 ignoraremus.
1395 424 1531 480 Nam
1569 443 1694 482 cum
1735 431 1890 499 prius
1927 449 2043 502 prae

2167 434 2657 504 Προεντειλάμενος
2685 432 2791 503 γὰρ
2825 433 2917 486 καὶ
2952 429 3142 494 εἰπὼν,
3180 451 3197 482 ι
3247 429 3582 502 Ἀγαπήσεις
3628 433 3746 485 Κύ-

481 516 720 585 cepisset
745 522 910 583 atque
943 513 1214 570 dixisset:
1265 536 1283 568 ‹
1313 517 1516 589 Diliges
1557 520 1849 577 Dominum
1892 525 2064 578 Deum

480 616 638 660 tuum
663 621 731 661 ex
758 613 872 660 toto
900 606 1068 661 corde
1096 615 1212 670 tuo,
1237 618 1293 662 et
1318 625 1383 662 ex
1411 620 1522 664 tota
1550 622 1734 669 mente
1759 623 1873 681 tua,
1901 625 1956 671 et
1991 635 2060 673 ex

478 684 742 751 omnibus
767 697 980 750 viribus
1006 697 1116 752 tuis
1143 699 1186 729 "
1221 717 1232 750 :
1272 719 1288 749 ι
1311 700 1470 770 235
1487 711 1542 756 et
1565 714 1832 772 praetcrea
1860 725 1915 760 τι
1945 709 2065 763 Non

479 798 645 844 erunt
674 790 772 843 tibi
797 789 871 843 dii
905 790 996 843 alii
1032 798 1233 860 prmter
1262 808 1352 846 me
1391 793 1434 824 ¹³
1468 811 1480 845 :
1522 814 1540 844 ι
1592 798 1875 867 conjunxit
1918 801 2065 855 illico

478 880 690 936 Christi
716 882 1034 951 mysterium
1061 883 1347 938 inferendo
1375 902 1386 936 :
1424 903 1442 934 ι
1491 886 1800 942 Recordare
1819 899 1879 943 ut
1919 891 2063 946 diem

482 970 847 1026 Sabbatorum
876 971 1186 1028 sanctiﬁces
1221 976 1284 1028 ιδ.
1324 996 1341 1027 ›
1375 977 1498 1032 Haec
1519 979 1666 1032 enim
1703 983 1961 1050 prgeclara
1982 1000 2066 1039 se-

480 1063 614 1116 mita
653 1071 737 1117 est
767 1079 831 1118 ac
877 1066 1222 1130 necessaria,
1275 1074 1331 1120 et
1373 1067 1545 1122 divini
1585 1071 1806 1126 artiﬁcii
1853 1075 1961 1137 via,
2007 1083 2064 1129 et

477 1138 824 1206 discentibus
869 1169 991 1222 quae
1038 1155 1181 1208 scire
1228 1171 1367 1223 opus
1394 1165 1496 1222 est,
1524 1159 1834 1215 utilissima.
1876 1162 2064 1232 Itaque

485 1238 736 1293 Salvator
760 1241 998 1304 Patrem,
1025 1243 1118 1311 qui
1156 1244 1211 1296 in
1257 1246 1409 1299 callis
1435 1254 1548 1310 est,
1591 1263 1655 1302 ac
1705 1250 1874 1303 Deum
1932 1253 2064 1306 allo-

477 1342 658 1395 quens
683 1331 760 1381 ait
787 1348 798 1380 :
834 1348 850 1380 ι
885 1330 1010 1385 Haec
1038 1340 1122 1386 est
1144 1333 1256 1390 vita
1280 1343 1507 1398 aeterna,
1554 1345 1616 1390 ut
1657 1350 1987 1408 cognoscant
2011 1349 2063 1396 te

480 1417 660 1471 solum
697 1434 886 1473 verum
920 1420 1114 1485 Deum,
1142 1430 1198 1476 et
1221 1438 1384 1492 quem
1422 1425 1651 1491 misisti,
1677 1427 1862 1482 Jesum
1899 1429 2062 1484 Chri-

479 1516 628 1563 stum
677 1511 738 1562 ¹⁸.
785 1531 803 1561 ι
853 1511 1010 1576 Nam,
1062 1514 1157 1567 ubi
1186 1514 1254 1569 de
1295 1516 1455 1571 Patre
1479 1518 1661 1572 verba"
1690 1519 1848 1584 ﬁunt,
1874 1536 2064 1577 conse-

480 1608 724 1666 quuntur
754 1603 1072 1656 necessario
1089 1605 1282 1670 verba,
1299 1623 1423 1676 qua:
1435 1606 1502 1660 ad
1517 1607 1715 1661 Filium
1729 1612 2058 1678 pertineant,

482 1699 540 1745 et
563 1694 856 1763 conjuncta
881 1696 1117 1750 maxime
1142 1699 1432 1766 utriusque
1453 1701 1694 1771 cognitio
1716 1711 1817 1756 est.
1843 1703 2060 1758 Iudaeos

2170 541 2285 594 ριον
2321 524 2410 577 τὸν
2439 525 2574 577 Θεόν
2619 541 2714 576 σου
2752 522 2810 586 ἐξ
2837 523 2964 594 ὅλης
3006 522 3104 592 τῆς
3145 521 3370 590 καρδίας
3412 537 3528 586 σου,
3561 522 3657 574 καὶ
3688 523 3749 586 ἐξ

2165 616 2292 685 ὃλης
2319 615 2418 685 τῆς
2441 615 2679 677 διανοίας
2704 631 2817 678 σου,
2851 613 2944 665 καὶ
2975 611 3033 675 ἐξ
3055 611 3184 680 ὅλης
3219 610 3318 678 τῆς
3353 609 3535 678 ἰσχύος
3573 625 3688 663 σου·
3721 631 3738 662 ι

2165 708 2260 760 καὶ
2309 707 2448 775 μήν·
2485 725 2502 756 ι
2545 706 2654 759 Καὶ
2699 706 2797 758 οὑκ
2839 704 3054 758 ἔσονταί
3091 719 3175 756 σοι
3205 702 3316 755 θεοὶ
3357 702 3572 773 ἕτεροι,
3604 702 3745 773 πλὴν

2165 797 2299 866 ἐμοῦ
2328 813 2342 828 ·
2373 817 2392 850 ι
2436 798 2676 867 συνῆψεν
2713 797 2875 860 εὐθὺς
2909 797 2968 849 τὸ
2999 794 3239 866 Χριστοῦ
3279 797 3597 866 μυστήριον,
3645 798 3746 848 ὲπ-

2164 888 2366 941 ειπώνο
2429 906 2448 939 ι
2515 888 2800 959 Μνήσθητι
2857 888 2954 957 τὴν
3010 888 3224 957 ἡμέραν
3281 886 3390 939 τῶν
3445 887 3745 940 Σαϐδὰτων

2165 981 2430 1047 ἀγιάζειν.
2483 997 2502 1033 ι
2553 979 2724 1050 Οίμος
2750 981 2859 1052 γὰρ
2905 980 3002 1050 ἥδε
3047 980 3185 1050 καλή
3222 998 3282 1032 τε
3322 981 3414 1032 καὶ
3445 981 3740 1048 ἀναγκαία,

2163 1070 2258 1122 καὶ
2287 1070 2759 1140 θεοπρεπεστάτης
2791 1070 3067 1140 εὐτεχνίας
3104 1069 3238 1134 ὁδὸς,
3275 1068 3371 1122 καὶ
3400 1069 3742 1138 τελεωτάτην

2161 1163 2271 1224 τοῖς
2297 1160 2332 1215 ἃ
2359 1161 2634 1232 προσῆκεν
2666 1163 2862 1216 εἰδέναι
2887 1160 3265 1231 μανθάνουσιν,
3311 1160 3614 1231 ἐμποιοῦσα
3639 1161 3741 1231 τὴν

2161 1251 2364 1324 δνησιν.
2398 1253 2508 1307 Καὶ
2541 1253 2670 1320 γοῦν
2701 1256 2729 1306 ὁ
2755 1253 2946 1323 Σωτὴρ
2972 1253 3109 1323 πρὸς
3134 1253 3224 1305 τὸν
3251 1256 3309 1306 ὲν
3351 1253 3600 1322 οὐρανοῖς
3634 1253 3738 1322 ἔφη

2162 1344 2381 1415 Πατέρα
2405 1346 2500 1398 καὶ
2520 1345 2674 1398 Θεόν·
2707 1363 2727 1396 ι
2757 1344 2905 1416 Αὕτη
2927 1344 2983 1396 δέ
3009 1347 3157 1397 ἐστιν
3180 1347 3212 1413 ἡ
3245 1343 3460 1408 αἰώνιος
3486 1343 3622 1414 ζωὴ,
3654 1347 3739 1397 ἵνα

2159 1435 2468 1504 γινώσκουσί
2496 1455 2555 1489 σε
2587 1437 2678 1490 τὸν
2709 1435 2866 1506 μόνον
2900 1433 3156 1506 ἀληθινὸν
3199 1435 3364 1500 Θεὸν,
3405 1437 3501 1488 καὶ
3537 1436 3594 1487 ὃν
3633 1437 3738 1489 ὰπ-

2162 1528 2408 1592 έστειλας
2469 1528 2674 1599 Ἰησοῦν
2720 1528 2976 1600 Χριστόν.
3035 1545 3053 1578 ι
3109 1528 3577 1598 Συμπαρομαρτεῖ
3627 1528 3737 1599 γὰρ

2161 1619 2472 1687 ἀναγκαίως
2517 1619 2596 1689 τῷ
2651 1619 2795 1690 λόγῳ
2823 1618 2901 1689 τῷ
2941 1619 3070 1690 περὶ
3099 1619 3331 1690 Πατρὸς,
3370 1620 3397 1670 ὁ
3425 1620 3553 1689 περὶ
3579 1619 3732 1684 Υίοῦ,

2161 1711 2258 1763 καὶ
2294 1711 2586 1780 ἀγχίθυρος
2626 1710 2747 1763 λίαν
2774 1711 2808 1780 ἡ
2836 1712 2922 1762 ἐπ’
2957 1712 3160 1779 ἀμφοῖν
3191 1713 3304 1763 ἐστι
3338 1711 3557 1778 γνῶσις.
3605 1713 3736 1764 ἰου-

477 1789 650 1846 certe,
697 1792 989 1853 propterea
1025 1787 1173 1856 quod
1219 1789 1419 1844 Filium
1444 1806 1554 1846 non
1601 1793 1982 1858 admitterent,
2023 1811 2043 1849 a

2156 1798 2326 1861 δαίοις
2367 1799 2498 1867 γοῦν
2539 1800 2638 1870 τῆς
2685 1799 2944 1870 ἀληθείας
2989 1801 3350 1869 ἡμαρτηκόσι,
3391 1801 3479 1853 διὰ.
3523 1802 3614 1854 τοῦ
3661 1804 3734 1872 μὴ

479 1871 710 1924 veritate
757 1872 1115 1942 aberrantes,
1163 1884 1328 1947 atque
1389 1879 1724 1937 arbitrantes
1777 1898 1835 1937 se
1893 1899 2055 1938 nosse

479 1961 672 2026 Deum,
709 1963 1045 2034 increpabat,
1089 1967 1278 2023 dicens
1305 1987 1318 2022 :
1342 1990 1360 2021 ‹
1388 1971 1578 2040 Neque
1612 1989 1700 2027 me
1731 1976 1924 2040 nostis,
1962 1992 2058 2031 ne—

479 2071 586 2125 que
634 2058 850 2112 Patrem
891 2075 1073 2114 meum
1105 2079 1116 2114 :
1145 2063 1191 2116 si
1242 2077 1328 2117 me
1383 2065 1778 2134 cognovissetis
1803 2108 1816 2132 ,
1856 2075 1912 2122 et
1949 2069 2054 2122 Pa-

479 2155 620 2201 trem
666 2163 848 2203 meum
895 2151 1086 2221 utique
1131 2154 1526 2224 cognovissetis
1561 2158 1632 2211 “.
1669 2177 1689 2207 ι
1732 2159 1793 2212 ln
1821 2167 2054 2230 utroque

475 2239 622 2292 enim
639 2241 869 2296 alterius
891 2244 1044 2297 notio
1067 2244 1228 2299 simul
1247 2245 1500 2301 infertur.
1524 2248 1712 2318 Igitur,
1737 2266 1863 2304 cum
1878 2252 2051 2321 prius,

476 2329 820 2387 fundamenti
849 2335 1130 2404 cujusdam
1157 2337 1349 2403 instar,
1394 2339 1615 2408 iecisset
1641 2349 1847 2396 certam
1889 2353 2053 2414 atque

475 2430 787 2475 accuratam
813 2422 911 2477 Dei
935 2425 1326 2494 cognitionem,
1353 2434 1408 2479 et
1431 2426 1760 2496 legislatoris
1799 2433 2052 2486 notitiam

474 2511 629 2579 prius
654 2523 910 2582 tanquam
935 2515 1215 2569 radicibus
1250 2517 1406 2580 actis,
1440 2518 1496 2570 in
1519 2518 1600 2572 eis
1626 2518 1912 2586 iulixisset,
1952 2523 2050 2577 de-

479 2602 643 2671 nique
669 2605 737 2657 ad
760 2605 998 2659 humana
1025 2607 1328 2671 descendit,
1355 2610 1476 2661 etei
1501 2613 1843 2677 reverentiae,
1882 2630 2050 2683 quam

475 2691 588 2746 Deo
624 2695 966 2762 exhibemus,
1000 2697 1304 2768 proximam
1328 2696 1588 2771 deinceps
1608 2703 1836 2758 collocat
1884 2714 2049 2776 atque

473 2784 753 2855 coniungit
774 2803 915 2850 eam,
944 2804 1065 2857 quia
1091 2790 1232 2859 patri
1259 2805 1320 2846 ac
1347 2793 1508 2845 matri
1533 2793 1784 2860 debetur,
1812 2813 2048 2866 quorum

473 2887 661 2942 opera,
676 2877 788 2930 Deo
812 2889 1109 2945 annuente,
1126 2882 1376 2950 perducti
1391 2899 1456 2938 eo
1475 2899 1700 2952 sumus,
1723 2896 1784 2942 ut
1801 2905 2047 2948 essemus

470 2973 527 3020 et
558 2969 782 3024 omnino
829 2972 1256 3028 subsisteremus
1284 3015 1298 3039 ,
1337 2976 1538 3046 quippe
1574 2994 1698 3033 eum
1745 2984 2046 3040 secundum

471 3056 540 3112 ab
566 3057 771 3126 Opiﬁce
817 3061 997 3114 locum
1045 3069 1270 3117 teneant
1321 3082 1332 3115 :
1379 3064 1585 3122 divinis
1607 3070 1753 3124 enim
1775 3072 1962 3141 jussis,
1988 3084 2046 3132 et

2157 1892 2479 1963 προσίεσθαι
2512 1893 2602 1946 τὸν
2634 1894 2783 1956 Υἱὸν,
2824 1893 3092 1964 οἰομένοις
3136 1893 3193 1945 δὲ
3220 1895 3302 1946 ὃτι
3327 1893 3459 1947 Θεὸν
3488 1892 3733 1961 ἐγνώκα-

2158 1998 2264 2047 σιν,
2311 1982 2545 2054 ἐπετίμα
2589 1983 2792 2051 λέγων·
2848 2003 2868 2034 ‹
2919 1981 3055 2037 Οὔτε
3090 1984 3190 2052 ἐμὲ
3229 1983 3428 2046 οίόατε,
3478 1984 3604 2037 οῦτε
3645 1986 3734 2039 τὸν

2157 2075 2378 2145 Πατέρα
2418 2093 2519 2146 μου
2544 2092 2557 2107 ·
2598 2077 2647 2128 εί
2678 2075 2778 2144 ἐμὲ
2824 2075 3037 2146 ᾔδειτε,
3082 2075 3177 2128 καὶ
3220 2073 3310 2127 τὸν
3356 2074 3577 2145 Πατέρα
3631 2093 3731 2145 μου

2155 2166 2332 2236 ᾔδειτε
2372 2165 2458 2220 ἀν.
2499 2185 2518 2216 ι
2551 2165 2989 2236 Συνεισκρίνεται
3035 2165 3141 2235 γὰρ
3170 2165 3256 2217 ἐπ’
3294 2165 3496 2234 ἀμφοῖν
3525 2166 3559 2236 ἡ
3607 2167 3734 2219 ἑκα-

2153 2258 2312 2326 τέρου
2343 2257 2557 2326 γνῶσις.
2585 2255 2796 2310 Οὐκοῦν
2821 2255 3070 2324 Θεμέλιον
3090 2254 3280 2324 ὥσπερ
3309 2254 3432 2306 τινὰ
3454 2271 3730 2324 προκατι-

2155 2345 2269 2410 θεὶς
2297 2347 2609 2414 ἀναγκαίως
2658 2346 2720 2398 τὸ
2745 2345 2969 2416 ἀκριϐὲς
3000 2347 3079 2408 είς
3108 2345 3432 2414 θεογνωσίαν
3457 2385 3472 2410 ,
3502 2348 3598 2400 καὶ
3634 2346 3728 2400 τοῦ

2153 2439 2442 2510 νομοθέτου
2469 2441 2572 2508 τὴν
2598 2439 2802 2509 εἴδησιν
2827 2435 3234 2508 προενριζώσας
3262 2437 3464 2501 αὐτοῖς,
3486 2438 3730 2492 κάτεισιν

2153 2533 2246 2584 ἐπὶ
2280 2530 2349 2583 τὰ
2384 2529 2733 2601 ἀνθρώπινα,
2793 2530 2887 2582 καὶ
2927 2531 2993 2600 τῇ
3037 2530 3118 2592 είς
3155 2528 3287 2581 Θεὸν
3330 2529 3470 2582 αἰδοῖ
3511 2529 3730 2597 γείτονα

2151 2621 2331 2692 τίθησι
2359 2622 2453 2674 καὶ
2486 2621 2843 2692 συνημμένην
2871 2620 3030 2684 εὐθὺς
3060 2619 3160 2690 τὴν
3187 2621 3266 2682 είς
3294 2620 3505 2691 πατέρα
3544 2637 3604 2674 τε
3629 2622 3728 2674 καὶ

2155 2713 2402 2785 μητέρα,
2436 2713 2506 2767 δι’
2553 2707 2626 2766 ὧν
2672 2715 2751 2776 εἰς
2795 2713 2857 2768 τὸ
2885 2709 3025 2766 εἷναί
3068 2729 3128 2764 τε
3159 2712 3256 2766 καὶ
3298 2713 3564 2782 ὑπάρχειν
3589 2711 3729 2774 ὅλως

2149 2803 2286 2858 Θεοῦ
2345 2805 2735 2867 κατανεύοντος
2786 2802 3197 2874 κεκομίσμεθα,
3242 2802 3496 2874 δευτέραν
3533 2803 3728 2874 ὥσπερ

2146 2895 2269 2950 τινὰ
2301 2897 2454 2963 τάξιν
2490 2897 2722 2967 ἐχόντων
2752 2896 2848 2950 τοῦ
2877 2894 3247 2967 Δημιουργοῦ·
3277 2895 3440 2959 θείοις
3477 2897 3573 2966 μὲν
3612 2898 3726 2968 γὰρ

2148 2988 2379 3060 νεύμασι
2408 2990 2503 3042 καὶ
2529 2987 2894 3057 αὑτοδιδάκτῳ
2917 2988 3078 3058 τέχνῃ
3103 2985 3437 3050 ζωοπλαστεί
3463 2987 3524 3040 τὸ
3546 2987 3727 3040 τικτό-

2153 3095 2312 3150 μενον
2355 3081 2389 3148 ἡ
2443 3077 2604 3146 φύσις
2650 3079 2708 3131 ὲν
2747 3079 2946 3148 ἑαυτῇ·
2995 3075 3390 3146 δημιουργικὴν
3434 3075 3490 3128 δὲ
3533 3075 3723 3148 ὥσπερ

469 3158 586 3203 arte
603 3166 711 3205 non
732 3151 800 3205 ab
824 3152 933 3206 alio
950 3154 1170 3220 tradita,
1197 3155 1294 3211 sed
1322 3167 1515 3227 sponte
1538 3172 1818 3232 percepta,
1844 3175 2041 3225 natura

2145 3167 2544 3226 ὑποπλάττεται
2569 3167 2723 3234 δόξαν
2743 3184 2757 3198 ·
2783 3168 2874 3226 καὶ
2901 3165 3092 3239 ὥσπερ
3119 3168 3148 3219 ὁ
3175 3166 3308 3228 Θεὸς
3334 3167 3550 3223 πάντων
3573 3168 3722 3222 ἐστὶν

467 3240 523 3295 id
547 3242 692 3311 quod
720 3243 980 3315 gignitur,
1008 3246 1064 3301 in
1091 3262 1146 3301 se
1171 3247 1287 3317 ipsa
1309 3249 1376 3304 ad
1416 3251 1585 3306 vitam
1606 3253 1832 3326 ellingit,
1876 3267 2040 3330 atque

463 3330 688 3402 Opiﬁcis
712 3335 939 3406 gloriam
967 3337 1215 3394 imitatur
1241 3357 1254 3392 ε
1281 3357 1406 3396 nam
1435 3345 1656 3400 utDeus
1687 3363 1795 3417 qua
1826 3355 2040 3407 ratione

465 3422 692 3480 effector
732 3433 816 3480 est
856 3435 911 3482 et
956 3429 1244 3498 conditor,
1292 3434 1550 3490 omnibus
1595 3437 1814 3493 initium
1858 3448 1943 3496 est
1986 3451 2042 3498 et

463 3513 650 3584 origo;
698 3515 776 3570 sic
820 3517 1052 3589 quisque
1099 3521 1265 3575 etiam
1310 3539 1512 3592 parens
1558 3543 1626 3581 ex
1672 3544 1731 3584 se
1774 3539 1905 3586 nato
1928 3533 2041 3589 lilio

462 3605 617 3683 quasi
642 3607 794 3661 radix
817 3611 1065 3678 quasdam
1089 3621 1176 3666 est
1200 3617 1618 3683 procreationis,
1647 3629 1704 3674 et
1749 3623 1872 3678 fons
1894 3626 2040 3680 unde

461 3677 926 3764 progreditur,iut
949 3701 1039 3755 sit.
1067 3677 1239 3770 Igitu—r
1261 3704 1353 3758 illa
1374 3707 1546 3774 patris
1573 3677 1635 3762 ac
1680 3677 1872 3767 matris

461 3785 813 3851 ministratio,
841 3804 1005 3856 quam
1029 3792 1275 3859 praebent
1297 3795 1364 3848 ad
1388 3798 1635 3852 omnium
1658 3801 1750 3868 qui
1795 3802 1850 3857 in
1876 3806 2040 3861 terris

459 3882 591 3928 sunt
614 3875 896 3930 hominum
921 3882 1382 3950 procreationem,
1434 3887 1584 3942 illius
1604 3891 1852 3945 omnium
1876 3895 2037 3964 opili-

461 3965 543 4019 cis
589 3965 817 4035 ﬁguram
862 3970 1070 4025 refert:
1119 3982 1284 4044 atque
1307 3977 1378 4030 ob
1411 3993 1532 4033 eam
1559 3996 1780 4036 causam
1805 3984 1872 4038 iis
1899 4002 2037 4056 prae—

460 4054 802 4122 stantiorem,
830 4074 995 4128 quam
1018 4065 1229 4120 caeteris
1251 4065 1586 4135 hominibus,
1632 4054 1917 4130 honorem
1942 4078 2038 4133 de-

458 4141 592 4199 ferri
619 4145 705 4200 lex
724 4147 909 4216 jussit,
940 4165 1118 4220 neque
1141 4169 1173 4207 a
1193 4157 1434 4223 praemiis
1453 4158 1751 4216 excludens
1774 4178 1888 4229 eos,
1939 4169 2033 4236 qui

458 4232 726 4292 honorem
753 4238 862 4298 illis
885 4240 1284 4312 impenderent,
1311 4262 1492 4317 neque
1509 4265 1604 4310 eos
1626 4253 1890 4321 vicissim,
1938 4232 2031 4327 qui

406 4376 412 4380 _
457 4325 512 4389 id
535 4325 715 4383 facere
747 4331 976 4399 nollent,
1001 4350 1032 4389 a
1075 4337 1344 4406 supplicio
1385 4340 1632 4398 liberans
1668 4361 1680 4397 :
1710 4360 1858 4400 nam.
1880 4325 2032 4420 inge-

454 4433 625 4484 nuum
637 4421 897 4492 piumque
916 4426 1159 4482 animum
1184 4429 1485 4487 honoribus
1504 4443 1663 4488 ornat
1685 4476 1699 4501 ,
1728 4452 1855 4492 eum
1872 4456 2025 4508 vero,

453 4512 545 4580 qui
597 4513 758 4568 aliter
806 4518 876 4571 sit
919 4518 1169 4584 alfectus,
1217 4525 1555 4592 gravissimis
1594 4529 1752 4584 malis
1784 4542 2019 4588 onerat:

460 4620 478 4650 ς
514 4602 732 4658 Honora
758 4607 928 4672 enim,
956 4609 1152 4679 inquit,
1179 4622 1391 4682 patrem
1418 4625 1594 4682 tuum,
1629 4627 1688 4673 ut
1732 4620 1874 4677 bene
1921 4625 2021 4679 tibi

452 4690 552 4758 sit,
581 4706 636 4750 et
672 4697 747 4751 sis
782 4699 1060 4770 longaevus
1096 4719 1262 4773 super
1305 4715 1506 4763 terram
1531 4711 1592 4764 ¹⁷.
1619 4730 1636 4762 ι
1669 4713 1833 4786 236
1851 4716 2022 4786 Igitur

450 4799 576 4840 cum
599 4787 686 4853 iis,
723 4791 816 4860 qui
840 4801 1097 4860 parentes
1146 4795 1499 4864 honorarent,
1528 4803 1696 4857 vitam
1722 4820 1786 4860 ac
1807 4814 2021 4878 tempo-

451 4874 530 4930 ris
585 4877 1041 4951 diuturnitatem,
1088 4888 1244 4955 quasi
1294 4893 1581 4958 praemium
1649 4874 1939 4965 quoddam'
1968 4908 2026 4954 et

449 4980 651 5022 munus
675 4973 1031 5043 praecipuum,
1061 4979 1146 5032 lex
1173 4983 1582 5050 constituisset,
1611 4998 1844 5045 mortem
1886 5007 2021 5047 vero

447 5059 704 5126 superbis
738 5071 794 5116 et
839 5065 1116 5136 iniuriosis
1162 5077 1559 5144 proposuisset,
1614 5090 1820 5136 met-um
1850 5083 2022 5139 veluti

446 5147 798 5220 pedagogum
841 5161 1129 5225 quemdam
1153 5165 1394 5233 apponit,
1421 5167 1514 5236 qui
1568 5183 1671 5222 nos
1703 5171 1770 5224 ad
1809 5179 2020 5227 rectum

443 5237 552 5298 iter
575 5243 768 5300 timore
793 5249 1060 5307 traducat.
1088 5255 1233 5309 Dixit
1258 5258 1404 5311 enim
1433 5273 1626 5312 rursus
1653 5278 1665 5314 :
1699 5281 1718 5313 ι
1762 5261 1865 5328 Qui
1890 5280 2019 5333 per-

443 5333 582 5388 cutit
618 5345 828 5406 patrem
850 5351 944 5397 aut
984 5353 1211 5400 matrem
1235 5363 1412 5412 suam,
1464 5359 1642 5406 morte
1685 5354 1954 5411 moriatur
1999 5377 2011 5413 :

441 5431 498 5479 et
522 5427 615 5495 qui
640 5431 985 5487 maledixerit
1013 5437 1154 5503 patri
1176 5439 1261 5492 vel
1289 5441 1451 5495 matri
1492 5458 1622 5510 suae,
1671 5455 1849 5503 morte
1893 5465 2013 5506 mo-

441 5515 616 5572 riatur
642 5521 702 5574 ¹⁸.
739 5541 755 5572 ι
789 5523 926 5577 Vide
970 5524 1135 5594 igitur
1167 5533 1626 5598 quemadmodum
1654 5552 1816 5596 omne
1839 5555 2013 5610 genus

2140 3260 2283 3332 ἀρχὴ
2323 3261 2419 3314 καὶ
2477 3261 2708 3329 γένεσις,
2743 3259 2878 3319 καθὸ
2922 3260 3159 3330 Ποιητὴς
3214 3259 3309 3312 καὶ⁸
3354 3259 3719 3329 Δημιουργὸς,

2139 3354 2280 3408 οὕτω
2313 3355 2405 3409 καὶ
2432 3354 2658 3414 ἕκαστος
2687 3354 2799 3407 τῶν
2832 3353 2912 3414 είς
2936 3354 3129 3422 γονέας
3153 3353 3512 3410 τετελεκὼων
3555 3352 3628 3422 τῷ
3656 3352 3720 3417 ἐξ

2140 3445 2304 3499 αὑτοῦ
2337 3444 2493 3512 φύντι
2525 3445 2702 3515 τέκνῳ
2744 3442 2869 3515 ῥίζα
2911 3461 2996 3508 τις
3035 3443 3225 3513 ὥσπερ
3257 3443 3373 3496 ἐστὶ
3413 3446 3716 3511 γενέσεως,

2139 3538 2237 3590 καὶ
2277 3537 2375 3606 τῆς
2418 3539 2499 3600 είς
2533 3537 2593 3590 τὸ
2643 3532 2783 3591 εἶναι
2819 3536 3058 3608 παρόδου
3117 3537 3292 3607 πηγή.
3325 3537 3419 3599 Εἰς
3449 3538 3620 3589 τύπον
3649 3537 3717 3608 δὴ

2139 3624 2233 3683 οὖν
2258 3629 2353 3682 τοῦ
2388 3630 2604 3683 πάντων
2646 3628 3012 3699 δημιουργοῦ,
3055 3629 3088 3698 ὴ
3123 3629 3327 3700 πατρὸς
3372 3628 3466 3682 καὶ
3511 3628 3717 3700 μητρὸς

2141 3721 2414 3793 ὑπουργία
2446 3721 2581 3796 πρὸς
2621 3719 2875 3790 ὕπαρξιν,
2909 3722 2989 3783 είς
3034 3719 3283 3783 ἅπαντας
3319 3720 3446 3782 τοὺς
3485 3720 3582 3772 ἐπὶ
3613 3719 3716 3788 τῆς

2138 3811 2261 3882 γῆς.
2319 3812 2605 3882 Τοιγάρτοι
2645 3811 2754 3866 τῶν
2792 3809 2968 3867 ἄλλων
3010 3809 3454 3880 προφερεστέραν
3492 3809 3592 3882 τὴν
3633 3810 3714 3871 εἰς

2139 3904 2334 3968 αὐτοὺς
2367 3903 2635 3956 ποιεῖσθαι
2691 3902 2859 3974 τιμὴν
2901 3905 2929 3956 ὁ
2971 3903 3134 3971 νόμος
3166 3901 3552 3972 προστέταχεν,
3587 3900 3708 3954 οὔτε

2139 3995 2317 4064 γερῶν
2339 3995 2655 4064 ἀποστήσας
2676 3995 2804 4056 τοὺς
2827 3992 3136 4064 ᾑρημένους
3159 3993 3348 4062 τιμᾷν,
3369 3990 3494 4044 οὔτε
3518 3991 3709 4061 ποινῆς

2135 4086 2490 4140 ἀπαλλάττων
2525 4087 2652 4149 τοὺς
2689 4083 2850 4140 τοῦτο
2879 4083 3010 4155 δρᾷν
3043 4085 3146 4136 οὑκ
3186 4082 3581 4152 ἀνεχομένουςο
3609 4084 3710 4150 τὴν

2138 4175 2236 4246 μὲν
2261 4176 2367 4248 γὰρ
2392 4176 2585 4248 εὐγενῆ
2616 4177 2709 4230 καὶ
2740 4177 2892 4230 ὁσίαν
2925 4175 3152 4246 γνώμην
3188 4177 3376 4244 τιμαῖς
3407 4175 3702 4242 στεφανοῖ·

2134 4267 2231 4337 τὴν
2273 4267 2330 4319 δὲ
2367 4267 2464 4339 οὑχ
2503 4268 2678 4332 οὕτως
2707 4268 2956 4340 ἔχουσαν,
2998 4271 3111 4331 τοῖς
3139 4268 3220 4330 είς
3247 4265 3400 4336 λῆξιν
3431 4283 3707 4334 καταφρ-

2130 4359 2267 4423 τίξει
2291 4363 2498 4424 κακοῖς·
2520 4379 2539 4413 ι
2563 4360 2708 4432 Τίμα
2734 4378 2752 4412 ι
2769 4361 2894 4431 γὰρ,
2921 4360 3071 4430 φησὶ,
3091 4378 3108 4410 ι
3135 4359 3226 4412 τὸν
3244 4358 3458 4442 πατέρα
3485 4374 3598 4421 σου,
3616 4356 3706 4410 ἵνα

2132 4445 2190 4502 εὖ
2220 4467 2303 4504 σοι
2328 4453 2574 4522 γένηται,
2600 4453 2695 4507 καὶ
2724 4452 2820 4523 ἔσῃ
2853 4451 3242 4523 μακροχρόνιος
3271 4451 3365 4512 ἐπὶ
3393 4452 3489 4520 τῆς
3513 4449 3639 4520 γῆς.
3677 4467 3696 4501 ι

2131 4543 2339 4596 Οὑκοῦν
2374 4539 2534 4597 ἆθλον
2569 4546 2666 4614 μὲν
2693 4545 2880 4614 ὥσπερ
2910 4563 2963 4598 τι
2995 4543 3090 4596 καὶ
3123 4543 3290 4614 γέρας
3317 4542 3594 4612 ἐξαίρετον
3623 4543 3706 4606 είς

2132 4632 2296 4704 ζωὴν,
2320 4634 2416 4686 καὶ
2432 4633 2492 4686 τὸ
2512 4634 2605 4687 ἐπὶ
2636 4635 2899 4704 μήκιστον
2926 4634 3064 4687 ξέναι
3082 4633 3294 4704 χρόνον,
3319 4635 3435 4696 τοῖς
3459 4633 3702 4686 ἐθέλουσι

2129 4725 2324 4796 τιμᾷν,
2358 4724 2586 4779 θάνατον
2612 4725 2667 4777 δὲ
2699 4729 2814 4788 τοῖς
2837 4725 3062 4790 ἀλαζόσι
3093 4726 3187 4780 καὶ
3216 4725 3497 4796 ὑϐρισταῖς
3525 4725 3697 4794 ἐπαρ-

2125 4817 2297 4888 τήσας
2316 4819 2344 4870 ό
2361 4817 2542 4888 νόμος,
2568 4818 2912 4888 παιδαγωγὸν
2933 4818 3121 4889 ὥσπερ
3146 4817 3269 4870 τινά
3296 4814 3700 4887 μετασοϐοῦντα

2128 4909 2264 4980 πρὸς
2292 4908 2353 4962 τὸ
2377 4910 2508 4963 εὐθὺ
2545 4909 2636 4964 τὸν
2668 4910 2829 4979 φόϐον
2869 4911 3170 4981 ἐφίστησιν.
3204 4908 3350 4980 Ἔφη
3380 4908 3490 4979 γὰρ
3514 4907 3697 4962 πάλινο

2131 5019 2150 5051 ι
2194 5001 2288 5064 Ὃς
2325 5001 2515 5056 τύπτει
2557 5002 2826 5073 πατέραῆ
2867 5003 3080 5074 μητέρα
3126 4999 3290 5056 αὑτοῦ
3317 5041 3330 5064 ,
3375 4999 3591 5069 θανάτῳ
3614 5015 3701 5054 τε·

2123 5089 2392 5145 λευτάτωο
2422 5095 2518 5146 καὶ
2547 5094 2574 5145 ὁ
2601 5084 2933 5162 κακολογῶν·
2951 5094 3160 5164 πατέρα
3199 5091 3364 5144 αὑτοῦ
3398 5093 3430 5162 ἢ
3461 5090 3694 5162 μητέρα,

2123 5182 2432 5254 τελευτήσει
2467 5184 2700 5256 θανάτῳ.
2751 5204 2768 5237 ι
2819 5185 3010 5256 Ἀθρει
3039 5184 3104 5255 δὴ
3145 5179 3238 5238 οὖν
3267 5185 3348 5237 ὅτι
3381 5183 3561 5239 πάντα
3595 5181 3698 5251 μὲν

2123 5271 2215 5326 τὸν
2242 5272 2442 5344 τρόπον
2470 5273 2572 5344 τῆς
2599 5276 2678 5337 εἰς
2707 5274 2903 5337 αὑτοὺς
2940 5273 3211 5344 ἁμαρτίας
3251 5274 3310 5325 ὲν
3341 5272 3440 5341 ῐσῳ
3477 5271 3697 5334 κολάζει
3740 5315 3746 5324 .

2127 5361 2326 5432 μέτρῳ,
2355 5362 2524 5432 ἀγχοῦ
2548 5363 2604 5418 δὲ
2645 5363 2707 5434 δὴ
2735 5364 2896 5418 πάλιν
2924 5367 3036 5428 τοῖς
3067 5365 3194 5433 περὶ
3221 5360 3357 5416 Θεοῦ
3397 5361 3466 5416 τὰ
3492 5360 3695 5428 γονέων

2120 5451 2306 5506 δίκαια
2330 5453 2495 5518 τιθεὶς
2523 5456 2712 5525 ὁρᾶται
2736 5454 2939 5522 σαφῶς.
2964 5456 3174 5526 ’Ὠσπερ
3196 5454 3306 5525 γὰρ
3324 5453 3418 5516 ἐπὶ
3443 5451 3601 5516 Θεοῦ,
3631 5451 3694 5504 τὸ

2120 5542 2365 5615 γλώττης
2398 5545 2772 5617 πλημμέλημα
2797 5548 3025 5616 τιμᾶται
3057 5545 3275 5616 θανάτῳ
3324 5545 3417 5598 καὶ
3461 5545 3584 5604 ταῖς
3610 5542 3694 5605 εις

549 5633 781 5728 rigent.
819 5638 968 5728 V1.95.
1051 5641 1092 5671 ³³
1113 5641 1272 5697 Deut.
1303 5661 1373 5710 tv,
1404 5648 1490 5702 ὃὸ.
1567 5649 1610 5682 ”
1638 5653 1799 5709 Deut.
1829 5672 1880 5722 ν,
1919 5655 2003 5710 12.

2163 5660 2317 5716 Joan.
2354 5679 2480 5726 ιιι-ιι,
2513 5663 2564 5716 5.
2630 5662 2674 5695 ⁸⁸
2701 5662 2855 5718 Joan.
2884 5677 2990 5728 xw,
3017 5661 3100 5715 l7.
3175 5662 3215 5693 "
3246 5659 3420 5714 Exod.
3452 5673 3555 5725 xx,
3598 5655 3692 5714 ιε.

445 5702 488 5733 ’³
509 5701 684 5756 Exod.
713 5719 820 5773 xxi,
847 5706 927 5760 l5.

3963 2480 3966 2630 ἰ
