3966 6298
259 277 376 333 509
990 280 1079 335 DE
1117 280 1557 337 ADORATIONE
1597 282 1663 336 IN
1706 280 1973 337 SPIRITU
2015 283 2103 339 ET
2146 284 2515 340 VERITATE.
2557 286 2684 341 LIB.
2728 286 2835 343 VII.
3427 291 3531 348 510

259 400 443 471 ἄκρον
466 398 678 469 ὀργαῖς,
697 396 839 451 οὕτω
865 399 960 452 καὶ
985 399 1072 452 ἐπ’
1088 400 1267 455 αὐτῶν
1293 402 1401 455 τῶν
1421 402 1837 472 γεγεννηκότων·

1952 404 2188 474 peccati,
2227 405 2282 457 in
2327 403 2453 459 illos
2496 403 2743 467 admissi,
2796 405 2991 474 aequali
3016 421 3270 462 mensura
3315 410 3526 479 puniat.

256 478 362 542 atati
405 488 501 558 τὴν
548 486 701 541 θείαν
735 489 834 559 μέν
870 505 955 553 τις
994 486 1266 560 ἀθετήσας
1298 491 1519 562 ἐντολὴν
1540 533 1554 559 ,
1604 491 1697 546 καὶ
1730 494 1837 556 ταῖς

1950 495 2022 551 lis
2038 495 2229 561 etiam,
2257 510 2378 566 quae
2402 495 2469 550 de
2494 495 2606 550 Deo
2650 505 2922 566 praecepta
2974 509 3125 558 sunt,
3168 515 3233 553 ea
3279 478 3527 570 proxime

256 580 616 649 παραϐάσεσι
658 580 994 634 καταλυπεῖν
1023 582 1299 653 ᾑρημένος
1343 584 1434 636 τὸν
1470 578 1837 651 παιδαγωγὸν,

1948 586 2206 656 conjungi
2253 585 2605 657 perspicuum
2638 594 2741 651 est,
2783 602 2906 655 quas
2956 586 3025 642 ad
3062 601 3353 657 parentum
3402 593 3524 663 jura

258 674 440 743 χωρὶς
492 671 797 744 οἰκτιρμῶν
850 673 1208 743 ἀποθνήσκει.
1257 674 1468 743 Πατρδς
1505 674 1563 727 δὲ
1606 673 1767 743 τυχὸν
1812 673 1837 742 ἦ

1947 677 2248 748 pertinent.
2276 676 2343 733 Ut
2364 677 2534 740 enim,
2572 676 2615 731 si
2645 676 2779 747 quid
2817 678 2872 730 in
2913 677 3084 731 Deum
3128 679 3313 751 lingua
3336 672 3529 750 pecca-

259 762 480 834 μητρὸς
524 761 821 831 ὑποθηκῶν
855 763 1159 833 ἀλογήσας,
1205 763 1546 828 λιθόλευστος
1586 763 1837 834 τελευτᾷ,

1938 773 2064 819 tum
2086 765 2176 830 sit,
2204 773 2381 821 morte
2398 776 2756 837 extremoque
2790 767 3067 836 supplicio
3104 769 3368 824 multatur
3389 811 3402 835 ,
3448 772 3527 825 si-

222 828 432 925 παρὰ)
478 853 574 908 τοῦ
610 828 753 908 θείου
797 854 893 909 καὶ
934 828 1054 910 τϐέε
1105 855 1559 926 προστεταχότος-
1600 855 1746 923 Ἔφη

1946 857 2153 912 militer
2180 857 2225 912 si
2244 858 2377 928 quid
2403 858 2461 913 in
2484 874 2580 913 eos
2603 874 2824 929 quoque
2850 858 2922 914 sit
2949 859 3253 914 admissum
3298 860 3393 929 qui
3436 876 3529 931 ge-

248 944 435 1009 οὖτως
473 947 531 999 ἐν
560 945 638 1017 τῷ
677 947 1118 1017 Δευτερονομίῳ·
1181 966 1199 998 ι
1245 946 1372 1000 Ἐὰν
1406 947 1465 1001 δέ
1503 963 1610 1001 τινι
1729 945 1837 1009 υίὸς

1944 955 2190 1002 nuerunt
2244 966 2256 1001 :
2320 964 2384 1004 ac
2420 948 2665 1003 divinum
2717 958 2871 1005 certe
2912 949 3231 1004 mandatum
3278 950 3529 1021 quisquis

248 1036 497 1108 ἀπειθὴς
531 1037 628 1090 καὶ
651 1036 957 1107 ὲρεθιστὴς,
980 1036 1078 1107 οὐχ
1107 1037 1399 1090 ὑπακούων
1420 1036 1606 1106 φωνῆς
1637 1035 1837 1103 πατρὸς

1943 1036 2162 1092 irritum
2185 1038 2402 1104 fecerit,
2428 1048 2485 1095 et
2507 1042 2627 1111 ejus
2645 1040 2942 1095 violatione
2959 1042 3313 1113 paedagogum
3335 1043 3527 1099 volens

246 1128 430 1183 αὐτοῦ
459 1130 552 1183 καλ
575 1128 762 1198 φωνῆς
791 1130 1020 1201 μητρὸς,
1045 1129 1138 1182 καὶ
1160 1129 1525 1183 παιδεύσωσιν
1550 1128 1837 1193 absonam

1943 1120 2256 1192 offenderit,
2286 1128 2405 1183 sine
2432 1124 2919 1202 ullamiseratione
2952 1132 3241 1187 occiditur.
3267 1133 3526 1204 Quisquis

248 1219 330 1291 μὴ
372 1219 670 1290 είσακούσῃ
702 1219 880 1274 αὐτῶν
901 1236 912 1248 ·
950 1220 1047 1274 καὶ
1077 1219 1428 1283 συλλαϐόντες
1465 1218 1628 1272 αὑτὸν
1659 1220 1689 1273 ό
1736 1233 1837 1272 πα-

1942 1212 2077 1271 item
2099 1218 2272 1287 patris
2297 1220 2556 1275 matrisve
2580 1219 2787 1275 monita
2808 1223 3219 1292 contempserit,
3247 1222 3525 1293 lapidibus

242 1308 357 1380 τὴρ
387 1309 556 1371 αὑτοῦ
588 1310 683 1365 καὶ
709 1311 745 1381 ἡ
779 1312 961 1380 μήτηρ
1000 1310 1188 1375 αὑτοῦ,
1231 1310 1511 1377 ἐξάξουσιν
1551 1310 1711 1365 αὑτὸν
1747 1311 1837 1365 ἐπὶ

1940 1306 2174 1366 obrutus
2196 1320 2444 1379 necatur,
2492 1328 2617 1368 cum
2645 1312 2751 1367 hoc
2774 1311 2919 1367 idem
2948 1310 3136 1370 divina
3162 1315 3250 1369 lex
3268 1316 3519 1386 jusserit.

246 1395 350 1466 τὴν
382 1398 678 1469 γερουσίαν
704 1401 804 1469 τῆς
837 1400 1049 1464 πόλεως
1074 1400 1264 1465 αὑτοῦ,
1297 1402 1392 1456 καὶ
1420 1401 1514 1456 ἰπὶ
1540 1401 1639 1472 τὴν
1665 1400 1837 1473 πύλην

1939 1399 2086 1455 Dixit
2139 1410 2322 1456 autem
2356 1402 2424 1457 ad
2465 1402 2614 1458 hunc
2656 1402 2881 1457 modum
2923 1405 2981 1457 in
3044 1404 3518 1460 Deutet‘unomio:

238 1487 345 1541 τοῦ
377 1490 547 1543 τόπου
573 1490 761 1556 αὐτοῦ,
785 1491 881 1544 καὶ
909 1489 1091 1562 ἐροῦσι
1123 1495 1236 1556 τοῖς
1260 1492 1491 1562 ἀνδράσι
1512 1494 1610 1563 τῆς
1632 1492 1837 1556 πόλεως

1947 1510 1966 1543 ‹
2000 1491 2057 1547 Si
2080 1502 2264 1547 autem
2288 1493 2527 1563 cuipiam
2549 1492 2715 1548 fuerit
2740 1492 2884 1549 ﬁlius
2906 1503 3200 1550 contumax
3243 1504 3298 1551 et
3337 1497 3522 1552 irrita-

236 1579 421 1635 αὐτοῦ
445 1581 718 1650 λέγοντες,
751 1583 834 1637 ὅτι
878 1583 936 1637 '0
964 1583 1080 1647 υἱὸς
1108 1584 1267 1655 ἡμῶν
1294 1578 1449 1649 οὗτος
1473 1584 1708 1650 ἀπειθεῖ,
1742 1587 1837 1638 καὶ

1940 1587 2044 1646 tor,
2075 1581 2169 1653 qui
2197 1597 2308 1636 non
2331 1581 2553 1637 obediat
2576 1582 2697 1636 voci
2722 1582 2895 1652 patris
2938 1582 3045 1647 sui,
3070 1588 3128 1637 et
3163 1583 3285 1637 voci
3330 1584 3521 1640 matris

236 1670 510 1739 ἐρεθίζει,
543 1675 637 1728 καὶ
661 1675 763 1727 οὐκ
788 1664 1065 1731 εἰσακούει
1104 1676 1206 1746 τῆς
1239 1677 1422 1747 φωνῆς
1467 1677 1663 1748 ἡμῶν,
1694 1690 1836 1747 συμ-

1939 1688 2072 1735 suae,
2111 1681 2169 1726 et
2211 1672 2582 1744 corripuerint
2635 1688 2798 1738 eum,
2845 1680 2901 1726 et
2959 1689 3069 1727 non
3114 1672 3352 1729 audierit
3398 1688 3515 1738 eos,

235 1763 563 1819 ϐολοκοπῶν
610 1766 955 1837 οίνοφλνγεί·
990 1770 1086 1823 καὶ
1115 1746 1558 1840 λιθοϐολήσουσίν
1596 1746 1829 1825 manu:

1936 1764 2409 1836 comprehendent
2451 1780 2581 1819 eum
2627 1773 2785 1833 pater
2834 1778 2968 1819 suus
3013 1772 3069 1819 et
3098 1773 3271 1819 mater
3315 1780 3435 1829 sua,
3460 1772 3518 1820 et

230 1855 443 1929 ἄνδρες
486 1859 586 1929 τῆς
627 1858 836 1922 πόλεως
874 1859 1043 1914 αὐτοῦ
1082 1859 1284 1925 λίθοις,
1323 1861 1419 1913 καὶ
1455 1860 1825 1916 ἀποθανεῖται.

1936 1857 2141 1913 ducent
2160 1873 2287 1912 eum
2311 1856 2380 1912 ad
2404 1864 2657 1912 senatum
2690 1857 2865 1928 ipsius
2885 1859 3144 1922 civitatis,
3178 1866 3238 1913 et
3279 1857 3347 1912 ad
3391 1871 3519 1927 por-

229 1949 351 2002 Καὶ
395 1950 642 2022 ἐξαιρεῖτε
686 1951 778 2004 τὸν
824 1952 1060 2022 πονηρὸν
1103 1953 1161 2017 ἐξ
1207 1951 1362 2023 ὑμῶν
1400 1952 1611 2017 αὐτῶν,
1647 1953 1742 2007 καὶ
1778 1953 1827 2006 oi

1936 1957 2049 2005 tam
2070 1949 2177 2005 loci
2212 1948 2360 2003 illius
2384 1989 2398 2013 ,
2432 1957 2489 2003 et
2513 1948 2699 2003 dicent
2721 1949 3039 2004 hominibus
3061 1950 3300 2004 civitatis
3328 1949 3512 2004 illius:

226 2037 515 2091 ἐπίλοιποι
545 2037 879 2103 ἀκούσαντες
911 2039 1333 2112 φοϐηθήσονταιο
1362 2059 1395 2106 ,ι
1427 2037 1496 2094 'A
1509 2042 1576 2113 ρὰ
1603 2058 1686 2093 σοι
1719 2040 1830 2094 λοι-

1935 2042 2110 2098 Filius
2160 2050 2352 2098 noster
2376 2040 2469 2095 hic
2510 2042 2838 2097 inobediens
2880 2043 3265 2107 estetirritat,
3325 2051 3515 2096 etnon

227 2126 338 2180 πὺν
389 2126 687 2191 ἐνδοιάζειν
730 2127 809 2182 ἔτι
860 2129 952 2182 καὶ
991 2129 1132 2198 μετὰ
1176 2130 1337 2184 τοῦτο
1374 2130 1561 2200 θέμις,
1597 2130 1677 2194 ὡς
1722 2126 1827 2185 εἶσι

1933 2132 2088 2188 audit
2109 2146 2302 2186 vocem
2346 2138 2614 2195 nostram,
2659 2130 3154 2186 comessationibus
3183 2139 3238 2185 et
3277 2131 3518 2187 ebrieta-

226 2216 357 2269 κατ’
405 2215 554 2286 ἴχνος
579 2220 679 2288 τῆς
714 2218 811 2272 τοῦ
839 2218 974 2274 Θεοῦ
1000 2222 1166 2292 τιμῆς
1192 2221 1226 2291 ἡ
1260 2222 1340 2284 είς
1377 2220 1593 2294 πατέρα
1629 2238 1690 2275 τε
1732 2221 1827 2275 καὶ

1934 2223 2083 2276 tibus
2103 2228 2293 2276 vacat:
2321 2228 2377 2276 et
2402 2220 2722 2291 lapidabunt
2765 2237 2892 2277 eum
2942 2222 3047 2276 viri
3080 2220 3322 2277 civitatis
3367 2221 3514 2277 illius

229 2307 492 2379 μητέρα;
1930 2313 2242 2384 lapidibus;
2268 2318 2325 2367 et
2349 2312 2638 2379 morietur,
2663 2320 2720 2369 et
2742 2312 3004 2369 auferetis
3027 2314 3230 2370 malum
3253 2329 3322 2369 ex
3355 2312 3516 2369 vobis

226 2403 410 2474 ipsis;
437 2410 491 2459 et
516 2405 700 2461 ceteri
722 2406 1011 2463 audientes
1036 2409 1307 2466 timebunt
1334 2411 1397 2466 “.
1431 2431 1450 2463 ι
1486 2411 1631 2467 Num
1657 2409 1879 2467 tandem
1915 2409 2146 2480 posthac
2170 2406 2254 2464 fas
2302 2415 2389 2464 est
2410 2406 2713 2481 ambigere,
2743 2408 2877 2480 quin
2901 2408 3047 2479 patri
3072 2424 3137 2464 ac
3150 2408 3316 2465 matri
3338 2409 3515 2465 honos

227 2492 461 2555 habitus
491 2499 738 2567 proxime
760 2498 828 2553 ad
847 2514 997 2560 eum.
1021 2502 1117 2571 qui
1146 2502 1259 2557 Deo
1284 2502 1567 2568 tribuitur,
1589 2498 1854 2559 accedat?

297 2590 522 2647 IIAAA.
554 2592 838 2665 Οὐδαμῶς.
876 2594 1217 2651 Ἐκδυσωπεῖ
1240 2597 1348 2670 γὰρ
1365 2599 1527 2670 δήμᾶς
1555 2599 1634 2661 εἰς
1668 2614 1730 2666 γε
1761 2596 1822 2651 τὸ

229 2682 436 2761 χρῆναι
465 2685 650 2756 τιμᾷν.
676 2687 769 2740 καὶ
797 2687 859 2741 τὸ
910 2689 1015 2742 ὑπό
1051 2706 1146 2743 του
1176 2690 1250 2759 (Ι)
1279 2689 1459 2761 σοφῶς
1490 2688 1781 2761 εἰρημένον
1799 2704 1813 2719 ·

232 2793 253 2828 ι
290 2776 609 2849 Μνήσθητι,
641 2779 723 2832 ὅτι
751 2780 821 2839 δι’
849 2781 1029 2835 αὐτῶν
1071 2782 1392 2855 ἐγεννήθης.
1442 2801 1461 2836 ι
1505 2782 1616 2837 Καὶ
1655 2781 1761 2853 μὴν
1792 2781 1821 2834 ὁ

1925 2794 1955 2835 a
1980 2777 2218 2849 quodam
2238 2777 2518 2847 sapienter
2549 2784 2634 2833 est
2663 2776 2874 2832 dictum
2900 2794 2914 2831 :
2948 2797 2966 2829 ι
2999 2776 3314 2833 Recordare
3360 2775 3510 2847 quod

228 2870 583 2941 πατριάρχης
631 2871 827 2929 Ἰακὼϐ
857 2876 1249 2929 ἐπιεικέστατα
1289 2874 1496 2945 λέγων·
1548 2893 1570 2927 ι
1608 2872 1672 2928 Ei
1694 2872 1822 2945 μὴὸ

1925 2886 2017 2942 per
2045 2885 2143 2927 eos
2173 2870 2389 2940 genitus
2409 2868 2472 2924 es
2511 2869 2586 2935 ²⁰;
2619 2888 2636 2920 ι
2680 2868 2851 2925 Iacob
2898 2885 3118 2940 quoque
3161 2868 3506 2941 patriarcha,

229 2960 399 3026 φόϐος
438 2962 620 3018 Ἰσαὰκ
643 2965 739 3020 τοῦ
768 2967 976 3039 πατρὸς
1000 2963 1069 3040 ἦν
1101 2985 1208 3039 μοι.
1251 2986 1272 3021 ι

1925 2976 2044 3016 cum
2069 2960 2471 3016 modestissime
2494 2960 2631 3016 dicit
2662 2979 2677 3015 :
2731 2980 2749 3013 ι
2783 2960 2901 3016 Nisi
2937 2961 3101 3015 timor
3143 2960 3295 3017 Isaac
3338 2960 3512 3033 patris

1926 3053 2037 3107 mei
2065 3052 2284 3109 adesset
2306 3051 2442 3105 mihi
2466 3052 2533 3105 ἰ.
2566 3070 2586 3103 ι

1996 2591 2193 2649 PALL.
2223 2586 2447 2648 Minime
2469 2591 2734 2648 dubium:
2762 2601 2822 2648 ut
2845 2592 2994 2649 enim
3026 2608 3123 2648 eos
3147 2591 3359 2648 honore
3387 2608 3515 2663 pro-

1917 2684 2229 2758 sequendos
2272 2692 2551 2755 putemus,
2597 2684 2738 2740 illud
2762 2701 2983 2756 quoque
3019 2684 3332 2756 persuadet,
3363 2684 3511 2763 quod

299 3160 471 3215 ΚΥΡ.
507 3156 647 3234 Ἆρ’
670 3158 785 3229 οὗν,
817 3165 938 3219 είπέ
980 3184 1091 3237 μοι,
1118 3165 1260 3222 τδδι’
1287 3166 1473 3224 αὐτῶν
1493 3165 1822 3238 γεγενῆσθαι

1993 3142 2151 3201 CYR.
2183 3143 2281 3198 Dic
2303 3143 2471 3213 igitur
2509 3141 2647 3197 mihi
2687 3140 2795 3197 hoc
2848 3140 3029 3212 ipsum
3053 3141 3201 3212 quod
3238 3150 3337 3212 per
3386 3140 3510 3195 illos

230 3250 411 3322 λέγειν
430 3293 445 3319 ,
468 3253 567 3308 οὐκ
585 3230 774 3310 stativa
807 3255 902 3311 τοῦ
947 3230 1292 3330 Ᾰημιουργοῦ
1320 3260 1416 3312 καὶ
1443 3230 1539 3312 τοί)
1571 3230 1720 3328 ’προς
1754 3256 1818 3310 τὸ

1925 3235 2132 3307 genitos
2154 3249 2255 3289 nos
2277 3249 2395 3289 esse
2418 3231 2624 3289 dictum
2648 3239 2753 3298 est,
2802 3248 2935 3287 num
2979 3248 3173 3303 parum
3222 3230 3507 3287 evidenter

1925 3325 2155 3347 --.__..I:.
2182 3326 2469 3347 :_--..:__-__
2508 3339 2595 3347 ---
2637 3322 2860 3347 n-:n-:-
2905 3330 3088 3347 .-.ιλ-..ι
3159 3329 3209 3347 ,ιι
3245 3322 3359 3347 ..ε-..-
3413 3321 3504 3347 ι..ιὲ

230 3321 368 3401 εἶναι
411 3347 711 3413 καλοῦντος
755 3350 825 3403 τὰ
870 3350 971 3404 οὐκ
1005 3321 1137 3406 iier
1160 3321 1313 3406 ’ποτὲ
1342 3321 1710 3415 καταδείξειεν
1746 3350 1813 3406 ἂν

1925 3325 2161 3382 ostendit
2182 3326 2474 3396 imaginem
2503 3339 2599 3379 eos
2637 3322 2863 3394 Opiﬁcis
2905 3330 3112 3388 tenere,
3156 3329 3212 3377 et
3243 3322 3381 3394 ejus,
3411 3321 3507 3391 qui

231 3437 481 3510 ινιργῶς
509 3438 670 3505 οντας
692 3411 931 3511 me,
956 3443 1017 3496 τὸ
1051 3443 1109 3497 at
1145 3444 1212 3516 δὴ
1258 3445 1357 3499 καὶ
1381 3443 1535 3515 φόϐῳ
1553 3411 1634 3514 {qi
1673 3442 1815 3513 πρὸς

1925 3427 2079 3474 vocat
2100 3417 2169 3472 ad
2192 3415 2471 3473 exsistend
2482 3431 2573 3471 um
2599 3430 2663 3470 ea
2686 3430 2810 3485 quae
2834 3414 2966 3468 olim
2992 3429 3104 3469 non
3126 3413 3325 3469 erant?
3345 3411 3505 3482 237

420 3532 744 3604 τετιμῆσθαι
772 3506 1024 3605 πρέπειν,
1053 3536 1115 3588 οὐ
1150 3506 1433 3609 μονονουγὶ
1663 3506 1813 3605 αθτῷ

1925 3515 2037 3571 lam
2071 3527 2207 3568 vero
2230 3511 2337 3566 hoc
2383 3509 2585 3580 ipsum,
2637 3509 2786 3579 quod
2810 3516 3002 3564 nostro
3042 3522 3263 3579 quoque
3309 3506 3507 3559 timore

232 3595 554 3694 Δεσποτικῶ
575 3595 827 3680 τέθεικεν·
841 3595 1111 3697 ἀξιώματι
1132 3595 1164 3692 ς’
1377 3595 1410 3609 n
1783 3595 1797 3605 '

1925 3620 2012 3661 eos
2033 3604 2304 3661 honorare
2329 3601 2510 3666 decet,
2556 3616 2741 3657 nonne
2766 3598 2876 3655 illis
2922 3599 3099 3671 ipsam
3133 3612 3356 3670 quoque
3393 3595 3505 3650 Do-

1916 3697 2053 3756 nini
2076 3696 2399 3766 dignitatem
2425 3692 2661 3748 tribuit?

300 3784 514 3840 HAAA.
547 3786 657 3840 Kal.
700 3786 867 3857 μάλα.
902 3786 1192 3860 Τοιγάρτοι
1224 3789 1320 3843 καὶ
1359 3786 1633 3861 ὲπαρᾶταί
1671 3806 1813 3845 τισιν

234 3875 261 3926 ὸ
291 3875 720 3948 Παροιμιαστὴς,
761 3878 968 3946 λέγων’
1011 3898 1031 3931 ι
1083 3880 1392 3952 Ὀφθαλμὸν
1425 3881 1811 3950 καταγελῶντα

235 3968 441 4040 πατρὸς
459 4005 475 4032 ,
505 3969 599 4022 καὶ
632 3969 967 4040 ἀτιμάζοντα
996 3971 1174 4042 γῆρας
1220 3973 1447 4044 μητρὸς,
1476 3972 1812 4043 ὲκκόψαισαν

232 4059 389 4116 αὐτὸν
439 4061 677 4132 κόρακες
718 4063 783 4116 ἐκ
826 4063 936 4118 τῶν
991 4065 1312 4135 φαράγγων.
1359 4083 1380 4117 ι
1431 4065 1581 4137 Πλὴν
1633 4066 1810 4121 ἐκεῖνο

236 4150 504 4221 διασὰφει,
531 4154 592 4208 τὸ
617 4156 764 4218 ὅπως
788 4154 854 4208 ἂν
882 4156 1044 4211 οἴοιτό
1064 4174 1148 4221 τις
1172 4157 1424 4228 είρῆσθαι
1449 4158 1635 4226 σαφῶς
1659 4158 1811 4230 παρὰ

121 4276 124 4279 η
232 4243 322 4298 τοῦ
350 4248 570 4301 πάντων
612 4248 865 4320 Σωτῆρος
905 4249 1180 4321 Χριστοῦσ
1214 4267 1236 4303 ι
1296 4250 1356 4304 Ὁ
1395 4250 1562 4320 φιλῶν
1599 4252 1812 4322 πατέρα

235 4334 270 4407 ἢ
301 4338 513 4411 μητέρα
538 4340 678 4412 ὑπὲρ
702 4342 828 4412 ἐμὲ,
858 4342 958 4396 οὐκ
986 4342 1101 4396 ἔστι
1131 4356 1232 4414 μου
1260 4342 1428 4408 ἄξιος.
1463 4359 1483 4395 ι
1520 4332 1812 4414 Μεμνήσο-

241 4444 332 4499 μαι
366 4431 425 4487 δὲ
465 4433 749 4488 κάκείνου·
782 4436 995 4505 πατέρα
1032 4434 1142 4506 γὰρ
1186 4435 1413 4490 θάπτειν
1452 4435 1549 4489 καὶ
1575 4451 1810 4507 γηροκο-

241 4524 353 4590 μεῖν
386 4526 770 4597 ἐκλιπαροῢντι
815 4525 895 4597 τῷ
929 4527 1179 4598 μαθητῇ,
1213 4526 1274 4580 τδ
1302 4544 1321 4578 ι
1362 4525 1671 4579 ’Δκολούθει
1699 4543 1809 4596 μοι,

1984 3788 2183 3846 PALL.
2243 3788 2387 3844 Sane
2427 3802 2582 3842 vero.
2630 3784 2871 3857 Ideoque
2919 3784 3013 3841 ille
3071 3785 3504 3842 Proverhiorum

1914 3890 2107 3938 auctor
2127 3884 2448 3938 exsecratur
2472 3879 2760 3949 quosdam,
2801 3879 2989 3935 dicens
3014 3895 3028 3932 :
3061 3897 3079 3929 ι
3108 3876 3363 3945 Oculum,
3407 3879 3504 3950 qui

1911 3975 2108 4031 irridet
2127 3980 2345 4045 patrem
2375 3980 2432 4029 et
2455 3973 2752 4030 dedecorat
2773 3979 3115 4028 senectutem
3140 3973 3355 4037 matris,
3371 3971 3505 4029 etio-

1912 4068 2072 4124 diant
2090 4082 2220 4123 eum
2243 4067 2394 4122 corvi
2418 4065 2486 4122 de
2513 4067 2853 4120 torrentibus
2881 4066 2946 4119 “.
2979 4084 2998 4116 ι
3030 4063 3171 4119 Illud
3204 4071 3385 4119 tamen
3410 4079 3503 4119 ex-

1910 4166 2086 4236 plices
2106 4162 2289 4228 velim,
2311 4158 2587 4231 quomodo
2612 4158 2681 4213 ah
2697 4158 2943 4214 omnium
2970 4156 3257 4213 Salvatore
3279 4156 3500 4213 Christo

1910 4256 2191 4325 sapienter
2215 4253 2423 4308 dictum
2446 4251 2630 4321 putari
2670 4250 2885 4319 possit:
2918 4267 2936 4300 ι
2963 4247 3069 4315 Qui
3104 4256 3249 4303 amat
3287 4255 3500 4321 patrem

1908 4355 2009 4403 aut
2028 4354 2258 4402 matrem
2278 4359 2448 4414 super
2468 4357 2578 4408 me,
2600 4357 2713 4396 non
2737 4349 2822 4397 est
2845 4356 2933 4396 me
2957 4340 3157 4411 dignus
3173 4340 3241 4394 “.
3276 4360 3293 4391 ι
3323 4339 3500 4407 Quin-

1911 4439 2079 4496 etiam
2114 4436 2253 4493 illud
2299 4433 2746 4493 commemorabo
2776 4450 2791 4487 :
2832 4447 2960 4489 nam
2993 4441 3207 4503 patrem
3240 4430 3496 4500 sepelire,

1912 4536 2361 4596 senectutemque
2396 4525 2545 4581 illius
2593 4524 2740 4580 alere
2786 4523 3002 4594 roganti
3045 4520 3320 4593 discipulo
3358 4523 3435 4575 ait
3483 4539 3494 4573 :

237 4617 386 4689 (moi,
431 4619 524 4673 καὶ
565 4620 703 4690 ἄφες
739 4622 864 4684 τοὺς
903 4622 1131 4693 νεκροὺς
1178 4621 1407 4675 θάπτειν
1436 4620 1564 4682 τοὺς
1604 4619 1812 4675 ἑαυτῶν

1925 4640 1943 4675 ι
1971 4620 2215 4692 Sequere
2240 4634 2363 4685 me;
2397 4626 2457 4673 et
2480 4616 2699 4673 dimitte
2722 4625 2972 4673 mortuos
2997 4612 3231 4685 sepelire
3252 4619 3500 4668 mortuos

239 4709 481 4767 νεκρούς,
520 4730 540 4763 ι
1912 4728 2045 4767 suos
2067 4713 2133 4767 ’⁸.
2166 4729 2185 4763 ι

303 4727 329 4761 κ
398 4728 441 4764 υν
467 4753 481 4766 ,
520 4730 540 4763 ι

303 4727 465 4856 ΚρὲΡῗ
514 4798 648 4856 Εἶτα
681 4804 735 4856 τί
769 4804 831 4857 τὸ
861 4806 1060 4859 ἄτοπον
1106 4803 1183 4874 (2)
1219 4805 1276 4858 ὲν
1311 4802 1554 4867 τούτοις
1584 4801 1810 4866 ἄναντες

1925 4728 2142 4862 ωὲἶηι..
2166 4729 2322 4869 ’Quid
2347 4814 2481 4855 vero
2526 4799 2585 4855 in
2630 4799 2701 4855 iis
2745 4796 2973 4857 absurdi
3016 4794 3138 4850 est?
3180 4807 3309 4883 nam
3338 4790 3501 4847 ardui

242 4890 344 4965 γὰρ
373 4895 546 4960 οὐδὲν,
586 4895 662 4959 ὥς
698 4896 764 4965 γέ
799 4913 889 4968 μοι
927 4897 1105 4960 δοκεῖ,
1131 4895 1264 4968 ψιλὴ
1302 4896 1359 4950 δὲ
1386 4895 1508 4949 λίαν
1534 4894 1644 4949 τῶν
1675 4911 1811 4966 προ-

1925 4895 2139 4967 quidem
2164 4891 2501 4959 mrte‘nihil,
2545 4898 2609 4947 ut
2652 4890 2790 4947 mihi
2834 4888 3073 4952 videtur,
3115 4884 3210 4944 sed
3265 4884 3505 4955 simplex

242 4988 502 5058 κειμένων
528 4992 561 5061 ἡ
585 4991 814 5058 γνῶσις,
836 4992 930 5045 καὶ
950 4990 1093 5044 ἑλεῖν
1118 4990 1441 5061 ὲτοιμοτάτη
1467 4990 1585 5059 τοῖς
1600 4987 1813 5043 ἔθελον-

1925 4986 2213 5046 admodum
2236 4984 2485 5042 locorum
2506 4981 2918 5054 propositorum
2945 4987 3030 5035 est
3046 4976 3309 5051 cognitio,
3346 4984 3408 5032 .et
3430 4975 3497 5031 ad

242 5093 319 5131 σιν
342 5081 516 5153 ὀρθῶς
541 5085 715 5138 νοεῖν.

1925 5078 2335 5152 percipiendum
2357 5077 2445 5145 iis,
2475 5077 2572 5148 qui
2597 5082 2745 5133 recte
2766 5071 3077 5146 intelligere
3100 5070 3295 5135 velint.
3344 5066 3511 5125 facil-.

1917 5173 2185 5321 ἰιῗλιι.
2240 5262 2408 5333 Atqui
2450 5274 2564 5317 non
2606 5263 2736 5313 sunt
2778 5272 2842 5315 ea
2885 5256 3055 5315 verba
3104 5271 3135 5310 a
3178 5249 3511 5324 suspicione

2993 5412 3039 5445 ”
3063 5406 3254 5467 Matth.
3291 5421 3323 5463 ι
3345 5445 3360 5473 ,
3399 5402 3500 5463 π..

305 5256 510 5314 ΠΔΛΛ.
547 5217 660 5313 ιω
690 5257 798 5331 μὴν
830 5260 931 5314 οὐκ
956 5256 1239 5331 ἐλεύθερος
1266 5261 1545 5329 παντελῶς
1575 5262 1815 5333 ὑποψίας

342 5411 567 5470 "Deut.
623 5430 734 5479 nr,
779 5414 962 5470 18-21.

244 5478 289 5509 ,κ
312 5415 748 5509 ἐξέδυέ-..ιιιέό
779 5415 962 5470 18-21.
1061 5416 1106 5449 ’³
1134 5415 1305 5473 Eccli.
1335 5433 1428 5483 vu,
1473 5416 1559 5473 30.

311 5480 495 5539 Matth.
537 5500 651 5552 vui,
677 5485 769 5540 92.

1674 5419 1718 5450 ¹¹
1757 5417 1895 5476 Gen.
1947 5435 2104 5483 xui,
2150 5417 2235 5474 42.
2343 5418 2389 5451 ε’
2427 5415 2587 5475 Prov.
2623 5429 2767 5481 xxx,
2809 5413 2895 5477 17.

338 5638 356 5690 ι
425 5640 518 5696 Sic
551 5640 851 5705 codoVat.,
899 5643 1071 5698 codex
1129 5642 1336 5705 Sirleti,
1369 5641 1474 5695 ὑπὸ
1512 5640 1607 5695 τοῦ
1651 5639 1810 5695 Θεοῦ.
1882 5608 1901 5627 ”

311 5636 389 5789 Σεὲ
413 5708 547 5771 Cod.
587 5711 791 5781 Sirleti,
824 5712 877 5767 τί
903 5712 964 5768 τὸ
1001 5712 1272 5781 ἄποπτον;
1320 5710 1457 5780 Quid
1482 5712 1811 5768 obscuritatis
1851 5710 1901 5768 in

413 5708 547 5771 Cod.
587 5711 791 5781 Sirleti,
824 5712 877 5767 τί
903 5712 964 5768 τὸ
1001 5712 1272 5781 ἄποπτον;
1320 5710 1457 5780 Quid
1482 5712 1811 5768 obscuritatis
1851 5708 2025 5768 inest!
