3966 6298
472 312 569 368 διι

1503 312 1558 368 S.
1601 310 1878 366 CYRILLI
1916 307 2387 364 ΑιΕΧΑΝυιιιΝι
2427 309 2743 366 ARCHIEP‘.

3629 316 3734 372 511

470 445 698 502 prorsus
719 427 930 482 aliena:
964 427 1222 482 videntur
1245 427 1392 482 enim
1424 425 1828 497 quodammodo
1872 425 1940 478 ab
1981 440 2041 478 ea

2150 424 2174 475 6
2211 423 2362 491 λόγος
2381 440 2395 454 ·
2423 423 2565 478 ἔοικε
2589 428 2698 496 γάρ
2721 443 2837 490 πως
2858 424 2957 496 τῆς
2987 426 3066 492 είς
3099 427 3294 496 γονέας
3318 426 3498 491 αἰδοῦς
3527 430 3734 488 ἀποκο-

471 520 816 586 reverentia,
861 534 985 590 qua:
1036 518 1359 590 parentibus
1403 518 1674 584 debetur,
1721 533 1823 574 nos
1867 517 2046 572 abdu-

469 629 616 669 cere.

535 702 694 759 CYR.
721 702 904 773 Apage
927 701 994 756 ab
1019 701 1123 755 ista
1148 700 1481 770 suspicione,
1507 701 1734 766 Palladi,
1759 713 1815 757 et
1838 701 2044 759 intelli-

469 795 649 866 gentia
667 802 775 848 tam
798 808 1053 863 perversa
1083 810 1096 846 :
1124 807 1302 862 neque
1330 793 1478 847 enim
1517 791 1816 848 Salvatoris
1869 796 2044 850 nostri

467 887 638 942 verba
668 903 699 941 a
778 885 1086 941 reverentia
1151 884 1206 938 in
1258 891 1515 954 parentes
1585 883 1902 951 abducunt,
1947 887 2043 941 sed

470 977 640 1042 illam,
675 993 794 1047 quae
824 979 934 1032 Deo
960 976 1272 1039 exhibetur,
1299 975 1663 1044 antiquiorem
1686 992 1749 1031 ac
1785 988 2047 1046 praestan-

470 1069 667 1123 tiorem
691 1069 893 1124 habere
919 1069 1138 1123 docent.
1165 1067 1220 1122 ld
1251 1067 1396 1136 quod
1442 1067 1606 1121 etiam
1648 1069 1920 1138 superiori
1942 1085 2043 1125 no-

469 1146 580 1217 Stra
604 1160 851 1217 oratione
896 1161 1198 1231 perfectum
1243 1168 1346 1224 est,
1382 1175 1507 1215 cum
1545 1160 1695 1214 illam
1741 1161 2044 1231 proximam

468 1261 632 1323 atque
661 1253 958 1308 secundam
983 1253 1051 1308 ab
1066 1269 1152 1316 ea,
1180 1268 1301 1322 qua:
1323 1252 1436 1308 Deo
1465 1258 1550 1307 est
1573 1251 1845 1316 habenda,
1885 1252 2045 1306 iden-

470 1343 638 1398 tidem
674 1343 1020 1408 diceremus;
1066 1341 1214 1412 quod
1260 1357 1390 1397 sane
1431 1342 1596 1396 etiam
1639 1342 1754 1411 ipse
1791 1341 2046 1398 Christus

468 1435 726 1499 servavit,
768 1450 891 1489 cum
942 1449 1121 1503 neque
1161 1433 1215 1487 id
1253 1448 1355 1502 pro
1399 1433 1633 1488 crimine
1681 1433 1934 1503 ascripsit
1976 1434 2045 1490 iis

466 1527 560 1597 qui
598 1534 851 1596 parentes
872 1525 1182 1596 diligerent,
1213 1541 1391 1595 neque
1420 1525 1645 1579 omnino
1689 1525 1930 1594 culpavit
1949 1534 2086 1584 aut.

465 1620 744 1675 accusavit
761 1635 874 1684 eos,
901 1619 995 1689 qui
1024 1619 1217 1673 iisdem
1235 1617 1500 1672 honorem
1525 1625 1720 1687 sponte
1741 1617 2043 1685 deferrent,

465 1713 560 1768 sed
588 1714 828 1768 humana
856 1713 1040 1767 omnia
1095 1719 1218 1782 post
1245 1712 1416 1766 Deum
1461 1710 1713 1766 habenda
1750 1725 1870 1766 esse
1913 1727 2046 1766 con—

2157 512 2334 583 μίζειν
2361 516 2532 584 ἡμᾶς.

2224 683 2388 738 ΚΥΡ.
2427 685 2641 755 ’Λπαγε
2678 687 2778 758 τῆς
2822 688 3106 756 ὑπονοίας,
3159 689 3437 762 ἄνθρωπε,
3481 694 3577 748 καὶ
3625 695 3734 750 τῶν

2154 773 2297 828 οὕτω
2325 776 2825 850 κεκιϐδηλευμένων
2853 780 3104 857 ἑννοιῶνί
3135 781 3393 853 ἀφίστησι
3419 785 3552 857 γὰρ,
3589 785 3652 840 οῦ
3682 789 3733 840 τί

2119 855 2256 919 ’που
2300 867 2398 938 τῆς
2440 871 2521 932 είς
2557 870 2748 938 γονέας
2790 853 2994 936 αἰδοῦς,
3035 873 3128 926 τοῦ
3179 875 3431 947 Σωτῆρος
3554 878 3731 946 λόγος,

2152 953 2528 1027 πρεσϐυτέραν
2570 957 2628 1010 δὲ
2674 958 2767 1011 καὶ
2810 960 3019 1028 ἀμείνω
3055 961 3154 1034 τὴν
3188 964 3270 1026 είς
3302 964 3434 1018 Θεὸν
3477 968 3732 1036 ἡγεῖσθαι

2149 1045 2407 1100 διδάσκει.
2439 1048 2786 1102 Διατετέλεκε
2819 1049 2875 1102 δὲ
2898 1051 2992 1104 καὶ
3019 1054 3151 1122 ἡμῖν
3176 1055 3205 1107 6
3230 1053 3406 1122 λόγος,
3435 1057 3609 1127 ἀγχοῦ
3639 1061 3733 1113 καὶ

2149 1132 2410 1206 δευτέραν
2460 1135 2573 1190 ἄνω
2623 1153 2684 1190 τε
2737 1139 2834 1191 καὶ
2887 1138 3040 1193 κάτω
3085 1140 3187 1211 τῆς
3236 1139 3356 1214 Θεῷ
3414 1146 3731 1220 πρεπούσης

2149 1226 2430 1296 ὀνομάζων
2453 1229 2645 1301 αὐτὴν,
2667 1229 2696 1282 ὃ
2716 1228 2780 1301 δὴ
2801 1229 2896 1284 καὶ
2917 1230 3080 1295 αὐτὸς
3099 1234 3403 1305 τετήρηκεν
3425 1235 3454 1287 6
3474 1237 3729 1307 Χριστὸς,

2149 1317 2248 1370 οὐκ
2289 1318 2470 1373 αίτίαν
2512 1321 2828 1392 ἐπιγράψας
2854 1325 2967 1385 τοῖς
3008 1324 3228 1394 ἀγαπᾷν
3274 1327 3581 1398 ἑλομένοις,
3617 1329 3730 1382 ἀλλ’

2150 1407 2269 1460 οὐδὲ
2301 1409 2491 1480 μῶμόν
2519 1427 2640 1464 τινα
2672 1410 2765 1465 καὶ
2796 1414 3014 1484 γραφὴν
3042 1415 3255 1480 ἐπιθεὶς
3285 1419 3398 1481 τοῖς
3433 1419 3730 1491 ᾑρημένοις

2150 1501 2336 1571 τιμᾷν.
2368 1501 2442 1554 Τό
2466 1519 2529 1570 γε
2571 1500 2677 1574 μὴν
2705 1503 2934 1557 κατόπιν
2963 1505 3100 1558 ἰέναι
3125 1506 3260 1560 Θεοῦ
3293 1507 3362 1561 τὰ
3391 1509 3726 1582 ἀνθρώπινα,

2151 1591 2578 1662 πρεπωδέστατα
2652 1594 2948 1666 νομοθετεῖ.
3035 1597 3325 1670 Τοιγάρτοι
3389 1602 3557 1672 φησὶν
3633 1604 3728 1672 οὐχ

2150 1682 2356 1746 ἁπλῶς·
2399 1701 2418 1734 ι
2460 1684 2520 1737 '0
2549 1684 2718 1752 φιλῶν
2749 1686 2958 1758 πατέρα
2985 1687 3151 1742 αὐτοῦ
3177 1690 3211 1760 ἦ
3239 1691 3471 1762 μητέρα·
3500 1711 3518 1743 ι
3559 1709 3730 1763 προσ-

464 1806 878 1860 venientissime
902 1805 1099 1860 sanxit.
1127 1805 1316 1874 Itaque
1339 1819 1448 1857 non
1473 1803 1722 1858 absolute
1746 1803 1823 1858 ait
1847 1822 1859 1857 :
1892 1823 1910 1855 ι
1937 1803 2041 1871 Qui

2150 1772 2354 1827 τέθεικε
2378 1774 2437 1828 δὲ
2470 1775 2552 1840 τὺ,
2581 1795 2600 1827 ι
2625 1775 2767 1848 ὑπὲρ
2787 1777 2909 1848 ἑμέ.
2925 1797 2945 1830 ι
2975 1780 3046 1832 Ἣ
3061 1780 3170 1852 γὰρ
3194 1781 3294 1835 οὐκ
3311 1782 3473 1854 οἰήσῃ
3494 1785 3730 1855 πρέπειν

465 1904 612 1951 amat
643 1903 854 1967 patrem
889 1911 1050 1951 suum
1076 1905 1171 1949 aut
1195 1903 1449 1960 matrem,
1486 1914 1504 1946 ι
1535 1895 1630 1950 sed
1657 1895 1859 1966 adjecit
1884 1896 2042 1963 illud,

472 2007 491 2040 ι
522 2004 687 2058 super
713 2003 821 2044 me.
857 2006 876 2039 ι
906 1987 988 2042 An
1011 2003 1142 2042 vero
1165 1987 1519 2041 dilectionem
1543 1986 1601 2040 in
1647 1985 1822 2040 Deum
1869 1986 2046 2043 dilec-

466 2080 601 2136 tioni
636 2080 692 2136 in
716 2079 970 2136 homines
992 2094 1105 2133 non
1142 2075 1567 2148 pneponendam
1595 2075 1861 2146 putabis?

534 2172 732 2229 PALL.
785 2173 898 2244 Ego
958 2187 1094 2228 vero
1149 2169 1577 2243 praeponendam
1627 2169 1856 2224 omnino
1908 2185 2046 2226 cen—

463 2277 580 2318 830.

532 2351 689 2409 CYR.
724 2352 870 2424 Ergo
895 2352 952 2407 in
975 2367 1098 2407 eam
1138 2351 1466 2407 sententiam
1516 2349 1673 2406 abire
1710 2350 2044 2421 discipulum

463 2461 574 2502 non
607 2445 877 2517 permisit,
921 2454 982 2500 ut
1023 2451 1242 2514 putaret
1272 2442 1660 2507 reverentiam,
1686 2457 1809 2512 quae
1831 2442 2042 2498 homini

461 2539 713 2608 quamvis
743 2539 960 2608 parenti
1007 2537 1322 2602 deberetur,
1370 2535 1448 2590 illi
1487 2535 1684 2600 alteri,
1738 2550 1860 2604 qua:
1913 2551 2044 2608 erga

462 2627 633 2681 Deum
661 2627 913 2682 habenda
936 2634 1042 2692 est,
1067 2641 1188 2681 esse
1211 2624 1631 2695 praeferendam,
1661 2626 1756 2696 qui
1780 2626 1916 2684 alias
1942 2644 2045 2682 na-

463 2727 601 2773 tura
626 2718 777 2788 leges
800 2717 868 2772 de
907 2717 1120 2771 honore
1138 2715 1466 2786 parentibus
1489 2715 1787 2772 tribuendo
1810 2731 1911 2772 suo
1948 2733 2048 2788 pa-

2141 1865 2245 2008 ;ﬁ:
2288 1865 2368 1930 είς
2414 1865 2737 1938 ἀνθρώπους
2799 1869 3021 1942 ἀγάπης
3077 1872 3444 1945 προτετάχθαι
3498 1874 3598 1946 τὴν
3651 1877 3729 1942 είς

2189 1971 2216 2007 ε
2247 1970 2302 2008 v:

2189 1970 2302 2019 εον;

2216 2139 2421 2194 ΠΔΛΛ.
2460 2139 2782 2196 Παντάπασι
2811 2141 2911 2215 μὲν
2935 2139 3050 2200 οῦν.

2214 2351 2376 2405 ΚΥΡ.
2422 2352 2580 2406 ἰέναι
2609 2352 2675 2425 δὴ
2705 2346 2798 2407 οὗν
2827 2354 2928 2408 οὒκ
2963 2353 3110 2424 ὴφίει
3145 2354 3235 2409 τὸν
3272 2355 3518 2428 μαθητὴν
3546 2357 3642 2411 ἑπὶ
3667 2357 3730 2412 τὸ

2147 2443 2222 2514 μὴ
2280 2442 2391 2496 δεῖν
2436 2443 2643 2496 οἴεσθαι
2691 2445 3151 2518 προύργιαιτέραν
3193 2445 3462 2500 ποιεῖσθαι
3511 2449 3610 2518 τῆς
3647 2447 3729 2512 είς

2142 2533 2274 2587 Θεὸν
2305 2533 2485 2598 αίδοῦς
2515 2535 2616 2606 τὴν
2647 2536 2728 2600 εις
2755 2535 3040 2607 ἄνθρωπον
3060 2577 3076 2602 ,
3111 2537 3216 2591 κᾶν
3265 2539 3313 2590 εί
3347 2539 3583 2610 ὑπάρχοι
3620 2557 3728 2592 πα-

2141 2624 2269 2697 τὴρ,
2301 2626 2330 2679 6
2367 2625 2592 2690 καὶτοῖς
2619 2627 2720 2697 τῆς
2760 2628 2973 2698 φύσεως
3006 2627 3191 2699 νόμοις
3224 2629 3306 2692 είς
3333 2645 3397 2698 γε
3435 2629 3496 2682 τὸ
3531 2629 3726 2700 χρῆναι

2143 2717 2406 2788 τιμᾶσθαι
2440 2717 2930 2791 συνηγοροῦμενος.
2971 2719 3205 2790 ’Δμείνω
3241 2719 3338 2790 μὲν
3369 2714 3463 2774 οὖν
3499 2720 3568 2774 τὰ
3601 2720 3726 2776 καθ’

461 2808 698 2864 trocinio
718 2808 985 2864 defendit.
1017 2807 1126 2863 Sua
1149 2807 1317 2879 igitur
1339 2807 1690 2869 esse‘nostris
1705 2807 2041 2879 praeferenda

2150 2808 2337 2863 ἑαυτὸν
2375 2811 2612 2863 ποιεῖται
2641 2811 2750 2864 τῶν
2791 2809 2916 2864 καθ’
2961 2811 3127 2889 ἡμᾶς.
3153 2809 3227 2863 Τὸ
3255 2809 3364 2882 γάρ
3393 2805 3475 2864 τοι
3508 2810 3725 2865 πάντων

459 2897 623 2953 docet
645 2915 661 2964 ;
685 2897 905 2954 excellit
919 2898 1070 2953 enim
1093 2897 1351 2954 omnibus
1373 2904 1430 2953 et
1449 2897 1658 2953 eminet
1674 2898 1820 2954 Deus
1841 2916 1857 2966 ;
1881 2900 2041 2972 238

2150 2898 2398 2954 ἐπέκεινα
2421 2901 2516 2953 καὶ
2541 2900 2820 2967 ἀνωτάτω,
2843 2900 2993 2964 Θεός·
3021 2900 3208 2971 ἑφίησι
3235 2899 3291 2954 δὲ
3319 2901 3572 2972 οὐδαμῶς
3594 2903 3723 2974 παρ’

459 3004 640 3059 neque
674 3004 828 3056 vero,
858 2991 988 3060 quia
1009 3005 1095 3054 ea,
1121 3004 1244 3060 qua:
1268 2989 1337 3044 ad
1362 2989 1536 3044 Deum
1565 2992 1865 3060 pertinent,
1897 2991 2044 3046 anti-

457 3082 651 3152 quiora
673 3097 738 3138 ac
765 3083 1148 3154 prastantiora
1191 3080 1436 3152 putanda
1494 3088 1628 3137 sunt
1669 3097 1736 3138 ac
1781 3082 2038 3150 dicenda,

2144 2987 2294 3042 οὐδὲν
2317 2989 2567 3061 ἡγεῖσθαί
2599 3007 2743 3044 τισιν
2780 2990 2882 3062 τὴν
2923 2992 3003 3054 είς
3043 2991 3234 3059 γονέας
3267 2991 3400 3045 aiam
3423 3032 3438 3058 ,
3463 2991 3553 3046 διὰ
3574 3009 3638 3061 γε
3664 2993 3726 3046 τὸ

2145 3080 2343 3152 χρῆναι
2379 3083 2595 3153 φρονεῖν
2622 3098 2682 3134 τε
2709 3082 2801 3135 καὶ
2825 3081 3027 3150 λέγειν,
3061 3081 3136 3145 ὠς
3167 3081 3312 3135 ἐστιν
3347 3083 3406 3136 ἑν
3456 3081 3626 3155 μοίρᾳ
3655 3085 3723 3154 τῇ

459 3147 584 3228 ideo
607 3147 791 3230 tamen
817 3173 929 3228 ullo
951 3181 1112 3244 pacto
1147 3147 1419 3244 permittit
1462 3172 1742 3242 aliquibus
1781 3173 1929 3229 illam
1983 3147 2041 3230 in

2150 3147 2496 3244 πρεσϐυτέρᾳ
2515 3189 2574 3224 τε
2602 3173 2698 3226 καὶ
2724 3147 2970 3244 ἀμείνονι
3005 3171 3073 3225 τὰ
3095 3172 3188 3226 τοῦ
3217 3170 3374 3227 Θεοῦ.
3414 3147 3725 3244 ’ἐπίκλημα

457 3274 714 3336 parentes
741 3267 1109 3322 reverentiam
1148 3281 1250 3337 pro
1295 3264 1474 3320 nihilo
1501 3265 1742 3334 ducere;
1791 3267 1847 3324 id
1890 3268 2042 3324 enim

455 3358 707 3415 Christus
730 3358 1044 3414 Iudaeorum
1081 3358 1401 3416 doctoribus
1438 3359 1659 3414 crimini
1702 3359 1875 3426 dedit,
1915 3375 2040 3415 cum

456 3449 596 3505 dixit
624 3469 638 3505 :
690 3471 707 3502 ι
735 3451 882 3507 Deus
906 3451 1045 3506 dixit
1087 3469 1100 3505 :
1127 3451 1346 3509 Honora
1372 3465 1586 3526 patrem
1615 3461 1791 3517 tuum,
1823 3461 1880 3506 et
1921 3466 2038 3506 ma-

459 3552 595 3598 trem
638 3549 786 3597 tuam
826 3559 842 3607 ;
875 3558 974 3597 vos
996 3552 1180 3598 autem
1228 3545 1432 3612 dicitis,
1461 3545 1642 3616 inquit
1671 3563 1683 3598 :
1717 3543 2040 3613 Quicunque

456 3630 656 3687 dixerit
675 3632 820 3701 patri
845 3646 946 3686 suo
973 3649 986 3684 :
1014 3630 1214 3685 Munus
1245 3632 1394 3701 quod
1423 3649 1489 3688 ex
1515 3648 1604 3687 me
1639 3631 1739 3685 tibi
1761 3630 2035 3702 proderit;

455 3731 512 3778 et
531 3737 644 3776 non
667 3721 966 3775 honorabit
1004 3730 1221 3799 patrem
1245 3737 1409 3778 suum
1433 3730 1530 3777 aut
1566 3730 1800 3776 matrem
1831 3735 1985 3775 suam
2021 3737 2037 3774 :

454 3821 512 3867 et
536 3812 754 3866 irritum
774 3811 984 3868 fecistis
1011 3811 1328 3868 mandatum
1345 3814 1442 3869 Dei
1465 3822 1696 3884 propter
1714 3812 2040 3868 traditiones

454 3909 669 3958 vestras
690 3903 756 3956 ’⁵.
795 3920 814 3953 ι

525 3993 723 4048 PALL.
755 3993 921 4064 Atqui
944 4009 1056 4050 non
1079 3993 1374 4051 admodum
1398 4003 1483 4052 est
1507 3995 1684 4052 facilis
1725 3999 2036 4069 proposito-

456 4100 579 4139 rum
621 4085 920 4141 verborum
958 4085 1278 4141 intellectio.
1327 4086 1554 4157 Explica
1589 4086 1777 4158 igitur,
1829 4103 2033 4158 quaeso,

455 4176 730 4246 quodnam
755 4176 826 4232 sit
849 4176 906 4231 in
919 4177 1022 4233 hac
1045 4193 1104 4233 re
1129 4177 1530 4233 Pharisaeorum
1553 4186 1858 4248 peccatum.

524 4262 680 4319 CYR.
710 4265 770 4319 In
795 4265 1041 4320 Levitico
1063 4275 1214 4322 certe
1238 4267 1503 4338 scriptum
1528 4275 1612 4324 est
1639 4286 1652 4322 :
1686 4287 1704 4321 ι
1737 4269 1805 4324 Ει
1821 4269 2038 4326 loeutus

453 4363 537 4410 est
559 4356 825 4412 Dominus
859 4357 926 4412 ad
954 4357 1196 4428 Moysen,
1234 4359 1426 4414 dicens
1453 4377 1465 4411 :
1491 4359 1744 4429 Loquere
1790 4360 1913 4415 ﬁliis
1959 4360 2039 4415 ls—

2141 3263 2252 3334 γὰρ
2291 3265 2526 3316 ἐποιεῖτο
2557 3265 2671 3341 τοῖς
2712 3261 2982 3318 Ἰουδαίων
3020 3250 3362 3334 καθηγηταῖς
3391 3263 3454 3317 τὺ
3481 3265 3726 3336 χρῆμα.δ

2141 3352 2374 3425 Χριστὸς
2396 3353 2590 3423 λέγων’
2619 3373 2637 3407 ι
2674 3353 2732 3407 '0
2752 3353 2885 3416 Θεὸς
2909 3346 3052 3419 εἷπε,
3074 3354 3223 3425 Τίμα
3247 3353 3338 3408 τὸν
3365 3355 3578 3424 πατέρα
3605 3373 3722 3415 σου,

2141 3447 2235 3501 καὶ
2262 3446 2362 3518 τὴν
2391 3445 2603 3518 μητέρα
2637 3463 2731 3499 σου
2751 3461 2765 3476 ·
2792 3445 2949 3515 ὑμεῖς
2977 3445 3034 3499 δὲ
3061 3444 3270 3514 λέγετε,
3310 3444 3477 3514 φησὶν
3513 3449 3542 3499 6
3568 3445 3720 3506 Θεός·

2147 3539 2244 3602 Ὃς
2277 3539 2374 3592 ἑὰν
2403 3538 2534 3612 εἴπῃ
2562 3537 2642 3609 τῷ
2673 3537 2842 3608 πατρὶ
2880 3536 3067 3602 αὐτοῦ,
3102 3536 3286 3609 Δῶρον
3311 3537 3340 3591 ὃ
3379 3537 3474 3591 ἑὰν
3500 3537 3560 3602 ἑξ
3585 3537 3723 3608 ἐμοῦ

2139 3629 2466 3703 ὠφεληθῇς,
2515 3630 2610 3685 καὶ
2642 3629 2704 3684 οὗ
2746 3629 2822 3702 μὴ
2867 3629 3073 3700 τιμήσῃ
3111 3628 3203 3682 τὸν
3234 3629 3448 3700 πατέρα
3491 3627 3658 3682 αὑτοῦ
3690 3629 3722 3699 ἢ

2139 3722 2238 3795 τὴν
2271 3722 2490 3795 μητέρα
2522 3721 2712 3788 αὐτοῦ,
2754 3723 2850 3776 καὶ
2891 3720 3215 3794 ἠκυρώσατε
3252 3722 3350 3790 τὴν
3381 3719 3599 3792 ἐντολὴν
3629 3720 3724 3774 τοῦ

2138 3813 2275 3868 Θεοῦ
2311 3813 2402 3868 διὰ
2425 3811 2525 3885 τὴν
2551 3813 2850 3885 παράδοσιν
2883 3813 3059 3885 ὑμῶν.
3097 3831 3118 3865 ι

2210 3988 2421 4044 ΠΑΛΛ.
2476 3988 2586 4042 Καὶ
2618 3989 2726 4060 μὴν
2758 3989 2820 4043 οὐ
2848 3988 2970 4042 λίαν
2999 3987 3188 4060 ἑτοίμη
3217 3987 3325 4042 τῶν
3348 3987 3729 4061 προκειμένων

2137 4083 2176 4150 ἠν
2198 4080 2415 4150 γνῶσις.
2448 4081 2710 4150 Διασάφει
2727 4081 2792 4151 δὴ
2811 4076 2906 4135 οὖν
2927 4081 2955 4135 ὅ
2978 4081 3031 4135 τί
3059 4080 3188 4135 ποτέ
3212 4080 3361 4134 ἐστιν
3389 4079 3445 4134 έν
3469 4097 3534 4150 γε
3555 4079 3730 4151 τούτῳ

2137 4171 2196 4223 τὸ
2223 4171 2333 4224 τῶν
2353 4172 2666 4244 Φαρισαίων
2689 4171 3087 4244 πλημμέλημα.

2211 4261 2378 4316 ΚΥΡ.
2449 4262 2536 4315 Ἐν
2576 4260 2656 4333 τῷ
2704 4261 2973 4331 Λευῖτικῷ
3025 4260 3336 4334 γέγραπταί
3377 4278 3513 4315 πουο
3551 4280 3570 4314 ι
3613 4261 3732 4315 Καὶ

2137 4355 2366 4426 ἑλάλησε
2398 4355 2604 4428 Κύριος
2638 4358 2774 4427 πρὸς
2817 4356 3048 4426 Μωσῆν,
3088 4356 3298 4425 λέγων’
3334 4355 3583 4426 Λάλησον
3614 4357 3730 4419 τοῖς

454 4446 663 4511 rael,et
691 4446 842 4502 dices
868 4447 938 4502 ad
961 4463 1058 4503 eos
1099 4466 1109 4500 :
1150 4447 1345 4514 Homo,
1374 4449 1469 4519 qui
1511 4450 1725 4504 voverit
1745 4457 1934 4503 votum
1980 4450 2035 4504 in

2150 4446 2274 4511 aloig
2306 4447 2546 4519 Ἰσραὴλ,
2582 4449 2678 4502 καὶ
2706 4451 2856 4518 ἑρεϊς
2891 4448 3032 4519 πρὸς
3062 4445 3288 4511 αὐτούς·
3322 4447 3644 4518 Ἄνθρωπος
3668 4445 3730 4508 δς

452 4537 694 4605 pretium
717 4536 914 4591 animae
940 4553 1052 4592 sua:
1075 4538 1329 4604 Domino,
1358 4541 1467 4594 erit
1483 4539 1723 4610 pretium
1746 4540 1972 4595 masculi
2004 4557 2036 4597 a

2150 4538 2235 4595 ἐὰν
2261 4537 2488 4610 εὔχηται
2526 4539 2692 4611 εὐχὴν
2725 4539 2801 4604 ὥς
2824 4557 2884 4592 τε
2916 4539 3085 4610 τιμὴν
3112 4539 3210 4609 τῆς
3243 4539 3424 4610 ψυχῆς
3450 4538 3615 4592 αὑτοῦ
3648 4536 3731 4608 τῷ

451 4626 714 4682 vicesimo
737 4642 883 4682 anno
916 4644 1090 4698 usque
1115 4629 1183 4684 ad
1205 4630 1607 4701 sexagesimum
1650 4645 1875 4696 annum,
1907 4632 2035 4697 erit,

454 4719 708 4790 inquam,
755 4722 992 4792 pretium
1039 4724 1160 4794 ejus
1213 4722 1608 4794 quinquaginta
1653 4723 1774 4778 sicli
1825 4726 2036 4795 argenti

2140 4630 2358 4700 Κυρίῳ,
2391 4629 2604 4702 ἑσταιὴ
2643 4630 2777 4702 τιμὴ
2817 4631 2914 4684 τοῦ
2957 4631 3185 4700 ἄρσενος
3231 4629 3341 4683 ἀπὸ
3381 4627 3732 4692 είκοσαετοῦς

2145 4721 2254 4785 ἕως
2286 4721 2727 4792 ἑξηκονταετοῦς,
2755 4723 2908 4776 ἔσται
2948 4724 2982 4794 ἡ
3015 4723 3150 4792 τιμὴ
3180 4720 3345 4775 αὑτοῦ
3390 4721 3734 4790 πεντήκοντα

449 4813 697 4881 pondere
743 4824 933 4870 sancto
981 4817 1044 4869 ".
1103 4837 1120 4868 ι
1170 4814 1418 4885 Cumque
1462 4831 1636 4885 pauca
1692 4816 1939 4886 quaedam
1981 4817 2038 4872 in

2150 4813 2412 4886 δίδραχμα
2454 4815 2739 4887 ἀργυρίου,
2770 4815 2849 4886 τῷ
2887 4813 3114 4884 σταθμῴ
3146 4814 3224 4886 τῷ
3256 4813 3417 4885 ἁγίῳ.
3469 4832 3488 4864 ι
3542 4812 3732 4878 Ὀλίγα

452 4905 636 4960 medio
659 4905 728 4961 de
772 4907 1004 4962 muliere
1046 4915 1104 4962 et
1126 4908 1193 4962 de
1215 4907 1403 4978 pueris
1430 4906 1680 4972 dixisset,
1706 4923 1902 4964 rursus
1947 4907 2036 4962 in-

2139 4902 2204 4958 δὲ
2227 4905 2363 4958 ἄττα
2407 4906 2612 4976 μεταξὺ
2661 4906 2885 4975 γυναίου
2917 4923 2979 4960 τε
3027 4905 3154 4978 πέρι
3183 4907 3295 4959 καὶ·
3316 4905 3620 4977 μειρακίων
3650 4905 3733 4956 εἰ·

454 4992 598 5048 fert:
639 5012 658 5045 ι
685 4993 844 5061 Quod
868 4995 912 5050 si
940 5011 1149 5068 pauper
1172 4995 1359 5061 fuerit,
1387 4996 1455 5051 ad
1477 4997 1897 5052 aestimationem
1924 5004 2040 5052 sta-

2150 4993 2279 5053 τὼν.
2312 4996 2566 5068 ἐπιφέρει
2592 4996 2754 5051 πάλιν
2774 5014 2787 5028 ·
2830 5017 2848 5050 ι
2906 4997 3032 5051 Ἐὰν
3058 4996 3115 5050 δὲ
3142 4991 3452 5069 ταπεινδςῇ
3478 4998 3544 5065 τῇ
3569 4998 3729 5065 τιμῇ,

453 5083 537 5138 bit
562 5099 748 5139 coram
796 5088 1098 5155 sacerdote,
1125 5097 1182 5144 et
1224 5089 1519 5144 aestimabit
1561 5105 1689 5145 eum
1745 5087 2034 5144 sacerdos:

456 5182 519 5228 ut
539 5174 686 5230 valet
709 5191 908 5233 munus
937 5179 1078 5251 ejus,
1113 5179 1206 5249 qui
1248 5179 1424 5244 vovit,
1455 5178 1530 5233 ita
1567 5175 1862 5233 aestimabit
1908 5193 2035 5232 eum

454 5265 711 5322 sacerdos
736 5267 800 5322 ’⁷.
836 5288 854 5320 ι
899 5269 1124 5342 Mystica
1148 5269 1315 5339 igitur
1337 5269 1454 5324 haec
1483 5267 1652 5323 verba
1691 5275 1894 5323 suntet
1933 5267 2032 5322 ab-

2144 5089 2402 5159 στήσεται
2436 5087 2678 5142 ἐναντίον
2719 5086 2814 5140 τοῦ
2847 5087 3060 5159 ἱερέως,
3101 5085 3196 5140 καὶ
3231 5087 3526 5157 τιμήσεται
3564 5084 3732 5138 αὑτὸν

2137 5179 2166 5232 6
2191 5177 2389 5250 ἱερεύς.
2421 5196 2439 5229 ι
2463 5178 2740 5240 Μυστικὸς
2764 5178 2863 5249 μὲν
2889 5175 2983 5232 οὗν
3004 5180 3031 5232 6
3048 5177 3207 5247 λόγος
3223 5177 3318 5231 καὶ
3339 5176 3527 5247 βαθὺς,
3551 5174 3734 5244 καιρῷ

2140 5269 2196 5323 δὲ
2219 5269 2295 5341 τῷ
2321 5271 2586 5342 πρέποντι
2613 5271 2749 5343 πρὸς
2770 5270 2930 5341 ἡμῶν
2964 5265 3023 5324 εὖ
3067 5269 3214 5340 μάλα
3246 5266 3728 5339 βασανισθήσεται·

455 5359 596 5428 dita;
631 5362 1028 5434 opportuniore
1068 5368 1254 5417 autem
1285 5362 1408 5418 loco
1459 5377 1490 5416 a
1538 5360 1699 5416 nobis
1742 5361 2035 5432 diligenter

2150 5360 2200 5412 τὸ
2220 5361 2276 5414 δὲ
2305 5361 2363 5414 ἑν
2394 5362 2572 5434 χερσὶ,
2609 5361 2740 5432 φέρε
2773 5361 3042 5432 λέγωμενο
3073 5358 3393 5431 Προσῄεσάν
3436 5374 3585 5420 τινες
3620 5354 3730 5407 τῶν

453 5453 831 5508 excutientur:
857 5451 1004 5522 quod
1033 5458 1214 5505 autem
1249 5451 1306 5506 in
1327 5457 1582 5521 promptu
1625 5457 1791 5520 atque
1823 5451 1881 5504 in
1922 5464 2036 5504 ma-

456 5541 618 5597 nibus
647 5550 752 5605 est,
794 5541 1060 5597 dicamus.
1097 5541 1356 5596 Nonnulli
1386 5557 1454 5596 ex
1490 5541 1755 5597 lsraelitis
1783 5541 2030 5608 adibant,

524 5719 571 5751 "
591 5717 780 5774 Matth.
813 5736 897 5786 xv,
927 5721 1044 5777 5-6.

2140 5451 2200 5516 ἐξ
2253 5453 2499 5524 Ἰσραὴλ,
2529 5454 2624 5508 καὶ
2662 5451 2953 5526 καθιεροῦν
2999 5451 3328 5515 ἐσπούδαζον
3365 5449 3445 5520 τῷ
3481 5448 3601 5519 Θεῴ
3630 5447 3728 5510 τὰς

2141 5543 2351 5600 ἑαυτῶν
2379 5545 2577 5618 ψυχὰς,
2613 5545 2687 5610 ὡς
2727 5547 2784 5600 ἑν
2819 5546 2974 5618 τύπῳ
3004 5546 3103 5616 μὲν
3135 5545 3212 5600 ἑτι
3260 5544 3352 5599 καὶ
3401 5543 3551 5614 σκιᾷς
3586 5540 3732 5612 πλὴν

1161 5724 1207 5753 ’⁸
1231 5722 1409 5779 Levii.
1453 5739 1613 5790 xxv",
1647 5724 1700 5791 2,
1727 5679 1794 5780 '5.l
1826 5727 1867 5757 ’⁷
1905 5725 2041 5780 ibid.
2068 5723 2120 5780 8.
