3966 6298
209 228 313 285 515

914 221 1006 280 DE
1045 219 1486 280 ADORATIONE
1528 223 1594 279 IN
1635 223 1906 279 SPIRITL'
1948 225 2035 279 ET
2084 225 2443 282 VERITATE,
2484 227 2611 282 LIB.
2653 224 2763 283 VII.

3357 225 3463 284 5H

213 336 349 393 γατά
370 333 464 388 τὸν
491 335 677 406 νόμον,
707 336 802 400 τὰς
842 336 984 408 ὑπὲρ
1018 336 1166 406 σφῶν
1191 336 1370 391 αὐτῶν
1404 337 1789 408 ὁμολογοῦντες

1897 346 2294 394 etconsecrare
2346 341 2458 396 Deo
2497 357 2623 395 suas
2655 343 2883 404 animas,
2908 338 2962 394 in
3017 338 3195 410 figura
3241 338 3464 410 quidem

211 430 370 500 τιμὰς
396 430 510 492 τοῖς
547 429 792 500 ἱερᾶσθαι
817 428 1064 498 λαχοῦσι,
1089 429 1183 482 καὶ
1204 429 1281 500 τῷ
1303 429 1432 501 θείῳ
1458 429 1787 501 προσεδρεύ-

212 535 328 573 ουσι
375 518 765 589 θυσιαστηρίῳ.
825 519 962 570 Ἀλλ’
993 513 1133 588 ἦσάν
1170 536 1334 583 τινες,
1360 521 1638 590 ἐφιέμενοι
1687 519 1786 591 μὲν

211 610 306 678 τῆς
319 609 540 662 τοιᾶσδε
570 609 748 679 δόξης,
774 609 1130 682 (ἡγιασμένοι
1155 612 1264 682 γὰρ
1285 612 1383 683 ἥδη
1401 612 1494 665 καὶ
1512 611 1668 683 ἱεροὶ,
1691 612 1788 666 καὶ

215 696 350 755 θεῖον
377 700 656 771 ἀνάθημα,
687 703 780 755 καὶ
807 702 860 754 τί
883 703 992 774 γὰρ
1025 704 1147 775 οὐχὶ
1175 705 1283 758 τῶν
1317 703 1533 758 τοιῶνδε
1567 721 1786 775 χρημα-

214 791 376 856 τίζειν
397 792 628 863 ὴξίουν;)
675 793 866 860 σπάνει
883 793 941 847 δὲ
963 813 1065 867 χρη
1077 796 1259 866 μάτων
1275 796 1674 859 ἀνακόπτοντες
1687 795 1786 867 τὴν

213 880 524 956 ἐπιθυμίαν,
560 885 656 939 καὶ
681 886 1103 956 δυσδιάφευκτον
1141 889 1356 959 ἔχοντες
1398 888 1789 960 παραπόδισμα

213 969 302 1026 τοῦ
329 975 650 1044 πράγματος
687 973 787 1044 τὴν
822 976 1094 1046 πτωχείαν
1113 993 1128 1008 ο
1153 977 1567 1048 προτρεπόντων
1595 977 1652 1030 δὲ
1688 977 1788 1029 αὐ-

205 1067 334 1129 τοὺς
361 1066 454 1120 καὶ
479 1065 622 1136 μάλα
648 1065 942 1137 προθύμως
964 1068 1057 1120 ἐπὶ
1093 1067 1154 1120 τὸ
1175 1067 1285 1120 δεῖν
1314 1068 1448 1121 ίέναι
1472 1067 1608 1138 πρὸς
1631 1067 1790 1120 τοῦτο

214 1153 318 1210 τῶν
339 1157 717 1228 Γραμμτέων
744 1159 838 1210 καὶ
863 1158 1174 1228 Φαρισαίων
1207 1157 1655 1230 (έρασιχρήματοι
1680 1158 1789 1230 γὰρ

215 1251 260 1304 οί
287 1251 479 1303 τοιοίδε
517 1250 636 1303 λίαν
655 1290 668 1314 ,
699 1252 792 1304 καὶ
808 1250 1114 1322 λημμάτων
1144 1251 1388 1322 αἰσχρῶν
1435 1250 1786 1323 ἡττώμενοι),

214 1340 308 1411 τὴν
332 1341 410 1404 είς
435 1340 628 1409 γονέας
662 1339 795 1396 αίδὼ
829 1341 1224 1412 προετείνοντο,
1256 1340 1516 1395 δύνασθαί
1543 1358 1603 1394 τε
1636 1341 1789 1412 μόλις

217 1431 363 1500 σφίσι
394 1448 455 1484 τε
484 1431 667 1494 αὐτοῖς
693 1431 966 1494 κάκείνοις
996 1431 1063 1484 τά
1094 1431 1321 1502 ζωαρκῆ
1352 1430 1671 1502 πορίζεσθαι
1697 1449 1792 1484 τυ-

213 1522 328 1592 χὸν,
363 1523 397 1594 ἢ
434 1524 527 1576 καὶ
556 1522 736 1593 ἇμφια
771 1522 1069 1591 συλλέγειν,
1108 1522 1491 1593 ἀληθεύοντες,
1529 1522 1787 1592 ἔφασκον.

215 1611 332 1664 Οἵδε
377 1612 690 1666 ἀναπείθειν
741 1613 1020 1682 ἐτόλμων,
1069 1612 1199 1684 παρ’
1252 1613 1406 1667 οὐδὲν
1448 1613 1699 1684 ἡγεῖσθαι
1730 1612 1792 1666 τὸ

213 1702 402 1773 χρῆμα
441 1703 531 1757 διὰ
567 1702 735 1756 Θεόν·
778 1703 882 1756 κᾶν
928 1705 976 1756 εί
1013 1703 1290 1774 προσίοιεν
1319 1704 1369 1756 ot
1399 1704 1788 1776 γεγεννηκότες
1819 1685 1862 1741 Β

211 1792 307 1860 τὴν
334 1792 539 1864 συνήθη
563 1794 690 1863 παρ’
714 1793 893 1847 αὐτῶν
917 1792 1206 1865 ζητοῦντες
1229 1795 1568 1865 ἐπικουρίαν,
1590 1795 1790 1865 χρῆναι

209 1881 389 1950 λέγειν
420 1885 698 1938 ἐδίδασκον
731 1886 899 1954 πατρὶ
925 1885 1019 1938 καὶ
1042 1884 1209 1955 μητρί
1230 1901 1241 1913 ·
1270 1903 1288 1936 ε
1318 1885 1522 1956 Δῶρον,
1549 1885 1578 1938 ὃ
1609 1884 1705 1938 ἐὰν
1731 1886 1791 1950 ἐξ

209 1974 342 2044 ἐμοῦ
391 1975 680 2046 ὠφεληθῇς
719 1976 805 2030 ἄν.
848 1995 866 2026 ι
901 1975 1223 2041 Τουτέστιν,
1254 1976 1430 2047 Ὅπερ
1455 1975 1521 2030 ἂν
1548 1978 1606 2044 ἐξ
1654 1976 1789 2047 ἐμοῦ

207 2067 402 2139 λάϐῃς,
430 2067 492 2120 τὸ
525 2067 665 2122 θεῖον
695 2068 802 2122 ῐσθι
830 2085 913 2122 τοι
944 2067 1356 2139 παραϐλάπτων
1380 2068 1657 2140 ἀνάθημα,
1695 2071 1792 2123 καὶ

208 2161 488 2233 χρήμασιν
517 2160 679 2232 ίεροῖς
707 2160 806 2223 τὰς
838 2162 1027 2232 χεῖρας
1054 2159 1298 2230 ἐπάγων*
1331 2159 1656 2215 ἀνατέθεικα
1683 2161 1792 2231 γὰρ

207 2251 452 2322 ἐμαυτὸν
481 2251 576 2304 καὶ
602 2252 677 2315 ὡς
704 2251 874 2322 δῶρον
905 2251 1254 2322 ἐπήγγελμαι
1283 2250 1361 2320 τῷ
1384 2250 1523 2321 Θεῷ.
1554 2251 1617 2304 Οἱ
1638 2251 1694 2303 δὲ
1723 2251 1792 2304 τά

206 2343 271 2396 ἐκ
283 2341 707 2413 τῆςίεροσυλίας
722 2342 952 2406 δεδιότες
969 2342 1163 2413 βλάϐη,
1181 2342 1278 2396 καλ¹
1297 2342 1423 2406 τοὺς
1442 2342 1534 2395 ἐπὶ
1553 2341 1688 2412 τῷδε
1710 2343 1791 2395 νό-

213 2451 346 2504 μους
367 2433 842 2506 καταπεφρικότες
860 2434 1019 2502 ἄγαν,
1033 2433 1421 2505 διεκαρτέρουν
1440 2433 1788 2504 οίμώζοντες,

211 2525 302 2578 καὶ
323 2525 425 2595 τὴν
449 2526 528 2588 είς
553 2524 686 2578 Θεὸν
711 2524 997 2578 εὐσέϐειαν
1025 2526 1301 2597 πρόφασιν
1331 2525 1517 2590 αὐτοῖς
1539 2527 1791 2595 γενέσθαι

209 2614 369 2687 λιμοῦ
393 2616 730 2682 διετείνοντο,
763 2615 1243 2686 κατακεκραγότες
1269 2617 1410 2688 τάχα
1437 2634 1542 2670 που
1564 2617 1660 2671 καὶ
1691 2619 1792 2688 τῆς

213 2705 359 2770 θείας
379 2707 621 2778 ἐντολῆς,
642 2707 719 2771 ὡς
739 2707 1030 2776 ἀδικούσης
1050 2707 1249 2772 αὐτοὺς
1265 2709 1344 2771 εἰς
1359 2707 1426 2761 τὰ
1439 2705 1787 2779 καιριώτατα.

208 2797 308 2850 Διά
333 2796 385 2850 τί
415 2799 594 2853 τοίνυν
634 2798 818 2869 φησὶν,
865 2818 884 2850 ς
924 2797 1274 2869 Ἢκυρὼσατε
1304 2798 1404 2870 τὴν
1436 2797 1656 2868 ἐντολὴν
1695 2797 1790 2852 τοῦ

213 2887 366 2955 Θεοῦ,
399 2888 491 2942 διὰ
517 2889 616 2960 τὴν
641 2887 935 2960 παράδοσιν
961 2888 1147 2959 ύμῶν;
1174 2907 1192 2939 ι
1232 2889 1380 2943 Ἔδει
1407 2892 1539 2962 γὰρ,
1583 2889 1687 2942 ἔδει
1712 2906 1794 2942 τι-

1884 429 2065 484 adhuc
2089 437 2145 484 et
2172 431 2388 495 umbra,
2439 438 2620 486 tamen
2657 447 2725 484 ex
2757 431 2892 501 legis
2938 431 3330 488 constitutione
3363 449 3464 487 cu-

1887 521 2141 591 piebant;
2195 532 2359 594 atque
2404 524 2492 589 iis,
2519 525 2612 594 qui
2649 523 2959 578 sacerdotio
2989 522 3379 594 fungebantur,
3410 534 3466 580 et

1885 613 1954 666 ad
1987 613 2236 669 divinum
2263 616 2434 671 altare
2464 617 2802 680 assidebant,
2836 629 2938 686 pro
2978 616 3174 686 scipsis
3227 618 3465 688 pretium

1886 701 2112 757 daturos
2134 703 2551 773 profitebantur.
2579 706 2748 760 Erant
2788 703 2956 775 igitur
2986 704 3176 773 aliqui,
3201 705 3295 775 qui
3317 707 3467 778 ejus-

1887 796 2034 850 modi
2073 797 2306 866 gloriam
2341 806 2668 868 expeterent
2732 795 3146 852 :sanctiticatos
3209 802 3356 852 enim
3411 815 3468 854 se

1882 888 1995 958 jam
2027 895 2085 940 et
2135 903 2341 953 sacros,
2373 898 2430 944 et
2475 891 2587 945 Deo
2617 889 2860 944 dicatum
2893 887 3122 953 donum,
3149 895 3206 942 et
3244 889 3291 944 si
3323 890 3468 960 quod

1887 981 2035 1036 aliud
2062 981 2332 1051 ejusmodi
2370 982 2702 1037 vocabulum
2729 988 2836 1047 est,
2869 981 3135 1052 appellari
3161 989 3418 1052 optarent
3455 1002 3468 1038 :

1889 1081 2146 1128 caeterum
2176 1072 2358 1141 inopia
2393 1073 2640 1142 pecuniae
2675 1071 3053 1141 reprimebant
3107 1072 3213 1128 hoc
3258 1073 3473 1128 deside-

1890 1164 2056 1229 rium,
2092 1164 2238 1234 quod
2264 1165 2581 1219 inevitabile
2615 1164 2683 1218 ad
2714 1178 2835 1218 eam
2864 1179 2982 1218 rem
3019 1163 3473 1232 impedimentum

1890 1256 2179 1321 haberent,
2209 1272 2409 1326 nempe
2433 1262 2811 1326 paupertatem
2853 1272 2865 1308 :
2903 1253 3328 1309 adhortantibus
3373 1271 3472 1308 au-

1890 1354 2000 1402 tem
2033 1363 2148 1412 eos,
2177 1355 2232 1403 et
2264 1348 2487 1418 quidem
2520 1348 2758 1401 maximo
2787 1345 2970 1402 studio
2999 1345 3207 1401 Scribis
3238 1362 3304 1401 ac
3328 1347 3473 1401 Pha-

1891 1437 2086 1502 risaeis,
2106 1446 2166 1492 ut
2184 1439 2252 1492 ad
2276 1454 2397 1494 eam
2428 1454 2545 1494 rem
2570 1437 2974 1507 exsequendam
3001 1445 3298 1507 pergerent
3335 1437 3474 1509 (erat

1891 1530 2038 1584 enim
2063 1530 2118 1584 id
2143 1530 2428 1586 hominum
2464 1547 2636 1601 genus
2665 1544 2912 1594 avarum,
2942 1539 2997 1583 et
3027 1530 3202 1599 turpis
3231 1537 3474 1599 quaestus

1892 1622 2178 1693 cupiditati
2210 1623 2554 1694 obnoxium),
2595 1624 2674 1679 illi
2697 1623 2940 1678 revereri
2975 1637 3033 1677 se
3050 1630 3308 1692 parentes
3338 1638 3470 1678 cau-

1891 1715 2185 1779 sabantur,
2222 1717 2422 1786 vixque
2457 1731 2614 1786 posse
2654 1716 2760 1770 sibi
2801 1714 2935 1786 ipsis
2969 1721 3026 1768 et
3056 1714 3196 1779 illis,
3240 1730 3360 1785 quae
3403 1715 3469 1770 ad

1890 1807 2096 1861 victum
2128 1808 2262 1862 satis
2281 1818 2486 1872 essent,
2510 1806 2886 1886 suppeditare,
2941 1812 3037 1859 aut
3092 1813 3275 1860 vestes
3325 1821 3475 1860 com-

1890 1912 2085 1967 parare
2119 1897 2393 1954 dicebant.
2451 1899 2614 1968 239
2641 1898 2711 1950 At
2736 1897 2793 1950 hi
2814 1895 3145 1967 persuadere
3176 1896 3471 1962 audebant,

1891 1994 1954 2040 ut
1978 1995 2207 2058 propter
2240 1989 2414 2044 Deum
2441 2004 2563 2043 eam
2590 2003 2708 2043 rem
2739 2002 2841 2058 pro
2866 1988 3042 2041 nihilo
3068 1982 3372 2053 haberent;
3409 2002 3475 2042 ac

1893 2083 1936 2136 si
1961 2090 2219 2154 parentes
2242 2081 2311 2136 ad
2350 2081 2498 2152 ipsos
2526 2080 2874 2144 accederent,
2930 2085 2986 2134 et
3031 2086 3356 2133 consuetum
3403 2079 3475 2134 ab

1893 2177 2027 2247 ipsis
2056 2174 2365 2230 subsidium
2397 2180 2674 2243 peterent,
2721 2172 2864 2242 patri
2899 2187 2964 2226 ac
2980 2169 3141 2224 matri
3179 2168 3475 2225 dicendum

1891 2281 2013 2320 csse
2050 2263 2323 2320 docebant
2362 2281 2374 2316 :
2413 2283 2432 2314 ‹
2493 2263 2691 2317 Munus
2730 2261 3098 2331 quodcunque
3150 2269 3236 2318 est
3283 2277 3350 2316 ex
3386 2277 3476 2318 me

1893 2356 1992 2410 tibi
2047 2356 2221 2426 prosit
2242 2355 2307 2408 ’⁸.
2346 2374 2364 2405 ι
2407 2351 2522 2408 Hoc
2564 2362 2668 2418 est,
2721 2353 2767 2408 si
2800 2353 2932 2424 quid
2964 2370 2994 2408 a
3042 2370 3131 2410 me
3174 2354 3472 2426 acceperis,

1893 2445 2140 2500 divinum
2162 2453 2215 2499 te
2244 2443 2498 2499 fraudare
2523 2442 2730 2498 donum
2769 2445 2928 2510 scito,
2967 2452 3022 2500 et
3061 2446 3116 2500 in
3155 2462 3244 2502 res
3290 2460 3477 2501 sacras

1893 2547 2090 2586 manus
2128 2533 2376 2602 injicere,
2441 2547 2569 2585 nam
2630 2531 2905 2601 meipsum
2958 2532 3226 2599 dedicavi,
3274 2541 3331 2588 et
3363 2530 3476 2588 Deo

1892 2623 2049 2692 quasi
2085 2623 2387 2694 repositum
2417 2622 2623 2676 donum
2671 2624 3007 2677 consecravi.
3060 2624 3144 2678 llli
3191 2639 3323 2679 vero
3348 2639 3477 2679 cum

1894 2715 2167 2786 sacrilegii
2203 2729 2423 2786 patriam
2457 2722 2810 2780 metuerent,
2851 2722 2908 2768 et
2960 2714 3110 2786 leges
3162 2731 3228 2770 ea
3279 2715 3347 2771 de
3412 2731 3475 2772 re

1893 2808 2223 2863 constitutas
2242 2808 2688 2870 extimescerent,
2702 2821 2996 2862 aerummas
3017 2807 3139 2862 illas
3163 2807 3478 2863 miserrime

1893 2895 2265 2966 perferebant,
2302 2903 2358 2949 et
2383 2894 2644 2964 pietatem
2669 2894 2725 2948 in
2761 2895 2934 2948 Deum
2972 2894 3077 2950 sibi
3123 2894 3282 2950 famis
3315 2911 3476 2951 occa-

213 2980 319 3050 μᾷν
348 2979 481 3042 τοὺς
512 2979 809 3049 φύσαντας,
837 2981 898 3033 οὐ
924 2981 1021 3051 τῆς
1052 2982 1132 3046 είς
1157 2979 1290 3035 Θεὸν
1321 2980 1602 3044 εὐσεϐείας
1629 2981 1792 3035 ἕνεκα

1897 2980 2104 3035 sionem
2139 2981 2308 3035 fuisse
2357 2981 2709 3046 accusabant,
2764 2997 2829 3036 ac
2857 2980 3091 3037 fortasse
3125 2983 3193 3038 de
3224 2983 3342 3054 ipso
3381 2985 3478 3040 Dei

214 3068 300 3123 τὸν
331 3069 416 3122 ἐπ’
469 3069 653 3134 αὐτοῖς
703 3071 994 3124 καταλύειν
1033 3071 1218 3140 νόμον.
1267 3070 1475 3125 Οὐκοῦν
1513 3069 1637 3125 οὔτε
1681 3071 1792 3126 τῶν

1897 3074 2154 3128 mandato
2177 3065 2681 3143 conquerebantur,
2719 3081 2980 3143 tanquam
3008 3075 3077 3128 ab
3102 3090 3168 3129 eo
3205 3077 3262 3130 in
3311 3077 3480 3131 rebus

217 3160 329 3231 Θεῷ
372 3161 697 3232 πρεπόντων
733 3163 1034 3235 ἀμελητέον
1063 3163 1152 3216 διὰ
1184 3163 1251 3216 τὰ
1281 3162 1600 3233 ἀνθρώπινα
1623 3202 1637 3226 ,
1667 3162 1791 3216 οὔτε

222 3250 321 3323 μὴν
357 3253 594 3307 είσάπαν
629 3252 739 3307 τῶν
789 3253 1147 3325 ἀνθρωπίνων
1183 3253 1270 3308 διὰ
1313 3253 1446 3307 Θεὸν
1479 3254 1792 3326 καταραθυ-

216 3346 336 3413 μεῖν
390 3345 723 3414 ἀναγκαῖον·
779 3347 1154 3418 ἀπονέμοντας
1211 3346 1269 3399 δέ
1326 3346 1527 3416 μᾶλλον
1579 3347 1640 3401 τὸ
1692 3346 1794 3418 τῆς

214 3436 430 3509 ἀγάπης
454 3437 734 3510 ἐξαίρετον
754 3441 821 3510 τῇ
847 3439 1064 3493 πάντων
1090 3440 1254 3510 ἀρχῇ,
1286 3437 1532 3492 τουτέστι
1559 3437 1638 3508 τῷ
1652 3437 1793 3508 Θεῷ,

217 3529 308 3580 καὶ
337 3529 592 3602 καθάπερ
617 3530 676 3584 ἐν
701 3529 853 3594 τάξει
883 3529 1111 3601 δευτέρᾳ
1147 3531 1243 3582 καὶ
1285 3528 1520 3597 γείτονι,
1553 3546 1798 3602 παρακο-

213 3617 392 3688 μίζειν
436 3619 603 3686 εὐθὺς
649 3621 742 3674 καὶ
772 3623 852 3685 είς
875 3623 1001 3685 τοὺς
1031 3622 1129 3693 τῆς
1172 3621 1442 3691 γενέσεως
1491 3621 1800 3690 ὑπουργοὺς

211 3710 312 3774 τὰς
339 3712 525 3776 αὐτοῖς
553 3713 633 3767 ὅτι
664 3713 907 3784 μάλιστα
946 3713 1263 3785 πρεπούσας
1302 3711 1469 3783 τιμὰς
1502 3711 1798 3784 προσενθυο

215 3803 549 3871 μουμένους,
572 3800 654 3866 οἷς
681 3803 822 3876 ἔφην
848 3804 942 3858 καὶ
966 3803 1105 3858 τόδε.

1897 3163 2136 3218 maxime
2189 3165 2516 3218 necessariis
2587 3165 2928 3218 violarentur
2984 3184 2997 3218 :
3049 3166 3282 3236 ideoque
3333 3167 3411 3221 ait
3461 3183 3476 3222 :

1907 3276 1924 3307 ‹
1952 3257 2171 3311 lrritum
2219 3257 2428 3311 fecistis
2473 3255 2792 3310 mandatum
2837 3256 2934 3310 Dei
2963 3264 3189 3326 propter
3227 3257 3480 3313 traditio-

1899 3365 2025 3404 nem
2053 3355 2294 3402 vestram
2343 3347 2410 3399 ’⁸.
2449 3365 2467 3397 ι
2499 3346 2812 3400 Honorandi
2863 3347 3012 3401 enim
3041 3355 3198 3401 erant
3234 3347 3480 3418 profecto

1899 3446 2181 3509 parentes;
2211 3451 2322 3490 non
2344 3434 2628 3505 religionis
2649 3450 2815 3490 causa
2857 3435 2963 3500 lex,
3003 3451 3124 3504 qua:
3149 3435 3217 3490 de
3241 3437 3482 3506 parenti-

1897 3530 2002 3584 bus
2033 3529 2142 3584 lata
2167 3537 2306 3594 erat,
2340 3526 2694 3582 destruenda.
2731 3527 2918 3597 Neque
2943 3527 3111 3598 igitur
3127 3543 3212 3592 ea,
3247 3545 3368 3598 qua
3410 3529 3480 3584 ad

1897 3623 2070 3676 Deum
2089 3621 2387 3692 pertinent,
2412 3606 2780 3673 humanarum
2812 3633 2996 3672 rerum
3031 3634 3198 3673 causa
3235 3627 3482 3675 contem-

1898 3713 2078 3768 nenda
2106 3720 2254 3776 sunt,
2284 3726 2464 3780 neque
2495 3725 2691 3764 rursus
2721 3725 2810 3764 res
2841 3709 3093 3763 humanae
3116 3723 3343 3778 prorsus
3381 3710 3479 3764 Dei

1898 3812 2167 3876 praetextu
2221 3801 2588 3874 negligentiae;
2631 3799 2728 3856 sed
2762 3802 2980 3872 potius,
3041 3801 3137 3855 ubi
3178 3801 3482 3872 praecipuas

223 3894 503 3953 charitatis
560 3905 745 3969 partes
814 3898 892 3953 illi
960 3899 1208 3953 omnium
1265 3899 1569 3970 principio,
1595 3900 1709 3956 Deo
1747 3899 2033 3965 nimirum,
2085 3899 2462 3964 tribuerimus,
2513 3906 2630 3953 tum
2667 3897 2912 3964 secundo
2959 3896 3083 3952 loco
3117 3912 3182 3951 ac
3231 3897 3482 3968 proximo

221 4002 429 4058 aequum
455 3999 545 4047 est
576 3992 742 4046 etiam
782 3991 916 4062 ipsis
945 3993 1122 4047 nostri
1153 4001 1310 4048 ortus
1359 3993 1702 4052 administris
1748 3993 1968 4051 debitos
1995 3996 2053 4052 in
2083 3993 2279 4065 primis
2335 3991 2576 4048 honores
2635 3990 2900 4046 continuo
2957 3988 3196 4055 deferre,
3219 4000 3274 4046 et
3300 3989 3368 4047 ad
3416 4003 3483 4044 ea

223 4097 336 4152 quae
358 4085 468 4140 dixi
497 4085 630 4141 illud
660 4100 879 4157 quoque
900 4087 1188 4144 nobiscum
1209 4095 1484 4159 reputare.

288 4176 495 4238 HAAA.
528 4174 602 4231 Τὸ
635 4177 687 4230 τί
713 4178 778 4250 δὴ
801 4180 943 4249 φής;

289 4269 448 4322 ΚΥΡ.
483 4269 693 4341 Χρῆμα
715 4271 824 4342 γὰρ
842 4272 924 4324 ὅτι
941 4270 1174 4342 μάλιστα
1197 4271 1306 4325 τῶν
1323 4271 1635 4340 ἀναγκαίων
1663 4273 1797 4344 ἡμῖν

226 4358 534 4428 ἀποφαίνων
565 4361 592 4412 ό
622 4360 830 4432 Κύριος
861 4360 1018 4432 ἡμῶν
1061 4360 1267 4432 Ἰησοῦς
1311 4361 1550 4434 Χριστὸς
1588 4361 1686 4433 τὴν
1709 4364 1798 4425 εἰς

223 4452 341 4514 τοὺς
365 4451 642 4522 φύσαντας
666 4452 820 4519 αίδὼ,
847 4453 1061 4524 φειδοῦς
1083 4453 1236 4524 ἠξίου
1255 4455 1351 4509 καὶ¹
1373 4455 1534 4525 λόγου
1559 4454 1656 4526 τὴν
1678 4456 1799 4508 ἐαυ-

221 4541 308 4594 τοῦ
325 4543 557 4616 μητέρα.
575 4545 820 4616 Ἀπηρτη
830 4545 986 4615 μένος
999 4544 1106 4616 γὰρ
1122 4546 1222 4616 ἠδη
1239 4545 1332 4599 τοῦ
1344 4546 1523 4617 τιμίου
1538 4544 1796 4618 σταυροῦ,

223 4633 311 4684 καὶ
345 4634 421 4705 τῷ
453 4633 596 4705 ξύλῳ
623 4636 1068 4707 προσηλωμένος,
1100 4635 1178 4705 τῷ
1203 4636 1412 4706 γνησίῳ
1443 4635 1659 4707 μαθητῇ
1692 4637 1792 4706 τὴν

223 4721 374 4788 ἁγίαν
396 4723 566 4777 ἐδίδου
598 4724 897 4796 Παρθένον,
924 4725 1018 4778 καὶ
1041 4741 1110 4795 γη
1122 4725 1352 4795 ροκόμον
1371 4724 1508 4795 αὐτῇ
1526 4722 1792 4787 καθιστὰς

221 4812 305 4865 τὸν
326 4814 516 4885 ὴγαπη
526 4814 708 4885 μένον,
728 4814 933 4883 ἔλεγεν·
963 4835 982 4867 ι
1017 4815 1203 4881 Γύναι,
1235 4815 1342 4870 ἰδοὺ
1364 4817 1392 4868 ό
1416 4815 1530 4878 υίός
1552 4831 1668 4867 σου⁸
1698 4813 1791 4868 καὶ

221 4902 291 4971 τῷ
327 4904 542 4976 μαθητῇ
572 4900 745 4958 εἷπεν·
791 4906 924 4960 Ἰδοὺ
955 4908 988 4977 ὴ
1019 4907 1206 4977 μήτηρ
1240 4923 1333 4958 σου
1359 4921 1371 4934 ·
1397 4907 1494 4959 καὶ
1521 4906 1616 4958 ἀπ’
1647 4905 1790 4958 ὲκεί-

222 5007 312 5060 vn;
351 4992 450 5062 τῆς
483 4992 651 5065 ὥρας,
698 4994 899 5066 φησὶν,
933 4993 1123 5048 ἔλαϐεν
1161 4996 1330 5066 αὐτὴν
1362 4996 1390 5047 ὁ
1421 4993 1668 5066 μαθητὴς
1711 4995 1792 5058 εἰς

220 5082 282 5135 τά
315 5083 441 5140 ἴδια.
673 5110 679 5116 ·
849 5097 854 5102 “

286 5175 493 5231 ΠΑΛΛ.
536 5177 624 5240 Ὠς
651 5177 852 5248 ἄριστά
886 5193 947 5246 γε
998 5178 1132 5248 ἡμῖν
1176 5178 1205 5230 ό
1259 5176 1387 5248 περὶ⁵
1430 5174 1584 5230 τοῦδε
1634 5174 1792 5245 λόγος

222 5264 612 5339 ἐκπεπονῆσθαι
641 5269 806 5324 δοκεῖ.

295 5359 457 5413 ΚΥΡ.
497 5359 848 5424 Καταζεύξας
874 5359 939 5429 δὴ
976 5353 1068 5413 οὖν
1105 5354 1164 5413 εὖ
1198 5358 1346 5429 μάλα
1378 5361 1492 5422 τοῖς
1535 5375 1793 5428 γεγεννη-

223 5453 338 5507 κόσι
379 5455 451 5510 τὰ
483 5454 545 5520 ἐξ
583 5450 797 5515 αὐτῶν,
849 5450 942 5502 καὶ
973 5450 1064 5503 τὸν
1095 5451 1158 5503 ἐκ
1212 5451 1378 5521 νόμου
1413 5449 1507 5503 καὶ
1547 5450 1796 5522 ἀνάγκης

287 5631 332 5664 ’³
361 5632 554 5688 Matth.
575 5649 662 5693 xv.
690 5635 739 5688 5.
819 5636 861 5666 ι’
890 5633 1022 5688 ibid.
1050 5635 1102 5689 6.
1183 5633 1227 5665 ³⁰
1251 5633 1407 5690 Joan.
1452 5647 1559 5697 xxx,
1598 5631 1690 5694 26,
1730 5631 1820 5685 27.

1826 4182 1868 4238 D
1969 4173 2166 4232 PALL.
2195 4172 2468 4240 Quidnam
2489 4171 2545 4226 id
2566 4171 2690 4225 est?

1969 4267 2127 4323 CYR.
2185 4265 2322 4319 Nam
2357 4278 2471 4317 rem
2495 4264 2547 4318 in
2571 4261 2765 4332 primis
2802 4257 3173 4312 necessariam
3220 4271 3342 4312 esse
3391 4274 3481 4314 re-

1898 4355 2205 4412 verentiam
2241 4353 2298 4406 in
2319 4361 2596 4421 parentes,
2621 4349 2781 4421 nobis
2821 4345 3065 4401 ostendit
3091 4345 3357 4400 Dominus
3378 4363 3481 4402 no-

1899 4457 2013 4504 ster
2053 4447 2215 4502 Jesus
2242 4443 2516 4506 Christus,
2547 4455 2674 4496 cum
2720 4455 2832 4494 suae
2859 4438 3033 4510 ipsius
3068 4439 3262 4494 matris
3292 4455 3482 4494 curam

1899 4549 2064 4609 atque
2093 4538 2366 4592 rationem
2406 4535 2620 4589 habuit.
2665 4531 2928 4588 Sublatus
2974 4546 3213 4601 namque
3247 4532 3362 4602 jam
3424 4533 3480 4587 in

1898 4627 2272 4684 venerandam
2302 4626 2452 4680 illam
2486 4639 2728 4689 crucem,
2763 4631 2819 4677 et
2851 4623 3001 4694 ligno
3036 4621 3285 4687 sufﬁxus,
3312 4622 3480 4676 disci~

1891 4721 2024 4790 pulo
2050 4734 2151 4774 suo
2171 4733 2430 4791 germano
2454 4727 2700 4772 sanctam
2720 4715 3003 4786 Virginem
3031 4713 3278 4778 tradidit,
3304 4728 3370 4768 ac
3399 4729 3484 4768 sc-

1889 4813 2128 4869 nectutis
2179 4812 2343 4872 illius
2392 4817 2632 4864 tutorem
2680 4809 3123 4876 nutritoremque
3193 4806 3484 4861 constituit

1894 4904 2155 4960 dilectum
2182 4903 2335 4957 illum
2367 4917 2549 4966 suum,
2587 4900 2778 4956 dicens
2814 4916 2826 4951 :
2867 4917 2884 4948 ι
2922 4897 3139 4961 Mulier,
3175 4909 3303 4950 ecce
3336 4894 3483 4952 filius

1898 5005 2056 5062 tuus;
2087 4994 2287 5050 deinde
2313 4975 2622 5064 discipulo:
2655 4992 2798 5046 Ecce
2836 4995 3011 5043 mater
3049 4995 3172 5054 tua;
3200 4996 3258 5042 et
3291 5002 3362 5042 ex
3390 4987 3482 5042 illa

1899 5088 2035 5142 hora
2051 5085 2263 5157 accepit
2287 5100 2406 5141 eam
2429 5082 2734 5153 discipulus
2758 5081 2815 5135 in
2841 5086 2944 5134 'sua
2961 5078 3026 5132 ³⁸.
3069 5097 3087 5130 ι

1969 5177 2168 5232 PALL.
2209 5175 2476 5232 Praeclare
2499 5189 2629 5230 sane
2674 5172 2778 5226 hac
2819 5170 2887 5227 de
2918 5186 2977 5226 re
3011 5170 3188 5226 oratio
3231 5168 3481 5225 confecta

1899 5284 2021 5325 esse
2052 5270 2292 5324 videtur.

1969 5359 2126 5415 (ΠΒ.
2159 5359 2297 5415 Cum
2332 5359 2517 5428 itaque
2555 5356 2763 5412 liberos
2804 5356 3127 5426 parentibus
3176 5351 3482 5408 rectissime

1901 5451 2246 5523 subiecisset,
2271 5458 2327 5506 et
2346 5449 2650 5522 legitimum
2689 5448 2756 5505 iis
2785 5463 2850 5504 ac
2875 5447 3249 5504 necessarium
3286 5445 3480 5516 iugum
