3966 6298
480 243 587 300 515

1497 238 1551 294 S.
1592 235 1867 295 CYRlLLl
1906 235 2377 293 ALEXANDRINI
2420 236 2747 293 ARCIIIEP.

3638 247 3753 303 518

480 354 852 428 imposuisset,
884 351 1030 407 illico
1056 348 1247 423 quales
1276 351 1443 406 etiam
1481 361 1741 423 parentes
1771 367 1900 421 erga
1923 350 2055 405 libe-

2165 348 2350 412 αὐτοῖς
2373 348 2671 420 empsim;
2700 348 2883 418 ζυγὸν,
2917 350 3093 403 ὁποῖοί
3122 367 3267 416 τινες
3290 346 3402 406 εἷεν
3424 352 3488 409 ἂν
3524 355 3659 427 περί
3682 356 3752 412 τὰ

480 463 574 504 ros
610 460 732 500 esse
775 450 1064 513 oporteat,
1106 443 1216 497 sia
1275 441 1374 495 Dei
1436 442 1720 497 voluntate
1775 440 2066 496 deﬂectere

479 538 675 599 noiint,
702 534 888 590 edicit.
925 536 1004 588 Ac
1025 518 1472 604 Paulus’qu‘idem
1495 534 1935 603 sapientissimus
1958 533 2062 600 vir,

480 639 770 698 postquam
791 625 982 696 paucis
1012 625 1176 696 2&0
1216 633 1272 680 et
1292 624 1546 694 expedite
1575 624 1765 679 liberis
1784 623 2063 694 praecepit,

482 728 541 775 ut
585 718 954 789 subjiciantur
1001 716 1363 786 parentibus,
1412 716 1613 786 adjecit
1656 716 1825 770 etiam
1878 715 2060 769 illud:

486 831 507 863 ι
536 812 748 873 Patres,
789 810 963 862 nolite
995 808 1062 862 ad
1092 808 1435 863 iracundiam
1473 823 1773 878 provocare
1803 807 1945 862 filios
1966 821 2065 862 ve-

478 910 645 965 stros,
664 900 760 955 sed
789 900 1021 954 educate
1048 915 1145 954 eos
1165 900 1225 953 in
1246 900 1596 970 correptione
1626 899 1844 953 Domini
1864 899 1930 964 ³¹,
1960 919 1978 950 ι
2010 899 2065 953 id

477 1001 583 1059 est,
618 993 950 1063 optimarum
979 990 1397 1060 disciplinarum
1440 991 1549 1045 illis
1577 997 1834 1045 auctores
1863 996 2061 1053 estote,

477 1092 642 1153 atque
665 1082 735 1136 ad
771 1082 940 1136 vitam
972 1082 1085 1135 Deo
1123 1088 1333 1150 gratam
1375 1080 1594 1150 legique
1640 1081 1879 1133 maxime
1928 1093 2062 1133 con-

476 1185 794 1229 sentaneam
824 1173 1065 1243 dirigite.
1095 1171 1165 1225 At
1194 1186 1328 1225 vero
1365 1188 1464 1241 per
1495 1171 1765 1225 ambitum
1795 1170 2062 1240 quodam-

476 1266 641 1320 modo
670 1275 832 1335 atque
859 1266 1153 1319 circuitum
1184 1264 1287 1336 (sic
1310 1266 1460 1320 enim
1503 1266 1617 1319 fere
1643 1262 1948 1333 consuevit)
1970 1279 2063 1333 pa-

2172 440 2325 511 σφῶν
2356 441 2538 495 αὐτῶν
2575 440 2894 512 γεννήματα
2930 440 3024 495 καὶ
3055 440 3103 495 οἰ
3135 447 3336 511 γονεῖς,
3360 447 3408 499 εἰ
3439 446 3501 501 τὸ
3527 449 3605 519 τῷ
3631 450 3750 524 Θεῷ

2166 532 2358 588 δοκοῦν
2411 532 2511 586 οὐκ
2560 532 2952 603 ὲκσοθήσονται
2978 572 2992 594 ,
3046 535 3387 607 παραγρῆμα
3440 540 3747 610 νομοθετεῖ.

2168 623 2381 687 Παῦλος
2425 623 2524 693 μὲν
2552 619 2649 677 οὖν
2688 625 2723 676 ὁ
2758 623 3077 692 σοφώτατος
3109 627 3168 678 ὲν
3205 626 3398 697 βραχεῖ
3437 631 3533 684 καὶ
3578 635 3751 688 εὐαπ-

2169 712 2473 775 αλλάκτως,
2517 710 2916 767 ὑποτάττεσθαι
2953 715 3064 768 δεῖν
3093 720 3207 779 τοῖς
3242 720 3502 791 πατράσι,
3542 740 3754 795 παρεγη

2166 799 2276 868 γυᾷ
2302 801 2417 861 ταῖς
2447 797 2663 862 τέκνοις
2683 817 2696 829 ·
2731 800 2836 872 ἔφη
2870 800 2953 864 δὲ,
2985 802 3067 855 δτι
3096 804 3192 856 καὶ
3227 823 3247 856 ι
3278 809 3341 859 Οἱ
3376 811 3635 882 πατέρες,
3676 816 3749 886 μὴ

2164 889 2526 959 παροργίζετε
2560 890 2631 944 τὰ
2673 892 2838 946 τέκνα
2894 892 3069 963 ὑμῶν,
3108 893 3227 951 ἀλλ’
3262 902 3559 971 ἐκτρέφετε
3609 909 3750 962 αὐτὰ

2164 981 2225 1032 ὲν
2254 981 2506 1052 νουθεσίᾳ
2539 982 2767 1053 Κυρίουο
2804 1004 2823 1037 ι
2849 988 3117 1050 τουτέστι,
3151 990 3270 1044 Τῶν
3300 993 3539 1064 ἀρίστων
3563 1000 3749 1067 αὐτοῖς

2169 1068 2509 1162 μαθημάτων
2555 1074 2845 1145 εἰσηγηταί
2872 1079 3176 1147 γεγονότες,
3220 1085 3358 1154 πρὸς
3397 1086 3621 1162 θεοφιλῆ
3654 1094 3748 1148 καὶ

2162 1158 2550 1231 ἐννομωτάτην
2595 1162 2932 1219 ἁπευθύνετε
2976 1169 3276 1227 πολιτείαν.
3307 1176 3409 1229 Διὰ
3438 1158 3644 1235 κύκλου
3690 1185 3746 1238 δὲ

2150 1244 2353 1343 ,ᾤσπίρ
2373 1249 2403 1302 ό
2421 1250 2583 1321 νόμος
2603 1251 2855 1324 (σύνηθες
2877 1258 2985 1327 γάρ
3004 1261 3152 1314 ἐστιν
3169 1261 3244 1326 ὡς
3266 1264 3355 1318 ἀεὶ
3373 1266 3533 1321 τοῦτο
3552 1272 3743 1343 αὐτῷ),

479 1357 730 1412 rentibus
778 1356 1033 1425 inprimis
1069 1363 1126 1409 et
1165 1355 1389 1425 quidem
1432 1355 1741 1410 rectissime
1778 1356 2055 1426 praecipit,

2156 1341 2263 1412 τῆς
2289 1342 2400 1395 τῶν
2420 1343 2631 1398 τέκνων
2676 1348 2980 1415 ἐπιεικείας
3010 1360 3258 1424 προνοεῖν
3294 1358 3377 1412 δτι
3414 1362 3651 1431 μάλιστά
3676 1341 3743 1434 -γε

479 1456 540 1500 ιιι
571 1445 638 1500 de
659 1446 961 1500 liberorum
984 1445 1258 1515 probitate
1287 1445 1509 1500 solliciti
1531 1446 1639 1500 sint
1668 1464 1680 1498 :
1717 1465 1734 1497 ι
1768 1445 1892 1500 Non
1929 1460 2061 1515 pro-

2164 1433 2262 1530 καῖ
2302 1433 2456 1530 ⁵μςὶλα.
2505 1434 2683 1508 ὀρθῶς
2708 1440 3066 1530 Ϋὲπισκήπτει
3107 1450 3381 1520 πατράσιν
3405 1470 3418 1484 ·
3454 1472 3475 1505 ‹
3513 1457 3588 1508 Οὐ
3639 1459 3740 1530 γὰρ

476 1537 710 1601 fanabis,
756 1536 1032 1606 inquiens,
1072 1537 1237 1592 filiam
1284 1546 1455 1602 tuam,
1487 1544 1550 1591 ut
1592 1536 1851 1592 fornicari
1894 1536 2055 1592 facias

2164 1519 2515 1592 βεδηλώσεις,
2549 1545 2569 1578 ι
2595 1529 2749 1598 φησί,
2784 1547 2803 1580 ι
2844 1531 2943 1603 τὴν
2973 1519 3245 1609 θυγατέρα
3266 1556 3357 1594 σου
3378 1519 3741 1615 ἑκπορνεῦσαι

476 1646 618 1694 eam,
644 1640 832 1685 etnon
870 1629 1237 1684 fornicabitur
1275 1638 1447 1693 terra,
1482 1636 1540 1683 et
1562 1636 1718 1683 terra
1756 1628 2055 1698 replebitur

2165 1614 2356 1686 αὐτὴν,
2381 1616 2477 1710 καὶ
2501 1619 2601 1710 οὐκ
2632 1621 2979 1710 ἐκπορνεύσῃ
3007 1627 3040 1697 ή
3067 1627 3162 1697 γῆ,
3197 1631 3348 1703 καὶὴ
3384 1637 3454 1706 γῆ
3495 1636 3742 1710 πλησθή-

477 1723 770 1793 iniquitate
819 1721 885 1776 ³¹.
953 1740 973 1773 ι
1025 1721 1163 1775 Nam
1228 1735 1524 1790 corporum
1566 1720 1876 1776 castitatem
1928 1728 2055 1775 ante

2165 1719 2321 1810 Ost'at
2368 1707 2620 1810 ἀνομίας.
2668 1709 2782 1781 Τὴν
2831 1711 2942 1783 γάρ
2976 1731 3058 1768 τοι
3094 1720 3362 1788 σωμάτων
3394 1707 3616 1791 ἁγνείαν
3653 1707 3743 1782 καὶ

477 1820 585 1873 alia
645 1818 816 1873 veluti
864 1817 1136 1888 primitias
1186 1817 1450 1887 quasdam
1514 1820 1715 1872 sanctae
1761 1832 2055 1872 conversa-

2161 1795 2267 1868 πρό
2286 1813 2351 1865 γε
2370 1797 2485 1851 τῶν
2512 1799 2710 1867 ἄλλων,
2730 1801 2826 1855 καὶ
2850 1805 3178 1873 πρωτόλειω
3199 1808 3390 1883 ὥσπερ
3409 1830 3461 1866 τι
3494 1816 3595 1887 τῆς
3621 1820 3745 1873 εἰα-

477 1910 646 1964 tionis
704 1925 733 1963 τι
763 1887 924 1963 nobis
958 1908 1128 1979 exigit
1178 1914 1369 1962 noster
1402 1907 1702 1974 Conditor;
1738 1917 1867 1962 sunt
1910 1909 2055 1963 enim

2158 1887 2291 1956 γοῦς
2340 1889 2650 1957 πολιτείας,
2702 1893 2903 1960 ἐξαιτεῖ
2930 1898 3059 1969 παρ’
3101 1899 3258 1970 ἡμῶν
3288 1905 3316 1956 ό
3358 1906 3740 1980 Δημιουργός·

476 2000 778 2069 corporalia
794 1999 911 2054 inec
926 2006 1246 2053 ornamenta
1260 1998 1413 2053 velut
1426 1998 1610 2054 aditus
1626 1999 1848 2069 quidam
1868 1999 1936 2055 ad
1952 2000 2055 2070 spi-

2156 1980 2509 2049 προεισδσλαὶ
2529 1982 2853 2075 γὰρᾼῶσπερ
2880 1987 2985 2058 τῆς
3018 1991 3159 2045 κατὰ
3187 1993 3403 2066 πνεῦμα
3432 1998 3745 2075 λαμπρότη-

475 2088 616 2142 ritus
636 2088 962 2152 claritatem,
983 2103 1110 2142 cum
1138 2087 1501 2157 turpitudinis
1528 2104 1594 2143 ac
1623 2088 1919 2144 dedecoris
1953 2104 2058 2144 no-

475 2190 557 2237 tas
577 2182 859 2253 effugiant.
894 2181 1065 2251 igitur
1086 2188 1346 2250 parentes
1370 2189 1588 2252 oportet
1605 2189 1666 2236 ut
1691 2182 1759 2236 ad
1786 2197 1876 2237 res
1896 2197 2060 2252 quam

472 2276 708 2345 optimas
730 2274 840 2330 sint
882 2284 1137 2329 auctores
1170 2292 1184 2328 :
1220 2275 1307 2329 sin
1342 2275 1593 2346 resupini
1621 2283 1679 2329 et
1723 2276 2061 2346 negligentes

454 2372 640 2419 ‘erunt
669 2363 969 2434 paedagogi,
993 2373 1157 2433 atque
1195 2364 1334 2419 adeo
1371 2379 1550 2429 secus,
1589 2379 1755 2434 quam
1795 2367 1939 2419 ratio
1966 2381 2062 2436 po-

472 2457 661 2519 stulat,
692 2454 759 2509 ad
799 2454 981 2524 turpia
1002 2455 1153 2510 facta
1193 2455 1363 2524 duces
1389 2469 1454 2508 ac
1479 2455 1725 2525 magistri
1749 2456 2060 2525 deprehen-

472 2545 694 2609 dentur,
725 2552 972 2598 extrema
1009 2544 1277 2613 supplicia
1309 2544 1680 2621 sustinebunt,
1714 2552 1776 2600 ut
1806 2547 1901 2616 qui
1934 2562 2063 2603 suos

472 2631 577 2701 ipsi
608 2631 822 2685 fructus
845 2642 1221 2701 corrumpant,
1255 2638 1313 2687 et
1347 2632 1407 2687 in
1443 2633 1598 2689 exitii
1646 2635 1834 2691 foveas
1863 2636 2059 2706 impel-

470 2721 607 2785 lant,
648 2736 749 2791 pro
775 2721 977 2790 quibus
1006 2722 1254 2791 profecto
1287 2739 1506 2794 aequum
1545 2732 1667 2780 erat
1700 2734 1937 2783 mortem
1959 2743 2058 2799 0p-

460 2821 700 2880 petere:
728 2827 857 2865 nam
895 2812 949 2866 id
975 2814 1225 2882 patribus
1258 2823 1455 2871 natura
1495 2833 1713 2888 quoque
1763 2818 1881 2889 ipsa
1915 2835 2058 2889 prte-

472 2900 687 2954 scribit.
719 2900 824 2967 Qui
871 2918 1001 2974 ergo
1036 2920 1105 2959 ex
1149 2921 1207 2960 se
1248 2907 1488 2978 puellam
1530 2909 1608 2963 ad
1649 2910 2059 2981 apertissimum

472 2990 740 3060 probrum
772 2994 1084 3051 volentibus
1114 2997 1364 3068 exponit,
1392 2999 1461 3054 ab
1486 3015 1554 3054 eo
1600 3016 1712 3062 non
1747 3016 1849 3071 pro
1868 3002 2055 3072 puella

2159 2071 2347 2170 tog-rd
2378 2073 2671 2170 σωματικὰ
2697 2117 2712 2142 ,
2740 2076 2832 2131 τὸν
2859 2078 2948 2131 ἐπ’
2975 2082 3296 2154 αίσχρότητί
3334 2103 3392 2140 τε
3422 2091 3517 2142 καὶ
3548 2071 3741 2170 ἀτιμία

2154 2158 2606 2232 διαδιδράσκοντα
2637 2166 2849 2237 μῶμον.
2880 2167 2962 2222 Τὰ
2996 2171 3218 2226 πάντων
3246 2171 3340 2229 οὖν
3369 2178 3570 2250 ἄριστα
3607 2158 3742 2256 πρέἰ

2158 2267 2255 2305 ποι
2289 2253 2356 2307 ἂν
2384 2256 2516 2325 ἡμῖν
2546 2258 2886 2329 εἰσηγεῖσθαι
2930 2263 3196 2335 πατέρας.
3227 2267 3290 2320 Εἰ
3311 2268 3368 2321 δὲ
3397 2270 3460 2343 δὴ
3493 2253 3740 2342 μέλλοιεν

2162 2343 2487 2400 ὑπτιοῦσθαι
2525 2350 2623 2402 καὶ
2664 2351 2929 2422 ῥᾳθυμεῖν
2959 2356 3008 2408 oi
3045 2359 3405 2429 παιδαγωγοὶ,
3447 2368 3652 2436 μᾶλλον
3682 2371 3741 2424 δὲ

2161 2437 2253 2527 καὶ
2281 2437 2389 2490 τῶν
2418 2440 2710 2510 αἰσχιόνων
2733 2445 2920 2510 αὐτοῖς
2941 2451 3228 2519 γεγονότες
3254 2442 3495 2527 ἀρχηγοῗ
3525 2462 3622 2521 καὶ
3644 2480 3741 2520 κα-

2161 2525 2755 2621 θηγηταῖπαραλδγως
2770 2534 3081 2611 ήλίσκοντο,
3114 2525 3307 2614 ποινὴν
3338 2544 3741 2621 ὑποστήσονται

2158 2618 2261 2710 τήν
2289 2619 2560 2691 ἐσχάτην,
2606 2621 2683 2687 ὡς
2710 2626 2838 2690 τοὺς
2883 2628 3046 2696 ἰδίους
3077 2634 3231 2689 αὐτοὶ
3272 2618 3550 2710 καρποὺς*
3575 2660 3742 2697 κατα-

2161 2709 2494 2804 ιρθείροντες,
2528 2717 2622 2769 καὶ
2653 2720 2768 2783 τοῖς
2798 2720 2900 2791 τῆς
2927 2723 3203 2795 ἀπωλείας
3230 2709 3464 2796 ἐνιέντες
3486 2732 3702 2804 βάθροις
3722 2776 3740 2804 ,

2159 2798 2233 2897 ὧν
2274 2799 2349 2874 ἦν
2373 2805 2545 2878 δήπου
2584 2810 2682 2863 καὶ
2712 2810 3116 2886 ὑπερθνήσκειν
3149 2819 3373 2892 ἄμεινον
3407 2841 3420 2854 ·
3454 2798 3742 2897 νομοθετεῖ

2159 2894 2402 2990 γὰρ-καὶ
2426 2897 2587 2952 τοῦτο
2621 2902 2655 2971 ή
2686 2900 2849 2971 φύσις
2888 2909 3182 2978 πατράσιν.
3227 2912 3285 2966 Ὁ
3310 2913 3366 2969 δὲ
3393 2915 3458 2988 δὴ
3490 2894 3629 2990 πρὸς
3654 2921 3737 2973 αἰ-

2161 2987 2440 3082 σχρότητα
2480 2990 2578 3082 τήν
2617 2994 3032 3070 ἐμφανεστάτην
3080 3005 3193 3067 τοῖς
3235 2987 3480 3062 ἐθέλουσι
3516 2987 3738 3082 προθεὶς

479 3081 744 3137 duntaxat
768 3083 1011 3139 rationes
1029 3102 1326 3158 poenasque
1354 3087 1543 3160 ﬂagitii
1563 3091 1866 3162 justissime
1895 3108 2053 3162 expo-

2156 3076 2219 3129 τὸ
2246 3078 2442 3132 ἑαυτοῦ
2471 3080 2676 3152 κόριον,
2699 3085 2798 3156 οὐχ
2818 3088 2968 3161 ὑπὲρ
2993 3092 3159 3146 αὐτοῦ
3188 3097 3282 3149 καὶ
3320 3099 3483 3168 μόνου
3513 3076 3738 3173 δικαίως

473 3182 589 3229 acet
626 3173 718 3229 ille
751 3175 994 3230 omnium
1030 3178 1228 3248 judcx,
1266 3180 1362 3234 sed
1412 3181 1579 3235 etiam
1622 3198 1724 3251 pro
1772 3184 2049 3249 omnibus,

470 3267 568 3338 qui
597 3267 707 3321 sint
744 3266 813 3320 ad
866 3270 1271 3339 turpitudinem
1337 3272 1499 3343 lapsi.
1565 3273 1850 3344 Laqueum
1901 3279 2051 3331 enim

470 3357 762 3427 quemdam
807 3365 862 3413 et
896 3360 1092 3415 mortis
1125 3369 1241 3418 rete
1302 3378 1429 3417 eum
1480 3366 1795 3432 tetenderit,
1862 3381 2054 3421 omnes

471 3450 902 3520 comprehensos
941 3452 1110 3507 habet
1136 3494 1151 3518 ,
1192 3455 1448 3524 quamvis
1472 3471 1582 3511 non
1606 3472 1797 3512 omnes
1828 3458 2051 3528 capian-

472 3550 595 3608 tur;
625 3559 806 3612 neque
837 3543 987 3598 enim
1012 3546 1239 3600 omnino
1261 3547 1442 3601 exitus
1484 3548 1566 3602 rei
1609 3556 1909 3619 spectatur,
1954 3548 2051 3613 sed

469 3639 775 3700 ereptorum
802 3623 895 3685 vi!
918 3640 1081 3702 atque
1110 3634 1359 3689 facultas.
1385 3636 1461 3689 De
1485 3638 1753 3706 ejusmodi
1777 3653 1909 3694 vero
1927 3654 2051 3695 mu-

468 3719 605 3774 liere
675 3722 1116 3789 sapientissimus
1182 3739 1402 3794 quoque
1473 3726 1732 3781 Salomon
1798 3729 1988 3782 scribit
2034 3746 2048 3783 :

477 3831 496 3862 ι
531 3811 835 3875 Mulierem,
877 3828 998 3881 quae
1022 3814 1253 3883 laqueus
1275 3824 1361 3870 est
1392 3823 1449 3870 et
1478 3824 1597 3871 rete
1636 3833 1732 3872 cor
1766 3819 1906 3888 ejus,
1933 3820 2054 3874 vin-

469 3900 593 3955 cula
618 3903 674 3953 in
714 3901 966 3956 manibus
1000 3903 1204 3973 ejus”.
1248 3924 1267 3956 ι
1294 3904 1621 3962 Necessario
1661 3908 1844 3979 itaque
1884 3910 2049 3981 legis-

469 3991 647 4055 lator,
690 4010 709 4041 ι
746 3991 867 4046 Non
919 3992 1256 4063 profanabis,
1312 3996 1513 4065 inquit,
1556 3997 1728 4053 filiam
1758 4006 1938 4066 tuam,
1988 4011 2051 4057 ut

2156 3168 2222 3222 ἂν
2240 3170 2514 3228 εὑθύνοιτό
2543 3192 2603 3228 τε
2630 3179 2724 3230 καὶ
2748 3177 3008 3244 ἐξαιτοῖτο
3034 3184 3189 3251 δίκας
3210 3190 3363 3260 παρά
3380 3209 3444 3259 γε
3468 3195 3563 3247 τοῦ
3600 3168 3737 3258 adv;

2155 3278 2265 3318 των
2288 3265 2500 3362 κριτοῦ,
2537 3268 2673 3322 ἀλλὰ
2696 3272 2788 3324 καὶ
2820 3272 2958 3344 ὑπὲρ
2987 3277 3186 3341 παντὸς
3210 3280 3305 3333 τοῦ
3347 3284 3483 3355 πρὸς
3508 3289 3733 3362 αἰσχρό-

2142 3371 2301 3450 τητα
2320 3355 2758 3450 διωλισθηκότος.
2779 3364 2859 3435 Θή
2868 3383 3066 3437 ρατρον
3089 3368 3196 3441 γὰρ
3218 3371 3409 3447 ὥσπερ
3436 3394 3489 3430 τι
3514 3355 3736 3450 προθεὶς

2155 3446 2251 3499 καὶ
2281 3446 2512 3502 θανάτου
2553 3451 2714 3521 λίνον,
2743 3455 2951 3520 πάντας
2980 3457 3004 3508 ἔ
3010 3476 3092 3529 χει
3125 3446 3421 3531 συλλαϐὼν,
3461 3446 3626 3525 καὶεί
3656 3472 3734 3543 μὴ

2155 3537 2360 3632 παντες
2406 3537 2730 3598 ἁλίσκοιντο.
2780 3546 3146 3617 Δοκιμάξεται
3194 3552 3302 3625 γὰρ
3344 3557 3469 3627 οὐχὶ
3514 3560 3577 3632 δή

2157 3625 2372 3724 πόιντως
2415 3630 2478 3683 τὸ
2512 3632 2813 3704 ἐκϐεϐηκὸς
2839 3674 2854 3699 ,
2906 3637 3043 3691 ἀλλὰ
3083 3640 3196 3694 τῶν
3247 3625 3666 3720 ἐγχειρημάτων
3695 3657 3730 3724 ή

2154 3717 2382 3790 δύναμις
2402 3736 2417 3751 ⁸
2441 3724 2702 3790 γυναικὸς
2728 3725 2785 3778 δὲ
2814 3726 2940 3798 πέρι
2967 3731 3199 3794 τοιᾶσδε,
3228 3738 3323 3787 καὶ
3349 3738 3377 3788 ό
3407 3717 3731 3809 -σοῲώτατος

2153 3811 2355 3904 γρᾴφει
2378 3814 2629 3885 Σολομῶν
2649 3833 2660 3847 ·
2685 3834 2705 3867 ι
2730 3817 2841 3888 Τὴν
2887 3823 3144 3888 γυναῖκα,
3173 3825 3297 3894 ἥτις
3327 3827 3444 3881 ἐστὶ
3479 3808 3734 3904 θηρευμα

2151 3903 2249 3958 καὶ
2283 3905 2492 3977 σαγήνη
2513 3907 2709 3978 καρδία
2730 3909 2920 3981 αὐτῆς,
2944 3912 3141 3985 δεσμὸς
3167 3917 3248 3981 εἰς
3276 3921 3465 3989 χεῖρας
3486 3903 3675 3994 αὑτῆςξ
3705 3943 3723 3977 ο

2164 3995 2502 4066 Ἀναγκαίως
2533 4001 2821 4072 τοιγαροῦν
2854 4002 2884 4053 ὁ
2921 4003 3241 4077 νομοθέτης,
3297 4027 3316 4060 ι
3366 4011 3442 4064 Οὐ
3490 4012 3733 4086 βεϐηλώ-

469 4080 730 4136 fornicari
763 4082 932 4138 facias
974 4100 1117 4151 eam,
1162 4093 1219 4141 et
1248 4102 1359 4141 non
1405 4087 1770 4144 fornicabitur
1816 4100 1985 4149 terra.
2021 4113 2040 4145 ›

2156 4101 2292 4148 σεις,
2335 4105 2354 4138 ›
2378 4088 2532 4157 φησι,
2553 4108 2574 4141 ‹
2604 4089 2706 4162 τὴν
2727 4091 2999 4165 θυγατέρα
3021 4112 3136 4162 σου,
3158 4080 3515 4171 ὲκπορνεῦσαι
3535 4080 3728 4177 αὑτήν.

466 4171 601 4227 Nam
631 4173 676 4227 si
712 4174 858 4229 nulla
890 4175 1059 4230 fuerit
1086 4177 1331 4243 omnino,
1370 4193 1495 4233 cum
1521 4194 1628 4249 qua
1667 4179 2048 4239 fornicationis

2156 4179 2246 4232 καὶ
2271 4177 2370 4270 οὐκ
2394 4180 2735 4270 ἑκπορνεύσῃ
2758 4187 2790 4255 ή
2812 4183 2905 4255 γῆ.
2938 4205 2956 4237 ι
2982 4188 3059 4240 Οὐ
3081 4189 3191 4261 γὰρ
3220 4190 3390 4264 οὔσης
3414 4194 3573 4264 ὅλως,
3599 4171 3730 4270 περὶ

440 4264 674 4319 'erimen
715 4264 1059 4333 admittatur,
1108 4267 1254 4323 haud
1295 4268 1517 4325 dillicile
1547 4272 1655 4327 erit
1685 4273 1793 4329 hoc
1842 4275 2047 4330 malum

2133 4268 2217 4339 -ἢν
2244 4268 2322 4322 ’ἂν
2342 4269 2552 4338 γένοιτο
2582 4273 2751 4343 τυχὸν
2769 4275 2873 4346 τῆς
2897 4278 3152 4348 πορνείας
3176 4280 3238 4333 τὸ
3262 4282 3429 4355 ἐγκλη
3439 4302 3533 4355 μα.
3556 4268 3729 4357 χαλε-

459 4352 725 4424 effugere,
763 4357 1012 4425 Quamvis
1058 4358 1326 4427 praecipiti
1366 4360 1437 4414 sit
1468 4362 1741 4432 quispiam
1780 4365 1837 4419 in
1887 4366 2046 4421 volu-

2156 4359 2251 4412 πὺν
2270 4361 2435 4416 ,οὐδὲν
2457 4362 2517 4415 τδ
2534 4363 2818 4437 διαδράναι
2836 4368 3049 4433 παθεῖν,
3082 4373 3175 4424 καὶ
3196 4372 3257 4425 εἴ
3272 4371 3348 4445 τῴ
3364 4352 3451 4439 τις
3471 4352 3729 4450 εἴη’-πρὸς

465 4454 670 4514 ptatem
697 4447 882 4502 animo
905 4488 920 4513 ,
944 4456 1000 4502 et
1022 4448 1089 4502 ad
1133 4450 1503 4505 resistendum
1546 4468 1772 4521 prorsus
1821 4456 2036 4526 ignavo.

463 4535 741 4592 Hactenus
762 4551 887 4590 cum
931 4537 1303 4607 praecepisset,
1333 4547 1394 4594 ut
1433 4540 1628 4598 liberis
1652 4559 1683 4597 a
1718 4546 2042 4613 parentibus

462 4627 722 4683 honestas
756 4627 1004 4697 corporis
1047 4639 1382 4697 servaretur,
1437 4632 1594 4704 24],
1636 4643 1812 4690 morte
1872 4638 2037 4693 etiam

2146 4452 2343 4523 ἡδονὴν
2358 4454 2730 4524 εὐπάροιστος,
2752 4459 2922 4513 καὶτὸ
2936 4460 3130 4517 ἄναλκι
3151 4466 3426 4532 παντελῶς
3444 4468 3729 4541 ἀρρωστή-

2149 4557 2247 4603 σας
2268 4542 2298 4594 ὁ
2313 4541 2456 4607 νοῦς,
2481 4544 2781 4616 εὐκοσμίαν
2794 4548 2851 4601 δὲ
2865 4550 2965 4620 τὴν
2981 4550 3060 4615 εἴς
3076 4569 3139 4621 γε
3155 4555 3216 4607 τὸ
3237 4555 3396 4627 σῶμα
3412 4559 3724 4630 τηρεῖσθαι.

2146 4631 2300 4696 Τέως
2333 4634 2647 4706 προστάξας
2678 4638 2828 4709 παρὰ
2874 4641 2984 4695 τῶν
3029 4645 3282 4717 πατέρων
3326 4651 3439 4713 τοῖς
3472 4650 3725 4721 τέκνοις,

463 4718 677 4782 multat,
729 4719 773 4773 si
810 4720 937 4788 quis
989 4718 1047 4772 in
1063 4733 1183 4773 eam
1236 4722 1565 4777 sententiam
1608 4727 1843 4792 venerit,
1869 4735 1929 4781 ut
1968 4728 2038 4782 ad

2156 4722 2365 4795 θανάτῳ
2400 4727 2626 4796 τιμᾶται
2672 4728 2768 4782 καὶ
2799 4729 2890 4785 τὸν
2943 4734 3023 4796 εἰς
3069 4735 3229 4789 τοῦτο
3261 4737 3409 4791 ἰόντα
3451 4718 3726 4815 γνώμης,

462 4807 878 4863 desciscendum
907 4824 938 4863 a
962 4809 1075 4864 Deo
1114 4823 1245 4864 suos
1268 4810 1475 4865 liberos
1512 4812 1777 4883 impellat.
1796 4814 1897 4871 ‘Sic
1937 4831 2038 4871 au-

464 4906 571 4952 tem
595 4898 651 4953 in
676 4898 919 4954 Levitico
942 4899 1207 4969 scriptum
1230 4908 1316 4956 est
1345 4900 1358 4955 τ
1392 4902 1489 4957 «Et
1514 4902 1731 4963 locutus
1743 4914 1829 4961 est
1852 4906 2038 4962 Domi-

462 5004 565 5042 aus
596 4989 664 5041 ad
694 4988 916 5057 Moysen
934 5030 949 5054 ,
978 4989 1169 5046 dicens
1224 5010 1239 5046 :
1269 4990 1325 5046 Si
1351 4992 1476 5062 quis
1496 4993 1566 5049 de
1602 4993 1732 5050 ﬁliis
1754 4995 1925 5051 Israel
1950 4998 2038 5052 vel

459 5078 529 5133 de
555 5079 864 5150 proselytis,
894 5079 997 5150 qui
1029 5083 1364 5139 accesserim
1410 5083 1479 5138 ad
1508 5084 1699 5149 lsrael,
1722 5084 1943 5142 dederit
1968 5085 2039 5141 de

459 5173 671 5227 semine
696 5187 796 5228 suo
818 5174 1077 5246 principi,
1101 5185 1279 5233 morte
1304 5179 1573 5233 moriatur
1593 5196 1605 5232 :
1623 5194 1775 5249 gens,
1804 5195 1926 5250 qua:
1954 5190 2040 5237 est

459 5258 517 5313 in
546 5252 692 5314 terra
717 5259 1173 5332 illa,lapidabunt
1192 5279 1320 5319 eum
1362 5265 1675 5336 lapidibus;
1703 5274 1761 5322 et
1786 5282 1890 5339 ego
1932 5269 2035 5325 ob-

2145 4815 2221 4878 ὠς
2246 4816 2327 4879 εις
2348 4815 2654 4872 ἀπόστασιν
2703 4818 2802 4890 τὴν
2834 4822 2944 4876 ἀπὸ
2974 4823 3110 4877 Θεοῦ
3138 4827 3205 4881 τὰ
3234 4828 3340 4883 τδια
3374 4834 3727 4906 παραρῤίψαι

2147 4908 2466 4977 γεννήματα
2487 4922 2501 4936 ·
2544 4909 2855 4980 γέγραπται
2882 4913 2939 4967 δὲ
2970 4913 3144 4980 οὕτως
3189 4919 3249 4972 ὲν
3280 4919 3356 4993 τῷ
3402 4923 3678 4996 Λευῖτικῷ
3706 4944 3726 4961 ο

2138 5013 2170 5046 ,ι
2190 4997 2299 5050 Καὶ
2322 4997 2551 5068 ἐλάλησα
2577 5000 2782 5071 Κύριος
2814 5004 2950 5077 πρὸς
2970 5007 3204 5080 Μωσῆν,
3235 5010 3409 5080 λέγων
3431 5031 3445 5045 ·
3472 5016 3581 5069 Καὶ
3604 5020 3726 5084 τοῖς

2145 5087 2282 5150 υἱοῖς
2296 5087 2509 5160 Ἰσραὴλ
2534 5088 2786 5162 λαλήσεις
2809 5094 3000 5163 λέγων·
3051 5097 3176 5152 Ἐάν
3202 5095 3284 5164 τὶς
3312 5101 3420 5157 ἀπὸ
3441 5104 3549 5159 τῶν
3582 5107 3725 5160 υἱῶν

2158 5177 2374 5249 Ἰσραὴλ
2396 5217 2414 5245 ,
2450 5179 2490 5250 ’ἢ
2529 5179 2640 5236 τῶν
2691 5187 3223 5258 προσγεγενημένων
3259 5193 3617 5264 προσηλύτων
3657 5199 3722 5249 ὲν

2156 5268 2406 5341 Ἰσραὴλ,
2447 5270 2507 5335 ὃς
2539 5272 2605 5326 ἂν
2640 5272 2716 5345 δῷ
2760 5275 2854 5330 τοῦ
2899 5278 3214 5352 σπέρματος
3251 5284 3418 5338 αὐτοῦ
3463 5287 3720 5360 ἄρχοντι,

452 5348 687 5407 ﬁrmabo
708 5350 905 5409 faciem
928 5370 1109 5411 meam
1125 5372 1291 5428 super
1317 5356 1597 5413 hominem
1626 5357 1802 5424 illum,
1830 5368 2037 5441 etper-

2156 5361 2359 5434 θανάτῳ
2390 5362 2740 5420 θανατούσθω
2765 5385 2780 5399 ⁸
2811 5370 2873 5423 τὸ
2900 5348 3057 5436 ἔθνος.
3077 5372 3138 5426 τὸ
3178 5376 3270 5429 ἐπὶ
3297 5376 3398 5448 τῆς
3429 5348 3720 5449 pqL-"uec;

455 5440 580 5498 dam
601 5458 729 5500 eum
751 5444 1042 5515 depopulo
1077 5462 1197 5514 suo,
1218 5448 1355 5520 quia
1395 5449 1463 5505 de
1504 5451 1721 5506 semine
1759 5467 1860 5509 suo
1878 5440 2034 5508 dedit

2156 5452 2460 5525 εολήσουσιν
2497 5459 2663 5515 αὐτὸν
2705 5460 2763 5514 ὲν
2805 5461 3007 5528 λίθοις·
3039 5467 3133 5520 καὶ
3174 5465 3286 5535 ἐγὼ
3319 5440 3604 5541 ἐπιστήσω
3649 5470 3720 5525 τὸ

562 5619 604 5651 ⁸⁸
641 5619 847 5688 Eplies.
868 5637 939 5687 vi,
987 5624 1040 5677 4.
1117 5625 1159 5657 ³¹
1184 5625 1359 5679 Levit.
1387 5644 1495 5695 xix,
1523 5629 1610 5685 29.
1656 5633 1699 5664 ³³
1723 5633 1904 5689 Eccle.
1929 5630 2125 5699 "1,27.
