3966 6298
504 244 610 300 515

1521 236 1574 290 S.
1616 232 1890 291 CYRILLI
1931 230 2401 288 ALEXANDRlNl
2444 231 2769 287 ARCHI‘EP.

3658 237 3763 293 516

506 355 878 428 imposuisset,
910 352 1055 406 illico
1082 349 1272 421 quales
1301 349 1466 403 etiam
1507 358 1765 418 parentes
1796 363 1923 416 erga
1947 347 2088 400 libe-

2192 344 2373 406 αὐτοῖς
2397 341 2693 414 eme-ett“
2723 342 2906 411 ζυγὸν,
2941 343 3116 395 ὁποῖοί
3146 360 3290 406 τινες
3315 338 3425 396 εἶεν
3448 344 3512 400 ἃν
3549 345 3677 416 περὶ
3700 346 3765 400 τὰ

507 465 600 504 ros
637 460 758 502 esse
801 450 1090 514 oporteat,
1133 441 1240 495 sia
1301 438 1397 492 Dei
1460 439 1743 492 voluntate
1799 436 2090 491 deﬂectere

506 540 701 599 nolint,
729 535 913 591 edicit.
951 536 1029 587 Ac
1052 533 1251 586 Paulus
1275 531 1496 600 quidem
1521 531 1958 598 sapientissimus
1983 529 2087 594 vir,

506 641 796 700 postquam
819 626 1007 696 paucis
1039 623 1201 694 240
1242 632 1296 677 et
1318 621 1571 692 expedite
1600 621 1789 675 liberis
1809 619 2086 690 princepit,

511 730 568 777 ut
614 719 980 788 subjiciantur
1027 713 1387 784 parentibus,
1438 713 1637 782 adjecit
1681 713 1850 766 etiam
1903 711 2084 764 illud:

513 833 532 865 ι
564 815 773 872 Patres,
816 809 989 862 nolite
1021 807 1088 860 ad
1119 806 1459 860 iracundiam
1499 820 1798 874 provocare
1829 803 1970 858 ﬁlios
1993 818 2089 857 ve-

505 912 669 965 stros,
690 901 785 955 sed
815 899 1047 953 educatc
1076 913 1170 951 eos
1193 897 1251 950 in
1273 897 1621 966 correptione
1652 895 1869 949 Domini
1889 895 1954 960 ³⁸,
1986 914 2004 945 ι
2036 894 2089 948 id

503 1002 608 1058 est,
643 993 976 1062 optimarum
1007 988 1422 1057 disciplinarum
1466 988 1574 1041 illis
1603 993 1859 1041 auctores
1889 993 2086 1048 estote,

504 1093 667 1153 atque
692 1083 760 1136 ad
798 1082 966 1135 vitam
1000 1081 1112 1133 Deo
1149 1088 1359 1148 gratam
1403 1077 1619 1146 legique
1667 1077 1904 1128 maxime
1955 1090 2088 1128 con-

502 1186 820 1230 sentaneum
851 1172 1092 1242 dirigite.
1122 1170 1191 1224 At
1221 1184 1354 1223 vero
1392 1186 1489 1238 per
1522 1169 1790 1222 ambitum
1822 1167 2088 1236 quodam-

502 1267 668 1321 modo
698 1275 860 1335 atque
886 1265 1179 1318 circuitum
1211 1263 1313 1334 (sic
1337 1263 1486 1317 enim
1530 1263 1642 1316 fere
1670 1259 1975 1328 consuevit)
1997 1275 2089 1329 pa-

506 1359 757 1413 rentibus
806 1357 1060 1425 inprimis
1097 1362 1153 1408 et
1193 1353 1415 1424 quidem
1461 1353 1766 1406 rectissime
1805 1352 2087 1422 przecipit,

507 1459 567 1502 ut
599 1447 664 1501 de
688 1447 987 1500 liberorum
1012 1445 1286 1514 probitate
1315 1444 1536 1498 solliciti
1558 1444 1666 1496 sint
1695 1461 1706 1495 :
1743 1462 1760 1494 ι
1798 1443 1918 1497 Non
1957 1458 2088 1511 pro-

505 1539 738 1602 fanabis,
785 1539 1060 1606 inquiens,
1101 1537 1265 1591 tiliam
1312 1546 1482 1600 tuam,
1515 1543 1577 1589 ut
1620 1534 1878 1589 fornicari
1921 1533 2090 1588 facias

505 1649 648 1695 eam,
673 1641 861 1685 etnon
899 1629 1264 1684 fornicabitur
1304 1638 1474 1691 terra,
1511 1635 1568 1681 et
1599 1634 1745 1680 terra
1784 1625 2090 1694 replebitur

2197 435 2349 505 σφῶν
2380 435 2562 490 αὐτῶν
2599 435 2917 504 γεννήματα
2953 433 3047 488 καὶ
3078 435 3126 487 οἱ
3159 439 3360 502 γονεῖς,
3383 439 3431 489 εί
3464 437 3524 491 τὸ
3551 439 3627 509 τῷ
3653 439 3765 512 ea;

2191 527 2381 582 δοκοῦν
2434 527 2534 580 οὐκ
2584 525 3014 595 ἐκσοϐήσονται,
3069 527 3410 598 παραχρῆμα
3465 529 3763 600 νομοθετεῖ,

2192 618 2404 681 Παῦλος
2449 617 2546 688 μὲν
2577 613 2672 670 οὖν
2713 619 2745 669 ὁ
2783 616 3100 685 σοφώτατος
3134 620 3191 669 ἐν
3228 618 3421 688 βραχεῖ
3461 623 3555 674 καὶ
3601 623 3768 677 εὐαπ-

2193 708 2496 770 αλλάκτως,
2541 705 2939 760 ὑποτάττεσθαι
2978 707 3087 760 δεῖν
3117 712 3230 771 τοῖς
3267 711 3525 780 πατράσι,
3566 730 3771 784 παρεγ-

2192 794 2300 863 γυᾷ
2327 796 2440 854 τοῖς
2472 792 2686 856 τέκνοις
2707 811 2719 822 ·
2756 793 2860 864 ἔφη
2895 794 2977 856 δὲ,
3010 795 3091 847 ὅτι
3120 797 3216 848 καί
3252 815 3270 847 ‹
3304 800 3365 850 Οἱ
3401 801 3656 871 πατέρες,
3696 805 3767 873 μὴ

2191 883 2551 954 παροργίζετε
2586 884 2656 938 τὰ
2698 885 2863 939 τέκνα
2919 885 3094 956 ὑμῶν,
3135 885 3251 942 ἀλλ’
3288 892 3582 961 ἐκτρέφετε
3632 897 3769 950 αὐτὰ

2185 976 2250 1027 ’ἐν
2280 975 2531 1045 νουθεσία
2565 975 2792 1045 Κυρίουο
2830 997 2848 1029 ι
2876 979 3142 1042 τουτέστι,
3177 982 3295 1035 Τῶν
3326 985 3563 1054 ἀρίστων
3586 989 3769 1054 αὐτοῖς

2195 1063 2534 1132 μαθημάτων
2582 1067 2871 1137 εἰσηγηταὶ
2899 1071 3202 1138 γεγονότες,
3247 1076 3384 1144 πρὸς
3423 1077 3644 1150 θεοφιλῆ
3677 1083 3770 1136 καὶ

2190 1153 2576 1224 ἐννομωτάτην
2621 1155 2958 1210 ἀπευθύνετε
3002 1161 3302 1218 πολιτείαν.
3334 1167 3435 1219 Διὰ
3465 1169 3665 1223 κύκλου
3712 1173 3770 1226 δὲ

2191 1239 2380 1312 ὥσπερ
2401 1243 2429 1295 ὁ
2449 1243 2609 1315 νόμος
2631 1245 2881 1316 (σύνηθες
2903 1250 3011 1319 γάρ
3031 1253 3177 1305 ἐστιν
3196 1253 3270 1317 ὡς
3293 1255 3381 1308 ἀεὶ
3401 1257 3557 1311 τοῦτο
3577 1259 3766 1331 αὐτῷ),

2185 1336 2290 1406 τῆς
2317 1337 2427 1388 τῶν
2449 1337 2658 1391 τέκνων
2703 1342 3005 1406 ἐπιεικείας
3037 1351 3284 1416 προνοεῖν
3321 1350 3403 1402 ὅτι
3440 1351 3672 1420 μάλιστά
3705 1371 3770 1422 γε

2192 1428 2286 1481 καὶ
2339 1429 2483 1498 μάλα
2533 1429 2709 1501 ὀρθῶς
2761 1433 3092 1505 ἐπισκήπτει
3135 1441 3444 1510 πατράσιν·
3481 1461 3500 1494 ι
3539 1445 3611 1498 Ού
3662 1446 3770 1517 γὰρ

2193 1515 2543 1587 βεΰηλὼσεις,
2578 1539 2596 1571 ι
2623 1522 2777 1590 φησὶ,
2813 1540 2830 1572 ι
2873 1523 2970 1594 τὴν
3002 1524 3273 1599 θυγατέρα
3295 1547 3385 1583 σου
3406 1515 3770 1603 ἐκπορνεῦσαι

2193 1609 2384 1680 αὐτὴν,
2409 1611 2504 1664 καὶ
2530 1612 2629 1665 οὐκ
2663 1615 3007 1690 ἐκπο-ρνεύσῃ
3036 1619 3069 1688 ή
3097 1618 3191 1688 γῆ,
3227 1621 3321 1672 καὶ
3345 1624 3377 1692 ἡ
3413 1626 3483 1694 γῆ
3525 1624 3772 1698 πλησθή-

507 1725 799 1794 iniquitate
848 1723 914 1776 ".
983 1741 1001 1773 ι
1055 1722 1192 1774 Nam
1257 1735 1551 1788 corporum
1595 1718 1904 1773 castitatem
1963 1724 2089 1771 ante

2194 1715 2349 1752 σεται
2398 1701 2650 1771 ἀνομίας.
2697 1703 2811 1773 Τὴν
2861 1703 2970 1774 γάρ
3006 1723 3088 1758 τοι
3125 1710 3392 1778 σωμάτων
3423 1713 3640 1778 ἁγνείαν
3678 1717 3772 1768 καὶ

507 1822 614 1874 alia
675 1819 845 1874 veluti
894 1818 1166 1888 primitias
1215 1816 1480 1886 quasdam
1545 1819 1744 1869 sanctae
1791 1829 2086 1868 conversa-

508 1911 675 1965 tionis
735 1927 762 1964 a
792 1909 954 1964 nobis
988 1909 1158 1977 exigit
1210 1914 1400 1960 noster
1434 1905 1732 1970 Conditor;
1769 1914 1897 1958 sunt
1941 1905 2088 1959 enim

507 2001 808 2069 corporalia
825 2000 942 2054 haec
957 2005 1278 2053 ornamenta
1293 1997 1444 2051 velut
1459 1995 1640 2050 aditus
1657 1995 1878 2065 quidam
1899 1995 1965 2050 ad
1984 1996 2093 2066 spi—

508 2091 648 2143 ritus
668 2089 994 2150 claritatem,
1016 2103 1142 2141 cum
1171 2085 1533 2155 turpitudinis
1561 2102 1625 2140 ac
1655 2085 1950 2140 dedecoris
1985 2101 2090 2140 no-

508 2192 589 2236 tas
610 2182 892 2252 eﬂ'ugiant.
927 2181 1098 2250 lgitur
1121 2187 1378 2249 parentes
1402 2187 1620 2248 oportet
1637 2187 1697 2232 ut
1724 2179 1791 2233 ad
1819 2194 1908 2233 res
1928 2194 2092 2248 quam

505 2276 741 2346 optimas
763 2275 872 2329 sint
915 2283 1169 2328 auctores
1204 2290 1216 2326 :
1254 2273 1340 2327 sin
1376 2273 1625 2342 resupini
1654 2281 1711 2326 et
1755 2273 2093 2343 negligentes

489 2373 673 2420 'erunt
703 2363 1002 2434 paedagogi,
1027 2373 1190 2432 atque
1228 2363 1367 2417 adeo
1404 2377 1583 2428 secus,
1623 2378 1788 2431 quam
1829 2363 1971 2416 ratio
1999 2378 2094 2432 po-

507 2458 694 2520 stulat,
726 2455 793 2508 ad
833 2454 1014 2523 turpia
1043 2455 1185 2508 facta
1226 2454 1395 2521 duces
1423 2468 1486 2506 ac
1512 2453 1757 2522 magistri
1782 2453 2092 2521 deprehen-

505 2547 728 2607 dentur,
759 2553 1004 2598 extrema
1042 2544 1309 2612 supplicia
1342 2543 1712 2607 sustinebunt,
1746 2549 1807 2596 ut
1838 2543 1932 2611 qui
1966 2557 2094 2597 suos

507 2632 609 2701 ipsi
643 2631 854 2685 fructus
879 2641 1254 2700 corrumpant,
1288 2638 1346 2685 et
1381 2631 1439 2684 in
1476 2631 1630 2684 exitii
1679 2631 1866 2686 foveas
1897 2632 2091 2700 impel-

503 2723 639 2785 lant,
683 2737 782 2791 pro
808 2721 1009 2789 quibus
1040 2721 1287 2790 profecto
1321 2737 1539 2791 aequum
1578 2729 1698 2776 erat
1733 2730 1969 2777 mortem
1992 2738 2091 2792 0p-

507 2823 695 2881 petere
723 2830 734 2864 :
761 2828 890 2866 nam
928 2812 982 2866 id
1009 2813 1257 2881 patribus
1291 2821 1487 2868 natura
1529 2829 1746 2884 quoque
1797 2814 1912 2884 ipsa
1948 2829 2091 2882 pra:—

507 2901 720 2954 scribit.
753 2901 858 2967 Qui
905 2918 1034 2972 ergo
1070 2919 1138 2957 ex
1182 2919 1240 2958 se
1283 2904 1521 2974 puellam
1573 2905 1641 2958 ad
1683 2904 2092 2974 apertissimum

507 2991 774 3061 probrum
806 2994 1119 3048 volentibus
1149 2995 1398 3064 exponit,
1427 2995 1496 3050 ab
1521 3011 1588 3050 eo
1635 3012 1745 3056 non
1782 3012 1883 3066 pro
1907 2996 2088 3066 puella

515 3082 779 3137 duntaxat
803 3083 1047 3137 rationes
1066 3101 1362 3155 pinnasque
1390 3085 1577 3156 ﬂagitii
1599 3087 1901 3157 justissime
1930 3102 2088 3156 expo-

509 3183 626 3229 seet
663 3174 754 3227 ille
787 3175 1030 3228 omnium
1067 3176 1265 3244 judex,
1303 3177 1398 3230 sed
1449 3177 1614 3231 etiam
1659 3193 1761 3246 pro
1809 3177 2084 3241 omnibus,

507 3267 604 3338 qui
634 3266 745 3320 sint
783 3265 850 3318 ad
906 3267 1308 3336 turpitudinem
1375 3269 1536 3338 lapsi.
1603 3269 1886 3338 Laqueum
1938 3272 2087 3324 enim

509 3357 801 3427 quemdam
845 3365 901 3410 et
935 3357 1130 3412 mortis
1163 3367 1279 3413 rete
1341 3375 1467 3413 eum
1518 3360 1832 3425 tetenderit,
1899 3376 2090 3414 omnes

509 3450 941 3519 comprehensos
979 3450 1149 3503 habet
1176 3491 1190 3514 ,
1233 3451 1486 3520 quamvis
1510 3467 1618 3505 non
1645 3467 1835 3506 omnes
1866 3452 2088 3521 capian-

511 3551 634 3608 tur;
664 3557 844 3610 neque
877 3541 1025 3595 enim
1053 3543 1278 3596 omnino
1300 3543 1480 3597 exitus
1523 3544 1605 3597 rei
1648 3551 1947 3613 spectatur,
1993 3542 2089 3607 sed

509 3639 812 3699 cmptorum
841 3623 930 3683 vis‘
957 3639 1121 3699 atque
1149 3631 1397 3685 facultas.
1424 3633 1500 3685 De
1523 3633 1792 3701 ejusmodi
1815 3648 1947 3688 vero
1965 3648 2089 3688 mu-

508 3720 644 3773 liere
715 3721 1154 3788 sapientissimus
1221 3737 1439 3789 quoque
1512 3721 1769 3775 Salomon
1836 3723 2086 3777 scribit:

517 3831 534 3861 ‹
571 3811 872 3873 Mulierem,
915 3826 1036 3879 quae
1061 3811 1290 3879 laqueus
1313 3821 1399 3866 est
1431 3819 1486 3866 et
1518 3819 1634 3866 rete
1675 3828 1770 3866 cor
1805 3814 1943 3882 ejus,
1972 3815 2092 3867 vin-

509 3901 631 3955 cula
658 3904 712 3952 in
752 3900 1004 3953 manibus
1038 3901 1156 3970 ejus
1179 3901 1242 3953 ³³.
1287 3921 1305 3952 ›
1335 3900 1658 3955 Necessario
1700 3902 1882 3971 itaque
1922 3904 2087 3973 legis-

509 3992 685 4054 lator,
729 4009 747 4040 ι
784 3990 906 4044 Non
958 3989 1296 4060 profanabis,
1351 3991 1552 4060 inquit,
1601 3991 1766 4046 ﬁliam
1798 4000 1976 4058 tuam,
2028 4004 2090 4048 ut

510 4081 770 4134 fornicari
805 4082 973 4136 facias
1016 4097 1157 4147 eam,
1203 4090 1259 4136 et
1291 4098 1400 4136 non
1446 4082 1810 4136 fornicabitur
1857 4093 2023 4138 terra.
2062 4105 2078 4135 ι

508 4173 644 4227 Nam
673 4172 717 4225 si
755 4173 901 4226 nulla
934 4173 1101 4226 fuerit
1128 4174 1373 4237 omnino,
1413 4187 1536 4227 cum
1563 4187 1669 4242 qua
1707 4172 2088 4229 fornicationis

484 4264 717 4318 'crimen
758 4263 1103 4329 admittatur,
1151 4263 1298 4318 haud
1339 4262 1560 4318 dimcile
1590 4265 1697 4318 erit
1727 4265 1835 4320 hoc
1883 4266 2087 4320 malum

2191 1791 2296 1863 πρό
2315 1807 2380 1860 γε
2403 1791 2514 1845 τῶν
2543 1792 2739 1859 ἄλλων,
2760 1793 2856 1847 καὶ
2880 1797 3208 1865 πρωτόλειον
3231 1799 3420 1872 ὥσπερ
3439 1819 3491 1854 τι
3524 1805 3620 1874 τῆς
3646 1807 3775 1858 εἰα-

2189 1883 2321 1951 γοῦς
2371 1884 2680 1949 πολιτείας,
2733 1886 2933 1952 ἐξαιτεῖ
2960 1889 3089 1960 παρ’
3131 1890 3288 1960 ήμῶν
3319 1895 3346 1945 ό
3389 1896 3729 1966 Δημιουργὸς
3754 1915 3771 1930 ο

2189 1975 2539 2045 προεισόολαὶ
2559 1976 2668 2048 γὰρ
2695 1975 2883 2048 ὥσπερ
2911 1979 3015 2049 τῆς
3049 1982 3189 2036 κατὰ
3219 1983 3433 2055 πνεῦμα
3463 1987 3777 2061 λαμπρότη-

2190 2082 2283 2155 τος
2309 2066 2378 2118 τὰ
2409 2067 2703 2137 σωματικὰ
2729 2110 2743 2134 ,
2772 2069 2863 2124 τὸν
2891 2070 2978 2122 ἐπ’
3007 2073 3328 2144 αίσχρότητί
3366 2093 3422 2128 τε
3453 2079 3546 2130 καὶ
3577 2081 3774 2155 ἀτιμίᾳ

2189 2154 2636 2226 διαδιδράσκοντα
2669 2159 2880 2229 μῶμον.
2912 2159 2993 2213 Τὰ
3031 2163 3248 2216 πάντων
3279 2161 3371 2218 οὖν
3402 2167 3599 2238 ἄριστα
3636 2154 3776 2243 πρέξ

2191 2263 2286 2300 ποι
2322 2248 2388 2301 ἂν
2417 2251 2548 2319 ἡμῖν
2577 2251 2917 2321 είσηγείσθαι
2963 2254 3228 2324 πατέρας.
3259 2257 3321 2308 El
3343 2258 3400 2310 δὲ
3429 2259 3491 2331 δὴ
3524 2261 3776 2330 μέλλοιεν

2194 2339 2518 2394 ὑπτιοῦσθαι
2558 2343 2654 2395 καὶ
2697 2343 2961 2413 ῥᾳθυμεῖν
2991 2347 3039 2396 oi
3077 2349 3435 2417 παιδαγωγοὶ,
3478 2355 3678 2422 μᾶλλον
3711 2357 3778 2411 δέ

2193 2433 2284 2483 καὶ
2313 2431 2419 2484 τῶν
2451 2433 2740 2502 αἰσχιόνων
2765 2437 2950 2499 αὐτοῖς
2973 2440 3258 2507 γεγονότες
3285 2443 3521 2514 ἀρχηγοὶ
3554 2448 3648 2500 καὶ
3671 2466 3779 2504 κα-

2194 2519 2429 2590 θηγηταὶ
2455 2521 2786 2592 παραλόγως
2803 2525 3112 2595 ἡλίσκοντο,
3146 2531 3338 2601 ποινὴν
3370 2533 3779 2606 ὑποστήσοντοιι

2191 2612 2292 2680 τὴν
2321 2612 2591 2682 ἐσχάτην,
2638 2613 2714 2676 ὡς
2742 2616 2870 2680 τοὺς
2914 2618 3077 2684 ἰδίους
3109 2623 3263 2676 αὐτοὶ
3305 2629 3551 2696 καρποὺς
3605 2645 3782 2682 κατα-

2193 2702 2526 2773 φθείροντες,
2561 2707 2654 2760 ml
2686 2711 2799 2772 τοῖς
2831 2709 2931 2779 τῆς
2961 2711 3235 2778 ἀπωλείας
3263 2716 3496 2782 ἐνιέντες
3519 2718 3737 2790 βάθροις
3761 2762 3780 2788 ,

2192 2792 2266 2848 ὧν
2311 2791 2381 2867 ἦν
2407 2797 2577 2869 δήπου
2619 2801 2714 2852 καὶ
2745 2801 3148 2874 ὑπερθνήσκειν
3183 2806 3407 2879 ἄμεινον
3441 2827 3454 2840 ·
3487 2813 3785 2882 νομοθετεῖ

2193 2886 2301 2958 γὰρ
2339 2889 2435 2941 xal
2461 2889 2621 2942 τοῦτο
2655 2893 2688 2961 ή
2719 2891 2882 2960 φύσις
2922 2897 3216 2967 πατράσιν.
3261 2900 3318 2952 Ὁ
3345 2900 3401 2954 δὲ
3428 2902 3491 2974 δὴ
3524 2905 3659 2975 πρὸς
3687 2907 3778 2958 atl-

2197 2979 2470 3050 σχρότητα
2514 2981 2612 3052 τὴν
2652 2985 3066 3058 ἐμφανεστάτην
3115 2993 3227 3054 τοῖς
3271 2992 3513 3046 ἐθέλουσι
3544 2997 3780 3066 ,προθεὶς

2191 3069 2253 3121 τὸ
2281 3070 2476 3124 ἑαυτοῦ
2506 3071 2710 3143 κόριον,
2733 3075 2831 3145 οὐχ
2861 3077 3002 3148 ὑπὲρ
3028 3081 3193 3134 αὐτοῦ
3223 3083 3316 3136 καὶ
3355 3085 3515 3154 μόνου
3547 3087 3782 3156 δικαίως

2192 3161 2256 3215 ἂν
2276 3163 2548 3218 εὐθύνοιτό
2578 3183 2637 3219 τε
2665 3169 2758 3220 καὶ
2783 3168 3041 3233 ἐξαιτοῖτο
3069 3172 3224 3238 δίκας
3247 3177 3398 3246 παρά
3415 3195 3476 3245 γε
3502 3179 3594 3232 τοῦ
3633 3181 3782 3238 πάν-

2191 3272 2300 3310 των
2323 3257 2535 3328 κριτοῦ,
2573 3259 2708 3312 ἀλλὰ
2731 3262 2822 3313 καὶ
2855 3262 2992 3332 ὑπὲρ
3022 3265 3222 3329 παντὸς
3247 3267 3340 3320 τοῦ
3383 3271 3518 3340 πρὸς
3545 3273 3778 3346 αἰσχρό-

2191 3365 2330 3417 τητα
2357 3349 2794 3421 διωλισθηκότος.
2816 3354 2894 3424 Θή
2905 3372 3102 3426 ρατρον
3126 3356 3232 3428 γὰρ
3257 3358 3447 3432 ὥσπερ
3474 3380 3524 3416 τι
3551 3366 3781 3434 προθεὶς

2193 3439 2287 3492 καὶ
2318 3439 2550 3494 θανάτου
2589 3441 2750 3510 λίνον,
2781 3444 2988 3509 πάντας
3019 3446 3041 3497 ἓ
3048 3465 3130 3516 χει
3164 3449 3460 3518 συλλαϐὼν,
3498 3456 3594 3510 καὶ
3614 3457 3662 3508 εί
3693 3457 3779 3528 μὴ

2194 3529 2397 3594 πάντες
2444 3531 2767 3588 ἁλίσκοιντο.
2818 3536 3185 3606 Δοκιμάζεται
3233 3540 3341 3612 γὰρ
3384 3543 3507 3613 οὐχὶ
3553 3545 3614 3616 δή
3667 3565 3778 3600 που

2195 3619 2410 3684 πάντως
2454 3621 2516 3675 τὸ
2551 3623 2851 3695 ἐκϐεϐηκὸς
2879 3665 2893 3689 ,
2946 3626 3083 3680 ἀλλὰ
3124 3628 3235 3681 τῶν
3287 3633 3705 3705 ἐγχειρημάτων
3740 3642 3777 3709 ἡ

2193 3710 2422 3782 δύναμις
2441 3727 2456 3742 °
2480 3716 2741 3781 γυναικὸς
2767 3715 2825 3768 δὲ
2854 3716 2980 3788 πέρι
3007 3720 3239 3783 τοιᾶσδε,
3269 3725 3364 3774 καὶ
3389 3724 3417 3775 ὀ
3459 3725 3781 3794 σοφώτατος

2193 3803 2394 3873 γράφει
2419 3805 2668 3875 Σολομὼν
2689 3823 2700 3836 ·
2726 3824 2744 3856 ι
2771 3807 2881 3877 Τὴν
2929 3812 3184 3876 γυναῖκα,
3214 3812 3337 3881 ἥτις
3369 3814 3484 3867 ἐστὶ
3519 3817 3787 3888 θήρευμα.

2191 3895 2288 3948 καὶ
2322 3896 2531 3966 σαγή-θη
2554 3898 2748 3966 καρδία
2770 3899 2960 3968 αὐτῆς,
2985 3900 3181 3970 δεσμὸς
3208 3903 3287 3966 εἰς
3315 3907 3503 3974 χεῖρας
3525 3908 3721 3976 αὐτῆς.
3759 3929 3778 3962 ι

2203 3986 2542 4055 Ἀναγκαίως
2574 3989 2861 4059 τοιγαροῦν
2895 3989 2924 4039 ὁ
2961 3989 3281 4062 νομοθέτης,
3337 4011 3355 4044 ι
3406 3995 3480 4048 Οὐ
3529 3996 3788 4067 βεϐηλώ-

2191 4091 2330 4137 σεις,
2375 4094 2393 4126 ›
2418 4077 2571 4144 φησι,
2593 4095 2612 4127 ‹
2647 4077 2746 4147 τὴν
2767 4077 3038 4149 θυγατέρα
3062 4098 3175 4146 σου,
3199 4083 3555 4154 ἐκπορνεῦσαι
3575 4088 3784 4160 αὐτὴν,

2191 4168 2285 4221 καὶ
2311 4165 2409 4221 οὐκ
2434 4169 2776 4240 ἐκπορνεύσῃ
2798 4173 2830 4240 ή
2853 4169 2944 4240 γῆ.
2979 4190 2997 4222 ι
3023 4173 3098 4224 Οὐ
3122 4173 3230 4244 γὰρ
3261 4173 3428 4246 οὔσης
3455 4176 3612 4245 ὅλως,
3640 4183 3787 4254 περὶ

2190 4258 2258 4329 ἢν
2297 4258 2362 4312 ἂν
2383 4258 2593 4326 γένοιτο
2625 4260 2792 4329 τυχὸν
2811 4261 2914 4330 τῆς
2940 4263 3192 4332 πορνείας
3218 4263 3278 4317 τὺ
3303 4265 3576 4337 ἔγκλημα,
3599 4270 3787 4338 χαλε-

503 4353 769 4423 etl‘ugerc,
807 4353 1056 4422 quamvis
1102 4353 1370 4423 praecipiti
1410 4353 1480 4408 sit
1512 4355 1784 4424 quispiam
1823 4356 1879 4410 in
1931 4357 2087 4410 volu-

2193 4349 2292 4402 πδν
2326 4350 2476 4403 οὐδὲν
2499 4349 2559 4402 τὸ
2577 4351 2860 4423 διαδράναι
2879 4353 3091 4416 παθεῖν,
3125 4356 3217 4408 καὶ
3241 4355 3298 4408 εἴ
3314 4354 3389 4427 τῴ
3406 4375 3488 4422 τις
3515 4361 3600 4430 εἴη
3633 4364 3787 4432 πρὸς

509 4454 714 4514 ptatem
743 4444 926 4498 animo
951 4485 965 4510 ,
989 4453 1044 4499 et
1067 4444 1133 4498 ad
1178 4445 1548 4498 resistendum
1589 4461 1816 4514 prorsus
1865 4448 2078 4516 ignavo.

509 4535 786 4591 Hactenus
807 4549 932 4587 cum
977 4533 1348 4603 praecepisset,
1379 4542 1438 4588 ut
1478 4534 1671 4590 liberis
1697 4551 1727 4590 a
1764 4537 2085 4605 parentibus

508 4627 767 4681 honestas
801 4625 1049 4696 corporis
1093 4635 1427 4690 servaretur,
1482 4625 1639 4697 24],
1682 4635 1857 4681 morte
1917 4630 2081 4683 etiam

509 4718 723 4781 multat,
776 4717 819 4770 si
857 4717 982 4785 quis
1036 4715 1091 4768 in
1109 4730 1228 4770 eam
1282 4718 1610 4770 sententiam
1654 4719 1888 4782 venerit,
1916 4726 1974 4771 ut
2014 4719 2082 4772 ad

509 4807 924 4862 desciscendum
954 4822 985 4860 a
1009 4807 1121 4860 Deo
1161 4819 1290 4859 suos
1314 4805 1520 4860 liberos
1559 4806 1822 4875 impellat.
1851 4806 1942 4862 Sic
1983 4823 2082 4862 au-

511 4907 617 4952 tem
643 4898 697 4953 in
724 4898 966 4953 Levitico
989 4895 1254 4965 scriptum
1277 4903 1362 4950 est
1391 4913 1404 4949 :
1439 4897 1535 4950 «Et
1560 4896 1778 4952 locutus
1790 4905 1874 4952 est
1898 4897 2084 4952 Domi-

510 5004 612 5042 nus
644 4988 711 5041 ad
743 4987 996 5057 Moysen,
1028 4987 1216 5042 dicens
1272 5005 1286 5041 :
1315 4986 1372 5041 Si
1398 4986 1522 5056 quis
1545 4987 1612 5040 de
1649 4987 1778 5041 ﬁliis
1804 4987 1971 5041 Israel
1997 4989 2083 5042 vel

507 5079 577 5132 de
604 5079 911 5149 proselytis,
943 5078 1045 5148 qui
1078 5077 1412 5133 accesserint
1457 5077 1525 5130 ad
1555 5077 1746 5141 Israel,
1769 5076 1989 5133 dederit
2015 5077 2084 5132 de

509 5172 720 5226 semine
746 5185 845 5225 suo
868 5173 1126 5242 principi,
1151 5181 1327 5228 morte
1352 5172 1620 5227 moriatur
1640 5189 1652 5226 :
1671 5187 1822 5242 gens,
1851 5187 1973 5241 qua:
2002 5181 2087 5228 est

509 5258 567 5312 in
597 5267 742 5312 terra
768 5257 880 5322 illa,
902 5258 1222 5326 lapidabunt
1242 5275 1369 5315 eum
1411 5260 1722 5331 lapidibus;
1751 5267 1808 5315 et
1835 5275 1937 5331 ego
1981 5261 2083 5316 ob-

509 5348 738 5405 ﬂrmabo
761 5347 956 5404 faciem
986 5365 1158 5406 meam
1176 5368 1340 5423 super
1367 5351 1645 5408 hominem
1675 5351 1850 5416 illum,
1882 5360 1939 5405 et
1960 5367 2086 5421 per-

508 5440 632 5495 dam
654 5457 780 5497 eum
804 5441 1093 5512 de-populo
1129 5458 1247 5508 suo,
1279 5444 1404 5514 quia
1445 5445 1513 5499 de
1555 5445 1770 5499 semine
1809 5459 1910 5500 suo
1930 5443 2083 5498 dedit

616 5617 656 5649 ³⁸
694 5618 899 5688 Epltes.
920 5637 990 5683 v1,
1039 5621 1092 5674 4.
1170 5622 1210 5652 ⁵¹
1237 5621 1410 5674 Levit.
1439 5639 1546 5688 xix,
1574 5623 1661 5678 29.
1707 5625 1749 5657 ³³
1774 5625 1955 5679 Eccle.
1980 5621 2176 5688 vu,27.

2189 4442 2382 4511 ἡδονὴν
2401 4443 2458 4494 εὐ
2469 4442 2773 4510 πάροιστος,
2795 4445 2891 4497 καὶ
2905 4445 2965 4497 τὸ
2981 4445 3173 4500 ἄναλκι
3195 4449 3470 4514 παντελῶς
3489 4451 3786 4524 ἀρῤωστήυ

2193 4547 2290 4592 σας
2312 4531 2341 4582 ό
2357 4530 2500 4594 νοῦς,
2526 4532 2824 4602 εὐκοσμίαν
2839 4535 3008 4604 δὲτὴν
3025 4535 3104 4598 εἷς
3121 4553 3183 4604 γε
3201 4538 3260 4590 τὸ
3283 4537 3441 4610 σῶμα
3458 4558 3522 4610 τη
3534 4542 3778 4611 ρεῖσθαι.

2191 4621 2344 4684 Τέως
2382 4622 2691 4693 προστάξας
2724 4624 2873 4695 παρὰ
2920 4626 3029 4678 τῶν
3075 4629 3328 4700 πατέρων
3372 4634 3484 4695 τοῖς
3519 4633 3778 4704 τέκνοις,

2190 4713 2410 4783 θανάτῳ
2447 4715 2671 4783 τιμᾶται
2718 4715 2814 4768 καὶ
2845 4716 2936 4769 τὸν
2989 4719 3069 4780 είς
3115 4718 3274 4772 τοῦτο
3309 4720 3455 4773 ἰόντα
3498 4723 3728 4797 γνώμη..
3763 4766 3781 4793 ,

2191 4805 2266 4866 ὡς
2293 4805 2373 4866 είς
2398 4803 2700 4858 ἀπόστασιν
2750 4806 2848 4877 τὴν
2883 4808 2990 4860 ἀπὸ
3021 4808 3156 4862 Θεοῦ
3185 4810 3252 4864 τά
3281 4811 3388 4866 ἴδια
3421 4817 3783 4887 παραρρίψαι

2193 4897 2512 4966 γεννήματα
2534 4910 2547 4924 ·
2591 4897 2902 4967 γέγραπται
2930 4898 2986 4951 δὲ
3017 4897 3191 4963 οὕτως
3237 4901 3295 4954 ἐν
3327 4902 3403 4974 τῷ
3451 4905 3733 4980 Λευῖτικῷ
3764 4928 3782 4944 ο

2199 5003 2216 5035 ι
2237 4987 2346 5038 Καὶ
2370 4986 2598 5056 ἐλάλησε
2625 4987 2828 5057 Κύριος
2862 4989 2998 5062 πρὸς
3024 4991 3252 5062 Μωσῆν,
3283 4993 3456 5062 λέγων
3479 5013 3492 5026 '
3519 4997 3628 5050 Kal
3657 5004 3784 5066 τοῖς

2193 5076 2328 5138 υἱοῖς
2343 5075 2557 5148 Ἰσραὴλ
2582 5075 2833 5148 λαλήσεις
2858 5080 3048 5148 λέγων·
3100 5081 3224 5134 Ἐάν
3251 5079 3332 5146 τὶς
3361 5083 3468 5137 ἀπὸ
3489 5085 3597 5139 τῶν
3633 5090 3783 5143 υἱῶν

2205 5166 2461 5238 Ἰσραὴλ,
2503 5167 2538 5237 ἢ
2578 5166 2688 5222 τῶν
2741 5171 3272 5241 προσγεγενημένων
3309 5173 3672 5244 προσηλύτων
3717 5181 3781 5231 ὲν

2205 5257 2453 5330 Ἰσραήλ,
2496 5257 2555 5323 ὃς
2589 5259 2654 5312 ἂν
2690 5259 2765 5331 δῷ
2809 5261 2904 5315 τοῦ
2949 5263 3262 5335 σπέρματος
3301 5265 3467 5319 αὑτοῦ
3512 5268 3780 5340 ἄρχοντι,

2183 5351 2408 5423 θανάτῳ
2440 5351 2788 5406 θανατούσθω
2816 5371 2829 5385 ·
2861 5355 2923 5408 τὸ
2951 5354 3100 5419 ἔθνος
3128 5355 3188 5408 τὸ
3228 5358 3320 5410 ἐπὶ
3347 5359 3447 5429 τῆς
3479 5360 3583 5429 γῆς
3619 5359 3780 5422 λιθο-

2192 5442 2509 5514 ϐολήσουσιν
2547 5446 2712 5500 αὐτὸν
2755 5447 2813 5500 ἐν
2855 5446 3056 5512 λίθοιςο
3089 5451 3184 5503 καὶ
3226 5448 3337 5516 ἐγὼ
3369 5449 3658 5521 ἐπιστήσω
3711 5453 3780 5507 τὸ
