3966 6298
452 217 565 276 819

1487 210 1541 268 S.
1584 206 1861 267 CYRILLI
1901 199 2373 262 ALEXANDRlN-I
2412 200 2768 262 “tamen.

3622 207 3730 266 520

461 348 589 389 nam
635 346 760 386 cum
803 328 1013 385 exteris
1050 328 1308 400 gentibus
1343 327 1584 392 conseri,
1629 335 1686 381 et
1734 324 1895 380 simul
1921 337 2046 379 Cllm

2159 319 2378 384 ὀθνείοις
2415 322 2803 376 ἐπιπλέκεσθαί
2855 339 3016 387 τισιν,
3057 322 3219 394 ὁμόσε
3254 336 3311 375 τε
3358 321 3500 375 κατά
3535 320 3728 374 ταύτὸν

459 421 786 493 alienigenis
827 421 1145 485 convenire,
1188 421 1388 490 priscis
1436 419 1547 474 illis
1591 417 1908 472 hominibus
1937 430 2047 468 non

461 515 687 586 impune
720 512 905 567 licuit:
953 511 1114 565 nobis
1172 519 1357 565 autem
1397 509 1600 564 Paulus
1642 506 1840 561 melius
1886 514 2050 574 atque

461 603 828 660 conﬁdentius
871 602 1169 656 vivendum
1209 617 1329 656 esse
1389 600 1586 671 suadet
1609 639 1624 663 ,
1673 599 1903 652 dicens:
1943 615 1960 646 ι
1993 595 2049 650 Si

463 695 588 765 quis
610 695 695 749 vir
731 708 956 748 uxorem
982 693 1147 748 habet
1195 691 1493 755 inﬁdelem,
1538 698 1594 745 et
1622 690 1740 743 haec
1779 687 2051 743 consentit

464 788 714 842 habitare
743 801 869 840 cum
921 784 1062 855 ipso,
1113 801 1225 838 non
1260 784 1504 838 dimittat
1547 797 1702 847 eam;
1750 787 1807 834 et
1849 778 2050 832 mulier

464 880 509 933 si
540 895 647 949 qua
671 879 838 933 habet
867 879 1047 932 virum
1081 876 1377 938 inﬁdelem,
1401 882 1457 929 et
1479 874 1570 928 hic
1593 872 1868 929 consentit
1890 870 2049 924 habi-

465 977 579 1024 tare
604 984 728 1023 cum
765 969 877 1030 illa,
905 983 1016 1022 non
1040 966 1285 1021 dimittat
1307 964 1508 1019 virum.
1538 960 1924 1017 Sanctiﬁcatus
1961 967 2051 1013 est

463 1060 610 1115 enim
632 1061 716 1114 vir
740 1060 979 1115 inﬁdelis
1008 1059 1065 1113 in
1088 1059 1340 1122 muliere,
1368 1065 1424 1112 et
1445 1054 1781 1110 sanctiﬁcata
1805 1060 1890 1106 est
1912 1066 2051 1106 uxor

466 1150 704 1206 inﬁdelis
727 1151 783 1204 in
808 1151 1009 1206 viro“.
1054 1171 1070 1202 ι
1101 1151 1360 1216 Quaenam
1387 1147 1554 1218 igitur
1577 1153 1662 1200 est
1682 1145 1738 1198 in
1765 1143 1852 1197 his
1885 1141 2053 1196 rebus

438 1246 890 1316 dispensationis
916 1244 1093 1298 ratio?
1124 1243 1367 1310 Quamve
1391 1242 1462 1296 ob
1495 1254 1716 1294 causam
1751 1237 1882 1292 olim
1916 1251 2050 1291 con-

461 1337 804 1409 junctionem
838 1351 963 1390 cum
991 1333 1079 1399 iis,
1122 1333 1216 1403 qui
1245 1333 1406 1387 aliter
1439 1331 1730 1393 sentirent,
1770 1328 1854 1381 lex
1878 1325 2051 1396 perti-

464 1429 744 1484 mescebat
765 1468 779 1492 ,
821 1443 969 1482 nunc
991 1442 1101 1480 non
1126 1425 1257 1480 item
1280 1425 1302 1478 ?
1324 1423 1462 1490 Quia
1487 1436 1684 1492 nempe
1717 1419 1902 1473 ﬁrmos
1932 1432 2049 1480 eos,

463 1521 559 1590 qui
583 1520 638 1573 in
676 1514 895 1574 Christo
917 1518 1094 1572 vocati
1119 1525 1268 1582 sunt,
1308 1525 1362 1570 et
1394 1516 1450 1568 in
1478 1515 1576 1569 Dei
1600 1527 1786 1566 amore
1827 1509 2054 1565 stabiles

463 1611 628 1666 efﬁcit
655 1612 722 1676 is,
749 1611 840 1679 qui
877 1611 935 1664 in
965 1610 1073 1664 illis
1104 1609 1337 1672 habitat,
1365 1607 1636 1677 Spiritus,
1671 1620 1771 1674 per
1801 1616 1965 1671 quem
1995 1607 2052 1654 et

473 1719 491 1751 ι
528 1702 584 1755 in
622 1716 732 1771 quo
798 1701 1120 1764 clamamus,
1168 1699 1345 1764 Abba,
1393 1698 1554 1751 Pater
1582 1696 1626 1726 ³⁷
1664 1715 1681 1746 ι
1741 1693 1821 1747 illi
1867 1699 2051 1746 autem

463 1790 709 1846 nondum
737 1790 842 1844 hoc
855 1805 1083 1844 munere
1107 1786 1425 1857 locupletati
1444 1793 1621 1840 erant.
1648 1783 1806 1847 Nam,
1835 1790 1897 1835 ut
1918 1780 2051 1834 bea-

465 1889 554 1934 tus
589 1881 827 1934 Joannes
873 1880 988 1933 ait:
1037 1899 1055 1930 ‹
1085 1879 1324 1948 Spiritus
1362 1883 1586 1931 sanctus
1623 1873 1867 1928 nondum
1910 1879 2048 1936 erat,

464 1973 593 2042 quia
617 1973 774 2028 Jesus
799 1972 1041 2026 nondum
1064 1959 1183 2026 erat
1205 1967 1544 2040 gloriﬁcatus
1563 1967 1627 2020 ³³.
1662 1986 1678 2018 ι
1712 1965 1903 2022 Omnis
1920 1979 2051 2034 ergo

465 2064 729 2134 perfectio
777 2063 833 2116 in
873 2061 1092 2116 Christo
1146 2069 1261 2127 est;
1291 2077 1417 2115 nam
1455 2059 1594 2114 nihil
1635 2057 1702 2112 ad
1744 2057 2048 2128 perfectum

463 2153 692 2207 adduxit
712 2153 820 2218 lex,
843 2160 909 2207 ut
938 2151 1204 2221 scriptum
1231 2161 1336 2205 est.

532 2244 730 2299 PALL.
757 2244 1027 2314 Equidem
1050 2242 1234 2313 cupio,
1271 2250 1332 2296 ut
1361 2242 1518 2307 mihi,
1561 2243 1607 2297 si
1642 2241 1842 2312 placet,
1870 2237 2048 2310 expli-

463 2351 575 2401 ces,
621 2351 862 2406 quonam
891 2334 1059 2390 modo
1086 2334 1378 2405 perspicua
1412 2334 1530 2389 ﬁeri
1573 2334 1747 2403 possit
1782 2332 1874 2387 illa
1913 2329 2048 2401 legis

462 2425 626 2498 243
653 2425 1022 2495 imperfectio.

534 2516 691 2572 CYR.
731 2517 949 2572 Faciam
971 2517 1180 2582 libens;
1208 2515 1302 2571 sed
1327 2514 1396 2570 ad
1417 2531 1504 2580 ea,
1533 2521 1655 2584 quae
1687 2523 1816 2568 sunt
1838 2513 1894 2568 in
1925 2528 2044 2568 ma-

463 2607 648 2672 nibus,
677 2615 866 2662 nostra
898 2607 1076 2662 oratio
1113 2605 1516 2676 proﬁciscetur,
1557 2615 1723 2675 atque
1761 2604 2046 2660 charitatis

463 2700 520 2755 in
547 2699 859 2770 proximum
893 2700 1445 2769 rationesexquiret;
1475 2714 1600 2754 cum
1635 2698 1853 2762 rudius,
1880 2713 2043 2768 quam

463 2797 766 2860 oporteret,
807 2789 910 2844 illae
935 2805 1033 2860 per
1055 2789 1276 2861 Moysen
1309 2790 1510 2846 litterae
1535 2790 1639 2846 hac
1662 2790 1730 2847 de
1756 2806 1815 2846 re
1837 2791 2044 2847 veteri—

462 2878 567 2932 bus
590 2877 697 2932 illis
718 2878 1042 2950 conscripta:
1065 2879 1409 2934 tradiderint.

532 2965 731 3024 PALL.
761 2968 930 3040 Perge
955 2969 1122 3041 igitur
1148 2970 1222 3024 ad
1239 2970 1346 3026 hoc
1370 2972 1551 3042 ipsum
1574 2973 1849 3028 alacriter.

534 3147 690 3203 CYR.
721 3146 893 3218 Igitur
924 3147 1010 3202 lex
1034 3148 1258 3218 quidem
1285 3149 1362 3204 ait
1388 3167 1400 3202 :
1435 3169 1453 3200 ‹
1493 3149 1697 3220 Diliges
1731 3149 2045 3218 proximum

462 3245 620 3293 tuum
666 3239 810 3294 sicut
848 3249 901 3294 te
934 3240 1112 3309 ipsum
1141 3240 1218 3305 ³⁹;
1261 3259 1278 3290 ι
1307 3247 1364 3295 at
1393 3256 1525 3296 vero
1561 3240 1828 3296 Dominus
1856 3250 2044 3296 noster

461 3331 621 3387 Jesus
653 3331 906 3386 Christus
942 3333 1119 3386 mutui
1154 3333 1360 3387 amoris
1402 3333 1578 3404 legem
1625 3334 2046 3404 quamplurimis

462 3422 770 3478 rationibus
787 3423 947 3478 nobis
967 3423 1221 3488 inculcat,
1241 3440 1305 3479 ac
1320 3434 1577 3494 tanquam
1600 3433 1906 3494 patronam,
1923 3443 2045 3498 quae

461 3510 604 3564 hanc
625 3511 799 3581 legem
822 3519 1089 3578 tueretur,
1119 3514 1339 3568 insitam
1377 3515 1523 3569 illam
1549 3515 1605 3568 in
1629 3522 1827 3570 natura
1852 3517 2041 3588 cogni-

464 3605 670 3658 tionem
697 3612 752 3659 et
776 3605 1136 3670 voluntatem,
1179 3623 1301 3676 qum
1336 3607 1566 3677 singulis
1604 3608 1915 3678 quibusque
1939 3609 2041 3664 ho-

463 3695 707 3750 minibus
749 3695 924 3761 adest,
950 3698 1257 3764 constituit,
1287 3699 1468 3769 itaque
1496 3700 1571 3753 ait
1597 3718 1609 3752 :
1644 3719 1662 3750 ‹
1691 3700 2042 3772 Quaecunque

363 3836 368 3840 .
461 3790 631 3845 vultis
653 3797 714 3843 ut
735 3789 937 3844 faciant
959 3791 1116 3846 vobis
1144 3783 1417 3856 homines,
1443 3793 1561 3847 haec
1595 3793 1785 3848 eadem
1821 3810 1920 3850 vos
1957 3795 2038 3849 fa-

464 3881 575 3936 cite
599 3880 708 3934 illis
733 3881 988 3937 similiter
1012 3883 1079 3948 ”,
1113 3903 1130 3934 ι
1165 3883 1302 3939 Nam
1344 3884 1410 3948 si,
1440 3899 1562 3955 quae
1591 3886 1822 3957 quisque
1850 3903 2042 3944 conse-

464 3970 559 4040 qui
583 3978 822 4040 exoptat,
863 3988 928 4026 ea
967 3973 1084 4042 ipse
1119 3988 1339 4043 quoque
1379 3975 1499 4029 aliis
1534 3975 1714 4031 facere
1744 3977 2037 4044 studuerit,

465 4059 691 4114 minime
723 4059 793 4113 ab
827 4075 896 4114 eo
930 4061 1080 4130 quod
1121 4071 1332 4132 spectat
1373 4063 1684 4130 aberrabit;
1720 4065 1814 4119 sed
1858 4067 2042 4136 potius

467 4158 616 4205 recto
641 4151 834 4206 itinere
862 4152 929 4205 ad
953 4153 1277 4207 charitatem
1303 4162 1512 4225 perget,
1549 4162 1605 4209 et
1639 4156 1813 4210 mutui
1837 4159 2041 4214 amoris

464 4257 724 4298 coronam
768 4252 1154 4313 consequetur.

535 4331 731 4388 PALL.
768 4334 942 4389 Probe
975 4335 1132 4391 dicis.

533 4424 692 4478 CYR.
727 4425 824 4480 Est
850 4425 1020 4496 igitur
1056 4426 1298 4481 cbaritas
1335 4427 1470 4498 legis
1512 4428 1737 4498 quidem
1779 4431 2046 4500 impletio,

467 4513 574 4569 ﬁde
596 4529 729 4570 vero
752 4530 817 4570 ac
836 4531 932 4586 spe
958 4519 1324 4586 praestantior.
1363 4519 1454 4574 Sic
1480 4520 1628 4574 enim
1675 4521 1869 4576 scribit
1906 4523 2047 4578 divi-

467 4622 574 4662 nus
593 4606 679 4661 vir
696 4607 920 4662 Paulus.
943 4608 1132 4679 Itaque
1153 4610 1304 4665 velut
1325 4626 1356 4665 e
1381 4611 1568 4665 vernis
1586 4610 1815 4665 ﬁoribus
1837 4613 2050 4667 varium

469 4697 548 4752 illi
570 4698 975 4768 quodammodo
997 4708 1207 4756 sertum
1237 4702 1507 4767 intexens,
1537 4717 1730 4756 rursus
1754 4703 1831 4756 ait
1860 4719 1873 4755 :
1915 4721 1932 4754 ι
1959 4703 2080 4778 Et-_

467 4789 517 4845 si
547 4789 883 4846 distribuero
915 4807 1108 4848 omnes
1135 4793 1423 4849 facultates
1456 4808 1626 4858 meas,
1667 4801 1724 4847 et
1765 4793 1810 4848 si
1847 4793 2054 4850 dedero

470 4894 672 4950 corpus
695 4898 900 4949 meum,
925 4883 1001 4938 ita
1028 4893 1091 4941 ut
1119 4884 1365 4948 ardeam,
1387 4885 1710 4940 charitatem
1737 4894 1922 4942 autem
1943 4903 2054 4942 non

472 4971 722 5040 habeam,
762 4975 903 5030 nihil
949 4977 1085 5032 mihi
1122 4976 1366 5048 prodest.
1407 4976 1664 5032 Charitas
1704 4978 1920 5047 patiens
1948 4989 2055 5044 est,

472 5061 708 5133 benigna
733 5073 816 5120 est
847 5084 861 5119 :
894 5066 1136 5122 charitas
1157 5083 1267 5122 non
1305 5067 1615 5131 :emulatur,
1650 5082 1761 5122 non
1793 5070 1905 5138 agit
1925 5084 2054 5139 per-

473 5164 680 5226 peram,
705 5171 818 5211 non
843 5157 1085 5224 inﬂatur,
1124 5174 1236 5213 non
1261 5167 1346 5214 est
1367 5158 1678 5224 ambitiosa,
1711 5175 1820 5214 non
1857 5161 2055 5231 quaerit

583 5288 678 5345 ³⁸1
717 5289 840 5348 Cor.
887 5310 980 5361 vn,
1017 5295 1204 5352 12-14.
1263 5359 1265 5361 ,
1319 5295 1360 5327 ⁸⁷
1385 5296 1545 5350 Rom.
1585 5311 1700 5362 vui,
1733 5297 1820 5351 15.
1890 5297 1936 5329 ⁸³
1961 5298 2116 5354 Joan.

548 5467 622 5540 (l)
654 5469 746 5526 Sic
783 5487 976 5545 omnes
1013 5472 1230 5545 codices
1273 5473 1460 5545 Cyrilli
1495 5475 1701 5530 habent
1731 5491 1871 5545 quos
1905 5477 2039 5531 vidi.

476 5537 679 5614 Tamen
713 5541 835 5614 cod.
861 5542 1154 5614 Yatg'Oizis
1175 5537 1335 5597 novre
1349 5545 1667 5614 adiunctum
1695 5537 1880 5610 habet,
1906 5546 2022 5600 δεδο
2039 5577 2052 5586 -

479 5609 731 5687 μένονῆᾳῑ
761 5610 935 5687 Latini
983 5609 1432 5687 Patreslegunt,
1467 5616 1746 5687 prmciptre
1792 5609 2053 5687 Augusti-

476 5691 602 5732 nus.
641 5676 736 5732 Sin
772 5679 864 5734 illa
897 5680 1060 5735 lectio
1093 5676 1404 5746 recipientia
1443 5676 1525 5738 e‘st
1561 5676 1679 5741 sine
1711 5676 2054 5743 νει-δονδεδο-

2149 416 2262 473 τοῖς
2289 413 2634 482 ἀλλογενέσιν
2663 416 2816 478 ἰέναι,
2840 417 2953 478 τοῖς
2977 415 3352 486 ἀρχαιοτέροις
3373 416 3473 469 οὐκ
3501 413 3731 484 ἀζήμιον

2147 499 2214 576 ἦν
2233 520 2246 536 ·
2280 506 2413 575 ἡμῖν
2457 505 2515 558 δὲ
2542 509 2570 558 ὁ
2604 505 2837 569 Παῦλος,
2870 505 3250 560 πολιτεύεσθαι
3281 507 3390 559 δεῖν
3419 505 3642 577 ἄμεινόν
3669 521 3729 557 τε

2149 595 2244 648 καὶ
2292 595 2722 668 εὐθαρσέστερον
2776 595 3157 667 συμϐουλεύει,
3203 598 3418 666 λέγων·
3469 615 3488 648 ι
3541 597 3610 650 Εῖ
3649 613 3731 659 τις

2149 689 2289 759 ἀνὴρ
2342 691 2579 758 γυναῖκα
2628 689 2741 761 ἔχει
2793 690 3044 756 ἄπιστον,
3085 691 3180 743 καὶ
3230 689 3371 760 αῦτη
3424 689 3733 742 συνευδοκεῖ

2148 782 2318 833 οἰκεῖν
2353 781 2470 850 μετ’
2499 780 2689 845 αὐτοῦ,
2733 780 2808 851 μὴ
2841 780 3049 849 ἀφιέτω
3075 780 3268 850 αὐτήν·
3305 781 3404 834 ικαὶ
3427 778 3586 850 γυνὴ,
3609 779 3729 850 ἥτις

2150 870 2264 941 ἔχει
2303 871 2474 942 ἄνδρα
2504 872 2751 935 ἄπιστον,
2783 871 2875 925 καὶ
2903 865 3061 936 οὗτος
3085 872 3394 925 συνευδοκεῖ
3417 874 3585 925 οἰκεῖν
3613 872 3728 942 μετ’

2150 961 2340 1031 αὐτῆς,
2373 961 2450 1030 μὴ
2483 963 2690 1031 ἀφιέτω
2718 962 2810 1016 τὸν
2845 962 3036 1034 ἄνδρα.
3081 963 3373 1031 Ἠγίασται
3407 963 3514 1033 γὰρ
3545 964 3572 1015 6
3595 961 3732 1033 ἀνὴρ

2152 1052 2380 1116 ἄπιστος
2414 1056 2472 1106 ὲν
2502 1057 2567 1124 τῇ
2596 1055 2816 1122 γυναικί
2838 1071 2852 1085 ο
2887 1055 2980 1107 καὶ
3011 1056 3268 1124 ἡγίασται
3299 1058 3330 1125 ή
3359 1055 3495 1125 γυνὴ
3527 1057 3560 1125 ὴ
3605 1054 3732 1106 ἄπι-

2153 1161 2277 1207 στος
2308 1144 2366 1196 ὲν
2397 1144 2474 1214 τῷ
2503 1145 2676 1216 ἀνδρί.
2713 1165 2731 1196 ι
2765 1147 2861 1209 Τίς
2891 1143 2982 1200 οῦν
3021 1148 3128 1218 ἄρα
3155 1149 3274 1199 ἐστὶ
3300 1148 3396 1218 τῆς
3421 1147 3477 1199 ἔν
3507 1164 3571 1215 γε
3603 1144 3729 1198 τού-

2151 1252 2265 1299 τοις
2285 1236 2597 1306 οἰκονομίας
2620 1238 2647 1289 ὁ
2667 1238 2867 1308 τρόπος
2895 1255 2909 1303 ;
2946 1239 3164 1292 Ἐδεδὶει
3195 1239 3250 1291 δὲ
3273 1238 3387 1291 ἀνθ’
3415 1239 3536 1291 ὅτου
3562 1237 3730 1292 πάλαι

2157 1327 2254 1396 μὲν
2286 1330 2314 1380 ὁ
2345 1328 2508 1399 νόμος
2537 1329 2637 1401 τὴν
2672 1330 2808 1401 πρὸς
2842 1332 3203 1402 ἑτερὸφρονας
3230 1329 3541 1402 ἀναπλοκὴν
3563 1370 3577 1395 ,
3612 1330 3730 1383 νυνὶ

2149 1418 2209 1471 δὲ
2237 1418 2338 1472 ούκ
2367 1419 2467 1485 En;
2487 1419 2761 1490 Ἐδραίους
2789 1422 2888 1490 μὲν
2913 1423 3020 1494 γὰρ
3047 1425 3173 1488 τοὺς
3195 1427 3252 1478 ὲν
3280 1423 3500 1496 Χριστῷ
3529 1424 3730 1494 κεκλη-

2157 1510 2372 1581 μένους,
2413 1512 2508 1565 καὶ
2541 1513 2934 1567 ἁκατάσειστον
2957 1515 3180 1585 ἔχοντας
3213 1517 3312 1585 τὴν
3337 1516 3640 1586 φιλοθεΐαν,
3669 1513 3732 1568 τὸ

2158 1601 2444 1655 κατοικοῦν
2477 1603 2536 1656 ὲν
2564 1604 2750 1665 αὐτοῖς
2782 1606 3156 1676 ἀπεργάζεται
3183 1606 3428 1678 Πνεῦμα,
3452 1608 3521 1661 δι’
3546 1602 3606 1662 οῦ
3637 1608 3732 1661 καὶ

2087 1657 2129 1714 ³
2163 1712 2182 1742 ·
2217 1695 2280 1746 έν
2297 1685 2342 1760 ᾧ
2384 1692 2700 1766 πράξομεν.
2731 1657 2920 1750 ’λθεέά
2940 1657 3287 1770 mea;
3304 1657 3428 1752 r3;
3460 1657 3528 1752 ἐξ
3552 1657 3733 1752 2a.;

2153 1783 2213 1838 τὺ
2242 1783 2413 1856 δῶρον
2457 1786 2774 1842 ἐπλούτουν.
2822 1789 2910 1852 Ὠς
2943 1789 3052 1860 γάρ
3089 1794 3118 1844 6
3159 1789 3443 1854 θεσπέσιος
3479 1789 3732 1861 Ἰωάννης

2153 1875 2340 1946 φησὶν,
2373 1894 2396 1930 ι
2432 1877 2600 1933 Οὔπω
2626 1880 2736 1952 γάρ
2761 1875 2830 1952 ἦν
2853 1880 3078 1953 Πνεῦμα
3104 1882 3258 1951 ἅγιον
3279 1883 3378 1954 (1),
3403 1883 3483 1936 δτι
3524 1881 3734 1953 Ἰησοῦς

2151 1970 2362 2024 οὐδέπω
2414 1971 2698 2044 ἐδοξάσθη.
2759 1994 2778 2026 ι
2824 1974 3036 2029 Οὐκοῦν
3084 1976 3302 2047 ἡπᾶσα
3349 1974 3625 2038 τελείωσις
3672 1975 3733 2028 ὲν

2150 2048 2374 2133 Χριστῷ
2397 2097 2412 2128 ,
2451 2065 2769 2120 τετελείωκε
2813 2065 2872 2119 δὲ
2905 2067 2934 2119 6
2963 2067 3125 2138 νόμος
3154 2066 3325 2131 οὐδὲν,
3371 2066 3513 2119 κατὰ
3547 2065 3609 2118 τὸ
3633 2081 3733 2134 γε·

2150 2154 2491 2225 γραμμένονι

2222 2246 2430 2300 ΠΑΛΔ.
2475 2248 2696 2320 Φράσῃς
2721 2249 2785 2303 ἂν
2823 2245 2917 2304 οῦν
2961 2249 3227 2321 ίμείροντί
3269 2265 3359 2320 μοι
3387 2248 3448 2301 τὸ
3495 2248 3641 2310 ὅπως
3663 2245 3734 2301 ἂν

2150 2339 2360 2407 γένοιτο
2394 2343 2564 2410 σαφὲς
2585 2342 2648 2395 τὸ
2675 2342 2867 2406 ἀτελὲς
2898 2345 2956 2396 ὲν
2985 2343 3154 2413 νόμῳ.

2219 2517 2386 2571 ΚΥΡ.
2427 2518 2540 2571 Καὶ
2580 2516 2745 2588 μάλα.
2788 2518 3067 2571 Βαδιεῖται
3120 2517 3176 2572 δὲ
3227 2521 3359 2590 ἡμῖν
3407 2519 3501 2572 ἐπὶ
3552 2520 3622 2572 τά
3672 2518 3736 2573 ὲν

2149 2608 2335 2680 χερσὶν
2359 2610 2388 2662 6
2413 2608 2590 2678 λόγος,
2613 2610 2707 2664 κάὶ
2727 2609 2947 2682 ἀγάπης
2969 2609 3073 2682 τῆς
3095 2613 3176 2674 εἰς
3197 2612 3288 2665 τὸν
3315 2611 3542 2682 πλησίον
3571 2611 3739 2666 ἑκϐα-

2150 2702 2324 2755 σανιεῖ
2354 2701 2482 2764 τοὺς
2507 2702 2741 2773 τρόπους
2761 2742 2775 2767 ,
2811 2702 3116 2775 παχύτερόν
3156 2717 3272 2767 πως
3310 2704 3343 2775 ἢ
3373 2701 3478 2776 χρὴ
3509 2704 3609 2774 τῆς
3646 2703 3739 2758 διὰ

2147 2792 2393 2858 Μωσέως
2439 2798 2765 2866 συγγραφῆς
2792 2832 2808 2861 ,
2857 2797 2973 2861 τοῖς
3011 2797 3391 2868 ἀρχαιοτέροις
3424 2799 3739 2868 εἰσκεκομιο

2151 2885 2376 2956 σμένης.

2073 2993 2120 3055 c
2223 2975 2433 3030 IIAAA.
2463 2973 2567 3028 Ἴθι
2591 2974 2656 3046 δὴ
2681 2969 2774 3029 οὖν
2795 2976 2882 3028 ἐπ’
2908 2975 3040 3031 αὐτὸ
3068 2975 3172 3050 [τὸ]
3190 2976 3255 3048 δὴ
3279 2977 3448 3043 τουτὶ,
3470 2977 3563 3031 καὶ
3592 2978 3737 3049 μάλα

2156 3064 2469 3136 προθύμως.

2225 3159 2390 3212 ΚΥΡ.
2434 3157 2642 3212 Οὐκοῦν
2667 3160 2696 3212 6
2741 3158 2839 3230 μὲν
2877 3159 3071 3228 νόμος,
3108 3177 3127 3209 ι
3176 3159 3542 3228 Ἀγαπήσεις,
3575 3158 3737 3228 φησὶ,

2152 3250 2242 3304 τὸν
2270 3251 2496 3322 πλησίον
2524 3268 2620 3304 σου
2652 3251 2727 3315 ὡς
2751 3251 2961 3304 ἑαυτόν·
3003 3271 3021 3302 ο
3054 3252 3083 3304 ὁ
3112 3250 3168 3303 δὲ
3194 3250 3398 3321 Κύριος
3423 3251 3456 3321 ἡ
3465 3249 3583 3320 μῶν
3623 3250 3739 3321 ’1η-

2155 3343 2284 3404 σοῦς
2307 3343 2562 3414 Χριστὸς,
2587 3343 2687 3413 τῆς
2717 3341 3073 3413 φιλαλληλίας
3094 3343 3186 3395 τὸν
3217 3342 3378 3413 νόμον
3407 3340 3496 3395 διὰ
3527 3341 3739 3413 μυρίων

2152 3436 2292 3489 ὅσων
2315 3436 2446 3505 ἡμῖν
2478 3435 2780 3504 εἰσηγεῖται
2817 3434 3011 3502 λόγων,
3059 3434 3361 3505 συνήγορον
3391 3433 3447 3486 δὲ
3477 3432 3555 3503 τῷ
3589 3433 3739 3503 νόμῳ

2151 3525 2250 3598 τὴν
2277 3525 2518 3596 ἔμφυτον
2549 3526 2775 3595 γνῶσιν,
2813 3527 2906 3579 καὶ
2935 3525 3033 3596 τὴν
3064 3526 3122 3577 ὲν
3142 3524 3360 3595 ἑκάστῳ
3385 3523 3602 3593 θέλησιν
3630 3525 3738 3576 οἱο-

2152 3619 2233 3672 νεὶ
2264 3617 2551 3684 καθιστὰς,
2606 3636 2625 3670 ί
2668 3619 2734 3671 Ἃ
2775 3616 2869 3672 οὖν
2904 3617 3120 3684 θέλετε,
3157 3616 3344 3688 φησὶν,
3391 3618 3478 3670 ἵνα
3507 3615 3738 3670 ποιῶσιν

2152 3713 2282 3782 ύμῖν
2326 3712 2375 3764 οἱ
2407 3711 2682 3782 ἄνθρωποι
2707 3751 2722 3776 ,
2770 3709 2942 3763 ταῦτα
2977 3711 3072 3762 καὶ
3107 3710 3270 3780 ὑμεῖς
3320 3711 3524 3762 ποιεῖτε
3554 3708 3741 3771 αὐτοῖς

2149 3804 2371 3875 ὁμοίως.
2402 3822 2421 3855 ›
2446 3804 2510 3875 Et
2538 3803 2647 3874 γὰρ
2675 3796 2860 3873 ὧνπερ
2897 3803 2960 3856 ἀν
2984 3819 3066 3865 τις
3091 3800 3307 3866 εὔξαιτο
3328 3801 3536 3869 τυχεῖν,
3565 3798 3741 3852 ταῦτα

2148 3874 2281 3967 δρᾷ-ν
2329 3874 2504 3949 ἕλοιτο
2556 3894 2652 3948 καὶ
2692 3894 2854 3956 αὐτὸς
2905 3891 3149 3964 ἑτέροις,
3203 3893 3306 3945 οὐκ
3341 3891 3742 3961 ἀποδραμεῖται

2155 3987 2384 4041 σκοποῦο
2420 3986 2678 4057 βαδιεῖται
2708 3986 2764 4038 δὲ
2796 3982 2998 4055 μᾶλλον
3038 3984 3156 4036 κατ’
3191 3981 3323 4034 εὐθὺ
3350 3982 3452 4050 τῆς
3475 3980 3697 4050 ἀγάπης
3722 4015 3739 4044 ,

2149 4079 2243 4134 καὶ
2272 4079 2364 4133 τὸν
2385 4078 2481 4150 τῆς
2511 4075 2860 4148 φιλαλληλίας
2887 4075 3211 4146 ἀναϐήσεται
3235 4071 3527 4142 στέφανον.’

2080 4348 2124 4403 ι)
2225 4337 2436 4391 ΠΑΛΛ.
2466 4330 2538 4390 Εὖ
2566 4334 2769 4404 λέγεις.

2227 4428 2394 4482 ΚΥΡ.
2455 4428 2521 4481 Ἦ
2571 4427 2760 4498 ἀγάπη
2816 4425 3018 4489 τοίνυν,
3062 4426 3228 4498 νόμου
3271 4426 3367 4497 μὲν
3417 4427 3742 4498 πλήρωσις,

2158 4523 2394 4585 πίστεως
2422 4522 2480 4576 δὲ
2511 4521 2606 4574 καὶ
2633 4520 2846 4583 ἐλπίδος
2884 4519 3144 4588 ἀμείνων.
3180 4519 3387 4588 Γράφει
3417 4519 3527 4591 γάρ
3566 4519 3747 4582 οὕτως

2157 4613 2291 4684 ἡμῖν
2321 4615 2350 4666 6
2371 4612 2657 4676 θεσπέσιος
2677 4611 2906 4675 Παῦλος.
2944 4611 3237 4684 Τοιγάρτοι
3272 4610 3526 4681 καθάπερ
3565 4610 3622 4675 ἐξ
3650 4611 3750 4662 ἀν-

2159 4704 2295 4758 θέων
2315 4701 2518 4774 ὴρινῶν
2541 4701 2793 4772 πολυειδῆ
2809 4717 2932 4755 τινα
2949 4700 3214 4770 στέφανον
3235 4699 3558 4754 ἀναπλέκων
3578 4698 3744 4766 αὐτῇ,

2159 4792 2325 4848 πάλιν
2372 4792 2545 4863 φησί’
2599 4813 2618 4844 ε
2664 4791 2786 4846 Κάν
2813 4791 3050 4862 ψωμίσω
3093 4792 3270 4846 πάντα
3325 4791 3396 4845 τὰ
3425 4790 3747 4862 ὑπάρχοντά

2163 4903 2286 4956 μου,
2323 4885 2418 4938 καὶ
2449 4884 2543 4938 ἐὰν
2580 4883 2808 4956 παραδῶ
2834 4882 2895 4936 τὸ
2929 4882 3088 4954 σῶμά
3114 4901 3216 4954 μου
3246 4883 3333 4936 ἵνα
3363 4882 3738 4954 καυθὴσομαι,

2158 4978 2380 5048 ἀγάπην
2407 4976 2464 5030 δὲ
2502 4976 2578 5048 μὴ
2605 4975 2736 5047 ἔχω,
2761 4976 2912 5030 οὐδὲν
2934 4974 3276 5047 ὠφελοῦμαι.
3319 4976 3382 5029 Ἦ
3413 4975 3600 5046 ἀγάπη
3637 4991 3749 5044 μα-

2161 5070 2447 5141 κροθυμεῖ,
2477 5067 2860 5138 χρηστεύεται,
2891 5070 2924 5138 ἡ
2979 5068 3168 5139 ἀγάπη
3203 5067 3264 5121 οὐ
3298 5063 3484 5138 ζηλοῖ,
3514 5066 3576 5136 οὐ
3606 5083 3747 5137 περ-

2163 5159 2454 5233 περεύεται
2479 5201 2494 5225 ,
2528 5159 2588 5212 οὐ
2621 5159 2949 5229 φυσιοῦται,
2981 5160 3081 5215 οὐκ
3122 5161 3460 5232 ἀσχημονεῖ,
3495 5160 3567 5214 οὐ.
3583 5157 3752 5231 ζητεῖ

2159 5313 2253 5364 vn,
2282 5294 2369 5352 39.
2447 5297 2489 5331 ³⁵
2515 5297 2692 5355 Levit.
2725 5315 2835 5365 xxx,
2866 5299 2950 5354 18.
3015 5330 3017 5332 -
3065 5299 3112 5332 ⁸⁸
3145 5299 3337 5356 Matth.
3391 5319 3484 5368 vn,
3517 5301 3568 5359 Ι.

2155 5478 2334 5553 μένον,
2377 5477 2444 5533 de
2473 5480 2888 5553 operationibus
2919 5479 3159 5553 Spiritus
3203 5485 3377 5540 sancti
3417 5479 3526 5540 illis
3564 5484 3748 5541 admi-

2151 5548 2419 5632 rabilibus
2453 5548 2836 5632 accipiendum
2865 5548 2977 5632 est,
3002 5569 3114 5607 non
3128 5554 3227 5632 _de
3257 5565 3570 5632 personaet
3607 5555 3748 5610 sub-

2152 5618 2415 5744 sistentia!
2453 5618 2692 5689 Spiritus
2730 5622 2928 5687 sancti,
2977 5639 3099 5695 quae
3128 5618 3275 5679 Patri
3326 5637 3381 5679 et
3416 5625 3555 5681 Filio
3587 5639 3744 5684 0033-

2177 5703 2309 5743 crna
2333 5703 2392 5745 es
2423 5724 2436 5743 .
