3966 6298
241 185 343 242 52!

962 181 1047 235 DE
1086 177 1527 236 ADORATlONE
1566 179 1633 235 ΙΝ
1673 178 1815 235 81³111

1919 180 1940 236 J'
1983 178 2070 235 ET
2112 177 2475 233 VERITATE.
2520 178 2644 233 LIB.
2683 178 2792 234 VII.

3399 183 3510 243 Si!

242 301 314 355 τὰ
339 298 563 368 ἑαυτῆς,
613 291 670 348 οὗ
700 293 1099 365 παροξύνεται,
1132 294 1192 347 οὐ
1223 293 1496 363 λογίζεται
1530 294 1592 346 τὸ
1629 293 1815 357 κακὸν,

1924 307 2046 363 quae
2090 307 2186 346 sua
2227 300 2374 357 sunt,
2413 307 2521 345 non
2568 291 2836 356 irritatur,
2883 306 2990 346 non
3030 294 3227 365 cogitat
3272 298 3499 367 malum;

244 389 304 442 οὐ
338 385 520 458 χαίρει
561 385 652 437 ἐπὶ
681 385 746 454 τῇ
784 381 1005 454 ἀδικίᾳ,
1037 382 1322 453 συγχαίρει
1360 382 1416 434 δὲ
1454 384 1519 453 τῇ
1552 381 1816 452 ἀληθεία·

245 478 423 532 πάντα
454 475 657 544 στέγει,
679 474 855 529 πάντα
890 473 1153 535 πιστεύει,
1181 474 1359 527 πάντα
1381 472 1612 537 ἐλπίζει,
1644 473 1819 527 πάντα

248 568 506 639 ὑπομένει
542 568 575 637 ἡ
617 566 831 636 ἀγάπη,
870 564 1124 619 οὐδέποτε
1159 564 1435 619 ἐκπίπτει.
1477 584 1495 617 ι
1549 565 1689 618 Ἀλλ’
1717 567 1819 637 έμ-

248 666 386 732 ςιανῆ
416 663 515 731 μὲν
548 660 773 721 ἀπασιν,
805 658 880 722 ὥς
902 675 965 726 γε
988 653 1162 728 οἶμαι,
1194 658 1375 719 ταυτὶ,
1398 660 1491 712 καὶ
1516 656 1725 729 μακρὸς
1755 659 1820 711 ἂν

245 754 456 823 γένοιτο
478 750 602 805 λίαν
651 751 679 803 6
711 749 840 820 περὶ
883 747 1061 803 αὐτῶν
1111 747 1289 815 λόγος,
1325 747 1480 818 εἴπερ
1531 764 1615 811 τις
1648 747 1821 800 ἕλοιτο

244 841 457 904 λεπτῶς
487 838 558 892 τὰ
591 837 743 908 παρὰ
774 840 841 908 τῇ
870 837 985 907 Νέᾳ
1009 837 1349 907 συναγείρειν
1376 837 1589 909 Γραφῇ.
1614 839 1819 907 Τετρασ

240 934 458 1004 ᾠόμεθα
491 932 553 986 δὲ
582 931 697 984 νυνὶ
730 930 870 1000 πρὸς
898 929 996 992 τάς
1025 929 1090 981 ὲκ
1117 930 1282 999 νόμου
1316 930 1497 994 σκιὲις,
1527 929 1620 983 καὶ
1649 928 1715 982 τὰ
1744 928 1819 993 ὡς

242 1026 300 1077 ὲν
330 1024 525 1087 τύποις
547 1021 627 1075 ἔτι
654 1023 766 1084 τοῖς
799 1019 963 1074 πάλαι
997 1018 1423 1090 τεθεσπισμένα.

312 1116 529 1171 ΠΑΛΛ.
571 1114 804 1184 Ἀριστα
834 1111 1042 1182 διανοῇ.

310 1210 480 1262 ΚΥΡ.
513 1206 823 1277 Μελέτησις
861 1204 958 1275 μὲν
1000 1205 1028 1257 6
1060 1203 1223 1273 νόμος
1260 1198 1329 1274 ἦν
1355 1202 1819 1275 εἰςνδικαιοσύνην

241 1302 335 1356 καί
371 1298 700 1372 προεισϐολή
748 1314 833 1361 τις
867 1296 1056 1367 ὥσπερ
1107 1295 1217 1351 τῶν
1256 1296 1628 1365 εὐαγγελικῶν
1657 1296 1820 1368 ἀνδρ-

242 1391 640 1461 αγαθημάτων.
672 1388 990 1458 Γέγραπται
1025 1386 1151 1458 γάρ·
1187 1404 1205 1439 ι
1240 1387 1407 1459 Ἀρχὴ
1431 1386 1551 1440 ὁδοῦ
1581 1386 1818 1457 ἀγαθῆς,

242 1485 303 1537 τδ
330 1483 504 1537 ποιεῖν
536 1480 606 1535 τὰ
640 1480 844 1534 δίκαια.
888 1498 904 1531 ι
943 1479 1288 1548 Παιδαγωγεῖ
1328 1480 1438 1550 γὰρ
1476 1484 1504 1534 6
1530 1483 1693 1552 νόμος
1726 1480 1819 1534 ἐπὶ

244 1573 497 1646 Χριστὸν,
527 1572 623 1627 καὶ
653 1573 748 1644 τῆς
770 1574 828 1625 ἐν
858 1570 1004 1637 αὐτῷ
1033 1573 1328 1642 νοουμένης
1352 1571 1497 1643 ζωῆς
1521 1574 1580 1627 οὑ
1607 1573 1820 1644 διεψευ-

1922 398 2031 439 non
2061 384 2261 455 gaudet
2284 399 2452 454 super
2475 382 2786 453 iniquitate,
2809 385 3112 455 congaudet
3141 396 3323 443 autem
3360 393 3504 447 veri—

1924 476 2055 543 tati;
2082 477 2263 532 omnia
2288 476 2503 539 suffert,
2530 475 2713 532 omnia
2734 475 2929 542 credit,
2954 479 3137 534 omnia
3156 492 3360 551 sperat,
3385 498 3505 540 om-

1922 568 2013 624 nia
2042 568 2306 635 sustinet;
2347 566 2588 622 charitas
2610 581 2889 637 nunquam
2924 568 3126 623 excidit
3148 571 3211 624 ιι.
3247 590 3266 623 ι
3297 573 3498 629 Verum

1923 657 2058 721 haec,
2084 666 2145 712 ut
2168 658 2383 729 opinor,
2419 657 2676 713 omnibus
2701 657 2987 728 perspicua
3025 668 3173 723 sunt,
3201 670 3257 715 et
3285 662 3499 736 longior

1921 751 2030 805 erit
2049 751 2118 805 de
2143 751 2229 806 his
2248 751 2507 807 omnibus
2528 753 2728 817 oratio,
2754 752 2797 806 si
2820 751 2946 821 quis
2972 751 3181 808 minute
3205 756 3356 819 velit,
3378 774 3501 828 quae

1924 840 1976 895 in
1996 841 2145 896 Nova
2168 840 2449 913 Scriptura
2470 850 2617 907 sunt,
2637 842 2912 913 colligere.
2938 841 3043 898 Sed
3061 845 3173 914 jam
3195 844 3262 900 ad
3282 848 3502 905 umbras

1922 932 2077 1001 legis,
2116 942 2172 987 et
2194 948 2260 987 ea
2286 949 2406 1002 quae
2439 934 2637 1004 priscis
2668 933 2988 990 hominibus
3010 943 3268 1006 tanquam
3290 940 3344 993 in
3366 940 3502 1011 figu-

1920 1025 2000 1078 ris
2020 1024 2202 1080 adhuc
2222 1025 2400 1082 edicta
2429 1034 2577 1091 sunt,
2602 1036 3004 1082 convertamur.

1991 1112 2189 1170 PALL.
2219 1116 2434 1187 Optime
2463 1118 2687 1189 cogitas.

1989 1206 2146 1263 CYR.
2176 1208 2512 1265 Exercitatio
2545 1208 2791 1279 quaedam
2832 1210 2901 1265 ad
2934 1211 3202 1281 justitiam
3244 1213 3349 1270 fuit
3387 1217 3497 1283 lex,

1920 1306 1975 1351 et
2018 1298 2168 1355 velut
2210 1299 2392 1355 aditus
2419 1300 2642 1369 quidam
2680 1315 2744 1355 ac
2786 1300 2952 1356 limen
2990 1303 3059 1357 ad
3099 1307 3360 1374 praeclara
3407 1311 3499 1367 illa

1920 1390 2230 1459 evangeliea
2261 1389 2431 1456 facta;
2467 1391 2734 1461 scriptum
2764 1400 2849 1446 est
2876 1393 3024 1448 enim
3057 1413 3069 1447 :
3102 1414 3120 1447 ι
3158 1397 3495 1470 Principium

1920 1478 2020 1533 viae
2054 1479 2210 1534 bona:
2243 1488 2328 1535 est
2367 1480 2546 1536 facere
2585 1483 2731 1552 justa
2768 1481 2831 1536 “.
2874 1502 2891 1534 ι
2926 1483 3084 1539 Ducit
3123 1487 3268 1543 enim
3302 1491 3388 1546 lex
3425 1494 3493 1547 ad

1918 1566 2217 1633 Christum,
2240 1578 2295 1625 et
2318 1572 2442 1626 vitae
2480 1571 2646 1637 illius,
2672 1587 2794 1642 quae
2818 1573 2875 1627 in
2899 1572 3119 1631 Christo
3148 1578 3492 1652 intelligitur,

246 1668 454 1738 σμένην
496 1665 563 1719 ἀν
598 1665 709 1735 ἔχοι
748 1665 847 1734 τὴν
878 1664 1035 1729 δόξαν
1059 1706 1075 1731 ,
1107 1667 1155 1718 εί
1196 1667 1367 1717 νοοῖτο
1401 1665 1814 1736 πνευματικῶς.

1922 1674 2032 1713 non
2058 1660 2246 1715 falsam
2281 1663 2638 1733 consequitur
2664 1663 2914 1735 gloriam,
2945 1665 2991 1720 si
3020 1648 3380 1737 spiritualiter
3408 1648 3494 1729 in;

245 1761 350 1814 Καὶ
377 1759 563 1828 ἵστησι
585 1757 688 1828 μὲν
722 1758 805 1820 είς
832 1754 1197 1827 δικαιοσύνην,
1219 1755 1484 1826 ἀποφέρει
1510 1755 1565 1809 δὲ
1597 1755 1732 1826 πρὸς
1757 1755 1819 1808 τὸ

245 1854 381 1925 ὑπὲρ
411 1851 575 1905 τοῦτο
614 1850 696 1903 ἔτι
732 1849 793 1903 τὸ
839 1848 1068 1920 μάθημα
1103 1849 1163 1902 τὸ
1189 1847 1561 1917 εὐαγγελικόν.
1612 1848 1817 1920 Τρόποι

243 1944 297 1997 δὲ
334 1940 684 2012 δικαιοσύνης
704 1979 720 2005 ,
746 1939 963 2011 πρῶτος
1006 1938 1127 2008 μὲν,
1162 1938 1296 2008 τιμὴ
1328 1937 1422 1990 καὶ
1449 1936 1746 2007 ἀγάπησις,
1780 1936 1813 2006 ἠ

244 2037 318 2098 εἰς
343 2034 438 2086 τὸν
466 2032 564 2085 ἱνα
588 2049 647 2085 τε
673 2032 767 2085 κα)⁵
794 2030 953 2101 φύσει
982 2030 1114 2083 Θεόν
1138 2047 1151 2060 ·
1193 2029 1388 2097 γείτων
1415 2029 1473 2081 δὲ
1509 2025 1695 2096 ὥσπερ
1723 2025 1818 2080 καὶ

248 2123 361 2193 μετ’
381 2125 562 2177 έκεῖνο
589 2122 753 2186 εὐθὺς
779 2122 813 2193 ὴ
836 2122 915 2184 εὶς
937 2120 1199 2189 ἀδελφοὺς
1228 2122 1320 2172 καὶ
1351 2120 1657 2190 ὁμογενεῖς,
1686 2132 1819 2188 προ-

245 2215 571 2286 εγκειμὲνης
601 2214 701 2286 τῆς
728 2216 809 2277 είς
838 2212 1030 2282 γονέας
1054 2211 1256 2274 αἰδοῦς.
1300 2212 1387 2265 Ἐν
1417 2211 1608 2281 κόσμῳ
1629 2209 1693 2279 δὴ
1722 2207 1816 2263 οὖν

245 2308 316 2376 τῷ
338 2306 605 2376 πρέποντι
638 2302 883 2377 πρόεισιν
911 2300 1041 2374 ἡμῖν
1072 2304 1101 2356 6
1130 2302 1320 2369 Λόγος,
1352 2301 1492 2371 μετά
1520 2317 1584 2368 γε
1615 2302 1714 2373 τὴν
1738 2303 1817 2365 εἰς

245 2399 372 2451 Θεὸν
405 2396 718 2461 εὐσέϐειαν,
769 2398 865 2451 καὶ
894 2396 951 2448 τὸ
977 2395 1058 2459 εἰς
1085 2394 1277 2463 γονέας
1301 2394 1531 2458 εὐλαϐὲς
1555 2434 1568 2458 ,
1602 2395 1684 2448 ὅτι
1716 2394 1817 2465 τῆς

245 2490 540 2551 ἐπιεικείας
566 2488 833 2559 προσήκει
852 2486 952 2558 τὴν
968 2485 1192 2552 ἔνδειξιν
1216 2486 1308 2537 καὶ
1324 2485 1403 2547 είς
1430 2484 1644 2555 ἑτέρους
1671 2487 1817 2557 ἡμᾶς

246 2580 511 2635 ποιεῖσθαι
550 2577 900 2650 παρεγγυῶν.
949 2578 1206 2648 Πανταχῆ
1247 2576 1359 2649 γὰρ
1405 2578 1434 2629 6
1469 2577 1633 2648 νόμος
1657 2617 1673 2643 ,
1717 2578 1817 2650 τῆς

248 2674 490 2745 ἰσότητος
518 2675 757 2744 προνοεῖ,
791 2672 883 2724 καὶ
914 2671 1117 2742 ἀκριϐῆ
1151 2671 1247 2725 τοῦ
1299 2671 1509 2725 δικαίου
1546 2670 1815 2725 ποιεῖσθαι

246 2767 337 2840 τὴν
362 2767 620 2837 βάσανον,
649 2766 842 2834 ὁρᾶται
872 2762 1235 2835 θεσμοθετῶν.
1281 2763 1590 2833 Γέγραπται
1618 2763 1726 2835 γὰρ
1760 2766 1816 2815 ἐν

247 2856 666 2927 Δευτερονομίῳο
702 2876 720 2908 ι
752 2855 863 2909 Οὐκ
887 2854 1039 2908 ἔσται
1059 2857 1117 2909 ἐν
1133 2855 1210 2927 τῷ
1243 2856 1545 2929 μαρσίππῳ
1569 2872 1664 2908 σου
1689 2856 1817 2910 στά-

1920 1749 2218 1819 telligatur,
2240 1759 2295 1805 et
2325 1752 2380 1805 in
2399 1753 2610 1822 justitia
2638 1770 2741 1809 nos
2758 1757 3075 1824 constituit;
3108 1760 3271 1834 244,
3287 1771 3344 1818 at
3364 1779 3499 1820 vero

1917 1841 2227 1911 evangelica
2253 1842 2542 1914 disciplina
2579 1861 2745 1915 supra
2787 1846 2893 1902 hoc
2930 1859 3194 1919 praeterea
3220 1856 3493 1924 perducit.

1919 1931 2061 1986 Sunt
2087 1943 2270 1989 autem
2296 1936 2522 2006 justitiae
2551 1952 2773 2007 genera,
2799 1939 3038 2009 primum
3067 1944 3288 2013 quidem
3317 1946 3497 2003 honor

1918 2033 1974 2080 et
2001 2040 2154 2079 amor
2180 2041 2307 2097 erga
2336 2043 2484 2093 eum,
2509 2030 2603 2098 qui
2623 2045 2764 2085 unus
2790 2046 2855 2085 ac
2875 2042 3071 2088 natura
3092 2034 3236 2090 Deus
3261 2047 3378 2104 est;
3406 2041 3494 2093 vi-

1918 2115 2079 2170 cinus
2098 2123 2203 2178 est,
2238 2124 2294 2171 et
2317 2118 2447 2173 huic
2475 2120 2756 2189 proximus
2785 2121 2876 2176 ille
2909 2137 3064 2178 amor
3096 2124 3152 2178 in
3190 2125 3408 2193 fratres,
3435 2139 3493 2184 ct

1917 2205 2164 2277 ejusdem
2187 2210 2404 2279 generis
2436 2210 2705 2278 homines,
2734 2212 2807 2267 ita
2836 2221 3039 2281 tamen,
3068 2224 3127 2270 ut
3152 2216 3207 2270 in
3235 2228 3495 2287 parentes

1919 2300 2229 2355 reverentia
2257 2301 2471 2356 caeteris
2508 2311 2874 2371 praeponatur.
2921 2304 3280 2364 Convenienti
3324 2310 3492 2381 igitur

1916 2391 2110 2446 ordine
2131 2389 2416 2462 Scriptura
2439 2392 2807 2463 progreditur,
2837 2409 2960 2449 cum
2994 2404 3118 2466 post
3140 2397 3397 2467 pietatem
3434 2400 3490 2454 in

1916 2482 2109 2548 Deum,
2159 2492 2215 2539 et
2259 2500 2386 2556 erga
2428 2494 2681 2556 parentes
2726 2489 3115 2555 reverentiam,
3158 2490 3216 2545 in
3262 2498 3492 2548 caeteros

1914 2589 2134 2646 quoque
2155 2575 2406 2631 homines
2433 2578 2709 2647 specimen
2738 2579 3031 2649 probitatis
3047 2597 3150 2638 nos
3166 2583 3330 2640 edere
3352 2599 3494 2654 prte-

1915 2667 2067 2736 οίρίι.
2097 2667 2310 2723 Etenim
2344 2668 2549 2739 ubique
2593 2670 2682 2724 lex
2721 2686 2910 2726 curam
2938 2672 3266 2743 aequalitatis
3303 2675 3501 2747 habet»,

1914 2765 1968 2810 et
1989 2766 2298 2814 accuratam
2325 2761 2554 2830 justitia:
2578 2762 2847 2818 rationem
2866 2763 3176 2821 habendam
3199 2782 3320 2823 esse
3337 2783 3492 2838 aper-

1919 2857 1967 2901 te
2000 2848 2267 2904 decernit.
2310 2849 2586 2922 Scriptum
2613 2864 2697 2910 est
2726 2854 2875 2909 enim
2916 2855 2971 2910 in
3011 2857 3438 2916 Deuteronomio
3471 2879 3487 2915 :

247 2951 399 3022 θμιον
426 2950 624 3022 μέγαῆ
647 2947 862 3021 μικρόν·
885 2949 1147 3018 στάθμιον
1164 2947 1413 3018 ἀληθινὸν
1429 2949 1636 3002 δίκαιον
1662 2947 1813 3002 ἔσται

1923 2957 1940 2988 ι
1977 2939 2097 2994 Non
2126 2941 2234 2995 erit
2268 2942 2325 2996 in
2345 2944 2564 2998 sacculo
2588 2952 2680 2998 tuo
2709 2944 2924 3014 pondus
2961 2962 3216 3018 magnum
3241 2957 3337 3003 aut
3360 2965 3489 3019 par-

247 3043 456 3107 σοι,καὶ
476 3042 675 3112 μέτρον
688 3041 935 3112 ἀληθινὸν
956 3040 1162 3094 δίκαιον
1193 3040 1346 3094 ἔσται
1369 3056 1471 3104 σοι,
1525 3041 1612 3094 ἵνα
1646 3039 1809 3093 πολυ-

1919 3046 2041 3084 vum
2070 3049 2080 3083 :
2108 3032 2323 3101 pondus
2349 3048 2539 3087 verum
2571 3042 2627 3089 et
2642 3035 2851 3105 justum
2886 3036 2959 3090 sit
2989 3036 3111 3101 tibi,
3146 3046 3204 3093 et
3233 3053 3490 3096 mensura

244 3131 446 3201 ἡμερος
462 3131 596 3204 γένῃ
614 3132 707 3183 ἐπὶ
727 3131 825 3199 τῆς
848 3130 969 3201 γῆς,
997 3125 1064 3201 ἦς
1087 3130 1289 3201 Κύριος
1314 3133 1342 3184 6
1360 3131 1490 3194 θεός
1513 3147 1604 3183 σου
1632 3130 1815 3184 δίδωσί

246 3239 327 3274 σοι
352 3224 412 3273 ἐν
447 3222 631 3292 κλήρῳ
651 3261 666 3283 ,
694 3223 775 3275 ὃτι
802 3222 1079 3293 βδέλυγμα
1112 3222 1302 3295 Κυρίῳ
1328 3222 1406 3290 τῷ
1432 3221 1552 3292 Θεῷ
1587 3238 1680 3275 σου
1708 3224 1815 3285 πᾶς

244 3312 421 3366 ποιῶν
447 3313 632 3378 ταῦτα,
667 3314 776 3378 πᾶς
802 3312 972 3368 ποιῶν
1004 3315 1207 3369 ἄδικον.
1259 3333 1279 3366 ι
1327 3313 1437 3367 Καὶ
1467 3313 1629 3367 πάλιν
1653 3314 1712 3366 ὲν
1736 3311 1815 3383 τῷ

242 3403 544 3474 Λευῖτικῷο
580 3424 597 3456 ι
647 3403 735 3458 Ἑν
772 3404 991 3475 μέτροις
1027 3406 1123 3459 καὶ
1160 3403 1457 3478 σταθμίοις,
1498 3405 1592 3459 καὶ
1632 3403 1815 3472 ζυγοῖς

245 3492 385 3561 ζυγά
413 3494 620 3559 δίκαια,
657 3495 750 3548 καὶ
781 3495 1022 3565 στάθμια
1051 3496 1237 3551 δίκαια
1259 3539 1273 3562 ,
1308 3497 1404 3550 καὶ
1439 3494 1566 3569 χοῦ-ς
1609 3494 1813 3557 δίκαιος

246 3582 397 3636 ἔσται
440 3600 546 3638 σοι.
604 3602 622 3633 ι
671 3583 907 3654 Μέτροις
937 3583 992 3637 δὲ
1034 3586 1130 3638 καὶ
1174 3583 1460 3654 σταθμίοις
1492 3585 1587 3637 καὶ
1632 3582 1814 3650 ζυγοῖς

246 3675 511 3746 παρισοῦν
547 3671 605 3730 εὖ
659 3675 805 3745 μάλα
848 3676 946 3746 τῆς
997 3674 1345 3746 δικαιοσύνης
1394 3675 1520 3737 τοὺς
1580 3674 1813 3742 τρόπους

245 3767 499 3839 ἠπείγετο
527 3768 623 3822 καὶ
654 3769 797 3839 μάλα
820 3768 1023 3840 ὀρθῶς·
1054 3768 1178 3832 νοῦς
1202 3767 1310 3838 γὰρ
1332 3766 1493 3831 εὐθύς
1516 3782 1575 3819 τε
1607 3765 1703 3820 καὶ
1729 3782 1815 3834 φι-

247 3859 505 3925 λοδίκαιος
530 3859 845 3915 ταλαντεύει
877 3859 1078 3929 τρόπον
1109 3860 1229 3915 τινά
1261 3860 1355 3914 καί⁵
1377 3860 1674 3929 ἀναμετρεῖ
1704 3856 1813 3909 τῶν

248 3952 588 4024 πραγμάτων
631 3952 731 4015 τὰς
776 3951 1259 4026 φύσεις,,καιτὸν
1305 3951 1406 4022 τῆς
1438 3948 1681 4018 ἰσότητος
1714 3947 1812 4018 βα-

248 4043 449 4109 σανίζει
474 4043 657 4111 λόγον,
685 4043 1007 4116 λεπτότερόν
1030 4060 1091 4097 τε
1114 4042 1207 4096 καί⁸
1228 4042 1639 4114 ἀκριϐέστερον,
1671 4041 1814 4111 ἥπερ

246 4131 305 4185 ἂν
334 4133 501 4187 οἴοιτό
527 4149 614 4197 τις
642 4134 765 4196 τοὺς
793 4134 886 4187 ἐπὶ
923 4134 1255 4201 πλάστιγγος
1280 4132 1375 4185 καὶ
1414 4130 1602 4201 ζυγοῦ,
1640 4129 1702 4183 τδ
1730 4128 1813 4183 νό-

251 4242 425 4296 μισμα
478 4224 908 4294 δοκιμάζονταςο
953 4226 1242 4295 ὲπιμετρεῖ
1274 4222 1329 4276 δὲ
1366 4221 1554 4294 ῶσπερ
1599 4221 1814 4290 ἑκάστῳ

246 4316 349 4368 τῶν
382 4315 778 4388 θεωρουμένων
805 4317 865 4371 τὸ
893 4317 972 4370 ὅτι
1006 4315 1240 4387 μάλιστα
1266 4313 1474 4385 πρέπον
1497 4310 1665 4382 αὐτῷ,
1690 4309 1813 4364 οὔτε

244 4407 322 4479 τῷ
339 4406 583 4477 περιττῷ
601 4407 702 4478 τῆς
722 4406 983 4479 ἀκριϐοῦς
1010 4406 1253 4477 ἰσότητος
1278 4402 1571 4475 παραλύων
1595 4402 1810 4466 κάλλος.

243 4496 363 4550 οὔτε
390 4496 501 4568 μὴν
531 4499 598 4567 τῇ
634 4496 774 4567 πρὸς
810 4495 874 4548 τὸ
907 4497 1057 4563 μεῖον
1100 4493 1367 4563 ὑποφορῷ
1398 4489 1815 4562 παραχαράττε-

246 4586 367 4640 σθαι
388 4587 694 4657 συγχωρῶν
717 4586 777 4639 τὸ
805 4586 880 4649 ὼς
903 4587 960 4639 ὲν
989 4586 1196 4656 ἰσότητι
1222 4582 1463 4654 διαρκές.
1490 4583 1673 4634 Ἔστω
1701 4581 1813 4633 τοί-

245 4697 337 4732 νυν
356 4680 500 4745 ζυγά
522 4679 615 4731 καὶ
636 4677 872 4748 στάθμια
886 4677 1088 4742 δίκαια,
1111 4677 1203 4731 καὶ
1225 4675 1354 4747 χοῦς
1374 4673 1599 4745 δίκαιος,
1625 4673 1811 4744 φησίν

244 4766 350 4823 εἷεν
381 4768 429 4821 δ’
464 4768 550 4835 ἂν,
574 4765 748 4839 οἶμαι,
792 4768 970 4831 ταυτὶ,
994 4767 1153 4822 τύποι
1180 4769 1325 4831 τινὲς
1362 4767 1551 4840 ὥσπερ
1592 4766 1683 4820 καὶ
1709 4766 1813 4834 ὲμ-

244 4858 387 4930 φανῆ
418 4858 839 4931 παραδείγματα
863 4899 879 4924 ,
903 4857 1137 4929 τρόπους
1168 4860 1299 4929 ἡμῖν
1335 4856 1721 4927 ὑποφαίνοντα,
1744 4852 1811 4906 δι’

242 4944 423 5024 ὧνπερ
451 4951 520 5006 ἂν
560 4953 691 5022 ἡμῖν
726 4953 755 5005 6
783 4949 881 5020 τῆς
916 4948 1178 5022 ἀκριϐοῦς
1220 4949 1463 5022 ἰσότητος
1495 4942 1814 5018 διερευνῷτο

244 5044 431 5112 λόγος,
467 5043 563 5097 καὶ
591 5043 625 5113 ἡ
656 5042 759 5112 τῆς
800 5040 1147 5112 δικαιοσύνης
1183 5042 1538 5109 ἀναφανεῖται
1584 5037 1809 5106 γνῶσις.

243 5135 401 5199 Σὺνες
418 5134 476 5187 δὲ
500 5134 584 5187 ὅτι
608 5133 1006 5203 συμμετρεῖται
1053 5132 1152 5203 μὲν
1179 5131 1249 5185 τὰ
1281 5134 1338 5187 ὲν
1359 5132 1529 5202 νόμῳ,
1563 5131 1658 5185 καὶ
1687 5132 1813 5202 ὅρον

240 5225 351 5297 ἔχει
378 5225 478 5297 τὴν
505 5220 880 5293 δικαιοσύνην,
904 5221 1127 5275 πλουτεῖ
1148 5221 1205 5274 δὲ
1232 5222 1292 5275 τὸ
1317 5222 1524 5292 μεῖζον,
1557 5221 1652 5274 καὶ
1675 5219 1811 5273 πολὺ

239 5319 300 5391 δὴ
333 5319 450 5372 λίαν
487 5317 752 5371 ἐπέκεινα
789 5314 972 5385 τρέχει
1008 5312 1079 5366 τὰ
1118 5312 1207 5366 διά
1234 5312 1491 5384 Χριστοῦ.
1523 5312 1672 5382 Πέρα
1704 5311 1812 5382 γὰρ

239 5410 439 5464 δικαίου
464 5410 524 5464 τὸ
542 5408 772 5478 ἀγαθὸν,
792 5407 1058 5471 τουτέστι,
1087 5404 1185 5473 τῆς
1208 5406 1265 5457 ὲν
1286 5403 1505 5475 Χριστῷ
1539 5402 1811 5465 πολιτείας

239 5505 270 5574 ἡ
293 5503 439 5569 δόξα.

294 5599 337 5630 δ’
369 5599 386 5653 1
414 5598 542 5655 Cor.
574 5612 694 5659 xui,
723 5592 838 5646 5-8.
913 5592 957 5623 δ’
975 5592 1138 5647 Prov.
1168 5606 1277 5654 τινι,
1306 5592 1359 5644 5.

554 5688 834 5747 PATBUL.
866 5684 982 5746 Gn.
1020 5680 1300 5743 LXVIII.

1917 3137 2047 3175 vera
2071 3131 2127 3176 et
2143 3123 2289 3193 justa
2313 3123 2384 3177 sit
2408 3123 2529 3189 tibi,
2556 3133 2618 3180 ut
2638 3125 2917 3195 longaevus
2938 3126 3014 3181 sis
3036 3127 3091 3181 in
3114 3135 3283 3192 terra,
3324 3145 3489 3198 quam

1916 3212 2181 3266 Dominus
2208 3214 2351 3267 Deus
2385 3223 2510 3268 tuus
2540 3214 2631 3269 dat
2668 3214 2767 3268 tibi
2808 3214 2861 3269 in
2901 3216 3321 3284 possessionem,
3360 3220 3491 3288 quia

1916 3303 2247 3359 abominatio
2265 3312 2348 3358 est
2369 3306 2599 3361 Domino
2618 3307 2729 3361 Deo
2753 3314 2847 3360 tuo
2867 3307 3065 3371 omnis,
3088 3308 3184 3378 qui
3202 3308 3332 3364 facit
3348 3311 3485 3374 haec,

1916 3397 2114 3460 omnis,
2140 3397 2232 3468 qui
2269 3399 2615 3469 iniquitatem
2642 3400 2772 3455 facit
2796 3399 2860 3455 ".
2910 3420 2927 3450 ι
2958 3400 3025 3455 Ει
3050 3400 3252 3456 iterum
3292 3402 3350 3457 in
3382 3403 3488 3459 Le-

1916 3488 2083 3543 vitico
2114 3508 2124 3541 :
2160 3509 2177 3540 ‹
2214 3490 2273 3545 In
2306 3491 2607 3556 mensuris,
2646 3499 2703 3546 et
2740 3491 3096 3563 ponderibus,
3137 3501 3194 3548 et
3231 3496 3483 3561 stateris;

1916 3589 2131 3636 staterae
2162 3582 2341 3651 justte,
2383 3590 2439 3636 et
2470 3582 2713 3653 pondera
2748 3584 2915 3653 justa,
2958 3593 3014 3638 et
3048 3599 3303 3640 mensura
3339 3587 3488 3658 justa

1917 3672 2026 3728 sint
2052 3672 2149 3728 tibi
2170 3672 2231 3727 ιδ.
2266 3692 2284 3724 ι
2323 3673 2592 3729 Meusuris
2615 3674 2782 3745 igitur
2802 3681 2859 3730 et
2880 3674 3217 3746 ponderibus
3240 3685 3296 3732 et
3326 3687 3489 3734 state-

1916 3764 1994 3818 ris
2024 3764 2314 3835 diligenter
2340 3780 2660 3836 comparare
2682 3767 2909 3837 justitite
2933 3782 3137 3838 genera
3170 3767 3400 3833 studuit,
3432 3778 3491 3824 ct

1915 3853 2133 3922 quidem
2160 3853 2364 3923 optime
2384 3872 2398 3920 ;
2422 3854 2639 3910 animus
2666 3855 2813 3910 enim
2845 3864 3029 3911 rectus
3066 3864 3121 3912 et
3138 3856 3274 3928 justi
3299 3873 3489 3914 amans

1914 3943 2174 4012 appendit
2200 3943 2604 4013 quodammodo
2648 3952 2703 3998 et
2746 3944 2971 3998 metitur
3017 3958 3203 3998 rerum
3241 3953 3484 4008 naturas,

1913 4043 1969 4089 et
1989 4034 2316 4104 azqualitatis
2342 4036 2610 4089 rationem
2656 4033 2914 4088 subtilius
2951 4041 3007 4087 et
3045 4034 3358 4088 accuratius
3389 4049 3487 4088 cx-

1914 4124 2103 4193 quirit,
2127 4140 2290 4194 quam
2318 4124 2354 4178 ii
2380 4123 2558 4179 facere
2581 4130 2859 4192 putantur,
2889 4121 2982 4190 qui
3009 4122 3067 4174 in
3087 4122 3242 4176 lance
3267 4130 3324 4178 et
3344 4120 3485 4177 libra

1914 4215 2203 4285 pecuniam
2230 4215 2485 4285 probant,
2513 4222 2567 4268 ct
2601 4212 2827 4281 singulis
2850 4211 3034 4274 rebus,
3073 4225 3208 4280 quas
3236 4218 3485 4266 contem-

1918 4306 2115 4375 platur,
2150 4306 2281 4376 quid
2316 4305 2548 4359 maxime
2590 4302 2797 4365 deceat,
2837 4301 3150 4366 admetitur,
3185 4316 3364 4371 neque
3392 4316 3483 4357 re—

1917 4397 2217 4452 dundantia
2279 4395 2605 4465 aequalitatis
2658 4393 2943 4463 exquisitae
3016 4391 3480 4462 pulchritudinem

1915 4486 2249 4556 corrumpit;
2281 4500 2458 4556 neque
2483 4500 2673 4540 rursus
2695 4483 3080 4539 imminutione
3105 4483 3158 4538 id
3182 4483 3481 4538 adulterari
3513 4541 3517 4546 ,

1915 4580 2066 4644 sinit,
2098 4579 2245 4650 quod
2266 4587 2351 4633 est
2371 4576 2696 4647 aequalitatis
2719 4576 2928 4632 ratione
2955 4576 3107 4630 satis.
3142 4574 3264 4629 Sint
3296 4575 3483 4644 itaque

1915 4682 2132 4728 staterae
2156 4681 2211 4726 et
2242 4670 2485 4741 pondera
2503 4670 2673 4740 justa,
2703 4677 2760 4725 et
2789 4684 3043 4725 mensura
3077 4669 3244 4737 justa,
3286 4666 3483 4736 inquit.

1918 4762 2042 4819 Haec
2063 4772 2267 4827 autem,
2290 4770 2352 4817 ut
2370 4761 2586 4832 opinor,
2605 4769 2861 4830 tanquam
2886 4759 3069 4830 ﬁgurae
3091 4757 3337 4828 quaedam
3358 4768 3489 4813 sunt

1917 4859 1973 4904 et
2013 4851 2259 4921 exempla
2300 4850 2610 4921 perspicua,
2655 4864 2777 4919 quae
2824 4845 3015 4902 modos
3053 4846 3215 4903 nobis
3255 4845 3487 4901 demon-

1919 4948 2113 5006 strant,
2145 4957 2244 5011 per
2282 4956 2421 5011 quos
2452 4956 2481 4995 a
2504 4940 2664 4994 nobis
2699 4946 2967 4993 accuratae
2989 4934 3319 5007 :equalitatis
3349 4937 3488 4990 ratio

1918 5031 2260 5099 exquiratur,
2298 5037 2354 5085 et
2385 5029 2611 5101 justitia:
2644 5026 2883 5097 cognitio
2915 5034 3193 5096 appareat.
3225 5024 3488 5084 Animad—

1919 5130 2073 5177 verte
2106 5132 2289 5178 autem
2311 5137 2396 5187 ea,
2421 5134 2544 5191 quae
2572 5126 2701 5172 sunt
2733 5119 2784 5172 in
2812 5118 2931 5187 lege
2956 5117 3291 5183 mensurari,
3321 5126 3379 5172 et
3395 5117 3489 5186 ju—

1918 5214 2066 5268 stitia
2093 5221 2349 5284 tanquam
2377 5213 2482 5266 fine
2512 5208 2827 5274 terminari;
2851 5223 2968 5264 esse
2990 5218 3173 5263 autem
3201 5207 3486 5277 ampliora,

1919 5321 2039 5374 quae
2077 5319 2175 5373 per
2211 5302 2487 5357 Christum
2526 5299 2725 5354 tradita
2767 5304 2915 5361 sunt,
2963 5308 3019 5353 et
3063 5297 3220 5368 longe
3257 5293 3490 5349 ulterius

1920 5395 2200 5467 progredi;
2236 5408 2363 5448 nam
2394 5392 2468 5457 id,
2494 5390 2638 5462 quod
2672 5392 2880 5461 justum
2911 5399 3014 5455 est,
3039 5404 3069 5442 a
3095 5387 3257 5450 bono,
3292 5382 3347 5436 id
3382 5392 3487 5449 est,

1918 5506 1949 5543 a
1981 5487 2305 5543 Christianae
2328 5484 2757 5542 conversationis
2781 5483 2950 5555 gloria
2970 5522 2984 5545 ,
3008 5476 3311 5535 exceditur.

1432 5592 1474 5622 ⁵³
1505 5590 1663 5644 Deut.
1708 5584 2037 5652 xxv,13-16.
2096 5583 2137 5615 “
2172 5582 2345 5636 Levit.
2372 5596 2482 5643 xxx,
2507 5579 2593 5632 35.

3141 5661 3207 5722 17
