3966 6298
450 255 554 311 5‘23

1469 240 1524 295 S.
1565 234 1841 294 CYRILLI
1877 228 2347 289 ALEXANDRINI
2386 228 2701 286 ARCHIEP.

3611 226 3716 284 εει

520 370 719 431 PALL.
746 364 1121 425 Pmclareais
1145 379 1158 417 :
1187 358 1410 417 memini
1435 358 1583 413 enim
1610 356 1698 422 iis,
1720 355 1814 426 qui
1845 355 1901 408 in
1929 351 2035 407 ﬁde

2206 349 2417 403 HAAA.
2449 344 2522 401 Εὖ
2548 347 2746 415 λέγεις.
2785 344 3153 415 Μεμνήσομαι
3176 342 3284 416 γὰρ
3314 346 3426 408 τοῖς
3448 344 3506 397 ἐν
3540 345 3719 397 πίστει

449 462 732 541 iustificati
757 465 934 523 erant,
967 454 1253 513 Christum
1282 459 1470 523 aperte
1505 447 1749 541 dixisse:
1790 446 2040 541 «nmen,

454 538 614 616 amen
640 553 765 610 dico
791 549 968 615 vobis,
999 547 1106 603 nisi
1132 544 1294 618 2&5
1327 540 1692 598 abundaverit
1708 538 1922 610 iustitia
1950 550 2045 590 ve-

453 659 566 707 stra
597 647 722 719 plus
742 657 908 715 quam
930 639 1250 697 Scribarum
1273 642 1328 689 et
1353 631 1779 695 Pharisaeorum,
1817 642 1926 682 non
1953 626 2041 680 in-

454 739 671 796 trabitis
709 736 766 791 in
793 746 1024 805 regnum
1047 729 1314 785 cmlorum
1336 724 1405 777 ".
1440 741 1458 774 ι

522 830 682 888 CYR.
709 826 817 882 Sed
839 825 957 880 haec
978 819 1201 892 quidem
1232 816 1299 871 ad
1321 815 1472 869 hunc
1493 810 1720 867 modum
1743 807 2043 863 constituta

454 924 583 981 sint.
608 923 727 979 Jam
749 960 764 986 ,
789 918 836 974 si
866 916 942 971 ita
979 913 1202 968 videtur
1223 950 1240 975 ,
1271 905 1522 962 Mosaicae
1557 901 1854 975 probitatis
1885 914 2042 955 men-

455 1028 675 1080 suram,
720 1019 777 1067 et
819 1007 1049 1082 iustitiae
1091 1001 1393 1059 secundum
1437 997 1620 1074 legem
1651 993 1889 1066 gloriam
1919 1008 2045 1082 perf

454 1106 788 1177 vestigemus
805 1080 941 1170 {qui
962 1095 1113 1152 enim
1134 1091 1361 1165 iustitiae
1382 1087 1752 1159 cognitionem
1777 1080 2042 1153 consequi

454 1206 604 1253 recte
626 1192 843 1257 studet,
868 1197 1034 1260 atque
1058 1187 1115 1241 in
1134 1182 1427 1255 diligendis
1448 1179 1718 1235 fratribus
1733 1217 1747 1243 ,
1772 1177 2043 1233 excellere

455 1300 713 1360 magnum
749 1290 935 1356 putat,
966 1295 1095 1335 eum
1135 1277 1357 1331 ﬁrmum
1382 1289 1446 1328 ac
1470 1270 1721 1327 stabilem
1744 1311 1759 1335 ,
1806 1268 2043 1339 denique

454 1381 650 1446 talem,
675 1376 856 1448 qualis
898 1386 1090 1429 revera
1114 1377 1230 1436 est,
1260 1366 1501 1439 spectari
1523 1365 1712 1429 decet,
1747 1379 1858 1418 non
1884 1361 2043 1417 inﬁr-

456 1486 608 1528 mum
635 1484 700 1526 ac
722 1467 900 1523 levem
920 1507 934 1532 ,
969 1477 1149 1533 neque
1192 1460 1379 1516 fucata
1402 1457 1676 1530 probitate
1701 1453 1996 1526 praeditum
2023 1495 2039 1520 ,

457 1580 522 1621 ac
540 1561 711 1620 veluti
737 1560 857 1616 ovis
897 1558 1039 1630 pelle
1077 1554 1193 1624 lupi
1219 1551 1453 1609 formam
1496 1554 1911 1617 contegentem,
1945 1543 2042 1599 sed

459 1654 645 1725 potius
665 1650 807 1717 niti,
849 1658 913 1704 ut
939 1646 1143 1703 nudam
1168 1651 1226 1699 et
1268 1638 1717 1713 reprehensionis
1757 1644 2041 1706 expertem

2144 436 2584 511 δεδικαιωμένοις
2627 434 2928 499 διειπόντος
2955 434 3226 505 Χριστοῦ·
3268 454 3287 487 ι
3335 434 3525 506 Ἀμὴν,
3550 435 3717 504 ἀμὴν,

2144 532 2287 601 λέγω
2326 533 2478 602 ὑμῖν,
2520 529 2616 582 ἐὰν
2653 528 2728 599 μὴ
2770 526 3106 598 περισσεύσῃ
3144 529 3177 600 ἡ
3211 527 3527 598 δικαιοσύνη
3568 525 3723 596 ὑμῶν

2145 621 2310 677 πλέον
2335 621 2445 675 τῶν
2470 619 2851 690 Γραμματέων
2877 619 2974 672 καὶ¹
2998 617 3331 690 Φαρισαίων,
3358 619 3419 671 οὐ
3443 617 3518 690 μὴ
3548 618 3724 671 εἰσέλ-

2143 715 2271 788 θητε
2303 716 2384 778 είς
2412 712 2512 785 τὴν
2535 710 2812 784 βασιλείαν
2835 710 2945 764 τῶν
2972 710 3238 783 οὐρανῶν.
3272 729 3290 762 ι

2213 802 2376 859 ΚΥΡ.
2420 802 2562 855 Ἀλλ’
2598 794 2699 855 ὧδε
2734 801 2832 873 μὲν
2860 802 2994 873 ἡμῖν
3025 800 3197 872 ἐχέτω
3227 802 3416 855 ταυτί”
3449 803 3726 874 πολυπραο

2143 892 2437 964 γμονῶμεν
2477 893 2554 958 δὲ,
2603 893 2652 945 εἰ
2692 892 2860 955 δοκεῖ,
2908 892 3007 963 τῆς
3065 892 3372 964 Μωάαϊκῆς
3419 895 3725 958 ἐπιεικείας

2144 983 2210 1037 τὸ
2260 978 2479 1056 μέτρον,
2528 982 2620 1037 καὶ
2671 982 2771 1054 τῆς
2825 983 2968 1036 κατά
3011 981 3176 1053 νόμον
3246 982 3600 1054 δικαιοσύνης
3628 983 3728 1056 τὴν

2142 1075 2302 1140 δόξαν
2322 1092 2335 1106 ο
2366 1075 2458 1129 τὸν
2489 1077 2681 1147 γάρτοι
2709 1075 3019 1148 φιλοθηρεϊν
3052 1074 3146 1128 τοῦ
3194 1073 3541 1147 δικαίου⁹τὴν
3580 1076 3720 1144 γνῶ-

2144 1184 2228 1221 σιν
2270 1166 2538 1238 ὀρθότατα
2580 1167 3028 1233 διεσπουδακότα,
3080 1169 3175 1222 καὶ
3231 1168 3339 1241 μὴν
3377 1170 3472 1224 καὶ
3513 1171 3575 1224 τὸ
3607 1171 3725 1224 διοι-

2143 1257 2376 1330 πρέπειν
2425 1259 2484 1313 έν
2536 1259 2813 1330 ἀγαπήσει
2867 1261 3030 1331 τυχὸν
3083 1263 3148 1332 τῇ
3212 1261 3347 1332 πρὸς
3378 1261 3640 1331 ἀδελφοὺς
3669 1264 3729 1315 ἓν

2142 1352 2286 1424 λόγῳ
2339 1352 2729 1423 πεποιημένον,
2778 1355 2994 1426 ἀσφαλῆ
3040 1373 3100 1409 τε
3144 1357 3238 1410 καὶ
3286 1355 3579 1427 βεϐηκότα,
3634 1357 3729 1410 καὶ

2142 1446 2281 1517 ὅπερ
2310 1445 2458 1500 ἐστὶν
2491 1445 2728 1516 ἀληθῶς,
2757 1446 2987 1519 ὁρᾶσθαι
3019 1446 3239 1518 πρέπει,
3282 1448 3383 1502 οὐκ
3409 1447 3729 1502 εύκατάσει-

2144 1553 2286 1603 στον,
2321 1537 2440 1591 ούδέ
2476 1537 2731 1609 ἐλαφρὸν,
2766 1538 2830 1592 οὐ
2854 1538 3232 1593 κατάπλαστον
3277 1538 3469 1610 ἔχοντα
3500 1539 3563 1593 rb
3590 1557 3727 1611 χρη-

2143 1627 2287 1694 στὸν,
2314 1630 2405 1682 καὶ
2432 1628 2622 1702 ὥσπερ
2649 1630 2760 1694 ὄϊος
2786 1630 2865 1702 τῷ
2886 1631 3067 1703 κωδίῳ
3094 1629 3452 1696 κατασκιάζει
3480 1630 3733 1685 ἐθέλοντα

459 1707 687 1802 suorum
710 1754 928 1798 morum
965 1737 1276 1795 libertatem
1301 1733 1568 1797 retineat;
1595 1729 1829 1798 ideoque
1868 1725 2047 1797 inquit

2158 1719 2244 1792 τὴν
2268 1719 2432 1774 λύκου
2467 1721 2702 1793 μορφὴν,
2740 1721 2942 1792 μᾶλλον
2981 1722 3039 1776 δὲ
3073 1723 3287 1794 γυμνὴν
3331 1722 3426 1776 καὶ
3469 1721 3731 1795 ἀνεπίλη-

459 1839 590 1893 lex:
627 1855 645 1888 ι
672 1835 793 1892 Νοιι
841 1829 1150 1888 ambulabis
1190 1825 1378 1881 dolose
1415 1822 1472 1877 in
1512 1829 1673 1893 gente
1699 1828 1822 1885 tua,
1868 1834 2046 1889 neque

457 1922 647 1978 oderis
688 1920 915 1976 fratrem
961 1926 1114 1972 tuum
1159 1914 1218 1968 in
1264 1911 1433 1967 corde
1481 1919 1576 1964 tuo
1620 1908 1684 1962 ⁸⁸.
1718 1929 1736 1960 ι
1784 1908 2047 1963 Eamdem

460 2029 679 2084 quoque
722 2026 839 2067 rem
884 2010 1046 2065 aliter
1085 2007 1282 2079 ponit:
1338 2022 1356 2055 ι
1402 2002 1473 2057 Et
1516 2009 1700 2065 veste,
1747 2000 2049 2070 inquit,ex

461 2105 679 2160 duobus
725 2111 870 2158 texta
914 2116 1023 2155 non
1072 2096 1325 2153 iudueris
1346 2095 1410 2149 “.
1444 2114 1461 2145 ι
1491 2094 1559 2148 Ει
1602 2106 1834 2153 rursus:
1868 2111 1887 2141 ι
1927 2090 2047 2146 Non

462 2198 657 2253 indues
700 2194 1063 2250 adulteratam
1098 2198 1309 2246 vestem
1341 2203 1408 2243 ex
1450 2187 1574 2241 lana
1616 2184 1840 2255 linoque
1884 2183 2046 2238 simul

460 2286 766 2342 confectam
792 2283 859 2338 ⁸³.
891 2301 908 2334 ›
937 2279 1334 2338 Gravissimum
1359 2275 1507 2331 enim
1541 2289 1671 2329 sane
1695 2274 1905 2327 crimen
1930 2280 2047 2337 est,

460 2389 517 2434 et
544 2377 635 2434 cui
682 2375 832 2431 nulla
882 2372 1245 2444 reprehensio
1285 2369 1357 2426 sit
1394 2367 1560 2431 satis,
1595 2365 1686 2419 illa
1711 2364 1767 2417 in
1791 2363 2049 2434 opinione

461 2469 756 2540 probitatis
799 2465 1014 2521 fallacia
1045 2472 1103 2518 et
1125 2463 1317 2528 dolus;
1362 2471 1538 2528 eaque
1580 2469 1670 2511 res
1712 2463 1798 2510 est
1834 2455 1946 2509 Deo
1990 2452 2048 2507 in

461 2560 658 2629 primis
682 2558 874 2613 odiosa
894 2595 909 2620 ,
935 2564 992 2609 et
1014 2560 1301 2625 cognatam
1312 2549 1428 2605 fere
1453 2561 1672 2617 semper
1694 2545 1861 2600 habet
1882 2543 2050 2598 animi

463 2648 873 2719 duplicitatem,
910 2654 969 2699 et
998 2642 1134 2698 illud
1178 2639 1466 2697 sententiae
1509 2647 1769 2706 tanquam
1817 2634 2051 2690 biforme

462 2741 787 2809 variumque
852 2743 1206 2807 portentum;
1250 2731 1454 2802 quibus
1521 2729 1690 2784 rebus
1754 2743 1911 2783 mens
1958 2726 2051 2782 illa

464 2831 650 2887 divina
671 2839 729 2885 et
750 2826 1078 2883 immortalis
1098 2825 1166 2880 ad
1205 2825 1343 2879 iram
1393 2823 1629 2878 maxime
1649 2829 2046 2878 commovetur.

2149 1829 2282 1867 πτον
2317 1813 2459 1885 ἔχειν
2492 1814 2812 1884 ἐπείγεσθαι
2839 1814 2932 1869 τοῦ
2975 1814 3102 1869 ίδίου
3124 1815 3332 1887 τρόπου
3362 1815 3461 1887 τὴν
3507 1816 3730 1869 ἐλευθε-

2151 1905 2293 1977 ρίαν.
2344 1906 2635 1977 Τοιγάρτοι
2675 1906 2840 1978 φησιν
2868 1909 2895 1961 ὁ
2923 1908 3116 1978 νόμος·
3159 1926 3178 1959 ι
3206 1906 3280 1961 Ού
3312 1908 3550 1979 πορεύσῃ
3596 1907 3733 1978 δόλῳ

2147 2001 2205 2054 ἐν
2234 1999 2312 2052 τῶ
2356 1997 2498 2054 ἔθνει
2534 2016 2650 2064 σου,
2681 1999 2777 2053 καὶ
2822 1999 2884 2053 οὐ
2937 2001 3191 2072 μισήσεις
3222 2000 3315 2054 τὸν
3355 2000 3583 2069 ἀδελφόν
3635 2017 3737 2053 σου

2146 2093 2214 2163 τῇ
2250 2090 2451 2165 καρδίᾳ
2486 2107 2600 2145 σου.
2630 2111 2649 2145 ι
2694 2091 2891 2163 Τίθησί
2921 2109 2981 2145 τε
3017 2093 3111 2146 καὶ
3141 2092 3343 2164 ἑτέρως
3371 2093 3535 2146 αὐτόο
3566 2111 3584 2143 ι
3620 2094 3737 2146 Καὶ

2154 2180 2367 2252 ἱμάτιον
2414 2182 2544 2254 γὰρ,
2595 2182 2781 2253 φησιν,
2831 2184 2896 2235 ὲκ
2924 2181 3018 2235 δύο
3060 2182 3369 2252 ὑφασμένον
3408 2183 3510 2235 οὐκ
3541 2182 3735 2235 ἐπισα-

2147 2273 2260 2338 λεῖς
2321 2272 2554 2344 σεαυτῷ’
2590 2293 2609 2326 ι
2647 2274 2742 2328 καὶ
2787 2274 2981 2328 πάλιν·
3036 2294 3055 2326 ι
3093 2276 3206 2328 Οὐκ
3240 2273 3435 2347 ἐνδύσῃ
3481 2274 3740 2346 κίϐδηλον

2148 2363 2295 2434 ἔριον
2340 2365 2433 2419 καὶ
2465 2365 2609 2419 λίνον
2642 2366 2700 2418 ἐν
2730 2364 2807 2435 τῷ
2845 2365 3012 2435 αὐτῷ.
3045 2383 3064 2417 ι
3104 2362 3393 2419 Πάνδεινον
3427 2366 3537 2437 γὰρ
3570 2366 3738 2438 ,ἀλη-

2151 2455 2259 2518 θῶς
2291 2456 2381 2509 κστ
2435 2455 2626 2526 μώμου
2667 2453 2869 2519 παντὸς
2896 2455 3175 2521 ἐπέκεινα,
3211 2457 3323 2518 τοϊς
3354 2456 3414 2509 ἐν
3452 2455 3725 2526 ὑπολήψει

2148 2549 2516 2621 χρηστότητος
2542 2546 2727 2619 ἀπάτη
2770 2547 2865 2602 καὶ
2887 2547 3037 2612 δόλος
3071 2564 3083 2578 ·
3136 2548 3229 2601 καὶ
3281 2547 3396 2602 ἔστι
3444 2548 3504 2601 τὸ
3545 2547 3742 2621 χρῆμα

2149 2639 2259 2694 τῶν
2307 2641 2447 2710 ἄγαν
2493 2639 2646 2711 παρά
2686 2638 2808 2710 Θεῷ
2854 2638 3373 2710 κατεστυγημένων,
3422 2639 3517 2693 καὶ
3570 2639 3743 2693 ἀδελ-

2155 2731 2264 2804 φὴν
2301 2731 2424 2804 ἔχον
2467 2730 2555 2786 ἀεί
2588 2749 2704 2794 πως
2758 2730 2856 2803 τὴν
2895 2729 3167 2800 διψυχίαν,
3205 2731 3298 2784 καὶ
3337 2732 3399 2785 τὸ
3443 2732 3605 2786 οἱονεὶ
3638 2733 3742 2802 τῆς

2151 2823 2376 2895 γνώμης
2416 2823 2603 2893 διφυές
2652 2839 2711 2876 τε
2756 2823 2853 2876 καὶ
2884 2806 3354 2892 ίάλλοπρόσαλλον,
3395 2825 3481 2894 ἐφ’
3515 2819 3599 2889 οἷς
3649 2826 3743 2880 ὅτι

464 2924 614 2979 Dixit
651 2922 802 2978 enim
847 2926 997 2975 certe
1029 2917 1098 2972 de
1141 2915 1473 2988 quibusdam
1505 2934 1519 2969 :
1554 2935 1571 2966 ι
1604 2914 1812 2985 Sagitta
1854 2914 2051 2968 vulne-

2158 2917 2393 2988 μάλιστα
2454 2914 2832 2986 καταθήγεται
2876 2914 3015 2986 πρὸς
3050 2914 3220 2987 όργάς
3269 2918 3297 2970 ό
3349 2914 3491 2981 θεῖός
3537 2933 3597 2970 τε
3643 2917 3745 2971 καὶ

466 3029 601 3070 rans
632 3012 821 3082 lingua
863 3024 1059 3066 eorum
1087 3025 1099 3063 :
1127 3007 1316 3063 dolosa
1365 3007 1512 3063 enim
1559 3015 1688 3061 sunt
1723 3004 1890 3060 verba
1936 3005 2052 3058 oris

2158 3009 2429 3080 ἀκήρατος
2465 3006 2611 3071 νοῦς.
2656 3008 2801 3077 Ἔφη
2830 3006 2938 3079 γάρ
2972 3023 3074 3060 που
3118 3006 3250 3079 περί
3279 3024 3442 3061 τινων
3464 3025 3478 3040 ο
3535 3027 3555 3058 ι
3581 3008 3744 3073 Βολ“ις

467 3114 691 3166 eorum;
714 3099 969 3170 proximo
1012 3112 1113 3153 suo
1161 3096 1411 3166 loquitur
1434 3095 1660 3167 pacifica
1680 3137 1695 3161 ,
1721 3103 1777 3150 et
1799 3094 1944 3150 intra
1991 3109 2050 3150 se

2158 3098 2535 3171 τιτρώσκουσα
2567 3100 2602 3170 ἠ
2657 3097 2878 3166 γλῶσσα
2922 3096 3101 3152 αὐτῶν
3131 3114 3145 3128 ·
3181 3098 3329 3154 δόλια
3366 3098 3475 3171 γὰρ
3524 3098 3594 3153 τὰ
3642 3101 3747 3171 ρη-

467 3193 637 3249 habet
656 3190 997 3247 inimicitias.
1044 3188 1302 3260 Nunquid
1339 3204 1504 3261 super
1524 3188 1615 3245 his
1638 3204 1751 3244 non
1773 3187 2053 3243 visitabo?

470 3282 606 3339 dicit
643 3280 942 3345 Dominus,
976 3287 1074 3334 aut
1117 3277 1174 3332 in
1222 3276 1427 3349 populo
1470 3276 1565 3332 tali
1602 3293 1713 3333 non
1754 3277 2053 3333 ulciscetur

472 3374 654 3429 anima
695 3386 817 3428 mea
858 3371 941 3425 “ﬁt
971 3390 989 3422 ι
1045 3370 1419 3426 Ascensurum
1451 3385 1671 3441 quoque
1711 3370 1767 3424 in
1813 3379 2054 3426 montem

472 3466 571 3521 Dei
601 3465 782 3535 inquit
803 3462 975 3519 David
1000 3504 1014 3529 ,
1063 3464 1414 3519 innocentem
1458 3462 1715 3518 manibus
1732 3503 1746 3528 ,
1771 3470 1829 3517 et
1850 3462 2057 3517 mundo

473 3557 678 3622 corde,
706 3556 801 3627 qui
842 3571 954 3611 non
994 3554 1126 3610 fecit
1165 3554 1352 3609 dolum
1393 3555 1449 3609 in
1494 3554 1680 3625 lingua
1704 3568 1834 3619 sua,
1878 3568 2057 3624 neque

476 3649 607 3704 fecit
645 3647 897 3719 proximo
935 3662 1036 3701 suo
1079 3646 1284 3701 malum
1311 3644 1379 3699 ‘°.
1408 3645 1568 3700 Vetat
1613 3644 1781 3716 igitur
1823 3644 1912 3700 lex
1937 3653 2058 3700 tan-

475 3755 642 3811 quam
667 3754 783 3796 rem
807 3739 1185 3810 turpissimam
1207 3778 1221 3803 ,
1245 3744 1305 3793 et
1324 3739 1381 3792 in
1416 3737 1612 3808 primis
1636 3737 1929 3792 absurdam
1949 3778 1962 3802 ,
1989 3752 2058 3792 ne

477 3831 602 3899 quis
637 3829 695 3883 in
736 3828 865 3883 dolo
906 3828 1185 3894 ambulet,
1231 3827 1288 3883 id
1331 3835 1448 3893 est,
1496 3844 1565 3882 ne
1604 3827 1858 3883 callidam
1896 3835 2060 3899 atque

477 3926 716 3975 astutam
737 3919 866 3974 vitae
895 3918 1162 3975 rationem
1188 3919 1549 3990 amplectatur
1568 3959 1583 3985 ,
1606 3928 1663 3974 et
1684 3934 1809 3975 cum
1838 3920 2063 3991 iustitiae

477 4008 718 4079 speciem
740 4007 964 4064 simulet
978 4049 993 4074 ,
1036 4008 1366 4079 contemptis
1387 4007 1671 4065 cbaritatis
1693 4008 1926 4080 legibus,
1950 4008 2064 4064 fra-

476 4110 596 4156 tres
612 4098 792 4155 laadat.
822 4099 1042 4155 Vestem
1086 4106 1357 4170 praeterea
1379 4114 1482 4155 nos
1518 4099 1723 4156 habere
1745 4114 1856 4155 non
1881 4101 2065 4157 sinite

478 4192 698 4248 duobus
742 4199 1087 4259 contextam;
1116 4206 1223 4262 qua
1265 4192 1322 4247 in
1369 4206 1430 4248 re
1477 4192 1708 4264 ﬁgurate
1750 4191 2063 4264 signiﬁcat,

479 4282 785 4340 cavendum
808 4299 929 4341 esse
952 4300 1023 4340 ne
1062 4285 1230 4340 veluti
1255 4284 1634 4357 duplicitatem
1666 4287 1960 4358 quamdam
2007 4290 2064 4342 iu

2160 3207 2306 3262 ματα
2357 3188 2452 3243 τοῦ
2502 3187 2770 3259 στόματος
2820 3187 2999 3242 αὐτῶν
3029 3204 3043 3220 ·
3095 3187 3175 3259 τῷ
3209 3188 3435 3260 πλησίον
3457 3189 3621 3244 αύτοῦ
3646 3189 3749 3242 λα-

2157 3282 2240 3337 λεῖ
2281 3280 2350 3336 τὰ
2402 3279 2676 3351 εἰρηνικά,
2715 3281 2809 3334 καὶ
2852 3281 2911 3335 ἐν
2972 3281 3150 3353 ἑαυτῷ
3206 3280 3319 3352 ἔχει
3368 3280 3467 3352 τὴν
3515 3280 3745 3352 ἔχθραν.

2157 3372 2250 3444 Μὴ
2284 3373 2380 3427 ἐπὶ
2407 3372 2619 3436 τούτοις
2650 3373 2752 3426 οὐκ
2805 3374 3206 3446 ἐπισκέψομαις
3236 3373 3384 3443 λέγει
3436 3372 3666 3444 Κύριος,
3711 3373 3750 3444 ἢ

2158 3466 2218 3520 ἐν
2242 3465 2359 3537 λαῷ
2387 3467 2614 3539 τοιούτῳ
2635 3468 2736 3520 οὐκ
2758 3468 3037 3538 ἐκδικήσει
3064 3466 3264 3539 ἡψυχὴ
3294 3484 3394 3538 μου
3415 3483 3428 3533 ;
3469 3486 3488 3518 ι
3510 3467 3750 3537 Ἀναϐή-

2163 3557 2357 3611 σεσθαι
2384 3558 2441 3612 δὲ
2467 3560 2562 3614 καὶ
2594 3560 2674 3624 είς
2696 3560 2756 3614 rb
2783 3559 2908 3630 ὅρος
2939 3556 3034 3612 τοῦ
3065 3558 3271 3629 Κυρίου
3303 3557 3467 3630 φησὶν
3494 3559 3522 3611 ὁ
3554 3559 3751 3624 Δαδὶδ,

2159 3647 2252 3701 τὸν
2295 3647 2474 3704 ἀθῶον
2521 3650 2699 3723 χερσὶ,
2756 3650 2852 3704 καὶ
2878 3649 3118 3721 καθαρὸν
3168 3652 3235 3722 τῇ
3285 3650 3503 3722 καρδίᾳ,
3529 3649 3588 3714 ὃς
3642 3650 3749 3704 οὐκ

2161 3738 2419 3794 ἐδόλωσεν
2458 3741 2517 3794 ἐν
2542 3739 2781 3813 ιγλώσσῃ
2823 3738 3011 3805 αὐτοῦ,
3048 3738 3169 3793 οὐδὲ
3211 3740 3436 3812 ἐποίησε
3466 3738 3545 3810 τῷ
3605 3739 3750 3810 πλη-

2166 3833 2279 3887 σίον
2324 3831 2490 3887 αὐτοῦ
2545 3834 2734 3888 κακόν.
2786 3833 3119 3903 Ἀποφὰσκει
3161 3832 3224 3903 δὴ
3250 3827 3344 3887 οὖν
3372 3836 3401 3887 ό
3450 3833 3613 3905 νόμος
3668 3833 3751 3896 ὡς

2164 3924 2450 3996 αἴσχιστόν
2485 3941 2543 3979 τε
2581 3925 2675 3979 καὶ
2718 3925 2948 3995 ἀπηχὲς,
2995 3925 3057 3978 rb
3105 3927 3163 3978 ἐν
3201 3924 3338 3996 δόλῳ
3389 3924 3749 3996 πορεύεσθαι,

2163 4016 2431 4081 τουτέστι,
2463 4015 2524 4070 rb
2586 4015 2912 4086 πανούργως
2958 4015 3172 4069 ἑλέσθαι
3234 4013 3407 4086 βιοῦν,
3454 4016 3549 4067 καὶ
3597 4016 3743 4068 ὑπο-

2168 4109 2497 4164 πλάττεσοαι
2540 4108 2639 4179 μὲν
2686 4108 2787 4178 τῆς
2816 4107 3162 4178 δικαιοσύνης
3182 4108 3244 4160 rb
3272 4108 3476 4179 σχῆμα,
3513 4108 3754 4162 κατασε-

2166 4200 2353 4253 νεσθαι
2388 4200 2444 4253 δὲ
2485 4198 2768 4267 ἀδελφοὺς,
2808 4197 2916 4252 τῶν
2976 4198 3078 4269 τῆς
3117 4198 3337 4270 ἀγάπης
3360 4198 3538 4270 νόμων
3589 4200 3758 4269 ὴφει-

2167 4293 2371 4364 δηκότα
2396 4287 2421 4324 θ’
2447 4291 2651 4363 ἄμφιόν
2689 4308 2753 4362 γε
2786 4292 2892 4363 μὴν
2923 4291 3067 4362 ἔχειν
3114 4291 3262 4362 ἡμᾶς
3310 4290 3412 4346 οὐκ
3450 4292 3516 4363 ἐᾷ.
3571 4291 3634 4345 τὸ
3686 4295 3758 4346 ἐκ

478 4373 723 4429 animum
789 4374 1180 4441 admittamus;
1226 4374 1391 4448 246
1452 4376 1832 4447 duplicitatem
1896 4393 2052 4448 porrc

2168 4385 2310 4438 δυοῖν
2333 4384 2664 4454 ὑφασμένον,
2704 4384 2935 4455 αἴνιγμά
2962 4401 3064 4438 που
3098 4384 3160 4438 rb
3198 4383 3391 4456 χρῆμα
3428 4385 3620 4451 τιθεὶς,
3654 4386 3758 4440 τοῦ

481 4467 757 4522 intcrnam
788 4480 853 4521 ac
879 4465 1222 4536 spiritualem
1255 4480 1376 4521 esse
1418 4466 1641 4537 inquam
1662 4508 1677 4532 ,
1725 4468 1874 4523 illam
1913 4483 2069 4522 exse-

478 4555 740 4612 crabilem
805 4556 1127 4612 hominibus
1191 4556 1441 4627 placendi
1503 4559 1895 4629 cupiditatem,
1946 4575 2073 4630 qua!

478 4643 632 4698 velut
669 4659 738 4699 ex
766 4642 986 4699 duobus
1023 4645 1290 4700 intexitur
1322 4646 1551 4713 studiis,
1579 4664 1689 4703 non
1715 4648 2071 4704 mediocriter

480 4731 625 4805 inter
657 4747 716 4789 se
755 4732 1160 4789 differentibus.
1200 4734 1334 4801 Quae
1369 4737 1518 4791 enim
1555 4736 1802 4807 qualisve
1841 4747 1927 4794 est
1964 4740 2068 4795 alia

448 4821 892 4904 .‘bypocritarum
917 4826 1062 4891 vita,
1105 4827 1247 4893 nisi,
1291 4836 1355 4883 ut
1388 4829 1449 4883 in
1495 4837 1792 4899 conspectu
1844 4829 2068 4900 quidem

483 4915 767 4973 hominum
824 4918 957 4975 boni
995 4920 1101 4974 viri
1136 4929 1434 4992 appareant
1478 4936 1542 4976 ac
1583 4921 1876 4977 videantur
1915 4940 2066 4989 esse,

483 5022 592 5063 non
608 5008 727 5064 sint
748 5018 931 5067 tamen
959 5026 1150 5069 revera
1177 5013 1379 5083 probi?

554 5289 750 5344 PALL.
779 5290 922 5348 Sane
943 5308 1097 5349 vero.

549 5380 707 5437 ΟΥΕ.
735 5381 877 5458 Ergo
900 5386 1149 5457 duplices
1179 5398 1307 5445 sunt
1330 5390 1491 5445 nobis
1520 5405 1701 5446 mores
1726 5407 1757 5445 e
1779 5391 2063 5448 dissimili-

483 5470 588 5527 bus
624 5474 999 5534 voluntatibus
1042 5482 1305 5536 contexti.
1352 5481 1423 5537 At
1480 5499 1613 5538 vero
1656 5483 1851 5541 beatus
1894 5486 2063 5543 David

551 5651 598 5685 ’⁵³
624 5652 815 5709 Matth.
839 5655 997 5719 v,20.
1066 5655 1114 5689 “
1168 5658 1345 5712 Levit.
1380 5675 1487 5727 xxx,
1526 5661 1610 5714 i7.

2171 4477 2245 4550 μὴ
2293 4475 2600 4547 ἀνέχεσθαι,
2659 4476 2882 4547 διπλόην
2914 4477 3104 4548 ὥσπερ
3138 4477 3283 4548 ἔχειν
3337 4479 3417 4543 εἰς
3476 4478 3637 4533 νοῦν·
3670 4479 3756 4533 δι-

2167 4566 2337 4636 πλόην
2387 4565 2444 4620 δὲ
2502 4560 2641 4620 εἷναί
2706 4584 2880 4638 φημι,
2933 4568 3035 4639 τὴν
3086 4567 3195 4621 ἔσω
3239 4567 3334 4622 καὶ
3383 4568 3598 4639 νοητὴν,
3655 4568 3758 4639 τὴν

2169 4659 2446 4731 ἐπάρατον
2516 4657 3074 4731 ἀνθρωπαρέσκειαν,
3145 4659 3178 4730 ἥ
3230 4661 3295 4713 ἐκ
3353 4659 3497 4712 δυοῖν
3561 4659 3761 4731 ὥσπερ

2169 4751 2534 4805 ἁναπλέκεται
2586 4750 3024 4821 σπυδασμάτοιν
3052 4793 3066 4817 ,
3115 4751 3212 4823 τὴν
3254 4753 3333 4816 είς
3384 4752 3589 4824 ἄλληλα
3635 4753 3757 4807 δια-

2169 4840 2375 4913 φθορὰν
2405 4841 2468 4894 οὐ
2496 4839 2723 4913 μετρίαν
2760 4841 3223 4912 ήῤῥωστηκότοιν.
3260 4843 3355 4907 Τίς
3398 4842 3508 4913 γὰρ
3538 4842 3572 4914 ἢ
3599 4844 3756 4905 ποῖος

2168 4933 2277 4989 τῶν
2315 4933 2624 5007 ὑποκριτῶν
2675 4935 2704 4986 ὀ
2748 4932 2900 5004 βίος;
2964 4929 3054 5004 ἆρ’
3097 4934 3218 5005 οὐχ).
3262 4935 3322 4988 rb
3381 4938 3439 4989 ἐν
3482 4935 3600 5004 ὄψει
3655 4935 3758 5006 μὲν

2170 5025 2472 5098 ἀνθρώπων
2527 5021 2755 5096 ὁρᾶσθαι
2821 5027 3115 5097 χρηστοὺς,
3170 5025 3352 5080 καὶτὸ
3421 5028 3595 5082 δοκεῖν
3658 5029 3764 5098 μὲν

2171 5114 2334 5184 εἶναι,
2374 5117 2450 5189 μὴ
2502 5117 2609 5188 μὴν
2643 5116 2723 5171 ἔτι
2772 5118 2869 5171 καὶ
2925 5115 3065 5172 εἶναι
3120 5117 3262 5199 κατά
3313 5117 3570 5189 ἀλήθειαν
3622 5135 3763 5190 χρη·-

2175 5225 2334 5271 στους
2358 5224 2374 5273 ;

2244 5300 2455 5355 IIAAA.
2510 5298 2618 5353 Kal.
2648 5299 2812 5371 μάλα.

2248 5392 2413 5445 ΚΥΡ.
2457 5392 2641 5457 Διττὸς
2691 5389 2848 5447 οὖνὸ
2891 5394 3087 5467 τρόπος
3120 5394 3178 5462 ἐξ
3212 5394 3481 5465 ἀνομοίων
3514 5394 3645 5463 ἡμῖν
3672 5391 3763 5444 k-

2172 5483 2428 5557 λημὰτων
2486 5483 2876 5556 ἐξυφασμένος.
2921 5487 3060 5541 Ἀλλ’
3107 5489 3137 5541 ὃ
3166 5504 3230 5556 γε
3280 5487 3563 5549 θεσπέσιος
3596 5484 3769 5539 Δαϐὶδ

1713 5664 1756 5696 ’⁵⁷
1773 5665 1908 5719 ibid.
1938 5666 2022 5719 19.

2158 5670 2326 5742 Deut.
2360 5687 2489 5738 ιλιι,
2523 5672 2608 5726 Η.
2688 5674 2732 5706 δ’
2785 5673 2895 5729 Jer.
2939 5690 3011 5740 ιχ,
3049 5674 3101 5732 8.
3187 5676 3232 5708 ⁸ο
3263 5675 3578 5740 Ρειιὶιιωιιν,
3610 5672 3668 5740 3,
3708 5672 3765 5727 εί.
