3966 6298
252 211 359 273 δ’Ξῦ

927 211 1015 266 DE
1049 211 1490 268 ADORATIONE
1529 211 1595 266 IN
1637 210 1902 267 SPIIlITU
1944 210 2032 264 ET
2072 211 2434 266 VERITATE.
2474 213 2599 268 LIB.
2641 217 2749 272 VII.

3423 215 3528 271 8‘26

256 327 580 394 ἀποδέχεται
628 321 725 377 τὸν
780 323 1109 395 μονότροπον
1163 326 1257 379 καί
1307 328 1518 394 φειδοῦς
1568 325 1835 392 ἀξιοῦσθαι

1952 327 2217 399 approbat
2240 326 2404 384 unius
2427 329 2598 383 moris
2619 329 2832 392 virum,
2857 343 3092 398 eumque
3127 343 3366 399 superna
3395 344 3525 399 pro-.

256 435 388 488 φησι
428 417 533 486 τῆς
575 414 784 470 ἀνωθεν
809 432 824 447 ο
888 435 906 468 ι
930 416 1136 488 Κύριος
1165 418 1274 490 γὰρ
1330 419 1632 484 κατοικίζει
1684 436 1841 490 μονο·

257 512 508 584 τρόπους,
557 512 742 583 φησὶν,
796 513 854 566 ἐν
901 511 1056 582 οἴκῳ.
1093 531 1112 562 ι
1176 513 1593 586 Διασκορπίζειν
1645 515 1701 568 δὲ
1757 514 1842 568 λέ-

257 622 410 674 γεται
453 605 550 657 καὶ
580 606 609 657 6
665 604 800 668 Θεὸς
845 604 981 657 ὀστᾶ
1037 603 1560 678 ἀνθρωπαρέσκων⁶
1593 623 1842 676 καταμυ-

259 697 514 750 σάττεται
537 695 593 748 δὲ
625 696 688 748 τδ
722 696 911 766 χρῆμα
950 695 1045 748 καὶ
1072 697 1101 748 6
1122 695 1352 762 Παῦλος,
1379 697 1551 766 λέγων
1580 713 1594 726 ·
1624 716 1642 748 ι
1685 699 1840 768 Ἀρτι

258 789 366 858 γάρ
393 786 718 858 ἀνθρώπους
743 785 939 847 πείθω,
971 785 1003 856 ἢ
1037 785 1130 838 τὸν
1162 786 1332 852 Θεόν;
1380 788 1412 858 ἢ
1449 787 1594 859 ζητῶ
1627 787 1838 858 ἀνθρώ-

257 896 381 942 ¹,τοις
402 879 694 950 ἀρέσκειν;
741 879 789 930 εἰ
837 876 916 929 ἔτι
951 877 1262 948 ἀνθρώποις
1307 879 1560 950 ἤρεσκον,
1599 877 1834 950 Χριστοῦ

255 972 442 1034 δοῦλος
470 971 572 1023 οὐκ
607 969 673 1022 ἂν
709 970 877 1039 ήμην.
908 988 924 1018 1

329 1061 534 1114 [IAAA.
577 1061 685 1113 Καὶ
723 1060 828 1113 τίνι
878 1060 986 1114 τῶν
1045 1061 1215 1116 ὅντων
1260 1063 1358 1118 οὐκ
1388 1063 1722 1134 ἀσυμφανὲς,
1766 1063 1840 1126 ὡς

255 1153 485 1206 ἔκτοπον
511 1151 727 1222 ἀληθῶς
761 1151 854 1203 καὶ
899 1152 1000 1222 τῆς
1049 1152 1311 1226 ἀκριϐοῦς
1363 1154 1653 1226 ὀρθότητος
1687 1156 1841 1208 ἀπω-

256 1245 406 1298 τάτω
433 1243 498 1296 τὸ
526 1243 773 1312 διψυχεῖν
803 1260 863 1295 τε
893 1244 988 1296 καὶ
1026 1244 1448 1316 ὑποκρίνεσθαι;

323 1336 490 1388 ΚΥΡ.
540 1335 786 1404 Ἀγάπης
821 1330 914 1387 οὖν
951 1334 1060 1404 ἄρα
1105 1335 1317 1404 καρπὸς
1361 1335 1459 1404 τῆς
1523 1336 1839 1406 ἀμωμήτως

254 1424 667 1494 ἐσκευασμένης
702 1424 797 1477 καὶ
838 1423 991 1494 ἀνδρὶ
1024 1423 1340 1496 πρεπούσης
1391 1424 1586 1494 δικαίῳ
1638 1441 1696 1477 τε
1745 1425 1838 1476 καὶ

258 1514 466 1584 ἀγαθῷ,
492 1514 554 1567 τὸ
582 1514 925 1585 ἀπηλλάχθαι
953 1513 1124 1568 δόλου.
1157 1515 1268 1567 Καὶ
1299 1513 1454 1567 τοῦδε
1482 1515 1591 1567 δεῖν
1629 1514 1690 1584 δή
1730 1532 1836 1585 φη-

258 1624 343 1662 σιν
371 1609 400 1661 6
443 1608 627 1679 νόμος,
683 1609 774 1661 τόν
839 1625 903 1675 γε
950 1607 1025 1671 ὡς
1075 1605 1291 1676 ἀληθῶς
1340 1607 1439 1676 τῆς
1491 1605 1838 1677 δικαιοσύνης

1947 417 2188 474 videntia
2228 418 2455 490 dignum
2479 419 2668 473 haberi
2708 418 2880 474 dicit:
2918 439 2935 470 ι
2964 420 3262 486 Dominus,
3310 420 3524 490 inquit,

1945 507 2254 565 inhabitare
2292 509 2422 566 facit
2445 511 2610 565 unius
2638 509 2807 564 moris
2844 510 2897 564 in
2922 509 3084 565 domo
3107 511 3172 564 δι.
3199 530 3216 563 1
3246 510 3526 581 Dissipare

1942 599 2110 655 etiam
2166 601 2312 656 Deus
2349 602 2554 657 dicitur
2601 616 2725 656 ossa
2766 600 3082 656 hominibus
3139 602 3519 672 placentium:

1945 691 2088 748 idem
2112 709 2330 764 quoque
2368 695 2563 748 vitium
2585 694 2786 750 Paulus
2820 703 3174 758 exsecratur,
3201 710 3325 748 cum
3349 694 3520 748 dicit:

1951 803 1969 834 ι
2001 785 2159 840 Modo
2183 787 2333 840 enim
2360 787 2679 842 hominibus
2702 785 2906 842 suadeo
2925 827 2939 850 ,
2967 800 3034 839 an
3076 785 3220 840 Deo?
3246 800 3316 839 an
3338 801 3522 855 quaero

1943 875 2260 931 hominibus
2301 878 2552 947 placere?
2574 879 2619 932 si
2656 877 2836 932 adhuc
2876 876 3195 932 hominibus
3218 877 3518 947 placerem,

1941 969 2022 1024 Ch
2034 969 2152 1023 risti
2177 986 2370 1025 servus
2392 986 2500 1025 non
2521 985 2702 1025 essem
2729 971 2793 1022 ⁸⁸.
2821 989 2839 1021 ι

2012 1057 2207 1112 PALL.
2231 1059 2332 1114 Cui
2353 1075 2482 1114 vero
2501 1075 2609 1114 non
2627 1059 3006 1114 sitobscurum
3026 1100 3041 1124 ,
3067 1059 3201 1129 quin
3219 1059 3520 1115 absurdum

1941 1164 2072 1202 sane
2104 1155 2160 1202 et
2201 1165 2231 1203 a
2279 1149 2585 1204 rectissima
2629 1149 2849 1204 vivendi
2892 1151 3078 1220 regula
3121 1149 3518 1206 alienissimum

1940 1240 2145 1310 duplici
2170 1241 2353 1296 animo
2375 1257 2495 1296 esse
2511 1283 2524 1308 ,
2557 1258 2622 1296 ac
2643 1243 2942 1296 simulare?

2012 1329 2169 1386 CYR.
2197 1331 2456 1386 Perfecta:
2501 1331 2665 1402 igitur
2704 1331 3023 1396 eharitatis,
3048 1338 3105 1384 et
3146 1346 3268 1400 qua:
3309 1332 3517 1402 justum

1939 1423 2256 1493 bonumque
2271 1425 2452 1478 virum
2471 1425 2682 1490 deceat,
2706 1423 2920 1480 fructus
2939 1433 3046 1492 est,
3081 1441 3112 1480 a
3131 1425 3258 1479 dolo
3277 1425 3518 1481 alienum

1938 1530 2078 1569 esse.
2115 1516 2207 1570 Ait
2233 1516 2417 1587 itaque
2442 1517 2528 1571 lex
2556 1517 2839 1573 hominem
2857 1519 3082 1588 iustitiae
3119 1520 3279 1589 plane
3302 1521 3516 1576 studio-

1942 1622 2064 1661 sum
2087 1616 2144 1662 et
2172 1608 2428 1664 fraternae
2456 1610 2742 1666 charitatis
2766 1617 3042 1665 amantem
3065 1611 3376 1667 existimare
3415 1612 3514 1667 de-

259 1699 614 1771 ὲπιμελητὴν,
654 1701 748 1753 καὶ
778 1699 1000 1770 ἀγάπης
1039 1699 1139 1769 τῆς
1174 1701 1252 1762 εἰς
1285 1699 1546 1768 ἀδελφοὺς
1573 1697 1828 1769 ἐραστὴν,

1941 1700 2105 1766 bere,
2145 1701 2219 1755 ita
2263 1703 2382 1771 ejus
2424 1703 2505 1756 rei
2546 1703 2773 1773 gloriam
2799 1719 2920 1758 esse
2946 1704 3270 1774 perfectam,
3317 1703 3363 1758 si
3404 1719 3517 1759 non

254 1790 433 1859 ὀρθῶς
473 1789 620 1860 ἔχειν
654 1790 864 1843 οἴεσθαι
891 1789 991 1859 τὴν
1025 1788 1118 1840 ἐπὶ
1137 1789 1273 1859 τῷδε
1307 1789 1486 1853 δόξαν,
1521 1789 1622 1840 οὐκ
1673 1789 1833 1859 εἰπερ

259 1884 418 1946 αὐτός
463 1901 523 1936 τε
567 1886 662 1936 καὶ
696 1884 856 1954 μόνος
896 1885 1211 1953 παραιτοίτο
1242 1882 1465 1944 ἀδικεῖν,
1494 1881 1610 1935 ἀλλ’
1637 1883 1685 1935 εἰ
1740 1883 1834 1936 καὶ

257 1976 472 2045 γένοιτο
516 1974 813 2044 παιδευτὴς
874 1977 968 2026 καὶ
1012 1973 1120 2027 τῶν
1180 1971 1326 2026 κατὰ
1372 1971 1529 2040 γένος
1581 1970 1830 2036 οἰκείων,

255 2068 422 2138 ἤγουν
469 2065 592 2121 καθ’
642 2065 831 2134 ἕτερόν
880 2081 1001 2118 τινα
1036 2064 1238 2135 τρόπον
1294 2063 1461 2131 ἔγγὺς
1507 2060 1830 2129 γεγονότων,

257 2161 347 2213 καὶ
381 2159 443 2212 τὸ
494 2161 594 2230 τῆς
624 2159 760 2231 πρὸς
799 2158 958 2210 αὑτὸν
992 2157 1327 2225 οἰκειότητος
1363 2154 1540 2223 ὄνομα
1593 2153 1832 2206 πεπλου-

255 2253 522 2321 τηκότων.
571 2253 867 2323 Παρεγγυᾷ
894 2251 950 2303 δὲ
996 2250 1090 2304 καὶ
1115 2251 1144 2302 6
1175 2246 1386 2310 Παῦλος
1435 2245 1527 2298 τὸν
1561 2244 1831 2315 ἐπιμελη-

258 2344 484 2412 σόμενον
521 2342 870 2413 Ἔκκλησίας,
932 2341 1097 2394 τέκνα
1141 2340 1286 2410 ἔχειν
1332 2338 1390 2390 ἐν
1433 2338 1701 2408 ὑποταγῇ,
1737 2337 1832 2390 καὶ

258 2433 530 2500 ἀπόδειξιν
558 2433 619 2486 τὸ
672 2433 910 2503 πρᾶγμα
935 2433 1033 2502 τῆς
1084 2430 1309 2501 ἐνούσης
1346 2429 1496 2499 αὐτῷ
1530 2428 1832 2492 ἐπιεικείας

255 2526 346 2578 καὶ
386 2526 484 2595 μὴ,
523 2527 758 2578 ποιεῖται
787 2524 963 2592 λέγων
990 2539 1005 2556 ο
1036 2537 1061 2575 ε
1095 2521 1159 2576 Εἰ
1185 2522 1242 2575 δέ
1269 2539 1351 2586 τις
1380 2521 1472 2576 τοῦ
1515 2521 1645 2574 ἰδίου
1680 2521 1829 2574 οἰκου

256 2615 560 2688 προστῆναι
592 2615 694 2666 οὐκ
727 2609 857 2678 οἶδε,
889 2615 1005 2676 πῶς
1041 2613 1368 2683 Ἐκκλησίας
1389 2611 1526 2666 Θεοῦ
1561 2611 1830 2681 ἐπιμελή-

258 2724 409 2760 σεται
432 2724 447 2771 ;
482 2723 500 2757 ι
536 2706 636 2760 Διά
655 2703 814 2758 τοῦτό
835 2721 998 2776 φησιν
1025 2706 1054 2757 6
1071 2704 1233 2774 νόμος
1255 2704 1332 2768 ὡς
1363 2705 1422 2757 ὲν
1449 2703 1828 2774 παραδείγμα-

257 2817 344 2863 τος
375 2800 587 2871 τρόπῳ,
619 2799 712 2852 καὶ
759 2794 1023 2868 ἐναργοῦς
1051 2797 1259 2860 εἰκόνος
1279 2812 1294 2826 ⁸
1352 2815 1371 2848 ι
1422 2796 1547 2850 Ἐἀν
1581 2796 1636 2850 δὲ
1663 2813 1830 2867 κεραη

256 2891 375 2962 τίσῃ
423 2890 630 2961 ταῦρος
675 2889 905 2960 ἀνδραῆ
941 2889 1192 2956 γυναῖκα,
1229 2887 1323 2941 καὶ
1361 2887 1628 2960 ἀποθάνῃ,
1661 2888 1832 2952 λίθοις

1935 1791 2052 1860 ipse
2094 1791 2361 1846 duntaxat
2395 1793 2552 1857 vitet,
2576 1809 2646 1848 ne
2674 1794 2835 1849 alteri
2865 1801 3088 1860 noceat;
3117 1794 3212 1850 sed
3251 1795 3415 1850 etiam
3449 1811 3517 1852 ea

1935 1881 1990 1936 in
2007 1896 2065 1936 re
2092 1883 2306 1936 caeteris
2330 1883 2589 1953 magister
2623 1885 2722 1948 sit,
2749 1885 2842 1954 qui
2883 1886 2969 1940 vel
3011 1901 3211 1957 genere
3235 1888 3516 1957 conjuncti

1935 1984 2093 2041 sunt,
2117 1976 2204 2030 vel
2248 1976 2358 2031 alio
2381 1977 2577 2046 quovis
2614 1978 2777 2032 modo
2801 1978 2952 2033 illum
3000 1982 3310 2050 attingunt,
3336 1989 3393 2036 et
3432 1981 3514 2034 illi

1934 2075 2064 2121 sunt
2091 2067 2515 2122 necessitudinis
2535 2068 2758 2122 nomine
2781 2069 3040 2124 devincti.
3069 2071 3320 2140 Praecipit
3347 2072 3514 2126 etiam

1935 2159 2166 2224 Paulus,
2200 2167 2294 2224 ut,
2331 2160 2426 2228 qui
2462 2160 2722 2215 Ecclesia:
2764 2175 2950 2216 curam
2986 2169 3072 2217 est
3101 2161 3423 2228 habiturus,
3453 2162 3516 2216 ﬁ-

1933 2249 2036 2304 lios
2067 2251 2268 2306 habeat
2305 2253 2609 2323 subjectos,
2629 2262 2686 2308 et
2711 2269 2776 2308 ea
2804 2269 2866 2310 re
2891 2263 3148 2325 tanquam
3193 2264 3514 2326 argumento

1931 2341 2135 2408 utitur,
2177 2357 2287 2412 quo
2308 2343 2573 2411 probetur
2592 2383 2606 2408 ,
2649 2344 2790 2399 sitne
2813 2344 2870 2398 in
2896 2360 2963 2399 eo
2981 2361 3195 2400 morum
3231 2347 3476 2416 probitas
3494 2389 3510 2413 ,

1933 2449 2143 2499 necne,
2193 2449 2318 2489 cum
2356 2433 2492 2489 dicit
2533 2452 2545 2488 :
2608 2454 2626 2486 ι
2671 2434 2728 2490 Si
2776 2436 2901 2506 quis
2943 2438 3346 2494 autem'domui
3400 2455 3514 2496 sua:

1934 2541 2166 2596 praesse
2202 2527 2413 2592 nescit,
2445 2526 2723 2596 quomodo
2759 2527 3016 2584 Ecclesiae
3054 2529 3151 2584 Dei
3174 2529 3513 2601 diligentiam

1934 2618 2160 2674 habebit
2183 2617 2262 2672 ⁸³2
2295 2637 2314 2669 ι
2369 2618 2556 2688 Itaque
2585 2619 2674 2674 lex
2706 2619 2778 2674 ob
2819 2634 2940 2674 eam
2987 2635 3228 2688 causam,
3257 2631 3512 2693 tanquam

1930 2708 2002 2764 ad
2031 2708 2410 2763 similitudinis
2454 2718 2512 2765 et
2550 2709 2822 2766 evidentis
2849 2711 3102 2782 imaginis
3131 2714 3388 2780 modum,
3425 2716 3514 2771 in-

1931 2802 2052 2871 quit
2079 2819 2094 2855 :
2130 2819 2147 2853 ι
2182 2801 2239 2856 Si
2268 2817 2440 2857 cornu
2483 2803 2819 2872 percusserit
2849 2811 3038 2862 taurus
3064 2805 3245 2860 virum
3277 2808 3365 2862 vel
3390 2822 3517 2862 mu—

1932 2893 2122 2950 lierem
2142 2901 2243 2959 ,"et
2268 2893 2566 2959 occiderit,
2599 2895 2877 2965 lapidibus
2917 2897 3183 2952 obruetur
3207 2905 3424 2962 taurus,
3458 2901 3519 2954 ct‘

259 2982 735 3053 λιθοϐοληθήσεται
784 2983 814 3034 6
859 2979 1077 3051 ταῦρος,
1113 2981 1208 3034 καὶ
1253 2981 1312 3032 ού
1366 2978 1707 3051 βρωθήσεται
1762 2979 1831 3033 τὰ

1941 3003 2127 3043 carnes
2164 2989 2284 3058 ejus
2310 3003 2420 3042 non
2453 2987 2813 3043 comedentur
2831 3028 2845 3053 ,
2877 2987 3134 3044 dominus
3161 3001 3344 3046 autem
3372 2993 3513 3046 tauri

259 3076 394 3145 κρέα
417 3074 605 3138 αὑτοῦ,
635 3074 663 3126 6
693 3073 751 3125 δὲ
786 3071 976 3144 κύριος
1017 3071 1112 3125 τοῦ
1146 3071 1350 3143 ταύρου
1408 3071 1583 3136 ἀθῶος
1638 3071 1828 3128 ἔσται⁸

260 3167 353 3219 ὲάν
383 3167 443 3219 δὲ
470 3168 499 3219 6
533 3164 736 3236 ταῦρος
761 3164 1088 3234 κερατιστὴς
1188 3163 1296 3235 πρὸ
1323 3163 1424 3234 τῆς
1453 3162 1579 3234 χθὲς
1608 3164 1704 3218 καὶ
1727 3163 1835 3234 πρὸ

259 3259 363 3326 τῆς
402 3257 612 3329 τρίτης,
655 3257 752 3310 καὶ
801 3256 1278 3329 διαμαρτύρωνται
1322 3255 1401 3326 τῷ
1442 3256 1618 3327 κυρίῳ
1645 3253 1831 3322 αὑτοῦ,

263 3349 360 3402 καὶ
387 3349 464 3420 μὴ
491 3349 718 3420 ἀφανίσῃ
763 3349 946 3414 αὐτὸν,
999 3349 1167 3421 ἀνέλῃ
1193 3349 1251 3402 δὲ
1301 3347 1468 3420 ἄνδρα
1497 3349 1530 3417 ἢ
1577 3351 1831 3417 γυναῖκα,

259 3445 289 3494 6
311 3441 514 3512 ταῦρος
551 3441 1049 3512 λιθοϐοληθήσεται,
1080 3442 1173 3494 καὶ
1203 3443 1231 3494 6
1269 3441 1456 3512 κύριος
1475 3440 1638 3495 αὑτοῦ
1665 3457 1834 3513 προσ-

263 3535 614 3588 αποθανείται
641 3549 655 3563 ⁸
686 3533 782 3587 ὲάν
825 3533 882 3586 δὲ
931 3534 1102 3603 λύτρα
1149 3534 1416 3605 ὲπιόληθῇ
1464 3533 1634 3604 αὐτῷ,
1674 3533 1835 3587 δώσει

260 3626 432 3697 λύτρα
450 3627 552 3697 τῆς
586 3625 763 3696 ψυχῆς
797 3625 986 3689 αὐτοῦ,
1013 3627 1114 3680 ὅσα
1165 3626 1260 3680 ὲάν
1296 3625 1626 3681 ἐπιϐάλωσιν
1660 3626 1831 3698 αὐτῷ.

274 3716 395 3770 Ἐὰν
432 3717 487 3771 δι
522 3718 636 3771 υἰδν
669 3718 702 3788 ἢ
750 3717 1024 3789 θυγατέρα
1070 3717 1332 3790 κερατίσῃ
1361 3718 1389 3770 ό
1444 3718 1663 3789 ταῦρος,
1695 3716 1837 3770 κατά

263 3809 319 3862 τὸ
349 3809 628 3878 δικαίωμα
659 3808 816 3862 τοῦτο
858 3809 1172 3878 ποιήσουσιν
1204 3807 1373 3878 αὐτῷ.
1421 3807 1544 3861 Ἑάν
1577 3807 1634 3860 δὲ
1669 3807 1836 3860 παῖδα

263 3901 578 3972 κερκίσι-γῆ
611 3901 922 3970 παιδίσκην,
953 3901 1218 3971 ἀργυρίου
1241 3899 1539 3970 τριάκοντα
1562 3900 1836 3972 δίδραχμα

262 3992 421 4045 δώσει
445 3992 524 4061 τῷ
552 3991 721 4062 κυρίῳ
753 3989 952 4057 αὐτῶν,
980 3991 1075 4044 καὶ
1123 3993 1153 4044 6
1179 3989 1380 4060 ταῦρος
1425 3989 1839 4061 λιθοϐοληθήσε-

262 4100 369 4137 ται.
405 4104 424 4137 ι
463 4080 613 4154 *Αρά
636 4099 718 4136 σοι
744 4083 914 4153 σαφὲς
939 4083 1002 4137 τὸ
1025 4083 1439 4154 χρησμῴδημω

332 4261 547 4316 ῐῙΑΛΛ.
572 4265 646 4317 Οὺ
672 4264 898 4334 σφόδρα.

1937 3081 2202 3136 innocens
2235 3079 2376 3144 erit;
2416 3079 2464 3133 si
2505 3086 2687 3134 autem
2727 3086 2920 3133 taurus
2965 3090 3263 3150 cornupeta
3309 3082 3510 3148 fuerit,

1935 3180 2062 3228 ante
2108 3172 2430 3227 hesternum
2451 3178 2507 3226 et
2528 3179 2658 3225 ante
2684 3169 2908 3226 tertium
2933 3171 3080 3226 diem
3098 3212 3114 3237 ,
3144 3181 3200 3227 et
3228 3176 3512 3243 protestati

1933 3260 2140 3316 fuerint
2165 3259 2387 3314 domino
2417 3259 2536 3330 ejus
2555 3299 2569 3323 ,
2596 3266 2652 3314 et
2664 3274 2781 3343 pou
2801 3259 3153 3316 absconderit
3179 3277 3326 3328 eum,
3345 3263 3515 3318 inter-

1931 3353 2127 3409 fecerit
2171 3362 2356 3410 autem
2397 3351 2579 3409 virum
2617 3351 2704 3406 vel
2755 3351 3070 3416 mulierem,
3112 3353 3272 3424 247
3326 3361 3514 3410 taurus

1934 3445 2301 3517 Iapidabitur,
2351 3454 2409 3500 et
2453 3443 2709 3500 dominus
2745 3443 2864 3513 ejus
2910 3442 3136 3512 insuper
3195 3445 3462 3500 morietur
3497 3465 3509 3500 :

1936 3539 2081 3608 quod
2107 3539 2153 3593 si
2177 3536 2411 3608 pretium
2435 3552 2535 3607 pro
2565 3535 2942 3605 redemptione
2974 3550 3073 3589 sua
3104 3535 3156 3591 ei
3194 3536 3512 3606 impositum

1935 3629 2136 3694 fuerit,
2177 3629 2330 3686 dabit
2374 3629 2611 3700 pretium
2643 3642 2745 3698 pro
2792 3627 2974 3682 anima
3005 3642 3122 3692 sua,
3149 3627 3515 3699 quodcunque

1937 3720 2300 3790 imposuerint
2340 3720 2438 3774 illi.
2483 3718 2637 3786 Quod
2678 3718 2724 3772 si
2748 3717 2918 3771 filium
2943 3724 3040 3772 aut
3068 3717 3232 3773 ﬁliam
3255 3720 3516 3776 cornibus

1938 3812 2162 3882 petierit
2201 3818 2410 3874 taurus,
2453 3809 2756 3864 secundum
2795 3808 3043 3863 eamdem
3069 3808 3514 3879 justifieationem

1937 3902 2140 3957 facient
2169 3902 2220 3957 ei
2245 3920 2262 3955 :
2291 3901 2437 3972 quod
2481 3901 2528 3955 si
2578 3902 2798 3956 servum
2843 3901 3106 3956 cornibus
3148 3903 3370 3972 petierit
3425 3905 3515 3960 vel

1937 3994 2221 4058 ancillam,
2265 3991 2420 4047 dabit
2455 3992 2679 4047 domino
2713 4007 2906 4046 eorum
2950 3992 3172 4062 triginta
3210 3994 3374 4049 siclos
3419 4011 3513 4049 ar~

1938 4085 2122 4155 genti,
2155 4091 2211 4138 et
2251 4090 2436 4137 taurus
2474 4082 2806 4151 lapidabitur
2827 4083 2890 4136 ⁵⁸.
2924 4101 2942 4133 1
2977 4083 3117 4136 Num
3149 4094 3399 4152 apertum
3428 4097 3514 4140 est

1942 4176 2042 4230 tibi
2092 4177 2197 4230 hoc
2231 4175 2328 4229 Dei
2369 4173 2725 4242 responsum?

2010 4265 2203 4320 PALL.
2230 4263 2347 4318 Non
2375 4262 2668 4317 admodum
2696 4275 2844 4316 sane.

333 4354 501 4407 ΚΥΡ.
536 4353 725 4425 ΙΙἈθρει
769 4354 834 4426 δὴ
875 4349 969 4408 οῦν
1013 4356 1042 4409 6
1089 4371 1254 4426 φημι,
1311 4354 1405 4408 καὶ
1454 4356 1559 4426 πρό
1617 4372 1680 4423 γε
1726 4355 1833 4409 τῶν

2006 4353 2162 4409 CYR.
2191 4351 2424 4407 Attende
2457 4351 2651 4421 igitur,
2676 4349 2818 4420 quod
2848 4349 3095 4405 dicturus
3132 4365 3283 4416 sum,
3307 4362 3363 4408 et
3386 4364 3512 4408 ante

268 4445 441 4498 ἄλλων
484 4446 567 4508 εἰς
597 4446 719 4498 νοῦν
741 4445 833 4516 ἔχε
882 4446 975 4499 τὸν
1011 4444 1304 4518 ἰερὼτατον
1351 4446 1583 4508 Παῦλον,
1609 4445 1708 4499 ὡδὶ
1743 4463 1836 4514 γε-

269 4537 555 4607 γραφότα·
586 4552 606 4588 ι
651 4538 742 4608 Μὴ
775 4537 885 4590 τῶν
936 4537 1072 4607 βοῶν
1130 4538 1282 4608 μέλει
1330 4536 1410 4608 τῷ
1455 4536 1610 4607 Θεῷς
1662 4539 1734 4590 Ἦ
1769 4538 1835 4590 δι’

268 4630 414 4698 ἡμᾶς
442 4629 660 4691 πάντως
682 4630 864 4698 λέγεις
899 4649 919 4681 ι
956 4629 1155 4701 Ταύρῳ
1190 4631 1255 4700 δὴ
1278 4626 1370 4683 οὖν
1403 4627 1727 4701 παρεικάζει
1745 4630 1836 4682 τὸν

268 4720 532 4792 ὑόριστήν
556 4739 614 4775 τε
643 4723 735 4775 καὶ
761 4720 1013 4786 ἀλαζόνα,
1042 4723 1134 4776 καί
1165 4722 1506 4776 πλεονεκτεῖν
1548 4723 1800 4792 ἰσχύοντα
1819 4761 1833 4774 .

267 4815 478 4884 Ταῦρον
531 4813 640 4884 γὰρ
681 4813 766 4866 ἀεί
807 4813 922 4876 πώς
961 4815 1077 4866 ἐστι
1115 4813 1208 4866 καί
1254 4814 1533 4884 ἀγέρωχον
1575 4812 1637 4864 τὸ
1675 4811 1834 4876 ζῶον,

267 4908 363 4961 καὶ
424 4907 704 4960 πάνδεινον
761 4907 839 4970 εἰς
890 4905 1080 4977 ἀλκὴν,
1131 4906 1224 4958 καὶ
1272 4904 1548 4959 δύσοιστον
1583 4903 1695 4974 ἔχει
1740 4903 1838 4973 τὴν

267 4999 476 5069 ἔφοδον.
506 4999 611 5052 Τὸν
644 4998 706 5068 δὴ
754 4996 1012 5062 τοιοῦτον,
1043 4998 1092 5050 εἰ
1119 4998 1349 5066 γένοιτο,
1404 4999 1584 5068 φησὶν,
1619 4999 1835 5061 οἰκεῖος,

269 5093 364 5145 καί
392 5091 552 5144 οἱονεί
593 5107 711 5154 πως
759 5089 1189 5158 κατεζευγμένος
1239 5087 1346 5141 τῶν
1371 5089 1674 5158 ὁσιουργεῖν
1712 5089 1841 5158 ᾑρη-

274 5182 450 5250 μένων
495 5181 622 5241 τινὶ,
672 5178 1003 5250 παραλύσειέ
1045 5195 1125 5241 τε,
1181 5179 1378 5248 μᾶλλον
1433 5179 1488 5232 δὲ
1535 5181 1627 5231 καὶ
1663 5178 1840 5231 ἀνέλοι

271 5274 410 5335 τινὰ,
451 5273 804 5341 καταχωννὺς
835 5271 975 5340 τάχα
1013 5287 1116 5322 που
1157 5272 1278 5333 ταῖς
1321 5268 1674 5334 πλεονεξίαις,
1705 5269 1841 5321 ἀπο-

272 5364 509 5418 τιννῦναι
555 5363 713 5433 δίκην
759 5363 858 5433 τὴν
892 5364 976 5416 ἐπ’
1016 5361 1164 5432 αὐτῷ
1196 5362 1411 5432 θανάτῳ
1463 5361 1796 5431 προστέταχε
1824 5377 1837 5391 ·

268 5453 465 5523 χρῆναι
519 5453 629 5524 ἔφη
678 5452 1020 5507 λιθόλευστον
1067 5452 1346 5521 τελευτᾷν.
1393 5449 1751 5503 Ὑποκλέπτει
1784 5449 1840 5502 δὲ

1941 4447 2047 4502 alia
2105 4443 2475 4500 animadverte
2533 4443 2680 4498 beati
2737 4443 2890 4498 Pauli
2935 4442 3102 4499 verba
3162 4444 3454 4501 scribentis
3493 4465 3512 4501 :

1951 4555 1969 4589 ι
2008 4534 2266 4605 Nunquid
2299 4533 2366 4588 de
2393 4533 2571 4587 bobus
2604 4548 2734 4588 cura
2761 4541 2844 4588 est
2872 4533 3030 4588 Deo?
3053 4535 3134 4588 An
3159 4544 3384 4605 propter
3409 4552 3515 4591 nos

1943 4630 2167 4685 omnino
2199 4628 2333 4682 dicit
2361 4627 2443 4682 ἐἰ
2466 4648 2484 4679 ι
2512 4627 2694 4682 Tauro
2720 4627 2887 4698 igitur
2911 4635 3192 4697 comparat
3237 4628 3513 4684 hominem

1941 4720 2397 4778 contumeliosum
2432 4726 2490 4774 et
2539 4726 2910 4789 arrogantem,
2944 4727 3001 4774 et
3035 4719 3129 4788 qui
3156 4719 3266 4773 vim
3315 4720 3516 4776 inferre

1943 4814 2154 4885 possit:
2188 4812 2486 4882 superbum
2523 4819 2608 4867 est
2639 4812 2786 4866 enim
2828 4809 2943 4863 fere
2987 4817 3043 4864 et
3095 4813 3362 4868 tumidum
3412 4815 3517 4870 hoc

1943 4905 2173 4970 animal,
2203 4913 2260 4959 et
2285 4903 2350 4958 ad
2386 4918 2622 4974 pugnam
2647 4901 3077 4956 valentissimum
3096 4941 3110 4964 ,
3135 4903 3359 4974 ejusque
3411 4906 3518 4960 im-

1943 5004 2105 5066 petus
2149 4995 2369 5051 difﬁcile
2428 4993 2685 5050 sustineri
2733 4999 2929 5062 potest.
2994 4992 3274 5062 Ejusmodi
3334 4996 3517 5066 itaque

1944 5087 2256 5150 hominem,
2298 5087 2505 5155 inquit,
2535 5085 2580 5140 si
2627 5083 2957 5138 domesticus
3000 5081 3200 5147 fuerit,
3247 5093 3305 5139 ct
3347 5085 3516 5140 veluti

1946 5181 2228 5251 subjectus
2250 5179 2412 5233 alicui
2432 5178 2522 5247 pio
2553 5178 2811 5246 justeque
2847 5175 2966 5230 viro
2984 5217 2999 5240 ,
3027 5192 3092 5232 ac
3111 5177 3480 5232 debilitaverit
3498 5217 3513 5239 ,

1947 5272 2060 5327 imo
2089 5286 2223 5328 vero
2259 5270 2424 5324 etiam
2451 5266 2714 5323 occiderit
2757 5268 3066 5338 quempiam
3088 5310 3102 5333 ,
3127 5269 3367 5325 obruens
3389 5283 3517 5322 eum

1947 5360 2134 5430 iniqua
2193 5366 2489 5429 potestate,
2536 5355 2832 5410 admissum
2879 5359 3082 5414 crimen
3142 5365 3317 5412 morte
3365 5356 3519 5413 luero

1942 5449 2141 5520 jussit:
2165 5447 2438 5517 lapidibus
2453 5461 2688 5516 namque
2711 5447 2848 5501 mori
2872 5463 2998 5503 eum
3032 5455 3286 5518 oportere
3316 5446 3516 5518 inquit.

337 5641 377 5671 "
407 5640 746 5702 Psal.1.xv11,
784 5638 834 5689 7.
903 5637 960 5707 ﬂ"
988 5635 1160 5689 Galat.
1187 5650 1223 5700 1,
1252 5632 1335 5686 IO.
1396 5633 1442 5664 ⁵³
1466 5631 1639 5695 ITim.
1665 5633 1807 5697 111,5.
1857 5631 2096 5685 "Exod.
2128 5647 2235 5695 XXI,
2268 5629 2450 5683 2-8-52.
2546 5631 2588 5662 ⁵⁸
2615 5629 2876 5697 ICor.1x,
2907 5631 2959 5696 9,
3008 5631 3092 5684 IO.
