  <div class='ocr_page' id='page_1' title='image "/cluster/home/n/w/nwhite01/storage/ocr_20150623/68/pst.000005712694/277.png"; bbox 0 0 3966 6298; ppageno 0'>
   <div class='ocr_carea' id='block_1_1' title="bbox 435 173 537 227">
    <p class='ocr_par' dir='ltr' id='par_1_1' title="bbox 435 173 537 227">
     <span class='ocr_line' id='line_1_1' title="bbox 435 173 537 227; baseline 0 -1"><span class='ocrx_word' id='word_1_1' title='bbox 435 173 537 227; x_wconf 75' lang='lat'><strong>5:27</strong></span> 
     </span>
    </p>
   </div>
   <div class='ocr_carea' id='block_1_2' title="bbox 1462 168 2697 233">
    <p class='ocr_par' dir='ltr' id='par_1_2' title="bbox 1462 168 2697 233">
     <span class='ocr_line' id='line_1_2' title="bbox 1462 168 2697 233; baseline 0 -6"><span class='ocrx_word' id='word_1_2' title='bbox 1462 171 1516 227; x_wconf 84' lang='lat' dir='ltr'><strong>S.</strong></span> <span class='ocrx_word' id='word_1_3' title='bbox 1559 168 1832 226; x_wconf 80' lang='lat' dir='ltr'><strong>CYRILLI</strong></span> <span class='ocrx_word' id='word_1_4' title='bbox 1870 169 2339 228; x_wconf 73' lang='lat' dir='ltr'><strong>ALEXANDRINI</strong></span> <span class='ocrx_word' id='word_1_5' title='bbox 2381 172 2697 233; x_wconf 70' lang='lat' dir='ltr'><strong>ARCHIEP.</strong></span> 
     </span>
    </p>
   </div>
   <div class='ocr_carea' id='block_1_3' title="bbox 3593 175 3698 232">
    <p class='ocr_par' dir='ltr' id='par_1_3' title="bbox 3593 175 3698 232">
     <span class='ocr_line' id='line_1_3' title="bbox 3593 175 3698 232; baseline 0 0"><span class='ocrx_word' id='word_1_6' title='bbox 3593 175 3698 232; x_wconf 75' lang='lat'><strong>523</strong></span> 
     </span>
    </p>
   </div>
   <div class='ocr_carea' id='block_1_4' title="bbox 437 281 1999 359">
    <p class='ocr_par' dir='ltr' id='par_1_4' title="bbox 437 281 1999 352">
     <span class='ocr_line' id='line_1_4' title="bbox 437 281 1999 352; baseline -0.004 -11"><span class='ocrx_word' id='word_1_7' title='bbox 437 284 722 341; x_wconf 82' lang='lat' dir='ltr'><strong>Subtrahit</strong></span> <span class='ocrx_word' id='word_1_8' title='bbox 745 289 927 337; x_wconf 86' lang='lat' dir='ltr'><strong>autem</strong></span> <span class='ocrx_word' id='word_1_9' title='bbox 955 281 1022 336; x_wconf 90' lang='lat' dir='ltr'><strong>ab</strong></span> <span class='ocrx_word' id='word_1_10' title='bbox 1061 281 1162 336; x_wconf 84' lang='lat' dir='ltr'><strong>hac</strong></span> <span class='ocrx_word' id='word_1_11' title='bbox 1185 297 1344 352; x_wconf 76' lang='lat' dir='ltr'><strong>ptena</strong></span> <span class='ocrx_word' id='word_1_12' title='bbox 1370 296 1763 352; x_wconf 72' lang='lat' dir='ltr'><strong>possessorem,</strong></span> <span class='ocrx_word' id='word_1_13' title='bbox 1787 283 1834 336; x_wconf 86' lang='lat' dir='ltr'><strong>si</strong></span> <span class='ocrx_word' id='word_1_14' title='bbox 1871 281 1999 336; x_wconf 71' lang='lat' dir='ltr'><strong>illius</strong></span> 
     </span>
    </p>
   </div>
   <div class='ocr_carea' id='block_1_5' title="bbox 2105 281 3699 359">
    <p class='ocr_par' dir='ltr' id='par_1_5' title="bbox 2121 286 3699 359">
     <span class='ocr_line' id='line_1_5' title="bbox 2121 286 3699 359; baseline 0.008 -27"><span class='ocrx_word' id='word_1_15' title='bbox 2121 286 2217 356; x_wconf 71' lang='grc' dir='ltr'>τῆς</span> <span class='ocrx_word' id='word_1_16' title='bbox 2237 287 2404 357; x_wconf 77' lang='grc' dir='ltr'>ὀργῆς</span> <span class='ocrx_word' id='word_1_17' title='bbox 2437 288 2527 340; x_wconf 81' lang='grc' dir='ltr'><strong>τὸν</strong></span> <span class='ocrx_word' id='word_1_18' title='bbox 2553 286 2912 358; x_wconf 80' lang='grc' dir='ltr'><strong>κεκτημένον,</strong></span> <span class='ocrx_word' id='word_1_19' title='bbox 2946 286 2991 339; x_wconf 89' lang='grc' dir='ltr'><strong>εί</strong></span> <span class='ocrx_word' id='word_1_20' title='bbox 3031 286 3105 358; x_wconf 85' lang='grc' dir='ltr'>μὴ</span> <span class='ocrx_word' id='word_1_21' title='bbox 3147 289 3244 359; x_wconf 81' lang='grc' dir='ltr'>τῆς</span> <span class='ocrx_word' id='word_1_22' title='bbox 3278 289 3588 356; x_wconf 78' lang='grc' dir='ltr'><strong>πλεονεξίας</strong></span> <span class='ocrx_word' id='word_1_23' title='bbox 3631 295 3699 345; x_wconf 85' lang='grc' dir='ltr'><strong>εἱ-</strong></span> 
     </span>
    </p>
   </div>
   <div class='ocr_carea' id='block_1_6' title="bbox 437 373 2011 448">
    <p class='ocr_par' dir='ltr' id='par_1_6' title="bbox 437 373 2011 448">
     <span class='ocr_line' id='line_1_6' title="bbox 437 373 2011 448; baseline -0.004 -16"><span class='ocrx_word' id='word_1_24' title='bbox 437 380 653 448; x_wconf 85' lang='lat' dir='ltr'><strong>iniquos</strong></span> <span class='ocrx_word' id='word_1_25' title='bbox 677 391 859 431; x_wconf 89' lang='lat' dir='ltr'><strong>mores</strong></span> <span class='ocrx_word' id='word_1_26' title='bbox 892 374 1199 446; x_wconf 79' lang='lat' dir='ltr'><strong>ignorabat,</strong></span> <span class='ocrx_word' id='word_1_27' title='bbox 1232 383 1287 429; x_wconf 90' lang='lat' dir='ltr'><strong>et</strong></span> <span class='ocrx_word' id='word_1_28' title='bbox 1309 373 1566 442; x_wconf 63' lang='lat' dir='ltr'><strong>nequitia</strong></span> <span class='ocrx_word' id='word_1_29' title='bbox 1586 373 1768 428; x_wconf 88' lang='lat' dir='ltr'><strong>socius</strong></span> <span class='ocrx_word' id='word_1_30' title='bbox 1789 373 2011 427; x_wconf 89' lang='lat' dir='ltr'><strong>minime</strong></span> 
     </span>
    </p>
   </div>
   <div class='ocr_carea' id='block_1_7' title="bbox 434 461 2013 536">
    <p class='ocr_par' dir='ltr' id='par_1_7' title="bbox 434 461 2013 536">
     <span class='ocr_line' id='line_1_7' title="bbox 434 461 2013 536; baseline -0.003 -15"><span class='ocrx_word' id='word_1_31' title='bbox 434 469 599 521; x_wconf 78' lang='lat' dir='ltr'><strong>fuisse</strong></span> <span class='ocrx_word' id='word_1_32' title='bbox 622 464 1064 536; x_wconf 76' lang='lat' dir='ltr'><strong>deprehendatur</strong></span> <span class='ocrx_word' id='word_1_33' title='bbox 1091 481 1104 516; x_wconf 89' lang='lat'>:</span> <span class='ocrx_word' id='word_1_34' title='bbox 1131 477 1309 531; x_wconf 90' lang='lat' dir='ltr'><strong>neque</strong></span> <span class='ocrx_word' id='word_1_35' title='bbox 1332 461 1479 516; x_wconf 88' lang='lat' dir='ltr'><strong>enim</strong></span> <span class='ocrx_word' id='word_1_36' title='bbox 1509 462 1742 516; x_wconf 90' lang='lat' dir='ltr'><strong>aliorum</strong></span> <span class='ocrx_word' id='word_1_37' title='bbox 1779 461 2013 516; x_wconf 89' lang='lat' dir='ltr'><strong>crimina</strong></span> 
     </span>
    </p>
   </div>
   <div class='ocr_carea' id='block_1_8' title="bbox 434 553 2014 619">
    <p class='ocr_par' dir='ltr' id='par_1_8' title="bbox 434 553 2014 619">
     <span class='ocr_line' id='line_1_8' title="bbox 434 553 2014 619; baseline -0.003 -7"><span class='ocrx_word' id='word_1_38' title='bbox 434 566 621 613; x_wconf 85' lang='lat' dir='ltr'><strong>nostra</strong></span> <span class='ocrx_word' id='word_1_39' title='bbox 644 565 804 619; x_wconf 91' lang='lat' dir='ltr'><strong>sunt,</strong></span> <span class='ocrx_word' id='word_1_40' title='bbox 830 557 870 610; x_wconf 88' lang='lat' dir='ltr'><strong>si</strong></span> <span class='ocrx_word' id='word_1_41' title='bbox 898 556 1037 610; x_wconf 88' lang='lat' dir='ltr'><strong>clam</strong></span> <span class='ocrx_word' id='word_1_42' title='bbox 1061 554 1220 608; x_wconf 86' lang='lat' dir='ltr'><strong>nobis</strong></span> <span class='ocrx_word' id='word_1_43' title='bbox 1243 554 1621 608; x_wconf 82' lang='lat' dir='ltr'><strong>admittantur.</strong></span> <span class='ocrx_word' id='word_1_44' title='bbox 1646 553 1805 608; x_wconf 74' lang='lat' dir='ltr'><strong>V&#39;esci</strong></span> <span class='ocrx_word' id='word_1_45' title='bbox 1829 563 2014 608; x_wconf 90' lang='lat' dir='ltr'><strong>autem</strong></span> 
     </span>
    </p>
   </div>
   <div class='ocr_carea' id='block_1_9' title="bbox 435 645 2015 714">
    <p class='ocr_par' dir='ltr' id='par_1_9' title="bbox 435 645 2015 714">
     <span class='ocr_line' id='line_1_9' title="bbox 435 645 2015 714; baseline -0.002 -12"><span class='ocrx_word' id='word_1_46' title='bbox 435 649 576 703; x_wconf 85' lang='lat' dir='ltr'><strong>tauri</strong></span> <span class='ocrx_word' id='word_1_47' title='bbox 609 649 867 702; x_wconf 86' lang='lat' dir='ltr'><strong>carnibus</strong></span> <span class='ocrx_word' id='word_1_48' title='bbox 901 654 1050 702; x_wconf 91' lang='lat' dir='ltr'><strong>vetat</strong></span> <span class='ocrx_word' id='word_1_49' title='bbox 1078 663 1088 698; x_wconf 91' lang='lat'>:</span> <span class='ocrx_word' id='word_1_50' title='bbox 1119 645 1171 699; x_wconf 91' lang='lat' dir='ltr'><strong>in</strong></span> <span class='ocrx_word' id='word_1_51' title='bbox 1196 661 1306 714; x_wconf 90' lang='lat' dir='ltr'><strong>quo</strong></span> <span class='ocrx_word' id='word_1_52' title='bbox 1343 661 1453 700; x_wconf 89' lang='lat' dir='ltr'><strong>non</strong></span> <span class='ocrx_word' id='word_1_53' title='bbox 1485 653 1740 714; x_wconf 86' lang='lat' dir='ltr'><strong>oportere</strong></span> <span class='ocrx_word' id='word_1_54' title='bbox 1780 645 2015 699; x_wconf 88' lang='lat' dir='ltr'><strong>aliorum</strong></span> 
     </span>
    </p>
   </div>
   <div class='ocr_carea' id='block_1_10' title="bbox 433 734 2013 808">
    <p class='ocr_par' dir='ltr' id='par_1_10' title="bbox 433 734 2013 808">
     <span class='ocr_line' id='line_1_10' title="bbox 433 734 2013 808; baseline -0.003 -16"><span class='ocrx_word' id='word_1_55' title='bbox 433 737 762 808; x_wconf 82' lang='lat' dir='ltr'><strong>impuritatis</strong></span> <span class='ocrx_word' id='word_1_56' title='bbox 812 751 932 791; x_wconf 87' lang='lat' dir='ltr'><strong>esse</strong></span> <span class='ocrx_word' id='word_1_57' title='bbox 973 743 1292 799; x_wconf 80' lang='lat' dir='ltr'><strong>consortes,</strong></span> <span class='ocrx_word' id='word_1_58' title='bbox 1339 734 1441 790; x_wconf 91' lang='lat' dir='ltr'><strong>sub</strong></span> <span class='ocrx_word' id='word_1_59' title='bbox 1483 734 1740 789; x_wconf 84' lang='lat' dir='ltr'><strong>vescendi</strong></span> <span class='ocrx_word' id='word_1_60' title='bbox 1787 736 2013 804; x_wconf 88' lang='lat' dir='ltr'><strong>partici-</strong></span> 
     </span>
    </p>
   </div>
   <div class='ocr_carea' id='block_1_11' title="bbox 432 826 2016 899">
    <p class='ocr_par' dir='ltr' id='par_1_11' title="bbox 432 826 2016 899">
     <span class='ocr_line' id='line_1_11' title="bbox 432 826 2016 899; baseline -0.001 -16"><span class='ocrx_word' id='word_1_61' title='bbox 432 829 704 899; x_wconf 89' lang='lat' dir='ltr'><strong>pandique</strong></span> <span class='ocrx_word' id='word_1_62' title='bbox 752 828 924 898; x_wconf 88' lang='lat' dir='ltr'><strong>ﬁgura</strong></span> <span class='ocrx_word' id='word_1_63' title='bbox 970 828 1206 881; x_wconf 85' lang='lat' dir='ltr'><strong>latenter</strong></span> <span class='ocrx_word' id='word_1_64' title='bbox 1239 826 1510 896; x_wconf 85' lang='lat' dir='ltr'><strong>signiﬁcat</strong></span> <span class='ocrx_word' id='word_1_65' title='bbox 1543 843 1553 877; x_wconf 94' lang='lat'>:</span> <span class='ocrx_word' id='word_1_66' title='bbox 1590 840 1772 880; x_wconf 90' lang='lat' dir='ltr'><strong>annon</strong></span> <span class='ocrx_word' id='word_1_67' title='bbox 1827 834 2016 896; x_wconf 89' lang='lat' dir='ltr'><strong>aperte</strong></span> 
     </span>
    </p>
   </div>
   <div class='ocr_carea' id='block_1_12' title="bbox 430 917 2015 987">
    <p class='ocr_par' dir='ltr' id='par_1_12' title="bbox 430 917 2015 987">
     <span class='ocr_line' id='line_1_12' title="bbox 430 917 2015 987; baseline -0.001 -13"><span class='ocrx_word' id='word_1_68' title='bbox 430 921 532 975; x_wconf 87' lang='lat' dir='ltr'><strong>hoc</strong></span> <span class='ocrx_word' id='word_1_69' title='bbox 578 919 712 973; x_wconf 89' lang='lat' dir='ltr'><strong>illud</strong></span> <span class='ocrx_word' id='word_1_70' title='bbox 751 929 880 974; x_wconf 87' lang='lat' dir='ltr'><strong>est:</strong></span> <span class='ocrx_word' id='word_1_71' title='bbox 924 937 940 968; x_wconf 74' lang='grc' dir='ltr'><strong>ι</strong></span> <span class='ocrx_word' id='word_1_72' title='bbox 973 918 1048 972; x_wconf 90' lang='lat' dir='ltr'><strong>Te</strong></span> <span class='ocrx_word' id='word_1_73' title='bbox 1076 919 1255 987; x_wconf 90' lang='lat' dir='ltr'><strong>ipsum</strong></span> <span class='ocrx_word' id='word_1_74' title='bbox 1287 925 1498 971; x_wconf 89' lang='lat' dir='ltr'><strong>castum</strong></span> <span class='ocrx_word' id='word_1_75' title='bbox 1546 917 1790 982; x_wconf 82' lang='lat' dir='ltr'><strong>custodi,</strong></span> <span class='ocrx_word' id='word_1_76' title='bbox 1835 925 1892 973; x_wconf 90' lang='lat' dir='ltr'><strong>et</strong></span> <span class='ocrx_word' id='word_1_77' title='bbox 1944 933 2015 973; x_wconf 90' lang='lat' dir='ltr'><strong>ne</strong></span> 
     </span>
    </p>
   </div>
   <div class='ocr_carea' id='block_1_13' title="bbox 428 1009 1934 1079">
    <p class='ocr_par' dir='ltr' id='par_1_13' title="bbox 428 1009 1934 1079">
     <span class='ocr_line' id='line_1_13' title="bbox 428 1009 1934 1079; baseline -0.005 -12"><span class='ocrx_word' id='word_1_78' title='bbox 428 1011 922 1067; x_wconf 83' lang='lat' dir='ltr'><strong>communicaveris</strong></span> <span class='ocrx_word' id='word_1_79' title='bbox 956 1009 1197 1079; x_wconf 84' lang='lat' dir='ltr'><strong>peccatis</strong></span> <span class='ocrx_word' id='word_1_80' title='bbox 1222 1009 1418 1064; x_wconf 87' lang='lat' dir='ltr'><strong>alienis</strong></span> <span class='ocrx_word' id='word_1_81' title='bbox 1439 1009 1519 1062; x_wconf 61' lang='lat'><strong>5°?</strong></span> <span class='ocrx_word' id='word_1_82' title='bbox 1543 1029 1560 1060; x_wconf 76' lang='grc' dir='ltr'><strong>ι</strong></span> <span class='ocrx_word' id='word_1_83' title='bbox 1926 1025 1934 1033; x_wconf 94' lang='grc'>·</span> 
     </span>
    </p>
   </div>
   <div class='ocr_carea' id='block_1_14' title="bbox 499 1099 1128 1155">
    <p class='ocr_par' dir='ltr' id='par_1_14' title="bbox 499 1099 1128 1155">
     <span class='ocr_line' id='line_1_14' title="bbox 499 1099 1128 1155; baseline -0.003 0"><span class='ocrx_word' id='word_1_84' title='bbox 499 1099 696 1155; x_wconf 86' lang='lat' dir='ltr'><strong>PALL.</strong></span> <span class='ocrx_word' id='word_1_85' title='bbox 724 1099 954 1154; x_wconf 80' lang='lat' dir='ltr'><strong>Maxime</strong></span> <span class='ocrx_word' id='word_1_86' title='bbox 977 1114 1128 1154; x_wconf 85' lang='lat' dir='ltr'><strong>vero.</strong></span> 
     </span>
    </p>
   </div>
   <div class='ocr_carea' id='block_1_15' title="bbox 497 1191 2015 1263">
    <p class='ocr_par' dir='ltr' id='par_1_15' title="bbox 497 1191 2015 1263">
     <span class='ocr_line' id='line_1_15' title="bbox 497 1191 2015 1263; baseline -0.001 -16"><span class='ocrx_word' id='word_1_87' title='bbox 497 1191 652 1247; x_wconf 66' lang='grc' dir='ltr'>ΟΥΕ.</span> <span class='ocrx_word' id='word_1_88' title='bbox 693 1192 866 1247; x_wconf 89' lang='lat' dir='ltr'><strong>Simul</strong></span> <span class='ocrx_word' id='word_1_89' title='bbox 901 1200 1084 1245; x_wconf 91' lang='lat' dir='ltr'><strong>autem</strong></span> <span class='ocrx_word' id='word_1_90' title='bbox 1115 1207 1240 1246; x_wconf 90' lang='lat' dir='ltr'><strong>cum</strong></span> <span class='ocrx_word' id='word_1_91' title='bbox 1285 1203 1442 1247; x_wconf 84' lang='lat' dir='ltr'><strong>tauro</strong></span> <span class='ocrx_word' id='word_1_92' title='bbox 1485 1191 1770 1247; x_wconf 90' lang='lat' dir='ltr'><strong>dominum</strong></span> <span class='ocrx_word' id='word_1_93' title='bbox 1796 1207 2015 1263; x_wconf 89' lang='lat' dir='ltr'><strong>quoque</strong></span> 
     </span>
    </p>
   </div>
   <div class='ocr_carea' id='block_1_16' title="bbox 427 1282 2016 1354">
    <p class='ocr_par' dir='ltr' id='par_1_16' title="bbox 427 1282 2016 1354">
     <span class='ocr_line' id='line_1_16' title="bbox 427 1282 2016 1354; baseline 0.001 -16"><span class='ocrx_word' id='word_1_94' title='bbox 427 1284 673 1338; x_wconf 81' lang='lat' dir='ltr'><strong>damnari</strong></span> <span class='ocrx_word' id='word_1_95' title='bbox 711 1282 986 1348; x_wconf 86' lang='lat' dir='ltr'><strong>decernit,</strong></span> <span class='ocrx_word' id='word_1_96' title='bbox 1034 1283 1080 1338; x_wconf 89' lang='lat' dir='ltr'><strong>si</strong></span> <span class='ocrx_word' id='word_1_97' title='bbox 1111 1284 1371 1354; x_wconf 89' lang='lat' dir='ltr'><strong>injuriam</strong></span> <span class='ocrx_word' id='word_1_98' title='bbox 1417 1284 1623 1339; x_wconf 85' lang='lat' dir='ltr'><strong>illatam</strong></span> <span class='ocrx_word' id='word_1_99' title='bbox 1664 1284 1920 1348; x_wconf 88' lang='lat' dir='ltr'><strong>sciverit,</strong></span> <span class='ocrx_word' id='word_1_100' title='bbox 1960 1294 2016 1339; x_wconf 88' lang='lat' dir='ltr'><strong>et</strong></span> 
     </span>
    </p>
   </div>
   <div class='ocr_carea' id='block_1_17' title="bbox 429 1373 2014 1448">
    <p class='ocr_par' dir='ltr' id='par_1_17' title="bbox 429 1373 2014 1448">
     <span class='ocr_line' id='line_1_17' title="bbox 429 1373 2014 1448; baseline 0.004 -22"><span class='ocrx_word' id='word_1_101' title='bbox 429 1373 577 1430; x_wconf 87' lang='lat' dir='ltr'><strong>illius</strong></span> <span class='ocrx_word' id='word_1_102' title='bbox 625 1375 974 1444; x_wconf 87' lang='lat' dir='ltr'><strong>iniquitatem</strong></span> <span class='ocrx_word' id='word_1_103' title='bbox 1010 1390 1120 1429; x_wconf 92' lang='lat' dir='ltr'><strong>non</strong></span> <span class='ocrx_word' id='word_1_104' title='bbox 1163 1376 1442 1446; x_wconf 81' lang='lat' dir='ltr'><strong>ignorasse</strong></span> <span class='ocrx_word' id='word_1_105' title='bbox 1489 1387 1818 1448; x_wconf 78' lang='lat' dir='ltr'><strong>coarguatur</strong></span> <span class='ocrx_word' id='word_1_106' title='bbox 1848 1395 1860 1429; x_wconf 89' lang='lat'><strong>:</strong></span> <span class='ocrx_word' id='word_1_107' title='bbox 1889 1393 2014 1432; x_wconf 89' lang='lat' dir='ltr'><strong>nam</strong></span> 
     </span>
    </p>
   </div>
   <div class='ocr_carea' id='block_1_18' title="bbox 429 1468 2014 1540">
    <p class='ocr_par' dir='ltr' id='par_1_18' title="bbox 429 1468 2014 1540">
     <span class='ocr_line' id='line_1_18' title="bbox 429 1468 2014 1540; baseline 0.002 -19"><span class='ocrx_word' id='word_1_108' title='bbox 429 1483 587 1537; x_wconf 89' lang='lat' dir='ltr'><strong>posse</strong></span> <span class='ocrx_word' id='word_1_109' title='bbox 614 1468 835 1537; x_wconf 84' lang='lat' dir='ltr'><strong>quidem</strong></span> <span class='ocrx_word' id='word_1_110' title='bbox 862 1468 1080 1538; x_wconf 86' lang='lat' dir='ltr'><strong>iniquos</strong></span> <span class='ocrx_word' id='word_1_111' title='bbox 1103 1485 1288 1524; x_wconf 89' lang='lat' dir='ltr'><strong>mores</strong></span> <span class='ocrx_word' id='word_1_112' title='bbox 1316 1485 1572 1525; x_wconf 89' lang='lat' dir='ltr'><strong>coercere</strong></span> <span class='ocrx_word' id='word_1_113' title='bbox 1592 1511 1606 1534; x_wconf 95' lang='lat'><strong>,</strong></span> <span class='ocrx_word' id='word_1_114' title='bbox 1631 1477 1686 1524; x_wconf 87' lang='lat' dir='ltr'><strong>et</strong></span> <span class='ocrx_word' id='word_1_115' title='bbox 1724 1471 1792 1524; x_wconf 88' lang='lat' dir='ltr'><strong>ab</strong></span> <span class='ocrx_word' id='word_1_116' title='bbox 1815 1471 2014 1540; x_wconf 85' lang='lat' dir='ltr'><strong>injuria</strong></span> 
     </span>
    </p>
   </div>
   <div class='ocr_carea' id='block_1_19' title="bbox 429 1560 2013 1632">
    <p class='ocr_par' dir='ltr' id='par_1_19' title="bbox 429 1560 2013 1632">
     <span class='ocr_line' id='line_1_19' title="bbox 429 1560 2013 1632; baseline 0.002 -20"><span class='ocrx_word' id='word_1_117' title='bbox 429 1560 588 1615; x_wconf 82' lang='lat' dir='ltr'><strong>facile</strong></span> <span class='ocrx_word' id='word_1_118' title='bbox 623 1561 942 1630; x_wconf 89' lang='lat' dir='ltr'><strong>prohibere,</strong></span> <span class='ocrx_word' id='word_1_119' title='bbox 970 1561 1063 1618; x_wconf 90' lang='lat' dir='ltr'><strong>sed</strong></span> <span class='ocrx_word' id='word_1_120' title='bbox 1095 1562 1274 1617; x_wconf 83' lang='lat' dir='ltr'><strong>facere</strong></span> <span class='ocrx_word' id='word_1_121' title='bbox 1303 1563 1448 1616; x_wconf 88' lang='lat' dir='ltr'><strong>nolle</strong></span> <span class='ocrx_word' id='word_1_122' title='bbox 1468 1603 1482 1627; x_wconf 91' lang='lat'><strong>,</strong></span> <span class='ocrx_word' id='word_1_123' title='bbox 1523 1563 1688 1632; x_wconf 88' lang='lat' dir='ltr'><strong>idque</strong></span> <span class='ocrx_word' id='word_1_124' title='bbox 1713 1563 2013 1632; x_wconf 80' lang='lat' dir='ltr'><strong>praesertim</strong></span> 
     </span>
    </p>
   </div>
   <div class='ocr_carea' id='block_1_20' title="bbox 2118 379 3699 452">
    <p class='ocr_par' dir='ltr' id='par_1_20' title="bbox 2118 379 3699 452">
     <span class='ocr_line' id='line_1_20' title="bbox 2118 379 3699 452; baseline 0.003 -21"><span class='ocrx_word' id='word_1_125' title='bbox 2118 379 2230 449; x_wconf 89' lang='grc' dir='ltr'>δείη</span> <span class='ocrx_word' id='word_1_126' title='bbox 2263 385 2351 432; x_wconf 84' lang='grc' dir='ltr'>τὸν</span> <span class='ocrx_word' id='word_1_127' title='bbox 2377 381 2598 451; x_wconf 77' lang='grc' dir='ltr'>τρόπον,</span> <span class='ocrx_word' id='word_1_128' title='bbox 2631 380 2764 451; x_wconf 86' lang='grc' dir='ltr'>μηδὲ</span> <span class='ocrx_word' id='word_1_129' title='bbox 2806 381 2906 450; x_wconf 84' lang='grc' dir='ltr'>τῆς</span> <span class='ocrx_word' id='word_1_130' title='bbox 2971 381 3180 435; x_wconf 78' lang='grc' dir='ltr'>ἐκείνου</span> <span class='ocrx_word' id='word_1_131' title='bbox 3225 383 3559 452; x_wconf 84' lang='grc' dir='ltr'>φαυλότητος</span> <span class='ocrx_word' id='word_1_132' title='bbox 3586 383 3699 436; x_wconf 84' lang='grc' dir='ltr'>ἀλί-</span> 
     </span>
    </p>
   </div>
   <div class='ocr_carea' id='block_1_21' title="bbox 2121 470 3696 546">
    <p class='ocr_par' dir='ltr' id='par_1_21' title="bbox 2121 470 3696 546">
     <span class='ocr_line' id='line_1_21' title="bbox 2121 470 3696 546; baseline 0.004 -24"><span class='ocrx_word' id='word_1_133' title='bbox 2121 487 2302 523; x_wconf 90' lang='grc' dir='ltr'>σκοιτο</span> <span class='ocrx_word' id='word_1_134' title='bbox 2329 472 2583 535; x_wconf 87' lang='grc' dir='ltr'>κοινωνός</span> <span class='ocrx_word' id='word_1_135' title='bbox 2603 489 2615 502; x_wconf 76' lang='grc' dir='ltr'><strong>ο</strong></span> <span class='ocrx_word' id='word_1_136' title='bbox 2635 473 2695 524; x_wconf 83' lang='grc' dir='ltr'>οὺ</span> <span class='ocrx_word' id='word_1_137' title='bbox 2718 470 2997 543; x_wconf 83' lang='grc' dir='ltr'>γὰρήμῶν</span> <span class='ocrx_word' id='word_1_138' title='bbox 3032 473 3354 544; x_wconf 79' lang='grc' dir='ltr'>ἐγκλήματα</span> <span class='ocrx_word' id='word_1_139' title='bbox 3376 476 3444 528; x_wconf 79' lang='grc' dir='ltr'>τὰ</span> <span class='ocrx_word' id='word_1_140' title='bbox 3473 476 3696 546; x_wconf 85' lang='grc' dir='ltr'>ἐτέρων,</span> 
     </span>
    </p>
   </div>
   <div class='ocr_carea' id='block_1_22' title="bbox 2117 563 3697 636">
    <p class='ocr_par' dir='ltr' id='par_1_22' title="bbox 2117 563 3697 636">
     <span class='ocr_line' id='line_1_22' title="bbox 2117 563 3697 636; baseline 0.003 -20"><span class='ocrx_word' id='word_1_141' title='bbox 2117 563 2164 616; x_wconf 83' lang='grc' dir='ltr'><strong>εί</strong></span> <span class='ocrx_word' id='word_1_142' title='bbox 2187 563 2419 634; x_wconf 89' lang='grc' dir='ltr'>λαθραῖα</span> <span class='ocrx_word' id='word_1_143' title='bbox 2445 565 2653 633; x_wconf 85' lang='grc' dir='ltr'>γένοιτο</span> <span class='ocrx_word' id='word_1_144' title='bbox 2679 565 2859 633; x_wconf 84' lang='grc' dir='ltr'>τυχόν.</span> <span class='ocrx_word' id='word_1_145' title='bbox 2905 563 3138 617; x_wconf 84' lang='grc' dir='ltr'>Ἐσθίειν</span> <span class='ocrx_word' id='word_1_146' title='bbox 3163 565 3206 618; x_wconf 84' lang='grc' dir='ltr'>δ’</span> <span class='ocrx_word' id='word_1_147' title='bbox 3229 567 3328 619; x_wconf 83' lang='grc' dir='ltr'>οὐκ</span> <span class='ocrx_word' id='word_1_148' title='bbox 3359 568 3420 636; x_wconf 84' lang='grc' dir='ltr'><strong>ὲᾷ</strong></span> <span class='ocrx_word' id='word_1_149' title='bbox 3443 567 3540 620; x_wconf 79' lang='grc' dir='ltr'>τοῦ</span> <span class='ocrx_word' id='word_1_150' title='bbox 3565 566 3697 620; x_wconf 88' lang='grc' dir='ltr'>ταύ-</span> 
     </span>
    </p>
   </div>
   <div class='ocr_carea' id='block_1_23' title="bbox 2120 655 3697 727">
    <p class='ocr_par' dir='ltr' id='par_1_23' title="bbox 2120 655 3697 727">
     <span class='ocr_line' id='line_1_23' title="bbox 2120 655 3697 727; baseline 0.001 -19"><span class='ocrx_word' id='word_1_151' title='bbox 2120 671 2214 727; x_wconf 88' lang='grc' dir='ltr'><strong>ρου</strong></span> <span class='ocrx_word' id='word_1_152' title='bbox 2239 655 2305 708; x_wconf 85' lang='grc' dir='ltr'>τὰ</span> <span class='ocrx_word' id='word_1_153' title='bbox 2335 657 2494 727; x_wconf 86' lang='grc' dir='ltr'>κρέα,</span> <span class='ocrx_word' id='word_1_154' title='bbox 2520 656 2580 708; x_wconf 91' lang='grc' dir='ltr'><strong>τό</strong></span> <span class='ocrx_word' id='word_1_155' title='bbox 2607 672 2688 708; x_wconf 91' lang='grc' dir='ltr'><strong>τοι</strong></span> <span class='ocrx_word' id='word_1_156' title='bbox 2727 655 2800 725; x_wconf 83' lang='grc' dir='ltr'>μὴ</span> <span class='ocrx_word' id='word_1_157' title='bbox 2831 657 3024 725; x_wconf 83' lang='grc' dir='ltr'>χρῆναι</span> <span class='ocrx_word' id='word_1_158' title='bbox 3062 655 3386 726; x_wconf 83' lang='grc' dir='ltr'>μεταλαχεῖν</span> <span class='ocrx_word' id='word_1_159' title='bbox 3437 659 3533 726; x_wconf 86' lang='grc' dir='ltr'><strong>τῆς</strong></span> <span class='ocrx_word' id='word_1_160' title='bbox 3579 657 3697 710; x_wconf 83' lang='grc' dir='ltr'>ἑτέ-</span> 
     </span>
    </p>
   </div>
   <div class='ocr_carea' id='block_1_24' title="bbox 2119 744 3696 817">
    <p class='ocr_par' dir='ltr' id='par_1_24' title="bbox 2119 744 3696 817">
     <span class='ocr_line' id='line_1_24' title="bbox 2119 744 3696 817; baseline 0.001 -21"><span class='ocrx_word' id='word_1_161' title='bbox 2119 763 2228 817; x_wconf 87' lang='grc' dir='ltr'><strong>ρων</strong></span> <span class='ocrx_word' id='word_1_162' title='bbox 2255 746 2612 816; x_wconf 75' lang='grc' dir='ltr'>ἀκαθαρσίας,</span> <span class='ocrx_word' id='word_1_163' title='bbox 2643 745 2719 810; x_wconf 88' lang='grc' dir='ltr'>ὠς</span> <span class='ocrx_word' id='word_1_164' title='bbox 2748 747 2805 799; x_wconf 83' lang='grc' dir='ltr'>ὲν</span> <span class='ocrx_word' id='word_1_165' title='bbox 2839 744 2994 815; x_wconf 75' lang='grc' dir='ltr'>τύπῳ</span> <span class='ocrx_word' id='word_1_166' title='bbox 3037 745 3116 815; x_wconf 83' lang='grc' dir='ltr'><strong>τῷ</strong></span> <span class='ocrx_word' id='word_1_167' title='bbox 3147 746 3288 798; x_wconf 83' lang='grc' dir='ltr'><strong>κατά</strong></span> <span class='ocrx_word' id='word_1_168' title='bbox 3339 745 3436 815; x_wconf 82' lang='grc' dir='ltr'>τὴν</span> <span class='ocrx_word' id='word_1_169' title='bbox 3494 745 3696 815; x_wconf 79' lang='grc' dir='ltr'>βρῶσιν</span> 
     </span>
    </p>
   </div>
   <div class='ocr_carea' id='block_1_25' title="bbox 2117 831 3694 907">
    <p class='ocr_par' dir='ltr' id='par_1_25' title="bbox 2117 831 3694 907">
     <span class='ocr_line' id='line_1_25' title="bbox 2117 831 3694 907; baseline -0.001 -18"><span class='ocrx_word' id='word_1_170' title='bbox 2117 837 2209 889; x_wconf 79' lang='grc' dir='ltr'>καὶ</span> <span class='ocrx_word' id='word_1_171' title='bbox 2224 836 2318 907; x_wconf 79' lang='grc' dir='ltr'><strong>τὴν</strong></span> <span class='ocrx_word' id='word_1_172' title='bbox 2343 837 2504 889; x_wconf 77' lang='grc' dir='ltr'>οἱονεὶ</span> <span class='ocrx_word' id='word_1_173' title='bbox 2528 835 2744 907; x_wconf 80' lang='grc' dir='ltr'>μέθεξιν</span> <span class='ocrx_word' id='word_1_174' title='bbox 2767 836 3078 888; x_wconf 74' lang='grc' dir='ltr'>ὑποτυπῶνο</span> <span class='ocrx_word' id='word_1_175' title='bbox 3105 831 3191 905; x_wconf 83' lang='grc' dir='ltr'><strong>ἆρ’</strong></span> <span class='ocrx_word' id='word_1_176' title='bbox 3212 835 3337 904; x_wconf 79' lang='grc' dir='ltr'>οὐχὶ</span> <span class='ocrx_word' id='word_1_177' title='bbox 3363 833 3520 888; x_wconf 80' lang='grc' dir='ltr'>τοῦτό</span> <span class='ocrx_word' id='word_1_178' title='bbox 3549 836 3694 887; x_wconf 81' lang='grc' dir='ltr'>ἐστιν</span> 
     </span>
    </p>
   </div>
   <div class='ocr_carea' id='block_1_26' title="bbox 2115 924 3694 999">
    <p class='ocr_par' dir='ltr' id='par_1_26' title="bbox 2115 924 3694 999">
     <span class='ocr_line' id='line_1_26' title="bbox 2115 924 3694 999; baseline -0.002 -19"><span class='ocrx_word' id='word_1_179' title='bbox 2115 927 2381 999; x_wconf 77' lang='grc' dir='ltr'>ἐναργῶς,</span> <span class='ocrx_word' id='word_1_180' title='bbox 2417 926 2497 992; x_wconf 83' lang='grc' dir='ltr'><strong>τὸ,</strong></span> <span class='ocrx_word' id='word_1_181' title='bbox 2536 946 2554 978; x_wconf 79' lang='grc' dir='ltr'><strong>ι</strong></span> <span class='ocrx_word' id='word_1_182' title='bbox 2589 925 2819 979; x_wconf 82' lang='grc' dir='ltr'>Σεαυτδν</span> <span class='ocrx_word' id='word_1_183' title='bbox 2847 927 3011 994; x_wconf 80' lang='grc' dir='ltr'>ἁγνὸν</span> <span class='ocrx_word' id='word_1_184' title='bbox 3049 927 3227 997; x_wconf 85' lang='grc' dir='ltr'>τήρει,</span> <span class='ocrx_word' id='word_1_185' title='bbox 3268 927 3361 980; x_wconf 76' lang='grc' dir='ltr'><strong>καὶ</strong></span> <span class='ocrx_word' id='word_1_186' title='bbox 3395 925 3470 996; x_wconf 82' lang='grc' dir='ltr'>μὴ</span> <span class='ocrx_word' id='word_1_187' title='bbox 3505 924 3694 978; x_wconf 81' lang='grc' dir='ltr'>κοινώ-</span> 
     </span>
    </p>
   </div>
   <div class='ocr_carea' id='block_1_27' title="bbox 2115 1015 2942 1086">
    <p class='ocr_par' dir='ltr' id='par_1_27' title="bbox 2115 1015 2942 1086">
     <span class='ocr_line' id='line_1_27' title="bbox 2115 1015 2942 1086; baseline -0.004 -16"><span class='ocrx_word' id='word_1_188' title='bbox 2115 1035 2194 1070; x_wconf 89' lang='grc' dir='ltr'>νει</span> <span class='ocrx_word' id='word_1_189' title='bbox 2229 1016 2526 1086; x_wconf 81' lang='grc' dir='ltr'>ἁμαρτίαις</span> <span class='ocrx_word' id='word_1_190' title='bbox 2551 1015 2888 1086; x_wconf 87' lang='grc' dir='ltr'>άλλοτρίαις;</span> <span class='ocrx_word' id='word_1_191' title='bbox 2924 1034 2942 1067; x_wconf 75' lang='grc' dir='ltr'><strong>ι</strong></span> 
     </span>
    </p>
   </div>
   <div class='ocr_carea' id='block_1_28' title="bbox 2188 1103 2845 1178">
    <p class='ocr_par' dir='ltr' id='par_1_28' title="bbox 2188 1103 2845 1178">
     <span class='ocr_line' id='line_1_28' title="bbox 2188 1103 2845 1178; baseline -0.002 -17"><span class='ocrx_word' id='word_1_192' title='bbox 2188 1109 2396 1162; x_wconf 84' lang='grc' dir='ltr'><strong>ΠΑΛΛ.</strong></span> <span class='ocrx_word' id='word_1_193' title='bbox 2425 1107 2572 1161; x_wconf 87' lang='grc' dir='ltr'><strong>Πάνυ</strong></span> <span class='ocrx_word' id='word_1_194' title='bbox 2601 1107 2702 1178; x_wconf 83' lang='grc' dir='ltr'>μὲν</span> <span class='ocrx_word' id='word_1_195' title='bbox 2731 1103 2845 1161; x_wconf 75' lang='grc' dir='ltr'>οὖν.</span> 
     </span>
    </p>
   </div>
   <div class='ocr_carea' id='block_1_29' title="bbox 2187 1197 3690 1269">
    <p class='ocr_par' dir='ltr' id='par_1_29' title="bbox 2187 1197 3690 1269">
     <span class='ocr_line' id='line_1_29' title="bbox 2187 1197 3690 1269; baseline -0.003 -17"><span class='ocrx_word' id='word_1_196' title='bbox 2187 1199 2352 1252; x_wconf 84' lang='grc' dir='ltr'>ΚΥΡ.</span> <span class='ocrx_word' id='word_1_197' title='bbox 2385 1199 2954 1266; x_wconf 80' lang='grc' dir='ltr'>Συγκαταδικάζεσθαι</span> <span class='ocrx_word' id='word_1_198' title='bbox 2978 1199 3034 1252; x_wconf 86' lang='grc' dir='ltr'>δὲ</span> <span class='ocrx_word' id='word_1_199' title='bbox 3055 1197 3132 1269; x_wconf 84' lang='grc' dir='ltr'>τῷ</span> <span class='ocrx_word' id='word_1_200' title='bbox 3163 1199 3346 1269; x_wconf 83' lang='grc' dir='ltr'>μόσχῳ</span> <span class='ocrx_word' id='word_1_201' title='bbox 3371 1197 3690 1251; x_wconf 79' lang='grc' dir='ltr'>δεδικαίωκε</span> 
     </span>
    </p>
   </div>
   <div class='ocr_carea' id='block_1_30' title="bbox 2112 1288 3692 1360">
    <p class='ocr_par' dir='ltr' id='par_1_30' title="bbox 2112 1288 3692 1360">
     <span class='ocr_line' id='line_1_30' title="bbox 2112 1288 3692 1360; baseline -0.001 -19"><span class='ocrx_word' id='word_1_202' title='bbox 2112 1288 2202 1342; x_wconf 81' lang='grc' dir='ltr'><strong>τὸν</strong></span> <span class='ocrx_word' id='word_1_203' title='bbox 2232 1289 2519 1359; x_wconf 81' lang='grc' dir='ltr'>δεσπότην,</span> <span class='ocrx_word' id='word_1_204' title='bbox 2555 1289 2711 1360; x_wconf 67' lang='grc' dir='ltr'>εἰπερ</span> <span class='ocrx_word' id='word_1_205' title='bbox 2737 1289 2902 1359; x_wconf 81' lang='grc' dir='ltr'>εἰδείη</span> <span class='ocrx_word' id='word_1_206' title='bbox 2926 1289 2988 1342; x_wconf 84' lang='grc' dir='ltr'><strong>τὸ</strong></span> <span class='ocrx_word' id='word_1_207' title='bbox 3019 1289 3426 1360; x_wconf 84' lang='grc' dir='ltr'>πλημμεληθὲν,</span> <span class='ocrx_word' id='word_1_208' title='bbox 3457 1289 3552 1341; x_wconf 74' lang='grc' dir='ltr'><strong>καὶ</strong></span> <span class='ocrx_word' id='word_1_209' title='bbox 3585 1305 3692 1358; x_wconf 75' lang='grc' dir='ltr'>μαι-</span> 
     </span>
    </p>
   </div>
   <div class='ocr_carea' id='block_1_31' title="bbox 2115 1380 3689 1452">
    <p class='ocr_par' dir='ltr' id='par_1_31' title="bbox 2115 1380 3689 1452">
     <span class='ocr_line' id='line_1_31' title="bbox 2115 1380 3689 1452; baseline -0.001 -18"><span class='ocrx_word' id='word_1_210' title='bbox 2115 1380 2224 1435; x_wconf 85' lang='grc' dir='ltr'>θὼν</span> <span class='ocrx_word' id='word_1_211' title='bbox 2263 1381 2537 1451; x_wconf 73' lang='grc' dir='ltr'>ἐλέγχοιτο</span> <span class='ocrx_word' id='word_1_212' title='bbox 2584 1380 2682 1452; x_wconf 80' lang='grc' dir='ltr'><strong>τὴν</strong></span> <span class='ocrx_word' id='word_1_213' title='bbox 2724 1381 3033 1446; x_wconf 79' lang='grc' dir='ltr'>πλεονεξίαν</span> <span class='ocrx_word' id='word_1_214' title='bbox 3065 1396 3078 1411; x_wconf 83' lang='grc'><strong><em>⁸</em></strong></span> <span class='ocrx_word' id='word_1_215' title='bbox 3130 1381 3190 1434; x_wconf 79' lang='grc' dir='ltr'><strong>τὸ</strong></span> <span class='ocrx_word' id='word_1_216' title='bbox 3240 1381 3349 1452; x_wconf 77' lang='grc' dir='ltr'><strong>γὰρ</strong></span> <span class='ocrx_word' id='word_1_217' title='bbox 3402 1380 3689 1451; x_wconf 81' lang='grc' dir='ltr'>ἀπείργειν</span> 
     </span>
    </p>
   </div>
   <div class='ocr_carea' id='block_1_32' title="bbox 2115 1469 3688 1541">
    <p class='ocr_par' dir='ltr' id='par_1_32' title="bbox 2115 1469 3688 1541">
     <span class='ocr_line' id='line_1_32' title="bbox 2115 1469 3688 1541; baseline -0.002 -17"><span class='ocrx_word' id='word_1_218' title='bbox 2115 1471 2373 1529; x_wconf 81' lang='grc' dir='ltr'>δύνασθαι</span> <span class='ocrx_word' id='word_1_219' title='bbox 2393 1471 2490 1539; x_wconf 86' lang='grc' dir='ltr'>τῆς</span> <span class='ocrx_word' id='word_1_220' title='bbox 2514 1469 2727 1533; x_wconf 83' lang='grc' dir='ltr'>ἀδικίας</span> <span class='ocrx_word' id='word_1_221' title='bbox 2750 1470 2877 1533; x_wconf 75' lang='grc' dir='ltr'>τοὺς</span> <span class='ocrx_word' id='word_1_222' title='bbox 2897 1470 3151 1541; x_wconf 84' lang='grc' dir='ltr'>τρόπους,</span> <span class='ocrx_word' id='word_1_223' title='bbox 3185 1471 3279 1522; x_wconf 70' lang='grc' dir='ltr'><strong>καὶ</strong></span> <span class='ocrx_word' id='word_1_224' title='bbox 3309 1469 3688 1522; x_wconf 83' lang='grc' dir='ltr'>κατακωλύειν</span> 
     </span>
    </p>
   </div>
   <div class='ocr_carea' id='block_1_33' title="bbox 2115 1556 3690 1632">
    <p class='ocr_par' dir='ltr' id='par_1_33' title="bbox 2115 1556 3690 1632">
     <span class='ocr_line' id='line_1_33' title="bbox 2115 1556 3690 1632; baseline -0.001 -18"><span class='ocrx_word' id='word_1_225' title='bbox 2115 1558 2173 1616; x_wconf 82' lang='grc' dir='ltr'>εὖ</span> <span class='ocrx_word' id='word_1_226' title='bbox 2211 1561 2354 1632; x_wconf 87' lang='grc' dir='ltr'>μάλα</span> <span class='ocrx_word' id='word_1_227' title='bbox 2381 1561 2441 1613; x_wconf 81' lang='grc' dir='ltr'>τὸ</span> <span class='ocrx_word' id='word_1_228' title='bbox 2469 1561 2811 1632; x_wconf 86' lang='grc' dir='ltr'>πλημμελὲς,</span> <span class='ocrx_word' id='word_1_229' title='bbox 2858 1556 2978 1614; x_wconf 82' lang='grc' dir='ltr'>εἶτα</span> <span class='ocrx_word' id='word_1_230' title='bbox 3019 1560 3176 1613; x_wconf 80' lang='grc' dir='ltr'>τοῦτο</span> <span class='ocrx_word' id='word_1_231' title='bbox 3207 1559 3338 1630; x_wconf 70' lang='grc' dir='ltr'>δρᾷν</span> <span class='ocrx_word' id='word_1_232' title='bbox 3361 1559 3460 1612; x_wconf 85' lang='grc' dir='ltr'><strong>ούκ</strong></span> <span class='ocrx_word' id='word_1_233' title='bbox 3498 1559 3690 1630; x_wconf 85' lang='grc' dir='ltr'>ἀνέχε-</span> 
     </span>
    </p>
   </div>
   <div class='ocr_carea' id='block_1_34' title="bbox 426 1651 1999 1724">
    <p class='ocr_par' dir='ltr' id='par_1_34' title="bbox 426 1651 1999 1724">
     <span class='ocr_line' id='line_1_34' title="bbox 426 1651 1999 1724; baseline 0.001 -20"><span class='ocrx_word' id='word_1_234' title='bbox 426 1666 495 1704; x_wconf 70' lang='lat' dir='ltr'><strong>ex</strong></span> <span class='ocrx_word' id='word_1_235' title='bbox 545 1651 845 1718; x_wconf 88' lang='lat' dir='ltr'><strong>industria,</strong></span> <span class='ocrx_word' id='word_1_236' title='bbox 901 1655 1299 1724; x_wconf 89' lang='lat' dir='ltr'><strong>propemodum</strong></span> <span class='ocrx_word' id='word_1_237' title='bbox 1360 1654 1564 1708; x_wconf 89' lang='lat' dir='ltr'><strong>indicat</strong></span> <span class='ocrx_word' id='word_1_238' title='bbox 1627 1654 1906 1708; x_wconf 88' lang='lat' dir='ltr'><strong>hominem</strong></span> <span class='ocrx_word' id='word_1_239' title='bbox 1955 1653 1999 1706; x_wconf 77' lang='lat' dir='ltr'><strong>in</strong></span> 
     </span>
    </p>
   </div>
   <div class='ocr_carea' id='block_1_35' title="bbox 2105 1651 3689 1724">
    <p class='ocr_par' dir='ltr' id='par_1_35' title="bbox 2116 1652 3689 1723">
     <span class='ocr_line' id='line_1_35' title="bbox 2116 1652 3689 1723; baseline -0.001 -17"><span class='ocrx_word' id='word_1_240' title='bbox 2116 1654 2260 1716; x_wconf 90' lang='grc' dir='ltr'>σθαι,</span> <span class='ocrx_word' id='word_1_241' title='bbox 2280 1657 2372 1708; x_wconf 82' lang='grc' dir='ltr'>καὶ</span> <span class='ocrx_word' id='word_1_242' title='bbox 2393 1655 2511 1708; x_wconf 83' lang='grc' dir='ltr'>λίαν</span> <span class='ocrx_word' id='word_1_243' title='bbox 2531 1653 3007 1723; x_wconf 79' lang='grc' dir='ltr'>ἐσπουδασμένως,</span> <span class='ocrx_word' id='word_1_244' title='bbox 3043 1652 3323 1723; x_wconf 74' lang='grc' dir='ltr'>μονονουχὶ</span> <span class='ocrx_word' id='word_1_245' title='bbox 3348 1653 3443 1706; x_wconf 72' lang='grc' dir='ltr'>καὶ</span> <span class='ocrx_word' id='word_1_246' title='bbox 3474 1669 3689 1722; x_wconf 85' lang='grc' dir='ltr'>συνειρ-</span> 
     </span>
    </p>
   </div>
   <div class='ocr_carea' id='block_1_36' title="bbox 425 1743 2010 1814">
    <p class='ocr_par' dir='ltr' id='par_1_36' title="bbox 425 1743 2010 1814">
     <span class='ocr_line' id='line_1_36' title="bbox 425 1743 2010 1814; baseline 0.001 -18"><span class='ocrx_word' id='word_1_247' title='bbox 425 1743 677 1799; x_wconf 83' lang='lat' dir='ltr'><strong>faciendo</strong></span> <span class='ocrx_word' id='word_1_248' title='bbox 703 1745 910 1799; x_wconf 86' lang='lat' dir='ltr'><strong>socium</strong></span> <span class='ocrx_word' id='word_1_249' title='bbox 939 1745 1134 1811; x_wconf 80' lang='lat' dir='ltr'><strong>fuisse,</strong></span> <span class='ocrx_word' id='word_1_250' title='bbox 1166 1755 1222 1800; x_wconf 90' lang='lat' dir='ltr'><strong>et</strong></span> <span class='ocrx_word' id='word_1_251' title='bbox 1259 1745 1406 1814; x_wconf 88' lang='lat' dir='ltr'><strong>quod</strong></span> <span class='ocrx_word' id='word_1_252' title='bbox 1439 1744 1508 1798; x_wconf 86' lang='lat' dir='ltr'><strong>ad</strong></span> <span class='ocrx_word' id='word_1_253' title='bbox 1547 1745 1883 1798; x_wconf 81' lang='lat' dir='ltr'><strong>voluntatem</strong></span> <span class='ocrx_word' id='word_1_254' title='bbox 1904 1785 1917 1809; x_wconf 96' lang='lat'><strong>,</strong></span> <span class='ocrx_word' id='word_1_255' title='bbox 1953 1755 2010 1798; x_wconf 89' lang='lat' dir='ltr'><strong>et</strong></span> 
     </span>
    </p>
   </div>
   <div class='ocr_carea' id='block_1_37' title="bbox 425 1835 2007 1906">
    <p class='ocr_par' dir='ltr' id='par_1_37' title="bbox 425 1835 2007 1906">
     <span class='ocr_line' id='line_1_37' title="bbox 425 1835 2007 1906; baseline 0.002 -18"><span class='ocrx_word' id='word_1_256' title='bbox 425 1849 714 1891; x_wconf 89' lang='lat' dir='ltr'><strong>commune</strong></span> <span class='ocrx_word' id='word_1_257' title='bbox 747 1838 1038 1892; x_wconf 89' lang='lat' dir='ltr'><strong>consilium</strong></span> <span class='ocrx_word' id='word_1_258' title='bbox 1066 1837 1336 1906; x_wconf 83' lang='lat' dir='ltr'><strong>pertinet,</strong></span> <span class='ocrx_word' id='word_1_259' title='bbox 1365 1851 1490 1891; x_wconf 84' lang='lat' dir='ltr'><strong>cum</strong></span> <span class='ocrx_word' id='word_1_260' title='bbox 1529 1835 1626 1902; x_wconf 90' lang='lat' dir='ltr'><strong>iis,</strong></span> <span class='ocrx_word' id='word_1_261' title='bbox 1669 1837 1765 1906; x_wconf 91' lang='lat' dir='ltr'><strong>qui</strong></span> <span class='ocrx_word' id='word_1_262' title='bbox 1815 1847 2007 1891; x_wconf 87' lang='lat' dir='ltr'><strong>contra</strong></span> 
     </span>
    </p>
   </div>
   <div class='ocr_carea' id='block_1_38' title="bbox 425 1927 2009 2000">
    <p class='ocr_par' dir='ltr' id='par_1_38' title="bbox 425 1927 2009 2000">
     <span class='ocr_line' id='line_1_38' title="bbox 425 1927 2009 2000; baseline 0.003 -20"><span class='ocrx_word' id='word_1_263' title='bbox 425 1927 506 1982; x_wconf 78' lang='lat' dir='ltr'><strong>fas</strong></span> <span class='ocrx_word' id='word_1_264' title='bbox 526 1928 803 1998; x_wconf 86' lang='lat' dir='ltr'><strong>quidpiam</strong></span> <span class='ocrx_word' id='word_1_265' title='bbox 833 1930 1176 1984; x_wconf 88' lang='lat' dir='ltr'><strong>committere</strong></span> <span class='ocrx_word' id='word_1_266' title='bbox 1210 1929 1419 1992; x_wconf 89' lang='lat' dir='ltr'><strong>velint,</strong></span> <span class='ocrx_word' id='word_1_267' title='bbox 1459 1944 1682 2000; x_wconf 88' lang='lat' dir='ltr'><strong>operam</strong></span> <span class='ocrx_word' id='word_1_268' title='bbox 1709 1945 1925 1999; x_wconf 90' lang='lat' dir='ltr'><strong>quoque</strong></span> <span class='ocrx_word' id='word_1_269' title='bbox 1952 1930 2009 1984; x_wconf 88' lang='lat' dir='ltr'><strong>in</strong></span> 
     </span>
    </p>
   </div>
   <div class='ocr_carea' id='block_1_39' title="bbox 425 2021 2005 2094">
    <p class='ocr_par' dir='ltr' id='par_1_39' title="bbox 425 2021 2005 2094">
     <span class='ocr_line' id='line_1_39' title="bbox 425 2021 2005 2094; baseline 0.001 -20"><span class='ocrx_word' id='word_1_270' title='bbox 425 2037 488 2075; x_wconf 90' lang='lat' dir='ltr'><strong>ea</strong></span> <span class='ocrx_word' id='word_1_271' title='bbox 515 2036 572 2074; x_wconf 91' lang='lat' dir='ltr'><strong>re</strong></span> <span class='ocrx_word' id='word_1_272' title='bbox 596 2037 750 2076; x_wconf 84' lang='lat' dir='ltr'><strong>suam</strong></span> <span class='ocrx_word' id='word_1_273' title='bbox 767 2022 1018 2078; x_wconf 83' lang='lat' dir='ltr'><strong>conferre</strong></span> <span class='ocrx_word' id='word_1_274' title='bbox 1042 2022 1300 2077; x_wconf 84' lang='lat' dir='ltr'><strong>voluisse.</strong></span> <span class='ocrx_word' id='word_1_275' title='bbox 1325 2021 1608 2094; x_wconf 87' lang='lat' dir='ltr'><strong>Ejusmodi</strong></span> <span class='ocrx_word' id='word_1_276' title='bbox 1635 2023 1801 2092; x_wconf 77' lang='lat' dir='ltr'><strong>igitur</strong></span> <span class='ocrx_word' id='word_1_277' title='bbox 1821 2022 2005 2087; x_wconf 88' lang='lat' dir='ltr'><strong>homo,</strong></span> 
     </span>
    </p>
   </div>
   <div class='ocr_carea' id='block_1_40' title="bbox 426 2111 2008 2182">
    <p class='ocr_par' dir='ltr' id='par_1_40' title="bbox 426 2111 2008 2182">
     <span class='ocr_line' id='line_1_40' title="bbox 426 2111 2008 2182; baseline 0.001 -18"><span class='ocrx_word' id='word_1_278' title='bbox 426 2112 632 2180; x_wconf 92' lang='lat' dir='ltr'><strong>inquit,</strong></span> <span class='ocrx_word' id='word_1_279' title='bbox 666 2122 842 2167; x_wconf 88' lang='lat' dir='ltr'><strong>morte</strong></span> <span class='ocrx_word' id='word_1_280' title='bbox 884 2113 1176 2177; x_wconf 88' lang='lat' dir='ltr'><strong>multetur,</strong></span> <span class='ocrx_word' id='word_1_281' title='bbox 1219 2111 1325 2166; x_wconf 84' lang='lat' dir='ltr'><strong>nisi</strong></span> <span class='ocrx_word' id='word_1_282' title='bbox 1372 2111 1610 2182; x_wconf 88' lang='lat' dir='ltr'><strong>pretium</strong></span> <span class='ocrx_word' id='word_1_283' title='bbox 1634 2118 1689 2164; x_wconf 90' lang='lat' dir='ltr'><strong>et</strong></span> <span class='ocrx_word' id='word_1_284' title='bbox 1728 2126 1826 2180; x_wconf 90' lang='lat' dir='ltr'><strong>pro</strong></span> <span class='ocrx_word' id='word_1_285' title='bbox 1858 2113 2008 2182; x_wconf 89' lang='lat' dir='ltr'><strong>ejus-</strong></span> 
     </span>
    </p>
   </div>
   <div class='ocr_carea' id='block_1_41' title="bbox 426 2203 2008 2274">
    <p class='ocr_par' dir='ltr' id='par_1_41' title="bbox 426 2203 2008 2274">
     <span class='ocr_line' id='line_1_41' title="bbox 426 2203 2008 2274; baseline 0.001 -18"><span class='ocrx_word' id='word_1_286' title='bbox 426 2203 573 2257; x_wconf 88' lang='lat' dir='ltr'><strong>modi</strong></span> <span class='ocrx_word' id='word_1_287' title='bbox 617 2203 944 2259; x_wconf 86' lang='lat' dir='ltr'><strong>criminibus</strong></span> <span class='ocrx_word' id='word_1_288' title='bbox 994 2204 1249 2259; x_wconf 87' lang='lat' dir='ltr'><strong>admissis</strong></span> <span class='ocrx_word' id='word_1_289' title='bbox 1287 2204 1517 2257; x_wconf 90' lang='lat' dir='ltr'><strong>multam</strong></span> <span class='ocrx_word' id='word_1_290' title='bbox 1571 2203 1786 2274; x_wconf 91' lang='lat' dir='ltr'><strong>judices</strong></span> <span class='ocrx_word' id='word_1_291' title='bbox 1830 2204 2008 2272; x_wconf 91' lang='lat' dir='ltr'><strong>impo-</strong></span> 
     </span>
    </p>
   </div>
   <div class='ocr_carea' id='block_1_42' title="bbox 424 2296 2008 2369">
    <p class='ocr_par' dir='ltr' id='par_1_42' title="bbox 424 2296 2008 2369">
     <span class='ocr_line' id='line_1_42' title="bbox 424 2296 2008 2369; baseline -0.002 -19"><span class='ocrx_word' id='word_1_292' title='bbox 424 2298 654 2352; x_wconf 84' lang='lat' dir='ltr'><strong>suerint.</strong></span> <span class='ocrx_word' id='word_1_293' title='bbox 690 2297 855 2369; x_wconf 63' lang='grc'><strong>248</strong></span> <span class='ocrx_word' id='word_1_294' title='bbox 887 2297 1110 2368; x_wconf 91' lang='lat' dir='ltr'><strong>Spectat</strong></span> <span class='ocrx_word' id='word_1_295' title='bbox 1130 2298 1278 2352; x_wconf 89' lang='lat' dir='ltr'><strong>enim</strong></span> <span class='ocrx_word' id='word_1_296' title='bbox 1308 2297 1395 2352; x_wconf 86' lang='lat' dir='ltr'><strong>lex</strong></span> <span class='ocrx_word' id='word_1_297' title='bbox 1441 2296 1509 2350; x_wconf 92' lang='lat' dir='ltr'><strong>ad</strong></span> <span class='ocrx_word' id='word_1_298' title='bbox 1548 2296 1892 2351; x_wconf 88' lang='lat' dir='ltr'><strong>clementiam</strong></span> <span class='ocrx_word' id='word_1_299' title='bbox 1915 2335 1928 2359; x_wconf 93' lang='lat'><strong>,</strong></span> <span class='ocrx_word' id='word_1_300' title='bbox 1953 2302 2008 2349; x_wconf 88' lang='lat' dir='ltr'><strong>et</strong></span> 
     </span>
    </p>
   </div>
   <div class='ocr_carea' id='block_1_43' title="bbox 424 2382 2007 2457">
    <p class='ocr_par' dir='ltr' id='par_1_43' title="bbox 424 2382 2007 2457">
     <span class='ocr_line' id='line_1_43' title="bbox 424 2382 2007 2457; baseline -0.001 -17"><span class='ocrx_word' id='word_1_301' title='bbox 424 2387 719 2443; x_wconf 85' lang='lat' dir='ltr'><strong>voluntatis</strong></span> <span class='ocrx_word' id='word_1_302' title='bbox 751 2389 806 2442; x_wconf 88' lang='lat' dir='ltr'><strong>in</strong></span> <span class='ocrx_word' id='word_1_303' title='bbox 829 2389 1107 2457; x_wconf 88' lang='lat' dir='ltr'><strong>peccando</strong></span> <span class='ocrx_word' id='word_1_304' title='bbox 1131 2389 1446 2443; x_wconf 88' lang='lat' dir='ltr'><strong>societatem</strong></span> <span class='ocrx_word' id='word_1_305' title='bbox 1464 2428 1478 2450; x_wconf 95' lang='lat'><strong>,</strong></span> <span class='ocrx_word' id='word_1_306' title='bbox 1509 2382 1565 2440; x_wconf 84' lang='lat' dir='ltr'><strong>et</strong></span> <span class='ocrx_word' id='word_1_307' title='bbox 1588 2387 1758 2440; x_wconf 89' lang='lat' dir='ltr'><strong>solius</strong></span> <span class='ocrx_word' id='word_1_308' title='bbox 1779 2400 2007 2439; x_wconf 89' lang='lat' dir='ltr'><strong>consen-</strong></span> 
     </span>
    </p>
   </div>
   <div class='ocr_carea' id='block_1_44' title="bbox 424 2476 2002 2548">
    <p class='ocr_par' dir='ltr' id='par_1_44' title="bbox 424 2476 2002 2548">
     <span class='ocr_line' id='line_1_44' title="bbox 424 2476 2002 2548; baseline -0.001 -17"><span class='ocrx_word' id='word_1_309' title='bbox 424 2478 595 2534; x_wconf 88' lang='lat' dir='ltr'><strong>sionis</strong></span> <span class='ocrx_word' id='word_1_310' title='bbox 617 2495 966 2534; x_wconf 90' lang='lat' dir='ltr'><strong>concursum.</strong></span> <span class='ocrx_word' id='word_1_311' title='bbox 1001 2499 1019 2529; x_wconf 78' lang='grc' dir='ltr'><strong>ι</strong></span> <span class='ocrx_word' id='word_1_312' title='bbox 1043 2479 1244 2534; x_wconf 87' lang='lat' dir='ltr'><strong>Levius</strong></span> <span class='ocrx_word' id='word_1_313' title='bbox 1267 2479 1444 2548; x_wconf 90' lang='lat' dir='ltr'><strong>punit,</strong></span> <span class='ocrx_word' id='word_1_314' title='bbox 1473 2477 1765 2547; x_wconf 90' lang='lat' dir='ltr'><strong>siquidem,</strong></span> <span class='ocrx_word' id='word_1_315' title='bbox 1793 2476 2002 2544; x_wconf 90' lang='lat' dir='ltr'><strong>inquit,</strong></span> 
     </span>
    </p>
   </div>
   <div class='ocr_carea' id='block_1_45' title="bbox 417 2569 2005 2640">
    <p class='ocr_par' dir='ltr' id='par_1_45' title="bbox 417 2569 2005 2640">
     <span class='ocr_line' id='line_1_45' title="bbox 417 2569 2005 2640; baseline 0 -17"><span class='ocrx_word' id='word_1_316' title='bbox 417 2569 633 2638; x_wconf 89' lang='lat' dir='ltr'><strong>judices</strong></span> <span class='ocrx_word' id='word_1_317' title='bbox 673 2571 745 2624; x_wconf 85' lang='lat' dir='ltr'><strong>ita</strong></span> <span class='ocrx_word' id='word_1_318' title='bbox 783 2571 1122 2625; x_wconf 88' lang='lat' dir='ltr'><strong>censuerint.</strong></span> <span class='ocrx_word' id='word_1_319' title='bbox 1156 2591 1174 2622; x_wconf 72' lang='grc' dir='ltr'><strong>ι</strong></span> <span class='ocrx_word' id='word_1_320' title='bbox 1207 2571 1325 2625; x_wconf 84' lang='lat' dir='ltr'><strong>Jam</strong></span> <span class='ocrx_word' id='word_1_321' title='bbox 1357 2569 1580 2640; x_wconf 86' lang='lat' dir='ltr'><strong>ﬁguram</strong></span> <span class='ocrx_word' id='word_1_322' title='bbox 1605 2569 1788 2638; x_wconf 90' lang='lat' dir='ltr'><strong>accipe</strong></span> <span class='ocrx_word' id='word_1_323' title='bbox 1823 2575 2005 2623; x_wconf 90' lang='lat' dir='ltr'><strong>trans-</strong></span> 
     </span>
    </p>
   </div>
   <div class='ocr_carea' id='block_1_46' title="bbox 421 2661 2004 2732">
    <p class='ocr_par' dir='ltr' id='par_1_46' title="bbox 421 2661 2004 2732">
     <span class='ocr_line' id='line_1_46' title="bbox 421 2661 2004 2732; baseline 0 -18"><span class='ocrx_word' id='word_1_324' title='bbox 421 2663 584 2715; x_wconf 87' lang='lat' dir='ltr'><strong>latam</strong></span> <span class='ocrx_word' id='word_1_325' title='bbox 608 2663 674 2717; x_wconf 87' lang='lat' dir='ltr'><strong>ad</strong></span> <span class='ocrx_word' id='word_1_326' title='bbox 699 2663 947 2717; x_wconf 74' lang='lat' dir='ltr'><strong>veritatis</strong></span> <span class='ocrx_word' id='word_1_327' title='bbox 967 2661 1448 2732; x_wconf 81' lang='lat' dir='ltr'><strong>signiﬁcationem:</strong></span> <span class='ocrx_word' id='word_1_328' title='bbox 1477 2663 1567 2716; x_wconf 89' lang='lat' dir='ltr'><strong>ille</strong></span> <span class='ocrx_word' id='word_1_329' title='bbox 1589 2661 1736 2715; x_wconf 86' lang='lat' dir='ltr'><strong>enim</strong></span> <span class='ocrx_word' id='word_1_330' title='bbox 1761 2661 2004 2715; x_wconf 90' lang='lat' dir='ltr'><strong>omnium</strong></span> 
     </span>
    </p>
   </div>
   <div class='ocr_carea' id='block_1_47' title="bbox 416 2752 2008 2823">
    <p class='ocr_par' dir='ltr' id='par_1_47' title="bbox 416 2752 2008 2823">
     <span class='ocr_line' id='line_1_47' title="bbox 416 2752 2008 2823; baseline -0.001 -15"><span class='ocrx_word' id='word_1_331' title='bbox 416 2755 584 2823; x_wconf 82' lang='lat' dir='ltr'><strong>judex</strong></span> <span class='ocrx_word' id='word_1_332' title='bbox 628 2753 948 2822; x_wconf 87' lang='lat' dir='ltr'><strong>gravissima</strong></span> <span class='ocrx_word' id='word_1_333' title='bbox 997 2753 1227 2808; x_wconf 89' lang='lat' dir='ltr'><strong>crimina</strong></span> <span class='ocrx_word' id='word_1_334' title='bbox 1284 2762 1458 2808; x_wconf 90' lang='lat' dir='ltr'><strong>morte</strong></span> <span class='ocrx_word' id='word_1_335' title='bbox 1511 2753 1784 2818; x_wconf 88' lang='lat' dir='ltr'><strong>vindicat;</strong></span> <span class='ocrx_word' id='word_1_336' title='bbox 1838 2752 2008 2807; x_wconf 88' lang='lat' dir='ltr'><strong>mittit</strong></span> 
     </span>
    </p>
   </div>
   <div class='ocr_carea' id='block_1_48' title="bbox 422 2845 2005 2916">
    <p class='ocr_par' dir='ltr' id='par_1_48' title="bbox 422 2845 2005 2916">
     <span class='ocr_line' id='line_1_48' title="bbox 422 2845 2005 2916; baseline 0.001 -18"><span class='ocrx_word' id='word_1_337' title='bbox 422 2855 604 2899; x_wconf 88' lang='lat' dir='ltr'><strong>tamen</strong></span> <span class='ocrx_word' id='word_1_338' title='bbox 657 2859 753 2898; x_wconf 87' lang='lat' dir='ltr'><strong>eos</strong></span> <span class='ocrx_word' id='word_1_339' title='bbox 793 2845 888 2913; x_wconf 90' lang='lat' dir='ltr'><strong>qui</strong></span> <span class='ocrx_word' id='word_1_340' title='bbox 931 2846 1241 2916; x_wconf 87' lang='lat' dir='ltr'><strong>peccarint,</strong></span> <span class='ocrx_word' id='word_1_341' title='bbox 1280 2846 1325 2899; x_wconf 88' lang='lat' dir='ltr'><strong>si</strong></span> <span class='ocrx_word' id='word_1_342' title='bbox 1359 2846 1536 2915; x_wconf 89' lang='lat' dir='ltr'><strong>pretia</strong></span> <span class='ocrx_word' id='word_1_343' title='bbox 1581 2845 1845 2910; x_wconf 81' lang='lat' dir='ltr'><strong>oﬁ&#39;erant,</strong></span> <span class='ocrx_word' id='word_1_344' title='bbox 1879 2846 2005 2916; x_wconf 91' lang='lat' dir='ltr'><strong>qui-</strong></span> 
     </span>
    </p>
   </div>
   <div class='ocr_carea' id='block_1_49' title="bbox 421 2937 2005 3009">
    <p class='ocr_par' dir='ltr' id='par_1_49' title="bbox 421 2937 2005 3009">
     <span class='ocr_line' id='line_1_49' title="bbox 421 2937 2005 3009; baseline 0 -17"><span class='ocrx_word' id='word_1_345' title='bbox 421 2939 526 2992; x_wconf 90' lang='lat' dir='ltr'><strong>bus</strong></span> <span class='ocrx_word' id='word_1_346' title='bbox 553 2945 774 3007; x_wconf 88' lang='lat' dir='ltr'><strong>peccata</strong></span> <span class='ocrx_word' id='word_1_347' title='bbox 804 2937 1087 2991; x_wconf 89' lang='lat' dir='ltr'><strong>solvantur</strong></span> <span class='ocrx_word' id='word_1_348' title='bbox 1106 2977 1120 3002; x_wconf 91' lang='lat'><strong>,</strong></span> <span class='ocrx_word' id='word_1_349' title='bbox 1151 2938 1416 3009; x_wconf 87' lang='lat' dir='ltr'><strong>lacrymas</strong></span> <span class='ocrx_word' id='word_1_350' title='bbox 1447 2937 1706 2992; x_wconf 88' lang='lat' dir='ltr'><strong>nimirum</strong></span> <span class='ocrx_word' id='word_1_351' title='bbox 1732 2938 2005 3008; x_wconf 63' lang='lat' dir='ltr'><strong>poeniten-</strong></span> 
     </span>
    </p>
   </div>
   <div class='ocr_carea' id='block_1_50' title="bbox 2111 1735 3690 1813">
    <p class='ocr_par' dir='ltr' id='par_1_50' title="bbox 2111 1735 3690 1813">
     <span class='ocr_line' id='line_1_50' title="bbox 2111 1735 3690 1813; baseline -0.002 -17"><span class='ocrx_word' id='word_1_352' title='bbox 2111 1744 2380 1813; x_wconf 86' lang='grc' dir='ltr'>γασμένον</span> <span class='ocrx_word' id='word_1_353' title='bbox 2412 1743 2702 1810; x_wconf 82' lang='grc' dir='ltr'>ἀποφαίνει</span> <span class='ocrx_word' id='word_1_354' title='bbox 2737 1741 2828 1795; x_wconf 76' lang='grc' dir='ltr'><strong>τὸν</strong></span> <span class='ocrx_word' id='word_1_355' title='bbox 2878 1741 3184 1811; x_wconf 83' lang='grc' dir='ltr'>ἄνθρωπον,</span> <span class='ocrx_word' id='word_1_356' title='bbox 3237 1742 3332 1794; x_wconf 72' lang='grc' dir='ltr'>καὶ</span> <span class='ocrx_word' id='word_1_357' title='bbox 3377 1741 3499 1794; x_wconf 84' lang='grc' dir='ltr'>ὅσον</span> <span class='ocrx_word' id='word_1_358' title='bbox 3555 1735 3690 1812; x_wconf 84' lang='grc' dir='ltr'>ἧκεν</span> 
     </span>
    </p>
   </div>
   <div class='ocr_carea' id='block_1_51' title="bbox 2110 1832 3691 1904">
    <p class='ocr_par' dir='ltr' id='par_1_51' title="bbox 2110 1832 3691 1904">
     <span class='ocr_line' id='line_1_51' title="bbox 2110 1832 3691 1904; baseline -0.003 -18"><span class='ocrx_word' id='word_1_359' title='bbox 2110 1836 2190 1898; x_wconf 81' lang='grc' dir='ltr'><strong>είς</strong></span> <span class='ocrx_word' id='word_1_360' title='bbox 2214 1834 2430 1904; x_wconf 83' lang='grc' dir='ltr'>θέλησιν</span> <span class='ocrx_word' id='word_1_361' title='bbox 2449 1835 2543 1886; x_wconf 82' lang='grc' dir='ltr'>καὶ</span> <span class='ocrx_word' id='word_1_362' title='bbox 2564 1833 2952 1886; x_wconf 76' lang='grc' dir='ltr'>ταυτοϐουλίαν</span> <span class='ocrx_word' id='word_1_363' title='bbox 2970 1836 3082 1896; x_wconf 90' lang='grc' dir='ltr'>τοῖς</span> <span class='ocrx_word' id='word_1_364' title='bbox 3103 1832 3382 1886; x_wconf 74' lang='grc' dir='ltr'>ἐθέλουσιν</span> <span class='ocrx_word' id='word_1_365' title='bbox 3409 1832 3691 1901; x_wconf 86' lang='grc' dir='ltr'>ἀνοσιουρ-</span> 
     </span>
    </p>
   </div>
   <div class='ocr_carea' id='block_1_52' title="bbox 2109 1919 3690 1998">
    <p class='ocr_par' dir='ltr' id='par_1_52' title="bbox 2109 1919 3690 1998">
     <span class='ocr_line' id='line_1_52' title="bbox 2109 1919 3690 1998; baseline -0.001 -20"><span class='ocrx_word' id='word_1_366' title='bbox 2109 1929 2228 1994; x_wconf 86' lang='grc' dir='ltr'>γεῖν</span> <span class='ocrx_word' id='word_1_367' title='bbox 2258 1927 2352 1980; x_wconf 72' lang='grc' dir='ltr'>καὶ</span> <span class='ocrx_word' id='word_1_368' title='bbox 2404 1929 2754 1980; x_wconf 85' lang='grc' dir='ltr'>συνεκπονεῖν</span> <span class='ocrx_word' id='word_1_369' title='bbox 2797 1925 3093 1998; x_wconf 81' lang='grc' dir='ltr'>ᾑρημένον.</span> <span class='ocrx_word' id='word_1_370' title='bbox 3149 1925 3404 1980; x_wconf 84' lang='grc' dir='ltr'>Τεθνάτω</span> <span class='ocrx_word' id='word_1_371' title='bbox 3443 1925 3507 1995; x_wconf 84' lang='grc' dir='ltr'>δὴ</span> <span class='ocrx_word' id='word_1_372' title='bbox 3541 1919 3634 1978; x_wconf 82' lang='grc' dir='ltr'>οὖν</span> <span class='ocrx_word' id='word_1_373' title='bbox 3662 1926 3690 1976; x_wconf 83' lang='grc' dir='ltr'>ὁ</span> 
     </span>
    </p>
   </div>
   <div class='ocr_carea' id='block_1_53' title="bbox 2111 2015 3689 2088">
    <p class='ocr_par' dir='ltr' id='par_1_53' title="bbox 2111 2015 3689 2088">
     <span class='ocr_line' id='line_1_53' title="bbox 2111 2015 3689 2088; baseline 0 -20"><span class='ocrx_word' id='word_1_374' title='bbox 2111 2018 2336 2080; x_wconf 89' lang='grc' dir='ltr'>τοιόσδε,</span> <span class='ocrx_word' id='word_1_375' title='bbox 2370 2019 2553 2088; x_wconf 77' lang='grc' dir='ltr'>φησὶν,</span> <span class='ocrx_word' id='word_1_376' title='bbox 2611 2017 2750 2088; x_wconf 83' lang='grc' dir='ltr'>πλὴν</span> <span class='ocrx_word' id='word_1_377' title='bbox 2798 2018 2844 2068; x_wconf 79' lang='grc' dir='ltr'><strong>εί</strong></span> <span class='ocrx_word' id='word_1_378' title='bbox 2895 2017 2969 2087; x_wconf 81' lang='grc' dir='ltr'>μὴ</span> <span class='ocrx_word' id='word_1_379' title='bbox 3002 2016 3172 2088; x_wconf 83' lang='grc' dir='ltr'>λύτρα</span> <span class='ocrx_word' id='word_1_380' title='bbox 3220 2017 3314 2070; x_wconf 78' lang='grc' dir='ltr'>καὶ</span> <span class='ocrx_word' id='word_1_381' title='bbox 3374 2016 3473 2080; x_wconf 85' lang='grc' dir='ltr'>τὰς</span> <span class='ocrx_word' id='word_1_382' title='bbox 3520 2015 3575 2069; x_wconf 79' lang='grc' dir='ltr'>ἑν</span> <span class='ocrx_word' id='word_1_383' title='bbox 3624 2032 3689 2083; x_wconf 84' lang='grc' dir='ltr'><strong>γε</strong></span> 
     </span>
    </p>
   </div>
   <div class='ocr_carea' id='block_1_54' title="bbox 2107 2106 3690 2178">
    <p class='ocr_par' dir='ltr' id='par_1_54' title="bbox 2107 2106 3690 2178">
     <span class='ocr_line' id='line_1_54' title="bbox 2107 2106 3690 2178; baseline -0.001 -19"><span class='ocrx_word' id='word_1_384' title='bbox 2107 2107 2318 2172; x_wconf 82' lang='grc' dir='ltr'>τούτοις</span> <span class='ocrx_word' id='word_1_385' title='bbox 2348 2107 2551 2178; x_wconf 80' lang='grc' dir='ltr'>ζημίας</span> <span class='ocrx_word' id='word_1_386' title='bbox 2579 2108 2818 2162; x_wconf 82' lang='grc' dir='ltr'>ὲπιθεῖεν</span> <span class='ocrx_word' id='word_1_387' title='bbox 2841 2110 2889 2160; x_wconf 79' lang='lat' dir='ltr'><strong>oi</strong></span> <span class='ocrx_word' id='word_1_388' title='bbox 2923 2108 3123 2178; x_wconf 80' lang='grc' dir='ltr'>κριταί.</span> <span class='ocrx_word' id='word_1_389' title='bbox 3154 2107 3352 2161; x_wconf 88' lang='grc' dir='ltr'>Βλέπει</span> <span class='ocrx_word' id='word_1_390' title='bbox 3388 2107 3444 2161; x_wconf 84' lang='grc' dir='ltr'>δὲ</span> <span class='ocrx_word' id='word_1_391' title='bbox 3473 2108 3500 2159; x_wconf 93' lang='grc' dir='ltr'>ὁ</span> <span class='ocrx_word' id='word_1_392' title='bbox 3529 2106 3690 2176; x_wconf 85' lang='grc' dir='ltr'>νόμος</span> 
     </span>
    </p>
   </div>
   <div class='ocr_carea' id='block_1_55' title="bbox 2109 2199 3687 2272">
    <p class='ocr_par' dir='ltr' id='par_1_55' title="bbox 2109 2199 3687 2272">
     <span class='ocr_line' id='line_1_55' title="bbox 2109 2199 3687 2272; baseline 0 -21"><span class='ocrx_word' id='word_1_393' title='bbox 2109 2199 2248 2270; x_wconf 78' lang='grc' dir='ltr'>πρὸς</span> <span class='ocrx_word' id='word_1_394' title='bbox 2278 2200 2340 2252; x_wconf 82' lang='grc' dir='ltr'><strong>τὸ</strong></span> <span class='ocrx_word' id='word_1_395' title='bbox 2369 2201 2625 2271; x_wconf 82' lang='grc' dir='ltr'>χρηστὸν,</span> <span class='ocrx_word' id='word_1_396' title='bbox 2655 2201 2751 2254; x_wconf 70' lang='grc' dir='ltr'><strong>καὶ</strong></span> <span class='ocrx_word' id='word_1_397' title='bbox 2788 2199 3107 2270; x_wconf 87' lang='grc' dir='ltr'>συνθέλησιν</span> <span class='ocrx_word' id='word_1_398' title='bbox 3141 2201 3242 2272; x_wconf 83' lang='grc' dir='ltr'>τὴν</span> <span class='ocrx_word' id='word_1_399' title='bbox 3278 2202 3357 2264; x_wconf 84' lang='grc' dir='ltr'><strong>είς</strong></span> <span class='ocrx_word' id='word_1_400' title='bbox 3393 2199 3687 2270; x_wconf 85' lang='grc' dir='ltr'>ἁμαρτίαν,</span> 
     </span>
    </p>
   </div>
   <div class='ocr_carea' id='block_1_56' title="bbox 2109 2290 3691 2361">
    <p class='ocr_par' dir='ltr' id='par_1_56' title="bbox 2109 2290 3691 2361">
     <span class='ocr_line' id='line_1_56' title="bbox 2109 2290 3691 2361; baseline 0 -18"><span class='ocrx_word' id='word_1_401' title='bbox 2109 2292 2203 2343; x_wconf 78' lang='grc' dir='ltr'>καὶ</span> <span class='ocrx_word' id='word_1_402' title='bbox 2251 2290 2327 2353; x_wconf 84' lang='grc' dir='ltr'>ὡς</span> <span class='ocrx_word' id='word_1_403' title='bbox 2375 2293 2432 2343; x_wconf 86' lang='grc' dir='ltr'>ἐν</span> <span class='ocrx_word' id='word_1_404' title='bbox 2479 2290 2606 2361; x_wconf 81' lang='grc' dir='ltr'>ψιλῇ</span> <span class='ocrx_word' id='word_1_405' title='bbox 2655 2292 2958 2344; x_wconf 88' lang='grc' dir='ltr'>συναινέσει</span> <span class='ocrx_word' id='word_1_406' title='bbox 3016 2291 3336 2361; x_wconf 81' lang='grc' dir='ltr'>συνδρομήν.</span> <span class='ocrx_word' id='word_1_407' title='bbox 3404 2309 3424 2341; x_wconf 79' lang='grc' dir='ltr'><strong>ι</strong></span> <span class='ocrx_word' id='word_1_408' title='bbox 3457 2291 3691 2354; x_wconf 79' lang='grc' dir='ltr'>Κολάζει</span> 
     </span>
    </p>
   </div>
   <div class='ocr_carea' id='block_1_57' title="bbox 2109 2379 3682 2452">
    <p class='ocr_par' dir='ltr' id='par_1_57' title="bbox 2109 2379 3682 2452">
     <span class='ocr_line' id='line_1_57' title="bbox 2109 2379 3682 2452; baseline -0.002 -21"><span class='ocrx_word' id='word_1_409' title='bbox 2109 2380 2216 2451; x_wconf 84' lang='grc' dir='ltr'><strong>γὰρ</strong></span> <span class='ocrx_word' id='word_1_410' title='bbox 2262 2379 2647 2450; x_wconf 82' lang='grc' dir='ltr'>μετριώτερον,</span> <span class='ocrx_word' id='word_1_411' title='bbox 2679 2379 2838 2450; x_wconf 80' lang='grc' dir='ltr'>εἴπερ</span> <span class='ocrx_word' id='word_1_412' title='bbox 2869 2380 3092 2443; x_wconf 74' lang='grc' dir='ltr'>ἕλοιντο,</span> <span class='ocrx_word' id='word_1_413' title='bbox 3126 2381 3309 2448; x_wconf 67' lang='grc' dir='ltr'>φησιν,</span> <span class='ocrx_word' id='word_1_414' title='bbox 3346 2381 3395 2432; x_wconf 78' lang='grc' dir='ltr'>οἱ</span> <span class='ocrx_word' id='word_1_415' title='bbox 3427 2380 3625 2452; x_wconf 87' lang='grc' dir='ltr'>κριταί.</span> <span class='ocrx_word' id='word_1_416' title='bbox 3663 2400 3682 2428; x_wconf 76' lang='grc' dir='ltr'><strong>ι</strong></span> 
     </span>
    </p>
   </div>
   <div class='ocr_carea' id='block_1_58' title="bbox 2108 2468 3689 2540">
    <p class='ocr_par' dir='ltr' id='par_1_58' title="bbox 2108 2468 3689 2540">
     <span class='ocr_line' id='line_1_58' title="bbox 2108 2468 3689 2540; baseline -0.001 -18"><span class='ocrx_word' id='word_1_417' title='bbox 2108 2472 2218 2523; x_wconf 78' lang='grc' dir='ltr'><strong>Καὶ</strong></span> <span class='ocrx_word' id='word_1_418' title='bbox 2248 2470 2403 2539; x_wconf 83' lang='grc' dir='ltr'>δέχου</span> <span class='ocrx_word' id='word_1_419' title='bbox 2438 2470 2531 2522; x_wconf 86' lang='grc' dir='ltr'><strong>τὸν</strong></span> <span class='ocrx_word' id='word_1_420' title='bbox 2557 2468 2726 2522; x_wconf 88' lang='grc' dir='ltr'>τύπον</span> <span class='ocrx_word' id='word_1_421' title='bbox 2777 2471 2857 2531; x_wconf 82' lang='grc' dir='ltr'><strong>είς</strong></span> <span class='ocrx_word' id='word_1_422' title='bbox 2887 2468 3146 2540; x_wconf 76' lang='grc' dir='ltr'>ἀλήθειαν</span> <span class='ocrx_word' id='word_1_423' title='bbox 3178 2485 3192 2499; x_wconf 85' lang='lat'><strong><em>°</em></strong></span> <span class='ocrx_word' id='word_1_424' title='bbox 3228 2469 3550 2540; x_wconf 88' lang='grc' dir='ltr'>κατακρίνει</span> <span class='ocrx_word' id='word_1_425' title='bbox 3587 2470 3689 2538; x_wconf 85' lang='grc' dir='ltr'>μὲν</span> 
     </span>
    </p>
   </div>
   <div class='ocr_carea' id='block_1_59' title="bbox 2107 2560 3691 2633">
    <p class='ocr_par' dir='ltr' id='par_1_59' title="bbox 2107 2560 3691 2633">
     <span class='ocr_line' id='line_1_59' title="bbox 2107 2560 3691 2633; baseline -0.001 -18"><span class='ocrx_word' id='word_1_426' title='bbox 2107 2562 2215 2633; x_wconf 83' lang='grc' dir='ltr'>γὰρ</span> <span class='ocrx_word' id='word_1_427' title='bbox 2274 2561 2486 2632; x_wconf 80' lang='grc' dir='ltr'>θανάτῳ</span> <span class='ocrx_word' id='word_1_428' title='bbox 2515 2561 2583 2614; x_wconf 85' lang='grc' dir='ltr'>τὰ</span> <span class='ocrx_word' id='word_1_429' title='bbox 2627 2560 2955 2632; x_wconf 86' lang='grc' dir='ltr'>παγχάλεπα</span> <span class='ocrx_word' id='word_1_430' title='bbox 3006 2562 3113 2614; x_wconf 84' lang='grc' dir='ltr'><strong>τῶν</strong></span> <span class='ocrx_word' id='word_1_431' title='bbox 3143 2561 3630 2632; x_wconf 83' lang='grc' dir='ltr'>πλημμελημάτων</span> <span class='ocrx_word' id='word_1_432' title='bbox 3659 2563 3691 2614; x_wconf 78' lang='grc' dir='ltr'><strong>ό</strong></span> 
     </span>
    </p>
   </div>
   <div class='ocr_carea' id='block_1_60' title="bbox 2109 2653 3686 2725">
    <p class='ocr_par' dir='ltr' id='par_1_60' title="bbox 2109 2653 3686 2725">
     <span class='ocr_line' id='line_1_60' title="bbox 2109 2653 3686 2725; baseline -0.001 -20"><span class='ocrx_word' id='word_1_433' title='bbox 2109 2653 2324 2706; x_wconf 85' lang='grc' dir='ltr'>πάντων</span> <span class='ocrx_word' id='word_1_434' title='bbox 2353 2655 2566 2725; x_wconf 78' lang='grc' dir='ltr'>κριτὴς,</span> <span class='ocrx_word' id='word_1_435' title='bbox 2615 2653 2755 2724; x_wconf 83' lang='grc' dir='ltr'>πλὴν</span> <span class='ocrx_word' id='word_1_436' title='bbox 2786 2653 3070 2725; x_wconf 83' lang='grc' dir='ltr'>προσίεται</span> <span class='ocrx_word' id='word_1_437' title='bbox 3101 2654 3224 2717; x_wconf 80' lang='grc' dir='ltr'>τοὺς</span> <span class='ocrx_word' id='word_1_438' title='bbox 3267 2653 3686 2724; x_wconf 79' lang='grc' dir='ltr'>ἡμαρτηκότας,</span> 
     </span>
    </p>
   </div>
   <div class='ocr_carea' id='block_1_61' title="bbox 2108 2745 3686 2818">
    <p class='ocr_par' dir='ltr' id='par_1_61' title="bbox 2108 2745 3686 2818">
     <span class='ocr_line' id='line_1_61' title="bbox 2108 2745 3686 2818; baseline 0 -21"><span class='ocrx_word' id='word_1_439' title='bbox 2108 2746 2204 2798; x_wconf 69' lang='grc' dir='ltr'>καὶ</span> <span class='ocrx_word' id='word_1_440' title='bbox 2229 2745 2396 2818; x_wconf 84' lang='grc' dir='ltr'>λύτρα</span> <span class='ocrx_word' id='word_1_441' title='bbox 2441 2745 2875 2818; x_wconf 77' lang='grc' dir='ltr'>προσφέροντας,</span> <span class='ocrx_word' id='word_1_442' title='bbox 2909 2745 2979 2799; x_wconf 86' lang='grc' dir='ltr'>τὰ</span> <span class='ocrx_word' id='word_1_443' title='bbox 3007 2745 3103 2816; x_wconf 78' lang='grc' dir='ltr'>τῆς</span> <span class='ocrx_word' id='word_1_444' title='bbox 3150 2746 3422 2816; x_wconf 83' lang='grc' dir='ltr'>ἁμαρτίας</span> <span class='ocrx_word' id='word_1_445' title='bbox 3468 2745 3686 2805; x_wconf 79' lang='grc' dir='ltr'>λυτικὰ,</span> 
     </span>
    </p>
   </div>
   <div class='ocr_carea' id='block_1_62' title="bbox 2107 2836 3688 2909">
    <p class='ocr_par' dir='ltr' id='par_1_62' title="bbox 2107 2836 3688 2909">
     <span class='ocr_line' id='line_1_62' title="bbox 2107 2836 3688 2909; baseline 0.002 -21"><span class='ocrx_word' id='word_1_446' title='bbox 2107 2836 2169 2888; x_wconf 85' lang='grc' dir='ltr'>τὸ</span> <span class='ocrx_word' id='word_1_447' title='bbox 2208 2837 2273 2889; x_wconf 83' lang='grc' dir='ltr'>ὲκ</span> <span class='ocrx_word' id='word_1_448' title='bbox 2321 2837 2609 2907; x_wconf 88' lang='grc' dir='ltr'>μετανοίας</span> <span class='ocrx_word' id='word_1_449' title='bbox 2635 2838 2890 2909; x_wconf 86' lang='grc' dir='ltr'>δάκρυον,</span> <span class='ocrx_word' id='word_1_450' title='bbox 2931 2837 3021 2890; x_wconf 83' lang='grc' dir='ltr'><strong>τὸν</strong></span> <span class='ocrx_word' id='word_1_451' title='bbox 3051 2837 3143 2889; x_wconf 74' lang='grc' dir='ltr'>ἐπὶ</span> <span class='ocrx_word' id='word_1_452' title='bbox 3167 2839 3286 2900; x_wconf 88' lang='grc' dir='ltr'>ταῖς</span> <span class='ocrx_word' id='word_1_453' title='bbox 3315 2836 3688 2907; x_wconf 86' lang='grc' dir='ltr'>μεταγνώσεσι</span> 
     </span>
    </p>
   </div>
   <div class='ocr_carea' id='block_1_63' title="bbox 2112 2931 3684 3004">
    <p class='ocr_par' dir='ltr' id='par_1_63' title="bbox 2112 2931 3684 3004">
     <span class='ocr_line' id='line_1_63' title="bbox 2112 2931 3684 3004; baseline -0.002 -19"><span class='ocrx_word' id='word_1_454' title='bbox 2112 2933 2294 2999; x_wconf 86' lang='grc' dir='ltr'>πόνον,</span> <span class='ocrx_word' id='word_1_455' title='bbox 2317 2934 2416 3004; x_wconf 80' lang='grc' dir='ltr'>τῆς</span> <span class='ocrx_word' id='word_1_456' title='bbox 2447 2932 2815 3002; x_wconf 83' lang='grc' dir='ltr'>ὲλεημοσύνης</span> <span class='ocrx_word' id='word_1_457' title='bbox 2858 2932 2983 2994; x_wconf 76' lang='grc' dir='ltr'>τοὺς</span> <span class='ocrx_word' id='word_1_458' title='bbox 3022 2931 3258 3002; x_wconf 86' lang='grc' dir='ltr'>τρόπους</span> <span class='ocrx_word' id='word_1_459' title='bbox 3282 2947 3295 2960; x_wconf 92' lang='grc'><strong>·</strong></span> <span class='ocrx_word' id='word_1_460' title='bbox 3335 2949 3352 2982; x_wconf 81' lang='grc' dir='ltr'><strong>ι</strong></span> <span class='ocrx_word' id='word_1_461' title='bbox 3381 2932 3684 2984; x_wconf 85' lang='grc' dir='ltr'>Κατακαυ-</span> 
     </span>
    </p>
   </div>
   <div class='ocr_carea' id='block_1_64' title="bbox 425 3020 1999 3099">
    <p class='ocr_par' dir='ltr' id='par_1_64' title="bbox 425 3026 1999 3099">
     <span class='ocr_line' id='line_1_64' title="bbox 425 3026 1999 3099; baseline 0.003 -19"><span class='ocrx_word' id='word_1_462' title='bbox 425 3028 512 3081; x_wconf 68' lang='lat' dir='ltr'><strong>tiae</strong></span> <span class='ocrx_word' id='word_1_463' title='bbox 533 3068 546 3091; x_wconf 96' lang='lat'><strong>,</strong></span> <span class='ocrx_word' id='word_1_464' title='bbox 586 3026 939 3096; x_wconf 85' lang='lat' dir='ltr'><strong>laboremque</strong></span> <span class='ocrx_word' id='word_1_465' title='bbox 977 3027 1382 3092; x_wconf 83' lang='lat' dir='ltr'><strong>conversionis,</strong></span> <span class='ocrx_word' id='word_1_466' title='bbox 1415 3037 1470 3082; x_wconf 91' lang='lat' dir='ltr'><strong>et</strong></span> <span class='ocrx_word' id='word_1_467' title='bbox 1501 3028 1860 3099; x_wconf 83' lang='lat' dir='ltr'><strong>eleemosynac</strong></span> <span class='ocrx_word' id='word_1_468' title='bbox 1890 3044 1999 3084; x_wconf 92' lang='lat' dir='ltr'><strong>mo-</strong></span> 
     </span>
    </p>
   </div>
   <div class='ocr_carea' id='block_1_65' title="bbox 2105 3020 3683 3099">
    <p class='ocr_par' dir='ltr' id='par_1_65' title="bbox 2117 3020 3683 3093">
     <span class='ocr_line' id='line_1_65' title="bbox 2117 3020 3683 3093; baseline -0.002 -18"><span class='ocrx_word' id='word_1_469' title='bbox 2117 3025 2276 3093; x_wconf 83' lang='grc' dir='ltr'>χᾶται</span> <span class='ocrx_word' id='word_1_470' title='bbox 2337 3022 2446 3093; x_wconf 87' lang='grc' dir='ltr'>γὰρ</span> <span class='ocrx_word' id='word_1_471' title='bbox 2503 3021 2650 3085; x_wconf 82' lang='grc' dir='ltr'>ἕλεος</span> <span class='ocrx_word' id='word_1_472' title='bbox 2715 3021 2971 3092; x_wconf 89' lang='grc' dir='ltr'>κρίσεως,</span> <span class='ocrx_word' id='word_1_473' title='bbox 3008 3039 3026 3072; x_wconf 78' lang='grc' dir='ltr'><strong>ι</strong></span> <span class='ocrx_word' id='word_1_474' title='bbox 3087 3021 3228 3073; x_wconf 87' lang='grc' dir='ltr'>κατὰ</span> <span class='ocrx_word' id='word_1_475' title='bbox 3275 3020 3374 3082; x_wconf 78' lang='grc' dir='ltr'>τὰς</span> <span class='ocrx_word' id='word_1_476' title='bbox 3429 3020 3468 3072; x_wconf 85' lang='grc' dir='ltr'><strong>Γ</strong></span> <span class='ocrx_word' id='word_1_477' title='bbox 3474 3020 3683 3092; x_wconf 87' lang='grc' dir='ltr'>ραφάς.</span> 
     </span>
    </p>
   </div>
   <div class='ocr_carea' id='block_1_66' title="bbox 421 3117 1996 3190">
    <p class='ocr_par' dir='ltr' id='par_1_66' title="bbox 421 3117 1996 3190">
     <span class='ocr_line' id='line_1_66' title="bbox 421 3117 1996 3190; baseline 0.001 -18"><span class='ocrx_word' id='word_1_478' title='bbox 421 3119 520 3172; x_wconf 85' lang='lat' dir='ltr'><strong>dos</strong></span> <span class='ocrx_word' id='word_1_479' title='bbox 547 3138 557 3171; x_wconf 78' lang='grc' dir='ltr'><strong>ε</strong></span> <span class='ocrx_word' id='word_1_480' title='bbox 598 3137 614 3168; x_wconf 79' lang='grc' dir='ltr'><strong>ι</strong></span> <span class='ocrx_word' id='word_1_481' title='bbox 639 3117 1020 3187; x_wconf 84' lang='lat' dir='ltr'><strong>Superexaltat</strong></span> <span class='ocrx_word' id='word_1_482' title='bbox 1045 3118 1192 3172; x_wconf 91' lang='lat' dir='ltr'><strong>enim</strong></span> <span class='ocrx_word' id='word_1_483' title='bbox 1209 3119 1584 3174; x_wconf 86' lang='lat' dir='ltr'><strong>misericordia</strong></span> <span class='ocrx_word' id='word_1_484' title='bbox 1606 3119 1876 3190; x_wconf 83' lang='lat' dir='ltr'><strong>judicium</strong></span> <span class='ocrx_word' id='word_1_485' title='bbox 1899 3120 1996 3185; x_wconf 68' lang='lat'><strong>&#39;7,»</strong></span> 
     </span>
    </p>
   </div>
   <div class='ocr_carea' id='block_1_67' title="bbox 417 3208 2005 3288">
    <p class='ocr_par' dir='ltr' id='par_1_67' title="bbox 417 3208 2005 3288">
     <span class='ocr_line' id='line_1_67' title="bbox 417 3208 2005 3288; baseline 0.001 -24"><span class='ocrx_word' id='word_1_486' title='bbox 417 3211 568 3281; x_wconf 81' lang='lat' dir='ltr'><strong>juxta</strong></span> <span class='ocrx_word' id='word_1_487' title='bbox 609 3208 943 3278; x_wconf 82' lang='lat' dir='ltr'><strong>Scriptu_ras.</strong></span> <span class='ocrx_word' id='word_1_488' title='bbox 991 3209 1265 3288; x_wconf 42' lang='lat' dir='ltr'><strong>Diligenti.</strong></span> <span class='ocrx_word' id='word_1_489' title='bbox 1289 3225 1507 3280; x_wconf 90' lang='lat' dir='ltr'><strong>quoque</strong></span> <span class='ocrx_word' id='word_1_490' title='bbox 1544 3211 1860 3266; x_wconf 89' lang='lat' dir='ltr'><strong>discrimine</strong></span> <span class='ocrx_word' id='word_1_491' title='bbox 1918 3212 2005 3267; x_wconf 84' lang='lat' dir='ltr'><strong>lex</strong></span> 
     </span>
    </p>
   </div>
   <div class='ocr_carea' id='block_1_68' title="bbox 420 3299 2000 3371">
    <p class='ocr_par' dir='ltr' id='par_1_68' title="bbox 420 3299 2000 3371">
     <span class='ocr_line' id='line_1_68' title="bbox 420 3299 2000 3371; baseline 0.002 -17"><span class='ocrx_word' id='word_1_492' title='bbox 420 3299 704 3371; x_wconf 80' lang='lat' dir='ltr'><strong>distinguit</strong></span> <span class='ocrx_word' id='word_1_493' title='bbox 726 3315 821 3355; x_wconf 90' lang='lat' dir='ltr'><strong>eos</strong></span> <span class='ocrx_word' id='word_1_494' title='bbox 841 3300 935 3369; x_wconf 92' lang='lat' dir='ltr'><strong>qui</strong></span> <span class='ocrx_word' id='word_1_495' title='bbox 961 3301 1160 3371; x_wconf 87' lang='lat' dir='ltr'><strong>injuria</strong></span> <span class='ocrx_word' id='word_1_496' title='bbox 1179 3301 1290 3356; x_wconf 91' lang='lat' dir='ltr'><strong>sint</strong></span> <span class='ocrx_word' id='word_1_497' title='bbox 1312 3299 1492 3356; x_wconf 83' lang='lat' dir='ltr'><strong>aﬁ‘ecti</strong></span> <span class='ocrx_word' id='word_1_498' title='bbox 1511 3320 1523 3355; x_wconf 89' lang='lat'><strong>:</strong></span> <span class='ocrx_word' id='word_1_499' title='bbox 1539 3317 1662 3356; x_wconf 91' lang='lat' dir='ltr'><strong>nam</strong></span> <span class='ocrx_word' id='word_1_500' title='bbox 1683 3342 1699 3368; x_wconf 91' lang='lat'><strong>,</strong></span> <span class='ocrx_word' id='word_1_501' title='bbox 1724 3303 1770 3358; x_wconf 92' lang='lat' dir='ltr'><strong>si</strong></span> <span class='ocrx_word' id='word_1_502' title='bbox 1794 3302 1965 3357; x_wconf 89' lang='lat' dir='ltr'><strong>ﬁlium</strong></span> <span class='ocrx_word' id='word_1_503' title='bbox 1986 3344 2000 3369; x_wconf 93' lang='lat'><strong>,</strong></span> 
     </span>
    </p>
   </div>
   <div class='ocr_carea' id='block_1_69' title="bbox 422 3390 2004 3462">
    <p class='ocr_par' dir='ltr' id='par_1_69' title="bbox 422 3390 2004 3462">
     <span class='ocr_line' id='line_1_69' title="bbox 422 3390 2004 3462; baseline 0.005 -17"><span class='ocrx_word' id='word_1_504' title='bbox 422 3391 626 3462; x_wconf 89' lang='lat' dir='ltr'><strong>inquit,</strong></span> <span class='ocrx_word' id='word_1_505' title='bbox 653 3399 748 3444; x_wconf 86' lang='lat' dir='ltr'><strong>aut</strong></span> <span class='ocrx_word' id='word_1_506' title='bbox 777 3390 944 3446; x_wconf 88' lang='lat' dir='ltr'><strong>ﬁliam</strong></span> <span class='ocrx_word' id='word_1_507' title='bbox 984 3401 1182 3447; x_wconf 88' lang='lat' dir='ltr'><strong>taurus</strong></span> <span class='ocrx_word' id='word_1_508' title='bbox 1213 3392 1511 3458; x_wconf 87' lang='lat' dir='ltr'><strong>occiderit,</strong></span> <span class='ocrx_word' id='word_1_509' title='bbox 1565 3396 1836 3450; x_wconf 85' lang='lat' dir='ltr'><strong>moriatur</strong></span> <span class='ocrx_word' id='word_1_510' title='bbox 1855 3438 1870 3461; x_wconf 92' lang='lat'><strong>,</strong></span> <span class='ocrx_word' id='word_1_511' title='bbox 1901 3414 2004 3453; x_wconf 87' lang='lat' dir='ltr'><strong>nec</strong></span> 
     </span>
    </p>
   </div>
   <div class='ocr_carea' id='block_1_70' title="bbox 420 3481 2000 3556">
    <p class='ocr_par' dir='ltr' id='par_1_70' title="bbox 420 3481 2000 3556">
     <span class='ocr_line' id='line_1_70' title="bbox 420 3481 2000 3556; baseline 0.006 -21"><span class='ocrx_word' id='word_1_512' title='bbox 420 3481 564 3537; x_wconf 82' lang='lat' dir='ltr'><strong>ullus</strong></span> <span class='ocrx_word' id='word_1_513' title='bbox 577 3481 652 3538; x_wconf 88' lang='lat' dir='ltr'><strong>sit</strong></span> <span class='ocrx_word' id='word_1_514' title='bbox 675 3481 1014 3537; x_wconf 88' lang='lat' dir='ltr'><strong>miserationi</strong></span> <span class='ocrx_word' id='word_1_515' title='bbox 1037 3482 1221 3538; x_wconf 88' lang='lat' dir='ltr'><strong>locus:</strong></span> <span class='ocrx_word' id='word_1_516' title='bbox 1248 3485 1334 3539; x_wconf 89' lang='lat' dir='ltr'><strong>sin</strong></span> <span class='ocrx_word' id='word_1_517' title='bbox 1361 3500 1578 3540; x_wconf 88' lang='lat' dir='ltr'><strong>servum</strong></span> <span class='ocrx_word' id='word_1_518' title='bbox 1605 3496 1699 3542; x_wconf 87' lang='lat' dir='ltr'><strong>aut</strong></span> <span class='ocrx_word' id='word_1_519' title='bbox 1724 3490 2000 3556; x_wconf 88' lang='lat' dir='ltr'><strong>ancillam,</strong></span> 
     </span>
    </p>
   </div>
   <div class='ocr_carea' id='block_1_71' title="bbox 417 3571 2003 3650">
    <p class='ocr_par' dir='ltr' id='par_1_71' title="bbox 417 3571 2003 3650">
     <span class='ocr_line' id='line_1_71' title="bbox 417 3571 2003 3650; baseline 0.006 -25"><span class='ocrx_word' id='word_1_520' title='bbox 417 3581 704 3641; x_wconf 77' lang='lat' dir='ltr'><strong>argentum</strong></span> <span class='ocrx_word' id='word_1_521' title='bbox 729 3587 829 3640; x_wconf 89' lang='lat' dir='ltr'><strong>pro</strong></span> <span class='ocrx_word' id='word_1_522' title='bbox 859 3571 970 3626; x_wconf 88' lang='lat' dir='ltr'><strong>illis</strong></span> <span class='ocrx_word' id='word_1_523' title='bbox 1001 3573 1269 3642; x_wconf 81' lang='lat' dir='ltr'><strong>exigatur.</strong></span> <span class='ocrx_word' id='word_1_524' title='bbox 1308 3572 1597 3630; x_wconf 84' lang='lat' dir='ltr'><strong>Rationem</strong></span> <span class='ocrx_word' id='word_1_525' title='bbox 1639 3577 1806 3647; x_wconf 84' lang='lat' dir='ltr'><strong>igitur</strong></span> <span class='ocrx_word' id='word_1_526' title='bbox 1839 3578 2003 3650; x_wconf 87' lang='lat' dir='ltr'><strong>hujus</strong></span> 
     </span>
    </p>
   </div>
   <div class='ocr_carea' id='block_1_72' title="bbox 417 3662 2000 3740">
    <p class='ocr_par' dir='ltr' id='par_1_72' title="bbox 417 3662 2000 3740">
     <span class='ocr_line' id='line_1_72' title="bbox 417 3662 2000 3740; baseline 0.006 -25"><span class='ocrx_word' id='word_1_527' title='bbox 417 3662 749 3717; x_wconf 87' lang='lat' dir='ltr'><strong>discriminis</strong></span> <span class='ocrx_word' id='word_1_528' title='bbox 795 3663 1074 3733; x_wconf 89' lang='lat' dir='ltr'><strong>inquirere</strong></span> <span class='ocrx_word' id='word_1_529' title='bbox 1120 3663 1215 3732; x_wconf 90' lang='lat' dir='ltr'><strong>qui</strong></span> <span class='ocrx_word' id='word_1_530' title='bbox 1252 3663 1372 3719; x_wconf 89' lang='lat' dir='ltr'><strong>ﬁeri</strong></span> <span class='ocrx_word' id='word_1_531' title='bbox 1411 3675 1592 3735; x_wconf 87' lang='lat' dir='ltr'><strong>potest</strong></span> <span class='ocrx_word' id='word_1_532' title='bbox 1631 3676 1690 3722; x_wconf 88' lang='lat' dir='ltr'><strong>ut</strong></span> <span class='ocrx_word' id='word_1_533' title='bbox 1717 3669 2000 3740; x_wconf 84' lang='lat' dir='ltr'><strong>indignum</strong></span> 
     </span>
    </p>
   </div>
   <div class='ocr_carea' id='block_1_73' title="bbox 417 3751 2000 3824">
    <p class='ocr_par' dir='ltr' id='par_1_73' title="bbox 417 3751 2000 3824">
     <span class='ocr_line' id='line_1_73' title="bbox 417 3751 2000 3824; baseline 0.003 -18"><span class='ocrx_word' id='word_1_534' title='bbox 417 3752 504 3811; x_wconf 85' lang='lat' dir='ltr'><strong>sit.</strong></span> <span class='ocrx_word' id='word_1_535' title='bbox 555 3767 680 3806; x_wconf 89' lang='lat' dir='ltr'><strong>cum</strong></span> <span class='ocrx_word' id='word_1_536' title='bbox 725 3752 1030 3820; x_wconf 62' lang='lat' dir='ltr'><strong>praesertim</strong></span> <span class='ocrx_word' id='word_1_537' title='bbox 1070 3751 1229 3807; x_wconf 87' lang='lat' dir='ltr'><strong>liberi</strong></span> <span class='ocrx_word' id='word_1_538' title='bbox 1273 3755 1525 3824; x_wconf 87' lang='lat' dir='ltr'><strong>servique</strong></span> <span class='ocrx_word' id='word_1_539' title='bbox 1581 3755 1892 3812; x_wconf 75' lang='lat' dir='ltr'><strong>differentia</strong></span> <span class='ocrx_word' id='word_1_540' title='bbox 1945 3758 2000 3811; x_wconf 91' lang='lat' dir='ltr'><strong>in</strong></span> 
     </span>
    </p>
   </div>
   <div class='ocr_carea' id='block_1_74' title="bbox 418 3841 1998 3918">
    <p class='ocr_par' dir='ltr' id='par_1_74' title="bbox 418 3841 1998 3918">
     <span class='ocr_line' id='line_1_74' title="bbox 418 3841 1998 3918; baseline 0.006 -23"><span class='ocrx_word' id='word_1_541' title='bbox 418 3841 577 3896; x_wconf 88' lang='lat' dir='ltr'><strong>nobis</strong></span> <span class='ocrx_word' id='word_1_542' title='bbox 607 3857 716 3896; x_wconf 87' lang='lat' dir='ltr'><strong>non</strong></span> <span class='ocrx_word' id='word_1_543' title='bbox 739 3850 948 3897; x_wconf 70' lang='lat' dir='ltr'><strong>natura:</strong></span> <span class='ocrx_word' id='word_1_544' title='bbox 976 3843 1172 3898; x_wconf 88' lang='lat' dir='ltr'><strong>vitium</strong></span> <span class='ocrx_word' id='word_1_545' title='bbox 1205 3845 1311 3909; x_wconf 90' lang='lat' dir='ltr'><strong>sit,</strong></span> <span class='ocrx_word' id='word_1_546' title='bbox 1337 3846 1515 3916; x_wconf 87' lang='lat' dir='ltr'><strong>qualis</strong></span> <span class='ocrx_word' id='word_1_547' title='bbox 1553 3855 1638 3902; x_wconf 89' lang='lat' dir='ltr'><strong>est</strong></span> <span class='ocrx_word' id='word_1_548' title='bbox 1675 3849 1866 3918; x_wconf 88' lang='lat' dir='ltr'><strong>procul</strong></span> <span class='ocrx_word' id='word_1_549' title='bbox 1895 3849 1998 3904; x_wconf 89' lang='lat' dir='ltr'><strong>du-</strong></span> 
     </span>
    </p>
   </div>
   <div class='ocr_carea' id='block_1_75' title="bbox 420 3933 1997 4012">
    <p class='ocr_par' dir='ltr' id='par_1_75' title="bbox 420 3933 1997 4012">
     <span class='ocr_line' id='line_1_75' title="bbox 420 3933 1997 4012; baseline 0.007 -26"><span class='ocrx_word' id='word_1_550' title='bbox 420 3933 512 3988; x_wconf 90' lang='lat' dir='ltr'><strong>bio</strong></span> <span class='ocrx_word' id='word_1_551' title='bbox 543 3935 681 3988; x_wconf 89' lang='lat' dir='ltr'><strong>mala</strong></span> <span class='ocrx_word' id='word_1_552' title='bbox 707 3935 962 3991; x_wconf 88' lang='lat' dir='ltr'><strong>valetudo</strong></span> <span class='ocrx_word' id='word_1_553' title='bbox 981 3978 996 4001; x_wconf 91' lang='lat'><strong>,</strong></span> <span class='ocrx_word' id='word_1_554' title='bbox 1024 3937 1119 3991; x_wconf 85' lang='lat' dir='ltr'><strong>sed</strong></span> <span class='ocrx_word' id='word_1_555' title='bbox 1145 3953 1212 3992; x_wconf 82' lang='lat' dir='ltr'><strong>ex</strong></span> <span class='ocrx_word' id='word_1_556' title='bbox 1240 3940 1609 4008; x_wconf 89' lang='lat' dir='ltr'><strong>potentiorum</strong></span> <span class='ocrx_word' id='word_1_557' title='bbox 1643 3941 1997 4012; x_wconf 88' lang='lat' dir='ltr'><strong>oppressione</strong></span> 
     </span>
    </p>
   </div>
   <div class='ocr_carea' id='block_1_76' title="bbox 417 4028 1996 4100">
    <p class='ocr_par' dir='ltr' id='par_1_76' title="bbox 417 4028 1996 4100">
     <span class='ocr_line' id='line_1_76' title="bbox 417 4028 1996 4100; baseline 0.006 -20"><span class='ocrx_word' id='word_1_558' title='bbox 417 4028 716 4080; x_wconf 85' lang='lat' dir='ltr'><strong>nascatur?</strong></span> <span class='ocrx_word' id='word_1_559' title='bbox 759 4047 776 4079; x_wconf 79' lang='grc' dir='ltr'><strong>ι</strong></span> <span class='ocrx_word' id='word_1_560' title='bbox 823 4028 971 4084; x_wconf 85' lang='lat' dir='ltr'><strong>Idem</strong></span> <span class='ocrx_word' id='word_1_561' title='bbox 1005 4045 1243 4100; x_wconf 87' lang='lat' dir='ltr'><strong>namque</strong></span> <span class='ocrx_word' id='word_1_562' title='bbox 1299 4047 1400 4086; x_wconf 87' lang='lat' dir='ltr'><strong>nos</strong></span> <span class='ocrx_word' id='word_1_563' title='bbox 1437 4033 1683 4088; x_wconf 88' lang='lat' dir='ltr'><strong>condidit</strong></span> <span class='ocrx_word' id='word_1_564' title='bbox 1724 4035 1898 4099; x_wconf 88' lang='lat' dir='ltr'><strong>Deus,</strong></span> <span class='ocrx_word' id='word_1_565' title='bbox 1943 4045 1996 4090; x_wconf 83' lang='lat' dir='ltr'><strong>ct</strong></span> 
     </span>
    </p>
   </div>
   <div class='ocr_carea' id='block_1_77' title="bbox 417 4111 1996 4195">
    <p class='ocr_par' dir='ltr' id='par_1_77' title="bbox 417 4111 1996 4195">
     <span class='ocr_line' id='line_1_77' title="bbox 417 4111 1996 4195; baseline 0.006 -25"><span class='ocrx_word' id='word_1_566' title='bbox 417 4132 560 4171; x_wconf 85' lang='lat' dir='ltr'><strong>unus</strong></span> <span class='ocrx_word' id='word_1_567' title='bbox 595 4127 682 4171; x_wconf 72' lang='grc' dir='ltr'><strong>εει</strong></span> <span class='ocrx_word' id='word_1_568' title='bbox 713 4119 956 4173; x_wconf 88' lang='lat' dir='ltr'><strong>omnium</strong></span> <span class='ocrx_word' id='word_1_569' title='bbox 989 4121 1152 4175; x_wconf 89' lang='lat' dir='ltr'><strong>Pater</strong></span> <span class='ocrx_word' id='word_1_570' title='bbox 1187 4122 1256 4186; x_wconf 82' lang='grc'><strong>⁵⁸,</strong></span> <span class='ocrx_word' id='word_1_571' title='bbox 1305 4143 1321 4173; x_wconf 71' lang='grc' dir='ltr'><strong>ι</strong></span> <span class='ocrx_word' id='word_1_572' title='bbox 1383 4125 1538 4194; x_wconf 82' lang='lat' dir='ltr'><strong>juxta</strong></span> <span class='ocrx_word' id='word_1_573' title='bbox 1580 4126 1863 4195; x_wconf 79' lang='lat' dir='ltr'><strong>prophetae</strong></span> <span class='ocrx_word' id='word_1_574' title='bbox 1901 4111 1996 4180; x_wconf 72' lang='lat' dir='ltr'><strong>vo-</strong></span> 
     </span>
    </p>
   </div>
   <div class='ocr_carea' id='block_1_78' title="bbox 413 4207 1990 4278">
    <p class='ocr_par' dir='ltr' id='par_1_78' title="bbox 413 4207 1990 4278">
     <span class='ocr_line' id='line_1_78' title="bbox 413 4207 1990 4278; baseline 0.008 -20"><span class='ocrx_word' id='word_1_575' title='bbox 413 4220 552 4260; x_wconf 89' lang='lat' dir='ltr'><strong>cem.</strong></span> <span class='ocrx_word' id='word_1_576' title='bbox 584 4207 727 4261; x_wconf 87' lang='lat' dir='ltr'><strong>Num</strong></span> <span class='ocrx_word' id='word_1_577' title='bbox 779 4208 945 4278; x_wconf 87' lang='lat' dir='ltr'><strong>igitur</strong></span> <span class='ocrx_word' id='word_1_578' title='bbox 983 4209 1247 4266; x_wconf 88' lang='lat' dir='ltr'><strong>Conditor</strong></span> <span class='ocrx_word' id='word_1_579' title='bbox 1298 4223 1484 4268; x_wconf 89' lang='lat' dir='ltr'><strong>noster</strong></span> <span class='ocrx_word' id='word_1_580' title='bbox 1519 4217 1800 4272; x_wconf 89' lang='lat' dir='ltr'><strong>nonnullis</strong></span> <span class='ocrx_word' id='word_1_581' title='bbox 1825 4218 1990 4271; x_wconf 86' lang='lat' dir='ltr'><strong>etiam</strong></span> 
     </span>
    </p>
   </div>
   <div class='ocr_carea' id='block_1_79' title="bbox 2120 3109 3685 3182">
    <p class='ocr_par' dir='ltr' id='par_1_79' title="bbox 2120 3109 3685 3182">
     <span class='ocr_line' id='line_1_79' title="bbox 2120 3109 3685 3182; baseline -0.002 -17"><span class='ocrx_word' id='word_1_582' title='bbox 2120 3111 2348 3182; x_wconf 79' lang='grc' dir='ltr'>Ἀκριϐῆ</span> <span class='ocrx_word' id='word_1_583' title='bbox 2403 3111 2460 3164; x_wconf 86' lang='grc' dir='ltr'>δὲ</span> <span class='ocrx_word' id='word_1_584' title='bbox 2510 3113 2537 3164; x_wconf 86' lang='grc' dir='ltr'>ὁ</span> <span class='ocrx_word' id='word_1_585' title='bbox 2569 3111 2733 3181; x_wconf 90' lang='grc' dir='ltr'>νόμος</span> <span class='ocrx_word' id='word_1_586' title='bbox 2776 3110 2870 3163; x_wconf 74' lang='grc' dir='ltr'><strong>καὶ</strong></span> <span class='ocrx_word' id='word_1_587' title='bbox 2933 3110 3032 3180; x_wconf 80' lang='grc' dir='ltr'><strong>τὴν</strong></span> <span class='ocrx_word' id='word_1_588' title='bbox 3073 3110 3166 3161; x_wconf 75' lang='grc' dir='ltr'><strong>ἐπὶ</strong></span> <span class='ocrx_word' id='word_1_589' title='bbox 3213 3112 3323 3173; x_wconf 86' lang='grc' dir='ltr'>τοῖς</span> <span class='ocrx_word' id='word_1_590' title='bbox 3389 3109 3685 3162; x_wconf 83' lang='grc' dir='ltr'>πεπονθόσι</span> 
     </span>
    </p>
   </div>
   <div class='ocr_carea' id='block_1_80' title="bbox 2108 3197 3679 3273">
    <p class='ocr_par' dir='ltr' id='par_1_80' title="bbox 2108 3197 3679 3273">
     <span class='ocr_line' id='line_1_80' title="bbox 2108 3197 3679 3273; baseline 0 -17"><span class='ocrx_word' id='word_1_591' title='bbox 2108 3207 2343 3257; x_wconf 87' lang='grc' dir='ltr'>ποιεῖται</span> <span class='ocrx_word' id='word_1_592' title='bbox 2391 3203 2673 3272; x_wconf 77' lang='grc' dir='ltr'>διαστολὴν</span> <span class='ocrx_word' id='word_1_593' title='bbox 2701 3221 2713 3233; x_wconf 79' lang='grc'><em>’</em></span> <span class='ocrx_word' id='word_1_594' title='bbox 2747 3206 2795 3255; x_wconf 88' lang='grc' dir='ltr'>εἰ</span> <span class='ocrx_word' id='word_1_595' title='bbox 2850 3202 2951 3273; x_wconf 84' lang='grc' dir='ltr'>μὲν</span> <span class='ocrx_word' id='word_1_596' title='bbox 3005 3203 3113 3273; x_wconf 84' lang='grc' dir='ltr'>γὰρ</span> <span class='ocrx_word' id='word_1_597' title='bbox 3159 3202 3270 3254; x_wconf 83' lang='grc' dir='ltr'>υἱὸν</span> <span class='ocrx_word' id='word_1_598' title='bbox 3310 3203 3341 3272; x_wconf 80' lang='grc' dir='ltr'>ὴ</span> <span class='ocrx_word' id='word_1_599' title='bbox 3382 3197 3679 3273; x_wconf 81' lang='grc' dir='ltr'>θυγατέρα,</span> 
     </span>
    </p>
   </div>
   <div class='ocr_carea' id='block_1_81' title="bbox 2106 3293 3679 3366">
    <p class='ocr_par' dir='ltr' id='par_1_81' title="bbox 2106 3293 3679 3366">
     <span class='ocr_line' id='line_1_81' title="bbox 2106 3293 3679 3366; baseline 0 -18"><span class='ocrx_word' id='word_1_600' title='bbox 2106 3296 2290 3366; x_wconf 79' lang='grc' dir='ltr'>φησὶν,</span> <span class='ocrx_word' id='word_1_601' title='bbox 2320 3297 2347 3348; x_wconf 88' lang='grc' dir='ltr'>ὁ</span> <span class='ocrx_word' id='word_1_602' title='bbox 2389 3295 2587 3365; x_wconf 87' lang='grc' dir='ltr'>μόσχος</span> <span class='ocrx_word' id='word_1_603' title='bbox 2619 3294 2802 3366; x_wconf 78' lang='grc' dir='ltr'>ἀνέλῃ,</span> <span class='ocrx_word' id='word_1_604' title='bbox 2845 3293 3085 3347; x_wconf 87' lang='grc' dir='ltr'>τεθνάτω</span> <span class='ocrx_word' id='word_1_605' title='bbox 3119 3295 3210 3346; x_wconf 67' lang='grc' dir='ltr'><strong>καὶ</strong></span> <span class='ocrx_word' id='word_1_606' title='bbox 3263 3294 3679 3366; x_wconf 79' lang='grc' dir='ltr'>ἀφιλοικτιρμό-</span> 
     </span>
    </p>
   </div>
   <div class='ocr_carea' id='block_1_82' title="bbox 2105 3386 3679 3458">
    <p class='ocr_par' dir='ltr' id='par_1_82' title="bbox 2105 3386 3679 3458">
     <span class='ocr_line' id='line_1_82' title="bbox 2105 3386 3679 3458; baseline -0.001 -18"><span class='ocrx_word' id='word_1_607' title='bbox 2105 3405 2210 3451; x_wconf 87' lang='grc' dir='ltr'><strong>νως</strong></span> <span class='ocrx_word' id='word_1_608' title='bbox 2241 3403 2254 3419; x_wconf 71' lang='grc' dir='ltr'><strong>ο</strong></span> <span class='ocrx_word' id='word_1_609' title='bbox 2287 3389 2334 3440; x_wconf 86' lang='grc' dir='ltr'>εἰ</span> <span class='ocrx_word' id='word_1_610' title='bbox 2381 3387 2439 3441; x_wconf 85' lang='grc' dir='ltr'>δὲ</span> <span class='ocrx_word' id='word_1_611' title='bbox 2469 3387 2636 3443; x_wconf 88' lang='grc' dir='ltr'>παῖδα</span> <span class='ocrx_word' id='word_1_612' title='bbox 2678 3386 2711 3458; x_wconf 82' lang='grc' dir='ltr'>ἢ</span> <span class='ocrx_word' id='word_1_613' title='bbox 2754 3386 3070 3456; x_wconf 81' lang='grc' dir='ltr'>παιδίσκην,</span> <span class='ocrx_word' id='word_1_614' title='bbox 3121 3386 3386 3458; x_wconf 88' lang='grc' dir='ltr'>ἀργύριον</span> <span class='ocrx_word' id='word_1_615' title='bbox 3435 3387 3574 3440; x_wconf 83' lang='grc' dir='ltr'>ἔστω</span> <span class='ocrx_word' id='word_1_616' title='bbox 3616 3387 3679 3439; x_wconf 83' lang='grc' dir='ltr'><strong>τὸ</strong></span> 
     </span>
    </p>
   </div>
   <div class='ocr_carea' id='block_1_83' title="bbox 2106 3474 3679 3552">
    <p class='ocr_par' dir='ltr' id='par_1_83' title="bbox 2106 3474 3679 3552">
     <span class='ocr_line' id='line_1_83' title="bbox 2106 3474 3679 3552; baseline -0.001 -19"><span class='ocrx_word' id='word_1_617' title='bbox 2106 3479 2246 3550; x_wconf 83' lang='grc' dir='ltr'>ὑπὲρ</span> <span class='ocrx_word' id='word_1_618' title='bbox 2276 3479 2453 3534; x_wconf 80' lang='grc' dir='ltr'>αὐτῶν</span> <span class='ocrx_word' id='word_1_619' title='bbox 2480 3479 2830 3552; x_wconf 82' lang='grc' dir='ltr'>ζητούμενον.</span> <span class='ocrx_word' id='word_1_620' title='bbox 2867 3478 2963 3542; x_wconf 83' lang='grc' dir='ltr'><strong>Τίς</strong></span> <span class='ocrx_word' id='word_1_621' title='bbox 3005 3474 3096 3532; x_wconf 82' lang='grc' dir='ltr'><strong>οὖν</strong></span> <span class='ocrx_word' id='word_1_622' title='bbox 3135 3481 3163 3532; x_wconf 85' lang='grc' dir='ltr'>ὁ</span> <span class='ocrx_word' id='word_1_623' title='bbox 3211 3478 3387 3546; x_wconf 84' lang='grc' dir='ltr'>λόγος,</span> <span class='ocrx_word' id='word_1_624' title='bbox 3419 3477 3534 3542; x_wconf 84' lang='grc' dir='ltr'><strong>πῶς</strong></span> <span class='ocrx_word' id='word_1_625' title='bbox 3578 3480 3679 3533; x_wconf 77' lang='grc' dir='ltr'><strong>οὐκ</strong></span> 
     </span>
    </p>
   </div>
   <div class='ocr_carea' id='block_1_84' title="bbox 2103 3568 3678 3641">
    <p class='ocr_par' dir='ltr' id='par_1_84' title="bbox 2103 3568 3678 3641">
     <span class='ocr_line' id='line_1_84' title="bbox 2103 3568 3678 3641; baseline -0.002 -15"><span class='ocrx_word' id='word_1_626' title='bbox 2103 3570 2252 3636; x_wconf 75' lang='grc' dir='ltr'>ἄξιον</span> <span class='ocrx_word' id='word_1_627' title='bbox 2279 3570 2444 3637; x_wconf 76' lang='grc' dir='ltr'>ἰδεῖν;</span> <span class='ocrx_word' id='word_1_628' title='bbox 2478 3571 2655 3624; x_wconf 86' lang='grc' dir='ltr'>καίτοι</span> <span class='ocrx_word' id='word_1_629' title='bbox 2703 3570 2766 3623; x_wconf 85' lang='grc' dir='ltr'>τὸ</span> <span class='ocrx_word' id='word_1_630' title='bbox 2819 3568 3102 3641; x_wconf 77' lang='grc' dir='ltr'>ἐλεύθερόν</span> <span class='ocrx_word' id='word_1_631' title='bbox 3143 3585 3201 3622; x_wconf 85' lang='grc' dir='ltr'><strong>τε</strong></span> <span class='ocrx_word' id='word_1_632' title='bbox 3231 3570 3342 3636; x_wconf 40' lang='grc' dir='ltr'>,καὶ</span> <span class='ocrx_word' id='word_1_633' title='bbox 3394 3568 3578 3625; x_wconf 80' lang='grc' dir='ltr'>δοῦλον</span> <span class='ocrx_word' id='word_1_634' title='bbox 3617 3573 3678 3623; x_wconf 81' lang='grc' dir='ltr'>ὲν</span> 
     </span>
    </p>
   </div>
   <div class='ocr_carea' id='block_1_85' title="bbox 2101 3661 3675 3734">
    <p class='ocr_par' dir='ltr' id='par_1_85' title="bbox 2101 3661 3675 3734">
     <span class='ocr_line' id='line_1_85' title="bbox 2101 3661 3675 3734; baseline 0 -18"><span class='ocrx_word' id='word_1_635' title='bbox 2101 3666 2258 3734; x_wconf 78' lang='grc' dir='ltr'>ἡμῖν,</span> <span class='ocrx_word' id='word_1_636' title='bbox 2291 3663 2354 3716; x_wconf 84' lang='grc' dir='ltr'>ἐκ</span> <span class='ocrx_word' id='word_1_637' title='bbox 2404 3661 2722 3728; x_wconf 80' lang='grc' dir='ltr'>πλεονεξίας</span> <span class='ocrx_word' id='word_1_638' title='bbox 2767 3664 2862 3716; x_wconf 74' lang='grc' dir='ltr'>καὶ</span> <span class='ocrx_word' id='word_1_639' title='bbox 2909 3663 3009 3716; x_wconf 84' lang='grc' dir='ltr'><strong>οὐκ</strong></span> <span class='ocrx_word' id='word_1_640' title='bbox 3052 3662 3675 3734; x_wconf 75' lang='grc' dir='ltr'>ἀρρώστημα-φύσεως,</span> 
     </span>
    </p>
   </div>
   <div class='ocr_carea' id='block_1_86' title="bbox 2103 3748 3676 3827">
    <p class='ocr_par' dir='ltr' id='par_1_86' title="bbox 2103 3748 3676 3827">
     <span class='ocr_line' id='line_1_86' title="bbox 2103 3748 3676 3827; baseline -0.001 -18"><span class='ocrx_word' id='word_1_641' title='bbox 2103 3755 2355 3827; x_wconf 86' lang='grc' dir='ltr'>καθάπερ</span> <span class='ocrx_word' id='word_1_642' title='bbox 2409 3755 2599 3826; x_wconf 86' lang='grc' dir='ltr'>ἀμέλει</span> <span class='ocrx_word' id='word_1_643' title='bbox 2651 3755 2745 3809; x_wconf 71' lang='grc' dir='ltr'>καὶ</span> <span class='ocrx_word' id='word_1_644' title='bbox 2787 3756 2848 3808; x_wconf 88' lang='grc' dir='ltr'><strong>τὸ</strong></span> <span class='ocrx_word' id='word_1_645' title='bbox 2903 3757 3113 3808; x_wconf 69' lang='grc' dir='ltr'>νοσεῖν*</span> <span class='ocrx_word' id='word_1_646' title='bbox 3173 3774 3189 3804; x_wconf 82' lang='grc' dir='ltr'><strong>ι</strong></span> <span class='ocrx_word' id='word_1_647' title='bbox 3235 3748 3331 3817; x_wconf 78' lang='grc' dir='ltr'><strong>Εἷς</strong></span> <span class='ocrx_word' id='word_1_648' title='bbox 3369 3753 3479 3825; x_wconf 85' lang='grc' dir='ltr'>γὰρ</span> <span class='ocrx_word' id='word_1_649' title='bbox 3525 3755 3676 3824; x_wconf 80' lang='grc' dir='ltr'>ἡμᾶς</span> 
     </span>
    </p>
   </div>
   <div class='ocr_carea' id='block_1_87' title="bbox 2101 3840 3673 3915">
    <p class='ocr_par' dir='ltr' id='par_1_87' title="bbox 2101 3840 3673 3915">
     <span class='ocr_line' id='line_1_87' title="bbox 2101 3840 3673 3915; baseline -0.001 -17"><span class='ocrx_word' id='word_1_650' title='bbox 2101 3847 2282 3900; x_wconf 79' lang='grc' dir='ltr'>ἔκτισε</span> <span class='ocrx_word' id='word_1_651' title='bbox 2307 3846 2461 3911; x_wconf 81' lang='grc' dir='ltr'>Θεὸς,</span> <span class='ocrx_word' id='word_1_652' title='bbox 2495 3846 2588 3900; x_wconf 77' lang='grc' dir='ltr'>καὶ</span> <span class='ocrx_word' id='word_1_653' title='bbox 2607 3840 2731 3909; x_wconf 77' lang='grc' dir='ltr'>εἷςό</span> <span class='ocrx_word' id='word_1_654' title='bbox 2753 3845 2970 3900; x_wconf 84' lang='grc' dir='ltr'>πάντων</span> <span class='ocrx_word' id='word_1_655' title='bbox 3003 3846 3247 3915; x_wconf 61' lang='lat' dir='ltr'><strong>Har-iw,»</strong></span> <span class='ocrx_word' id='word_1_656' title='bbox 3283 3845 3423 3898; x_wconf 82' lang='grc' dir='ltr'>κατὰ</span> <span class='ocrx_word' id='word_1_657' title='bbox 3453 3844 3549 3915; x_wconf 78' lang='grc' dir='ltr'>τὴν</span> <span class='ocrx_word' id='word_1_658' title='bbox 3578 3844 3673 3897; x_wconf 73' lang='grc' dir='ltr'>τοῦ</span> 
     </span>
    </p>
   </div>
   <div class='ocr_carea' id='block_1_88' title="bbox 2100 3934 3673 4011">
    <p class='ocr_par' dir='ltr' id='par_1_88' title="bbox 2100 3934 3673 4011">
     <span class='ocr_line' id='line_1_88' title="bbox 2100 3934 3673 4011; baseline -0.003 -19"><span class='ocrx_word' id='word_1_659' title='bbox 2100 3941 2381 4011; x_wconf 84' lang='grc' dir='ltr'>προφήτου</span> <span class='ocrx_word' id='word_1_660' title='bbox 2420 3939 2622 4010; x_wconf 86' lang='grc' dir='ltr'>φωνήν.</span> <span class='ocrx_word' id='word_1_661' title='bbox 2646 3934 2770 4010; x_wconf 73' lang='lat' dir='ltr'><strong>&#39;Ap’</strong></span> <span class='ocrx_word' id='word_1_662' title='bbox 2800 3934 2892 3992; x_wconf 77' lang='grc' dir='ltr'><strong>οὖν</strong></span> <span class='ocrx_word' id='word_1_663' title='bbox 2921 3938 2997 4002; x_wconf 87' lang='grc' dir='ltr'>ὼς</span> <span class='ocrx_word' id='word_1_664' title='bbox 3034 3937 3284 4006; x_wconf 75' lang='grc' dir='ltr'>ἔγκλημα</span> <span class='ocrx_word' id='word_1_665' title='bbox 3309 3936 3401 3990; x_wconf 71' lang='grc' dir='ltr'>καὶ</span> <span class='ocrx_word' id='word_1_666' title='bbox 3424 3934 3673 3990; x_wconf 82' lang='grc' dir='ltr'>δουλείαν</span> 
     </span>
    </p>
   </div>
   <div class='ocr_carea' id='block_1_89' title="bbox 2098 4024 3674 4104">
    <p class='ocr_par' dir='ltr' id='par_1_89' title="bbox 2098 4024 3674 4104">
     <span class='ocr_line' id='line_1_89' title="bbox 2098 4024 3674 4104; baseline 0.001 -20"><span class='ocrx_word' id='word_1_667' title='bbox 2098 4030 2439 4102; x_wconf 79' lang='grc' dir='ltr'>καταγράφει</span> <span class='ocrx_word' id='word_1_668' title='bbox 2461 4029 2624 4083; x_wconf 78' lang='grc' dir='ltr'>τινῶν</span> <span class='ocrx_word' id='word_1_669' title='bbox 2652 4030 2680 4081; x_wconf 85' lang='grc' dir='ltr'>ὁ</span> <span class='ocrx_word' id='word_1_670' title='bbox 2705 4029 3043 4099; x_wconf 90' lang='grc' dir='ltr'>Δημιουργός</span> <span class='ocrx_word' id='word_1_671' title='bbox 3065 4047 3080 4096; x_wconf 90' lang='grc'>;</span> <span class='ocrx_word' id='word_1_672' title='bbox 3109 4024 3224 4098; x_wconf 82' lang='grc' dir='ltr'>ἆρα</span> <span class='ocrx_word' id='word_1_673' title='bbox 3242 4028 3338 4080; x_wconf 73' lang='grc' dir='ltr'>καὶ</span> <span class='ocrx_word' id='word_1_674' title='bbox 3365 4030 3495 4099; x_wconf 80' lang='grc' dir='ltr'>παρ’</span> <span class='ocrx_word' id='word_1_675' title='bbox 3520 4032 3674 4104; x_wconf 79' lang='grc' dir='ltr'>αὐτῷ</span> 
     </span>
    </p>
   </div>
   <div class='ocr_carea' id='block_1_90' title="bbox 2095 4121 3671 4192">
    <p class='ocr_par' dir='ltr' id='par_1_90' title="bbox 2095 4121 3671 4192">
     <span class='ocr_line' id='line_1_90' title="bbox 2095 4121 3671 4192; baseline 0.001 -16"><span class='ocrx_word' id='word_1_676' title='bbox 2095 4123 2156 4176; x_wconf 81' lang='grc' dir='ltr'>τὸ</span> <span class='ocrx_word' id='word_1_677' title='bbox 2188 4122 2371 4176; x_wconf 80' lang='grc' dir='ltr'>δοῦλον</span> <span class='ocrx_word' id='word_1_678' title='bbox 2402 4125 2459 4175; x_wconf 77' lang='grc' dir='ltr'>ἐν</span> <span class='ocrx_word' id='word_1_679' title='bbox 2511 4121 2706 4192; x_wconf 84' lang='grc' dir='ltr'>μείοσι,</span> <span class='ocrx_word' id='word_1_680' title='bbox 2749 4123 2843 4174; x_wconf 79' lang='grc' dir='ltr'><strong>καὶ</strong></span> <span class='ocrx_word' id='word_1_681' title='bbox 2897 4121 3021 4192; x_wconf 81' lang='grc' dir='ltr'>δόξῃ</span> <span class='ocrx_word' id='word_1_682' title='bbox 3060 4122 3374 4176; x_wconf 88' lang='grc' dir='ltr'>πλεονεκτεῖ</span> <span class='ocrx_word' id='word_1_683' title='bbox 3407 4124 3468 4176; x_wconf 85' lang='grc' dir='ltr'><strong>τὸ</strong></span> <span class='ocrx_word' id='word_1_684' title='bbox 3511 4124 3671 4178; x_wconf 79' lang='grc' dir='ltr'>ἐλεύ-</span> 
     </span>
    </p>
   </div>
   <div class='ocr_carea' id='block_1_91' title="bbox 2095 4206 3670 4286">
    <p class='ocr_par' dir='ltr' id='par_1_91' title="bbox 2095 4206 3670 4286">
     <span class='ocr_line' id='line_1_91' title="bbox 2095 4206 3670 4286; baseline 0.002 -19"><span class='ocrx_word' id='word_1_685' title='bbox 2095 4213 2278 4284; x_wconf 88' lang='grc' dir='ltr'>θερον;</span> <span class='ocrx_word' id='word_1_686' title='bbox 2327 4213 2402 4265; x_wconf 88' lang='grc' dir='ltr'><strong>Οὐ</strong></span> <span class='ocrx_word' id='word_1_687' title='bbox 2447 4213 2542 4283; x_wconf 83' lang='grc' dir='ltr'>μὲν</span> <span class='ocrx_word' id='word_1_688' title='bbox 2573 4209 2685 4266; x_wconf 81' lang='grc' dir='ltr'>οὖν.</span> <span class='ocrx_word' id='word_1_689' title='bbox 2721 4233 2738 4264; x_wconf 82' lang='grc' dir='ltr'><strong>ι</strong></span> <span class='ocrx_word' id='word_1_690' title='bbox 2793 4212 2882 4266; x_wconf 88' lang='grc' dir='ltr'><strong>Ἐν</strong></span> <span class='ocrx_word' id='word_1_691' title='bbox 2925 4213 3034 4286; x_wconf 84' lang='grc' dir='ltr'>γὰρ</span> <span class='ocrx_word' id='word_1_692' title='bbox 3077 4206 3298 4286; x_wconf 79' lang='grc' dir='ltr'>Χριστῷ</span> <span class='ocrx_word' id='word_1_693' title='bbox 3347 4214 3520 4285; x_wconf 81' lang='grc' dir='ltr'>Ἰησοῦ</span> <span class='ocrx_word' id='word_1_694' title='bbox 3569 4219 3670 4270; x_wconf 80' lang='grc' dir='ltr'><strong>οὐκ</strong></span> 
     </span>
    </p>
   </div>
   <div class='ocr_carea' id='block_1_92' title="bbox 413 4297 1999 4378">
    <p class='ocr_par' dir='ltr' id='par_1_92' title="bbox 413 4297 1989 4378">
     <span class='ocr_line' id='line_1_92' title="bbox 413 4297 1989 4378; baseline 0.008 -28"><span class='ocrx_word' id='word_1_695' title='bbox 413 4297 734 4352; x_wconf 88' lang='lat' dir='ltr'><strong>servitutem</strong></span> <span class='ocrx_word' id='word_1_696' title='bbox 780 4314 881 4368; x_wconf 90' lang='lat' dir='ltr'><strong>pro</strong></span> <span class='ocrx_word' id='word_1_697' title='bbox 926 4299 1158 4356; x_wconf 89' lang='lat' dir='ltr'><strong>crimine</strong></span> <span class='ocrx_word' id='word_1_698' title='bbox 1197 4305 1454 4359; x_wconf 85' lang='lat' dir='ltr'><strong>ascribit?</strong></span> <span class='ocrx_word' id='word_1_699' title='bbox 1484 4322 1615 4360; x_wconf 89' lang='lat' dir='ltr'><strong>num</strong></span> <span class='ocrx_word' id='word_1_700' title='bbox 1643 4307 1786 4376; x_wconf 89' lang='lat' dir='ltr'><strong>apud</strong></span> <span class='ocrx_word' id='word_1_701' title='bbox 1813 4309 1989 4378; x_wconf 89' lang='lat' dir='ltr'><strong>ipsum</strong></span> 
     </span>
    </p>
   </div>
   <div class='ocr_carea' id='block_1_93' title="bbox 2105 4297 3671 4378">
    <p class='ocr_par' dir='ltr' id='par_1_93' title="bbox 2105 4303 3671 4377">
     <span class='ocr_line' id='line_1_93' title="bbox 2105 4303 3671 4377; baseline 0.004 -21"><span class='ocrx_word' id='word_1_702' title='bbox 2105 4304 2171 4357; x_wconf 70' lang='grc' dir='ltr'>ἔνι</span> <span class='ocrx_word' id='word_1_703' title='bbox 2207 4303 2413 4369; x_wconf 80' lang='grc' dir='ltr'>δοῦλος,</span> <span class='ocrx_word' id='word_1_704' title='bbox 2451 4303 2572 4356; x_wconf 72' lang='grc' dir='ltr'>οὔτε</span> <span class='ocrx_word' id='word_1_705' title='bbox 2619 4304 2924 4376; x_wconf 73' lang='grc' dir='ltr'>ἐλεύθερος.</span> <span class='ocrx_word' id='word_1_706' title='bbox 2959 4325 2976 4357; x_wconf 77' lang='grc' dir='ltr'><strong>ι</strong></span> <span class='ocrx_word' id='word_1_707' title='bbox 3021 4305 3252 4367; x_wconf 79' lang='grc' dir='ltr'>Οὐκοῦν,</span> <span class='ocrx_word' id='word_1_708' title='bbox 3304 4306 3432 4360; x_wconf 84' lang='grc' dir='ltr'>σκιὰ</span> <span class='ocrx_word' id='word_1_709' title='bbox 3483 4306 3591 4377; x_wconf 84' lang='grc' dir='ltr'><strong>γὰρ</strong></span> <span class='ocrx_word' id='word_1_710' title='bbox 3638 4312 3671 4362; x_wconf 85' lang='grc' dir='ltr'>ὁ</span> 
     </span>
    </p>
   </div>
   <div class='ocr_carea' id='block_1_94' title="bbox 411 4391 1999 4477">
    <p class='ocr_par' dir='ltr' id='par_1_94' title="bbox 411 4391 1991 4477">
     <span class='ocr_line' id='line_1_94' title="bbox 411 4391 1991 4477; baseline 0.008 -35"><span class='ocrx_word' id='word_1_711' title='bbox 411 4403 630 4458; x_wconf 87' lang='lat' dir='ltr'><strong>quoque</strong></span> <span class='ocrx_word' id='word_1_712' title='bbox 667 4391 883 4447; x_wconf 88' lang='lat' dir='ltr'><strong>servilis</strong></span> <span class='ocrx_word' id='word_1_713' title='bbox 919 4393 1161 4448; x_wconf 89' lang='lat' dir='ltr'><strong>conditio</strong></span> <span class='ocrx_word' id='word_1_714' title='bbox 1196 4396 1334 4450; x_wconf 91' lang='lat' dir='ltr'><strong>nihil</strong></span> <span class='ocrx_word' id='word_1_715' title='bbox 1363 4397 1648 4477; x_wconf 77' lang='lat' dir='ltr'><strong>penditur,</strong></span> <span class='ocrx_word' id='word_1_716' title='bbox 1682 4407 1738 4454; x_wconf 89' lang='lat' dir='ltr'><strong>et</strong></span> <span class='ocrx_word' id='word_1_717' title='bbox 1767 4400 1991 4455; x_wconf 89' lang='lat' dir='ltr'><strong>libertas</strong></span> 
     </span>
    </p>
   </div>
   <div class='ocr_carea' id='block_1_95' title="bbox 2105 4391 3669 4477">
    <p class='ocr_par' dir='ltr' id='par_1_95' title="bbox 2105 4396 3669 4468">
     <span class='ocr_line' id='line_1_95' title="bbox 2105 4396 3669 4468; baseline 0.001 -20"><span class='ocrx_word' id='word_1_718' title='bbox 2105 4398 2276 4466; x_wconf 68' lang='grc' dir='ltr'>νόμος,</span> <span class='ocrx_word' id='word_1_719' title='bbox 2308 4396 2399 4448; x_wconf 81' lang='grc' dir='ltr'>διὰ</span> <span class='ocrx_word' id='word_1_720' title='bbox 2439 4396 2540 4465; x_wconf 85' lang='grc' dir='ltr'>μὲν</span> <span class='ocrx_word' id='word_1_721' title='bbox 2570 4397 2687 4449; x_wconf 78' lang='grc' dir='ltr'>υἱοῦ</span> <span class='ocrx_word' id='word_1_722' title='bbox 2721 4414 2780 4450; x_wconf 89' lang='grc' dir='ltr'><strong>τε</strong></span> <span class='ocrx_word' id='word_1_723' title='bbox 2816 4397 2911 4451; x_wconf 76' lang='grc' dir='ltr'>καὶ</span> <span class='ocrx_word' id='word_1_724' title='bbox 2945 4397 3234 4468; x_wconf 86' lang='grc' dir='ltr'>θύγατρος,</span> <span class='ocrx_word' id='word_1_725' title='bbox 3265 4397 3328 4451; x_wconf 82' lang='grc' dir='ltr'>τὸ</span> <span class='ocrx_word' id='word_1_726' title='bbox 3381 4397 3669 4468; x_wconf 81' lang='grc' dir='ltr'>ἐλεύθερον</span> 
     </span>
    </p>
   </div>
   <div class='ocr_carea' id='block_1_96' title="bbox 411 4481 1989 4552">
    <p class='ocr_par' dir='ltr' id='par_1_96' title="bbox 411 4481 1989 4552">
     <span class='ocr_line' id='line_1_96' title="bbox 411 4481 1989 4552; baseline 0.008 -20"><span class='ocrx_word' id='word_1_727' title='bbox 411 4481 616 4551; x_wconf 85' lang='lat' dir='ltr'><strong>majore</strong></span> <span class='ocrx_word' id='word_1_728' title='bbox 662 4482 835 4551; x_wconf 86' lang='lat' dir='ltr'><strong>gloria</strong></span> <span class='ocrx_word' id='word_1_729' title='bbox 883 4484 1098 4552; x_wconf 89' lang='lat' dir='ltr'><strong>pollet?</strong></span> <span class='ocrx_word' id='word_1_730' title='bbox 1143 4486 1362 4541; x_wconf 86' lang='lat' dir='ltr'><strong>Minime</strong></span> <span class='ocrx_word' id='word_1_731' title='bbox 1409 4503 1580 4542; x_wconf 87' lang='lat' dir='ltr'><strong>vero:</strong></span> <span class='ocrx_word' id='word_1_732' title='bbox 1615 4509 1631 4539; x_wconf 81' lang='grc' dir='ltr'><strong>ι</strong></span> <span class='ocrx_word' id='word_1_733' title='bbox 1672 4490 1732 4543; x_wconf 82' lang='lat' dir='ltr'><strong>In</strong></span> <span class='ocrx_word' id='word_1_734' title='bbox 1770 4489 1989 4545; x_wconf 88' lang='lat' dir='ltr'><strong>Christo</strong></span> 
     </span>
    </p>
   </div>
   <div class='ocr_carea' id='block_1_97' title="bbox 409 4569 1983 4650">
    <p class='ocr_par' dir='ltr' id='par_1_97' title="bbox 409 4569 1983 4650">
     <span class='ocr_line' id='line_1_97' title="bbox 409 4569 1983 4650; baseline 0.008 -29"><span class='ocrx_word' id='word_1_735' title='bbox 409 4569 556 4623; x_wconf 86' lang='lat' dir='ltr'><strong>enim</strong></span> <span class='ocrx_word' id='word_1_736' title='bbox 576 4570 704 4626; x_wconf 83' lang='lat' dir='ltr'><strong>Jesu</strong></span> <span class='ocrx_word' id='word_1_737' title='bbox 735 4586 846 4625; x_wconf 90' lang='lat' dir='ltr'><strong>non</strong></span> <span class='ocrx_word' id='word_1_738' title='bbox 880 4581 964 4627; x_wconf 89' lang='lat' dir='ltr'><strong>est</strong></span> <span class='ocrx_word' id='word_1_739' title='bbox 996 4589 1220 4640; x_wconf 85' lang='lat' dir='ltr'><strong>servus,</strong></span> <span class='ocrx_word' id='word_1_740' title='bbox 1253 4593 1432 4646; x_wconf 89' lang='lat' dir='ltr'><strong>neque</strong></span> <span class='ocrx_word' id='word_1_741' title='bbox 1458 4578 1598 4632; x_wconf 90' lang='lat' dir='ltr'><strong>liber</strong></span> <span class='ocrx_word' id='word_1_742' title='bbox 1625 4581 1692 4633; x_wconf 69' lang='grc'><strong>⁵³.</strong></span> <span class='ocrx_word' id='word_1_743' title='bbox 1733 4599 1750 4629; x_wconf 88' lang='grc'><strong>›</strong></span> <span class='ocrx_word' id='word_1_744' title='bbox 1786 4580 1983 4650; x_wconf 82' lang='lat' dir='ltr'><strong>Igitur,</strong></span> 
     </span>
    </p>
   </div>
   <div class='ocr_carea' id='block_1_98' title="bbox 408 4662 1983 4737">
    <p class='ocr_par' dir='ltr' id='par_1_98' title="bbox 408 4662 1983 4737">
     <span class='ocr_line' id='line_1_98' title="bbox 408 4662 1983 4737; baseline 0.008 -23"><span class='ocrx_word' id='word_1_745' title='bbox 408 4662 538 4730; x_wconf 91' lang='lat' dir='ltr'><strong>quia</strong></span> <span class='ocrx_word' id='word_1_746' title='bbox 573 4663 660 4718; x_wconf 77' lang='lat' dir='ltr'><strong>lex</strong></span> <span class='ocrx_word' id='word_1_747' title='bbox 697 4664 890 4720; x_wconf 88' lang='lat' dir='ltr'><strong>umbra</strong></span> <span class='ocrx_word' id='word_1_748' title='bbox 927 4676 1035 4731; x_wconf 88' lang='lat' dir='ltr'><strong>est,</strong></span> <span class='ocrx_word' id='word_1_749' title='bbox 1073 4683 1172 4737; x_wconf 89' lang='lat' dir='ltr'><strong>per</strong></span> <span class='ocrx_word' id='word_1_750' title='bbox 1214 4667 1389 4724; x_wconf 89' lang='lat' dir='ltr'><strong>ﬁlium</strong></span> <span class='ocrx_word' id='word_1_751' title='bbox 1427 4686 1491 4724; x_wconf 90' lang='lat' dir='ltr'><strong>ac</strong></span> <span class='ocrx_word' id='word_1_752' title='bbox 1535 4670 1702 4725; x_wconf 89' lang='lat' dir='ltr'><strong>ﬁliam</strong></span> <span class='ocrx_word' id='word_1_753' title='bbox 1746 4672 1983 4726; x_wconf 84' lang='lat' dir='ltr'><strong>liberum</strong></span> 
     </span>
    </p>
   </div>
   <div class='ocr_carea' id='block_1_99' title="bbox 405 4755 1982 4831">
    <p class='ocr_par' dir='ltr' id='par_1_99' title="bbox 405 4755 1982 4831">
     <span class='ocr_line' id='line_1_99' title="bbox 405 4755 1982 4831; baseline 0.008 -26"><span class='ocrx_word' id='word_1_754' title='bbox 405 4762 719 4808; x_wconf 86' lang='lat' dir='ltr'><strong>sanctorum</strong></span> <span class='ocrx_word' id='word_1_755' title='bbox 745 4755 1029 4811; x_wconf 90' lang='lat' dir='ltr'><strong>hominum</strong></span> <span class='ocrx_word' id='word_1_756' title='bbox 1051 4773 1223 4828; x_wconf 87' lang='lat' dir='ltr'><strong>genus</strong></span> <span class='ocrx_word' id='word_1_757' title='bbox 1245 4760 1614 4830; x_wconf 81' lang='lat' dir='ltr'><strong>signiﬁcatur;</strong></span> <span class='ocrx_word' id='word_1_758' title='bbox 1643 4777 1742 4831; x_wconf 92' lang='lat' dir='ltr'><strong>per</strong></span> <span class='ocrx_word' id='word_1_759' title='bbox 1763 4779 1982 4817; x_wconf 87' lang='lat' dir='ltr'><strong>servum</strong></span> 
     </span>
    </p>
   </div>
   <div class='ocr_carea' id='block_1_100' title="bbox 405 4847 1983 4922">
    <p class='ocr_par' dir='ltr' id='par_1_100' title="bbox 405 4847 1983 4922">
     <span class='ocr_line' id='line_1_100' title="bbox 405 4847 1983 4922; baseline 0.007 -26"><span class='ocrx_word' id='word_1_760' title='bbox 405 4859 537 4897; x_wconf 84' lang='lat' dir='ltr'><strong>vero</strong></span> <span class='ocrx_word' id='word_1_761' title='bbox 569 4853 624 4899; x_wconf 91' lang='lat' dir='ltr'><strong>et</strong></span> <span class='ocrx_word' id='word_1_762' title='bbox 647 4847 894 4902; x_wconf 91' lang='lat' dir='ltr'><strong>ancillam</strong></span> <span class='ocrx_word' id='word_1_763' title='bbox 934 4849 1067 4904; x_wconf 91' lang='lat' dir='ltr'><strong>illud</strong></span> <span class='ocrx_word' id='word_1_764' title='bbox 1099 4850 1279 4905; x_wconf 89' lang='lat' dir='ltr'><strong>adhuc</strong></span> <span class='ocrx_word' id='word_1_765' title='bbox 1313 4851 1511 4906; x_wconf 87' lang='lat' dir='ltr'><strong>servile</strong></span> <span class='ocrx_word' id='word_1_766' title='bbox 1548 4867 1746 4920; x_wconf 84' lang='lat' dir='ltr'><strong>genus,</strong></span> <span class='ocrx_word' id='word_1_767' title='bbox 1777 4861 1832 4906; x_wconf 90' lang='lat' dir='ltr'><strong>et</strong></span> <span class='ocrx_word' id='word_1_768' title='bbox 1857 4869 1983 4922; x_wconf 88' lang='lat' dir='ltr'><strong>pec-</strong></span> 
     </span>
    </p>
   </div>
   <div class='ocr_carea' id='block_1_101' title="bbox 403 4936 1978 5015">
    <p class='ocr_par' dir='ltr' id='par_1_101' title="bbox 403 4936 1978 5015">
     <span class='ocr_line' id='line_1_101' title="bbox 403 4936 1978 5015; baseline 0.008 -27"><span class='ocrx_word' id='word_1_769' title='bbox 403 4936 511 4989; x_wconf 91' lang='lat' dir='ltr'><strong>cati</strong></span> <span class='ocrx_word' id='word_1_770' title='bbox 538 4937 668 5005; x_wconf 88' lang='lat' dir='ltr'><strong>jugo</strong></span> <span class='ocrx_word' id='word_1_771' title='bbox 707 4940 1032 5009; x_wconf 87' lang='lat' dir='ltr'><strong>subjectum.</strong></span> <span class='ocrx_word' id='word_1_772' title='bbox 1081 4942 1199 4996; x_wconf 86' lang='lat' dir='ltr'><strong>Non</strong></span> <span class='ocrx_word' id='word_1_773' title='bbox 1227 4950 1310 4997; x_wconf 92' lang='lat' dir='ltr'><strong>est</strong></span> <span class='ocrx_word' id='word_1_774' title='bbox 1351 4943 1518 5013; x_wconf 82' lang='lat' dir='ltr'><strong>igitur</strong></span> <span class='ocrx_word' id='word_1_775' title='bbox 1551 4959 1648 5012; x_wconf 87' lang='lat' dir='ltr'><strong>par</strong></span> <span class='ocrx_word' id='word_1_776' title='bbox 1688 4944 1885 5015; x_wconf 87' lang='lat' dir='ltr'><strong>injuria</strong></span> <span class='ocrx_word' id='word_1_777' title='bbox 1923 4946 1978 5000; x_wconf 87' lang='lat' dir='ltr'><strong>in</strong></span> 
     </span>
    </p>
   </div>
   <div class='ocr_carea' id='block_1_102' title="bbox 404 5032 1978 5105">
    <p class='ocr_par' dir='ltr' id='par_1_102' title="bbox 404 5032 1978 5105">
     <span class='ocr_line' id='line_1_102' title="bbox 404 5032 1978 5105; baseline 0.009 -28"><span class='ocrx_word' id='word_1_778' title='bbox 404 5035 619 5081; x_wconf 88' lang='lat' dir='ltr'><strong>sanctos</strong></span> <span class='ocrx_word' id='word_1_779' title='bbox 669 5032 918 5099; x_wconf 87' lang='lat' dir='ltr'><strong>atquein</strong></span> <span class='ocrx_word' id='word_1_780' title='bbox 971 5042 1288 5103; x_wconf 80' lang='lat' dir='ltr'><strong>peccatores</strong></span> <span class='ocrx_word' id='word_1_781' title='bbox 1344 5034 1512 5098; x_wconf 81' lang='lat' dir='ltr'><strong>facta,</strong></span> <span class='ocrx_word' id='word_1_782' title='bbox 1555 5050 1733 5105; x_wconf 89' lang='lat' dir='ltr'><strong>neque</strong></span> <span class='ocrx_word' id='word_1_783' title='bbox 1787 5037 1978 5091; x_wconf 86' lang='lat' dir='ltr'><strong>eadem</strong></span> 
     </span>
    </p>
   </div>
   <div class='ocr_carea' id='block_1_103' title="bbox 405 5119 1976 5194">
    <p class='ocr_par' dir='ltr' id='par_1_103' title="bbox 405 5119 1976 5194">
     <span class='ocr_line' id='line_1_103' title="bbox 405 5119 1976 5194; baseline 0.007 -25"><span class='ocrx_word' id='word_1_784' title='bbox 405 5132 656 5172; x_wconf 85' lang='lat' dir='ltr'><strong>mensura</strong></span> <span class='ocrx_word' id='word_1_785' title='bbox 682 5119 994 5188; x_wconf 89' lang='lat' dir='ltr'><strong>plectuntur</strong></span> <span class='ocrx_word' id='word_1_786' title='bbox 1016 5133 1239 5194; x_wconf 85' lang='lat' dir='ltr'><strong>peccata</strong></span> <span class='ocrx_word' id='word_1_787' title='bbox 1273 5125 1328 5178; x_wconf 88' lang='lat' dir='ltr'><strong>in</strong></span> <span class='ocrx_word' id='word_1_788' title='bbox 1351 5133 1614 5194; x_wconf 86' lang='lat' dir='ltr'><strong>utrosque</strong></span> <span class='ocrx_word' id='word_1_789' title='bbox 1641 5127 1932 5182; x_wconf 83' lang='lat' dir='ltr'><strong>commissa</strong></span> <span class='ocrx_word' id='word_1_790' title='bbox 1964 5146 1976 5180; x_wconf 92' lang='lat'><strong>:</strong></span> 
     </span>
    </p>
   </div>
   <div class='ocr_carea' id='block_1_104' title="bbox 400 5210 1976 5284">
    <p class='ocr_par' dir='ltr' id='par_1_104' title="bbox 400 5210 1976 5284">
     <span class='ocr_line' id='line_1_104' title="bbox 400 5210 1976 5284; baseline 0.009 -26"><span class='ocrx_word' id='word_1_791' title='bbox 400 5221 526 5259; x_wconf 87' lang='lat' dir='ltr'><strong>nam</strong></span> <span class='ocrx_word' id='word_1_792' title='bbox 550 5223 669 5264; x_wconf 82' lang='lat' dir='ltr'><strong>esse</strong></span> <span class='ocrx_word' id='word_1_793' title='bbox 693 5210 915 5280; x_wconf 87' lang='lat' dir='ltr'><strong>quidem</strong></span> <span class='ocrx_word' id='word_1_794' title='bbox 941 5223 1056 5268; x_wconf 91' lang='lat' dir='ltr'><strong>tum</strong></span> <span class='ocrx_word' id='word_1_795' title='bbox 1084 5215 1212 5280; x_wconf 88' lang='lat' dir='ltr'><strong>hos,</strong></span> <span class='ocrx_word' id='word_1_796' title='bbox 1239 5225 1353 5269; x_wconf 93' lang='lat' dir='ltr'><strong>tum</strong></span> <span class='ocrx_word' id='word_1_797' title='bbox 1379 5216 1500 5269; x_wconf 88' lang='lat' dir='ltr'><strong>illos</strong></span> <span class='ocrx_word' id='word_1_798' title='bbox 1521 5224 1716 5272; x_wconf 90' lang='lat' dir='ltr'><strong>natura</strong></span> <span class='ocrx_word' id='word_1_799' title='bbox 1743 5216 1976 5284; x_wconf 83' lang='lat' dir='ltr'><strong>fratres,</strong></span> 
     </span>
    </p>
   </div>
   <div class='ocr_carea' id='block_1_105' title="bbox 398 5299 1980 5372">
    <p class='ocr_par' dir='ltr' id='par_1_105' title="bbox 398 5299 1980 5372">
     <span class='ocr_line' id='line_1_105' title="bbox 398 5299 1980 5372; baseline 0.008 -22"><span class='ocrx_word' id='word_1_800' title='bbox 398 5299 652 5355; x_wconf 89' lang='lat' dir='ltr'><strong>omnibus</strong></span> <span class='ocrx_word' id='word_1_801' title='bbox 679 5301 884 5372; x_wconf 86' lang='lat' dir='ltr'><strong>liquet;</strong></span> <span class='ocrx_word' id='word_1_802' title='bbox 933 5305 1026 5360; x_wconf 88' lang='lat' dir='ltr'><strong>sed</strong></span> <span class='ocrx_word' id='word_1_803' title='bbox 1060 5316 1236 5360; x_wconf 87' lang='lat' dir='ltr'><strong>tamen</strong></span> <span class='ocrx_word' id='word_1_804' title='bbox 1272 5314 1588 5362; x_wconf 89' lang='lat' dir='ltr'><strong>sanctorum</strong></span> <span class='ocrx_word' id='word_1_805' title='bbox 1623 5307 1868 5363; x_wconf 88' lang='lat' dir='ltr'><strong>conditio</strong></span> <span class='ocrx_word' id='word_1_806' title='bbox 1893 5318 1980 5364; x_wconf 88' lang='lat' dir='ltr'><strong>est</strong></span> 
     </span>
    </p>
   </div>
   <div class='ocr_carea' id='block_1_106' title="bbox 399 5387 1972 5468">
    <p class='ocr_par' dir='ltr' id='par_1_106' title="bbox 399 5387 1972 5468">
     <span class='ocr_line' id='line_1_106' title="bbox 399 5387 1972 5468; baseline 0.008 -28"><span class='ocrx_word' id='word_1_807' title='bbox 399 5387 668 5456; x_wconf 75' lang='lat' dir='ltr'><strong>Spirituali</strong></span> <span class='ocrx_word' id='word_1_808' title='bbox 685 5393 1032 5458; x_wconf 77' lang='lat' dir='ltr'><strong>excellentia,</strong></span> <span class='ocrx_word' id='word_1_809' title='bbox 1059 5405 1113 5448; x_wconf 86' lang='lat' dir='ltr'><strong>et</strong></span> <span class='ocrx_word' id='word_1_810' title='bbox 1137 5395 1399 5449; x_wconf 88' lang='lat' dir='ltr'><strong>virtutum</strong></span> <span class='ocrx_word' id='word_1_811' title='bbox 1437 5396 1773 5452; x_wconf 83' lang='lat' dir='ltr'><strong>sublimitate</strong></span> <span class='ocrx_word' id='word_1_812' title='bbox 1801 5412 1972 5468; x_wconf 88' lang='lat' dir='ltr'><strong>supe-</strong></span> 
     </span>
    </p>
   </div>
   <div class='ocr_carea' id='block_1_107' title="bbox 2089 4487 3666 4559">
    <p class='ocr_par' dir='ltr' id='par_1_107' title="bbox 2089 4487 3666 4559">
     <span class='ocr_line' id='line_1_107' title="bbox 2089 4487 3666 4559; baseline 0 -18"><span class='ocrx_word' id='word_1_813' title='bbox 2089 4488 2198 4541; x_wconf 82' lang='grc' dir='ltr'>τῶν</span> <span class='ocrx_word' id='word_1_814' title='bbox 2223 4488 2393 4556; x_wconf 87' lang='grc' dir='ltr'>ἁγίων</span> <span class='ocrx_word' id='word_1_815' title='bbox 2416 4489 2737 4559; x_wconf 85' lang='grc' dir='ltr'>σημαίνεται</span> <span class='ocrx_word' id='word_1_816' title='bbox 2789 4489 2944 4557; x_wconf 87' lang='grc' dir='ltr'>γένος</span> <span class='ocrx_word' id='word_1_817' title='bbox 2970 4505 2984 4520; x_wconf 89' lang='grc'><strong>·</strong></span> <span class='ocrx_word' id='word_1_818' title='bbox 3026 4488 3114 4541; x_wconf 85' lang='grc' dir='ltr'>διὰ</span> <span class='ocrx_word' id='word_1_819' title='bbox 3164 4487 3222 4541; x_wconf 84' lang='grc' dir='ltr'><strong>δέ</strong></span> <span class='ocrx_word' id='word_1_820' title='bbox 3269 4505 3332 4557; x_wconf 89' lang='grc' dir='ltr'><strong>γε</strong></span> <span class='ocrx_word' id='word_1_821' title='bbox 3374 4489 3562 4552; x_wconf 88' lang='grc' dir='ltr'>παιδός</span> <span class='ocrx_word' id='word_1_822' title='bbox 3603 4505 3666 4541; x_wconf 79' lang='grc' dir='ltr'><strong>τε</strong></span> 
     </span>
    </p>
   </div>
   <div class='ocr_carea' id='block_1_108' title="bbox 2091 4578 3664 4652">
    <p class='ocr_par' dir='ltr' id='par_1_108' title="bbox 2091 4578 3664 4652">
     <span class='ocr_line' id='line_1_108' title="bbox 2091 4578 3664 4652; baseline 0.001 -22"><span class='ocrx_word' id='word_1_823' title='bbox 2091 4579 2185 4631; x_wconf 74' lang='grc' dir='ltr'>καὶ</span> <span class='ocrx_word' id='word_1_824' title='bbox 2213 4579 2525 4648; x_wconf 84' lang='grc' dir='ltr'>παιδίσκης,</span> <span class='ocrx_word' id='word_1_825' title='bbox 2557 4579 2620 4632; x_wconf 85' lang='grc' dir='ltr'><strong>τὸ</strong></span> <span class='ocrx_word' id='word_1_826' title='bbox 2657 4578 2838 4633; x_wconf 82' lang='grc' dir='ltr'>δοῦλον</span> <span class='ocrx_word' id='word_1_827' title='bbox 2872 4579 2952 4633; x_wconf 76' lang='grc' dir='ltr'>ἔτι</span> <span class='ocrx_word' id='word_1_828' title='bbox 3001 4580 3097 4633; x_wconf 68' lang='grc' dir='ltr'>καὶ</span> <span class='ocrx_word' id='word_1_829' title='bbox 3136 4579 3242 4633; x_wconf 75' lang='grc' dir='ltr'>ὑπὸ</span> <span class='ocrx_word' id='word_1_830' title='bbox 3275 4579 3438 4648; x_wconf 81' lang='grc' dir='ltr'>ζυγὸν</span> <span class='ocrx_word' id='word_1_831' title='bbox 3480 4580 3664 4652; x_wconf 84' lang='grc' dir='ltr'>ἁμαρ-</span> 
     </span>
    </p>
   </div>
   <div class='ocr_carea' id='block_1_109' title="bbox 2087 4668 3665 4740">
    <p class='ocr_par' dir='ltr' id='par_1_109' title="bbox 2087 4668 3665 4740">
     <span class='ocr_line' id='line_1_109' title="bbox 2087 4668 3665 4740; baseline 0.001 -20"><span class='ocrx_word' id='word_1_832' title='bbox 2087 4668 2226 4731; x_wconf 88' lang='grc' dir='ltr'>τίας.</span> <span class='ocrx_word' id='word_1_833' title='bbox 2273 4670 2429 4721; x_wconf 86' lang='grc' dir='ltr'>Ἔστι</span> <span class='ocrx_word' id='word_1_834' title='bbox 2459 4668 2515 4720; x_wconf 82' lang='grc' dir='ltr'>δὲ</span> <span class='ocrx_word' id='word_1_835' title='bbox 2545 4669 2604 4721; x_wconf 82' lang='grc' dir='ltr'><strong>οὑ</strong></span> <span class='ocrx_word' id='word_1_836' title='bbox 2633 4669 2851 4734; x_wconf 84' lang='grc' dir='ltr'>ταυτὸν,</span> <span class='ocrx_word' id='word_1_837' title='bbox 2881 4670 2940 4722; x_wconf 74' lang='grc' dir='ltr'><strong>τὸ</strong></span> <span class='ocrx_word' id='word_1_838' title='bbox 2974 4670 3316 4740; x_wconf 84' lang='grc' dir='ltr'>πλημμελεῖν</span> <span class='ocrx_word' id='word_1_839' title='bbox 3365 4672 3445 4733; x_wconf 79' lang='grc' dir='ltr'><strong>είς</strong></span> <span class='ocrx_word' id='word_1_840' title='bbox 3476 4670 3665 4737; x_wconf 87' lang='grc' dir='ltr'>ἁγίους</span> 
     </span>
    </p>
   </div>
   <div class='ocr_carea' id='block_1_110' title="bbox 2086 4758 3666 4830">
    <p class='ocr_par' dir='ltr' id='par_1_110' title="bbox 2086 4758 3666 4830">
     <span class='ocr_line' id='line_1_110' title="bbox 2086 4758 3666 4830; baseline 0 -18"><span class='ocrx_word' id='word_1_841' title='bbox 2086 4758 2515 4830; x_wconf 79' lang='grc' dir='ltr'>ἥάμαρτωλούς.</span> <span class='ocrx_word' id='word_1_842' title='bbox 2551 4759 2853 4823; x_wconf 80' lang='grc' dir='ltr'>Κολάζεται</span> <span class='ocrx_word' id='word_1_843' title='bbox 2877 4761 2932 4813; x_wconf 84' lang='grc' dir='ltr'>δὲ</span> <span class='ocrx_word' id='word_1_844' title='bbox 2956 4761 3056 4813; x_wconf 83' lang='grc' dir='ltr'><strong>οὐκ</strong></span> <span class='ocrx_word' id='word_1_845' title='bbox 3105 4762 3160 4814; x_wconf 83' lang='grc' dir='ltr'>ὲν</span> <span class='ocrx_word' id='word_1_846' title='bbox 3221 4760 3320 4829; x_wconf 77' lang='grc' dir='ltr'><strong>ἴσῳ</strong></span> <span class='ocrx_word' id='word_1_847' title='bbox 3371 4759 3554 4830; x_wconf 86' lang='grc' dir='ltr'>μέτρῳ</span> <span class='ocrx_word' id='word_1_848' title='bbox 3591 4759 3666 4812; x_wconf 80' lang='grc' dir='ltr'><strong>τὰ</strong></span> 
     </span>
    </p>
   </div>
   <div class='ocr_carea' id='block_1_111' title="bbox 2087 4835 3659 4922">
    <p class='ocr_par' dir='ltr' id='par_1_111' title="bbox 2087 4835 3659 4922">
     <span class='ocr_line' id='line_1_111' title="bbox 2087 4835 3659 4922; baseline 0.001 -21"><span class='ocrx_word' id='word_1_849' title='bbox 2087 4849 2173 4901; x_wconf 78' lang='grc' dir='ltr'><strong>ἐπ’</strong></span> <span class='ocrx_word' id='word_1_850' title='bbox 2203 4851 2408 4920; x_wconf 86' lang='grc' dir='ltr'>ἀμφοῖν</span> <span class='ocrx_word' id='word_1_851' title='bbox 2435 4867 2449 4881; x_wconf 67' lang='grc'><strong>⁸</strong></span> <span class='ocrx_word' id='word_1_852' title='bbox 2485 4851 2566 4903; x_wconf 85' lang='grc' dir='ltr'><strong>ὅτι</strong></span> <span class='ocrx_word' id='word_1_853' title='bbox 2621 4851 2720 4922; x_wconf 79' lang='grc' dir='ltr'>μὲν</span> <span class='ocrx_word' id='word_1_854' title='bbox 2779 4852 2889 4922; x_wconf 80' lang='grc' dir='ltr'>γὰρ</span> <span class='ocrx_word' id='word_1_855' title='bbox 2941 4851 3159 4920; x_wconf 74' lang='grc' dir='ltr'>ἀδελφοὶ</span> <span class='ocrx_word' id='word_1_856' title='bbox 3191 4852 3292 4921; x_wconf 83' lang='grc' dir='ltr'><strong>τὴν</strong></span> <span class='ocrx_word' id='word_1_857' title='bbox 3328 4851 3510 4920; x_wconf 84' lang='grc' dir='ltr'>φύσιν,</span> <span class='ocrx_word' id='word_1_858' title='bbox 3549 4835 3659 4902; x_wconf 79' lang='grc' dir='ltr'>οἵδε</span> 
     </span>
    </p>
   </div>
   <div class='ocr_carea' id='block_1_112' title="bbox 2086 4941 3655 5013">
    <p class='ocr_par' dir='ltr' id='par_1_112' title="bbox 2086 4941 3655 5013">
     <span class='ocr_line' id='line_1_112' title="bbox 2086 4941 3655 5013; baseline 0.001 -20"><span class='ocrx_word' id='word_1_859' title='bbox 2086 4957 2144 4993; x_wconf 89' lang='grc' dir='ltr'><strong>τε</strong></span> <span class='ocrx_word' id='word_1_860' title='bbox 2177 4941 2441 5004; x_wconf 87' lang='grc' dir='ltr'>κάκεῖνοι,</span> <span class='ocrx_word' id='word_1_861' title='bbox 2470 4942 2632 4995; x_wconf 88' lang='grc' dir='ltr'>παντί</span> <span class='ocrx_word' id='word_1_862' title='bbox 2666 4959 2743 5013; x_wconf 85' lang='grc' dir='ltr'><strong>τῳ</strong></span> <span class='ocrx_word' id='word_1_863' title='bbox 2789 4942 2990 5012; x_wconf 84' lang='grc' dir='ltr'>σαφές·</span> <span class='ocrx_word' id='word_1_864' title='bbox 3024 4942 3136 4995; x_wconf 80' lang='grc' dir='ltr'>ἀλλ’</span> <span class='ocrx_word' id='word_1_865' title='bbox 3187 4941 3304 4994; x_wconf 73' lang='grc' dir='ltr'>ἔστι</span> <span class='ocrx_word' id='word_1_866' title='bbox 3357 4942 3419 4995; x_wconf 85' lang='grc' dir='ltr'>τὸ</span> <span class='ocrx_word' id='word_1_867' title='bbox 3477 4942 3655 5008; x_wconf 81' lang='grc' dir='ltr'>ἀγ-ιον,</span> 
     </span>
    </p>
   </div>
   <div class='ocr_carea' id='block_1_113' title="bbox 2083 5032 3661 5106">
    <p class='ocr_par' dir='ltr' id='par_1_113' title="bbox 2083 5032 3661 5106">
     <span class='ocr_line' id='line_1_113' title="bbox 2083 5032 3661 5106; baseline 0.001 -22"><span class='ocrx_word' id='word_1_868' title='bbox 2083 5032 2143 5085; x_wconf 84' lang='grc' dir='ltr'>ὲν</span> <span class='ocrx_word' id='word_1_869' title='bbox 2171 5033 2409 5105; x_wconf 84' lang='grc' dir='ltr'>ὑπεροχῇ</span> <span class='ocrx_word' id='word_1_870' title='bbox 2439 5037 2503 5104; x_wconf 81' lang='grc' dir='ltr'>τῇ</span> <span class='ocrx_word' id='word_1_871' title='bbox 2533 5037 2895 5106; x_wconf 83' lang='grc' dir='ltr'>πνευματικῇ,</span> <span class='ocrx_word' id='word_1_872' title='bbox 2928 5037 3018 5089; x_wconf 75' lang='grc' dir='ltr'><strong>καὶ</strong></span> <span class='ocrx_word' id='word_1_873' title='bbox 3061 5038 3116 5088; x_wconf 86' lang='lat' dir='ltr'><strong>tv</strong></span> <span class='ocrx_word' id='word_1_874' title='bbox 3148 5038 3260 5098; x_wconf 90' lang='grc' dir='ltr'>τοῖς</span> <span class='ocrx_word' id='word_1_875' title='bbox 3307 5037 3406 5104; x_wconf 81' lang='grc' dir='ltr'>τῆς</span> <span class='ocrx_word' id='word_1_876' title='bbox 3455 5033 3661 5104; x_wconf 76' lang='grc' dir='ltr'>ἀρετῆς</span> 
     </span>
    </p>
   </div>
   <div class='ocr_carea' id='block_1_114' title="bbox 2084 5123 3657 5199">
    <p class='ocr_par' dir='ltr' id='par_1_114' title="bbox 2084 5123 3657 5199">
     <span class='ocr_line' id='line_1_114' title="bbox 2084 5123 3657 5199; baseline 0 -23"><span class='ocrx_word' id='word_1_877' title='bbox 2084 5123 2340 5196; x_wconf 78' lang='grc' dir='ltr'>ὑψώμασι</span> <span class='ocrx_word' id='word_1_878' title='bbox 2368 5142 2380 5155; x_wconf 92' lang='grc'><strong>·</strong></span> <span class='ocrx_word' id='word_1_879' title='bbox 2416 5128 2508 5180; x_wconf 79' lang='grc' dir='ltr'><strong>καὶ</strong></span> <span class='ocrx_word' id='word_1_880' title='bbox 2537 5126 2689 5198; x_wconf 77' lang='grc' dir='ltr'>παρὰ</span> <span class='ocrx_word' id='word_1_881' title='bbox 2719 5127 2796 5199; x_wconf 85' lang='grc' dir='ltr'>τῷ</span> <span class='ocrx_word' id='word_1_882' title='bbox 2825 5127 2944 5198; x_wconf 78' lang='grc' dir='ltr'>θεῷ</span> <span class='ocrx_word' id='word_1_883' title='bbox 2982 5127 3183 5198; x_wconf 86' lang='grc' dir='ltr'>τίμιον,</span> <span class='ocrx_word' id='word_1_884' title='bbox 3209 5128 3285 5190; x_wconf 85' lang='grc' dir='ltr'>ὡς</span> <span class='ocrx_word' id='word_1_885' title='bbox 3311 5127 3404 5181; x_wconf 77' lang='grc' dir='ltr'>καὶ</span> <span class='ocrx_word' id='word_1_886' title='bbox 3429 5128 3486 5178; x_wconf 84' lang='grc' dir='ltr'>ὲν</span> <span class='ocrx_word' id='word_1_887' title='bbox 3534 5125 3657 5177; x_wconf 84' lang='grc' dir='ltr'>υἱοῦ</span> 
     </span>
    </p>
   </div>
   <div class='ocr_carea' id='block_1_115' title="bbox 2081 5217 3655 5292">
    <p class='ocr_par' dir='ltr' id='par_1_115' title="bbox 2081 5217 3655 5292">
     <span class='ocr_line' id='line_1_115' title="bbox 2081 5217 3655 5292; baseline -0.001 -23"><span class='ocrx_word' id='word_1_888' title='bbox 2081 5217 2233 5284; x_wconf 77' lang='grc' dir='ltr'>τάξει</span> <span class='ocrx_word' id='word_1_889' title='bbox 2259 5218 2513 5286; x_wconf 87' lang='grc' dir='ltr'>γενέσθαι</span> <span class='ocrx_word' id='word_1_890' title='bbox 2541 5222 2634 5272; x_wconf 73' lang='grc' dir='ltr'>καὶ</span> <span class='ocrx_word' id='word_1_891' title='bbox 2669 5219 2960 5292; x_wconf 72' lang='grc' dir='ltr'>θύγατρας,</span> <span class='ocrx_word' id='word_1_892' title='bbox 2991 5219 3084 5273; x_wconf 76' lang='grc' dir='ltr'><strong>καὶ</strong></span> <span class='ocrx_word' id='word_1_893' title='bbox 3115 5220 3176 5272; x_wconf 81' lang='grc' dir='ltr'>τὸ</span> <span class='ocrx_word' id='word_1_894' title='bbox 3227 5217 3566 5288; x_wconf 85' lang='grc' dir='ltr'>ἀνθρώπινόν</span> <span class='ocrx_word' id='word_1_895' title='bbox 3595 5233 3655 5268; x_wconf 86' lang='grc' dir='ltr'><strong>τε</strong></span> 
     </span>
    </p>
   </div>
   <div class='ocr_carea' id='block_1_116' title="bbox 2081 5309 3656 5383">
    <p class='ocr_par' dir='ltr' id='par_1_116' title="bbox 2081 5309 3656 5383">
     <span class='ocr_line' id='line_1_116' title="bbox 2081 5309 3656 5383; baseline 0 -23"><span class='ocrx_word' id='word_1_896' title='bbox 2081 5309 2178 5362; x_wconf 76' lang='grc' dir='ltr'>καὶ</span> <span class='ocrx_word' id='word_1_897' title='bbox 2209 5309 2575 5382; x_wconf 81' lang='grc' dir='ltr'>δουλοπρεπὲς</span> <span class='ocrx_word' id='word_1_898' title='bbox 2594 5312 2999 5383; x_wconf 82' lang='grc' dir='ltr'>ὑπερφέρεσθαι</span> <span class='ocrx_word' id='word_1_899' title='bbox 3044 5311 3265 5382; x_wconf 88' lang='grc' dir='ltr'>μέτρον.</span> <span class='ocrx_word' id='word_1_900' title='bbox 3319 5311 3656 5379; x_wconf 82' lang='grc' dir='ltr'>Ὀσιουργεῖν</span> 
     </span>
    </p>
   </div>
   <div class='ocr_carea' id='block_1_117' title="bbox 2081 5401 3652 5475">
    <p class='ocr_par' dir='ltr' id='par_1_117' title="bbox 2081 5401 3652 5475">
     <span class='ocr_line' id='line_1_117' title="bbox 2081 5401 3652 5475; baseline 0 -23"><span class='ocrx_word' id='word_1_901' title='bbox 2081 5401 2136 5453; x_wconf 81' lang='grc' dir='ltr'>δὲ</span> <span class='ocrx_word' id='word_1_902' title='bbox 2163 5401 2378 5471; x_wconf 82' lang='grc' dir='ltr'>ὁνόμος</span> <span class='ocrx_word' id='word_1_903' title='bbox 2418 5403 2511 5456; x_wconf 73' lang='grc' dir='ltr'><strong>καὶ</strong></span> <span class='ocrx_word' id='word_1_904' title='bbox 2555 5403 2776 5475; x_wconf 81' lang='grc' dir='ltr'>ἀγάπης</span> <span class='ocrx_word' id='word_1_905' title='bbox 2822 5403 3041 5473; x_wconf 77' lang='grc' dir='ltr'>ἔχεσθαι</span> <span class='ocrx_word' id='word_1_906' title='bbox 3097 5403 3194 5473; x_wconf 82' lang='grc' dir='ltr'>τῆς</span> <span class='ocrx_word' id='word_1_907' title='bbox 3243 5405 3321 5467; x_wconf 88' lang='grc' dir='ltr'><strong>είς</strong></span> <span class='ocrx_word' id='word_1_908' title='bbox 3366 5401 3652 5468; x_wconf 78' lang='grc' dir='ltr'>ἀδελφοὺς,</span> 
     </span>
    </p>
   </div>
   <div class='ocr_carea' id='block_1_118' title="bbox 440 5565 1999 5642">
    <p class='ocr_par' dir='ltr' id='par_1_118' title="bbox 440 5565 1960 5642">
     <span class='ocr_line' id='line_1_118' title="bbox 440 5565 1960 5642; baseline 0.003 -20"><span class='ocrx_word' id='word_1_909' title='bbox 440 5565 483 5599; x_wconf 81' lang='grc'><strong>⁵⁸</strong></span> <span class='ocrx_word' id='word_1_910' title='bbox 511 5566 696 5622; x_wconf 82' lang='lat' dir='ltr'><strong>i&#39;Tim.</strong></span> <span class='ocrx_word' id='word_1_911' title='bbox 728 5585 777 5637; x_wconf 79' lang='grc' dir='ltr'>γ,</span> <span class='ocrx_word' id='word_1_912' title='bbox 809 5569 896 5626; x_wconf 70' lang='grc' dir='ltr'>εει.</span> <span class='ocrx_word' id='word_1_913' title='bbox 961 5571 1004 5602; x_wconf 80' lang='grc'>⁵⁷</span> <span class='ocrx_word' id='word_1_914' title='bbox 1036 5570 1220 5626; x_wconf 86' lang='lat' dir='ltr'><strong>Jacob.</strong></span> <span class='ocrx_word' id='word_1_915' title='bbox 1246 5589 1304 5637; x_wconf 90' lang='grc' dir='ltr'><strong>ιι,</strong></span> <span class='ocrx_word' id='word_1_916' title='bbox 1331 5574 1382 5625; x_wconf 76' lang='lat'><strong>3.</strong></span> <span class='ocrx_word' id='word_1_917' title='bbox 1445 5573 1490 5608; x_wconf 80' lang='grc'>⁸⁸</span> <span class='ocrx_word' id='word_1_918' title='bbox 1520 5574 1745 5630; x_wconf 82' lang='lat' dir='ltr'><strong>Malaeh.</strong></span> <span class='ocrx_word' id='word_1_919' title='bbox 1785 5590 1843 5642; x_wconf 89' lang='grc' dir='ltr'><strong>ιι,</strong></span> <span class='ocrx_word' id='word_1_920' title='bbox 1876 5573 1960 5627; x_wconf 76' lang='grc'><strong>10.</strong></span> 
     </span>
    </p>
   </div>
   <div class='ocr_carea' id='block_1_119' title="bbox 2105 5565 2501 5642">
    <p class='ocr_par' dir='ltr' id='par_1_119' title="bbox 2105 5572 2501 5641">
     <span class='ocr_line' id='line_1_119' title="bbox 2105 5572 2501 5641; baseline 0.003 -11"><span class='ocrx_word' id='word_1_921' title='bbox 2105 5572 2267 5630; x_wconf 75' lang='lat' dir='ltr'><strong>Galat.</strong></span> <span class='ocrx_word' id='word_1_922' title='bbox 2293 5590 2372 5641; x_wconf 86' lang='grc' dir='ltr'>ιιι,</span> <span class='ocrx_word' id='word_1_923' title='bbox 2409 5575 2501 5631; x_wconf 70' lang='lat'><strong>28.</strong></span> 
     </span>
    </p>
   </div>
  </div>
