3966 6298
282 256 380 316 529

965 259 1051 316 DE
1089 258 1530 318 ADORATIONE
1564 261 1632 317 IN
1673 261 1939 319 SPlRlTU
1979 261 2069 319 ET
2108 259 2475 319 VERITATE.
2516 257 2643 312 LIB.
2686 257 2795 312 \‘ll.

3439 250 3547 310 [$30

283 379 375 432 καὶ
404 374 529 431 καθ’
563 350 789 449 ἐτέρους
834 376 967 448 ἡμῖν
1022 377 1322 450 εἰσηγεῖται
1350 377 1604 449 τρόπους,
1632 376 1727 442 οὒς
1772 377 1853 432 καλ

1970 378 2113 445 rior,
2138 386 2195 434 et
2224 377 2337 433 Deo
2369 374 2507 432 adeo
2535 370 2686 427 chari
2712 378 2869 435 sunt,
2905 377 2967 424 ut
2994 370 3048 423 in
3074 368 3174 424 ﬁlii
3196 375 3254 424 et
3284 365 3546 425 ﬁlieloco

286 468 624 540 παραθέντες
676 469 898 541 ἑφεξῆς,
936 468 999 523 τὸ
1032 471 1112 534 είς
1145 468 1272 524 νοῦν
1323 465 1460 542 ἧκον
1510 471 1597 541 ἐφ’
1649 469 1865 542 ἑκάστῳ

288 558 534 632 ἐροῦμεν.
573 560 723 632 Ἔφη
775 561 884 633 γάρ
922 559 1086 615 πάλιν
1116 577 1129 591 ·
1191 580 1210 614 ι
1259 561 1387 616 Ἐἀν
1429 561 1486 615 δέ
1537 579 1621 625 τις
1679 563 1863 635 ἀνοίξῃ

286 649 506 715 λάκκον,
537 650 572 721 ἢ
606 650 892 722 λατομήσῃ
912 650 1142 715 λάκκον,
1188 653 1282 706 καὶ
1310 651 1384 723 μὴ
1421 650 1636 724 καλύψῃ
1678 651 1861 716 αὑτὸν,

287 742 379 795 καὶ
401 741 622 813 ἐμπέσῃ
663 743 784 795 ἐκεῖ
814 743 1032 813 μόσχος,
1063 742 1097 813 ἢ
1126 741 1267 805 δνος,
1299 742 1328 794 6
1369 740 1558 814 κύριος
1586 741 1682 795 τοῦ
1728 741 1858 796 λάκ-

287 850 381 887 κου
413 831 685 898 ἀποτίσει,
727 832 1176 905 ἀργύριονθδὼσει
1213 833 1293 905 τῷ
1345 834 1519 906 κυρίῳ
1548 833 1747 898 αὐτῶν,
1802 833 1864 887 τὺ

283 924 338 977 δὲ
362 924 763 996 τετελευτηκὸς
810 923 960 993 αὐτῷ
993 924 1169 980 ἔσται.
1209 943 1229 977 ι
1263 924 1434 978 Τοῦτο
1458 923 1515 977 δέ
1546 927 1693 978 ἔστιν
1719 926 1861 978 αίνι-

284 1014 609 1084 γματωδῶς,
660 1015 723 1070 τὸ
773 1015 847 1087 μὴ
901 1014 1108 1069 τιθέναι
1160 1015 1492 1087 πρόσκομμα
1533 1015 1611 1087 τῷ
1649 1015 1862 1087 ἀδελφῷ

284 1106 316 1179 ἤ
355 1106 678 1171 σκάνδαλον,
705 1107 803 1161 καὶ
825 1107 886 1160 τὸ
924 1106 1156 1176 ὠφελεῖν
1181 1108 1425 1176 πεφυκὸς
1452 1109 1551 1161 οὐκ
1574 1109 1669 1180 ὲᾷν
1690 1109 1861 1181 ἀχρη-

285 1213 408 1250 στον
429 1197 686 1265 γενέσθαι
709 1199 873 1261 τισὶν,
900 1196 1022 1251 οὔτε
1056 1198 1164 1268 μὴν
1187 1196 1305 1250 ὀδδν
1328 1195 1556 1268 ὁρᾶσθαι
1591 1198 1728 1268 πρὸς
1767 1197 1861 1251 θά-

283 1304 463 1353 νατον,
506 1288 578 1343 τά
605 1291 738 1360 ἡμῖν
770 1304 832 1342 τε
860 1289 955 1341 καὶ
981 1288 1188 1359 ἑτέροις
1210 1290 1484 1358 ἀναγκαῖα
1514 1289 1661 1361 πρὸς
1682 1290 1850 1362 ζωήν.

284 1380 489 1451 Ἤγάρ
546 1381 668 1451 οὐχὶ
709 1379 909 1434 λάκκον
946 1394 1031 1443 τις
1059 1380 1309 1449 ἀνοίγων,
1340 1380 1376 1452 ἢ
1423 1380 1694 1452 λατομῶν,
1734 1383 1862 1434 εαυ-

281 1469 360 1539 τῷ
396 1487 447 1524 τι
491 1471 589 1525 καὶ
635 1472 845 1543 ἑτέροις
885 1472 1157 1545 χρήσιμόν
1178 1488 1237 1525 τε
1271 1472 1364 1526 καὶ
1404 1474 1702 1543 ἀναγκαῖον
1728 1476 1862 1528 ἀπο-

284 1561 454 1627 τελεῑ;
497 1560 659 1617 Ἀλλά
688 1563 763 1634 μὴ
796 1560 953 1630 ἔστω,
989 1565 1143 1636 φησι,
1171 1564 1418 1619 κινδύνου
1438 1566 1709 1636 πρόφασις
1737 1567 1857 1619 ἐτέ-

286 1669 362 1723 ρῳ
397 1651 468 1706 τὰ
501 1653 589 1707 σά.
613 1675 632 1706 ι
653 1655 717 1708 Ἦ
745 1657 852 1727 γὰρ
881 1657 1089 1728 ἀγάπη,
1117 1675 1135 1707 ι
1166 1656 1311 1710 καθά
1334 1674 1497 1727 φησιν
1519 1658 1547 1710 6
1566 1658 1855 1723 θεσπέσιος

1966 470 2305 533 habeantur,
2361 476 2417 523 et
2459 466 2753 521 humanam
2813 462 3175 531 servilemque
3227 474 3543 517 mensuram

1968 561 2294 617 transiliant.
2323 558 2589 614 Pietatem
2615 569 2785 626 porro
2816 553 3019 617 colere,
3057 560 3114 605 et
3134 551 3455 606 cbaritatem
3487 551 3545 606 in

1964 652 2163 708 fratres
2203 650 2479 713 retinere,
2532 648 2620 702 lex
2649 646 2776 700 aliis
2820 657 3040 714 quoque
3085 642 3263 697 modis
3304 642 3541 706 suadet,

1965 759 2104 815 quos
2132 743 2317 808 etiam,
2351 741 2444 795 ubi
2476 739 2737 809 deinceps
2762 734 3230 807 proposuerimus,
3262 734 3330 789 de
3360 735 3547 804 singu-

1963 834 2051 900 lis,
2069 833 2289 906 quodin
2315 839 2552 888 mentem
2581 830 2816 894 venerit,
2841 827 3109 884 dicemus.
3137 826 3226 880 Ait
3248 826 3393 881 enim
3425 840 3549 879 rur-

1963 941 2094 981 sus:
2129 944 2147 978 ι
2179 924 2333 992 Quod
2355 925 2398 980 si
2427 924 2552 995 quis
2588 921 2871 993 aperuerit
2911 921 3111 985 lacum,
3138 926 3236 974 aut
3276 917 3546 973 exciderit

1961 1018 2163 1083 lacum,
2189 1034 2369 1088 neque
2392 1032 2518 1072 eum
2540 1014 2843 1087 operuerit,
2870 1020 2927 1069 et
2955 1011 3221 1068 ceciderit
3243 1010 3374 1066 illuc
3397 1009 3544 1064 vitu-

1961 1111 2049 1165 lus
2081 1119 2176 1165 aut
2200 1110 2408 1172 asinus,
2442 1108 2703 1163 dominus
2733 1106 2839 1163 laci
2877 1105 3102 1169 reddet,
3130 1109 3419 1173 argentum
3446 1100 3546 1155 da-

1961 1202 2041 1257 bit
2060 1200 2284 1255 domino
2301 1198 2464 1271 249
2485 1198 2724 1263 illorum,
2742 1206 2798 1253 et
2812 1202 3090 1251 mortuum
3106 1192 3212 1249 erit
3228 1191 3401 1262 ipsius
3413 1192 3505 1245 "'.
3519 1211 3538 1242 ι

1960 1290 2076 1345 l-loc
2097 1304 2230 1344 vero
2259 1288 2487 1359 ﬁgurate
2509 1285 2642 1342 illud
2671 1295 2756 1342 est
2777 1327 2791 1352 ,
2820 1300 2931 1341 non
2949 1299 3156 1355 ponere
3179 1282 3543 1337 offensionem

1959 1382 2113 1438 fratri
2146 1386 2242 1436 aut
2282 1380 2598 1435 scandalum
2626 1420 2640 1443 ,
2671 1393 2852 1448 neque
2875 1377 3022 1448 pati,
3059 1383 3120 1430 ut
3157 1374 3306 1445 quod
3348 1381 3544 1444 suapte

1957 1480 2154 1528 natura
2184 1471 2315 1526 utile
2336 1479 2441 1534 est,
2482 1470 2761 1540 aliquibus
2783 1470 2979 1524 inutile
3008 1467 3133 1534 fiat;
3171 1482 3352 1537 neque
3388 1481 3543 1522 com-

1958 1564 2179 1618 mittere
2214 1569 2309 1627 ιιι,
2347 1577 2471 1630 quae
2500 1561 2659 1615 nobis
2683 1560 2914 1631 aliisque
2941 1557 3252 1614 necessaria
3296 1565 3427 1610 sunt
3472 1555 3543 1610 ad

1958 1656 2147 1721 vitam,
2172 1671 2238 1711 ea
2270 1654 2414 1709 viam
2438 1653 2505 1707 ad
2532 1663 2764 1708 mortem
2796 1652 3009 1723 aperire
3046 1651 3339 1706 videantur
3365 1665 3378 1700 :
3402 1663 3544 1702 nun-

282 1743 492 1809 Παῦλος
521 1785 537 1810 ,
578 1762 598 1797 ι
636 1747 699 1799 ού
737 1747 894 1819 ζητεῖ
923 1749 989 1802 τὰ
1012 1748 1229 1819 ἑαυτῆς,
1262 1767 1281 1801 ι
1323 1747 1597 1818 λογίζεται
1630 1749 1687 1803 δὲ
1712 1751 1853 1822 μᾶλ-

1959 1747 2092 1820 quid
2115 1748 2262 1803 enim
2282 1787 2296 1812 ,
2324 1746 2419 1817 qui
2442 1748 2624 1801 lacum
2650 1746 2829 1829 aperit
2875 1753 2969 1800 aut
2990 1743 3128 1799 fodit
3150 1783 3164 1808 ,
3191 1756 3301 1796 non
3340 1740 3446 1795 sibi
3477 1754 3543 1795 ac

282 1836 371 1889 λον
408 1837 506 1891 καὶ
526 1838 595 1891 τά
624 1840 849 1911 ἐτέρων.

1960 1839 2174 1896 αξιοι-ῖς
2216 1839 2352 1893 utile
2396 1835 2678 1907 quidpiam
2720 1851 2784 1891 ac
2822 1835 3195 1890 necessarium
3218 1831 3420 1888 efﬁcit?
3462 1830 3542 1886 Ne

279 1930 623 1996 committas,
663 1932 873 2002 inquit,
911 1939 971 2013 ut
997 1948 1084 1988 res
1124 1940 1231 1988 tuae
1268 1933 1425 1990 alteri
1447 1935 1792 1991 occasionem
1828 1933 2058 2007 periculi
2099 1933 2360 1988 afferant:
2396 1949 2413 1982 ι
2445 1928 2700 1984 Charitas
2722 1930 2871 1985 enim
2895 1969 2909 1995 ,
2944 1947 2962 1979 ι
2995 1934 3057 1981 ιιι
3080 1929 3157 1982 ait
3180 1927 3377 1982 beatus
3396 1926 3543 1979 Pau—

280 2027 395 2085 lus,
429 2042 447 2072 ι
479 2038 589 2077 non
616 2033 811 2094 quaerit
833 2040 953 2095 qua:
995 2040 1093 2079 sua
1122 2034 1251 2079 sunt
1272 2026 1377 2092 "';
1418 2045 1436 2077 ι
1469 2026 1675 2097 cogitat
1716 2035 1901 2081 autem
1938 2025 2125 2097 potius
2147 2024 2314 2079 etiam
2335 2035 2457 2092 qua:
2486 2027 2615 2075 sunt
2639 2020 2895 2074 aliorum.

346 2117 556 2171 ΠΑΔΛ.
590 2118 700 2172 Καὶ
734 2118 817 2182 τίς
846 2119 875 2169 6
898 2119 1103 2173 λάκκον
1148 2120 1381 2189 ἀνοίγων
1413 2120 1447 2192 ἢ
1480 2120 1854 2194 λατομῶν,.τίς

282 2208 337 2261 δῑ
366 2209 394 2261 6
432 2208 655 2274 λάκκος,
681 2208 915 2281 ἐθέλοιμ’
936 2210 1002 2265 ἂν
1030 2212 1229 2264 ειδέναι
1258 2210 1460 2280 σαφῶς.

347 2379 512 2435 ΚΥΡ.
546 2380 621 2434 T6
656 2381 754 2451 μὲν
782 2376 876 2435 οὖν
903 2382 967 2435 ὲκ
996 2381 1092 2451 τῆς
1122 2382 1369 2453 ἱστορίας
1398 2366 1855 2454 ὑποδηλούμενον,

277 2470 372 2523 οὐκ
408 2472 731 2542 ἀσυμφανὲς
752 2489 766 2505 θ
796 2474 990 2544 χρῆναι
1025 2473 1136 2546 γάρ
1180 2491 1313 2544 φησι
1340 2473 1853 2528 κατακαλύπτεσθαι

276 2561 496 2628 λάκκον,
529 2562 617 2617 ἵνα
659 2564 818 2636 μήτι
875 2564 1070 2636 βλάϐος
1122 2566 1396 2639 συμϐαίνῃ
1452 2566 1614 2621 τισίν.
1650 2566 1856 2636 Ἤγουν

278 2653 427 2715 ἴστω,
484 2653 674 2723 φησιν,
706 2656 737 2709 6
776 2656 850 2728 μὴ
892 2656 1050 2711 τοῦτο
1096 2657 1420 2728 πεπραχὼς,
1471 2657 1548 2721 ὡς
1599 2657 1758 2729 εῐπερ
1804 2675 1856 2712 τι

278 2745 738 2815 κατολισθήσειεν,
756 2748 1022 2819 ἀργύριον
1044 2748 1314 2803 ἀποδώσει
1342 2748 1419 2819 τῷ
1463 2749 1636 2820 κυρίῳ
1666 2749 1855 2812 αὐτοῦ,

276 2836 336 2889 τὸ
364 2837 423 2891 δὲ
469 2837 732 2910 τεθνηκὸς
781 2838 931 2895 ἔσται
981 2842 1150 2913 αὐτῷ.
1197 2840 1667 2911 Ἀναθρώσκοντες
1703 2841 1760 2894 δὲ
1796 2841 1859 2894 τὸ

2021 2118 2218 2175 PALL.
2250 2116 2384 2183 Quis
2427 2124 2560 2169 Vero
2585 2113 2677 2169 ille
2719 2121 2823 2177 est,
2861 2111 2955 2182 qui
2995 2111 3176 2165 lacum
3215 2109 3411 2179 aperit,
3448 2116 3545 2162 aut

1952 2211 2164 2277 effodit,
2190 2210 2314 2282 quis
2337 2207 2502 2264 etiam
2532 2206 2704 2273 lacus,
2750 2205 2912 2261 velim
2948 2202 3207 2275 equidem
3249 2200 3544 2271 perspicue

1953 2318 2116 2359 110558
2125 2346 2137 2358 .

2025 2394 2183 2452 ΟΥΕ.
2210 2394 2329 2449 Non
2354 2396 2655 2451 obscurum
2674 2400 2759 2446 est
2796 2387 2929 2459 quid
2961 2384 3195 2441 historia
3232 2380 3544 2454 signiticet,

1955 2486 2316 2557 operiendam
2339 2487 2541 2556 quippe
2577 2484 2756 2538 laeum
2785 2494 2906 2535 esse
2928 2477 3127 2547 inquit,
3147 2490 3217 2531 ne
3240 2473 3389 2544 quod
3415 2471 3544 2527 inde

1955 2574 2216 2630 damnum
2252 2575 2529 2645 aliquibus
2555 2573 2870 2642 contingat:
2920 2576 3017 2623 aut
3057 2566 3215 2631 sciat,
3262 2564 3462 2633 inquit,
3495 2561 3543 2616 is

1957 2667 2052 2737 qui
2074 2668 2179 2723 hoc
2198 2666 2381 2721 facere
2402 2663 2726 2735 neglexerit,
2753 2661 2799 2716 si
2824 2659 2959 2729 quid
2985 2658 3239 2726 illapsum
3272 2653 3460 2718 fuerit,
3482 2666 3544 2708 se

1956 2759 2079 2829 ejus
2113 2758 2196 2812 rei
2225 2756 2450 2811 domino
2486 2762 2773 2824 argentum
2795 2750 3238 2822 persoluturum;
3263 2753 3545 2800 mortuum

1955 2864 2088 2905 vero
2102 2849 2338 2905 cadaver
2353 2848 2526 2916 ipsius
2546 2845 2814 2900 futurum.
2832 2842 2921 2908 At,
2948 2841 2993 2896 si
3011 2855 3077 2896 ea
3091 2853 3214 2910 qua
3236 2838 3293 2892 in
3314 2836 3543 2892 historia

276 2928 373 2997 τῆς
413 2929 657 3002 ἱστορίας
695 2932 958 3001 ἐμφανὲς,
990 2934 1084 2988 καὶ
1115 2935 1194 2996 είς
1231 2932 1462 3002 θεωρίαν
1495 2932 1853 3001 ἀναγαγόντες

1965 2951 2151 3013 aperta
2174 2949 2302 2996 sunt
2329 2939 2733 3008 reliquerimus,
2763 2935 2930 3004 idque
2951 2932 3157 2987 factum
3189 2928 3542 2986 transtuleri-

275 3021 335 3074 τὸ
386 3021 577 3092 χρῆμα
641 3023 1038 3095 πνευματικὴν,
1101 3026 1278 3078 ἐκεῖνο
1330 3024 1603 3097 ἐροῦμενο
1640 3023 1858 3079 Λάκκον

276 3113 450 3168 ἔοικεν
479 3114 769 3186 ὀνομάζειν
790 3117 932 3187 ⁶ἡμῖν
968 3117 1025 3170 ὲν
1047 3116 1258 3181 τούτοις
1290 3118 1318 3170 6
1351 3118 1537 3188 νόμος,
1590 3117 1691 3187 τῆς
1744 3117 1863 3171 θεο-

276 3205 542 3260 πνεύστου
569 3205 795 3278 Γραφῆς
811 3207 910 3275 τὴν
933 3208 1133 3276 γνῶσιν
1153 3249 1168 3274 ,
1197 3208 1398 3262 καὶτὸν
1422 3226 1488 3261 πε
1495 3209 1550 3280 ρ).
1572 3209 1670 3279 τῆς
1701 3210 1861 3285 ἁγίας

279 3299 377 3350 καὶ
421 3299 698 3367 ὀμοουσίου
740 3299 967 3370 Τριάδος
1008 3300 1184 3369 λόγον,
1213 3301 1302 3354 καὶ
1328 3299 1424 3353 τοῦ
1456 3301 1597 3354 κατά
1626 3301 1859 3371 Χριστὸν

281 3391 578 3461 μυστηρίου
608 3392 707 3463 τὴν
752 3390 958 3462 εἴδησιν
980 3408 994 3421 ·
1048 3395 1222 3445 κεῖται
1264 3392 1369 3465 γάρ
1404 3391 1592 3464 ὥσπερ
1620 3394 1677 3447 ὲν
1705 3393 1856 3464 βάθει

276 3481 449 3544 ταυτὶ,
475 3482 569 3534 καὶ
601 3481 863 3546 ζωοποιὸν
895 3481 1005 3552 ἔχει
1035 3484 1133 3552 τὴν
1165 3476 1416 3553 δύναμιν·
1451 3484 1547 3537 καὶ
1571 3486 1855 3557 μαρτυρή-

279 3584 358 3623 σει
380 3570 558 3639 λέγων
584 3572 746 3636 αὐτὸς
777 3574 806 3625 6
834 3573 1025 3646 Σωτήρ
1059 3590 1072 3603 ·
1129 3594 1153 3628 ι
1179 3574 1328 3647 Αὕτη
1362 3576 1419 3630 δέ
1461 3577 1608 3630 ἔστιν
1650 3579 1685 3649 ἡ
1722 3578 1855 3633 αίώο

278 3678 385 3724 νιος
413 3661 552 3732 ζωὴ,
588 3662 677 3716 ἵνα
699 3663 1009 3732 γινώσκωσί
1033 3681 1091 3718 σε
1120 3665 1210 3718 τὸν
1231 3666 1389 3736 μόνον
1416 3665 1670 3737 ἀληθινὸν
1693 3662 1850 3734 Θεὸν,

277 3751 367 3804 καὶ
392 3751 453 3804 δν
480 3752 809 3817 ἀπέστειλας
847 3753 1054 3823 Ἰησοῦν
1081 3755 1335 3826 Χριστόν.
1366 3774 1387 3807 ι
1422 3755 1631 3810 Οὐκοῦν
1656 3759 1686 3811 6
1720 3773 1853 3827 συγ⁴

276 3844 564 3915 γράμμασι
601 3844 699 3914 μὲν
735 3847 848 3908 τοῖς
881 3844 1256 3916 ἀρχαιοτέροις
1305 3845 1541 3917 ἐντυχὼν
1564 3887 1577 3912 ,
1617 3848 1711 3900 καὶ
1757 3847 1859 3902 σὺν

275 3937 425 4006 πόνῳ
455 3935 934 4007 πολυπραγμονῶν
963 3939 1063 4008 τῆς
1085 3935 1447 3990 θεοπνεύστου
1474 3937 1698 4009 Γραφῆς
1724 3939 1852 4002 τοὺς

272 4026 485 4096 λόγους,
515 4028 610 4081 καὶ
637 4027 735 4099 τὴν
754 4026 955 4100 ἀκριϐῆ
981 4028 1148 4082 τεκαὶ
1174 4027 1469 4099 ἀκίϐδηλον
1490 4028 1692 4097 γνῶσιν
1718 4030 1851 4083 ἀνα·

273 4118 471 4190 ζητῶν,
496 4114 697 4190 πολλὴν
727 4118 792 4173 ἂν
832 4118 944 4190 ἔχοι
982 4120 1082 4191 τὴν
1127 4120 1424 4190 ἑμφέρειαν
1464 4118 1603 4190 πρός
1652 4135 1716 4188 γε
1761 4119 1853 4173 τὸν

270 4211 563 4282 ὀρύττοντα
600 4211 831 4266 λάκκον·
890 4212 1043 4283 ζητεῖ
1072 4211 1183 4282 γὰρ
1239 4210 1383 4282 ὕδωρ
1442 4211 1724 4276 ζωοποιδν,
1760 4212 1854 4266 καὶ

271 4305 455 4375 πηγὴν
486 4304 909 4374 ἐδφραίνουσαν,
944 4305 1040 4358 καὶ
1063 4304 1401 4376 χειμάρρουν
1423 4305 1635 4375 τρυφῆς
1659 4322 1673 4336 υ
1713 4306 1743 4357 6
1789 4304 1846 4358 δέ
1877 4285 1925 4345 D

270 4413 332 4465 γε
363 4398 444 4459 είς
462 4396 623 4450 τοῦτο
647 4395 832 4450 λοιπὸν
865 4397 1133 4460 συνέσεως
1163 4397 1484 4468 ἀφιγμένος,
1509 4396 1587 4460 ὡς
1616 4398 1708 4450 καὶ
1741 4396 1846 4467 ἰδίᾳ

267 4487 531 4543 δύνασθαι
574 4488 909 4560 παραδοῦναι
944 4491 1230 4561 συγγραφῇ
1278 4488 1371 4542 τοῦ
1419 4488 1725 4559 μυστηρίου
1756 4488 1855 4541 τὸν.

266 4578 446 4648 λόγον,
487 4580 716 4651 λατομεϊ
752 4580 952 4634 λάκκον
973 4597 986 4611 ·
1045 4582 1366 4652 καινουργεῖ
1392 4580 1502 4652 γὰρ
1552 4578 1744 4651 ῶσπερ
1774 4580 1837 4633 ού

266 4673 379 4734 τοῖς
417 4669 622 4741 ἑτέρων
658 4657 885 4742 ίδρῶσιιῗ
923 4671 1318 4741 ὲποικοδομῶν,
1348 4669 1483 4724 ἀλλά
1532 4670 1645 4735 τοῖς
1697 4669 1848 4732 ἰδίοις

267 4762 457 4814 ἑαυτόν
490 4777 547 4814 τε
583 4763 679 4815 καὶ
712 4762 932 4833 ἑτέρους
972 4761 1215 4831 ὠφελῶν.
1268 4762 1581 4833 Ὀρύττουσι
1608 4761 1666 4818 δὲ
1710 4762 1845 4816 λάκ-

266 4868 396 4916 κους
415 4854 927 4924 συντετριμμένους,
954 4854 1094 4908 κατά
1114 4855 1211 4926 τὴν
1230 4853 1323 4909 τοῦ
1346 4856 1623 4926 προφήτου
1640 4856 1843 4925 φωνὴν,

266 4942 363 4996 καὶ
391 4944 442 4996 οἱ
472 4946 574 5015 τῆς
596 4944 950 5017 ψευδωνύμου
984 4945 1233 5015 γνώσεως
1256 4946 1482 5019 ἐρασταί
1517 4963 1528 4974 ·
1567 4947 1620 5000 εἰ
1637 4964 1721 5010 τις
1744 4945 1845 5001 τοί-

265 5050 361 5086 νυν
398 5034 611 5106 ὀρύξειε
637 5036 859 5102 λάκκον,
911 5035 1326 5107 ἀσφαλιζίσθω,
1383 5039 1565 5110 φησὶν,
1607 5039 1681 5111 μὴ
1736 5039 1843 5112 ἀρα

263 5123 409 5178 τισὶν
439 5124 665 5196 ὀλέθρου
705 5128 919 5196 γένοιτο
960 5128 1180 5200 τρόπος,
1212 5130 1271 5182 τὸ
1323 5130 1505 5195 καλῶς
1554 5131 1843 5204 εἰργάσθαι

262 5213 452 5270 δοκοῦν
476 5228 490 5242 ·
523 5215 605 5269 δεῖ
630 5218 740 5289 γὰρ
780 5219 929 5289 ἡμᾶς
955 5218 1129 5289 ὀρθῶς
1166 5235 1225 5272 τε
1253 5222 1347 5275 καὶ
1369 5221 1843 5294 ἀπηκριϐωμένως

260 5301 355 5357 τὸν
385 5305 514 5378 περὶ
552 5304 690 5360 Θεοῦ
720 5307 988 5362 ποιεῖσθαι
1037 5308 1213 5377 λόγον,
1253 5311 1328 5374 ὡς
1377 5312 1563 5383 μηδενὶ
1593 5312 1844 5382 γενέσθαι

264 5396 561 5451 σκανδάλου
593 5397 1015 5469 πρόφασιν.Καὶ
1033 5398 1210 5462 τοῦτο,
1230 5395 1402 5471 οἶμαι,
1434 5402 1553 5455 ἐστὶ
1593 5403 1654 5455 τὸ
1678 5404 1843 5475 πῶμα

259 5484 571 5542 ἐπικεῖσθαι
617 5489 697 5560 τῷ
735 5489 945 5562 λάκκῳ,
994 5491 1056 5543 τὸ
1113 5492 1212 5562 τῆς
1268 5492 1614 5564 καθηκούσης
1669 5497 1843 5564 ἀσφα-

1963 3050 2085 3089 mus
2107 3034 2173 3089 ad
2195 3033 2539 3103 spiritualem
2563 3028 3002 3099 intelligentiam,
3038 3023 3174 3079 illud
3194 3023 3306 3077 dici
3330 3038 3360 3077 a
3384 3021 3551 3077 nobis

1962 3126 2183 3197 poterit,
2201 3125 2379 3179 lacum
2406 3124 2462 3177 in
2484 3123 2572 3177 his
2593 3119 2778 3175 verbis
2793 3117 2973 3172 videri;
2990 3114 3151 3170 nobis
3170 3128 3207 3167 a
3222 3113 3340 3182 lege
3360 3112 3550 3181 appel-

1961 3219 2064 3273 lari
2099 3216 2402 3286 Scriptum
2435 3213 2701 3269 divinitus
2731 3211 3009 3280 inspirata!
3053 3205 3421 3275 cognitionem
3446 3204 3544 3270 μ’,

1961 3328 2025 3366 ac
2046 3310 2113 3365 dc
2140 3318 2325 3365 sancta
2351 3317 2408 3363 et
2429 3302 2878 3362 consubstantiali
2910 3298 3175 3353 Trinitate
3214 3296 3545 3367 diSputatio-

1959 3419 2106 3469 nem,
2132 3412 2296 3473 atque
2332 3399 2533 3457 Christi
2579 3394 2823 3469 mysterii
2865 3392 3190 3448 scientiam:
3234 3390 3352 3445 haac
3392 3389 3547 3444 enim

1960 3505 2217 3567 tanquam
2265 3494 2320 3547 in
2356 3488 2630 3562 profundo
2668 3487 2845 3558 posita
2893 3491 3022 3540 sunt
3061 3482 3284 3551 vimque
3316 3480 3542 3535 vitalem

1961 3588 2197 3653 habent;
2230 3588 2388 3656 cujus
2418 3584 2499 3639 rei
2527 3583 2683 3638 testis
2714 3590 2800 3637 est
2842 3580 2958 3651 ipse
3002 3576 3275 3641 Salvator,
3304 3574 3499 3630 dicens
3526 3592 3540 3628 :

1967 3700 1985 3731 ‹
2025 3679 2152 3736 Haec
2172 3687 2257 3734 est
2286 3689 2470 3733 autem
2497 3676 2608 3731 vita
2640 3683 2866 3738 aeterna,
2904 3680 2966 3726 ut
2993 3675 3326 3740 cognoscant
3369 3675 3424 3721 te
3449 3680 3541 3721 so-

1960 3774 2073 3829 lum
2121 3786 2312 3827 verum
2354 3771 2550 3833 Deum,
2586 3776 2643 3821 et
2687 3781 2852 3837 quem
2897 3761 3117 3826 misisti,
3158 3759 3344 3816 Jesum
3376 3757 3541 3813 Chri-

1957 3874 2103 3920 stum
2128 3864 2220 3917 “'.
2252 3882 2269 3913 ι
2299 3862 2491 3934 igitur,
2517 3860 2610 3931 qui
2634 3867 2824 3914 vetera
2849 3856 3051 3926 scripta
3074 3852 3227 3923 legit,
3265 3858 3322 3908 et
3341 3849 3542 3905 divine

1958 3956 2256 4028 Scriptura:
2292 3956 2455 4010 verba
2485 3968 2594 4008 non
2618 3952 2735 4008 sine
2758 3950 2947 4005 labore
2987 3945 3343 4018 pervestigat,
3368 3950 3425 3997 et
3446 3955 3539 3996 ac—

1958 4057 2204 4103 curatam
2259 4047 2744 4114 incorruptamque
2785 4038 3153 4110 cognitionem
3190 4035 3453 4104 exquirit,
3493 4033 3542 4089 is

1957 4148 2040 4194 est
2070 4136 2300 4193 fodienti
2324 4136 2502 4189 lacum
2528 4145 2793 4201 perquam
2820 4128 3035 4192 similis,
3070 4140 3265 4195 aquam
3287 4124 3437 4179 enim
3457 4124 3541 4177 vi-

1958 4229 2122 4285 talem
2165 4228 2382 4298 quaerit,
2410 4233 2466 4280 et
2494 4224 2702 4276 fontem
2743 4218 3127 4280 laetiﬁcantem,
3156 4223 3213 4270 et
3240 4222 3539 4270 torrentem

1949 4318 2245 4389 voluptatis
2267 4316 2333 4348 "'
2359 4334 2372 4369 :
2398 4322 2473 4379 at,
2502 4312 2596 4382 qui
2634 4312 2701 4366 ad
2734 4324 2854 4365 eam
2881 4306 3231 4378 prudentiam
3265 4304 3534 4374 pervenit,

1955 4420 2013 4466 ut
2043 4410 2158 4465 suis
2188 4407 2389 4463 litteris
2414 4403 2677 4460 mandare
2705 4410 2871 4473 queat
2909 4401 3032 4471 ejus
3073 4397 3322 4469 mysterii
3344 4398 3537 4469 dispu-

1950 4502 2236 4564 tationem,
2270 4499 2317 4553 is
2346 4498 2525 4552 lacum
2550 4495 2763 4566 aperit;
2789 4491 2917 4548 novi
2944 4490 3093 4546 enim
3116 4489 3368 4545 nonnihil
3395 4488 3530 4550 edit.

1950 4607 2061 4647 non
2100 4592 2158 4645 in
2195 4589 2428 4644 aliorum
2462 4584 2761 4642 sudoribus
2806 4580 3230 4655 supermdiiicat,
3278 4578 3379 4637 sed
3419 4579 3535 4636 suis

1951 4684 2067 4753 ipse
2090 4680 2391 4746 laboribus,
2421 4685 2478 4734 et
2500 4693 2558 4733 se
2582 4684 2638 4732 et
2664 4683 2891 4732 cancros
2907 4676 3081 4747 juvat.
3108 4672 3345 4729 Fodiunt
3366 4673 3534 4729 etiam

1953 4773 2108 4827 lacus
2127 4772 2411 4836 contritas,
2430 4771 2586 4841 juxta
2624 4769 2908 4840 prophetat
2933 4780 3146 4830 vocem,
3172 4764 3292 4819 falsi
3315 4779 3535 4835 quoque

1952 4864 2191 4919 nominis
2215 4863 2458 4919 scientiae
2485 4868 2789 4926 amatores;
2817 4856 3067 4928 quisquis
3101 4855 3268 4927 igitur
3294 4854 3430 4909 fodit
3460 4855 3536 4908 la-

1951 4968 2097 5020 cum,
2127 4962 2335 5017 caveat,
2373 4952 2573 5022 inquit,
2616 4965 2708 5013 ne,
2757 4946 2903 5018 quod
2931 4945 3104 5016 probe
3128 4944 3384 5001 eﬂ‘ectum
3412 4959 3531 4999 esse

1949 5046 2189 5112 videtur,
2237 5046 2422 5116 aliquo
2457 5042 2619 5098 modo
2648 5039 2947 5111 perniciem
2972 5038 3257 5093 nonnullis
3287 5038 3479 5093 afferat
3515 5054 3526 5088 :

1949 5138 2215 5196 debemus
2246 5139 2392 5193 enim
2420 5143 2569 5191 recte
2606 5141 2657 5189 et
2682 5131 2973 5201 diligenter
2994 5129 3063 5186 de
3092 5130 3205 5186 Deo
3244 5129 3412 5183 verba
3446 5127 3528 5181 fa-

1949 5245 2104 5296 cere,
2150 5231 2246 5293 ita,
2286 5238 2347 5283 ut
2387 5226 2592 5282 nemini
2620 5224 2963 5278 occasionem
3006 5222 3247 5278 scandali
3282 5217 3526 5290 prmbea-
3643 5239 3653 5245 ο

1950 5334 2073 5374 mus
2097 5336 2109 5370 :
2139 5317 2303 5388 250
2321 5317 2485 5385 idque
2505 5323 2608 5378 est,
2634 5312 2851 5382 opinor,
2876 5314 3195 5383 operculum
3213 5308 3525 5377 impositum

1948 5423 2067 5464 esse
2091 5407 2231 5462 laeui
2261 5425 2272 5459 :
2297 5420 2493 5475 nempe
2519 5418 2828 5459 sermonem
2853 5419 2961 5458 non
2993 5418 3115 5459 esse
3143 5398 3367 5455 cautela:
3389 5412 3522 5453 con-

1948 5498 2221 5553 venientis
2243 5504 2542 5566 expertem.
2568 5494 2700 5549 Nam
2723 5493 2767 5548 si
2794 5494 2911 5555 bos,
2940 5495 3034 5555 ait,
3062 5501 3155 5546 aut
3175 5489 3363 5545 asinus
3382 5486 3526 5543 ceci-

320 5605 581 5691 ’ξξεξυά-
608 5608 830 5691 κιιλῦξ,
870 5611 957 5667 3i.
993 5613 1104 5691 __"'
1132 5614 1291 5674 Rom.
1314 5633 1416 5691 inv,
1448 5619 1499 5673 7.
1562 5620 1627 5650 ⁸³⁸
1658 5621 1678 5676 l
1726 5621 1851 5676 Cor.
1880 5637 1990 5685 xm,
2019 5622 2070 5677 ὅ.
2165 5621 2232 5653 ⁸³⁷
2261 5619 2416 5675 Joan.
2445 5635 2571 5677 xvu.
2610 5617 2662 5673 3.
2726 5616 2789 5647 ⁸⁸⁸
2818 5614 2976 5669 Joan.
3008 5628 3079 5676 Iv,
3105 5610 3189 5673 ii,
3235 5608 3371 5666 Psal.
3399 5616 3519 5667 xtv,

255 5674 318 5740 ὃς
336 5676 480 5734 Psai.
508 5695 670 5747 xxxv,
697 5681 761 5747 9;
784 5680 895 5737 Jer.
912 5698 968 5749 ιι,
987 5682 1071 5739 i5.
