3966 6298
386 259 482 317 5ΞρΙ

1431 263 1487 317 S.
1528 263 1803 320 CYRILLI
1835 266 2306 324 ALEXANDRINI
2346 270 2662 328 ARCHIEP.

3549 287 3656 341 ΞΗ

385 377 550 470 derit,
576 377 672 446 qui
699 376 972 432 laboravit
1006 376 1061 431 in
1091 377 1427 433 exstruendo
1449 379 1594 444 lacu,
1621 382 1736 450 ipse
1765 385 1963 452 persol-

2078 384 2228 449 λείας
2261 386 2334 456 μὴ
2365 387 2613 458 ἀμοιρεῖν
2643 388 2733 442 τὸν
2758 389 2934 459 λόγον.
2981 389 3110 444 Ἐάν
3152 393 3262 466 γάρ
3301 396 3464 470 πέσῃ,
3497 401 3654 468 φησι,

384 457 504 536 vet;
531 470 728 525 bovem
749 484 881 525 vero
903 477 960 526 et
981 469 1197 526 asinum
1227 487 1339 526 non
1365 471 1690 542 simpliciter
1715 476 1969 545 appellat,

385 561 479 618 sed
505 561 690 617 abdita
711 561 921 617 ratione
949 580 960 615 :
987 578 1052 618 ac
1087 561 1283 618 bovem
1309 563 1531 634 quidem
1556 564 1754 634 inquit,
1791 576 1851 620 ut
1886 568 1972 622 in-

386 653 597 725 telligas
622 669 840 710 sacrum
865 670 929 710 ac
963 671 1164 725 purum
1195 656 1478 711 hominum
1508 673 1712 729 genus;
1754 658 1971 713 asinum

384 758 536 808 vero,
572 751 634 798 ut
661 743 951 814 profanum
975 752 1032 799 et
1056 744 1363 815 impurum;
1392 762 1569 818 neque
1595 749 1744 803 enim
1778 750 1891 804 Deo
1917 751 1973 805 in

303 869 310 872 -
384 831 719 887 sacriﬁcium
743 832 975 888 oﬁ‘crtur
1003 851 1018 886 :
1043 848 1260 888 sacrum
1289 851 1454 905 porro
1477 852 1650 908 genus
1674 853 1738 892 ac
1767 854 1970 908 purum

383 940 504 979 esse
525 925 758 980 dicimus
781 941 896 992 eos,
916 927 1010 996 qui
1029 927 1141 996 jam
1162 943 1260 998 per
1284 928 1445 984 ﬁdem
1468 929 1790 985 sanctiﬁcati
1812 939 1968 998 sunt;

383 1017 673 1086 profanum
696 1026 752 1074 et
777 1019 1056 1088 impurum
1082 1035 1198 1084 eos,
1227 1021 1322 1090 qui
1358 1022 1603 1076 nondum
1629 1033 1754 1078 sunt
1779 1033 1970 1078 sancto

384 1109 712 1179 baptismate
735 1111 980 1182 purgati,
1004 1112 1099 1166 sed
1124 1114 1334 1182 peccati
1362 1115 1604 1170 maculas
1635 1114 1817 1170 adhuc
1839 1115 1968 1168 inu-

384 1209 494 1256 stas
520 1202 744 1258 habent.
768 1202 1003 1258 Perinde
1028 1203 1195 1273 igitur
1216 1213 1320 1270 est,
1347 1221 1409 1260 ac
1429 1205 1475 1260 si
1504 1205 1734 1272 diceret,
1759 1207 1816 1262 Si
1837 1206 1969 1276 quid

381 1291 647 1348 acciderit
668 1292 854 1346 damni
879 1293 1044 1347 alicui
1069 1310 1136 1347 ex
1161 1294 1248 1359 iis,
1273 1296 1366 1365 qui
1394 1297 1504 1367 jam
1533 1295 1792 1366 baptizati
1819 1305 1969 1362 sunt,

381 1393 438 1439 et
459 1399 556 1453 per
577 1386 809 1455 gratiam
829 1385 898 1440 ad
919 1387 1362 1458 conjunctionem
1380 1403 1505 1442 cum
1528 1389 1639 1443 Deo
1671 1389 1967 1445 ineundam

383 1474 604 1544 signati,
653 1483 750 1530 aut
789 1492 858 1531 ex
904 1476 971 1530 iis
1011 1485 1182 1542 certe,
1227 1479 1323 1548 qui
1357 1479 1602 1534 nondum
1639 1479 1777 1536 tales
1812 1490 1966 1547 sunt,

381 1566 502 1636 ejus
522 1566 765 1623 scandali
798 1577 994 1624 auctor
1031 1571 1217 1626 multae
1240 1570 1510 1625 obnoxius
1535 1572 1660 1638 erit,
1687 1582 1744 1628 et
1769 1573 1838 1627 ad
1881 1574 1966 1643 ip—

381 1671 503 1710 sum
532 1657 836 1726 pertinebit
863 1660 1114 1715 exanime
1159 1660 1412 1728 cadaver,
1462 1661 1519 1716 id
1559 1670 1664 1728 est,
1709 1664 1829 1735 ejus
1857 1665 1968 1718 erit

2078 474 2204 545 βοῦς
2239 476 2271 547 ἢ
2311 477 2459 542 ὄνος,
2506 480 2535 531 ὁ
2582 480 2908 550 πεπονηκὼς
2956 481 3226 538 ἀποτίσει.
3277 485 3414 539 Βοῦν
3457 487 3514 541 δὲ
3563 491 3658 544 καὶ

2073 569 2191 624 ὄνον
2220 570 2472 641 ὀνομάζει
2507 573 2669 626 πάλιν
2691 573 2788 644 οὐχ
2808 573 3018 638 ἁπλῶς,
3049 575 3164 630 ἀλλ’
3197 577 3272 642 ὡς
3301 580 3358 632 ὲν
3385 579 3527 652 λόγῳ
3555 580 3654 652 βα-

2073 661 2191 715 θεῖ·
2242 663 2336 717 καὶ
2394 663 2520 734 βοῦν
2573 664 2672 735 μέν
2720 683 2905 737 φησιν,
2952 668 3040 722 ἵνα
3072 670 3270 742 νοήσῃς
3311 670 3371 724 τὸ
3415 673 3558 743 ίερόν
3591 690 3654 728 τε

2073 756 2167 810 καὶ
2192 755 2432 827 καθαρὸν
2459 757 2638 825 γένος’
2662 757 2783 811 ὄνον
2808 759 2884 824 δὲ,
2905 761 2990 814 ἵνα
3017 764 3204 832 συνῇς,
3228 763 3288 815 τὸ
3315 763 3530 834 ἀνίερον
3557 765 3654 819 καὶ

2071 847 2382 920 ἀκάθαρτον
2410 865 2424 882 ο
2452 850 2513 902 ού
2549 850 2659 921 γὰρ
2693 852 3030 924 προσάγεται
3062 854 3205 907 κατά
3239 856 3404 925 νόμον
3434 858 3514 920 εἰς
3561 855 3656 910 θυ-

2075 939 2196 991 σίαν
2215 938 2334 1010 Θεῷ
2369 939 2426 993 τὸ
2457 939 2766 1012 ἀκάθαρτον
2791 961 2802 974 ·
2851 944 2990 1016 ἱερὸν
3027 945 3083 997 δὲ
3124 944 3281 1010 γένος
3336 947 3430 1000 καὶ
3484 946 3657 1000 καθα-

2074 1029 2166 1100 ρὸν
2195 1025 2331 1084 εἷναί
2364 1047 2564 1102 φαμεν,
2599 1032 2724 1098 τοὺς
2756 1034 3126 1105 ἡγιασμένους
3170 1036 3271 1107 ἤδη
3308 1035 3397 1091 διά
3440 1040 3538 1108 τῆς
3568 1036 3659 1090 πί-

2073 1137 2244 1186 στεως
2275 1139 2290 1150 ο
2319 1122 2532 1194 ἀνίερον
2555 1122 2611 1176 δὲ
2653 1124 2750 1178 καὶ
2778 1125 3112 1196 ἀκάθαρτον,
3149 1127 3276 1191 τοὺς
3302 1126 3455 1181 οὔπω
3490 1145 3659 1182 κεκα-

2073 1211 2380 1284 θαρμένους
2420 1213 2508 1268 διὰ
2544 1213 2636 1268 τοῦ
2693 1215 2849 1285 ἁγίου
2907 1217 3304 1288 βαπτίσματος,
3355 1219 3468 1272 ἀλλ’
3507 1221 3656 1272 ὲντε-

2071 1303 2344 1374 τηγμένον
2384 1303 2600 1375 ἔχοντες
2636 1305 2716 1360 ἔτι
2760 1307 2862 1378 τῆς
2907 1309 3184 1380 ἁμαρτίας
3222 1309 3313 1364 τὸν
3355 1309 3652 1380 μολυσμόν.

2072 1395 2298 1467 Ὅμοιον
2343 1392 2438 1452 οὖν
2480 1397 2555 1461 ὡς
2608 1400 2656 1450 εἰ
2704 1399 2875 1468 λέγοι,
2920 1400 2991 1454 Ei
3018 1419 3073 1454 τι
3106 1402 3318 1471 γένοιτο
3361 1402 3578 1473 βλάϐος,
3618 1402 3652 1473 ἢ

2071 1485 2200 1558 περί
2236 1502 2359 1539 τινα
2413 1485 2522 1540 τῶν
2558 1487 2659 1558 ήδη
2709 1487 3158 1560 βεϐαπτισμένων
3198 1491 3295 1544 καὶ
3345 1506 3656 1562 κατεσφρα-

2070 1576 2347 1648 γισμένων
2389 1577 2478 1630 διὰ
2517 1576 2617 1646 τῆς
2657 1571 2880 1649 χάριτος
2945 1581 3027 1643 εἰς
3076 1581 3388 1651 οἰκειότητα
3433 1580 3531 1652 τὴν
3578 1580 3656 1644 ὡς

2071 1667 2209 1739 πρὸς
2239 1667 2394 1730 Θεὸν,
2429 1667 2598 1739 ήγουν
2624 1668 2707 1733 εἷς
2744 1686 2864 1724 τινα
2902 1669 3065 1740 τυχὸν
3120 1669 3229 1724 τῶν
3280 1670 3434 1725 οὔπω
3480 1669 3656 1724 τοιού-

380 1763 532 1803 mors
562 1749 730 1814 illius,
757 1751 852 1820 qui
879 1751 1140 1806 damnum
1167 1761 1252 1807 est
1279 1769 1490 1823 passus.
1524 1754 1709 1824 Itaque
1734 1771 1963 1825 praemo-

2075 1775 2204 1822 των,
2240 1757 2466 1830 ὀφλήσει
2499 1759 2656 1831 δίκην
2696 1761 2725 1812 ό
2766 1759 2860 1814 τοῦ
2893 1761 3196 1816 σκανδάλου
3243 1762 3526 1833 πρόξενος,
3559 1762 3656 1816 καὶ

380 1845 476 1891 net
497 1853 600 1892 nos
630 1838 744 1908 ipse
766 1855 984 1910 quoque
1007 1839 1275 1906 Salvator,
1301 1842 1490 1897 dicens
1515 1861 1527 1896 :
1562 1862 1581 1894 ι
1610 1843 1714 1910 Qui
1737 1844 1966 1899 scanda-

379 1929 628 1985 lizaverit
669 1947 838 1986 unum
868 1947 936 1987 ex
958 1933 1174 2002 pusillis
1208 1933 1348 2000 istis,
1374 1937 1469 2004 qui
1505 1935 1562 1990 in
1590 1952 1677 1992 me
1707 1937 1962 2002 credunt,

378 2008 602 2092 expedit
649 2024 724 2089 ei,
771 2031 832 2078 ut
873 2025 1242 2094 suspendatur
1283 2027 1426 2081 mola
1469 2028 1709 2083 asinaria
1735 2029 1791 2083 in
1823 2030 1965 2085 collo

375 2113 514 2184 ejus,
539 2122 595 2168 et
625 2114 976 2186 demergatur
997 2116 1053 2170 in
1075 2116 1410 2186 profundum
1433 2118 1601 2174 maris
1624 2118 1709 2172 δ”.
1743 2138 1761 2170 ι

2072 1846 2221 1918 αύτῷ
2249 1850 2402 1918 μενεῖ
2434 1849 2494 1901 τὸ
2537 1849 2818 1920 τεθνηκὸς,
2867 1850 3168 1916 τουτέστιν,
3205 1851 3369 1904 αὐτοῦ
3429 1852 3655 1922 γενήσε-

2072 1957 2161 1992 ται
2200 1939 2294 1992 τοῦ
2331 1939 2597 2005 παθόντος
2637 1943 2666 1993 ὁ
2695 1940 2942 2005 θάνατος.
2991 1941 3372 2011 Ἀσφαλίζεταί
3419 1959 3485 2011 γε
3524 1941 3656 2010 γοῦν

2073 2029 2170 2083 καὶ
2203 2027 2363 2092 αὐτὸς
2391 2029 2419 2082 ὁ
2445 2029 2636 2100 Σωτὴρ
2664 2030 2812 2100 ἡμᾶς
2843 2029 3049 2097 λέγων·
3089 2050 3106 2081 ι
3143 2033 3239 2094 Ὃς
3286 2031 3384 2084 ἐάν
3426 2030 3657 2085 σκανδαο

2073 2120 2200 2193 λίσῃ
2230 2121 2326 2173 ἕνα
2359 2119 2469 2174 τῶν
2501 2121 2713 2192 μικρῶν
2761 2120 2964 2174 τούτων
3009 2121 3120 2176 τῶν
3149 2123 3536 2177 ,πιστευόντων
3573 2122 3651 2183 εἰς

377 2208 502 2280 ἐμὲ,
551 2211 820 2281 συμφέρει
867 2209 1038 2282 αύτῷ,
1081 2211 1169 2266 ἵνα
1221 2213 1510 2284 κρεμασθῇ
1564 2213 1730 2286 μύλος
1777 2215 1958 2280 ὀνικὸς
2032 2216 2162 2288 περὶ
2197 2215 2290 2270 τὸν
2329 2215 2600 2287 τράχηλον
2643 2215 2810 2270 αὐτοῦ
2877 2217 2972 2270 καί¹
3025 2219 3428 2292 καταποντισθῇ
3484 2221 3543 2275 ὲν
3579 2219 3661 2292 τῷ

375 2303 604 2372 πελάγει
624 2305 724 2376 τῆς
750 2305 1046 2375 θαλάσσης.
1072 2325 1093 2358 ›

443 2393 642 2450 PALL.
670 2396 839 2451 Recte
864 2396 1026 2451 dicis.

443 2487 601 2543 (ΝΒ.
631 2489 811 2544 Facile
833 2497 1017 2544 autem
1038 2489 1271 2555 videbis,
1301 2490 1422 2545 aliis
1456 2491 1623 2545 etiam
1655 2489 1845 2560 ﬁguris
1874 2489 1962 2543 in-

374 2578 560 2634 dicare
587 2579 784 2648 legem,
811 2593 975 2648 quam
1003 2579 1372 2648 periculosum
1398 2581 1468 2635 sit
1490 2595 1742 2650 peccare,
1772 2588 1830 2634 et
1855 2580 1964 2634 hoc

375 2671 432 2724 in
455 2669 656 2724 fratres
677 2686 696 2723 :
717 2686 842 2724 nam
868 2671 924 2724 in
947 2686 1035 2735 eo,
1062 2671 1209 2740 quod
1232 2673 1576 2741 percutimus
1595 2686 1788 2726 eorum
1811 2669 1964 2725 inﬁr-

375 2775 520 2815 mam
542 2760 959 2824 conscientiam,
987 2769 1176 2814 nostra
1203 2761 1411 2816 oﬂensa
1440 2761 1508 2816 ad
1537 2761 1818 2816 Christum
1839 2777 1965 2831 per-

375 2853 515 2907 tinet
536 2849 626 2906 η’.
648 2851 888 2922 Ideoque
909 2853 987 2907 ait
1011 2870 1023 2905 :
1057 2871 1075 2903 ‹
1107 2852 1264 2919 Quod
1293 2854 1340 2908 si
1365 2869 1621 2926 egressus
1647 2855 1790 2925 ignis
1813 2854 1966 2909 inve-

373 2945 522 3000 nerit
543 2943 750 3014 spinas,
786 2953 843 3000 et
871 2945 1035 3000 simul
1064 2946 1414 3002 succenderit
1438 2962 1612 3013 areas,
1641 2955 1736 3002 aut
1761 2947 1960 3017 spicas,

2139 2399 2350 2451 ΠΑΛΛ.
2399 2396 2606 2468 Ὀρθῶς
2635 2396 2791 2468 ἔφης.
3376 2451 3378 2453 ,

2135 2491 2301 2544 ΚΥΡ.
2347 2489 2506 2552 Ἵδοις
2531 2488 2574 2541 δ’
2599 2488 2663 2542 ἂν
2690 2487 2930 2551 εὐκόλως
2962 2487 3058 2540 καὶ
3088 2487 3156 2540 δι’
3178 2487 3379 2560 ἑτέρων
3410 2489 3537 2560 ἡμῖν
3569 2490 3656 2542 αἰ-

2065 2581 2346 2651 νιγμάτων
2372 2577 2788 2649 παραδηλοῦντα
2812 2577 2904 2632 τὸν
2943 2579 3109 2649 νόμον
3140 2580 3431 2650 σφαλερὸν,
3461 2579 3546 2632 ὅτι
3591 2579 3654 2633 τὸ

2065 2671 2405 2744 πλημμελεῖν
2441 2670 2720 2726 καὶτοῦτο
2745 2672 2823 2735 είς
2847 2671 3132 2741 ἀδελφούς·
3170 2672 3232 2725 τὸ
3267 2671 3375 2742 γὰρ
3426 2669 3655 2727 τύπτειν

2065 2763 2245 2817 αὐτῶν
2278 2761 2612 2816 ἀσθενοῦσαν
2639 2761 2740 2833 τὴν
2776 2761 3104 2832 συνείδησιν,
3126 2762 3205 2824 εἰς
3231 2761 3466 2833 Χριστὸν
3493 2759 3655 2833 ἡμῶν

2067 2859 2330 2931 ἀναφέρει
2371 2859 2433 2913 τὸ
2485 2859 2832 2930 πλημμελές.
2894 2857 3041 2928 Ἔφη
3101 2855 3316 2908 τοίνυν·
3372 2873 3391 2905 ι
3427 2854 3552 2907 Ἐἀν
3587 2857 3651 2914 δὲ

2066 2951 2279 3019 ἐξελθὸν
2308 2951 2420 3022 πῦρ
2457 2951 2594 3024 εὕρῃ
2649 2951 2894 3013 ἀκάνθας
2929 2950 3024 3003 καί
3059 2948 3468 3020 προσεμπρήση
3512 2946 3654 3001 άλω-

372 3046 469 3094 aut
503 3053 779 3108 campum,
814 3039 1080 3104 exsolvet,
1113 3038 1208 3108 qui
1251 3039 1434 3110 ignem
1472 3015 1898 3094 accenderit—5“.
1935 3057 1953 3090 ›

2071 3015 2162 3108 νας
2193 3043 2226 3115 ἢ
2263 3015 2594 3114 max-uagi
2631 3043 2831 3104 πεδίον,
2868 3015 3118 3096 ἀποτίσει
3142 3040 3203 3094 τὸ
3443 3015 3650 3109 ἐγκαύ-

369 3131 492 3186 Non
533 3131 685 3185 enim
727 3130 1005 3197 convenit,
1049 3137 1112 3185 ut
1139 3130 1302 3184 simul
1333 3145 1460 3185 cum
1493 3130 1583 3196 iis,
1626 3145 1748 3199 quae
1771 3137 1962 3199 suapte

370 3228 571 3276 natura
599 3219 826 3284 laedunt,
853 3220 1021 3274 etiam
1049 3220 1197 3290 quod
1224 3220 1347 3274 usui
1387 3227 1491 3284 est,
1529 3225 1745 3288 pereat;
1783 3233 1962 3287 neque

371 3328 499 3368 eum
520 3313 870 3368 silvestribus
893 3312 1057 3368 simul
1103 3319 1482 3377 consumatur,
1510 3310 1656 3382 quod
1682 3309 1961 3365 excultum

370 3411 480 3461 est.

441 3497 643 3553 PALL.
675 3497 796 3564 Quo
819 3498 1041 3554 tandem
1069 3497 1216 3554 istud
1250 3497 1462 3554 modo?

439 3589 598 3646 (ΝΒ.
646 3590 844 3645 Annon
881 3591 1056 3660 spinis
1099 3591 1376 3647 montanis
1421 3599 1588 3661 atque
1615 3589 1964 3647 silvestribus

369 3681 890 3737 convenientissime
907 3681 1214 3752 comparari
1231 3689 1460 3752 possunt
1479 3681 1773 3752 impiorum
1789 3684 1963 3739 haere-

373 3773 610 3828 ticorum
631 3773 857 3841 scripta,
881 3782 938 3828 et
963 3773 1252 3844 gentilium
1289 3773 1606 3844 dogmatum
1633 3775 1963 3846 praestigiae?

369 3880 499 3920 nam
543 3880 667 3934 quae
707 3865 834 3919 inde
863 3865 1070 3920 utilitas
1102 3865 1156 3920 in
1192 3867 1405 3922 animos
1431 3867 1716 3922 hominum
1741 3885 1960 3939 perma-

371 3970 506 4009 nare
529 3955 746 4024 possit?
767 3955 878 4009 imo
902 3969 1056 4019 vero,
1082 3969 1204 4024 quae
1233 3970 1344 4009 non
1367 3955 1642 4025 pernicies
1669 3957 1736 4011 iis
1758 3957 1958 4012 affera-

369 4056 484 4111 tur,
529 4047 623 4116 qui
660 4048 752 4102 illa
797 4049 851 4101 in
891 4048 1134 4102 animum
1161 4047 1454 4103 admittere
1480 4049 1795 4104 voluerint?
1817 4051 1962 4120 Ignis

369 4139 519 4193 enim
560 4139 826 4195 duntaxat
863 4139 1083 4194 altrices
1111 4149 1237 4194 sunt
1264 4140 1434 4209 spina:
1460 4149 1516 4194 et
1535 4139 1765 4195 ﬂamma:
1788 4142 1960 4211 pabu-

368 4231 519 4295 lum;
549 4229 793 4285 ﬁammas
824 4230 1014 4285 itidem
1047 4231 1208 4286 nobis
1231 4231 1542 4286 accendunt
1569 4234 1958 4302 scmpiternas,

369 4325 528 4396 251
555 4340 679 4380 cum
706 4341 845 4380 vana
868 4325 1172 4380 errantium
1192 4326 1465 4397 dogmata,
1486 4335 1601 4380 tum
1626 4343 1756 4382 vero
1788 4327 1959 4382 idolo-

368 4417 639 4473 latrarum
658 4418 835 4474 aniles
857 4418 1090 4474 fabulae:
1123 4420 1272 4490 spica
1297 4434 1465 4488 porro
1485 4428 1542 4474 et
1563 4420 1806 4474 triticum
1831 4436 1957 4475 sua-

365 4511 628 4566 vissimus
640 4520 725 4566 est
749 4510 928 4576 cibus,
945 4519 1000 4566 et
1016 4511 1332 4566 hominibus
1348 4512 1413 4567 ad
1431 4513 1762 4568 vescendum
1781 4513 1954 4583 aptis-

367 4604 560 4669 simus,
585 4613 643 4660 et
678 4605 747 4659 ad
786 4619 949 4659 usum
987 4606 1360 4670 necessarius;
1389 4605 1638 4660 continet
1663 4605 1812 4660 enim
1853 4619 1957 4658 nos

368 4699 425 4752 in
454 4698 600 4764 vita;
635 4705 692 4752 et
732 4697 910 4768 ﬁgura
944 4713 1066 4752 esse
1107 4698 1312 4767 poterit
1345 4699 1659 4769 dogmatum
1683 4697 1952 4762 veritatis,

2065 3153 2184 3200 σας.
2218 3156 2236 3187 ι
2276 3137 2350 3188 Ού
2383 3135 2492 3206 γάρ
2533 3152 2613 3188 τοι
2665 3135 2935 3206 προσήκει
2975 3135 3087 3196 τοῖς
3123 3132 3327 3186 ἀδικεῖν
3378 3129 3650 3200 πεφυκόσι

2066 3227 2468 3282 συνδιόλλυσθαι
2511 3226 2574 3280 τὸ
2601 3225 2856 3297 χρηστὸν,
2883 3225 3003 3279 οὐδὲ
3046 3227 3158 3289 τοῖς
3199 3223 3411 3295 ἀγρίοις
3459 3221 3620 3277 συνδα

2063 3319 2340 3374 πανᾶσθαι
2365 3319 2426 3373 τὸ
2447 3321 2678 3392 ἥμερον.

2135 3495 2344 3548 ΠΑΛΛ.
2372 3493 2496 3558 Πῶς
2523 3493 2694 3563 ἔφηςς
3435 3563 3440 3567 .

2132 3585 2298 3641 ΚΥΡ.
2348 3588 2418 3640 Ἦ
2449 3586 2559 3658 γὰρ
2591 3585 2712 3656 οὐχὶ
2735 3586 2854 3648 ταῖς
2873 3585 2932 3638 ὲν
2955 3584 3106 3658 δρεσί
3137 3601 3196 3638 τε
3226 3585 3320 3639 καὶ
3372 3585 3429 3639 ὲν
3455 3585 3648 3656 ἀγροῖς

2063 3661 2330 3744 ἀκάνθαις
2380 3679 2771 3752 παρεικάζοιτο
2829 3677 2895 3732 ἂν
2921 3679 3145 3743 εἰκότως
3171 3679 3239 3733 τά
3265 3678 3374 3733 τῶν
3416 3676 3648 3732 ἀνοσίων

2065 3773 2359 3846 αἱρετικῶν
2394 3773 2827 3845 συγγράμματα,
2874 3772 2970 3826 καὶ
3018 3773 3050 3842 ἡ
3109 3772 3218 3826 τῶν
3246 3771 3376 3843 παρ’
3419 3769 3649 3842 Ἕλλησι

2063 3865 2351 3936 δογμάτων
2374 3865 2630 3938 τερθρεία
2652 3883 2664 3930 ;
2699 3865 2783 3928 τίς
2807 3863 2917 3935 γάρ
2943 3864 3009 3917 ἂν
3037 3863 3248 3933 γένοιτο
3271 3866 3390 3927 ταῖς
3423 3863 3532 3917 τῶν
3557 3863 3648 3916 ἀν-

2063 3957 2297 4029 θρώπων
2331 3947 2529 4028 ψυχαῖς
2573 3956 2782 4010 ἐκεῖθεν
2810 3958 2843 4026 ἡ
2895 3955 3104 4025 ὄνησις,
3141 3955 3338 4026 μᾶλλον
3369 3956 3426 4008 δὲ
3491 3956 3645 4008 ποῖον

2061 4048 2161 4102 οὐκ
2190 4047 2343 4101 ἔσται
2374 4047 2572 4118 βλάϐος
2595 4049 2708 4110 τοῖς
2738 4048 2818 4109 είς
2841 4047 2966 4100 νοῦν
3008 4047 3283 4099 ἐθέλουσιν
3317 4048 3500 4098 ἐκεῖνα
3541 4045 3639 4098 λαο

2062 4141 2209 4209 6εῖν;
2238 4141 2418 4212 Πυρὸς
2440 4140 2622 4192 τοίνυν
2645 4138 2806 4209 μόνου
2834 4137 3054 4208 τροφὸς,
3079 4139 3111 4206 ἡ
3139 4136 3367 4204 ἄκανθα,
3390 4135 3484 4190 καὶ
3511 4137 3642 4205 φλο-

2061 4233 2156 4302 γὸς
2185 4233 2470 4302 διατροφὴ.
2515 4230 2860 4285 Ἀνακαίουσι
2886 4229 2943 4282 δὲ
2985 4230 3077 4282 καὶ¹
3121 4229 3325 4299 φλόγας
3368 4230 3500 4300 ἡμῖν
3540 4229 3641 4292 τάς

2061 4327 2140 4388 είς
2190 4322 2362 4376 αἰῶνα
2404 4323 2498 4374 καὶ
2537 4321 2648 4375 τῶν
2685 4321 3118 4392 πεπλανημένων
3147 4321 3216 4374 τὰ
3258 4320 3478 4392 ἐξίτηλα
3520 4321 3644 4389 δόγ-

2062 4433 2228 4488 ματα,
2271 4414 2365 4467 καὶ
2403 4413 2471 4466 τά
2500 4413 2605 4467 τῶν
2638 4413 3041 4484 εἰδωλολατρῶν
3080 4413 3411 4484 γραοπρεπῆ
3467 4411 3643 4482 μυθά-

2061 4525 2170 4580 ρια·
2213 4507 2452 4577 ἄσταχυς
2484 4507 2540 4559 δὲ
2572 4507 2665 4560 καὶ
2704 4508 2870 4572 σῖτος,
2906 4505 3240 4577 ἡμερωτάτη
3288 4505 3485 4577 τροφὴ,
3545 4504 3644 4559 καὶ

2057 4599 2366 4671 ἀνθρώποις
2422 4599 2679 4670 ἐδώδιμα,
2736 4599 2831 4652 καὶ
2889 4601 3160 4667 ἀναγκαῖα
3214 4598 3349 4668 πρὸς
3411 4598 3639 4670 δνησιν⁶

2059 4692 2278 4762 συνέχει
2310 4691 2418 4763 γάρ
2452 4693 2601 4762 ἡμᾶς
2627 4693 2706 4755 εἰς
2757 4691 2922 4762 ζωὴν,
2951 4693 3044 4744 καὶ
3079 4691 3250 4752 τύπος
3290 4689 3358 4743 ἂν
3403 4691 3489 4760 είη
3528 4688 3641 4743 τῶν

283 4791 296 4800 ‘
367 4803 468 4857 per
495 4803 618 4858 qua:
645 4804 766 4852 nos,
792 4787 886 4858 qui
914 4787 1213 4851 credimus,
1245 4786 1485 4852 Christo,
1516 4796 1774 4857 tanquam
1813 4802 1954 4857 pane

2071 4784 2157 4853 τῆς
2185 4784 2446 4855 ἀληθείας
2475 4784 2782 4854 δογμάτων,
2813 4784 2880 4838 δι’
2913 4778 2987 4839 ὧν
3019 4787 3068 4838 οἱ
3093 4783 3524 4847 πεπιστευκότες
3562 4783 3640 4847 ὡς

368 4877 576 4932 viventi
605 4894 669 4933 ac
699 4895 854 4943 vero,
892 4878 1191 4949 pascimur.
1235 4879 1450 4934 Rursus
1482 4894 1707 4948 campus
1728 4886 1813 4934 est
1834 4878 1955 4948 pla-

2071 4876 2206 4948 ἱρτῳ
2254 4877 2416 4941 ζῶντι
2459 4877 2780 4948 τρεφόμεθα
2832 4879 2928 4932 καὶ
2968 4876 3230 4948 ἀληθινῷ,
3275 4876 3352 4947 τῷ
3390 4875 3636 4948 Χριστῷ.

367 4982 493 5031 nus,
519 4976 576 5022 et
599 4970 824 5024 minime
847 4985 1008 5040 asper
1033 4969 1120 5034 iis,
1147 4969 1240 5039 qui
1270 4979 1418 5026 recte
1453 4985 1552 5040 per
1577 4969 1732 5024 illum
1763 4969 1958 5023 ambu-

2071 4970 2214 5022 Ἐστι
2242 4969 2300 5022 δὲ
2332 4964 2398 5023 αὖ
2435 4970 2616 5024 πεδίον
2639 4970 2782 5022 λεῖον
2811 4968 3002 5040 ὥσπερ
3033 4987 3086 5038 τι
3121 4970 3216 5023 καὶ
3261 4969 3493 5040 άτραχυ,
3525 4970 3641 5033 τοῖς

365 5058 483 5114 lare
516 5068 742 5127 norunt,
769 5061 1057 5131 Scriptura
1082 5061 1348 5116 divinitus
1375 5061 1638 5131 inspirata
1663 5079 1677 5114 :
1711 5079 1729 5110 ‹
1759 5058 1956 5114 Omnia

2071 5062 2324 5130 ῑιαστείχε
2333 5078 2379 5114 ιν
2395 5061 2590 5114 εἰδόσιν
2607 5061 2785 5132 ὀρθῶς
2801 5064 2834 5132 ἡ
2853 5061 3207 5123 θεόπνευστος
3223 5061 3435 5131 Γραφή’
3457 5082 3473 5108 ι
3494 5059 3640 5113 Πάν-

366 5149 516 5205 enim
554 5149 609 5204 in
645 5163 938 5223 prospectu
975 5162 1104 5208 sunt
1133 5153 1220 5218 iis,
1259 5153 1353 5223 qui
1387 5151 1698 5221 intelligunt
1721 5151 1808 5215 ⁸³⁸,
1841 5169 1860 5202 ι
1895 5159 1957 5204 ιιι

2071 5171 2122 5207 τα
2163 5153 2272 5226 γὰρ
2312 5153 2543 5207 ἐνώπιον
2589 5156 2702 5216 τοῖς
2753 5151 3046 5218 cumcum,»
3100 5151 3244 5205 κατά
3299 5151 3355 5205 τὸ
3389 5167 3640 5223 γεγραμ-

367 5241 636 5312 scriptum
657 5254 768 5308 est,
799 5263 819 5294 ‹
847 5252 902 5298 et
924 5255 1074 5299 recta
1095 5244 1505 5300 invenientibus
1524 5241 1809 5298 scientiam
1836 5243 1900 5295 °°.
1927 5262 1946 5295 ›

2071 5248 2220 5317 μένον
2245 5264 2259 5278 ο
2303 5267 2322 5299 ι
2348 5249 2443 5302 καὶ
2471 5247 2609 5319 ὀρθά
2625 5250 2736 5312 τοῖς
2769 5247 3084 5318 εὑρίσκουσι
3112 5245 3335 5315 γνῶσιν.
3371 5264 3390 5296 ι
3426 5244 3638 5299 Οὐκοῦν

365 5335 539 5404 Igitur
571 5337 728 5406 spina
751 5336 974 5404 quidem
1002 5344 1086 5391 est
1123 5338 1213 5392 illa
1247 5351 1633 5408 perversorum
1665 5335 1952 5390 hominum

2071 5339 2268 5393 ἱκανθα
2297 5339 2398 5410 μὲν
2453 5341 2487 5411 ἡ
2536 5338 2902 5411 μυσάρωτάτη
2931 5339 3025 5392 καὶ
3065 5337 3292 5408 βέϐηλος
3337 5337 3638 5408 ἀθυροστο-

365 5428 718 5488 exsecrabilis
738 5429 972 5484 maxime
998 5439 1054 5484 et
1081 5432 1309 5499 profana
1332 5432 1638 5501 loquacitas
1664 5449 1676 5483 :
1707 5430 1952 5486 triticum

2071 5431 2159 5498 αία
2198 5431 2308 5484 τῶν
2347 5429 2796 5502 διεστραμμένων
2821 5447 2834 5461 ⁸
2897 5431 3041 5492 σῖτος
3087 5428 3144 5481 δὲ
3199 5428 3295 5481 καὶ⁸
3329 5427 3566 5498 ἄσταχυς
3605 5427 3638 5480 ὸ

365 5532 500 5574 vero
524 5525 582 5573 et
615 5519 764 5588 spica
799 5533 983 5574 sermo
1006 5521 1279 5588 veritatis,
1312 5523 1408 5593 qui
1433 5522 1630 5578 animis
1656 5521 1951 5580 utilitatem

2071 5522 2383 5593 ζλυχωφελής
2425 5538 2484 5575 τε
2537 5521 2632 5576 καὶ⁴
2668 5519 3084 5593 τροφιμώτατος
3116 5519 3214 5590 τῆς
3245 5518 3503 5592 ἀληθείας
3541 5517 3636 5573 λό-

469 5695 539 5728 ⁸⁶’
571 5697 762 5755 Matth.
791 5715 938 5764 xviii,
971 5701 1022 5755 6.
1086 5701 1150 5735 ⁸⁷⁸
1183 5701 1352 5758 ICor.
1385 5718 1495 5769 \‘lll,
1538 5703 1618 5757 l2.
1678 5705 1742 5737 ⁸⁸·
1764 5703 1935 5761 Exod.
1962 5753 1963 5756 η

2078 5743 2090 5770 ,
2132 5701 2182 5756 6.
2260 5703 2322 5733 ⁸⁹⁵
2349 5701 2480 5770 Sap.
2519 5719 2590 5768 ix,
2632 5702 2710 5756 16.
2767 5703 2807 5733 ⁶⁰
2831 5701 2993 5756 Prov.
3028 5700 3218 5766 “11,9.
