3966 6298
251 237 350 293 533

943 238 1031 295 DE
1071 237 1514 296 ADORATIONE
1553 239 1621 296 IN
1664 236 1934 295 suam}
1977 234 2064 292 ET
2097 233 2468 290 vannus.
2509 233 2636 288 us.
2678 219 2812 289 vin.

3421 242 3524 297 555

255 367 346 422 γος
371 368 386 384 ο
414 350 577 420 ψιλὸν
607 352 667 406 δὲ
713 353 916 421 πεδίον,
952 357 986 427 ἡ
1026 356 1382 420 θεόπνευστος
1405 357 1618 429 Γραφή.
1670 356 1837 410 Ὅταν

1942 351 2120 416 affert,
2143 359 2196 406 et
2217 349 2284 405 ad
2307 348 2665 404 nutriendum
2685 356 2768 404 est
2793 351 3107 420 aptissimus
3128 352 3145 416 ζ
3173 349 3369 422 planus
3390 369 3526 410 vero

261 443 430 496 τοίνυν
458 438 553 518 οἷά
585 460 694 516 περ
714 444 987 516 φλόγες,ἢ
1021 447 1129 520 πῦρ
1152 451 1265 512 τοῖς
1294 447 1401 502 τῶν
1429 447 1752 520 ἑτεροδόξων
1779 467 1838 502 τε

265 537 352 589 καὶ
377 535 650 606 Ἐλλήνων
670 541 1022 609 φενακισμοῖς
1051 540 1102 593 οἱ
1129 539 1237 594 τῶν
1269 541 1440 608 ἁγίων
1463 541 1842 612 μυσταγωγῶν

266 627 576 696 ὲπιφύοιντο
625 628 796 698 λόγοι,
835 632 947 694 τοῖς
978 631 1077 700 τῆς
1121 630 1379 701 ἀληθείας
1418 631 1842 704 συνηγοροῦντες

263 720 515 790 δόγμασι,
549 721 645 775 καὶ
675 720 742 774 τά
771 722 911 776 κατά
959 722 1125 792 μόνης
1161 723 1346 777 ἰόντων
1388 723 1633 795 ἀκάνθης
1674 725 1831 795 φησὶ,

263 812 356 866 καὶ
391 813 850 883 καταφλεγόντων
909 814 1008 885 μὲν
1047 815 1121 878 ὼς
1160 814 1436 886 ἄχρηστον
1485 815 1580 869 κεπι)⁸
1640 816 1840 887 ἀγρίαν

262 903 410 974 ὕλην,
450 904 522 958 τά
586 906 714 976 παρ’
761 906 988 970 ἐκείνοις
1043 908 1471 979 συγγράμματα,
1513 907 1588 979 μὴ
1637 907 1842 963 συναδι-

262 997 507 1050 κούντων
549 997 607 1050 δὲ
636 1000 784 1052 σῖτον
834 999 866 1070 ἢ
901 1000 1162 1070 ἀσταχυν,
1197 999 1494 1065 τουτέστιν,
1525 999 1840 1071 νηφέτωσαν

259 1091 305 1141 οε
334 1091 707 1159 μυσταγωγοὶ,
739 1091 815 1161 μὴ
856 1091 964 1162 ἀρα
991 1109 1045 1144 τι
1099 1093 1560 1164 καταπημήνειαν
1601 1092 1710 1146 τῶν
1742 1094 1841 1164 τῆς

257 1177 518 1248 ἀληθείας
550 1180 855 1250 δογμάτωψ
885 1181 919 1252 ἢ
953 1183 1108 1246 ῐστω,
1145 1183 1332 1254 φησὶν,
1362 1185 1392 1236 ό
1423 1184 1520 1237 σὺν
1569 1184 1838 1256 ἀσφαλείᾳ

260 1271 415 1324 τοῦτο
459 1272 594 1342 δρᾷν
631 1273 731 1327 ούκ
792 1274 1138 1344 ἀνεχόμενος,
1167 1275 1242 1338 ὡς
1305 1274 1470 1347 εῐπερ
1516 1293 1570 1329 τι
1629 1276 1839 1344 γένοιτο

263 1363 805 1435 πγκαταφλεχθῆναι
842 1368 954 1430 τοῖς
977 1366 1203 1436 φαύλοις
1249 1366 1358 1420 τῶν
1396 1369 1708 1436 ἀναγκαίων
1759 1370 1839 1432 εἰς

261 1455 463 1525 ὖνησιν,
491 1457 741 1510 ἀποτίσει
769 1457 869 1527 τῆς
889 1457 1220 1529 ἀπροσεξὶας
1245 1459 1372 1521 τοὺς
1404 1459 1610 1527 λόγους.
1641 1459 1839 1514 Alced-

262 1562 326 1617 νῃ
357 1547 421 1618 δὴ
441 1542 534 1600 οὖν
559 1548 692 1618 ὅσην
709 1549 860 1619 ἡμᾶς
883 1549 1154 1603 ποιεῖσθαι
1184 1549 1284 1620 τὴν
1311 1533 1468 1620 έπιτή
1479 1566 1636 1622 ρησιν
1663 1567 1834 1623 προσ-

1944 458 2169 514 campus
2191 442 2376 496 divina
2394 439 2699 511 Scriptura.
2718 439 2855 495 Cum
2877 442 3040 513 igitur
3061 443 3116 498 in
3138 444 3522 503 haereticorum

1942 536 2339 606 gentiliumque
2375 533 2632 604 ﬁgmenta
2668 540 2983 588 sanctorum
3010 535 3297 592 doctorum
3328 539 3519 606 verba,

1942 627 2212 698 dogmatis
2234 625 2483 681 veritatis
2504 624 2872 694 patrocinium
2893 623 3146 692 ferentia,
3179 627 3519 686 ﬂammarum

1942 727 2036 773 aut
2058 719 2199 789 ignis
2225 717 2418 782 instar,
2447 717 2710 787 impetum
2739 716 2990 779 fecerint,
3025 731 3125 788 per
3161 719 3345 788 spinas
3374 720 3520 776 dun-

1943 816 2093 864 taxat
2119 809 2440 872 decurrant,
2465 809 2667 878 inquit,
2691 815 2748 861 et
2777 807 2997 861 illorum
3025 808 3230 878 scripta
3263 818 3518 880 tanquam

1942 899 2191 954 inutilem
2231 899 2647 969 silvestremque
2688 899 2972 953 materiam
3013 899 3370 967 comburam;
3409 916 3524 959 non

1939 1000 2125 1048 autem
2158 992 2321 1047 simul
2347 992 2589 1047 triticum
2618 999 2714 1047 aut
2743 992 2922 1061 spicas
2957 992 3177 1058 laedant,
3218 993 3274 1048 id
3303 1003 3408 1059 est,
3435 994 3535 1058 at-'

1941 1082 2170 1138 tendant
2194 1083 2468 1148 doctores,
2496 1097 2565 1138 ne
2591 1083 2722 1153 quid
2748 1084 3010 1138 violente
3029 1083 3299 1155 dogmatis
3321 1061 3536 1141 verita-3

1939 1176 2009 1230 tis
2041 1190 2058 1230 :
2091 1183 2186 1231 aut
2209 1175 2363 1241 sciat,
2398 1176 2599 1245 inquit,
2623 1177 2739 1246 qui,
2767 1176 2821 1231 id
2853 1185 2915 1231 ut
2949 1183 3110 1232 caute
3145 1176 3374 1245 faceret,
3408 1192 3522 1233 non

1937 1269 2228 1334 laboravit,
2277 1270 2321 1324 si
2357 1269 2488 1340 quid
2520 1284 2733 1335 eorum,
2770 1285 2892 1340 quae
2926 1271 2992 1325 ad
3020 1285 3181 1324 usum
3208 1270 3522 1326 necessaria

1937 1371 2086 1429 sunt,
2128 1364 2290 1417 simul
2331 1379 2457 1417 cum
2493 1363 2709 1418 vitiosis
2741 1361 3078 1433 conﬂagrare
3112 1363 3424 1436 contigerit,
3463 1377 3522 1418 se

1936 1472 2128 1528 poenas
2151 1457 2532 1528 imprudentia:
2555 1457 2833 1514 daturum.
2856 1456 3112 1512 Advertis
3137 1457 3323 1529 igitur,
3349 1473 3536 1528 quan-V

1937 1558 2047 1604 tam
2072 1564 2174 1606 nos
2195 1550 2460 1606 adbibere
2482 1551 2790 1606 cautionem
2815 1550 3040 1621 jusserit
3071 1551 3371 1622 legislator,
3398 1551 3521 1604 ubi-

262 1641 481 1709 τέταχεν
521 1640 553 1693 ὸ
590 1639 920 1711 νομοθετῶν,
951 1641 1048 1711 τῆς
1089 1644 1169 1704 είς
1219 1641 1483 1711 ἀδελφοὺς
1516 1643 1736 1713 ἀγάπης
1775 1644 1836 1698 τὸ

1942 1657 2042 1711 que
2067 1642 2354 1698 charitatis
2376 1643 2432 1697 in
2454 1642 2657 1698 fratres
2682 1642 3053 1699 sinceritatem
3091 1657 3284 1712 puram
3323 1650 3379 1699 et
3411 1642 3518 1697 im-

264 1729 542 1800 εἰλικρινὲς
572 1729 844 1786 ἀθόλωτον
877 1731 1176 1797 ἀποσώζων
1207 1733 1494 1804 πανταχῆ;

324 1821 528 1876 ΠΛΛΛ.
562 1822 824 1895 Συνίημι.

1864 1705 1907 1760 Β

1937 1733 2314 1803 perturbatam
2355 1735 2620 1789 servans?

2009 1823 2205 1877 PALL.
2242 1824 2512 1894 intelligo.
2622 1848 2633 1890 δ

254 2037 3502 2070 W

822 2224 1213 2352 ΠΕΡΙ
1311 2226 1653 2354 ΤΗΣ
1757 2225 1962 2350 ΕΝ
2079 2216 2958 2358 ΠΝΕΥΜΑΤΙ

1248 2472 1250 2475 '
1502 2482 1698 2572 ΚΑΙ
1773 2480 2262 2618 ᾼΛΗΘΕΙΑ

678 2700 1900 2818 ΠΡΟΣΚΥΝΗΣΕΩΣ
1975 2703 2255 2813 ΚΑΙ
2346 2695 3092 2818 ΛΑΤΡΕΙΑΣ

959 2917 992 2948 ⁸
1431 2941 1798 3028 ΛΟΓΟΣ
1873 2941 2345 3032 ΟΓΔΟΟΣ.

383 3196 563 3380 DE
675 3265 1600 3384 ADOBATIONE
1692 3269 1876 3383 ET
1976 3269 2454 3388 CULTU
2569 3270 2715 3388 IN
2832 3271 3414 3394 SPIRITU

1414 3535 1578 3636 ET
1673 3529 2334 3638 VEBITATE

1355 3773 1712 3856 LIBER
1815 3776 2416 3860 OCTAVUS.

255 4083 375 4137 Ἔτι
410 4082 550 4158 περὶ
601 4082 846 4158 ἀγᾴπης
898 4083 1007 4151 τῆς
1051 4086 1138 4158 εις
1189 4083 1514 4158 ἀδελφοὺς.
1545 4084 1646 4139 καὶ
1683 4086 1834 4140 κατὰ

1942 4086 2071 4143 Item
2105 4088 2168 4142 de
2205 4088 2466 4142 charitate
2496 4089 2552 4158 ἔῃ
2575 4087 2789 4156 fratres,
2827 4096 2876 4140 et
2903 4088 2968 4141 de
2991 4103 3050 4142 eo
3073 4091 3163 4158 qui
3189 4089 3404 4157 furatur
3436 4089 3532 4148 υἰέ

422 4151 534 4207 τοῦ
578 4151 950 4218 κλέπτοντος
997 4155 1239 4222 μόσχον
1265 4153 1304 4222 ἢ
1338 4151 1655 4222 πρόϐατον.

325 4265 673 4336 Πανταχόθεν
721 4265 787 4337 δὴ
845 4260 958 4331 οὖν,
988 4260 1033 4320 ὦ
1058 4265 1344 4334 Παλλάδιε,
1379 4268 1528 4339 πάρα
1559 4286 1641 4322 σοι
1668 4271 1832 4333 νοεῖν,

259 4355 330 4420 ὡς
360 4357 558 4429 ὀρθούς
603 4375 665 4410 τε
712 4358 809 4412 καὶ
851 4357 1100 4427 ἀκριϐεῖς
1128 4360 1267 4427 ἄγαν
1305 4360 1578 4412 ποιεῖσθαι
1621 4359 1836 4414 κελεύει

259 4449 355 4520 τῆς
388 4449 782 4520 μυσταγωγίας
821 4451 948 4513 τοὺς
995 4449 1190 4519 λόγους
1223 4452 1318 4505 καὶ
1367 4452 1395 4504 ὁ
1445 4452 1621 4506 πάλαι
1647 4454 1832 4523 νόμος.

261 4541 374 4596 Οὐκ
401 4541 637 4613 ἀζήμιον
667 4542 724 4595 δὲ
756 4543 874 4605 τοῖς
919 4541 1194 4614 ὲξαπατᾷν
1235 4541 1451 4596 εἰωθόσι
1491 4541 1600 4597 τῶν
1646 4543 1836 4597 ἀπλουο

263 4633 469 4704 στέρων
496 4633 648 4698 τινάς
681 4634 742 4687 τὸ
772 4637 961 4706 χρῆμα
997 4636 1189 4701 τιθεὶς,
1226 4635 1330 4708 ἔφη
1353 4636 1515 4690 πάλιν
1534 4654 1548 4668 ο
1586 4655 1604 4688 ι
1629 4635 1753 4689 Ἐὰν
1779 4637 1836 4690 δέ

261 4741 346 4786 τις
371 4724 544 4796 κλέψῃ
592 4725 791 4795 μόσχον
824 4727 856 4797 ἦ
885 4727 1176 4798 πρόϐατον,
1209 4728 1304 4782 καὶ
1339 4726 1514 4798 σφάξῃ
1545 4726 1577 4798 ἢ
1609 4727 1831 4782 ἀποδῶ-

261 4833 374 4879 ται,
410 4817 571 4870 πέντε
628 4818 861 4888 μόσχους
898 4820 1149 4872 ἀποτίσει
1201 4820 1322 4874 ἀντὶ
1363 4818 1456 4874 τοῦ
1489 4819 1712 4890 μόσχου,
1744 4821 1839 4873 καὶ

265 4907 505 4978 τέσσαρα
534 4907 784 4979 πρόϐατα
814 4911 936 4962 ἀντὶ
972 4910 1067 4962 τοῦ
1096 4911 1393 4980 προϐάτου.
1436 4909 1562 4964 Ἐὰν
1594 4910 1652 4964 δὲ
1681 4911 1739 4964 ὲν
1761 4909 1838 4981 τῷ

265 4996 587 5069 διορύγματι
608 4999 806 5071 εὑρεθῇ
846 5003 874 5054 ὁ
910 5000 1167 5071 κλέπτης,
1196 5003 1288 5054 καὶ
1313 5003 1541 5072 πληγεὶς
1569 5001 1838 5073 ἀποθάνῃ,

266 5088 365 5141 οὐκ
390 5089 537 5144 ἔστιν
566 5090 714 5161 αύτῷ
755 5091 912 5159 φόνος
938 5109 950 5121 ο
990 5092 1082 5146 ὲάν
1111 5092 1167 5144 δὲ
1205 5092 1460 5166 ἀνατείλῃ
1505 5094 1533 5144 ὁ
1574 5092 1724 5163 ἥλιος
1754 5090 1840 5145 ἐπ’

267 5179 432 5251 αὐτῷ,
485 5181 668 5253 ἔνοχος
711 5181 887 5248 ἔσται,
923 5183 1399 5238 ἀνταποθανείται.
1468 5183 1597 5238 Ἐὰν
1653 5183 1708 5236 δὲ
1767 5183 1841 5254 μὴ

272 5272 486 5345 ὑπάρχῃ
531 5273 704 5344 αὐτῷ,
751 5275 1019 5346 πραθήτω
1062 5276 1183 5329 ἀντὶ
1220 5275 1314 5329 τοῦ
1358 5275 1672 5345 κλέμματος
1697 5291 1710 5305 ο
1746 5274 1840 5329 ὲάν

267 5361 326 5417 δὲ
349 5364 672 5436 καταληφθῇ
705 5367 800 5418 καὶ
822 5366 1021 5438 εὑρεθῇ
1045 5367 1102 5420 ἐν
1131 5370 1198 5439 τῇ
1231 5368 1373 5439 χε-ῑιρλ⁸
1404 5365 1570 5420 αὐτοῦ
1595 5365 1839 5437 κλέμμα,

269 5456 377 5514 ἀπό
405 5475 465 5510 τε
503 5458 626 5511 ὄνου
656 5459 750 5511 καὶ
795 5458 900 5522 ἓως
943 5459 1215 5529 προϐάτου
1267 5460 1464 5530 ζῶντα,
1498 5458 1662 5515 διπλᾶ
1703 5460 1838 5513 ἀπο·

272 5547 409 5602 τίσει
435 5551 595 5604 αύτά.
627 5569 645 5602 ›

339 5662 381 5693 ⁶¹
401 5664 573 5720 Exod.
602 5681 734 5732 χχιι,
763 5666 782 5719 l
806 5681 957 5736 seqq.

2473 4156 2664 4221 talum,
2691 4165 2786 4209 aut
2808 4172 2972 4210 ovem.

2005 4269 2164 4340 252
2194 4269 2442 4338 Undique
2469 4268 2656 4339 igitur,
2701 4267 2929 4335 Palladi,
2970 4270 3285 4341 perspicere
3319 4280 3498 4342 potes,

1934 4376 2098 4432 quam
2119 4368 2267 4416 recte
2289 4375 2354 4415 ac
2376 4359 2668 4431 diligenter
2690 4359 2758 4414 de
2778 4368 3096 4416 nostrorum
3123 4362 3512 4433 mysteriorum

1936 4453 2146 4508 ratione
2161 4451 2434 4508 disserere
2453 4451 2633 4522 prisca
2657 4466 2873 4521 quoque
2898 4451 2988 4508 lex
3007 4451 3217 4524 jubeat.
3232 4452 3350 4508 Jam
3377 4468 3512 4508 vero

1937 4547 2005 4603 iis
2016 4545 2110 4616 qui
2126 4544 2488 4615 simpliciores
2515 4542 2780 4613 quosdam
2809 4542 3063 4614 decipere
3083 4554 3510 4610 consueverunt,

1936 4653 2056 4695 eam
2083 4652 2201 4692 rem
2227 4651 2339 4692 non
2371 4635 2600 4689 inultam
2625 4649 2748 4690 esse
2783 4635 2992 4701 sinens,
3019 4650 3213 4690 rursus
3247 4635 3325 4689 ait
3353 4654 3365 4689 :
3396 4654 3414 4686 ‹
3454 4635 3512 4691 Si

1937 4727 2062 4798 quis
2081 4726 2297 4782 furatus
2320 4724 2491 4780 fuerit
2515 4724 2710 4780 bovem
2734 4734 2830 4780 aut
2847 4740 3026 4789 ovem,
3054 4732 3111 4778 et
3131 4725 3394 4780 occiderit
3419 4738 3514 4782 aut

1936 4818 2267 4884 vendiderit,
2303 4817 2545 4887 quinque
2574 4817 2776 4872 vitulos
2801 4816 3074 4886 persolvet
3099 4831 3205 4885 pro
3237 4815 3430 4884 vitulo,
3457 4826 3516 4874 et

1939 4918 2174 4981 quatuor
2199 4925 2330 4966 oves
2351 4925 2451 4980 pro
2481 4924 2582 4964 ove
2607 4928 2620 4962 :
2645 4907 2788 4978 quod
2828 4907 2874 4961 si
2911 4905 3225 4976 perfodiens
3260 4907 3518 4965 inventus

1939 5001 2234 5064 fueritfur,
2261 5007 2318 5055 et
2339 5013 2636 5070 percussus
2668 5005 2920 5052 mortuus
2944 4997 3133 5062 fuerit,
3171 5013 3282 5053 non
3317 5007 3400 5055 est
3426 5001 3517 5057 ille

1940 5108 2070 5149 reus
2092 5092 2257 5148 caedis
2286 5109 2299 5145 :
2325 5090 2409 5146 sin
2435 5099 2590 5145 ortus
2608 5089 2776 5144 fuerit
2798 5088 2878 5143 sol
2902 5103 3065 5159 super
3088 5104 3238 5155 eum,
3262 5106 3391 5146 reus
3412 5092 3518 5146 erit

1941 5200 2042 5255 pro
2063 5184 2232 5248 caede,
2255 5181 2522 5237 morietur
2555 5177 2744 5249 :‘quod
2779 5179 2826 5235 si
2865 5197 2978 5235 non
3017 5181 3162 5236 adsit
3185 5182 3234 5236 ei
3259 5182 3516 5238 substan-

1943 5278 2038 5343 tia,
2078 5276 2237 5347 253
2263 5274 2533 5330 vendatur
2567 5287 2668 5341 pro
2697 5270 2846 5326 furto
2873 5289 2884 5325 :
2913 5273 3006 5328 sed
3050 5273 3096 5328 si
3131 5273 3412 5327 inventum
3452 5286 3519 5328 ac

1948 5370 2351 5441 deprehensum
2381 5366 2547 5421 fuerit
2572 5365 2784 5420 furtum
2809 5365 2864 5419 in
2891 5381 3055 5420 manu
3085 5365 3225 5433 ejus,
3257 5361 3327 5416 ab
3361 5361 3518 5418 asino

1948 5470 2003 5518 ct
2027 5473 2198 5530 usque
2224 5457 2288 5512 ad
2315 5471 2492 5522 ovem,
2521 5454 2779 5521 viventia,
2805 5453 2971 5524 dupla
2991 5468 3055 5508 ea
3084 5450 3326 5507 exsolvet
3347 5449 3407 5504 “.
3441 5467 3462 5501 ι
