3966 6298
401 238 507 295 855

1433 236 1488 291 S.
1523 236 1798 293 CYRlLLl
1837 236 2310 294 ALEXANDRINI
2348 239 2668 299 ARCHIEP.

3552 242 3662 300 556

466 351 662 409 PALL.
700 349 856 406 Haud
884 364 1014 404 sane
1046 348 1369 418 perspicuus
1397 359 1481 404 est
1516 350 1607 404 hi‘c
1638 350 1794 405 locus
1821 369 1833 403 :
1873 351 1977 405 ita-

2153 352 2361 405 IIAAA.
2402 353 2477 406 Οὐ
2528 354 2732 427 σφόδρα
2781 358 2956 427 σαφὴς
3009 356 3037 409 ὁ
3087 356 3260 425 λόγος.
3314 358 3386 411 Σὺ
3441 356 3498 411 δὲ
3538 358 3567 410 ὃ
3608 355 3663 410 τί

395 462 502 516 que
525 445 759 510 enitere,
787 451 846 498 ut
869 442 1003 497 mihi
1030 440 1291 511 explices,
1314 441 1446 511 quid
1470 442 1691 498 tandem
1711 444 1858 499 istud
1881 445 1975 509 sit,

394 536 542 607 quod
564 550 665 606 per
692 534 922 604 aenigma
946 533 1133 590 divino
1160 535 1265 590 hoc
1291 550 1555 606 responso
1581 536 1916 606 praecipitur.

461 626 618 683 ΟΥΕ.
658 625 884 680 Multam
908 624 1055 679 haud
1092 625 1162 680 ab
1203 641 1263 680 re
1297 627 1585 683 constituit
1623 628 1732 693 lex,
1772 629 1818 683 si
1856 629 1982 698 quis

394 734 589 790 rapere
625 717 909 788 quidpiam
942 716 1187 779 tentarit,
1226 725 1283 772 et
1315 718 1538 773 cohibet
1574 719 1981 789 quodammodo

394 810 752 880 impotentem
783 824 976 864 earum
1001 824 1188 865 rerum
1211 810 1589 879 cupiditatem,
1621 827 1759 882 quas
1780 821 1878 867 aut
1900 813 1979 868 vi-

393 886 574 965 cinus,
623 908 722 954 aut
757 898 929 954 frater
963 899 1149 962 habet,
1196 900 1270 955 ita
1301 908 1381 966 ut,
1420 903 1636 957 etiamsi
1675 904 1975 975 contingat,

394 993 593 1063 inquit,
622 991 679 1046 in
705 992 824 1062 ipso
855 989 1005 1046 furto
1021 990 1196 1047 occidi
1223 1007 1373 1058 eum,
1395 993 1491 1061 qui
1518 992 1624 1048 hoc
1645 994 1853 1048 crimen
1878 994 1978 1050 ad-

392 1085 581 1147 mittit,
609 1083 664 1137 id
691 1083 870 1139 fraudi
893 1098 1005 1137 non
1028 1082 1100 1138 sit
1119 1083 1207 1146 iis,
1233 1083 1328 1155 qui
1355 1084 1661 1139 occiderint
1687 1103 1698 1137 :
1722 1085 1977 1140 eumdem

393 1175 695 1247 ignominia
717 1191 936 1246 quoque
970 1184 1147 1242 notat,
1174 1192 1301 1232 cum
1335 1176 1585 1231 decernit
1616 1176 1780 1232 vendi
1809 1192 1978 1247 Opor-

395 1278 532 1332 tere,
591 1268 637 1323 si
685 1268 823 1323 adeo
869 1268 1052 1323 tenuis
1090 1275 1194 1333 est,
1228 1277 1292 1323 ut
1331 1268 1497 1338 pretii
1546 1268 1979 1338 persolutionem

390 1357 539 1415 ferre
577 1375 689 1415 non
729 1359 936 1429 possit:
976 1367 1039 1415 ut
1075 1358 1144 1412 ad
1187 1358 1355 1412 vitam
1399 1368 1547 1414 recte
1588 1359 1979 1414 instituendam

396 1461 545 1508 metu
569 1453 880 1523 compellat.
917 1451 1153 1507 Interior
1192 1466 1357 1520 porro
1396 1466 1590 1506 sensus
1632 1450 1877 1505 historiae
1910 1451 1979 1506 ab

400 1543 507 1597 hoc
553 1542 715 1612 longe
751 1541 1006 1597 diversus
1052 1547 1136 1595 est
1182 1540 1441 1610 quidem:
1474 1540 1726 1610 proinde,
1759 1536 1819 1595 ut
1858 1540 1978 1595 fieri

395 1642 595 1705 potest,
636 1634 842 1704 optime
874 1633 1230 1704 explicemus.
1263 1633 1369 1687 Bos
1390 1648 1523 1702 ergo
1545 1640 1601 1686 et
1621 1632 1740 1686 ovis
1768 1631 1977 1685 anima-

395 1728 468 1782 lia
494 1725 699 1782 munda
726 1733 855 1781 sunt
882 1726 1046 1781 ambo
1080 1733 1136 1781 et
1165 1741 1346 1789 sacra,
1385 1733 1442 1779 et
1483 1726 1594 1779 Deo
1642 1725 1701 1779 in
1743 1723 1973 1778 odorem

396 1819 683 1875 suavitatis
703 1818 1036 1874 offeruntur.
1061 1818 1168 1874 Sed
1192 1818 1295 1872 hos
1319 1817 1545 1887 quidem
1575 1815 1858 1887 praestanti
1890 1824 1977 1871 est

400 1927 706 1984 magnoque
754 1892 1007 1982 corpore,
1050 1910 1182 1966 illud
1228 1925 1360 1965 vero
1392 1910 1627 1965 alterum
1666 1924 1836 1979 pecus
1863 1924 1975 1965 non

398 2005 529 2061 item
560 2023 574 2058 :
611 2019 738 2059 nam
781 2004 921 2059 bove
958 2005 1138 2058 minor
1177 2011 1261 2058 est
1311 2003 1449 2057 ovis.
1502 2002 1674 2057 Boum
1718 2001 1886 2073 igitur
1918 2011 1976 2057 et

395 2096 604 2159 ovium,
654 2104 711 2150 et
743 2094 1076 2149 mundorum
1131 2093 1537 2164 quodammodo
1582 2107 1975 2163 sacrorumque

395 2189 718 2244 animalium
750 2187 923 2243 instar
950 2195 1034 2243 est
1069 2186 1161 2265 illa
1184 2186 1470 2245 hominum
1506 2201 1604 2256 per
1627 2185 1788 2241 fidem
1808 2185 1973 2257 justi-

398 2282 686 2337 ticatorum
720 2288 912 2336 sancta
940 2279 1257 2345 multitudo,
1285 2288 1343 2335 et
1380 2276 1595 2335 findunt
1626 2279 1882 2351 ungulam
1919 2288 1975 2334 et
2002 2322 2007 2327 .

396 2377 705 2441 ruminant,
753 2376 908 2447 juxta
961 2375 1157 2446 legem,
1202 2381 1259 2429 et
1303 2373 1647 2428 excultorum
1694 2371 1975 2427 fructuum

396 2479 525 2524 sunt
549 2469 791 2540 operarii
819 2487 832 2522 :
863 2468 962 2523 bos
991 2468 1140 2522 enim
1179 2476 1385 2521 terram
1412 2464 1647 2530 excolit;
1689 2463 1811 2519 ovis
1833 2479 1974 2533 quo-

393 2580 502 2633 que
543 2563 826 2617 fructuosa
869 2569 953 2614 est
988 2578 1000 2613 :
1046 2568 1211 2628 atque
1253 2559 1343 2613 ille
1385 2557 1609 2628 quidem
1657 2565 1973 2612 vocatorum

394 2669 527 2723 grex
559 2651 614 2707 in
641 2651 845 2706 diuinis
862 2650 1037 2705 caulis
1058 2650 1306 2704 inclusus
1332 2656 1434 2714 est,
1459 2648 1514 2702 in
1541 2647 1792 2703 ecclesiis
1815 2662 1973 2702 nem—

394 2758 497 2814 pe;
535 2742 629 2798 sed
662 2742 978 2811 complures
1003 2741 1083 2796 illi
1114 2741 1262 2795 fures
1308 2737 1665 2804 insidiantur,
1698 2739 1794 2809 qui
1837 2738 1974 2795 eﬂ‘o—

395 2834 557 2888 diunt
589 2838 646 2886 et
671 2830 875 2886 sensim
902 2830 1171 2901 irrepunt,
1210 2847 1275 2888 ac
1311 2829 1977 2893 variisludificationibus

394 2922 607 2976 animas
630 2921 917 2976 hominum
939 2921 1337 2993 simpliciorum
1361 2923 1680 2989 extrahunt,
1703 2938 1788 2990 ac,
1804 2939 1979 2995 prope

2085 440 2217 494 ποτέ
2250 443 2365 494 ἐστι
2387 442 2447 495 τὸ
2478 442 2553 506 ὡς
2584 445 2642 496 ὲν
2672 444 2958 513 αἰνίγματι
2998 445 3515 516 χρησμῳδούμενον,
3542 462 3663 499 πει-

2087 532 2165 604 ρῶ
2193 551 2281 603 μοι
2318 534 2518 602 λέγειν.

2152 626 2315 680 ΚΥΡ.
2358 628 2570 699 Ζημίαν
2607 631 2637 682 6
2687 630 2850 701 νόμος
2898 630 3181 704 καθορίζει
3228 631 3516 703 χρησίμως
3562 632 3659 684 τοῦ

2082 720 2424 774 πλεονεκτεῖν
2458 720 2758 787 ἐθέλοντος,
2794 723 2890 777 καὶ
2920 724 3270 797 άνασειράζει
3300 725 3501 796 τρόπον
3538 723 3662 778 τινὰ

2080 811 2172 864 τὸν
2202 810 2506 867 ἀκάθεκτον
2553 815 2636 878 είς
2679 815 3002 887 ἐπιθυμίαν,
3048 811 3125 872 ὧν
3168 817 3235 872 ἂν
3278 817 3393 888 ἔχοι
3430 814 3657 887 τυχδνῆ

2082 905 2300 973 γείτων,
2337 904 2368 975 ἢ
2415 904 2670 974 ἀδελφὸς,
2698 906 2839 962 ὥστε
2881 908 2984 962 κᾶν
3021 910 3070 962 εί
3123 907 3354 978 γένοιτο,
3380 909 3564 979 φησιν,
3599 908 3660 960 ὲν

2081 995 2230 1067 αὐτῷ
2261 992 2514 1050 τεθνάναι
2542 996 2621 1067 τῷ
2650 997 2904 1054 κλέπτειν
2924 1000 3017 1054 τὸν
3051 1001 3146 1053 ἐπὶ
3189 999 3327 1070 τῷδε
3380 998 3658 1067 κάτεγνω·

2083 1090 2308 1158 σμένον,
2320 1089 2511 1141 οὐδένα
2539 1090 2963 1164 τοῖςὰνῃρηκόσι
2989 1092 3410 1163 προστρίϐεσθαι
3444 1089 3653 1161 μῶμον.

2094 1182 2292 1253 Ἀτιμᾷ
2319 1181 2376 1235 δὲ
2421 1182 2517 1236 καὶ
2546 1182 2741 1250 λέγων,
2775 1185 2858 1238 ὅτι
2898 1186 3167 1256 προσήκει
3199 1184 3534 1255 πιπράσκειν
3561 1183 3657 1236 αύ-

2078 1273 2193 1337 τὸν,
2223 1275 2271 1326 εί
2311 1271 2388 1343 μὴ
2428 1274 2562 1344 πρὸς
2597 1273 2806 1346 λύτρων
2848 1276 3068 1346 ἀντέχοι
3114 1274 3446 1345 καταϐολὴν,
3478 1275 3562 1337 εἴς
3591 1290 3656 1341 γε

2080 1364 2140 1418 τὸ
2166 1364 2364 1435 χρῆναι
2397 1363 2549 1434 βιοῦν
2581 1365 2796 1421 ἑλέσθαι
2829 1367 3013 1430 καλῶς
3045 1366 3385 1420 συνελαύνων
3416 1368 3529 1428 τοῖς
3550 1364 3659 1417 δείο

2084 1473 2237 1526 μασι.
2272 1455 2414 1519 Νοῦς
2445 1472 2510 1524 γε
2532 1455 2640 1527 μὴν
2672 1457 2770 1528 τῆς
2805 1458 3046 1525 ἱστορίας
3076 1458 3104 1509 6
3126 1457 3509 1527 κεκρυμμένος
3541 1456 3659 1508 ἓτε-

2084 1563 2174 1617 ρος
2206 1547 2274 1601 ἂν
2320 1545 2406 1618 εἴη
2451 1534 2625 1619 παρὰ’
2657 1547 2844 1602 τοῦτον
2881 1547 3039 1611 πολὺ,
3083 1546 3179 1600 καὶ
3228 1547 3309 1599 δεῖ
3352 1546 3448 1599 καὶ
3478 1544 3658 1613 λέγειν

2081 1639 2113 1709 ἡ
2123 1641 2228 1708 μᾶς
2261 1638 2336 1703 ὡς
2380 1638 2461 1693 ἔνι
2491 1640 2701 1704 καλῶς.
2723 1640 2944 1710 Μόσχος
2974 1639 3072 1711 μὲν
3112 1639 3177 1709 δὴ
3228 1638 3336 1692 καὶ.
3363 1636 3655 1709 πρόϐατον,

2078 1732 2294 1803 καθαρά
2329 1750 2389 1786 τε
2438 1732 2609 1804 ἄμφω
2655 1734 2750 1788 καὶ
2797 1733 2939 1803 ίερὰ,
2981 1732 3077 1786 καὶ
3110 1733 3192 1795 είς
3224 1730 3398 1802 ὀσμὴν
3430 1720 3658 1791 εύωδίας

2076 1822 2512 1894 ἀνακομιζόμενα
2538 1823 2616 1897 τῷ
2635 1823 2774 1894 Θεῷ.
2811 1821 2950 1876 Ἀλλ’
2978 1823 3009 1876 ό
3046 1822 3144 1892 μὲν
3178 1820 3377 1891 μόσχος
3403 1820 3461 1871 έν
3490 1818 3658 1887 ὑπερ-

2075 1918 2171 1986 οχῇ
2211 1917 2305 1968 καὶ
2348 1915 2569 1985 μεγέθει
2610 1914 2891 1986 σώματος·
2941 1913 3166 1984 θάτερόν
3231 1928 3295 1981 γε
3355 1910 3502 1981 μὴν,
3559 1908 3656 1977 οὐχ

2075 2005 2237 2060 οὕτω.
2274 2006 2493 2076 Μόσχου
2535 2006 2647 2078 γὰρ
2689 2008 2842 2076 μεῖον
2874 2005 2937 2059 τὸ
2982 2004 3280 2076 πρόϐατον.
3334 2002 3544 2072 Μόσχοι
3592 1998 3662 2068 δὴ

2075 2093 2167 2153 οὖν
2194 2099 2286 2152 καὶ
2301 2098 2547 2170 πρόϐατα
2580 2098 2770 2170 ὥσπερ
2799 2098 2922 2152 τινὰ
2945 2097 3059 2162 ζῶα
3086 2094 3305 2166 καθαρά
3321 2110 3379 2147 τε
3400 2088 3659 2160 καὶίερὼ-

2074 2208 2231 2255 τατα,
2274 2190 2383 2244 τῶν
2420 2189 2509 2244 διὰ
2540 2189 2779 2254 πίστεως
2811 2186 3251 2258 δεδικαιωμένων
3291 2186 3326 2256 ἠ
3362 2183 3493 2253 ἁγία
3524 2181 3659 2250 πλη-

2076 2284 2194 2351 θὺς,
2256 2283 2353 2339 καὶ
2399 2283 2742 2355 διχηλοῦντες
2779 2281 2973 2353 ὁπλὴν,
3024 2279 3123 2334 καὶ
3176 2275 3522 2349 μηρυκισμὸν
3566 2275 3661 2327 άν-

2075 2379 2320 2448 άγοντες,
2345 2378 2485 2430 κατὰ
2525 2376 2617 2429 τὸν
2648 2376 2830 2445 νόμον,
2859 2374 2954 2427 καὶ
2987 2372 3216 2444 καρπῶν
3243 2369 3464 2441 ἡμέρων
3492 2366 3660 2438 ἐργά-

2074 2485 2193 2521 ται·
2215 2468 2447 2536 γηπονεῖ
2472 2464 2581 2536 γᾴρ
2613 2467 2640 2518 6
2668 2465 2867 2534 μόσχος
2885 2480 2898 2493 ·
2930 2462 3211 2532 ἔγκαρπον
3237 2460 3293 2513 δὲ
3318 2459 3411 2512 καὶ
3437 2457 3499 2512 τὸ
3523 2455 3660 2526 πρό-

2077 2557 2259 2621 ϐατον,
2300 2557 2394 2608 καὶ
2447 2555 2846 2625 ὲνσεσήκασται
2899 2554 2998 2624 μὲν
3051 2553 3170 2615 ταῖς
3217 2550 3389 2613 θείαις
3443 2549 3657 2613 αὐλαῖς,

2054 2646 2371 2729 λτουτέστιν,
2403 2646 2462 2698 ὲν
2492 2645 2814 2717 ἐκκλησίαις
2850 2647 2887 2716 ἡ
2912 2644 3019 2698 τῶν
3053 2642 3405 2715 κεκλημένων
3439 2639 3611 2711 ἀγέλη
3640 2655 3655 2672 ο

2077 2739 2262 2793 πολλοὶ
2294 2738 2353 2792 δὲ
2378 2738 2497 2792 λίαν
2525 2741 2574 2791 oi
2606 2736 2835 2791 κλέπται
2891 2737 3019 2807 περὶ
3067 2734 3256 2806 αὐτὴν,
3293 2731 3667 2804 διορύττοντες

2078 2850 2136 2886 τε
2162 2832 2256 2886 καὶ
2281 2829 2754 2903 παρεισδύνοντες,
2789 2829 2884 2883 καὶ
2913 2828 3277 2899 πολυτρόποις
3303 2810 3658 2894 φενακισμοῖς

2081 2927 2181 2990 τάς
2207 2925 2316 2980 τῶν
2353 2923 2740 2995 ἁπλουστέρων
2777 2918 3313 2993 ψυχὰςεξέλκοντες,
3345 2917 3440 2971 καὶ
3471 2932 3658 2986 μονον-

394 3011 651 3076 dixerim,
687 3011 1101 3066 exterminatori
1132 3010 1345 3068 Satanae
1376 3012 1623 3067 vendunt
1651 3031 1664 3067 :
1695 3023 1976 3080 caeterum,

2083 3019 2201 3090 ουχὶ
2253 3015 2805 3087 καταπιπράσκοντες
2863 3013 2941 3085 τῷ
3000 3010 3343 3082 όλοθρεύοντι
3392 3007 3607 3077 Σατανᾷ
3637 3020 3654 3036 ο

395 3104 490 3173 qui
518 3102 625 3158 tale
651 3100 936 3172 quidpiam
963 3102 1149 3167 audet,
1173 3102 1415 3172 quinque
1443 3101 1632 3167 boves,
1659 3103 1857 3172 inquit,
1881 3120 1979 3173 pro

398 3210 509 3250 uno
531 3193 838 3265 persolvet;
865 3199 1105 3264 quatuor
1141 3193 1296 3258 item,
1323 3209 1426 3264 pro
1456 3209 1587 3259 una,
1615 3208 1745 3250 oves
1774 3211 1786 3247 :
1814 3195 1978 3264 quin-

396 3302 505 3358 que
536 3286 689 3343 enim
711 3284 1269 3356 partibus'majorem
1299 3296 1401 3355 pro
1433 3285 1573 3340 hove
1602 3286 1853 3352 multam,
1880 3301 1980 3356 pro

401 3390 506 3431 una
534 3391 727 3431 rursus
755 3389 878 3440 ove,
907 3374 1268 3446 quadruplam
1306 3374 1415 3429 furi
1446 3390 1569 3431 esse
1609 3375 1977 3447 irrogandam,

398 3465 579 3535 inquit
615 3483 628 3519 :
673 3465 729 3520 in
769 3480 901 3535 quo,
948 3474 1009 3522 ut
1044 3481 1165 3521 mea
1197 3464 1304 3521 fert
1335 3466 1542 3536 opinio,
1584 3481 1687 3536 pro
1721 3482 1983 3523 mensura

399 3557 704 3627 spiritualis
732 3557 788 3611 in
812 3557 1017 3613 virtute
1050 3557 1462 3628 magnitudinis,
1497 3573 1663 3627 quam
1687 3559 1780 3629 qui
1805 3558 1984 3629 perie-

398 3655 529 3703 runt
567 3646 864 3713 habebant,
901 3648 1130 3702 multam
1175 3647 1457 3717 imposuit.
1497 3648 1595 3703 Est
1640 3658 1826 3703 autem
1869 3664 1980 3704 non

400 3739 638 3796 absurde
667 3738 838 3809 figura
863 3747 921 3794 et
950 3737 1147 3793 umbra
1170 3738 1318 3793 illius
1347 3739 1404 3792 in
1426 3739 1629 3794 virtute
1659 3740 1983 3809 quantitatis

401 3832 519 3887 haec
556 3846 821 3901 corporea
843 3829 1195 3900 magnitudo;
1228 3845 1466 3899 namque
1506 3831 1769 3902 majorem
1801 3833 1982 3887 mino—

400 3938 586 3978 remve
603 3922 935 3992 probitatem
958 3921 1015 3976 in
1035 3921 1104 3976 iis
1124 3929 1295 3986 certe,
1319 3920 1413 3991 qui
1433 3922 1810 3987 crediderunt,
1836 3924 1982 3979 haud

401 4011 622 4068 difﬁcile
649 4022 736 4068 est
768 4012 959 4069 videre
988 4031 999 4066 :
1029 4029 1212 4083 neque
1247 4014 1396 4069 enim
1424 4030 1579 4084 aequa
1614 4023 1700 4070 est
1726 4016 1985 4073 omnibus

403 4119 666 4160 mensura
698 4122 710 4158 :
753 4104 917 4177 255
948 4123 967 4156 ι
1002 4103 1113 4161 Sed
1140 4106 1518 4177 unusquisque
1561 4115 1809 4163 nostrum
1851 4123 1982 4178 pro—

401 4196 583 4267 prium
625 4195 795 4251 habet
834 4196 1039 4251 donum
1087 4212 1155 4252 ex
1179 4198 1292 4252 Deo
1329 4217 1342 4251 :
1384 4197 1476 4253 hic
1513 4196 1735 4268 quidem
1760 4200 1858 4265 sic,
1893 4201 1985 4258 ille

401 4301 538 4343 vero
565 4288 646 4344 sic
668 4288 733 4341 “.
765 4308 783 4340 ι
814 4288 871 4344 Si
900 4288 1068 4360 igitur
1089 4288 1283 4361 furari,
1306 4290 1595 4360 perfodere
1618 4300 1905 4362 praeterea,
1928 4304 1986 4350 et

2079 3113 2220 3184 πλὴν
2257 3115 2285 3166 6
2314 3108 2591 3181 δεδρακώς
2631 3125 2684 3162 τι
2719 3104 2982 3170 τοιοῦτον,
3023 3103 3185 3157 πέντε
3236 3101 3469 3172 μόσχους
3519 3099 3655 3151 ἁπο-

2079 3203 2242 3268 τίσει,
2283 3202 2469 3272 φησὶν,
2499 3199 2616 3253 ἀνθ’
2648 3196 2786 3261 ἐνὸς,
2828 3195 2924 3251 καὶ
2963 3195 3205 3265 τέσσαρα
3254 3190 3502 3262 πρόϐατα
3535 3187 3657 3241 ἀντὶ

2078 3284 2172 3348 τοῦ
2202 3293 2494 3365 προϐάτου·
2521 3289 2963 3345 πενταπλασίονα
2983 3288 3082 3356 μὲν
3101 3285 3209 3356 γὰρ
3220 3285 3324 3337 ἐπὶ
3348 3283 3425 3353 τῷ
3450 3281 3654 3354 μόσχῳ,

2080 3387 2157 3457 τῷ
2195 3384 2482 3455 κεκλοφότι
2524 3383 2625 3456 τὴν
2673 3381 2856 3452 δίκην,
2892 3377 3325 3451 τετραπλασίονα
3355 3375 3411 3429 δὲ
3439 3375 3548 3428 δεῖν
3572 3372 3657 3437 ἐφ’

2081 3476 2162 3529 ἐνὶ
2185 3475 2443 3547 προϐάτῳ
2474 3472 2729 3543 γενέσθαι
2764 3470 2918 3541 φησι,
2955 3467 3098 3522 κατὰ
3139 3466 3199 3520 τὸ
3254 3466 3471 3536 μέτρον,
3503 3457 3658 3532 οἶμαί

2082 3586 2209 3633 που,
2250 3570 2351 3639 τῆς
2381 3565 2760 3637 πνευματικῆς
2805 3562 2926 3614 κατ’
2955 3560 3154 3632 ἀρετὴν
3202 3558 3519 3627 ποσότητος,
3553 3553 3658 3607 τῶν

2082 3659 2472 3730 ἀπολλυμένων
2518 3657 2727 3720 ἐπιθεὶς
2772 3653 2870 3726 τὴν
2921 3653 3160 3708 κόλασιν.
3188 3650 3369 3712 Τύπος
3406 3649 3449 3702 δ’
3477 3646 3544 3700 ἂν
3572 3645 3658 3714 εῐη

2083 3753 2175 3806 καὶ
2216 3751 2344 3807 σκιὰ
2384 3751 2481 3823 τῆς
2518 3751 2578 3802 ὲν
2618 3751 2786 3820 ἀρετῇ
2835 3746 3153 3817 ποσότητος,
3186 3744 3219 3813 ἡ
3252 3740 3568 3813 σωματική·
3598 3738 3661 3792 τὺ

2083 3846 2274 3915 γάρτοι
2306 3841 2547 3913 μεῖζονῆ
2590 3841 2739 3910 μεῖον
2791 3839 2849 3891 ἐν
2888 3834 3235 3898 ὲπιεικείαις,
3276 3830 3660 3900 ἀταλαίπωρον

2087 3937 2213 3989 ίδεῖν
2245 3934 2302 3987 ἐν
2334 3951 2395 4002 γε
2425 3934 2540 3994 τοῖς
2568 3929 3011 3989 πεπιστευκόσιν,
3043 3924 3165 3977 ἐπεὶ
3197 3923 3272 3994 μὴ
3306 3924 3363 3974 έν
3392 3920 3492 3990 ίσῳ
3522 3920 3660 3972 πάν-

2083 4045 2174 4091 τες
2195 4026 2355 4097 τυχόν
2380 4042 2391 4055 ⁸
2416 4042 2447 4081 ,ι
2493 4022 2631 4075 Ἀλλ’
2664 4021 2892 4082 ἕκαστος
2921 4016 3077 4089 ἡμῶν
3100 4016 3231 4069 ιδιον
3262 4013 3376 4083 ἔχει
3411 4012 3659 4084 χάρισμα

2085 4120 2149 4172 ὲκ
2168 4114 2324 4180 Θεοῦ,
2343 4117 2370 4168 ό
2388 4114 2486 4184 μὲν
2502 4112 2693 4175 οὕτως,
2715 4114 2743 4164 ό
2768 4109 2822 4163 δὲ
2856 4108 3075 4170 οὕτως.»
3096 4107 3160 4159 Εί
3175 4105 3231 4157 δὲ
3251 4103 3316 4174 δὴ
3331 4103 3577 4155 κλέπτων
3598 4118 3657 4155 τε

2086 4203 2179 4257 καὶ
2197 4200 2482 4273 διορύττων
2507 4198 2608 4261 ἔτι,
2629 4199 2720 4251 καὶ
2748 4195 2817 4250 τὰ
2845 4196 2945 4265 τῆς
2969 4191 3220 4266 λῃστείας
3249 4190 3382 4262 ἔργα
3414 4189 3658 4260 πληρῶν,

2086 4293 2162 4355 ὡς
2192 4293 2249 4343 ὲν
2280 4289 2433 4342 νυκτί
2470 4305 2532 4341 τε
2567 4288 2661 4341 καὶ
2696 4286 2871 4356 σκότῳ
2903 4282 3349 4354 καταφωραθείη,
3377 4282 3530 4353 φησι,
3563 4282 3662 4334 καὶ

401 4378 541 4435 furis
572 4394 804 4435 munera
822 4380 1043 4451 explere
1075 4380 1143 4435 de
1162 4390 1323 4436 nocte
1351 4391 1407 4437 et
1438 4381 1493 4436 in
1516 4384 1760 4440 tenebris
1784 4385 1978 4456 depre-

2084 4380 2389 4436 ὲκτεθνάτω
2416 4379 2567 4432 τότε’
2605 4378 2701 4431 καὶ
2738 4378 2797 4431 τὸ
2838 4377 3047 4447 χρῆμα,
3088 4375 3149 4427 οὺ
3189 4375 3368 4440 φόνος,
3416 4372 3540 4425 οὐδὲ
3582 4370 3664 4441 τῷ

405 4470 612 4527 hensus
648 4469 838 4536 fuerit,
865 4471 1065 4541 inquit,
1103 4480 1219 4526 tum
1253 4487 1386 4527 vero
1408 4473 1570 4529 liceat
1606 4475 1891 4540 occidere;
1926 4484 1982 4531 et

402 4579 468 4620 ea
488 4579 580 4621 res
601 4578 711 4620 non
751 4573 835 4620 est
860 4563 1056 4630 cades,
1094 4579 1273 4636 neque
1315 4564 1540 4631 faciens,
1575 4567 1823 4622 criminis
1854 4582 1982 4622 reus

403 4656 532 4710 erit.
562 4655 673 4711 Fur
701 4655 850 4712 enim
874 4664 1013 4720 erat,
1041 4656 1136 4727 qui
1171 4656 1370 4711 cecidit
1393 4666 1449 4713 et
1472 4659 1582 4712 vim
1608 4658 1898 4722 inferebat,
1928 4667 1985 4712 et

402 4746 535 4803 belli
556 4748 682 4818 jure
707 4762 882 4803 caesus
910 4755 995 4802 est
1021 4764 1034 4800 :
1062 4756 1139 4813 at,
1163 4749 1278 4802 sole
1303 4749 1414 4819 jam
1441 4758 1585 4815 orto,
1612 4760 1775 4821 atque
1797 4751 1985 4822 elapso

402 4838 623 4894 furandi
644 4847 913 4909 tempore,
936 4838 1159 4894 cohibet
1179 4840 1538 4910 percutientis
1557 4856 1799 4907 manum,
1821 4842 1985 4911 idque

405 4929 619 4987 facinus
642 4932 925 4988 homicidii
951 4934 1160 4990 crimen
1180 4945 1305 4990 ‘esse
1331 4934 1539 4989 definit.
1564 4935 1702 4990 Dum
1724 4936 1872 4991 enim
1897 4936 1986 4991 fur

404 5023 728 5091 spiritualis,
757 5027 993 5080 animam
1018 5024 1294 5083 credentis
1322 5027 1377 5082 in
1400 5025 1683 5082 Christum
1705 5027 1986 5098 depraeda-

406 5120 516 5174 tur,
549 5122 607 5168 et
640 5129 673 5168 a
709 5114 976 5171 charitate
1003 5117 1102 5172 Dei
1139 5117 1429 5181 abstrahit,
1466 5118 1509 5171 si
1546 5118 1599 5171 in
1629 5118 1748 5188 ipso
1777 5118 1984 5174 scelere

407 5201 787 5272 deprehensus
825 5204 1020 5273 fuerit,
1062 5224 1173 5263 non
1219 5207 1420 5279 injuria
1464 5216 1637 5263 morte
1674 5208 1980 5265 multatur:

407 5290 646 5351 animam
671 5296 818 5352 enim
839 5299 1061 5377 occidit,
1085 5316 1208 5371 qua:
1234 5300 1583 5372 praestantior
1606 5310 1690 5358 est
1712 5316 1940 5372 corpore
1967 5321 1982 5357 :

408 5393 466 5440 at
501 5402 653 5453 vero,
695 5404 823 5445 cum
860 5391 919 5446 in
949 5393 1068 5463 ejus
1106 5410 1325 5465 quoque
1365 5405 1604 5452 mentem
1644 5396 1721 5452 sol
1762 5405 1986 5452 exortus

410 5472 595 5544 fuerit,
624 5494 858 5552 eamque
889 5498 1019 5538 vera
1056 5485 1316 5555 cognitio,
1353 5487 1493 5544 lucis
1534 5503 1597 5543 ac
1639 5488 1747 5543 diei
1788 5489 1981 5555 instar,

517 5652 561 5685 ⁸⁸
590 5651 753 5708 iCur.
787 5667 881 5717 vn,
909 5653 959 5705 7.

2085 4474 2343 4543 δράσαντι
2391 4472 2600 4544 γραφή.
2643 4470 2975 4539 Πλεονέκτης
3022 4466 3130 4537 γὰρ
3170 4467 3263 4520 καὶ
3304 4464 3474 4534 βίαιος
3508 4466 3536 4517 ό
3565 4479 3664 4517 πε-

2091 4567 2220 4630 σὼν,
2252 4566 2347 4619 καὶ
2375 4564 2614 4635 πολέμου
2650 4562 2914 4631 τέτρωται
2948 4559 3101 4631 νόμῳ
3126 4574 3138 4587 ·
3175 4559 3326 4628 ἡλίου
3362 4557 3418 4610 δὲ
3448 4555 3664 4610 ἀνατεί-

2091 4661 2303 4723 λαντος,
2336 4658 2426 4713 καὶ
2456 4656 2860 4728 παρελάσαντος
2886 4652 2986 4724 ἥδη
3017 4651 3113 4705 τοῦ
3134 4652 3233 4721 τῆς
3266 4649 3516 4723 λῃστείας
3539 4665 3662 4701 και-

2096 4750 2214 4823 ροῦ,
2242 4750 2342 4819 τὴν
2395 4746 2488 4801 τοῦ
2540 4745 2864 4816 πλήττοντος
2915 4741 3087 4812 εἴργει
3136 4743 3313 4809 χεῖρα,
3351 4740 3444 4792 καὶ
3498 4738 3661 4805 φόνου

2092 4841 2309 4913 γραφὴν
2355 4835 2630 4909 καθορίξει
2657 4834 2749 4889 τοῦ
2792 4833 3156 4904 τολμήματος.
3182 4832 3328 4894 Ἕως
3372 4831 3470 4900 μὲν
3492 4828 3600 4899 γὰρ
3634 4830 3664 4881 6

2091 4934 2330 5001 κλέπτης
2361 4934 2388 4985 ό
2417 4929 2623 5001 νοητὸς,
2648 4928 2748 5000 τὴν
2768 4926 2861 4981 τοῦ
2898 4924 3283 4986 πιστεύσαντος
3312 4924 3390 4985 είς
3428 4921 3663 4991 Χριστὸν

2093 5025 2474 5082 καταλωϐᾶται
2526 5021 2721 5091 ψυχὴν,
2774 5020 2867 5073 καὶ
2915 5017 3135 5086 ἀγάπης
3194 5014 3400 5079 ὲξέλκει
3446 5012 3545 5082 τῆς
3583 5013 3665 5073 είς

2093 5119 2247 5182 Θεὸν,
2281 5118 2330 5170 εί
2364 5117 2421 5169 ὲν
2452 5115 2635 5178 αὐτοῖς
2668 5113 2820 5183 ἁλοίη
2868 5113 2981 5174 τοῖς
3015 5108 3469 5181 πλημμελήμασι,
3501 5103 3664 5158 πάθοι

2093 5213 2160 5268 ἂν
2197 5211 2294 5264 οὐκ
2328 5208 2524 5270 ἀδίκως
2555 5205 2646 5260 καί⁵
2694 5203 2754 5257 τδ
2797 5201 3112 5256 έκτεθνάναι
3155 5200 3263 5253 δεῖν
3287 5216 3299 5228 ·
3342 5195 3517 5267 ψυχὴν
3555 5192 3665 5266 γὰρ

2094 5302 2400 5365 ἀπέκτεινε,
2420 5276 2532 5368 ’τὴν
2573 5295 2782 5367 ἀμείνω
2830 5293 3113 5363 σώματος’
3162 5291 3313 5362 ἡλίου
3350 5289 3406 5341 δὲ
3449 5285 3663 5341 ἀνατείη

2092 5395 2281 5458 λαντος
2316 5392 2407 5447 καὶ
2436 5387 2580 5459 αὐτῷ
2602 5388 2742 5441 κατὰ
2772 5385 2913 5451 νοῦν,
2947 5385 3040 5439 καλ⁵
3079 5380 3474 5452 διαυγαζούσης
3499 5380 3576 5442 ὡς
3604 5377 3664 5429 ὲν

2091 5488 2240 5554 τάξει
2293 5484 2466 5556 ῳωτδς
2518 5482 2610 5536 καὶ
2651 5480 2885 5552 ἡμέρας,
2945 5478 3044 5547 τῆς
3095 5475 3326 5548 ἀληθοῦς
3385 5473 3660 5542 γνώσεως,
