3966 6298
152 278 246 339 6'57

837 279 926 336 DE
961 280 1401 337 ADORA'HONE
1440 282 1507 337 IN
1544 279 1812 338 SPIRITU
1852 280 1942 337 ET
1980 279 2346 336 VERITATE.
2392 276 2518 334 LIB.
2547 280 2680 335 VIII.

3322 275 3427 334 538

155 391 486 451 κινδυνεύειν
522 393 628 447 ούκ
660 395 747 465 ἑᾷ,
793 393 1079 459 κολάζεται
1115 395 1224 467 γὰρ
1273 393 1341 448 τὰ
1377 395 1569 459 νυκτὸς
1603 394 1739 466 ἔργα

1844 394 2220 459 illustraverit,
2248 394 2549 464 periclitari
2576 408 2686 447 non
2706 392 2873 449 sinit:
2898 409 3022 449 nam
3048 410 3217 464 opera
3244 396 3427 453 noctis

79 507 91 516 ν
157 489 247 543 καὶ
265 486 522 551 σκότους,
543 488 618 541 τά
645 486 705 541 δὲ
730 486 806 551 ὡς
833 488 891 539 ὲν
920 488 1059 558 φωτὶ
1082 487 1284 553 λοιπὸν,
1317 488 1417 542 οὐκ
1444 486 1544 543 ἔτι.
1583 489 1745 542 Ἀνεῖ-

164 579 350 635 σθαιδὲ
369 578 486 632 τῶν
521 579 771 649 ἀρχαίων
804 579 1187 651 ἐγκλημάτων,
1216 582 1310 635 καὶ
1338 579 1448 633 τῶν
1470 580 1528 634 ὲν
1551 581 1743 652 ἀγνοίᾳ

166 673 250 726 καὶ
283 671 488 741 σκότῳ,
525 670 847 724 δεδικαίωκε
892 669 1041 733 Θεὸς.
1097 671 1207 724 Καὶ
1253 670 1317 742 δὴ
1360 672 1453 725 καὶ
1501 669 1742 740 λεγέσθω

80 800 91 807 ι
164 766 267 826 τοῖς
316 762 375 830 ἐξ
431 761 714 833 ἁμαρτίας
764 762 845 825 είς
894 760 1010 830 φῶς
1066 760 1390 830 ἀφιγμένοις
1428 761 1488 814 τὸ
1530 762 1740 831 νοητὸν,

172 875 187 906 ι
217 851 358 909 *ΙΙτέ
394 871 532 909 ποτε
566 854 778 917 σκότος,
814 852 929 906 νυνὶ
962 852 1019 906 δὲ
1047 851 1164 923 φῶς
1204 855 1263 907 ὲν
1289 852 1499 924 Κυρίῳ.
1531 872 1550 905 ι
1585 852 1742 906 Οὕτω

165 945 510 999 δεδικαίωκεν
533 947 562 997 ό
594 944 803 1016 Κύριος
838 946 933 999 καὶ
957 945 1048 997 τὸν
1085 944 1370 999 θεσπέσιον
1393 944 1624 1008 Παῦλον,
1651 945 1741 998 τὸν

166 1037 428 1110 πρότερον
468 1037 599 1090 ὄντα
633 1035 972 1108 βλάσφημον,
1006 1037 1101 1090 καὶ
1140 1036 1397 1109 διώκτην,
1439 1037 1532 1091 καὶ
1582 1037 1740 1108 ὑδρι-

167 1131 324 1201 οτήν·
378 1129 504 1184 καθ’
553 1128 854 1201 ὑπερϐολὴν
894 1130 1005 1202 γὰρ
1044 1130 1234 1185 ἐδίωκε
1275 1130 1373 1200 τὴν
1417 1128 1742 1202 Ἐκκλησίαν

163 1220 250 1273 τοῦ
273 1217 439 1284 Θεοῦ,
466 1218 565 1273 καὶ
595 1218 816 1292 ἐπόρθει
843 1220 1035 1289 αὐτήν.

226 1398 441 1453 ΠΔΛΛ.
476 1398 708 1466 Ἀριστα
735 1396 890 1466 ἔφης.

228 1489 396 1542 ΚΥΡ.
454 1488 582 1541 Ἐἀν
620 1488 677 1542 δὲ
717 1489 791 1558 μὴ
832 1486 1077 1559 δύνηται,
1121 1487 1273 1559 φησὶ,
1304 1487 1469 1551 πέντε
1507 1486 1741 1558 μόσχους

166 1578 277 1633 ἀνθ’
313 1578 455 1642 ἑνὺς,
491 1579 584 1631 καὶ
614 1577 863 1648 πρόϐατα
886 1576 1127 1649 τέσσαρα
1158 1578 1276 1632 ἀνθ’
1315 1576 1453 1642 ἑνὸς,
1478 1577 1742 1647 πραθήτω

166 1667 280 1721 ἀντὶ
305 1665 402 1721 τοῦ
428 1667 760 1737 κλέμματος.
798 1666 959 1738 Ὁρᾷς
980 1668 1129 1730 ὅπως
1154 1666 1379 1737 ἀτιμίαν
1405 1669 1433 1721 6
1455 1667 1618 1737 νόμος
1641 1665 1741 1737 τὴν

1843 500 1907 539 ac
1960 485 2315 540 tenebrarum
2355 486 2691 556 puniuntur;
2726 499 2849 555 qua:
2889 494 3073 540 autem
3120 485 3178 541 in
3217 486 3427 544 lumine

1845 576 2003 641 ﬁunt,
2036 592 2149 631 non
2185 577 2354 632 item:
2397 575 2699 631 condonari
2733 582 2917 631 autem
2955 585 3141 632 vetera
3181 578 3421 634 crimina

1842 674 1898 721 et
1931 668 1987 721 in
2020 668 2235 722 inscitia
2258 683 2321 723 ac
2347 667 2595 724 tenebris
2623 665 2881 732 admissa,
2909 682 3127 737 aequum
3153 683 3273 723 esse
3296 685 3425 725 cen-

1843 752 1954 810 suit
1978 756 2138 812 Deus.
2166 758 2353 828 Itaque
2380 758 2594 813 dicatur
2615 757 2704 824 iis,
2728 757 2824 828 qui
2854 757 2921 812 de
2945 764 3173 828 peccato
3215 758 3281 812 ad
3309 759 3423 828 spi-

1842 847 2040 903 rituale
2076 848 2260 904 lumen
2295 858 2667 919 pervenerunt
2695 867 2707 903 :
2747 868 2765 901 ι
2802 849 2980 905 Eratis
3013 849 3309 919 aliquando
3340 857 3423 906 te-

1842 939 2060 1005 nebrae;
2094 955 2241 995 nunc
2273 949 2456 996 autem
2496 942 2587 995 lux
2625 941 2681 995 in
2720 940 2951 995 Domino
2981 941 3046 994 ⁸³.
3092 960 3111 992 ι
3146 940 3237 995 Sic
3258 941 3424 1011 justi-

1842 1027 2025 1082 ﬁcavit
2060 1028 2327 1084 Dominus
2366 1030 2534 1084 etiam
2578 1029 2799 1085 beatum
2844 1029 3097 1093 Paulum,
3134 1029 3228 1099 qui
3269 1031 3425 1100 prius

1840 1118 2020 1174 fuerat
2039 1120 2414 1190 blasphemus,
2444 1128 2499 1175 et
2518 1129 2858 1191 persecutor,
2883 1128 2938 1177 et
2957 1122 3420 1190 contumeliosus;

1841 1225 2006 1281 supra
2032 1212 2257 1267 modum
2288 1214 2437 1267 enim
2480 1213 2916 1284 persequebatur
2956 1213 3255 1271 Ecclesiam
3300 1216 3419 1281 Dei,

1840 1311 1897 1358 et
1919 1302 2247 1359 devastabat
2270 1303 2417 1359 illam
2446 1305 2511 1359 “.

1911 1396 2108 1451 PALL.
2139 1395 2358 1466 Optime
2385 1398 2546 1453 dicis.

1908 1486 2066 1543 CYR.
2103 1487 2310 1555 Quodsi
2339 1503 2450 1543 non
2492 1491 2719 1560 poterit,
2750 1491 2950 1563 inquit,
2986 1495 3230 1565 quinque
3253 1495 3423 1551 boves

1840 1594 1938 1649 pro
1983 1593 2114 1645 uno,
2154 1587 2391 1650 quatuor
2418 1583 2585 1637 etiam
2621 1597 2753 1638 oves
2789 1600 2891 1654 pro
2932 1600 3040 1640 una
3083 1587 3418 1655 persolvere,

1840 1668 2110 1723 vendatur
2131 1683 2234 1738 pro
2270 1669 2439 1725 furto.
2468 1672 2632 1727 Vides
2661 1682 2723 1728 ut
2756 1673 2843 1728 lex
2868 1675 3221 1746 ignominiam
3246 1678 3420 1732 servi-

166 1757 504 1830 δουλοπρεπῆ
559 1756 905 1827 καταγράφει
964 1755 1151 1828 σαφῶς
1203 1756 1313 1810 τῶν
1362 1756 1587 1827 διηνεκῆ
1640 1758 1735 1810 καὶ

1844 1761 1942 1815 lem
1961 1766 2148 1829 aperte
2171 1762 2415 1816 sanxerit
2436 1762 2491 1816 in
2512 1778 2628 1826 eos,
2651 1765 2767 1833 qui,
2787 1779 2912 1819 cum
2933 1768 3151 1823 assidue
3172 1776 3419 1838 peccent,

168 1851 483 1903 ἀνέκνιπτον
516 1848 751 1918 ἐχόντων
799 1847 898 1919 τὴν
946 1847 1250 1919 ἁμαρτίαν,
1290 1848 1384 1902 καὶ
1427 1847 1569 1918 μηδ’,
1612 1847 1739 1899 ὅσον

169 1942 349 2005 εξπείν,
395 1937 620 2010 λύτροις
660 1937 1061 2006 ἀποκρούεσθαι
1101 1937 1169 1990 τά
1216 1927 1540 2009 ἐγκλήματα
1577 1936 1737 1989 δυνα-

173 2031 355 2097 μένων,
384 2028 478 2083 διά
498 2046 558 2082 τε
580 2028 765 2099 τὸτῆς
783 2029 1006 2099 γνώμης
1033 2027 1257 2093 ἀσθενὲς
1275 2029 1379 2082 οὐκ
1396 2018 1741 2099 ἀνεχομένων

175 2121 339 2190 ίδροῦν
360 2122 445 2184 είς
477 2120 840 2192 μετάγνωσιν,
877 2122 971 2175 καὶ
997 2120 1085 2174 διὰ
1113 2120 1221 2174 τῶν
1255 2121 1335 2184 είς
1365 2120 1524 2173 τοῦτο
1557 2120 1741 2174 πόνων

172 2210 597 2281 ὶκμειλξττεσθαι
623 2211 791 2275 Θεόν;
824 2209 1239 2281 Πιπράσκεσθαι
1279 2211 1342 2280 δὴ
1375 2206 1468 2264 οὖν
1506 2206 1567 2264 εὖ
1594 2211 1737 2282 μάλα

173 2301 338 2373 φησίν.
375 2302 822 2374 Ἔναριθμεῖσθαι
847 2302 955 2373 γὰρ
982 2304 1084 2356 οὐκ
1123 2305 1188 2375 ἑᾷ
1213 2306 1325 2366 τοῖς
1349 2302 1441 2356 διά
1461 2302 1560 2373 τῆς
1589 2302 1738 2368 θείας

174 2398 376 2466 χάριτος
406 2393 895 2466 ἡλευθερωμένοις,
929 2396 1056 2458 τοὺς
1084 2394 1227 2449 οὕτω
1273 2394 1735 2466 μεμολυσμένους.

185 2487 565 2558 Ἐξωθούμενοι
602 2488 660 2541 δὲ
690 2489 790 2558 τῆς
821 2491 933 2552 τοῖς
961 2487 1265 2559 ἐλευθέροις
1310 2488 1626 2561 πρεπούσης
1666 2507 1742 2543 τι·

176 2579 288 2649 μῆς,
303 2579 636 2634 ἀκούσονται
656 2580 752 2634 καὶ
774 2580 926 2634 αὐτοί
945 2594 960 2611 ⁸
987 2600 1005 2631 ι
1029 2581 1159 2635 Ἰδοὺ
1175 2583 1295 2644 ταῖς
1313 2579 1566 2652 ἀνομίαις
1585 2584 1616 2635 ὁ
1623 2583 1739 2653 μῶν

172 2672 457 2744 ἑπράθητε.
483 2691 503 2725 ι
537 2673 601 2726 El
620 2672 974 2742 δὲικεκλοφὼς
1002 2673 1097 2744 μὲν
1115 2673 1289 2744 ἁλοίη,
1308 2674 1494 2745 φησιν,
1514 2673 1664 2727 οὔπω
1682 2674 1739 2727 δὲ

172 2763 383 2829 ἀνελὼν,
407 2763 714 2828 τουτέστιν,
733 2766 783 2818 εἰ
804 2764 1138 2835 φενακισμοῦ
1157 2765 1252 2819 καὶ
1265 2767 1482 2837 ἀπάτης
1499 2766 1745 2837 ἀρξάμε-

172 2872 249 2919 νος
262 2856 360 2926 τῆς
374 2858 455 2921 εἰς
467 2855 558 2909 ὲτέ
566 2873 689 2928 ρους
709 2857 912 2911 καταλα
920 2857 1175 2928 μόάνοιτό
1194 2874 1285 2921 τις
1293 2857 1401 2911 τῶν
1414 2860 1501 2911 ἑτε
1508 2858 1741 2930 ροδοξεῖν

172 2949 451 3012 εἰωθότων,
477 2948 782 3022 νενικηκὼς
812 2950 869 3004 δὲ
915 2949 1067 3004 οὔπω
1119 2952 1212 3004 καὶ
1250 2953 1625 3020 κατακομίσας
1662 2953 1743 3015 είς

171 3038 378 3111 δλεθρον
406 3042 538 3103 τοὺς
563 3042 971 3112 ἀκροωμένους,
1001 3042 1248 3096 ἀποτίσει
1277 3042 1460 3096 διπλᾶ.
1506 3042 1736 3115 Ἀναλή-
1764 3072 1807 3129 c

171 3129 321 3197 ψεται
353 3129 468 3202 γὰρ
492 3131 556 3183 τὸ
587 3132 786 3185 οἰκεῖον
808 3132 837 3183 6
883 3133 979 3202 τῆς
1009 3132 1213 3203 ἀγέλης
1239 3133 1528 3202 δεσπότης,
1568 3150 1737 3205 προσ-

169 3221 583 3292 εξαιτηθήσεται
607 3222 665 3275 δὲ
692 3223 788 3274 καὶ
804 3222 994 3291 λόγους
1025 3226 1052 3277 6
1080 3223 1385 3295 βωμολόχος
1403 3242 1416 3254 ·
1446 3224 1605 3277 τοῦτο
1631 3225 1740 3296 γὰρ

168 3311 229 3367 ἂν
281 3313 373 3384 εἴη
415 3312 479 3366 τὸ
525 3314 580 3366 ὲν
618 3314 822 3384 διπλῷ·
856 3315 950 3368 καὶ
985 3313 1187 3385 ζημίαν
1219 3316 1482 3385 ὑπομενεῖ
1510 3316 1609 3387 τὴν
1660 3318 1740 3378 είς

171 3405 418 3460 θάνατον.
456 3406 521 3459 Ὅ
550 3406 656 3477 γάρ
701 3406 938 3478 ἠθέλησε
990 3407 1123 3479 δρᾷν
1172 3408 1254 3471 είς
1301 3408 1542 3479 ἑτέρους,
1577 3408 1739 3463 πάθοι

171 3498 230 3552 ἀν
250 3498 415 3556 αὐτὸς
435 3498 531 3552 καὶ
569 3498 713 3569 μάλα
741 3498 988 3563 εἰκότως.

238 3589 444 3644 ΠΑΛΛ.
499 3589 588 3654 Ὠς
612 3589 853 3662 ὀλέθριόν
877 3608 934 3644 τε
963 3589 1057 3645 καὶ
1088 3591 1366 3645 πάνδεινον
1394 3590 1608 3661 ἀληθῶς
1633 3590 1741 3644 τῶν

173 3681 414 3749 φσνὼιων
456 3681 521 3736 τὺ
566 3683 774 3753 χρῆμα,
816 3682 945 3753 περὶ
969 3674 1044 3737 ὧν
1071 3678 1226 3753 οἶμαί
1270 3700 1371 3735 που
1419 3682 1512 3735 καὶ
1577 3681 1741 3736 αὐτὸν

174 3768 574 3839 προαγορεῦσαι
607 3769 870 3841 Χριστόν⁸
908 3789 928 3822 ι
971 3771 1275 3842 Προσέχετε
1304 3771 1414 3824 ἀπὸ
1448 3771 1558 3824 τῶν
1587 3773 1745 3845 ὲρχου

178 3862 344 3930 μένων
378 3862 517 3933 πρὸς
545 3863 688 3933 ὑμᾶς
727 3864 784 3916 ὲν
816 3862 1073 3935 ἐνδύμασι
1108 3863 1414 3935 προϐάτων,
1445 3863 1647 3918 ἔσωθεν
1685 3865 1741 3919 δέ

178 3954 271 4005 εἰσι
297 3952 454 4007 λύκοι
482 3954 751 4025 ἅρπαγες.
792 3972 813 4005 ι

235 4043 396 4097 ΚΥΡ.
454 4041 660 4111 Ὀρθῶς
705 4038 798 4097 οὖν
829 4045 861 4097 6
886 4043 1050 4114 νόμος
1076 4043 1154 4106 ὡς
1186 4043 1369 4115 θηρῶν
1413 4045 1640 4116 ἀγρίων,
1680 4047 1744 4100 τὸ

177 4132 484 4186 ἐκτεθνάναι
516 4132 630 4189 δεῖν
674 4132 872 4196 παντὸς
904 4131 1110 4187 τοιοῦδε
1153 4133 1608 4203 καταψηφίζεται.
1642 4135 1742 4188 Γέεσ

174 4235 408 4289 γραπται
434 4219 545 4290 γὰρ
583 4220 641 4275 ὲν
673 4220 773 4290 μὲν
824 4223 893 4291 τῇ
954 4220 1181 4291 Ἐξὸδῳ’
1225 4239 1245 4272 ι
1294 4220 1421 4274 Ἐὰν
1459 4222 1633 4295 κλέψῃ
1660 4223 1744 4287 τίς

173 4327 286 4365 τινα
311 4311 421 4365 τῶν
456 4310 591 4364 υἱῶν
635 4310 868 4383 Ἰσραὴλ,
898 4311 995 4365 καὶ
1030 4310 1538 4375 καταδυναστεύσας
1580 4313 1745 4367 αὑτὸν

171 4402 464 4467 ἀποδῶται,
498 4404 595 4456 καὶ
618 4402 814 4474 εὑρεθῇ
844 4404 902 4457 ὲν
936 4401 1106 4473 αὐτῷ,
1141 4401 1355 4474 θανάτῳ
1379 4402 1734 4458 τελευτάτω.»

181 4492 265 4547 Ἐν
319 4493 380 4547 δέ
427 4511 493 4563 γε
549 4493 626 4564 τῷ
675 4494 1104 4565 Δευτερονομίῳ·
1151 4513 1171 4546 t
1232 4494 1358 4547 Ἐὰν
1400 4494 1460 4547 δὲ
1499 4493 1614 4564 ἁλῷ
1650 4494 1744 4548 ἀν-

171 4584 383 4657 θρωτοος
424 4585 673 4640 κλέπτων
702 4585 881 4657 ψυχὴν
909 4588 975 4641 ὲκ
1001 4586 1110 4641 τῶν
1139 4586 1383 4655 ἀδελφῶν
1415 4586 1602 4652 αὐτοῦ,
1636 4585 1743 4638 τῶν

169 4679 296 4732 υἱῶν
342 4679 584 4751 Ἰσραὴλ,
607 4678 703 4732 καὶ
726 4678 1231 4743 καταδυναστεύσας
1261 4679 1422 4735 αὐτὸν
1448 4676 1741 4743 ἀποδῶται,

170 4768 519 4822 ἀποθανεῖται
553 4769 581 4821 6
626 4768 865 4839 κλέπτης
900 4770 1127 4832 ἐκεῖνος.
1165 4788 1185 4825 ι
1222 4770 1298 4823 Οὐ
1337 4769 1445 4841 γάρ
1476 4786 1558 4822 τοι
1587 4769 1744 4840 θέμις

167 4859 223 4911 τὸ
248 4858 397 4929 ἱερὸν
424 4859 483 4910 ὲν
516 4858 739 4930 Χριστῷ
768 4857 1171 4930 καταδῃοῦσθαι
1193 4858 1367 4928 γένος,
1390 4860 1487 4913 καὶ
1516 4860 1596 4923 είς
1623 4860 1745 4912 δου-

167 4950 313 5006 λείαν
338 4953 441 5005 οὐκ
474 4952 695 5023 ὲντριόῆ
733 4952 1197 5022 κατακομίζεσθαι
1239 4970 1329 5007 ποι
1358 4953 1515 5024 παρά¹
1540 4969 1605 5022 γε
1630 4952 1741 5007 τῶν

164 5039 325 5095 τοῦτο
364 5042 502 5113 δρᾷν
546 5042 847 5097 εἰωθότων⁸
902 5043 1092 5114 ὥσπερ
1148 5045 1256 5114 γάρ
1296 5027 1347 5097 δι
1380 5045 1448 5099 τὰ
1482 5045 1742 5117 μειράκια

170 5130 570 5197 φενακίζοντες,
609 5133 819 5197 πόλεώς
856 5151 917 5187 τε
949 5136 1044 5188 καὶ
1078 5134 1266 5190 οἰκιῶν
1294 5136 1738 5206 ἀπονοσφίζουσι,

168 5223 257 5275 καὶ
299 5222 638 5293 αὐχημάτων
684 5224 825 5279 αὐτὰ
849 5225 959 5279 τῶν
1000 5225 1302 5298 ἐλευθέρων
1341 5227 1737 5299 ἐκπέμποντες,

168 5315 274 5377 τοῖς
300 5313 401 5383 τῆς
431 5315 740 5386 ἀναγκαίας
771 5316 1011 5382 δουλείας
1049 5318 1380 5389 ὑποφέρουσι
1416 5318 1620 5388 ζυγοῖς·
1651 5319 1742 5374 τὸν

170 5402 535 5477 Minucium,
562 5408 792 5479 τρόπον,
822 5408 870 5460 οἱ
885 5410 1009 5473 τοὺς
1032 5408 1168 5480 ὀρθά
1185 5413 1403 5480 φρονεῖν
1427 5411 1736 5482 ἑλομένους,

164 5493 256 5545 καὶ
281 5493 374 5549 τδν
400 5498 711 5570 ἐλευθέροις
746 5498 1019 5568 πρέποντα
1045 5498 1149 5568 βίον
1179 5500 1611 5571 ἐπιτηδεύοντας,
1643 5506 1735 5558 ἐπὶ

1836 1863 1947 1903 non
1977 1856 2160 1903 tamen
2196 1851 2410 1918 peccati
2444 1853 2688 1907 maculas
2725 1853 2978 1921 abluunt,
3009 1873 3210 1927 neque,
3255 1868 3315 1914 ut
3349 1859 3423 1914 ita

1837 1940 2036 2004 dicam,
2073 1940 2253 2011 pretio
2277 1941 2425 2007 dato,
2449 1951 2677 2012 possunt
2697 1945 2928 2000 crimina
2950 1947 3220 2017 depellere
3241 1967 3254 2002 :
3275 1949 3425 2020 quod

1837 2030 2039 2084 mentis
2079 2028 2399 2086 inﬁrmitate
2443 2032 2674 2089 sudores
2711 2035 3049 2103 poenitentiae
3074 2039 3341 2107 perferre,
3366 2048 3423 2095 et

1836 2121 2009 2176 Deum
2041 2121 2313 2191 ejusmodi
2336 2122 2621 2178 laboribus
2647 2125 2865 2195 placare
2889 2128 3102 2183 nolint?
3124 2130 3296 2185 Vendi
3324 2130 3423 2202 igi-

1840 2221 1930 2267 tur
1950 2227 2049 2268 eos
2072 2212 2380 2268 rectissime
2399 2213 2558 2285 jubet
2582 2232 2595 2268 :
2632 2230 2813 2286 neque
2834 2218 2981 2273 enim
3010 2219 3260 2276 homines
3283 2221 3421 2278 adeo

1838 2298 2155 2376 inquinatos
2176 2306 2448 2376 permittit
2470 2307 2614 2362 inter
2633 2323 2730 2363 eos
2750 2313 3054 2376 numerari,
3086 2313 3178 2383 qui
3207 2328 3306 2384 per
3323 2314 3422 2369 Dei

1839 2390 2069 2466 gratiam
2104 2393 2269 2449 liberi
2300 2393 2430 2448 facti
2463 2402 2609 2448 sunt.
2645 2396 2871 2466 Expulsi
2914 2408 3095 2453 autem
3131 2400 3199 2455 ab
3231 2415 3299 2454 eo
3323 2399 3424 2453 ho-

1840 2503 1995 2551 nore,
2021 2488 2116 2558 qui
2137 2489 2329 2543 liberis
2349 2490 2629 2552 convenit,
2654 2490 2882 2544 audient
2905 2491 3070 2545 etiam
3096 2492 3200 2561 ipsi
3229 2510 3243 2544 :
3278 2510 3295 2542 ι
3321 2491 3423 2547 Ec-

1841 2595 1901 2635 ce
1924 2581 1977 2634 in
2006 2580 2393 2650 iniquitatibus
2422 2580 2621 2636 vestris
2641 2582 2851 2637 venditi
2874 2584 3008 2638 estis
3033 2584 3099 2636 ⁶⁸.
3141 2602 3160 2634 ι
3190 2583 3347 2649 Quod
3377 2584 3425 2638 si

1839 2672 2045 2727 furtum
2069 2664 2512 2744 quidem-fecisse
2535 2684 2849 2746 compertus
2867 2674 3054 2741 fuerit,
3076 2675 3320 2730 nondum
3343 2683 3425 2730 ta-

1840 2777 1967 2818 men
1998 2767 2284 2831 occidisse,
2313 2767 2369 2821 id
2395 2753 2498 2835 est,
2534 2767 2696 2837 255
2734 2767 2779 2822 si
2811 2769 2935 2840 quis
2971 2767 3131 2823 aliter
3157 2767 3421 2834 sentiens,

1841 2870 2002 2925 quam
2038 2856 2175 2912 ﬁdes
2197 2858 2348 2913 recta
2385 2859 2712 2928 praescribit,
2742 2858 2930 2913 fallere
2956 2859 3181 2928 quidem
3203 2865 3260 2913 et
3277 2858 3426 2913 deci-

1840 2961 1973 3016 pere
1996 2960 2223 3004 cmteros
2254 2950 2478 3004 molitus
2515 2966 2637 3005 esse
2672 2950 3139 3020 deprehendatur,
3176 2948 3424 3003 nondum

1846 3047 2026 3093 tamen
2056 3039 2254 3095 vicisse
2282 3051 2377 3096 aut
2398 3041 2469 3095 ad
2494 3041 2794 3111 perniciem
2816 3041 3097 3095 auditores
3131 3039 3422 3109 perduxis—

1841 3146 1919 3195 se,
1962 3130 2189 3199 duplum
2231 3133 2507 3201 persolvet
2535 3150 2547 3185 :
2579 3148 2709 3187 nam
2770 3132 3026 3187 dominus
3053 3133 3232 3202 gregis
3260 3148 3421 3188 suum

1839 3220 2089 3291 recipiet,
2125 3229 2181 3276 et
2232 3221 2328 3275 ille
2367 3237 2590 3291 quoque
2630 3221 2920 3276 insidiator
2956 3236 3146 3291 pmnas
3186 3222 3301 3277 luet
3344 3221 3419 3293 (id

1837 3311 1987 3365 enim
2003 3319 2089 3365 est
2110 3310 2384 3381 duplum),
2410 3326 2474 3365 ac
2496 3312 2689 3365 mortis
2714 3327 2873 3380 poena
2898 3310 3241 3365 multabitur.
3264 3308 3421 3377 Quod

1838 3402 1986 3456 enim
2020 3401 2141 3457 aliis
2179 3400 2361 3457 facere
2398 3401 2601 3468 voluit,
2643 3401 2699 3457 id
2732 3402 2849 3473 ipse
2890 3403 3014 3474 jure
3059 3402 3267 3472 optimo
3320 3416 3420 3473 pa-

1840 3494 2032 3548 tietur.

1910 3586 2106 3641 PALL.
2154 3587 2535 3643 Perniciosum
2559 3602 2691 3643 sane
2732 3602 2797 3643 ac
2842 3601 3007 3659 grave
3025 3593 3112 3640 est
3156 3585 3419 3654 decepto-

1841 3695 1963 3733 rum
1988 3680 2222 3746 crimen,
2277 3680 2346 3736 de
2392 3681 2596 3751 quibus
2637 3681 2817 3750 ipsum
2875 3692 3098 3749 quoque
3138 3676 3418 3733 Christum

1839 3772 2162 3842 praedixisse
2198 3780 2368 3843 puto:
2403 3792 2420 3825 ι
2450 3771 2737 3827 Attendite
2761 3772 2829 3826 ab
2853 3771 2922 3826 iis
2952 3770 3046 3840 qui
3078 3771 3316 3825 veniunt
3349 3767 3419 3825 ad

1840 3877 1938 3918 vos
1966 3863 2023 3917 in
2043 3864 2392 3919 vestimentis
2448 3863 2668 3929 ovium,
2708 3862 3046 3917 intrinsecus
3072 3869 3257 3917 autem
3291 3867 3421 3915 sunt

1841 3954 1957 4025 lupi
1981 3971 2210 4025 rapaces
2231 3956 2296 4010 “.
2321 3975 2340 4007 ι

1912 4044 2071 4100 CYR.
2093 4047 2264 4100 Recte
2289 4047 2456 4115 igitur
2475 4045 2564 4099 lex
2576 4045 2643 4099 de
2655 4041 2971 4114 hujusmodi
2993 4042 3272 4106 omnibus,
3294 4049 3420 4095 tan-

1843 4150 2007 4203 quam
2031 4133 2100 4188 de
2133 4134 2265 4189 feris
2287 4134 2508 4196 belluis,
2563 4141 2872 4187 extremum
2906 4130 3245 4199 supplicium
3288 4143 3419 4184 san-

1843 4227 1943 4280 xit:
1969 4225 2248 4294 Scriptum
2271 4232 2359 4280 est
2389 4224 2539 4278 enim
2565 4223 2620 4277 in
2644 4221 2833 4276 Exodo
2858 4220 3081 4289 quidem
3105 4237 3119 4273 :
3158 4239 3177 4271 ε
3208 4218 3265 4276 Si
3293 4220 3419 4289 quis

1844 4319 2061 4374 furatus
2086 4316 2254 4372 fuerit
2277 4317 2513 4384 aliquem
2536 4314 2604 4369 de
2644 4312 2773 4368 {iliis
2820 4312 3011 4377 Israel,
3035 4319 3093 4367 et
3124 4313 3179 4367 vi
3227 4312 3417 4382 oppri-

1775 4441 1818 4494 υ
1846 4424 2001 4466 mens
2040 4423 2167 4463 eum
2207 4406 2554 4470 vendiderit,
2578 4413 2635 4461 et
2675 4405 2934 4459 inventus
2976 4403 3145 4459 fuerit
3188 4404 3244 4459 in
3275 4403 3416 4473 ipso,

1848 4511 2024 4558 morte
2057 4500 2327 4556 moriatur
2354 4499 2420 4553 ⁶⁷.
2444 4518 2463 4550 ι
2514 4498 2578 4552 In
2630 4495 3062 4552 Deuteronomio
3100 4509 3232 4551 vero
3259 4512 3272 4548 :
3307 4514 3325 4547 ι
3356 4494 3415 4551 Si

1846 4602 2031 4649 autem
2076 4591 2453 4661 deprehensus
2477 4588 2649 4644 fuerit
2674 4589 2841 4643 homo
2863 4588 3038 4644 furari
3071 4585 3308 4642 animam
3350 4600 3418 4641 ex

1843 4680 2106 4736 fratribus
2128 4681 2265 4744 suis,
2294 4678 2422 4733 ﬁliis
2445 4678 2637 4742 Israel,
2662 4685 2717 4733 et
2750 4679 2801 4732 vi
2848 4678 3185 4748 opprimens,
3233 4675 3414 4744 ipsum

1847 4773 2177 4838 vendiderit,
2223 4771 2494 4826 morietur
2520 4770 2610 4825 fur
2634 4770 2726 4825 ille
2750 4769 2816 4824 ".
2850 4788 2868 4819 ι
2897 4768 3016 4822 Non
3039 4766 3188 4821 enim
3212 4764 3295 4819 fas
3330 4772 3416 4819 est

1845 4863 1983 4920 illud
2028 4877 2247 4919 sacrum
2294 4862 2352 4915 in
2392 4860 2618 4917 Christo
2662 4875 2835 4931 genus
2859 4857 3057 4927 praedae
3104 4855 3413 4925 expositum

1844 4956 2059 5020 esse,’et
2080 4954 2150 5009 ad
2174 4954 2497 5009 servitutem
2522 4954 2795 5007 insuetam
2821 4949 2889 5004 ab
2915 4948 2983 5002 iis
3021 4946 3227 5017 quibus
3245 4945 3303 5000 id
3329 4945 3413 5001 fa-

1844 5056 1971 5102 cere
1992 5046 2166 5101 moris
2191 5054 2296 5109 est,
2321 5045 2593 5116 pertrahi.
2619 5044 2691 5100 Ut
2724 5040 2871 5097 enim
2897 5039 2992 5109 qui
3040 5053 3246 5109 pueros
3266 5037 3418 5093 deci-

1844 5139 2026 5209 piunt,
2055 5153 2152 5195 eos
2175 5154 2206 5194 a
2229 5138 2456 5193 civitate
2480 5144 2538 5192 et
2584 5133 2840 5190 domibus
2878 5132 2993 5187 suis
3032 5130 3337 5195 abducunt,
3359 5137 3416 5185 et

1844 5232 2187 5288 ornamentis
2208 5231 2484 5287 libertatis
2524 5227 2876 5298 exspoliatos,
2904 5233 3108 5281 coacta:
3129 5222 3415 5280 servitutis

1842 5325 1974 5395 jugo
2000 5324 2325 5395 subjiciunt,
2353 5321 2571 5385 eodem,
2593 5327 2659 5374 ut
2682 5319 2904 5388 opinor,
2933 5317 3120 5380 modo,
3145 5315 3240 5385 qui
3267 5312 3412 5367 mul-

1844 5415 2126 5485 tiplicibus
2147 5420 2583 5468 commentorum
2607 5424 2834 5465 suorum
2862 5406 3281 5478 deceptionibus
3320 5418 3416 5457 eos

1842 5508 1934 5578 qui
1964 5515 2113 5563 recte
2141 5503 2412 5568 sentiunt,
2458 5511 2515 5557 et
2543 5502 2669 5557 vitae
2714 5515 2886 5571 genus
2924 5497 3181 5554 excolunt
3222 5494 3416 5549 liberis

266 5685 305 5716 “
328 5686 532 5758 Ephes.
560 5700 619 5753 ν,
644 5683 699 5737 8.
778 5680 1091 5749 “ITim.t,
1130 5684 1213 5739 I3.
1277 5682 1513 5751 "Isau,
1560 5684 1608 5740 1.
1659 5684 1742 5739 ⁸⁸1

1844 5683 1915 5738 ιηὴ.
1948 5699 2036 5739 γη.
2074 5683 2154 5737 15.
2226 5684 2269 5713 ετ
2297 5680 2467 5736 Exod.
2493 5698 2600 5746 xxv,
2638 5681 2725 5737 l6.
2777 5681 2818 5713 "
2848 5681 3005 5735 Deut.
3035 5678 3245 5742 XXIV,7.
