  <div class='ocr_page' id='page_1' title='image "/cluster/home/n/w/nwhite01/storage/ocr_20150623/68/pst.000005712694/283.png"; bbox 0 0 3966 6298; ppageno 0'>
   <div class='ocr_carea' id='block_1_1' title="bbox 532 305 636 363">
    <p class='ocr_par' dir='ltr' id='par_1_1' title="bbox 532 305 636 363">
     <span class='ocr_line' id='line_1_1' title="bbox 532 305 636 363; baseline 0 0"><span class='ocrx_word' id='word_1_1' title='bbox 532 305 636 363; x_wconf 70' lang='grc' dir='ltr'>ὕὸθ</span> 
     </span>
    </p>
   </div>
   <div class='ocr_carea' id='block_1_2' title="bbox 1554 280 2795 348">
    <p class='ocr_par' dir='ltr' id='par_1_2' title="bbox 1554 280 2795 348">
     <span class='ocr_line' id='line_1_2' title="bbox 1554 280 2795 348; baseline -0.011 0"><span class='ocrx_word' id='word_1_2' title='bbox 1554 291 1609 348; x_wconf 92' lang='lat' dir='ltr'><strong>S.</strong></span> <span class='ocrx_word' id='word_1_3' title='bbox 1651 290 1926 348; x_wconf 77' lang='lat' dir='ltr'><strong>CYRILLI</strong></span> <span class='ocrx_word' id='word_1_4' title='bbox 1965 287 2438 345; x_wconf 70' lang='lat' dir='ltr'><strong>ALEXANDRINI</strong></span> <span class='ocrx_word' id='word_1_5' title='bbox 2477 280 2795 339; x_wconf 77' lang='lat' dir='ltr'><strong>ARCHIEP.</strong></span> 
     </span>
    </p>
   </div>
   <div class='ocr_carea' id='block_1_3' title="bbox 3696 276 3797 334">
    <p class='ocr_par' dir='ltr' id='par_1_3' title="bbox 3696 276 3797 334">
     <span class='ocr_line' id='line_1_3' title="bbox 3696 276 3797 334; baseline 0 0"><span class='ocrx_word' id='word_1_6' title='bbox 3696 276 3797 334; x_wconf 59' lang='lat'><strong>5&amp;0</strong></span> 
     </span>
    </p>
   </div>
   <div class='ocr_carea' id='block_1_4' title="bbox 535 388 2127 482">
    <p class='ocr_par' dir='ltr' id='par_1_4' title="bbox 535 405 2113 482">
     <span class='ocr_line' id='line_1_4' title="bbox 535 405 2113 482; baseline -0.01 -10"><span class='ocrx_word' id='word_1_7' title='bbox 535 412 857 472; x_wconf 88' lang='lat' dir='ltr'><strong>hominibus</strong></span> <span class='ocrx_word' id='word_1_8' title='bbox 881 409 1131 482; x_wconf 86' lang='lat' dir='ltr'><strong>dignum,</strong></span> <span class='ocrx_word' id='word_1_9' title='bbox 1160 406 1228 464; x_wconf 88' lang='lat' dir='ltr'><strong>ad</strong></span> <span class='ocrx_word' id='word_1_10' title='bbox 1252 422 1408 464; x_wconf 89' lang='lat' dir='ltr'><strong>suam</strong></span> <span class='ocrx_word' id='word_1_11' title='bbox 1451 405 1839 462; x_wconf 74' lang='lat' dir='ltr'><strong>stultissimam</strong></span> <span class='ocrx_word' id='word_1_12' title='bbox 1884 411 2113 460; x_wconf 85' lang='lat' dir='ltr'><strong>senten-</strong></span> 
     </span>
    </p>
   </div>
   <div class='ocr_carea' id='block_1_5' title="bbox 2229 388 3797 482">
    <p class='ocr_par' dir='ltr' id='par_1_5' title="bbox 2229 388 3797 471">
     <span class='ocr_line' id='line_1_5' title="bbox 2229 388 3797 471; baseline -0.008 -15"><span class='ocrx_word' id='word_1_13' title='bbox 2229 403 2280 459; x_wconf 74' lang='grc' dir='ltr'><strong>τὸ</strong></span> <span class='ocrx_word' id='word_1_14' title='bbox 2336 402 2518 471; x_wconf 78' lang='grc' dir='ltr'>σφίσιν</span> <span class='ocrx_word' id='word_1_15' title='bbox 2558 399 2743 460; x_wconf 78' lang='grc' dir='ltr'>αὐτοῖς</span> <span class='ocrx_word' id='word_1_16' title='bbox 2788 392 3126 464; x_wconf 84' lang='grc' dir='ltr'>ἀνοητότατα</span> <span class='ocrx_word' id='word_1_17' title='bbox 3177 388 3394 456; x_wconf 82' lang='grc' dir='ltr'><strong>δοκοῦν,</strong></span> <span class='ocrx_word' id='word_1_18' title='bbox 3444 388 3797 455; x_wconf 77' lang='grc' dir='ltr'><strong>πολυπλόκοις</strong></span> 
     </span>
    </p>
   </div>
   <div class='ocr_carea' id='block_1_6' title="bbox 533 499 2118 567">
    <p class='ocr_par' dir='ltr' id='par_1_6' title="bbox 533 499 2118 567">
     <span class='ocr_line' id='line_1_6' title="bbox 533 499 2118 567; baseline -0.006 -6"><span class='ocrx_word' id='word_1_19' title='bbox 533 507 668 563; x_wconf 87' lang='lat' dir='ltr'><strong>tiam</strong></span> <span class='ocrx_word' id='word_1_20' title='bbox 692 503 994 567; x_wconf 87' lang='lat' dir='ltr'><strong>adducunt,</strong></span> <span class='ocrx_word' id='word_1_21' title='bbox 1018 501 1086 557; x_wconf 91' lang='lat' dir='ltr'><strong>de</strong></span> <span class='ocrx_word' id='word_1_22' title='bbox 1126 499 1278 556; x_wconf 90' lang='lat' dir='ltr'><strong>furto</strong></span> <span class='ocrx_word' id='word_1_23' title='bbox 1300 515 1366 555; x_wconf 91' lang='lat' dir='ltr'><strong>ac</strong></span> <span class='ocrx_word' id='word_1_24' title='bbox 1424 499 1717 555; x_wconf 79' lang='lat' dir='ltr'><strong>latrocmio</strong></span> <span class='ocrx_word' id='word_1_25' title='bbox 1750 499 2118 560; x_wconf 86' lang='lat' dir='ltr'><strong>humanarum</strong></span> 
     </span>
    </p>
   </div>
   <div class='ocr_carea' id='block_1_7' title="bbox 534 593 2117 663">
    <p class='ocr_par' dir='ltr' id='par_1_7' title="bbox 534 593 2117 663">
     <span class='ocr_line' id='line_1_7' title="bbox 534 593 2117 663; baseline -0.007 -8"><span class='ocrx_word' id='word_1_26' title='bbox 534 599 845 655; x_wconf 85' lang='lat' dir='ltr'><strong>animarum</strong></span> <span class='ocrx_word' id='word_1_27' title='bbox 868 596 949 652; x_wconf 92' lang='lat' dir='ltr'><strong>rei</strong></span> <span class='ocrx_word' id='word_1_28' title='bbox 972 594 1173 650; x_wconf 89' lang='lat' dir='ltr'><strong>merito</strong></span> <span class='ocrx_word' id='word_1_29' title='bbox 1201 593 1355 658; x_wconf 83' lang='lat' dir='ltr'><strong>ﬁent,</strong></span> <span class='ocrx_word' id='word_1_30' title='bbox 1383 607 1687 663; x_wconf 62' lang='lat' dir='ltr'><strong>poenasque</strong></span> <span class='ocrx_word' id='word_1_31' title='bbox 1714 600 1961 647; x_wconf 81' lang='lat' dir='ltr'><strong>extremo</strong></span> <span class='ocrx_word' id='word_1_32' title='bbox 1983 605 2117 659; x_wconf 89' lang='lat' dir='ltr'><strong>sup-</strong></span> 
     </span>
    </p>
   </div>
   <div class='ocr_carea' id='block_1_8' title="bbox 538 679 2120 760">
    <p class='ocr_par' dir='ltr' id='par_1_8' title="bbox 538 679 2120 760">
     <span class='ocr_line' id='line_1_8' title="bbox 538 679 2120 760; baseline -0.004 -19"><span class='ocrx_word' id='word_1_33' title='bbox 538 687 707 760; x_wconf 88' lang='lat' dir='ltr'><strong>plicio</strong></span> <span class='ocrx_word' id='word_1_34' title='bbox 732 687 912 742; x_wconf 89' lang='lat' dir='ltr'><strong>luent.</strong></span> <span class='ocrx_word' id='word_1_35' title='bbox 967 683 1300 755; x_wconf 88' lang='lat' dir='ltr'><strong>Hujusmodi</strong></span> <span class='ocrx_word' id='word_1_36' title='bbox 1349 682 1672 738; x_wconf 86' lang='lat' dir='ltr'><strong>hominibus</strong></span> <span class='ocrx_word' id='word_1_37' title='bbox 1719 697 1901 751; x_wconf 88' lang='lat' dir='ltr'><strong>neque</strong></span> <span class='ocrx_word' id='word_1_38' title='bbox 1959 700 1976 732; x_wconf 81' lang='grc' dir='ltr'><strong>ι</strong></span> <span class='ocrx_word' id='word_1_39' title='bbox 2004 679 2120 735; x_wconf 79' lang='lat' dir='ltr'><strong>Ave</strong></span> 
     </span>
    </p>
   </div>
   <div class='ocr_carea' id='block_1_9' title="bbox 539 769 2115 844">
    <p class='ocr_par' dir='ltr' id='par_1_9' title="bbox 539 769 2115 844">
     <span class='ocr_line' id='line_1_9' title="bbox 539 769 2115 844; baseline -0.005 -15"><span class='ocrx_word' id='word_1_40' title='bbox 539 776 794 832; x_wconf 78' lang='lat' dir='ltr'><strong>dixeritis</strong></span> <span class='ocrx_word' id='word_1_41' title='bbox 820 776 888 841; x_wconf 80' lang='lat'><strong>‘°,</strong></span> <span class='ocrx_word' id='word_1_42' title='bbox 922 794 940 826; x_wconf 71' lang='grc' dir='ltr'><strong>ι</strong></span> <span class='ocrx_word' id='word_1_43' title='bbox 991 774 1174 844; x_wconf 85' lang='lat' dir='ltr'><strong>inquit</strong></span> <span class='ocrx_word' id='word_1_44' title='bbox 1221 772 1521 828; x_wconf 90' lang='lat' dir='ltr'><strong>Salvatoris</strong></span> <span class='ocrx_word' id='word_1_45' title='bbox 1554 771 1731 825; x_wconf 86' lang='lat' dir='ltr'><strong>nostri</strong></span> <span class='ocrx_word' id='word_1_46' title='bbox 1774 769 2115 839; x_wconf 85' lang='lat' dir='ltr'><strong>discipulus:</strong></span> 
     </span>
    </p>
   </div>
   <div class='ocr_carea' id='block_1_10' title="bbox 539 858 2119 936">
    <p class='ocr_par' dir='ltr' id='par_1_10' title="bbox 539 858 2119 936">
     <span class='ocr_line' id='line_1_10' title="bbox 539 858 2119 936; baseline -0.006 -13"><span class='ocrx_word' id='word_1_47' title='bbox 539 882 651 923; x_wconf 87' lang='lat' dir='ltr'><strong>non</strong></span> <span class='ocrx_word' id='word_1_48' title='bbox 674 865 822 936; x_wconf 89' lang='lat' dir='ltr'><strong>quod</strong></span> <span class='ocrx_word' id='word_1_49' title='bbox 848 864 1167 920; x_wconf 81' lang='lat' dir='ltr'><strong>inhumanis</strong></span> <span class='ocrx_word' id='word_1_50' title='bbox 1191 878 1292 917; x_wconf 92' lang='lat' dir='ltr'><strong>nos</strong></span> <span class='ocrx_word' id='word_1_51' title='bbox 1316 877 1439 918; x_wconf 90' lang='lat' dir='ltr'><strong>esse</strong></span> <span class='ocrx_word' id='word_1_52' title='bbox 1472 860 1724 916; x_wconf 87' lang='lat' dir='ltr'><strong>moribus</strong></span> <span class='ocrx_word' id='word_1_53' title='bbox 1776 859 1994 925; x_wconf 83' lang='lat' dir='ltr'><strong>doceat,</strong></span> <span class='ocrx_word' id='word_1_54' title='bbox 2022 858 2119 914; x_wconf 87' lang='lat' dir='ltr'><strong>sed</strong></span> 
     </span>
    </p>
   </div>
   <div class='ocr_carea' id='block_1_11' title="bbox 539 952 2118 1032">
    <p class='ocr_par' dir='ltr' id='par_1_11' title="bbox 539 952 2118 1032">
     <span class='ocr_line' id='line_1_11' title="bbox 539 952 2118 1032; baseline -0.005 -17"><span class='ocrx_word' id='word_1_55' title='bbox 539 959 686 1032; x_wconf 91' lang='lat' dir='ltr'><strong>quod</strong></span> <span class='ocrx_word' id='word_1_56' title='bbox 709 959 777 1014; x_wconf 89' lang='lat' dir='ltr'><strong>ad</strong></span> <span class='ocrx_word' id='word_1_57' title='bbox 799 958 1135 1014; x_wconf 88' lang='lat' dir='ltr'><strong>commercia</strong></span> <span class='ocrx_word' id='word_1_58' title='bbox 1185 972 1312 1013; x_wconf 90' lang='lat' dir='ltr'><strong>cum</strong></span> <span class='ocrx_word' id='word_1_59' title='bbox 1364 956 1495 1031; x_wconf 85' lang='lat' dir='ltr'><strong>lupo</strong></span> <span class='ocrx_word' id='word_1_60' title='bbox 1539 954 1802 1021; x_wconf 88' lang='lat' dir='ltr'><strong>ineunda,</strong></span> <span class='ocrx_word' id='word_1_61' title='bbox 1829 954 2020 1023; x_wconf 88' lang='lat' dir='ltr'><strong>inepta</strong></span> <span class='ocrx_word' id='word_1_62' title='bbox 2043 952 2118 1009; x_wconf 87' lang='lat' dir='ltr'><strong>sit</strong></span> 
     </span>
    </p>
   </div>
   <div class='ocr_carea' id='block_1_12' title="bbox 539 1044 2117 1119">
    <p class='ocr_par' dir='ltr' id='par_1_12' title="bbox 539 1044 2117 1119">
     <span class='ocr_line' id='line_1_12' title="bbox 539 1044 2117 1119; baseline -0.007 -10"><span class='ocrx_word' id='word_1_63' title='bbox 539 1052 684 1118; x_wconf 80' lang='lat' dir='ltr'><strong>ovis,</strong></span> <span class='ocrx_word' id='word_1_64' title='bbox 733 1058 791 1107; x_wconf 88' lang='lat' dir='ltr'><strong>et</strong></span> <span class='ocrx_word' id='word_1_65' title='bbox 841 1051 989 1107; x_wconf 90' lang='lat' dir='ltr'><strong>inter</strong></span> <span class='ocrx_word' id='word_1_66' title='bbox 1019 1066 1137 1116; x_wconf 89' lang='lat' dir='ltr'><strong>eos,</strong></span> <span class='ocrx_word' id='word_1_67' title='bbox 1188 1051 1284 1119; x_wconf 90' lang='lat' dir='ltr'><strong>qui</strong></span> <span class='ocrx_word' id='word_1_68' title='bbox 1323 1047 1777 1103; x_wconf 68' lang='lat' dir='ltr'><strong>animi&#39;sensibus</strong></span> <span class='ocrx_word' id='word_1_69' title='bbox 1834 1044 2117 1109; x_wconf 81' lang='lat' dir='ltr'><strong>diﬂ‘erunt,</strong></span> 
     </span>
    </p>
   </div>
   <div class='ocr_carea' id='block_1_13' title="bbox 538 1135 2121 1212">
    <p class='ocr_par' dir='ltr' id='par_1_13' title="bbox 538 1135 2121 1212">
     <span class='ocr_line' id='line_1_13' title="bbox 538 1135 2121 1212; baseline -0.009 -8"><span class='ocrx_word' id='word_1_70' title='bbox 538 1148 695 1204; x_wconf 87' lang='lat' dir='ltr'><strong>nulla</strong></span> <span class='ocrx_word' id='word_1_71' title='bbox 715 1144 1010 1200; x_wconf 85' lang='lat' dir='ltr'><strong>conventio</strong></span> <span class='ocrx_word' id='word_1_72' title='bbox 1032 1157 1154 1199; x_wconf 92' lang='lat' dir='ltr'><strong>esse</strong></span> <span class='ocrx_word' id='word_1_73' title='bbox 1184 1141 1360 1212; x_wconf 87' lang='lat' dir='ltr'><strong>possit</strong></span> <span class='ocrx_word' id='word_1_74' title='bbox 1385 1159 1398 1195; x_wconf 95' lang='lat'><strong>:</strong></span> <span class='ocrx_word' id='word_1_75' title='bbox 1437 1160 1455 1191; x_wconf 81' lang='grc' dir='ltr'><strong>ι</strong></span> <span class='ocrx_word' id='word_1_76' title='bbox 1482 1138 1612 1206; x_wconf 82' lang='lat' dir='ltr'><strong>Quae</strong></span> <span class='ocrx_word' id='word_1_77' title='bbox 1641 1138 1791 1194; x_wconf 88' lang='lat' dir='ltr'><strong>enim</strong></span> <span class='ocrx_word' id='word_1_78' title='bbox 1817 1152 1945 1208; x_wconf 86' lang='lat' dir='ltr'><strong>pars</strong></span> <span class='ocrx_word' id='word_1_79' title='bbox 1970 1135 2121 1191; x_wconf 77' lang='lat' dir='ltr'><strong>fideli</strong></span> 
     </span>
    </p>
   </div>
   <div class='ocr_carea' id='block_1_14' title="bbox 538 1226 2121 1296">
    <p class='ocr_par' dir='ltr' id='par_1_14' title="bbox 538 1226 2121 1296">
     <span class='ocr_line' id='line_1_14' title="bbox 538 1226 2121 1296; baseline -0.008 -4"><span class='ocrx_word' id='word_1_80' title='bbox 538 1252 667 1292; x_wconf 89' lang='lat' dir='ltr'><strong>cum</strong></span> <span class='ocrx_word' id='word_1_81' title='bbox 690 1232 993 1293; x_wconf 79' lang='lat' dir='ltr'><strong>infideli&quot;?</strong></span> <span class='ocrx_word' id='word_1_82' title='bbox 1012 1251 1030 1284; x_wconf 73' lang='grc' dir='ltr'><strong>ι</strong></span> <span class='ocrx_word' id='word_1_83' title='bbox 1056 1232 1334 1287; x_wconf 81' lang='lat' dir='ltr'><strong>Praeterea</strong></span> <span class='ocrx_word' id='word_1_84' title='bbox 1356 1244 1484 1285; x_wconf 90' lang='lat' dir='ltr'><strong>cum</strong></span> <span class='ocrx_word' id='word_1_85' title='bbox 1504 1227 1935 1283; x_wconf 86' lang='lat' dir='ltr'><strong>fornicatoribus</strong></span> <span class='ocrx_word' id='word_1_86' title='bbox 1956 1226 2121 1296; x_wconf 84' lang='lat' dir='ltr'><strong>hujus</strong></span> 
     </span>
    </p>
   </div>
   <div class='ocr_carea' id='block_1_15' title="bbox 538 1316 2123 1389">
    <p class='ocr_par' dir='ltr' id='par_1_15' title="bbox 538 1316 2123 1389">
     <span class='ocr_line' id='line_1_15' title="bbox 538 1316 2123 1389; baseline -0.007 -8"><span class='ocrx_word' id='word_1_87' title='bbox 538 1324 733 1381; x_wconf 88' lang='lat' dir='ltr'><strong>mundi</strong></span> <span class='ocrx_word' id='word_1_88' title='bbox 754 1339 866 1379; x_wconf 88' lang='lat' dir='ltr'><strong>non</strong></span> <span class='ocrx_word' id='word_1_89' title='bbox 890 1321 1239 1378; x_wconf 88' lang='lat' dir='ltr'><strong>commisceri</strong></span> <span class='ocrx_word' id='word_1_90' title='bbox 1259 1319 1661 1376; x_wconf 89' lang='lat' dir='ltr'><strong>scribitheatus</strong></span> <span class='ocrx_word' id='word_1_91' title='bbox 1683 1318 1908 1373; x_wconf 85' lang='lat' dir='ltr'><strong>Paulus.</strong></span> <span class='ocrx_word' id='word_1_92' title='bbox 1956 1316 2123 1389; x_wconf 66' lang='lat'><strong>256</strong></span> 
     </span>
    </p>
   </div>
   <div class='ocr_carea' id='block_1_16' title="bbox 536 1410 2119 1489">
    <p class='ocr_par' dir='ltr' id='par_1_16' title="bbox 536 1410 2119 1489">
     <span class='ocr_line' id='line_1_16' title="bbox 536 1410 2119 1489; baseline -0.006 -16"><span class='ocrx_word' id='word_1_93' title='bbox 536 1417 619 1473; x_wconf 86' lang='lat' dir='ltr'><strong>Ne</strong></span> <span class='ocrx_word' id='word_1_94' title='bbox 642 1417 738 1489; x_wconf 87' lang='lat' dir='ltr'><strong>qui</strong></span> <span class='ocrx_word' id='word_1_95' title='bbox 783 1417 953 1488; x_wconf 79' lang='lat' dir='ltr'><strong>igitur</strong></span> <span class='ocrx_word' id='word_1_96' title='bbox 981 1423 1242 1485; x_wconf 90' lang='lat' dir='ltr'><strong>tanquam</strong></span> <span class='ocrx_word' id='word_1_97' title='bbox 1272 1428 1305 1468; x_wconf 94' lang='lat' dir='ltr'><strong>e</strong></span> <span class='ocrx_word' id='word_1_98' title='bbox 1340 1413 1537 1484; x_wconf 88' lang='lat' dir='ltr'><strong>patriis</strong></span> <span class='ocrx_word' id='word_1_99' title='bbox 1574 1410 1719 1467; x_wconf 86' lang='lat' dir='ltr'><strong>focis</strong></span> <span class='ocrx_word' id='word_1_100' title='bbox 1759 1426 1826 1467; x_wconf 80' lang='lat' dir='ltr'><strong>ex</strong></span> <span class='ocrx_word' id='word_1_101' title='bbox 1870 1410 2119 1467; x_wconf 72' lang='lat' dir='ltr'><strong>Ecclesia</strong></span> 
     </span>
    </p>
   </div>
   <div class='ocr_carea' id='block_1_17' title="bbox 539 1501 2120 1579">
    <p class='ocr_par' dir='ltr' id='par_1_17' title="bbox 539 1501 2120 1579">
     <span class='ocr_line' id='line_1_17' title="bbox 539 1501 2120 1579; baseline -0.005 -14"><span class='ocrx_word' id='word_1_102' title='bbox 539 1509 639 1565; x_wconf 91' lang='lat' dir='ltr'><strong>Dei</strong></span> <span class='ocrx_word' id='word_1_103' title='bbox 679 1510 988 1579; x_wconf 87' lang='lat' dir='ltr'><strong>rapiantur,</strong></span> <span class='ocrx_word' id='word_1_104' title='bbox 1021 1515 1080 1563; x_wconf 88' lang='lat' dir='ltr'><strong>et</strong></span> <span class='ocrx_word' id='word_1_105' title='bbox 1126 1507 1185 1561; x_wconf 92' lang='lat' dir='ltr'><strong>in</strong></span> <span class='ocrx_word' id='word_1_106' title='bbox 1232 1506 1495 1562; x_wconf 85' lang='lat' dir='ltr'><strong>ecclesias</strong></span> <span class='ocrx_word' id='word_1_107' title='bbox 1527 1503 1944 1575; x_wconf 80' lang='lat' dir='ltr'><strong>malignantium</strong></span> <span class='ocrx_word' id='word_1_108' title='bbox 1967 1501 2120 1557; x_wconf 86' lang='lat' dir='ltr'><strong>defe-</strong></span> 
     </span>
    </p>
   </div>
   <div class='ocr_carea' id='block_1_18' title="bbox 542 1594 2120 1666">
    <p class='ocr_par' dir='ltr' id='par_1_18' title="bbox 542 1594 2120 1666">
     <span class='ocr_line' id='line_1_18' title="bbox 542 1594 2120 1666; baseline -0.004 -11"><span class='ocrx_word' id='word_1_109' title='bbox 542 1609 755 1666; x_wconf 88' lang='lat' dir='ltr'><strong>rantur,</strong></span> <span class='ocrx_word' id='word_1_110' title='bbox 789 1599 921 1656; x_wconf 91' lang='lat' dir='ltr'><strong>dum</strong></span> <span class='ocrx_word' id='word_1_111' title='bbox 953 1598 1024 1654; x_wconf 86' lang='lat' dir='ltr'><strong>ad</strong></span> <span class='ocrx_word' id='word_1_112' title='bbox 1062 1599 1294 1654; x_wconf 87' lang='lat' dir='ltr'><strong>vitiosos</strong></span> <span class='ocrx_word' id='word_1_113' title='bbox 1338 1613 1520 1654; x_wconf 88' lang='lat' dir='ltr'><strong>mores</strong></span> <span class='ocrx_word' id='word_1_114' title='bbox 1565 1594 1919 1652; x_wconf 88' lang='lat' dir='ltr'><strong>divertendos</strong></span> <span class='ocrx_word' id='word_1_115' title='bbox 1958 1608 2120 1649; x_wconf 89' lang='lat' dir='ltr'><strong>suum</strong></span> 
     </span>
    </p>
   </div>
   <div class='ocr_carea' id='block_1_19' title="bbox 543 1687 2120 1763">
    <p class='ocr_par' dir='ltr' id='par_1_19' title="bbox 543 1687 2120 1763">
     <span class='ocr_line' id='line_1_19' title="bbox 543 1687 2120 1763; baseline -0.003 -18"><span class='ocrx_word' id='word_1_116' title='bbox 543 1691 787 1746; x_wconf 76' lang='lat' dir='ltr'><strong>animum</strong></span> <span class='ocrx_word' id='word_1_117' title='bbox 800 1691 1208 1763; x_wconf 87' lang='lat' dir='ltr'><strong>quodammodo</strong></span> <span class='ocrx_word' id='word_1_118' title='bbox 1230 1690 1506 1746; x_wconf 83' lang='lat' dir='ltr'><strong>vendunt:</strong></span> <span class='ocrx_word' id='word_1_119' title='bbox 1538 1708 1556 1741; x_wconf 83' lang='grc' dir='ltr'><strong>ι</strong></span> <span class='ocrx_word' id='word_1_120' title='bbox 1577 1689 1952 1757; x_wconf 86' lang='lat' dir='ltr'><strong>Corrumpunt</strong></span> <span class='ocrx_word' id='word_1_121' title='bbox 1971 1687 2120 1742; x_wconf 89' lang='lat' dir='ltr'><strong>enim</strong></span> 
     </span>
    </p>
   </div>
   <div class='ocr_carea' id='block_1_20' title="bbox 543 1749 2198 1851">
    <p class='ocr_par' dir='ltr' id='par_1_20' title="bbox 543 1749 2198 1851">
     <span class='ocr_line' id='line_1_20' title="bbox 543 1749 2198 1851; baseline -0.002 -17"><span class='ocrx_word' id='word_1_122' title='bbox 543 1795 729 1836; x_wconf 88' lang='lat' dir='ltr'><strong>mores</strong></span> <span class='ocrx_word' id='word_1_123' title='bbox 776 1781 952 1837; x_wconf 89' lang='lat' dir='ltr'><strong>bonos</strong></span> <span class='ocrx_word' id='word_1_124' title='bbox 1000 1780 1275 1851; x_wconf 90' lang='lat' dir='ltr'><strong>colloquia</strong></span> <span class='ocrx_word' id='word_1_125' title='bbox 1322 1779 1465 1833; x_wconf 88' lang='lat' dir='ltr'><strong>mala</strong></span> <span class='ocrx_word' id='word_1_126' title='bbox 1493 1779 1566 1831; x_wconf 77' lang='grc' dir='ltr'><strong>ἰε</strong></span> <span class='ocrx_word' id='word_1_127' title='bbox 1604 1797 1620 1830; x_wconf 74' lang='grc' dir='ltr'><strong>ι</strong></span> <span class='ocrx_word' id='word_1_128' title='bbox 1654 1777 1851 1833; x_wconf 85' lang='lat' dir='ltr'><strong>mortis</strong></span> <span class='ocrx_word' id='word_1_129' title='bbox 1901 1792 2123 1847; x_wconf 84' lang='lat' dir='ltr'><strong>poenam</strong></span> <span class='ocrx_word' id='word_1_130' title='bbox 2151 1749 2198 1809; x_wconf 73' lang='grc' dir='ltr'><strong>Β</strong></span> 
     </span>
    </p>
   </div>
   <div class='ocr_carea' id='block_1_21' title="bbox 543 1868 2122 1942">
    <p class='ocr_par' dir='ltr' id='par_1_21' title="bbox 543 1868 2122 1942">
     <span class='ocr_line' id='line_1_21' title="bbox 543 1868 2122 1942; baseline 0 -17"><span class='ocrx_word' id='word_1_131' title='bbox 543 1870 636 1926; x_wconf 81' lang='lat' dir='ltr'><strong>lex</strong></span> <span class='ocrx_word' id='word_1_132' title='bbox 656 1872 943 1927; x_wconf 85' lang='lat' dir='ltr'><strong>constituit</strong></span> <span class='ocrx_word' id='word_1_133' title='bbox 964 1873 1023 1927; x_wconf 92' lang='lat' dir='ltr'><strong>in</strong></span> <span class='ocrx_word' id='word_1_134' title='bbox 1044 1887 1141 1928; x_wconf 91' lang='lat' dir='ltr'><strong>eos</strong></span> <span class='ocrx_word' id='word_1_135' title='bbox 1168 1871 1266 1942; x_wconf 90' lang='lat' dir='ltr'><strong>qui</strong></span> <span class='ocrx_word' id='word_1_136' title='bbox 1310 1870 1370 1926; x_wconf 89' lang='lat' dir='ltr'><strong>id</strong></span> <span class='ocrx_word' id='word_1_137' title='bbox 1389 1869 1578 1925; x_wconf 88' lang='lat' dir='ltr'><strong>facere</strong></span> <span class='ocrx_word' id='word_1_138' title='bbox 1604 1869 1814 1925; x_wconf 83' lang='lat' dir='ltr'><strong>nefarie</strong></span> <span class='ocrx_word' id='word_1_139' title='bbox 1836 1869 1958 1924; x_wconf 86' lang='lat' dir='ltr'><strong>ausi</strong></span> <span class='ocrx_word' id='word_1_140' title='bbox 1998 1868 2122 1925; x_wconf 89' lang='lat' dir='ltr'><strong>fue-</strong></span> 
     </span>
    </p>
   </div>
   <div class='ocr_carea' id='block_1_22' title="bbox 545 1961 2124 2033">
    <p class='ocr_par' dir='ltr' id='par_1_22' title="bbox 545 1961 2124 2033">
     <span class='ocr_line' id='line_1_22' title="bbox 545 1961 2124 2033; baseline 0 -16"><span class='ocrx_word' id='word_1_141' title='bbox 545 1963 679 2018; x_wconf 86' lang='lat' dir='ltr'><strong>rint.</strong></span> <span class='ocrx_word' id='word_1_142' title='bbox 710 1964 891 2019; x_wconf 86' lang='lat' dir='ltr'><strong>Facile</strong></span> <span class='ocrx_word' id='word_1_143' title='bbox 917 1970 1102 2020; x_wconf 87' lang='lat' dir='ltr'><strong>autem</strong></span> <span class='ocrx_word' id='word_1_144' title='bbox 1124 1963 1314 2018; x_wconf 88' lang='lat' dir='ltr'><strong>videas</strong></span> <span class='ocrx_word' id='word_1_145' title='bbox 1339 1962 1447 2018; x_wconf 88' lang='lat' dir='ltr'><strong>hoc</strong></span> <span class='ocrx_word' id='word_1_146' title='bbox 1470 1963 1653 2033; x_wconf 90' lang='lat' dir='ltr'><strong>ipsum</strong></span> <span class='ocrx_word' id='word_1_147' title='bbox 1697 1961 1919 2031; x_wconf 86' lang='lat' dir='ltr'><strong>oblique</strong></span> <span class='ocrx_word' id='word_1_148' title='bbox 1963 1961 2124 2017; x_wconf 84' lang='lat' dir='ltr'><strong>nobis</strong></span> 
     </span>
    </p>
   </div>
   <div class='ocr_carea' id='block_1_23' title="bbox 546 2054 2124 2126">
    <p class='ocr_par' dir='ltr' id='par_1_23' title="bbox 546 2054 2124 2126">
     <span class='ocr_line' id='line_1_23' title="bbox 546 2054 2124 2126; baseline -0.001 -18"><span class='ocrx_word' id='word_1_149' title='bbox 546 2055 656 2109; x_wconf 89' lang='lat' dir='ltr'><strong>alio</strong></span> <span class='ocrx_word' id='word_1_150' title='bbox 683 2070 903 2126; x_wconf 89' lang='lat' dir='ltr'><strong>quoque</strong></span> <span class='ocrx_word' id='word_1_151' title='bbox 928 2069 1198 2125; x_wconf 88' lang='lat' dir='ltr'><strong>responso</strong></span> <span class='ocrx_word' id='word_1_152' title='bbox 1218 2055 1396 2126; x_wconf 80' lang='lat' dir='ltr'><strong>legem</strong></span> <span class='ocrx_word' id='word_1_153' title='bbox 1427 2069 1622 2110; x_wconf 89' lang='lat' dir='ltr'><strong>rursus</strong></span> <span class='ocrx_word' id='word_1_154' title='bbox 1666 2054 1946 2109; x_wconf 86' lang='lat' dir='ltr'><strong>indicare:</strong></span> <span class='ocrx_word' id='word_1_155' title='bbox 1994 2069 2124 2108; x_wconf 82' lang='lat' dir='ltr'><strong>nam</strong></span> 
     </span>
    </p>
   </div>
   <div class='ocr_carea' id='block_1_24' title="bbox 547 2147 2125 2220">
    <p class='ocr_par' dir='ltr' id='par_1_24' title="bbox 547 2147 2125 2220">
     <span class='ocr_line' id='line_1_24' title="bbox 547 2147 2125 2220; baseline -0.001 -18"><span class='ocrx_word' id='word_1_156' title='bbox 547 2147 818 2218; x_wconf 86' lang='lat' dir='ltr'><strong>apertiore</strong></span> <span class='ocrx_word' id='word_1_157' title='bbox 839 2148 1081 2219; x_wconf 86' lang='lat' dir='ltr'><strong>quadam</strong></span> <span class='ocrx_word' id='word_1_158' title='bbox 1120 2148 1504 2220; x_wconf 75' lang='lat' dir='ltr'><strong>intelligentia,</strong></span> <span class='ocrx_word' id='word_1_159' title='bbox 1535 2157 1594 2204; x_wconf 90' lang='lat' dir='ltr'><strong>et</strong></span> <span class='ocrx_word' id='word_1_160' title='bbox 1619 2163 1743 2219; x_wconf 63' lang='lat' dir='ltr'><strong>qum</strong></span> <span class='ocrx_word' id='word_1_161' title='bbox 1767 2163 1799 2203; x_wconf 88' lang='lat' dir='ltr'><strong>a</strong></span> <span class='ocrx_word' id='word_1_162' title='bbox 1832 2147 2125 2218; x_wconf 81' lang='lat' dir='ltr'><strong>quibusvis</strong></span> 
     </span>
    </p>
   </div>
   <div class='ocr_carea' id='block_1_25' title="bbox 545 2237 2126 2312">
    <p class='ocr_par' dir='ltr' id='par_1_25' title="bbox 545 2237 2126 2312">
     <span class='ocr_line' id='line_1_25' title="bbox 545 2237 2126 2312; baseline 0.001 -19"><span class='ocrx_word' id='word_1_163' title='bbox 545 2237 706 2294; x_wconf 85' lang='lat' dir='ltr'><strong>facile</strong></span> <span class='ocrx_word' id='word_1_164' title='bbox 730 2240 940 2311; x_wconf 88' lang='lat' dir='ltr'><strong>percipi</strong></span> <span class='ocrx_word' id='word_1_165' title='bbox 963 2240 1160 2312; x_wconf 85' lang='lat' dir='ltr'><strong>possit,</strong></span> <span class='ocrx_word' id='word_1_166' title='bbox 1187 2256 1279 2297; x_wconf 89' lang='lat' dir='ltr'><strong>res</strong></span> <span class='ocrx_word' id='word_1_167' title='bbox 1319 2241 1589 2298; x_wconf 86' lang='lat' dir='ltr'><strong>humanas</strong></span> <span class='ocrx_word' id='word_1_168' title='bbox 1629 2241 1935 2310; x_wconf 86' lang='lat' dir='ltr'><strong>componit,</strong></span> <span class='ocrx_word' id='word_1_169' title='bbox 1958 2247 2017 2294; x_wconf 91' lang='lat' dir='ltr'><strong>et</strong></span> <span class='ocrx_word' id='word_1_170' title='bbox 2055 2239 2126 2295; x_wconf 89' lang='lat' dir='ltr'><strong>ad</strong></span> 
     </span>
    </p>
   </div>
   <div class='ocr_carea' id='block_1_26' title="bbox 547 2331 2125 2403">
    <p class='ocr_par' dir='ltr' id='par_1_26' title="bbox 547 2331 2125 2403">
     <span class='ocr_line' id='line_1_26' title="bbox 547 2331 2125 2403; baseline -0.001 -16"><span class='ocrx_word' id='word_1_171' title='bbox 547 2340 764 2388; x_wconf 87' lang='lat' dir='ltr'><strong>rectum</strong></span> <span class='ocrx_word' id='word_1_172' title='bbox 789 2340 994 2389; x_wconf 88' lang='lat' dir='ltr'><strong>statum</strong></span> <span class='ocrx_word' id='word_1_173' title='bbox 1038 2342 1289 2389; x_wconf 82' lang='lat' dir='ltr'><strong>revocat:</strong></span> <span class='ocrx_word' id='word_1_174' title='bbox 1318 2348 1498 2403; x_wconf 88' lang='lat' dir='ltr'><strong>neque</strong></span> <span class='ocrx_word' id='word_1_175' title='bbox 1542 2332 1691 2388; x_wconf 84' lang='lat' dir='ltr'><strong>enim</strong></span> <span class='ocrx_word' id='word_1_176' title='bbox 1735 2331 2027 2386; x_wconf 85' lang='lat' dir='ltr'><strong>historiam</strong></span> <span class='ocrx_word' id='word_1_177' title='bbox 2068 2331 2125 2386; x_wconf 91' lang='lat' dir='ltr'><strong>in</strong></span> 
     </span>
    </p>
   </div>
   <div class='ocr_carea' id='block_1_27' title="bbox 546 2424 2123 2496">
    <p class='ocr_par' dir='ltr' id='par_1_27' title="bbox 546 2424 2123 2496">
     <span class='ocr_line' id='line_1_27' title="bbox 546 2424 2123 2496; baseline -0.001 -16"><span class='ocrx_word' id='word_1_178' title='bbox 546 2425 617 2481; x_wconf 89' lang='lat' dir='ltr'><strong>iis</strong></span> <span class='ocrx_word' id='word_1_179' title='bbox 638 2433 792 2481; x_wconf 86' lang='lat' dir='ltr'><strong>certe</strong></span> <span class='ocrx_word' id='word_1_180' title='bbox 840 2441 963 2496; x_wconf 70' lang='lat' dir='ltr'><strong>qua:</strong></span> <span class='ocrx_word' id='word_1_181' title='bbox 986 2426 1228 2481; x_wconf 77' lang='lat' dir='ltr'><strong>maximo</strong></span> <span class='ocrx_word' id='word_1_182' title='bbox 1249 2426 1379 2481; x_wconf 84' lang='lat' dir='ltr'><strong>usui</strong></span> <span class='ocrx_word' id='word_1_183' title='bbox 1401 2432 1550 2490; x_wconf 88' lang='lat' dir='ltr'><strong>sunt,</strong></span> <span class='ocrx_word' id='word_1_184' title='bbox 1576 2433 1840 2494; x_wconf 88' lang='lat' dir='ltr'><strong>tanquam</strong></span> <span class='ocrx_word' id='word_1_185' title='bbox 1864 2424 2123 2495; x_wconf 74' lang='lat' dir='ltr'><strong>frigidam</strong></span> 
     </span>
    </p>
   </div>
   <div class='ocr_carea' id='block_1_28' title="bbox 546 2517 2125 2586">
    <p class='ocr_par' dir='ltr' id='par_1_28' title="bbox 546 2517 2125 2586">
     <span class='ocr_line' id='line_1_28' title="bbox 546 2517 2125 2586; baseline 0.002 -16"><span class='ocrx_word' id='word_1_186' title='bbox 546 2531 611 2572; x_wconf 87' lang='lat' dir='ltr'><strong>ac</strong></span> <span class='ocrx_word' id='word_1_187' title='bbox 637 2525 881 2573; x_wconf 84' lang='lat' dir='ltr'><strong>veterem</strong></span> <span class='ocrx_word' id='word_1_188' title='bbox 916 2517 1175 2575; x_wconf 88' lang='lat' dir='ltr'><strong>tollemus</strong></span> <span class='ocrx_word' id='word_1_189' title='bbox 1203 2535 1218 2571; x_wconf 88' lang='lat'><strong>:</strong></span> <span class='ocrx_word' id='word_1_190' title='bbox 1247 2518 1400 2573; x_wconf 82' lang='lat' dir='ltr'><strong>utilis</strong></span> <span class='ocrx_word' id='word_1_191' title='bbox 1424 2526 1511 2574; x_wconf 90' lang='lat' dir='ltr'><strong>est</strong></span> <span class='ocrx_word' id='word_1_192' title='bbox 1534 2517 1686 2573; x_wconf 89' lang='lat' dir='ltr'><strong>enim</strong></span> <span class='ocrx_word' id='word_1_193' title='bbox 1728 2532 2125 2586; x_wconf 87' lang='lat' dir='ltr'><strong>nonnunquam</strong></span> 
     </span>
    </p>
   </div>
   <div class='ocr_carea' id='block_1_29' title="bbox 545 2608 2126 2680">
    <p class='ocr_par' dir='ltr' id='par_1_29' title="bbox 545 2608 2126 2680">
     <span class='ocr_line' id='line_1_29' title="bbox 545 2608 2126 2680; baseline 0.002 -18"><span class='ocrx_word' id='word_1_194' title='bbox 545 2608 894 2664; x_wconf 86' lang='lat' dir='ltr'><strong>auditoribus</strong></span> <span class='ocrx_word' id='word_1_195' title='bbox 915 2608 1031 2679; x_wconf 85' lang='lat' dir='ltr'><strong>ipsa</strong></span> <span class='ocrx_word' id='word_1_196' title='bbox 1054 2625 1278 2680; x_wconf 85' lang='lat' dir='ltr'><strong>quoque</strong></span> <span class='ocrx_word' id='word_1_197' title='bbox 1324 2610 1535 2675; x_wconf 84' lang='lat' dir='ltr'><strong>littera,</strong></span> <span class='ocrx_word' id='word_1_198' title='bbox 1561 2609 1659 2665; x_wconf 92' lang='lat' dir='ltr'><strong>sed</strong></span> <span class='ocrx_word' id='word_1_199' title='bbox 1684 2624 1750 2664; x_wconf 88' lang='lat' dir='ltr'><strong>ea</strong></span> <span class='ocrx_word' id='word_1_200' title='bbox 1793 2616 1978 2665; x_wconf 88' lang='lat' dir='ltr'><strong>tamen</strong></span> <span class='ocrx_word' id='word_1_201' title='bbox 2002 2616 2126 2665; x_wconf 81' lang='lat' dir='ltr'><strong>tan-</strong></span> 
     </span>
    </p>
   </div>
   <div class='ocr_carea' id='block_1_30' title="bbox 547 2698 2127 2769">
    <p class='ocr_par' dir='ltr' id='par_1_30' title="bbox 547 2698 2127 2769">
     <span class='ocr_line' id='line_1_30' title="bbox 547 2698 2127 2769; baseline 0.002 -18"><span class='ocrx_word' id='word_1_202' title='bbox 547 2711 716 2767; x_wconf 89' lang='lat' dir='ltr'><strong>quam</strong></span> <span class='ocrx_word' id='word_1_203' title='bbox 740 2699 799 2753; x_wconf 91' lang='lat' dir='ltr'><strong>in</strong></span> <span class='ocrx_word' id='word_1_204' title='bbox 834 2698 1111 2769; x_wconf 87' lang='lat' dir='ltr'><strong>profundo</strong></span> <span class='ocrx_word' id='word_1_205' title='bbox 1130 2699 1377 2757; x_wconf 84' lang='lat' dir='ltr'><strong>continet</strong></span> <span class='ocrx_word' id='word_1_206' title='bbox 1420 2715 1512 2755; x_wconf 87' lang='lat' dir='ltr'><strong>res</strong></span> <span class='ocrx_word' id='word_1_207' title='bbox 1552 2698 1889 2769; x_wconf 82' lang='lat' dir='ltr'><strong>spirituales,</strong></span> <span class='ocrx_word' id='word_1_208' title='bbox 1912 2705 1969 2753; x_wconf 90' lang='lat' dir='ltr'><strong>et</strong></span> <span class='ocrx_word' id='word_1_209' title='bbox 1991 2698 2127 2754; x_wconf 90' lang='lat' dir='ltr'><strong>sub-</strong></span> 
     </span>
    </p>
   </div>
   <div class='ocr_carea' id='block_1_31' title="bbox 549 2784 2128 2857">
    <p class='ocr_par' dir='ltr' id='par_1_31' title="bbox 549 2784 2128 2857">
     <span class='ocr_line' id='line_1_31' title="bbox 549 2784 2128 2857; baseline 0.003 -17"><span class='ocrx_word' id='word_1_210' title='bbox 549 2784 795 2841; x_wconf 87' lang='lat' dir='ltr'><strong>tiliorum</strong></span> <span class='ocrx_word' id='word_1_211' title='bbox 818 2801 1080 2842; x_wconf 90' lang='lat' dir='ltr'><strong>sensuum</strong></span> <span class='ocrx_word' id='word_1_212' title='bbox 1105 2788 1217 2842; x_wconf 92' lang='lat' dir='ltr'><strong>vim</strong></span> <span class='ocrx_word' id='word_1_213' title='bbox 1252 2795 1513 2857; x_wconf 87' lang='lat' dir='ltr'><strong>tanquam</strong></span> <span class='ocrx_word' id='word_1_214' title='bbox 1542 2788 1600 2842; x_wconf 91' lang='lat' dir='ltr'><strong>in</strong></span> <span class='ocrx_word' id='word_1_215' title='bbox 1625 2787 1886 2844; x_wconf 83' lang='lat' dir='ltr'><strong>tenuibus</strong></span> <span class='ocrx_word' id='word_1_216' title='bbox 1916 2789 2128 2845; x_wconf 87' lang='lat' dir='ltr'><strong>umbris</strong></span> 
     </span>
    </p>
   </div>
   <div class='ocr_carea' id='block_1_32' title="bbox 546 2876 2128 2953">
    <p class='ocr_par' dir='ltr' id='par_1_32' title="bbox 546 2876 2128 2953">
     <span class='ocr_line' id='line_1_32' title="bbox 546 2876 2128 2953; baseline 0.004 -22"><span class='ocrx_word' id='word_1_217' title='bbox 546 2876 952 2948; x_wconf 89' lang='lat' dir='ltr'><strong>complectitur.</strong></span> <span class='ocrx_word' id='word_1_218' title='bbox 979 2878 1127 2933; x_wconf 78' lang='lat' dir='ltr'><strong>Dixit</strong></span> <span class='ocrx_word' id='word_1_219' title='bbox 1147 2878 1315 2950; x_wconf 79' lang='lat' dir='ltr'><strong>igitur</strong></span> <span class='ocrx_word' id='word_1_220' title='bbox 1339 2879 1397 2933; x_wconf 90' lang='lat' dir='ltr'><strong>in</strong></span> <span class='ocrx_word' id='word_1_221' title='bbox 1419 2879 1608 2936; x_wconf 77' lang='lat' dir='ltr'><strong>Exodo</strong></span> <span class='ocrx_word' id='word_1_222' title='bbox 1631 2896 1860 2938; x_wconf 85' lang='lat' dir='ltr'><strong>rursus:</strong></span> <span class='ocrx_word' id='word_1_223' title='bbox 1894 2881 1981 2938; x_wconf 70' lang='lat' dir='ltr'><strong>«Si</strong></span> <span class='ocrx_word' id='word_1_224' title='bbox 2005 2883 2128 2953; x_wconf 83' lang='lat' dir='ltr'><strong>quis</strong></span> 
     </span>
    </p>
   </div>
   <div class='ocr_carea' id='block_1_33' title="bbox 546 2968 2129 3042">
    <p class='ocr_par' dir='ltr' id='par_1_33' title="bbox 546 2968 2129 3042">
     <span class='ocr_line' id='line_1_33' title="bbox 546 2968 2129 3042; baseline 0.005 -21"><span class='ocrx_word' id='word_1_225' title='bbox 546 2983 682 3023; x_wconf 86' lang='lat' dir='ltr'><strong>vero</strong></span> <span class='ocrx_word' id='word_1_226' title='bbox 709 2968 989 3040; x_wconf 88' lang='lat' dir='ltr'><strong>deceperit</strong></span> <span class='ocrx_word' id='word_1_227' title='bbox 1010 2970 1282 3042; x_wconf 77' lang='lat' dir='ltr'><strong>virginem</strong></span> <span class='ocrx_word' id='word_1_228' title='bbox 1325 2986 1438 3026; x_wconf 89' lang='lat' dir='ltr'><strong>non</strong></span> <span class='ocrx_word' id='word_1_229' title='bbox 1482 2971 1892 3042; x_wconf 88' lang='lat' dir='ltr'><strong>desponsatam,</strong></span> <span class='ocrx_word' id='word_1_230' title='bbox 1917 2980 1976 3028; x_wconf 84' lang='lat' dir='ltr'><strong>et</strong></span> <span class='ocrx_word' id='word_1_231' title='bbox 1997 2973 2129 3029; x_wconf 90' lang='lat' dir='ltr'><strong>dor-</strong></span> 
     </span>
    </p>
   </div>
   <div class='ocr_carea' id='block_1_34' title="bbox 547 3057 2126 3132">
    <p class='ocr_par' dir='ltr' id='par_1_34' title="bbox 547 3057 2126 3132">
     <span class='ocr_line' id='line_1_34' title="bbox 547 3057 2126 3132; baseline 0.004 -21"><span class='ocrx_word' id='word_1_232' title='bbox 547 3057 733 3113; x_wconf 89' lang='lat' dir='ltr'><strong>mierit</strong></span> <span class='ocrx_word' id='word_1_233' title='bbox 744 3073 870 3114; x_wconf 91' lang='lat' dir='ltr'><strong>cum</strong></span> <span class='ocrx_word' id='word_1_234' title='bbox 889 3073 974 3125; x_wconf 91' lang='lat' dir='ltr'><strong>ea,</strong></span> <span class='ocrx_word' id='word_1_235' title='bbox 1000 3059 1125 3115; x_wconf 92' lang='lat' dir='ltr'><strong>dote</strong></span> <span class='ocrx_word' id='word_1_236' title='bbox 1147 3060 1217 3116; x_wconf 93' lang='lat' dir='ltr'><strong>do</strong></span> <span class='ocrx_word' id='word_1_237' title='bbox 1225 3059 1497 3115; x_wconf 89' lang='lat' dir='ltr'><strong>tabiteam</strong></span> <span class='ocrx_word' id='word_1_238' title='bbox 1509 3060 1614 3116; x_wconf 87' lang='lat' dir='ltr'><strong>sibi</strong></span> <span class='ocrx_word' id='word_1_239' title='bbox 1634 3061 1691 3115; x_wconf 89' lang='lat' dir='ltr'><strong>in</strong></span> <span class='ocrx_word' id='word_1_240' title='bbox 1705 3077 1932 3116; x_wconf 75' lang='lat' dir='ltr'><strong>uxorem</strong></span> <span class='ocrx_word' id='word_1_241' title='bbox 1954 3062 2126 3132; x_wconf 88' lang='lat' dir='ltr'><strong>:quod</strong></span> 
     </span>
    </p>
   </div>
   <div class='ocr_carea' id='block_1_35' title="bbox 547 3147 2128 3219">
    <p class='ocr_par' dir='ltr' id='par_1_35' title="bbox 547 3147 2128 3219">
     <span class='ocr_line' id='line_1_35' title="bbox 547 3147 2128 3219; baseline 0.002 -16"><span class='ocrx_word' id='word_1_242' title='bbox 547 3147 594 3203; x_wconf 85' lang='lat' dir='ltr'><strong>si</strong></span> <span class='ocrx_word' id='word_1_243' title='bbox 620 3162 861 3203; x_wconf 86' lang='lat' dir='ltr'><strong>renuens</strong></span> <span class='ocrx_word' id='word_1_244' title='bbox 899 3155 1118 3213; x_wconf 90' lang='lat' dir='ltr'><strong>renuat,</strong></span> <span class='ocrx_word' id='word_1_245' title='bbox 1143 3155 1202 3204; x_wconf 90' lang='lat' dir='ltr'><strong>et</strong></span> <span class='ocrx_word' id='word_1_246' title='bbox 1243 3148 1385 3204; x_wconf 90' lang='lat' dir='ltr'><strong>nolit</strong></span> <span class='ocrx_word' id='word_1_247' title='bbox 1421 3156 1581 3219; x_wconf 87' lang='lat' dir='ltr'><strong>pater</strong></span> <span class='ocrx_word' id='word_1_248' title='bbox 1625 3149 1776 3204; x_wconf 90' lang='lat' dir='ltr'><strong>illius</strong></span> <span class='ocrx_word' id='word_1_249' title='bbox 1826 3150 1958 3206; x_wconf 87' lang='lat' dir='ltr'><strong>dare</strong></span> <span class='ocrx_word' id='word_1_250' title='bbox 1980 3150 2128 3206; x_wconf 89' lang='lat' dir='ltr'><strong>illam</strong></span> 
     </span>
    </p>
   </div>
   <div class='ocr_carea' id='block_1_36' title="bbox 547 3240 2130 3313">
    <p class='ocr_par' dir='ltr' id='par_1_36' title="bbox 547 3240 2130 3313">
     <span class='ocr_line' id='line_1_36' title="bbox 547 3240 2130 3313; baseline 0.003 -18"><span class='ocrx_word' id='word_1_251' title='bbox 547 3240 655 3296; x_wconf 87' lang='lat' dir='ltr'><strong>sibi</strong></span> <span class='ocrx_word' id='word_1_252' title='bbox 689 3256 940 3308; x_wconf 84' lang='lat' dir='ltr'><strong>uxorem,</strong></span> <span class='ocrx_word' id='word_1_253' title='bbox 991 3253 1278 3312; x_wconf 76' lang='lat' dir='ltr'><strong>argentum</strong></span> <span class='ocrx_word' id='word_1_254' title='bbox 1326 3243 1508 3297; x_wconf 77' lang='lat' dir='ltr'><strong>solvet</strong></span> <span class='ocrx_word' id='word_1_255' title='bbox 1557 3242 1702 3312; x_wconf 88' lang='lat' dir='ltr'><strong>patri</strong></span> <span class='ocrx_word' id='word_1_256' title='bbox 1748 3243 1905 3313; x_wconf 79' lang='lat' dir='ltr'><strong>juxta</strong></span> <span class='ocrx_word' id='word_1_257' title='bbox 1945 3243 2130 3299; x_wconf 89' lang='lat' dir='ltr'><strong>dotem</strong></span> 
     </span>
    </p>
   </div>
   <div class='ocr_carea' id='block_1_37' title="bbox 549 3332 2131 3406">
    <p class='ocr_par' dir='ltr' id='par_1_37' title="bbox 549 3332 2131 3406">
     <span class='ocr_line' id='line_1_37' title="bbox 549 3332 2131 3406; baseline 0.003 -20"><span class='ocrx_word' id='word_1_258' title='bbox 549 3332 833 3404; x_wconf 83' lang='lat' dir='ltr'><strong>virginum</strong></span> <span class='ocrx_word' id='word_1_259' title='bbox 856 3334 925 3389; x_wconf 76' lang='grc'><strong>⁷³.</strong></span> <span class='ocrx_word' id='word_1_260' title='bbox 957 3354 977 3387; x_wconf 76' lang='grc' dir='ltr'><strong>ι</strong></span> <span class='ocrx_word' id='word_1_261' title='bbox 1031 3334 1147 3390; x_wconf 85' lang='lat' dir='ltr'><strong>Hoc</strong></span> <span class='ocrx_word' id='word_1_262' title='bbox 1170 3335 1268 3390; x_wconf 87' lang='lat' dir='ltr'><strong>Dei</strong></span> <span class='ocrx_word' id='word_1_263' title='bbox 1293 3342 1632 3406; x_wconf 66' lang='lat' dir='ltr'><strong>prmeeptum</strong></span> <span class='ocrx_word' id='word_1_264' title='bbox 1657 3334 1894 3405; x_wconf 82' lang='lat' dir='ltr'><strong>dilatans</strong></span> <span class='ocrx_word' id='word_1_265' title='bbox 1935 3335 2131 3391; x_wconf 85' lang='lat' dir='ltr'><strong>beatus</strong></span> 
     </span>
    </p>
   </div>
   <div class='ocr_carea' id='block_1_38' title="bbox 548 3424 2132 3498">
    <p class='ocr_par' dir='ltr' id='par_1_38' title="bbox 548 3424 2132 3498">
     <span class='ocr_line' id='line_1_38' title="bbox 548 3424 2132 3498; baseline 0.002 -19"><span class='ocrx_word' id='word_1_266' title='bbox 548 3424 763 3497; x_wconf 81' lang='lat' dir='ltr'><strong>Moyses</strong></span> <span class='ocrx_word' id='word_1_267' title='bbox 805 3426 865 3482; x_wconf 91' lang='lat' dir='ltr'><strong>in</strong></span> <span class='ocrx_word' id='word_1_268' title='bbox 905 3426 1371 3492; x_wconf 81' lang='lat' dir='ltr'><strong>Deuteronomio,</strong></span> <span class='ocrx_word' id='word_1_269' title='bbox 1419 3426 1633 3498; x_wconf 87' lang='lat' dir='ltr'><strong>inquit:</strong></span> <span class='ocrx_word' id='word_1_270' title='bbox 1666 3446 1684 3479; x_wconf 80' lang='grc' dir='ltr'><strong>ι</strong></span> <span class='ocrx_word' id='word_1_271' title='bbox 1716 3426 1774 3482; x_wconf 93' lang='lat' dir='ltr'><strong>Si</strong></span> <span class='ocrx_word' id='word_1_272' title='bbox 1809 3436 1995 3482; x_wconf 89' lang='lat' dir='ltr'><strong>autem</strong></span> <span class='ocrx_word' id='word_1_273' title='bbox 2046 3427 2132 3482; x_wconf 90' lang='lat' dir='ltr'><strong>in-</strong></span> 
     </span>
    </p>
   </div>
   <div class='ocr_carea' id='block_1_39' title="bbox 548 3517 2129 3577">
    <p class='ocr_par' dir='ltr' id='par_1_39' title="bbox 548 3517 2129 3577">
     <span class='ocr_line' id='line_1_39' title="bbox 548 3517 2129 3577; baseline 0.003 -6"><span class='ocrx_word' id='word_1_274' title='bbox 548 3525 751 3574; x_wconf 86' lang='lat' dir='ltr'><strong>ventus</strong></span> <span class='ocrx_word' id='word_1_275' title='bbox 771 3517 938 3573; x_wconf 87' lang='lat' dir='ltr'><strong>fuerit</strong></span> <span class='ocrx_word' id='word_1_276' title='bbox 958 3518 1124 3574; x_wconf 88' lang='lat' dir='ltr'><strong>homo</strong></span> <span class='ocrx_word' id='word_1_277' title='bbox 1147 3519 1431 3575; x_wconf 86' lang='lat' dir='ltr'><strong>dormiens</strong></span> <span class='ocrx_word' id='word_1_278' title='bbox 1464 3534 1590 3575; x_wconf 88' lang='lat' dir='ltr'><strong>cum</strong></span> <span class='ocrx_word' id='word_1_279' title='bbox 1624 3518 1831 3574; x_wconf 90' lang='lat' dir='ltr'><strong>femina</strong></span> <span class='ocrx_word' id='word_1_280' title='bbox 1863 3519 2129 3577; x_wconf 85' lang='lat' dir='ltr'><strong>collocata</strong></span> 
     </span>
    </p>
   </div>
   <div class='ocr_carea' id='block_1_40' title="bbox 548 3607 2128 3676">
    <p class='ocr_par' dir='ltr' id='par_1_40' title="bbox 548 3607 2128 3676">
     <span class='ocr_line' id='line_1_40' title="bbox 548 3607 2128 3676; baseline 0.005 -16"><span class='ocrx_word' id='word_1_281' title='bbox 548 3607 992 3676; x_wconf 82' lang='lat' dir='ltr'><strong>viro,.occidetis</strong></span> <span class='ocrx_word' id='word_1_282' title='bbox 1016 3610 1230 3676; x_wconf 89' lang='lat' dir='ltr'><strong>ambos,</strong></span> <span class='ocrx_word' id='word_1_283' title='bbox 1261 3612 1444 3666; x_wconf 78' lang='lat' dir='ltr'><strong>virum</strong></span> <span class='ocrx_word' id='word_1_284' title='bbox 1485 3611 1852 3668; x_wconf 84' lang='lat' dir='ltr'><strong>dormientem</strong></span> <span class='ocrx_word' id='word_1_285' title='bbox 1896 3628 2022 3668; x_wconf 87' lang='lat' dir='ltr'><strong>cum</strong></span> <span class='ocrx_word' id='word_1_286' title='bbox 2045 3612 2128 3669; x_wconf 87' lang='lat' dir='ltr'><strong>fe-</strong></span> 
     </span>
    </p>
   </div>
   <div class='ocr_carea' id='block_1_41' title="bbox 549 3697 2130 3773">
    <p class='ocr_par' dir='ltr' id='par_1_41' title="bbox 549 3697 2130 3773">
     <span class='ocr_line' id='line_1_41' title="bbox 549 3697 2130 3773; baseline 0.007 -22"><span class='ocrx_word' id='word_1_287' title='bbox 549 3697 718 3773; x_wconf 77' lang='lat' dir='ltr'><strong>mina,</strong></span> <span class='ocrx_word' id='word_1_288' title='bbox 746 3707 804 3753; x_wconf 86' lang='lat' dir='ltr'><strong>et</strong></span> <span class='ocrx_word' id='word_1_289' title='bbox 834 3699 1122 3755; x_wconf 91' lang='lat' dir='ltr'><strong>mulierem</strong></span> <span class='ocrx_word' id='word_1_290' title='bbox 1148 3701 1359 3771; x_wconf 90' lang='lat' dir='ltr'><strong>ipsam:</strong></span> <span class='ocrx_word' id='word_1_291' title='bbox 1385 3710 1443 3758; x_wconf 90' lang='lat' dir='ltr'><strong>et</strong></span> <span class='ocrx_word' id='word_1_292' title='bbox 1474 3704 1695 3759; x_wconf 85' lang='lat' dir='ltr'><strong>auferes</strong></span> <span class='ocrx_word' id='word_1_293' title='bbox 1737 3705 1941 3760; x_wconf 88' lang='lat' dir='ltr'><strong>malum</strong></span> <span class='ocrx_word' id='word_1_294' title='bbox 1972 3706 2042 3761; x_wconf 91' lang='lat' dir='ltr'><strong>de</strong></span> <span class='ocrx_word' id='word_1_295' title='bbox 2061 3705 2130 3762; x_wconf 74' lang='lat' dir='ltr'><strong>ﬁ-</strong></span> 
     </span>
    </p>
   </div>
   <div class='ocr_carea' id='block_1_42' title="bbox 550 3786 2131 3865">
    <p class='ocr_par' dir='ltr' id='par_1_42' title="bbox 550 3786 2131 3865">
     <span class='ocr_line' id='line_1_42' title="bbox 550 3786 2131 3865; baseline 0.008 -25"><span class='ocrx_word' id='word_1_296' title='bbox 550 3787 640 3842; x_wconf 92' lang='lat' dir='ltr'><strong>liis</strong></span> <span class='ocrx_word' id='word_1_297' title='bbox 661 3786 847 3844; x_wconf 87' lang='lat' dir='ltr'><strong>Israel.</strong></span> <span class='ocrx_word' id='word_1_298' title='bbox 874 3788 932 3843; x_wconf 90' lang='lat' dir='ltr'><strong>Si</strong></span> <span class='ocrx_word' id='word_1_299' title='bbox 955 3798 1141 3845; x_wconf 90' lang='lat' dir='ltr'><strong>autem</strong></span> <span class='ocrx_word' id='word_1_300' title='bbox 1174 3790 1344 3846; x_wconf 91' lang='lat' dir='ltr'><strong>fuerit</strong></span> <span class='ocrx_word' id='word_1_301' title='bbox 1385 3793 1567 3862; x_wconf 87' lang='lat' dir='ltr'><strong>puella</strong></span> <span class='ocrx_word' id='word_1_302' title='bbox 1610 3795 1766 3865; x_wconf 86' lang='lat' dir='ltr'><strong>virgo</strong></span> <span class='ocrx_word' id='word_1_303' title='bbox 1803 3794 2131 3865; x_wconf 81' lang='lat' dir='ltr'><strong>desponsata</strong></span> 
     </span>
    </p>
   </div>
   <div class='ocr_carea' id='block_1_43' title="bbox 550 3879 2132 3952">
    <p class='ocr_par' dir='ltr' id='par_1_43' title="bbox 550 3879 2132 3952">
     <span class='ocr_line' id='line_1_43' title="bbox 550 3879 2132 3952; baseline 0.006 -19"><span class='ocrx_word' id='word_1_304' title='bbox 550 3879 695 3945; x_wconf 88' lang='lat' dir='ltr'><strong>viro,</strong></span> <span class='ocrx_word' id='word_1_305' title='bbox 725 3887 784 3934; x_wconf 93' lang='lat' dir='ltr'><strong>et</strong></span> <span class='ocrx_word' id='word_1_306' title='bbox 810 3880 1101 3937; x_wconf 88' lang='lat' dir='ltr'><strong>inveniens</strong></span> <span class='ocrx_word' id='word_1_307' title='bbox 1124 3898 1247 3937; x_wconf 88' lang='lat' dir='ltr'><strong>eam</strong></span> <span class='ocrx_word' id='word_1_308' title='bbox 1275 3883 1442 3940; x_wconf 88' lang='lat' dir='ltr'><strong>homo</strong></span> <span class='ocrx_word' id='word_1_309' title='bbox 1468 3885 1524 3941; x_wconf 88' lang='lat' dir='ltr'><strong>in</strong></span> <span class='ocrx_word' id='word_1_310' title='bbox 1562 3886 1804 3952; x_wconf 85' lang='lat' dir='ltr'><strong>civitate,</strong></span> <span class='ocrx_word' id='word_1_311' title='bbox 1839 3888 2132 3944; x_wconf 88' lang='lat' dir='ltr'><strong>dormierit</strong></span> 
     </span>
    </p>
   </div>
   <div class='ocr_carea' id='block_1_44' title="bbox 550 3970 2130 4050">
    <p class='ocr_par' dir='ltr' id='par_1_44' title="bbox 550 3970 2130 4050">
     <span class='ocr_line' id='line_1_44' title="bbox 550 3970 2130 4050; baseline 0.009 -28"><span class='ocrx_word' id='word_1_312' title='bbox 550 3985 677 4023; x_wconf 86' lang='lat' dir='ltr'><strong>cum</strong></span> <span class='ocrx_word' id='word_1_313' title='bbox 714 3970 862 4040; x_wconf 89' lang='lat' dir='ltr'><strong>ipsa:</strong></span> <span class='ocrx_word' id='word_1_314' title='bbox 888 3971 1138 4029; x_wconf 90' lang='lat' dir='ltr'><strong>educetis</strong></span> <span class='ocrx_word' id='word_1_315' title='bbox 1166 3974 1358 4030; x_wconf 90' lang='lat' dir='ltr'><strong>ambos</strong></span> <span class='ocrx_word' id='word_1_316' title='bbox 1383 3976 1452 4031; x_wconf 89' lang='lat' dir='ltr'><strong>ad</strong></span> <span class='ocrx_word' id='word_1_317' title='bbox 1474 3984 1690 4047; x_wconf 88' lang='lat' dir='ltr'><strong>portam</strong></span> <span class='ocrx_word' id='word_1_318' title='bbox 1718 3979 1958 4035; x_wconf 76' lang='lat' dir='ltr'><strong>civitatis</strong></span> <span class='ocrx_word' id='word_1_319' title='bbox 1979 3980 2130 4050; x_wconf 91' lang='lat' dir='ltr'><strong>ipso-</strong></span> 
     </span>
    </p>
   </div>
   <div class='ocr_carea' id='block_1_45' title="bbox 552 4063 2130 4137">
    <p class='ocr_par' dir='ltr' id='par_1_45' title="bbox 552 4063 2130 4137">
     <span class='ocr_line' id='line_1_45' title="bbox 552 4063 2130 4137; baseline 0.008 -22"><span class='ocrx_word' id='word_1_320' title='bbox 552 4077 700 4127; x_wconf 88' lang='lat' dir='ltr'><strong>rum,</strong></span> <span class='ocrx_word' id='word_1_321' title='bbox 724 4071 783 4118; x_wconf 90' lang='lat' dir='ltr'><strong>et</strong></span> <span class='ocrx_word' id='word_1_322' title='bbox 804 4063 1083 4134; x_wconf 84' lang='lat' dir='ltr'><strong>lapidibus</strong></span> <span class='ocrx_word' id='word_1_323' title='bbox 1105 4066 1435 4134; x_wconf 89' lang='lat' dir='ltr'><strong>obruentur,</strong></span> <span class='ocrx_word' id='word_1_324' title='bbox 1460 4077 1519 4125; x_wconf 91' lang='lat' dir='ltr'><strong>et</strong></span> <span class='ocrx_word' id='word_1_325' title='bbox 1554 4070 1902 4137; x_wconf 86' lang='lat' dir='ltr'><strong>morientur;</strong></span> <span class='ocrx_word' id='word_1_326' title='bbox 1939 4071 2130 4126; x_wconf 90' lang='lat' dir='ltr'><strong>adole-</strong></span> 
     </span>
    </p>
   </div>
   <div class='ocr_carea' id='block_1_46' title="bbox 551 4155 2129 4229">
    <p class='ocr_par' dir='ltr' id='par_1_46' title="bbox 551 4155 2129 4229">
     <span class='ocr_line' id='line_1_46' title="bbox 551 4155 2129 4229; baseline 0.008 -22"><span class='ocrx_word' id='word_1_327' title='bbox 551 4155 881 4222; x_wconf 85' lang='lat' dir='ltr'><strong>scentulam,</strong></span> <span class='ocrx_word' id='word_1_328' title='bbox 926 4156 1056 4226; x_wconf 81' lang='lat' dir='ltr'><strong>quia</strong></span> <span class='ocrx_word' id='word_1_329' title='bbox 1096 4174 1209 4214; x_wconf 87' lang='lat' dir='ltr'><strong>non</strong></span> <span class='ocrx_word' id='word_1_330' title='bbox 1248 4157 1507 4221; x_wconf 75' lang='lat' dir='ltr'><strong>clamavit</strong></span> <span class='ocrx_word' id='word_1_331' title='bbox 1538 4161 1595 4216; x_wconf 90' lang='lat' dir='ltr'><strong>in</strong></span> <span class='ocrx_word' id='word_1_332' title='bbox 1627 4162 1885 4229; x_wconf 81' lang='lat' dir='ltr'><strong>civitate;</strong></span> <span class='ocrx_word' id='word_1_333' title='bbox 1920 4171 1979 4219; x_wconf 90' lang='lat' dir='ltr'><strong>et</strong></span> <span class='ocrx_word' id='word_1_334' title='bbox 2020 4164 2129 4219; x_wconf 89' lang='lat' dir='ltr'><strong>ho-</strong></span> 
     </span>
    </p>
   </div>
   <div class='ocr_carea' id='block_1_47' title="bbox 552 4245 2131 4323">
    <p class='ocr_par' dir='ltr' id='par_1_47' title="bbox 552 4245 2131 4323">
     <span class='ocr_line' id='line_1_47' title="bbox 552 4245 2131 4323; baseline 0.006 -24"><span class='ocrx_word' id='word_1_335' title='bbox 552 4245 780 4314; x_wconf 88' lang='lat' dir='ltr'><strong>minem,</strong></span> <span class='ocrx_word' id='word_1_336' title='bbox 830 4247 962 4317; x_wconf 85' lang='lat' dir='ltr'><strong>quia</strong></span> <span class='ocrx_word' id='word_1_337' title='bbox 996 4248 1309 4305; x_wconf 83' lang='lat' dir='ltr'><strong>humiliavit</strong></span> <span class='ocrx_word' id='word_1_338' title='bbox 1352 4267 1583 4307; x_wconf 80' lang='lat' dir='ltr'><strong>uxorem</strong></span> <span class='ocrx_word' id='word_1_339' title='bbox 1628 4253 1864 4323; x_wconf 76' lang='lat' dir='ltr'><strong>proximi</strong></span> <span class='ocrx_word' id='word_1_340' title='bbox 1907 4255 2023 4310; x_wconf 89' lang='lat' dir='ltr'><strong>sui:</strong></span> <span class='ocrx_word' id='word_1_341' title='bbox 2072 4263 2131 4310; x_wconf 86' lang='lat' dir='ltr'><strong>et</strong></span> 
     </span>
    </p>
   </div>
   <div class='ocr_carea' id='block_1_48' title="bbox 549 4337 2131 4416">
    <p class='ocr_par' dir='ltr' id='par_1_48' title="bbox 549 4337 2131 4416">
     <span class='ocr_line' id='line_1_48' title="bbox 549 4337 2131 4416; baseline 0.006 -25"><span class='ocrx_word' id='word_1_342' title='bbox 549 4337 812 4393; x_wconf 88' lang='lat' dir='ltr'><strong>auferetis</strong></span> <span class='ocrx_word' id='word_1_343' title='bbox 834 4338 1278 4397; x_wconf 86' lang='lat' dir='ltr'><strong>malumavobis</strong></span> <span class='ocrx_word' id='word_1_344' title='bbox 1304 4342 1459 4413; x_wconf 89' lang='lat' dir='ltr'><strong>ipsis.</strong></span> <span class='ocrx_word' id='word_1_345' title='bbox 1506 4342 1605 4398; x_wconf 85' lang='lat' dir='ltr'><strong>Sin</strong></span> <span class='ocrx_word' id='word_1_346' title='bbox 1654 4353 1839 4400; x_wconf 88' lang='lat' dir='ltr'><strong>autem</strong></span> <span class='ocrx_word' id='word_1_347' title='bbox 1890 4346 1949 4399; x_wconf 91' lang='lat' dir='ltr'><strong>in</strong></span> <span class='ocrx_word' id='word_1_348' title='bbox 1998 4361 2131 4416; x_wconf 84' lang='lat' dir='ltr'><strong>agro</strong></span> 
     </span>
    </p>
   </div>
   <div class='ocr_carea' id='block_1_49' title="bbox 2220 480 3799 555">
    <p class='ocr_par' dir='ltr' id='par_1_49' title="bbox 2220 480 3799 555">
     <span class='ocr_line' id='line_1_49' title="bbox 2220 480 3799 555; baseline -0.008 -6"><span class='ocrx_word' id='word_1_349' title='bbox 2220 493 2436 549; x_wconf 79' lang='grc' dir='ltr'>ἐννοιῶν</span> <span class='ocrx_word' id='word_1_350' title='bbox 2485 492 2722 552; x_wconf 78' lang='grc' dir='ltr'><strong>ἀπάταις</strong></span> <span class='ocrx_word' id='word_1_351' title='bbox 2764 482 3217 555; x_wconf 80' lang='grc' dir='ltr'>ἀποκομίζοντες,</span> <span class='ocrx_word' id='word_1_352' title='bbox 3274 480 3532 553; x_wconf 76' lang='grc' dir='ltr'><strong>λῃστείας</strong></span> <span class='ocrx_word' id='word_1_353' title='bbox 3578 481 3799 547; x_wconf 80' lang='grc' dir='ltr'><strong>εἰκότως</strong></span> 
     </span>
    </p>
   </div>
   <div class='ocr_carea' id='block_1_50' title="bbox 2219 571 3794 656">
    <p class='ocr_par' dir='ltr' id='par_1_50' title="bbox 2219 571 3794 656">
     <span class='ocr_line' id='line_1_50' title="bbox 2219 571 3794 656; baseline -0.01 -16"><span class='ocrx_word' id='word_1_354' title='bbox 2219 586 2318 656; x_wconf 72' lang='grc' dir='ltr'>τῆς</span> <span class='ocrx_word' id='word_1_355' title='bbox 2351 585 2443 637; x_wconf 71' lang='grc' dir='ltr'><strong>ἐπὶ</strong></span> <span class='ocrx_word' id='word_1_356' title='bbox 2469 581 2670 653; x_wconf 72' lang='grc' dir='ltr'>ψυχαῖς</span> <span class='ocrx_word' id='word_1_357' title='bbox 2702 575 3026 649; x_wconf 84' lang='grc' dir='ltr'>ἀνθρώπων,</span> <span class='ocrx_word' id='word_1_358' title='bbox 3069 571 3402 642; x_wconf 83' lang='grc' dir='ltr'>ὑπομενοῦσι</span> <span class='ocrx_word' id='word_1_359' title='bbox 3430 571 3528 642; x_wconf 80' lang='grc' dir='ltr'>τὴν</span> <span class='ocrx_word' id='word_1_360' title='bbox 3558 571 3794 641; x_wconf 78' lang='grc' dir='ltr'>γραφήν·</span> 
     </span>
    </p>
   </div>
   <div class='ocr_carea' id='block_1_51' title="bbox 2221 661 3857 747">
    <p class='ocr_par' dir='ltr' id='par_1_51' title="bbox 2221 661 3857 747">
     <span class='ocr_line' id='line_1_51' title="bbox 2221 661 3857 747; baseline -0.012 -16"><span class='ocrx_word' id='word_1_361' title='bbox 2221 676 2378 747; x_wconf 82' lang='grc' dir='ltr'>ποινὴ</span> <span class='ocrx_word' id='word_1_362' title='bbox 2403 675 2459 728; x_wconf 80' lang='grc' dir='ltr'>δὲ</span> <span class='ocrx_word' id='word_1_363' title='bbox 2488 675 2670 736; x_wconf 77' lang='grc' dir='ltr'>αὐτοῖς</span> <span class='ocrx_word' id='word_1_364' title='bbox 2690 674 2718 725; x_wconf 88' lang='grc' dir='ltr'>ὁ</span> <span class='ocrx_word' id='word_1_365' title='bbox 2737 669 2985 731; x_wconf 79' lang='grc' dir='ltr'><strong>Θάνατος.</strong></span> <span class='ocrx_word' id='word_1_366' title='bbox 3011 667 3136 727; x_wconf 89' lang='grc' dir='ltr'>Τοῖς</span> <span class='ocrx_word' id='word_1_367' title='bbox 3159 664 3439 729; x_wconf 82' lang='grc' dir='ltr'>τοιούτοις,</span> <span class='ocrx_word' id='word_1_368' title='bbox 3467 662 3600 734; x_wconf 82' lang='grc' dir='ltr'>μηδὲ</span> <span class='ocrx_word' id='word_1_369' title='bbox 3622 680 3640 713; x_wconf 82' lang='grc' dir='ltr'><strong>ι</strong></span> <span class='ocrx_word' id='word_1_370' title='bbox 3670 661 3800 716; x_wconf 81' lang='grc' dir='ltr'>Χαί-</span> <span class='ocrx_word' id='word_1_371' title='bbox 3848 664 3857 669; x_wconf 67' lang='grc'><em>““</em></span> 
     </span>
    </p>
   </div>
   <div class='ocr_carea' id='block_1_52' title="bbox 2222 752 3801 840">
    <p class='ocr_par' dir='ltr' id='par_1_52' title="bbox 2222 752 3801 840">
     <span class='ocr_line' id='line_1_52' title="bbox 2222 752 3801 840; baseline -0.012 -18"><span class='ocrx_word' id='word_1_372' title='bbox 2222 785 2337 840; x_wconf 89' lang='grc' dir='ltr'>ρειν</span> <span class='ocrx_word' id='word_1_373' title='bbox 2365 766 2574 835; x_wconf 77' lang='grc' dir='ltr'><strong>λέγετε,</strong></span> <span class='ocrx_word' id='word_1_374' title='bbox 2616 783 2636 816; x_wconf 77' lang='grc' dir='ltr'><strong>ι</strong></span> <span class='ocrx_word' id='word_1_375' title='bbox 2674 761 2809 832; x_wconf 77' lang='grc' dir='ltr'>φησὶ</span> <span class='ocrx_word' id='word_1_376' title='bbox 2839 757 2931 813; x_wconf 88' lang='grc' dir='ltr'><strong>τοῦ</strong></span> <span class='ocrx_word' id='word_1_377' title='bbox 2963 756 3216 827; x_wconf 78' lang='grc' dir='ltr'><strong>Σωτῆρος</strong></span> <span class='ocrx_word' id='word_1_378' title='bbox 3240 755 3269 807; x_wconf 87' lang='grc' dir='ltr'><strong>ὁ</strong></span> <span class='ocrx_word' id='word_1_379' title='bbox 3297 753 3564 827; x_wconf 79' lang='grc' dir='ltr'>μαθητὴς,</span> <span class='ocrx_word' id='word_1_380' title='bbox 3597 752 3697 805; x_wconf 84' lang='grc' dir='ltr'><strong>οὐκ</strong></span> <span class='ocrx_word' id='word_1_381' title='bbox 3724 752 3801 815; x_wconf 87' lang='grc' dir='ltr'><strong>είς</strong></span> 
     </span>
    </p>
   </div>
   <div class='ocr_carea' id='block_1_53' title="bbox 2218 841 3801 932">
    <p class='ocr_par' dir='ltr' id='par_1_53' title="bbox 2218 841 3801 932">
     <span class='ocr_line' id='line_1_53' title="bbox 2218 841 3801 932; baseline -0.012 -18"><span class='ocrx_word' id='word_1_382' title='bbox 2218 861 2436 932; x_wconf 83' lang='grc' dir='ltr'>τρόπων</span> <span class='ocrx_word' id='word_1_383' title='bbox 2482 859 2630 929; x_wconf 81' lang='grc' dir='ltr'>ἡμᾶς</span> <span class='ocrx_word' id='word_1_384' title='bbox 2677 853 2983 926; x_wconf 78' lang='grc' dir='ltr'><strong>ἀγριότητα</strong></span> <span class='ocrx_word' id='word_1_385' title='bbox 3032 847 3421 918; x_wconf 80' lang='grc' dir='ltr'><strong>παιδαγωγῶν,</strong></span> <span class='ocrx_word' id='word_1_386' title='bbox 3453 845 3567 899; x_wconf 81' lang='grc' dir='ltr'>ἀλλ’</span> <span class='ocrx_word' id='word_1_387' title='bbox 3601 845 3682 927; x_wconf 81' lang='grc' dir='ltr'>ὅτι</span> <span class='ocrx_word' id='word_1_388' title='bbox 3725 841 3801 914; x_wconf 80' lang='grc' dir='ltr'>τῷ</span> 
     </span>
    </p>
   </div>
   <div class='ocr_carea' id='block_1_54' title="bbox 2219 938 3796 1022">
    <p class='ocr_par' dir='ltr' id='par_1_54' title="bbox 2219 938 3796 1022">
     <span class='ocr_line' id='line_1_54' title="bbox 2219 938 3796 1022; baseline -0.013 -17"><span class='ocrx_word' id='word_1_389' title='bbox 2219 953 2369 1022; x_wconf 84' lang='grc' dir='ltr'>λύκῳ</span> <span class='ocrx_word' id='word_1_390' title='bbox 2414 951 2477 1006; x_wconf 84' lang='grc' dir='ltr'>τὸ</span> <span class='ocrx_word' id='word_1_391' title='bbox 2528 948 2801 1020; x_wconf 79' lang='grc' dir='ltr'>πρόϐατον</span> <span class='ocrx_word' id='word_1_392' title='bbox 2857 945 2940 1009; x_wconf 88' lang='grc' dir='ltr'><strong>είς</strong></span> <span class='ocrx_word' id='word_1_393' title='bbox 2991 943 3263 1006; x_wconf 76' lang='grc' dir='ltr'><strong>διαθέσεις</strong></span> <span class='ocrx_word' id='word_1_394' title='bbox 3305 941 3406 994; x_wconf 80' lang='grc' dir='ltr'><strong>οὐκ</strong></span> <span class='ocrx_word' id='word_1_395' title='bbox 3464 938 3796 1010; x_wconf 80' lang='grc' dir='ltr'>ἐπιτήδειονο</span> 
     </span>
    </p>
   </div>
   <div class='ocr_carea' id='block_1_55' title="bbox 2220 1026 3801 1113">
    <p class='ocr_par' dir='ltr' id='par_1_55' title="bbox 2220 1026 3801 1113">
     <span class='ocr_line' id='line_1_55' title="bbox 2220 1026 3801 1113; baseline -0.014 -15"><span class='ocrx_word' id='word_1_396' title='bbox 2220 1041 2512 1113; x_wconf 80' lang='grc' dir='ltr'>ἀσύμϐατα</span> <span class='ocrx_word' id='word_1_397' title='bbox 2559 1038 2617 1093; x_wconf 82' lang='grc' dir='ltr'>δὲ</span> <span class='ocrx_word' id='word_1_398' title='bbox 2664 1037 2854 1107; x_wconf 79' lang='grc' dir='ltr'>ὥσπερ</span> <span class='ocrx_word' id='word_1_399' title='bbox 2897 1033 3172 1105; x_wconf 84' lang='grc' dir='ltr'>ἀλλήλοιν,</span> <span class='ocrx_word' id='word_1_400' title='bbox 3218 1030 3288 1085; x_wconf 81' lang='grc' dir='ltr'>τὰ</span> <span class='ocrx_word' id='word_1_401' title='bbox 3348 1026 3801 1100; x_wconf 83' lang='grc' dir='ltr'>ἐτερογνωμονεῖν</span> 
     </span>
    </p>
   </div>
   <div class='ocr_carea' id='block_1_56' title="bbox 2220 1116 3799 1197">
    <p class='ocr_par' dir='ltr' id='par_1_56' title="bbox 2220 1116 3799 1197">
     <span class='ocr_line' id='line_1_56' title="bbox 2220 1116 3799 1197; baseline -0.015 -9"><span class='ocrx_word' id='word_1_402' title='bbox 2220 1132 2464 1188; x_wconf 77' lang='grc' dir='ltr'><strong>εἰωθότα·</strong></span> <span class='ocrx_word' id='word_1_403' title='bbox 2505 1150 2525 1184; x_wconf 81' lang='grc' dir='ltr'><strong>ι</strong></span> <span class='ocrx_word' id='word_1_404' title='bbox 2564 1128 2661 1192; x_wconf 87' lang='grc' dir='ltr'><strong>Τίς</strong></span> <span class='ocrx_word' id='word_1_405' title='bbox 2707 1126 2817 1196; x_wconf 86' lang='grc' dir='ltr'><strong>γάρ</strong></span> <span class='ocrx_word' id='word_1_406' title='bbox 2875 1124 3034 1197; x_wconf 74' lang='grc' dir='ltr'>μερὶς</span> <span class='ocrx_word' id='word_1_407' title='bbox 3068 1121 3248 1192; x_wconf 84' lang='grc' dir='ltr'>πιστῷ</span> <span class='ocrx_word' id='word_1_408' title='bbox 3283 1118 3420 1191; x_wconf 82' lang='grc' dir='ltr'>μετὰ</span> <span class='ocrx_word' id='word_1_409' title='bbox 3468 1116 3734 1181; x_wconf 72' lang='grc' dir='ltr'>ἀπίστους</span> <span class='ocrx_word' id='word_1_410' title='bbox 3777 1131 3799 1166; x_wconf 75' lang='grc' dir='ltr'><strong>ι</strong></span> 
     </span>
    </p>
   </div>
   <div class='ocr_carea' id='block_1_57' title="bbox 2218 1208 3803 1293">
    <p class='ocr_par' dir='ltr' id='par_1_57' title="bbox 2218 1208 3803 1293">
     <span class='ocr_line' id='line_1_57' title="bbox 2218 1208 3803 1293; baseline -0.011 -15"><span class='ocrx_word' id='word_1_411' title='bbox 2218 1225 2329 1277; x_wconf 72' lang='grc' dir='ltr'><strong>Καὶ</strong></span> <span class='ocrx_word' id='word_1_412' title='bbox 2377 1222 2511 1293; x_wconf 84' lang='grc' dir='ltr'>πρός</span> <span class='ocrx_word' id='word_1_413' title='bbox 2560 1236 2625 1289; x_wconf 88' lang='grc' dir='ltr'><strong>γε</strong></span> <span class='ocrx_word' id='word_1_414' title='bbox 2655 1219 2720 1290; x_wconf 82' lang='grc' dir='ltr'>δὴ</span> <span class='ocrx_word' id='word_1_415' title='bbox 2759 1218 2990 1283; x_wconf 84' lang='grc' dir='ltr'>τούτοις,</span> <span class='ocrx_word' id='word_1_416' title='bbox 3037 1217 3150 1278; x_wconf 89' lang='grc' dir='ltr'>τοῖς</span> <span class='ocrx_word' id='word_1_417' title='bbox 3196 1214 3417 1285; x_wconf 84' lang='grc' dir='ltr'>πόρνοις</span> <span class='ocrx_word' id='word_1_418' title='bbox 3461 1210 3555 1263; x_wconf 88' lang='grc' dir='ltr'><strong>τοῦ</strong></span> <span class='ocrx_word' id='word_1_419' title='bbox 3611 1208 3803 1272; x_wconf 74' lang='grc' dir='ltr'>αἰῶνος</span> 
     </span>
    </p>
   </div>
   <div class='ocr_carea' id='block_1_58' title="bbox 2218 1301 3804 1383">
    <p class='ocr_par' dir='ltr' id='par_1_58' title="bbox 2218 1301 3804 1383">
     <span class='ocr_line' id='line_1_58' title="bbox 2218 1301 3804 1383; baseline -0.008 -16"><span class='ocrx_word' id='word_1_420' title='bbox 2218 1313 2409 1367; x_wconf 81' lang='grc' dir='ltr'>τούτου</span> <span class='ocrx_word' id='word_1_421' title='bbox 2436 1312 2510 1383; x_wconf 84' lang='grc' dir='ltr'>μὴ</span> <span class='ocrx_word' id='word_1_422' title='bbox 2549 1306 3052 1363; x_wconf 80' lang='grc' dir='ltr'>συναναπλέκεσθαι</span> <span class='ocrx_word' id='word_1_423' title='bbox 3076 1307 3207 1369; x_wconf 83' lang='grc' dir='ltr'>δεῖν,</span> <span class='ocrx_word' id='word_1_424' title='bbox 3232 1306 3260 1358; x_wconf 89' lang='grc' dir='ltr'><strong>ό</strong></span> <span class='ocrx_word' id='word_1_425' title='bbox 3285 1303 3569 1366; x_wconf 80' lang='grc' dir='ltr'>Θεσπέσιος</span> <span class='ocrx_word' id='word_1_426' title='bbox 3591 1301 3804 1364; x_wconf 82' lang='grc' dir='ltr'>Παῦλος</span> 
     </span>
    </p>
   </div>
   <div class='ocr_carea' id='block_1_59' title="bbox 2219 1390 3803 1476">
    <p class='ocr_par' dir='ltr' id='par_1_59' title="bbox 2219 1390 3803 1476">
     <span class='ocr_line' id='line_1_59' title="bbox 2219 1390 3803 1476; baseline -0.009 -17"><span class='ocrx_word' id='word_1_427' title='bbox 2219 1404 2445 1476; x_wconf 81' lang='grc' dir='ltr'>γράφει.</span> <span class='ocrx_word' id='word_1_428' title='bbox 2489 1402 2605 1456; x_wconf 86' lang='grc' dir='ltr'>Ἵνα</span> <span class='ocrx_word' id='word_1_429' title='bbox 2628 1401 2808 1455; x_wconf 81' lang='grc' dir='ltr'>τοίνυν</span> <span class='ocrx_word' id='word_1_430' title='bbox 2839 1399 2914 1470; x_wconf 86' lang='grc' dir='ltr'>μὴ</span> <span class='ocrx_word' id='word_1_431' title='bbox 2953 1397 3205 1469; x_wconf 85' lang='grc' dir='ltr'>καθάπερ</span> <span class='ocrx_word' id='word_1_432' title='bbox 3230 1396 3296 1450; x_wconf 83' lang='grc' dir='ltr'><strong>ἐκ</strong></span> <span class='ocrx_word' id='word_1_433' title='bbox 3328 1393 3592 1466; x_wconf 76' lang='grc' dir='ltr'>πατρῴας</span> <span class='ocrx_word' id='word_1_434' title='bbox 3616 1390 3803 1456; x_wconf 77' lang='grc' dir='ltr'>ἑστίας</span> 
     </span>
    </p>
   </div>
   <div class='ocr_carea' id='block_1_60' title="bbox 2219 1484 3805 1567">
    <p class='ocr_par' dir='ltr' id='par_1_60' title="bbox 2219 1484 3805 1567">
     <span class='ocr_line' id='line_1_60' title="bbox 2219 1484 3805 1567; baseline -0.009 -17"><span class='ocrx_word' id='word_1_435' title='bbox 2219 1497 2319 1567; x_wconf 85' lang='grc' dir='ltr'>τῆς</span> <span class='ocrx_word' id='word_1_436' title='bbox 2360 1493 2684 1566; x_wconf 82' lang='grc' dir='ltr'>Ἐκκλησίας</span> <span class='ocrx_word' id='word_1_437' title='bbox 2729 1491 2826 1547; x_wconf 88' lang='grc' dir='ltr'><strong>τοῦ</strong></span> <span class='ocrx_word' id='word_1_438' title='bbox 2856 1488 2990 1544; x_wconf 86' lang='grc' dir='ltr'>Θεοῦ</span> <span class='ocrx_word' id='word_1_439' title='bbox 3034 1486 3469 1560; x_wconf 78' lang='grc' dir='ltr'>καθαρπάζοιντό</span> <span class='ocrx_word' id='word_1_440' title='bbox 3517 1501 3681 1549; x_wconf 84' lang='grc' dir='ltr'>τινες,</span> <span class='ocrx_word' id='word_1_441' title='bbox 3709 1484 3805 1538; x_wconf 80' lang='grc' dir='ltr'>καὶ</span> 
     </span>
    </p>
   </div>
   <div class='ocr_carea' id='block_1_61' title="bbox 2220 1576 3805 1658">
    <p class='ocr_par' dir='ltr' id='par_1_61' title="bbox 2220 1576 3805 1658">
     <span class='ocr_line' id='line_1_61' title="bbox 2220 1576 3805 1658; baseline -0.009 -16"><span class='ocrx_word' id='word_1_442' title='bbox 2220 1591 2301 1653; x_wconf 90' lang='grc' dir='ltr'><strong>είς</strong></span> <span class='ocrx_word' id='word_1_443' title='bbox 2350 1585 2644 1658; x_wconf 77' lang='grc' dir='ltr'>ἐκκλησίας</span> <span class='ocrx_word' id='word_1_444' title='bbox 2690 1582 3050 1654; x_wconf 84' lang='grc' dir='ltr'>ἀποφέροιντο</span> <span class='ocrx_word' id='word_1_445' title='bbox 3081 1578 3551 1652; x_wconf 80' lang='grc' dir='ltr'>πονηρευομένων,</span> <span class='ocrx_word' id='word_1_446' title='bbox 3577 1578 3696 1638; x_wconf 88' lang='grc' dir='ltr'>ταῖς</span> <span class='ocrx_word' id='word_1_447' title='bbox 3722 1576 3805 1639; x_wconf 82' lang='grc' dir='ltr'><strong>είς</strong></span> 
     </span>
    </p>
   </div>
   <div class='ocr_carea' id='block_1_62' title="bbox 2221 1669 3805 1751">
    <p class='ocr_par' dir='ltr' id='par_1_62' title="bbox 2221 1669 3805 1751">
     <span class='ocr_line' id='line_1_62' title="bbox 2221 1669 3805 1751; baseline -0.009 -16"><span class='ocrx_word' id='word_1_448' title='bbox 2221 1680 2534 1751; x_wconf 83' lang='grc' dir='ltr'>φαυλότητα</span> <span class='ocrx_word' id='word_1_449' title='bbox 2570 1677 2952 1749; x_wconf 85' lang='grc' dir='ltr'>παρατροπαῖς</span> <span class='ocrx_word' id='word_1_450' title='bbox 2991 1673 3081 1727; x_wconf 85' lang='grc' dir='ltr'><strong>τδν</strong></span> <span class='ocrx_word' id='word_1_451' title='bbox 3113 1673 3313 1726; x_wconf 79' lang='grc' dir='ltr'>οἰκεῖον</span> <span class='ocrx_word' id='word_1_452' title='bbox 3340 1669 3531 1741; x_wconf 80' lang='grc' dir='ltr'>ὥσπερ</span> <span class='ocrx_word' id='word_1_453' title='bbox 3565 1684 3805 1722; x_wconf 86' lang='grc' dir='ltr'>καταπι-</span> 
     </span>
    </p>
   </div>
   <div class='ocr_carea' id='block_1_63' title="bbox 2227 1758 3804 1846">
    <p class='ocr_par' dir='ltr' id='par_1_63' title="bbox 2227 1758 3804 1846">
     <span class='ocr_line' id='line_1_63' title="bbox 2227 1758 3804 1846; baseline -0.011 -18"><span class='ocrx_word' id='word_1_454' title='bbox 2227 1774 2565 1846; x_wconf 82' lang='grc' dir='ltr'>πράσκοντες</span> <span class='ocrx_word' id='word_1_455' title='bbox 2603 1768 2751 1833; x_wconf 85' lang='grc' dir='ltr'>νοῦν,</span> <span class='ocrx_word' id='word_1_456' title='bbox 2787 1787 2807 1820; x_wconf 74' lang='grc' dir='ltr'><strong>ι</strong></span> <span class='ocrx_word' id='word_1_457' title='bbox 2840 1766 3127 1837; x_wconf 71' lang='grc' dir='ltr'>Ψθείρουσι</span> <span class='ocrx_word' id='word_1_458' title='bbox 3172 1762 3281 1833; x_wconf 84' lang='grc' dir='ltr'><strong>γὰρ</strong></span> <span class='ocrx_word' id='word_1_459' title='bbox 3302 1761 3408 1833; x_wconf 77' lang='grc' dir='ltr'>ἡθη</span> <span class='ocrx_word' id='word_1_460' title='bbox 3440 1758 3653 1832; x_wconf 85' lang='grc' dir='ltr'>χρηστά</span> <span class='ocrx_word' id='word_1_461' title='bbox 3675 1759 3804 1829; x_wconf 85' lang='grc' dir='ltr'>ὁμι-</span> 
     </span>
    </p>
   </div>
   <div class='ocr_carea' id='block_1_64' title="bbox 2227 1851 3809 1929">
    <p class='ocr_par' dir='ltr' id='par_1_64' title="bbox 2227 1851 3809 1929">
     <span class='ocr_line' id='line_1_64' title="bbox 2227 1851 3809 1929; baseline -0.012 -10"><span class='ocrx_word' id='word_1_462' title='bbox 2227 1867 2336 1919; x_wconf 87' lang='grc' dir='ltr'>λίαι</span> <span class='ocrx_word' id='word_1_463' title='bbox 2365 1863 2553 1926; x_wconf 80' lang='grc' dir='ltr'>κακαὶ,</span> <span class='ocrx_word' id='word_1_464' title='bbox 2592 1880 2611 1912; x_wconf 74' lang='lat' dir='ltr'><strong>r</strong></span> <span class='ocrx_word' id='word_1_465' title='bbox 2654 1860 2879 1915; x_wconf 78' lang='grc' dir='ltr'>θάνατον</span> <span class='ocrx_word' id='word_1_466' title='bbox 2908 1856 3078 1929; x_wconf 79' lang='grc' dir='ltr'>ὁρίζει</span> <span class='ocrx_word' id='word_1_467' title='bbox 3117 1855 3216 1927; x_wconf 81' lang='grc' dir='ltr'><strong>τὴν</strong></span> <span class='ocrx_word' id='word_1_468' title='bbox 3253 1853 3406 1924; x_wconf 85' lang='grc' dir='ltr'>δίκην</span> <span class='ocrx_word' id='word_1_469' title='bbox 3435 1854 3463 1906; x_wconf 89' lang='grc' dir='ltr'><strong>ὁ</strong></span> <span class='ocrx_word' id='word_1_470' title='bbox 3501 1851 3664 1921; x_wconf 86' lang='grc' dir='ltr'>νόμος</span> <span class='ocrx_word' id='word_1_471' title='bbox 3691 1852 3809 1913; x_wconf 78' lang='grc' dir='ltr'>τοῖς</span> 
     </span>
    </p>
   </div>
   <div class='ocr_carea' id='block_1_65' title="bbox 2227 1941 3807 2028">
    <p class='ocr_par' dir='ltr' id='par_1_65' title="bbox 2227 1941 3807 2028">
     <span class='ocr_line' id='line_1_65' title="bbox 2227 1941 3807 2028; baseline -0.012 -16"><span class='ocrx_word' id='word_1_472' title='bbox 2227 1957 2384 2012; x_wconf 88' lang='grc' dir='ltr'>τοῦτο</span> <span class='ocrx_word' id='word_1_473' title='bbox 2430 1956 2563 2028; x_wconf 80' lang='grc' dir='ltr'>δρᾷν</span> <span class='ocrx_word' id='word_1_474' title='bbox 2606 1950 2944 2008; x_wconf 84' lang='grc' dir='ltr'>ἀνοσιώτατα</span> <span class='ocrx_word' id='word_1_475' title='bbox 2988 1945 3511 2020; x_wconf 82' lang='grc' dir='ltr'>προτεθυμημένοις.</span> <span class='ocrx_word' id='word_1_476' title='bbox 3559 1941 3719 2006; x_wconf 85' lang='grc' dir='ltr'>Ἵδοις</span> <span class='ocrx_word' id='word_1_477' title='bbox 3761 1942 3807 1995; x_wconf 83' lang='grc' dir='ltr'>δ’</span> 
     </span>
    </p>
   </div>
   <div class='ocr_carea' id='block_1_66' title="bbox 2228 2031 3812 2115">
    <p class='ocr_par' dir='ltr' id='par_1_66' title="bbox 2228 2031 3812 2115">
     <span class='ocr_line' id='line_1_66' title="bbox 2228 2031 3812 2115; baseline -0.013 -11"><span class='ocrx_word' id='word_1_478' title='bbox 2228 2049 2294 2104; x_wconf 79' lang='grc' dir='ltr'>ἂν</span> <span class='ocrx_word' id='word_1_479' title='bbox 2318 2048 2450 2104; x_wconf 75' lang='grc' dir='ltr'>αὐτὸ</span> <span class='ocrx_word' id='word_1_480' title='bbox 2469 2046 2716 2115; x_wconf 81' lang='grc' dir='ltr'>πλαγίως</span> <span class='ocrx_word' id='word_1_481' title='bbox 2741 2046 2872 2115; x_wconf 78' lang='grc' dir='ltr'>ἡμῖν</span> <span class='ocrx_word' id='word_1_482' title='bbox 2905 2041 3269 2109; x_wconf 77' lang='grc' dir='ltr'>ὑποφαίνοντα</span> <span class='ocrx_word' id='word_1_483' title='bbox 3304 2036 3467 2092; x_wconf 80' lang='grc' dir='ltr'>πάλιν</span> <span class='ocrx_word' id='word_1_484' title='bbox 3490 2034 3678 2105; x_wconf 85' lang='grc' dir='ltr'>νόμον,</span> <span class='ocrx_word' id='word_1_485' title='bbox 3710 2031 3812 2089; x_wconf 77' lang='grc' dir='ltr'><strong>καὶ</strong></span> 
     </span>
    </p>
   </div>
   <div class='ocr_carea' id='block_1_67' title="bbox 2228 2125 3814 2215">
    <p class='ocr_par' dir='ltr' id='par_1_67' title="bbox 2228 2125 3814 2215">
     <span class='ocr_line' id='line_1_67' title="bbox 2228 2125 3814 2215; baseline -0.012 -18"><span class='ocrx_word' id='word_1_486' title='bbox 2228 2144 2295 2199; x_wconf 85' lang='grc' dir='ltr'>δι’</span> <span class='ocrx_word' id='word_1_487' title='bbox 2328 2143 2516 2215; x_wconf 82' lang='grc' dir='ltr'>ἐτέρου</span> <span class='ocrx_word' id='word_1_488' title='bbox 2567 2138 3064 2212; x_wconf 82' lang='grc' dir='ltr'>χρησμῳδήματος.</span> <span class='ocrx_word' id='word_1_489' title='bbox 3109 2128 3522 2204; x_wconf 80' lang='grc' dir='ltr'>Καταρυθμίζει</span> <span class='ocrx_word' id='word_1_490' title='bbox 3564 2126 3675 2198; x_wconf 84' lang='grc' dir='ltr'>γὰρ</span> <span class='ocrx_word' id='word_1_491' title='bbox 3715 2125 3814 2179; x_wconf 72' lang='grc' dir='ltr'><strong>ἐπὶ</strong></span> 
     </span>
    </p>
   </div>
   <div class='ocr_carea' id='block_1_68' title="bbox 2230 2220 3816 2306">
    <p class='ocr_par' dir='ltr' id='par_1_68' title="bbox 2230 2220 3816 2306">
     <span class='ocr_line' id='line_1_68' title="bbox 2230 2220 3816 2306; baseline -0.012 -15"><span class='ocrx_word' id='word_1_492' title='bbox 2230 2236 2292 2292; x_wconf 82' lang='grc' dir='ltr'>τὸ</span> <span class='ocrx_word' id='word_1_493' title='bbox 2318 2234 2441 2306; x_wconf 76' lang='grc' dir='ltr'>ἔχον</span> <span class='ocrx_word' id='word_1_494' title='bbox 2487 2232 2664 2305; x_wconf 82' lang='grc' dir='ltr'>ὀρθῶς</span> <span class='ocrx_word' id='word_1_495' title='bbox 2706 2231 2776 2285; x_wconf 81' lang='grc' dir='ltr'><strong>τὰ</strong></span> <span class='ocrx_word' id='word_1_496' title='bbox 2805 2232 2863 2283; x_wconf 83' lang='grc' dir='ltr'><strong>ἐν</strong></span> <span class='ocrx_word' id='word_1_497' title='bbox 2891 2228 3082 2298; x_wconf 80' lang='grc' dir='ltr'>κόσμῳ</span> <span class='ocrx_word' id='word_1_498' title='bbox 3114 2225 3436 2297; x_wconf 83' lang='grc' dir='ltr'>πράγματα,</span> <span class='ocrx_word' id='word_1_499' title='bbox 3466 2220 3556 2291; x_wconf 75' lang='grc' dir='ltr'>διὰ</span> <span class='ocrx_word' id='word_1_500' title='bbox 3580 2220 3683 2290; x_wconf 80' lang='grc' dir='ltr'>τῆς</span> <span class='ocrx_word' id='word_1_501' title='bbox 3712 2220 3816 2289; x_wconf 85' lang='grc' dir='ltr'>ἐμ-</span> 
     </span>
    </p>
   </div>
   <div class='ocr_carea' id='block_1_69' title="bbox 2231 2310 3813 2399">
    <p class='ocr_par' dir='ltr' id='par_1_69' title="bbox 2231 2310 3813 2399">
     <span class='ocr_line' id='line_1_69' title="bbox 2231 2310 3813 2399; baseline -0.012 -16"><span class='ocrx_word' id='word_1_502' title='bbox 2231 2326 2568 2399; x_wconf 83' lang='grc' dir='ltr'>φανεστέρας</span> <span class='ocrx_word' id='word_1_503' title='bbox 2594 2323 2691 2378; x_wconf 72' lang='grc' dir='ltr'><strong>καὶ</strong></span> <span class='ocrx_word' id='word_1_504' title='bbox 2718 2320 2940 2391; x_wconf 87' lang='grc' dir='ltr'>ἐτοίμης</span> <span class='ocrx_word' id='word_1_505' title='bbox 2972 2319 3112 2373; x_wconf 74' lang='grc' dir='ltr'>ἑλεῖν</span> <span class='ocrx_word' id='word_1_506' title='bbox 3138 2318 3249 2379; x_wconf 87' lang='grc' dir='ltr'>τοῖς</span> <span class='ocrx_word' id='word_1_507' title='bbox 3271 2314 3518 2367; x_wconf 77' lang='grc' dir='ltr'>ἐθέλουσι</span> <span class='ocrx_word' id='word_1_508' title='bbox 3549 2310 3813 2382; x_wconf 83' lang='grc' dir='ltr'>θεωρίας.</span> 
     </span>
    </p>
   </div>
   <div class='ocr_carea' id='block_1_70' title="bbox 2231 2399 3818 2489">
    <p class='ocr_par' dir='ltr' id='par_1_70' title="bbox 2231 2399 3818 2489">
     <span class='ocr_line' id='line_1_70' title="bbox 2231 2399 3818 2489; baseline -0.014 -14"><span class='ocrx_word' id='word_1_509' title='bbox 2231 2420 2306 2475; x_wconf 83' lang='grc' dir='ltr'><strong>Οὐ</strong></span> <span class='ocrx_word' id='word_1_510' title='bbox 2334 2419 2442 2489; x_wconf 79' lang='grc' dir='ltr'><strong>γάρ</strong></span> <span class='ocrx_word' id='word_1_511' title='bbox 2461 2434 2547 2470; x_wconf 85' lang='grc' dir='ltr'><strong>τοι</strong></span> <span class='ocrx_word' id='word_1_512' title='bbox 2566 2414 2664 2486; x_wconf 78' lang='grc' dir='ltr'>τὴν</span> <span class='ocrx_word' id='word_1_513' title='bbox 2686 2411 2923 2481; x_wconf 81' lang='grc' dir='ltr'>ἱστορίαν</span> <span class='ocrx_word' id='word_1_514' title='bbox 2947 2408 3003 2463; x_wconf 75' lang='grc' dir='ltr'><strong>ἐν</strong></span> <span class='ocrx_word' id='word_1_515' title='bbox 3023 2426 3088 2478; x_wconf 85' lang='grc' dir='ltr'><strong>γε</strong></span> <span class='ocrx_word' id='word_1_516' title='bbox 3114 2410 3226 2468; x_wconf 84' lang='grc' dir='ltr'>τοῖς</span> <span class='ocrx_word' id='word_1_517' title='bbox 3245 2408 3328 2460; x_wconf 85' lang='grc' dir='ltr'><strong>ὅτι</strong></span> <span class='ocrx_word' id='word_1_518' title='bbox 3356 2403 3591 2476; x_wconf 83' lang='grc' dir='ltr'>μάλιστα</span> <span class='ocrx_word' id='word_1_519' title='bbox 3614 2399 3818 2472; x_wconf 84' lang='grc' dir='ltr'>χρησί-</span> 
     </span>
    </p>
   </div>
   <div class='ocr_carea' id='block_1_71' title="bbox 2233 2492 3818 2581">
    <p class='ocr_par' dir='ltr' id='par_1_71' title="bbox 2233 2492 3818 2581">
     <span class='ocr_line' id='line_1_71' title="bbox 2233 2492 3818 2581; baseline -0.013 -17"><span class='ocrx_word' id='word_1_520' title='bbox 2233 2526 2355 2581; x_wconf 82' lang='grc' dir='ltr'>μοις</span> <span class='ocrx_word' id='word_1_521' title='bbox 2381 2506 2646 2571; x_wconf 76' lang='grc' dir='ltr'>ὠςέωλον</span> <span class='ocrx_word' id='word_1_522' title='bbox 2690 2502 3077 2574; x_wconf 77' lang='grc' dir='ltr'>ἀναιρήσομεν.</span> <span class='ocrx_word' id='word_1_523' title='bbox 3135 2499 3350 2566; x_wconf 87' lang='grc' dir='ltr'>Ὀνήσει</span> <span class='ocrx_word' id='word_1_524' title='bbox 3401 2495 3511 2566; x_wconf 82' lang='grc' dir='ltr'><strong>γὰρ</strong></span> <span class='ocrx_word' id='word_1_525' title='bbox 3559 2492 3675 2546; x_wconf 78' lang='grc' dir='ltr'>ἐσθ’</span> <span class='ocrx_word' id='word_1_526' title='bbox 3725 2492 3818 2545; x_wconf 80' lang='grc' dir='ltr'>ὅτε</span> 
     </span>
    </p>
   </div>
   <div class='ocr_carea' id='block_1_72' title="bbox 2232 2584 3818 2667">
    <p class='ocr_par' dir='ltr' id='par_1_72' title="bbox 2232 2584 3818 2667">
     <span class='ocr_line' id='line_1_72' title="bbox 2232 2584 3818 2667; baseline -0.011 -12"><span class='ocrx_word' id='word_1_527' title='bbox 2232 2602 2326 2655; x_wconf 78' lang='grc' dir='ltr'><strong>καὶ</strong></span> <span class='ocrx_word' id='word_1_528' title='bbox 2378 2598 2510 2653; x_wconf 77' lang='grc' dir='ltr'>αὐτὸ</span> <span class='ocrx_word' id='word_1_529' title='bbox 2550 2598 2613 2650; x_wconf 85' lang='grc' dir='ltr'>τὺ</span> <span class='ocrx_word' id='word_1_530' title='bbox 2654 2595 2893 2667; x_wconf 83' lang='grc' dir='ltr'>γράμμα</span> <span class='ocrx_word' id='word_1_531' title='bbox 2931 2593 3061 2656; x_wconf 78' lang='grc' dir='ltr'>τοὺς</span> <span class='ocrx_word' id='word_1_532' title='bbox 3098 2589 3508 2662; x_wconf 79' lang='grc' dir='ltr'>ἀκροωμένους,</span> <span class='ocrx_word' id='word_1_533' title='bbox 3538 2585 3726 2640; x_wconf 80' lang='grc' dir='ltr'>ὠδίνει</span> <span class='ocrx_word' id='word_1_534' title='bbox 3757 2584 3818 2638; x_wconf 80' lang='grc' dir='ltr'><strong>δέ</strong></span> 
     </span>
    </p>
   </div>
   <div class='ocr_carea' id='block_1_73' title="bbox 2232 2676 3820 2762">
    <p class='ocr_par' dir='ltr' id='par_1_73' title="bbox 2232 2676 3820 2762">
     <span class='ocr_line' id='line_1_73' title="bbox 2232 2676 3820 2762; baseline -0.011 -15"><span class='ocrx_word' id='word_1_535' title='bbox 2232 2692 2420 2762; x_wconf 84' lang='grc' dir='ltr'>ὥσπερ</span> <span class='ocrx_word' id='word_1_536' title='bbox 2447 2691 2506 2745; x_wconf 83' lang='grc' dir='ltr'><strong>ἐν</strong></span> <span class='ocrx_word' id='word_1_537' title='bbox 2536 2687 2690 2760; x_wconf 80' lang='grc' dir='ltr'>βάθει</span> <span class='ocrx_word' id='word_1_538' title='bbox 2710 2687 2778 2741; x_wconf 80' lang='grc' dir='ltr'>τὰ</span> <span class='ocrx_word' id='word_1_539' title='bbox 2806 2683 3176 2755; x_wconf 83' lang='grc' dir='ltr'>πνευματικὰ,</span> <span class='ocrx_word' id='word_1_540' title='bbox 3207 2682 3302 2735; x_wconf 81' lang='grc' dir='ltr'><strong>καί</strong></span> <span class='ocrx_word' id='word_1_541' title='bbox 3340 2678 3452 2734; x_wconf 86' lang='grc' dir='ltr'><strong>τῶν</strong></span> <span class='ocrx_word' id='word_1_542' title='bbox 3484 2676 3820 2747; x_wconf 81' lang='grc' dir='ltr'>ίσχνοτέρων</span> 
     </span>
    </p>
   </div>
   <div class='ocr_carea' id='block_1_74' title="bbox 2233 2767 3817 2851">
    <p class='ocr_par' dir='ltr' id='par_1_74' title="bbox 2233 2767 3817 2851">
     <span class='ocr_line' id='line_1_74' title="bbox 2233 2767 3817 2851; baseline -0.01 -15"><span class='ocrx_word' id='word_1_543' title='bbox 2233 2780 2450 2836; x_wconf 79' lang='grc' dir='ltr'>ἐννοιῶν</span> <span class='ocrx_word' id='word_1_544' title='bbox 2478 2780 2577 2851; x_wconf 82' lang='grc' dir='ltr'>τὴν</span> <span class='ocrx_word' id='word_1_545' title='bbox 2596 2777 2823 2848; x_wconf 85' lang='grc' dir='ltr'>δύναμιν</span> <span class='ocrx_word' id='word_1_546' title='bbox 2844 2776 2920 2839; x_wconf 83' lang='grc' dir='ltr'>ὡς</span> <span class='ocrx_word' id='word_1_547' title='bbox 2946 2776 3003 2827; x_wconf 86' lang='grc' dir='ltr'><strong>ἐν</strong></span> <span class='ocrx_word' id='word_1_548' title='bbox 3031 2773 3209 2834; x_wconf 82' lang='grc' dir='ltr'>σκιαῖς</span> <span class='ocrx_word' id='word_1_549' title='bbox 3234 2770 3348 2841; x_wconf 73' lang='grc' dir='ltr'>ἔχει</span> <span class='ocrx_word' id='word_1_550' title='bbox 3379 2768 3621 2829; x_wconf 84' lang='grc' dir='ltr'>λεπταῖς.</span> <span class='ocrx_word' id='word_1_551' title='bbox 3660 2767 3817 2836; x_wconf 81' lang='grc' dir='ltr'><strong>Ἔφη</strong></span> 
     </span>
    </p>
   </div>
   <div class='ocr_carea' id='block_1_75' title="bbox 2234 2859 3820 2944">
    <p class='ocr_par' dir='ltr' id='par_1_75' title="bbox 2234 2859 3820 2944">
     <span class='ocr_line' id='line_1_75' title="bbox 2234 2859 3820 2944; baseline -0.013 -15"><span class='ocrx_word' id='word_1_552' title='bbox 2234 2874 2291 2929; x_wconf 83' lang='grc' dir='ltr'><strong>δὲ</strong></span> <span class='ocrx_word' id='word_1_553' title='bbox 2322 2875 2380 2927; x_wconf 89' lang='grc' dir='ltr'><strong>ἐν</strong></span> <span class='ocrx_word' id='word_1_554' title='bbox 2412 2876 2480 2944; x_wconf 78' lang='grc' dir='ltr'>τῇ</span> <span class='ocrx_word' id='word_1_555' title='bbox 2522 2870 2718 2941; x_wconf 79' lang='grc' dir='ltr'>Ἐξόδῳ</span> <span class='ocrx_word' id='word_1_556' title='bbox 2743 2867 2925 2923; x_wconf 70' lang='grc' dir='ltr'>πάλιψ</span> <span class='ocrx_word' id='word_1_557' title='bbox 2959 2883 2979 2918; x_wconf 82' lang='grc' dir='ltr'><strong>ι</strong></span> <span class='ocrx_word' id='word_1_558' title='bbox 3029 2864 3152 2919; x_wconf 86' lang='grc' dir='ltr'>Ἐἀν</span> <span class='ocrx_word' id='word_1_559' title='bbox 3186 2863 3246 2917; x_wconf 82' lang='grc' dir='ltr'><strong>δέ</strong></span> <span class='ocrx_word' id='word_1_560' title='bbox 3273 2878 3356 2925; x_wconf 83' lang='grc' dir='ltr'><strong>τις</strong></span> <span class='ocrx_word' id='word_1_561' title='bbox 3385 2859 3641 2930; x_wconf 78' lang='grc' dir='ltr'>ἀπατήσῃ</span> <span class='ocrx_word' id='word_1_562' title='bbox 3669 2872 3820 2929; x_wconf 88' lang='grc' dir='ltr'>παρ-</span> 
     </span>
    </p>
   </div>
   <div class='ocr_carea' id='block_1_76' title="bbox 2237 2949 3818 3033">
    <p class='ocr_par' dir='ltr' id='par_1_76' title="bbox 2237 2949 3818 3033">
     <span class='ocr_line' id='line_1_76' title="bbox 2237 2949 3818 3033; baseline -0.011 -15"><span class='ocrx_word' id='word_1_563' title='bbox 2237 2964 2384 3019; x_wconf 87' lang='grc' dir='ltr'>θένον</span> <span class='ocrx_word' id='word_1_564' title='bbox 2414 2962 2808 3033; x_wconf 84' lang='grc' dir='ltr'>ἀμνήστευτον,</span> <span class='ocrx_word' id='word_1_565' title='bbox 2853 2957 2947 3011; x_wconf 74' lang='grc' dir='ltr'><strong>καὶ</strong></span> <span class='ocrx_word' id='word_1_566' title='bbox 2979 2953 3217 3027; x_wconf 73' lang='grc' dir='ltr'>κοιμηθῇ</span> <span class='ocrx_word' id='word_1_567' title='bbox 3254 2952 3371 3023; x_wconf 85' lang='grc' dir='ltr'>μετ’</span> <span class='ocrx_word' id='word_1_568' title='bbox 3413 2950 3603 3021; x_wconf 78' lang='grc' dir='ltr'>αὐτῆς,</span> <span class='ocrx_word' id='word_1_569' title='bbox 3633 2949 3818 3019; x_wconf 74' lang='grc' dir='ltr'>φερνῇ</span> 
     </span>
    </p>
   </div>
   <div class='ocr_carea' id='block_1_77' title="bbox 2237 3038 3820 3128">
    <p class='ocr_par' dir='ltr' id='par_1_77' title="bbox 2237 3038 3820 3128">
     <span class='ocr_line' id='line_1_77' title="bbox 2237 3038 3820 3128; baseline -0.012 -18"><span class='ocrx_word' id='word_1_570' title='bbox 2237 3057 2449 3128; x_wconf 81' lang='grc' dir='ltr'>φερνιεῖ</span> <span class='ocrx_word' id='word_1_571' title='bbox 2498 3051 2666 3123; x_wconf 77' lang='grc' dir='ltr'>αὐτὴν</span> <span class='ocrx_word' id='word_1_572' title='bbox 2715 3049 2897 3120; x_wconf 84' lang='grc' dir='ltr'>ἐαυτῷ</span> <span class='ocrx_word' id='word_1_573' title='bbox 2953 3049 3206 3118; x_wconf 88' lang='grc' dir='ltr'>γυναῖκα.</span> <span class='ocrx_word' id='word_1_574' title='bbox 3274 3044 3397 3098; x_wconf 81' lang='grc' dir='ltr'><strong>Ἐὰν</strong></span> <span class='ocrx_word' id='word_1_575' title='bbox 3436 3042 3495 3095; x_wconf 75' lang='grc' dir='ltr'>δὲ</span> <span class='ocrx_word' id='word_1_576' title='bbox 3530 3038 3820 3094; x_wconf 82' lang='grc' dir='ltr'>ἀνανεύων</span> 
     </span>
    </p>
   </div>
   <div class='ocr_carea' id='block_1_78' title="bbox 2230 3130 3820 3220">
    <p class='ocr_par' dir='ltr' id='par_1_78' title="bbox 2230 3130 3820 3220">
     <span class='ocr_line' id='line_1_78' title="bbox 2230 3130 3820 3220; baseline -0.013 -16"><span class='ocrx_word' id='word_1_577' title='bbox 2230 3147 2532 3220; x_wconf 77' lang='grc' dir='ltr'>ἀνανεύσῃ,</span> <span class='ocrx_word' id='word_1_578' title='bbox 2565 3146 2662 3200; x_wconf 78' lang='grc' dir='ltr'>καὶ</span> <span class='ocrx_word' id='word_1_579' title='bbox 2700 3143 2777 3216; x_wconf 83' lang='grc' dir='ltr'>μὴ</span> <span class='ocrx_word' id='word_1_580' title='bbox 2820 3142 3087 3214; x_wconf 81' lang='grc' dir='ltr'>βούληται</span> <span class='ocrx_word' id='word_1_581' title='bbox 3130 3141 3158 3193; x_wconf 86' lang='grc' dir='ltr'><strong>ό</strong></span> <span class='ocrx_word' id='word_1_582' title='bbox 3203 3136 3386 3208; x_wconf 83' lang='grc' dir='ltr'>πατὴρ</span> <span class='ocrx_word' id='word_1_583' title='bbox 3414 3132 3585 3203; x_wconf 79' lang='grc' dir='ltr'>αὐτῆς</span> <span class='ocrx_word' id='word_1_584' title='bbox 3621 3130 3820 3184; x_wconf 87' lang='grc' dir='ltr'>δοῦναι</span> 
     </span>
    </p>
   </div>
   <div class='ocr_carea' id='block_1_79' title="bbox 2232 3222 3822 3313">
    <p class='ocr_par' dir='ltr' id='par_1_79' title="bbox 2232 3222 3822 3313">
     <span class='ocr_line' id='line_1_79' title="bbox 2232 3222 3822 3313; baseline -0.014 -17"><span class='ocrx_word' id='word_1_585' title='bbox 2232 3241 2402 3313; x_wconf 83' lang='grc' dir='ltr'>αὐτὴν</span> <span class='ocrx_word' id='word_1_586' title='bbox 2452 3237 2601 3309; x_wconf 79' lang='grc' dir='ltr'>αὐτῷ</span> <span class='ocrx_word' id='word_1_587' title='bbox 2632 3238 2890 3306; x_wconf 84' lang='grc' dir='ltr'>γυναῖκα,</span> <span class='ocrx_word' id='word_1_588' title='bbox 2915 3232 3180 3305; x_wconf 85' lang='grc' dir='ltr'>ἀργύριον</span> <span class='ocrx_word' id='word_1_589' title='bbox 3228 3227 3478 3284; x_wconf 82' lang='grc' dir='ltr'>ἀποτίσει</span> <span class='ocrx_word' id='word_1_590' title='bbox 3513 3223 3590 3295; x_wconf 84' lang='grc' dir='ltr'>τῷ</span> <span class='ocrx_word' id='word_1_591' title='bbox 3637 3222 3822 3313; x_wconf 56' lang='grc' dir='ltr'><strong>πατρὶ⁵</strong></span> 
     </span>
    </p>
   </div>
   <div class='ocr_carea' id='block_1_80' title="bbox 2230 3312 3822 3397">
    <p class='ocr_par' dir='ltr' id='par_1_80' title="bbox 2230 3312 3822 3397">
     <span class='ocr_line' id='line_1_80' title="bbox 2230 3312 3822 3397; baseline -0.012 -13"><span class='ocrx_word' id='word_1_592' title='bbox 2230 3312 2501 3384; x_wconf 13' lang='grc' dir='ltr'>καθ’νὸσον</span> <span class='ocrx_word' id='word_1_593' title='bbox 2544 3328 2693 3380; x_wconf 75' lang='grc' dir='ltr'>ἐστὶν</span> <span class='ocrx_word' id='word_1_594' title='bbox 2741 3328 2774 3397; x_wconf 77' lang='grc' dir='ltr'><strong>ἡ</strong></span> <span class='ocrx_word' id='word_1_595' title='bbox 2814 3324 2985 3396; x_wconf 82' lang='grc' dir='ltr'>φερνὴ</span> <span class='ocrx_word' id='word_1_596' title='bbox 3019 3323 3125 3376; x_wconf 87' lang='grc' dir='ltr'>τῶν</span> <span class='ocrx_word' id='word_1_597' title='bbox 3154 3318 3460 3392; x_wconf 84' lang='grc' dir='ltr'>παρθένων.</span> <span class='ocrx_word' id='word_1_598' title='bbox 3490 3335 3509 3368; x_wconf 72' lang='grc' dir='ltr'><strong>ι</strong></span> <span class='ocrx_word' id='word_1_599' title='bbox 3551 3312 3822 3384; x_wconf 80' lang='grc' dir='ltr'>Ἀνευρύ-</span> 
     </span>
    </p>
   </div>
   <div class='ocr_carea' id='block_1_81' title="bbox 2230 3405 3823 3491">
    <p class='ocr_par' dir='ltr' id='par_1_81' title="bbox 2230 3405 3823 3491">
     <span class='ocr_line' id='line_1_81' title="bbox 2230 3405 3823 3491; baseline -0.011 -16"><span class='ocrx_word' id='word_1_600' title='bbox 2230 3439 2336 3475; x_wconf 90' lang='grc' dir='ltr'><strong>νων</strong></span> <span class='ocrx_word' id='word_1_601' title='bbox 2386 3420 2444 3475; x_wconf 80' lang='grc' dir='ltr'>δὲ</span> <span class='ocrx_word' id='word_1_602' title='bbox 2482 3419 2672 3491; x_wconf 84' lang='grc' dir='ltr'>ὥσπερ</span> <span class='ocrx_word' id='word_1_603' title='bbox 2703 3419 2835 3490; x_wconf 81' lang='grc' dir='ltr'>ἡμῖν</span> <span class='ocrx_word' id='word_1_604' title='bbox 2879 3417 2977 3488; x_wconf 82' lang='grc' dir='ltr'>τὴν</span> <span class='ocrx_word' id='word_1_605' title='bbox 3008 3414 3157 3469; x_wconf 86' lang='grc' dir='ltr'>θείαν</span> <span class='ocrx_word' id='word_1_606' title='bbox 3187 3410 3428 3482; x_wconf 69' lang='grc' dir='ltr'>ἐντολὴν,</span> <span class='ocrx_word' id='word_1_607' title='bbox 3456 3410 3484 3462; x_wconf 84' lang='grc' dir='ltr'>ὁ</span> <span class='ocrx_word' id='word_1_608' title='bbox 3522 3405 3823 3469; x_wconf 78' lang='grc' dir='ltr'>θεσπέσιος</span> 
     </span>
    </p>
   </div>
   <div class='ocr_carea' id='block_1_82' title="bbox 2229 3502 3823 3583">
    <p class='ocr_par' dir='ltr' id='par_1_82' title="bbox 2229 3502 3823 3583">
     <span class='ocr_line' id='line_1_82' title="bbox 2229 3502 3823 3583; baseline -0.008 -16"><span class='ocrx_word' id='word_1_609' title='bbox 2229 3512 2437 3582; x_wconf 78' lang='grc' dir='ltr'>Μωσῆς</span> <span class='ocrx_word' id='word_1_610' title='bbox 2470 3512 2529 3565; x_wconf 91' lang='grc' dir='ltr'><strong>ἐν</strong></span> <span class='ocrx_word' id='word_1_611' title='bbox 2566 3511 2643 3583; x_wconf 80' lang='grc' dir='ltr'>τῷ</span> <span class='ocrx_word' id='word_1_612' title='bbox 2690 3508 3092 3581; x_wconf 87' lang='grc' dir='ltr'>Δευτερονομίῳ</span> <span class='ocrx_word' id='word_1_613' title='bbox 3134 3506 3327 3580; x_wconf 78' lang='grc' dir='ltr'>φησίν·</span> <span class='ocrx_word' id='word_1_614' title='bbox 3390 3525 3410 3559; x_wconf 81' lang='grc' dir='ltr'><strong>ι</strong></span> <span class='ocrx_word' id='word_1_615' title='bbox 3455 3503 3581 3558; x_wconf 79' lang='grc' dir='ltr'>Ἐὰν</span> <span class='ocrx_word' id='word_1_616' title='bbox 3621 3502 3686 3556; x_wconf 80' lang='grc' dir='ltr'>δὲ</span> <span class='ocrx_word' id='word_1_617' title='bbox 3722 3502 3823 3555; x_wconf 77' lang='grc' dir='ltr'>εύ-</span> 
     </span>
    </p>
   </div>
   <div class='ocr_carea' id='block_1_83' title="bbox 2235 3595 3820 3677">
    <p class='ocr_par' dir='ltr' id='par_1_83' title="bbox 2235 3595 3820 3677">
     <span class='ocr_line' id='line_1_83' title="bbox 2235 3595 3820 3677; baseline -0.008 -16"><span class='ocrx_word' id='word_1_618' title='bbox 2235 3606 2362 3677; x_wconf 80' lang='grc' dir='ltr'>ρεθῇ</span> <span class='ocrx_word' id='word_1_619' title='bbox 2412 3603 2697 3676; x_wconf 77' lang='grc' dir='ltr'>ἄνθρωπος</span> <span class='ocrx_word' id='word_1_620' title='bbox 2758 3603 3101 3674; x_wconf 84' lang='grc' dir='ltr'>κοιμώμενος</span> <span class='ocrx_word' id='word_1_621' title='bbox 3190 3599 3331 3672; x_wconf 87' lang='grc' dir='ltr'><strong>μετά</strong></span> <span class='ocrx_word' id='word_1_622' title='bbox 3383 3595 3638 3667; x_wconf 75' lang='grc' dir='ltr'>γυναικὸς</span> <span class='ocrx_word' id='word_1_623' title='bbox 3685 3612 3820 3649; x_wconf 87' lang='grc' dir='ltr'>συν-</span> 
     </span>
    </p>
   </div>
   <div class='ocr_carea' id='block_1_84' title="bbox 2231 3687 3822 3771">
    <p class='ocr_par' dir='ltr' id='par_1_84' title="bbox 2231 3687 3822 3771">
     <span class='ocr_line' id='line_1_84' title="bbox 2231 3687 3822 3771; baseline -0.008 -20"><span class='ocrx_word' id='word_1_624' title='bbox 2231 3696 2542 3768; x_wconf 80' lang='grc' dir='ltr'>ῳκισμένης</span> <span class='ocrx_word' id='word_1_625' title='bbox 2565 3693 2740 3766; x_wconf 72' lang='grc' dir='ltr'>ἀνδρὶ,</span> <span class='ocrx_word' id='word_1_626' title='bbox 2771 3695 3118 3750; x_wconf 83' lang='grc' dir='ltr'>ἀποκτενεῖτε</span> <span class='ocrx_word' id='word_1_627' title='bbox 3135 3691 3500 3771; x_wconf 65' lang='grc' dir='ltr'>ἀμφοτέρους,</span> <span class='ocrx_word' id='word_1_628' title='bbox 3520 3687 3610 3743; x_wconf 80' lang='grc' dir='ltr'><strong>τόν</strong></span> <span class='ocrx_word' id='word_1_629' title='bbox 3637 3687 3822 3758; x_wconf 79' lang='grc' dir='ltr'>ἄνδρα</span> 
     </span>
    </p>
   </div>
   <div class='ocr_carea' id='block_1_85' title="bbox 2230 3781 3823 3862">
    <p class='ocr_par' dir='ltr' id='par_1_85' title="bbox 2230 3781 3823 3862">
     <span class='ocr_line' id='line_1_85' title="bbox 2230 3781 3823 3862; baseline -0.008 -16"><span class='ocrx_word' id='word_1_630' title='bbox 2230 3794 2321 3847; x_wconf 84' lang='grc' dir='ltr'><strong>τὸν</strong></span> <span class='ocrx_word' id='word_1_631' title='bbox 2344 3789 2688 3862; x_wconf 77' lang='grc' dir='ltr'>κοιμώμενον</span> <span class='ocrx_word' id='word_1_632' title='bbox 2713 3786 2851 3859; x_wconf 85' lang='grc' dir='ltr'><strong>μετά</strong></span> <span class='ocrx_word' id='word_1_633' title='bbox 2878 3787 2976 3856; x_wconf 82' lang='grc' dir='ltr'>τῆς</span> <span class='ocrx_word' id='word_1_634' title='bbox 3007 3785 3284 3854; x_wconf 85' lang='grc' dir='ltr'>γυναικὸς,</span> <span class='ocrx_word' id='word_1_635' title='bbox 3308 3783 3403 3838; x_wconf 72' lang='grc' dir='ltr'><strong>καὶ</strong></span> <span class='ocrx_word' id='word_1_636' title='bbox 3423 3781 3522 3852; x_wconf 83' lang='grc' dir='ltr'>τὴν</span> <span class='ocrx_word' id='word_1_637' title='bbox 3550 3782 3823 3850; x_wconf 83' lang='grc' dir='ltr'>γυναῖκα,</span> 
     </span>
    </p>
   </div>
   <div class='ocr_carea' id='block_1_86' title="bbox 2231 3870 3827 3955">
    <p class='ocr_par' dir='ltr' id='par_1_86' title="bbox 2231 3870 3827 3955">
     <span class='ocr_line' id='line_1_86' title="bbox 2231 3870 3827 3955; baseline -0.01 -15"><span class='ocrx_word' id='word_1_638' title='bbox 2231 3886 2327 3940; x_wconf 78' lang='grc' dir='ltr'>καὶ</span> <span class='ocrx_word' id='word_1_639' title='bbox 2370 3883 2584 3955; x_wconf 77' lang='grc' dir='ltr'>ἐξαρεῖς</span> <span class='ocrx_word' id='word_1_640' title='bbox 2626 3881 2690 3935; x_wconf 82' lang='grc' dir='ltr'><strong>τὸ</strong></span> <span class='ocrx_word' id='word_1_641' title='bbox 2728 3880 2965 3949; x_wconf 78' lang='grc' dir='ltr'>πονηρὸν</span> <span class='ocrx_word' id='word_1_642' title='bbox 3012 3876 3073 3941; x_wconf 78' lang='grc' dir='ltr'><strong>ἐξ</strong></span> <span class='ocrx_word' id='word_1_643' title='bbox 3126 3875 3259 3929; x_wconf 86' lang='grc' dir='ltr'>υίῶν</span> <span class='ocrx_word' id='word_1_644' title='bbox 3292 3873 3530 3945; x_wconf 86' lang='grc' dir='ltr'>Ἰσραήλ.</span> <span class='ocrx_word' id='word_1_645' title='bbox 3574 3872 3709 3926; x_wconf 85' lang='grc' dir='ltr'><strong>Ἐὰν</strong></span> <span class='ocrx_word' id='word_1_646' title='bbox 3762 3870 3827 3924; x_wconf 80' lang='grc' dir='ltr'>δὲ</span> 
     </span>
    </p>
   </div>
   <div class='ocr_carea' id='block_1_87' title="bbox 2230 3962 3829 4046">
    <p class='ocr_par' dir='ltr' id='par_1_87' title="bbox 2230 3962 3829 4046">
     <span class='ocr_line' id='line_1_87' title="bbox 2230 3962 3829 4046; baseline -0.008 -16"><span class='ocrx_word' id='word_1_647' title='bbox 2230 3976 2454 4046; x_wconf 85' lang='grc' dir='ltr'>γένηται</span> <span class='ocrx_word' id='word_1_648' title='bbox 2482 3972 2753 4043; x_wconf 83' lang='grc' dir='ltr'>παρθένος</span> <span class='ocrx_word' id='word_1_649' title='bbox 2789 3967 3244 4041; x_wconf 81' lang='grc' dir='ltr'>μεμνηστευμένη</span> <span class='ocrx_word' id='word_1_650' title='bbox 3293 3965 3466 4035; x_wconf 73' lang='grc' dir='ltr'>ἀνδρὶ,</span> <span class='ocrx_word' id='word_1_651' title='bbox 3506 3963 3600 4017; x_wconf 82' lang='grc' dir='ltr'><strong>καὶ</strong></span> <span class='ocrx_word' id='word_1_652' title='bbox 3629 3962 3829 4034; x_wconf 82' lang='grc' dir='ltr'>εὑρὼν</span> 
     </span>
    </p>
   </div>
   <div class='ocr_carea' id='block_1_88' title="bbox 2231 4052 3828 4140">
    <p class='ocr_par' dir='ltr' id='par_1_88' title="bbox 2231 4052 3828 4140">
     <span class='ocr_line' id='line_1_88' title="bbox 2231 4052 3828 4140; baseline -0.011 -16"><span class='ocrx_word' id='word_1_653' title='bbox 2231 4070 2401 4140; x_wconf 78' lang='grc' dir='ltr'>αὐτὴν</span> <span class='ocrx_word' id='word_1_654' title='bbox 2424 4064 2709 4136; x_wconf 77' lang='grc' dir='ltr'>ἄνθρωπος</span> <span class='ocrx_word' id='word_1_655' title='bbox 2736 4065 2796 4116; x_wconf 84' lang='grc' dir='ltr'><strong>ἐν</strong></span> <span class='ocrx_word' id='word_1_656' title='bbox 2839 4062 3021 4135; x_wconf 69' lang='grc' dir='ltr'>πόλει,</span> <span class='ocrx_word' id='word_1_657' title='bbox 3058 4058 3294 4129; x_wconf 83' lang='grc' dir='ltr'>κοιμηθῇ</span> <span class='ocrx_word' id='word_1_658' title='bbox 3325 4056 3437 4127; x_wconf 80' lang='grc' dir='ltr'>μετ’</span> <span class='ocrx_word' id='word_1_659' title='bbox 3490 4052 3690 4123; x_wconf 82' lang='grc' dir='ltr'>αὐτῆς,</span> <span class='ocrx_word' id='word_1_660' title='bbox 3732 4054 3828 4119; x_wconf 83' lang='grc' dir='ltr'><strong>ἐξ-</strong></span> 
     </span>
    </p>
   </div>
   <div class='ocr_carea' id='block_1_89' title="bbox 2231 4142 3827 4226">
    <p class='ocr_par' dir='ltr' id='par_1_89' title="bbox 2231 4142 3827 4226">
     <span class='ocr_line' id='line_1_89' title="bbox 2231 4142 3827 4226; baseline -0.011 -14"><span class='ocrx_word' id='word_1_661' title='bbox 2231 4158 2385 4225; x_wconf 79' lang='grc' dir='ltr'>ἀξετε</span> <span class='ocrx_word' id='word_1_662' title='bbox 2414 4154 2758 4226; x_wconf 80' lang='grc' dir='ltr'>ἀμφοτέρους</span> <span class='ocrx_word' id='word_1_663' title='bbox 2779 4151 2871 4205; x_wconf 75' lang='grc' dir='ltr'><strong>ἐπὶ</strong></span> <span class='ocrx_word' id='word_1_664' title='bbox 2909 4151 3009 4221; x_wconf 83' lang='grc' dir='ltr'>τὴν</span> <span class='ocrx_word' id='word_1_665' title='bbox 3036 4148 3212 4219; x_wconf 84' lang='grc' dir='ltr'>πύλην</span> <span class='ocrx_word' id='word_1_666' title='bbox 3245 4147 3342 4216; x_wconf 80' lang='grc' dir='ltr'><strong>τῆς</strong></span> <span class='ocrx_word' id='word_1_667' title='bbox 3365 4144 3575 4206; x_wconf 85' lang='grc' dir='ltr'>πόλεως</span> <span class='ocrx_word' id='word_1_668' title='bbox 3597 4142 3827 4209; x_wconf 81' lang='grc' dir='ltr'>αὐτῶν,</span> 
     </span>
    </p>
   </div>
   <div class='ocr_carea' id='block_1_90' title="bbox 2231 4234 3824 4318">
    <p class='ocr_par' dir='ltr' id='par_1_90' title="bbox 2231 4234 3824 4318">
     <span class='ocr_line' id='line_1_90' title="bbox 2231 4234 3824 4318; baseline -0.01 -14"><span class='ocrx_word' id='word_1_669' title='bbox 2231 4251 2325 4306; x_wconf 73' lang='grc' dir='ltr'><strong>καὶ</strong></span> <span class='ocrx_word' id='word_1_670' title='bbox 2349 4245 2864 4318; x_wconf 80' lang='grc' dir='ltr'>λιθοϐοληθήσονται</span> <span class='ocrx_word' id='word_1_671' title='bbox 2900 4245 2957 4297; x_wconf 88' lang='grc' dir='ltr'><strong>ἐν</strong></span> <span class='ocrx_word' id='word_1_672' title='bbox 2994 4242 3184 4305; x_wconf 83' lang='grc' dir='ltr'>λίθοις,</span> <span class='ocrx_word' id='word_1_673' title='bbox 3227 4239 3321 4293; x_wconf 83' lang='grc' dir='ltr'><strong>καί</strong></span> <span class='ocrx_word' id='word_1_674' title='bbox 3363 4234 3787 4290; x_wconf 83' lang='grc' dir='ltr'>ἀποθανοῦνται</span> <span class='ocrx_word' id='word_1_675' title='bbox 3808 4253 3824 4269; x_wconf 87' lang='grc'><strong>·</strong></span> 
     </span>
    </p>
   </div>
   <div class='ocr_carea' id='block_1_91' title="bbox 2230 4326 3829 4414">
    <p class='ocr_par' dir='ltr' id='par_1_91' title="bbox 2230 4326 3829 4414">
     <span class='ocr_line' id='line_1_91' title="bbox 2230 4326 3829 4414; baseline -0.009 -17"><span class='ocrx_word' id='word_1_676' title='bbox 2230 4343 2327 4414; x_wconf 84' lang='grc' dir='ltr'>τὴν</span> <span class='ocrx_word' id='word_1_677' title='bbox 2356 4341 2559 4408; x_wconf 79' lang='grc' dir='ltr'>νεάνιν,</span> <span class='ocrx_word' id='word_1_678' title='bbox 2584 4341 2668 4393; x_wconf 85' lang='grc' dir='ltr'>ὅτι</span> <span class='ocrx_word' id='word_1_679' title='bbox 2691 4338 2793 4391; x_wconf 76' lang='grc' dir='ltr'>οὐκ</span> <span class='ocrx_word' id='word_1_680' title='bbox 2817 4336 3044 4405; x_wconf 82' lang='grc' dir='ltr'>ἐϐόησεν</span> <span class='ocrx_word' id='word_1_681' title='bbox 3071 4335 3126 4385; x_wconf 80' lang='grc' dir='ltr'><strong>ἐν</strong></span> <span class='ocrx_word' id='word_1_682' title='bbox 3157 4333 3223 4404; x_wconf 73' lang='grc' dir='ltr'>τῇ</span> <span class='ocrx_word' id='word_1_683' title='bbox 3263 4329 3436 4393; x_wconf 84' lang='grc' dir='ltr'>πόλει,</span> <span class='ocrx_word' id='word_1_684' title='bbox 3468 4327 3565 4381; x_wconf 78' lang='grc' dir='ltr'>καὶ</span> <span class='ocrx_word' id='word_1_685' title='bbox 3596 4326 3698 4382; x_wconf 80' lang='grc' dir='ltr'><strong>τὸν</strong></span> <span class='ocrx_word' id='word_1_686' title='bbox 3727 4327 3829 4382; x_wconf 75' lang='grc' dir='ltr'><strong>ἄν·</strong></span> 
     </span>
    </p>
   </div>
   <div class='ocr_carea' id='block_1_92' title="bbox 552 4418 2127 4507">
    <p class='ocr_par' dir='ltr' id='par_1_92' title="bbox 552 4426 2127 4506">
     <span class='ocr_line' id='line_1_92' title="bbox 552 4426 2127 4506; baseline 0.005 -24"><span class='ocrx_word' id='word_1_687' title='bbox 552 4426 830 4484; x_wconf 87' lang='lat' dir='ltr'><strong>invenerit</strong></span> <span class='ocrx_word' id='word_1_688' title='bbox 853 4429 1018 4485; x_wconf 85' lang='lat' dir='ltr'><strong>homo</strong></span> <span class='ocrx_word' id='word_1_689' title='bbox 1041 4431 1280 4501; x_wconf 88' lang='lat' dir='ltr'><strong>puellam</strong></span> <span class='ocrx_word' id='word_1_690' title='bbox 1311 4433 1720 4504; x_wconf 88' lang='lat' dir='ltr'><strong>desponsatam,</strong></span> <span class='ocrx_word' id='word_1_691' title='bbox 1770 4444 1827 4491; x_wconf 90' lang='lat' dir='ltr'><strong>et</strong></span> <span class='ocrx_word' id='word_1_692' title='bbox 1855 4436 1910 4491; x_wconf 89' lang='lat' dir='ltr'><strong>vi</strong></span> <span class='ocrx_word' id='word_1_693' title='bbox 1941 4435 2127 4506; x_wconf 87' lang='lat' dir='ltr'><strong>oppri-</strong></span> 
     </span>
    </p>
   </div>
   <div class='ocr_carea' id='block_1_93' title="bbox 2229 4418 3829 4507">
    <p class='ocr_par' dir='ltr' id='par_1_93' title="bbox 2234 4418 3829 4507">
     <span class='ocr_line' id='line_1_93' title="bbox 2234 4418 3829 4507; baseline -0.01 -18"><span class='ocrx_word' id='word_1_694' title='bbox 2234 4437 2473 4507; x_wconf 87' lang='grc' dir='ltr'>θρωπον,</span> <span class='ocrx_word' id='word_1_695' title='bbox 2528 4432 2611 4485; x_wconf 84' lang='grc' dir='ltr'><strong>ὅτι</strong></span> <span class='ocrx_word' id='word_1_696' title='bbox 2663 4428 2996 4484; x_wconf 78' lang='grc' dir='ltr'>ἐταπείνωσε</span> <span class='ocrx_word' id='word_1_697' title='bbox 3033 4426 3133 4496; x_wconf 84' lang='grc' dir='ltr'>τὴν</span> <span class='ocrx_word' id='word_1_698' title='bbox 3178 4423 3415 4493; x_wconf 81' lang='grc' dir='ltr'>γυναῖκα</span> <span class='ocrx_word' id='word_1_699' title='bbox 3442 4418 3538 4474; x_wconf 88' lang='grc' dir='ltr'><strong>τοῦ</strong></span> <span class='ocrx_word' id='word_1_700' title='bbox 3578 4419 3829 4489; x_wconf 79' lang='grc' dir='ltr'>πλησίον</span> 
     </span>
    </p>
   </div>
   <div class='ocr_carea' id='block_1_94' title="bbox 552 4520 2131 4597">
    <p class='ocr_par' dir='ltr' id='par_1_94' title="bbox 552 4520 2131 4597">
     <span class='ocr_line' id='line_1_94' title="bbox 552 4520 2131 4597; baseline 0.006 -23"><span class='ocrx_word' id='word_1_701' title='bbox 552 4534 712 4576; x_wconf 89' lang='lat' dir='ltr'><strong>mens</strong></span> <span class='ocrx_word' id='word_1_702' title='bbox 763 4520 1056 4577; x_wconf 89' lang='lat' dir='ltr'><strong>dormierit</strong></span> <span class='ocrx_word' id='word_1_703' title='bbox 1097 4539 1224 4578; x_wconf 88' lang='lat' dir='ltr'><strong>cum</strong></span> <span class='ocrx_word' id='word_1_704' title='bbox 1257 4539 1343 4590; x_wconf 89' lang='lat' dir='ltr'><strong>ea,</strong></span> <span class='ocrx_word' id='word_1_705' title='bbox 1380 4526 1646 4582; x_wconf 87' lang='lat' dir='ltr'><strong>occidetis</strong></span> <span class='ocrx_word' id='word_1_706' title='bbox 1689 4528 1987 4595; x_wconf 87' lang='lat' dir='ltr'><strong>hominem,</strong></span> <span class='ocrx_word' id='word_1_707' title='bbox 2034 4528 2131 4597; x_wconf 90' lang='lat' dir='ltr'><strong>qui</strong></span> 
     </span>
    </p>
   </div>
   <div class='ocr_carea' id='block_1_95' title="bbox 552 4612 2137 4685">
    <p class='ocr_par' dir='ltr' id='par_1_95' title="bbox 552 4612 2137 4685">
     <span class='ocr_line' id='line_1_95' title="bbox 552 4612 2137 4685; baseline 0.005 -18"><span class='ocrx_word' id='word_1_708' title='bbox 552 4612 820 4668; x_wconf 87' lang='lat' dir='ltr'><strong>dormivit</strong></span> <span class='ocrx_word' id='word_1_709' title='bbox 847 4629 975 4670; x_wconf 89' lang='lat' dir='ltr'><strong>cum</strong></span> <span class='ocrx_word' id='word_1_710' title='bbox 998 4631 1086 4682; x_wconf 87' lang='lat' dir='ltr'><strong>ea,</strong></span> <span class='ocrx_word' id='word_1_711' title='bbox 1129 4616 1430 4685; x_wconf 78' lang='lat' dir='ltr'><strong>duntaxat;</strong></span> <span class='ocrx_word' id='word_1_712' title='bbox 1485 4619 1908 4676; x_wconf 71' lang='lat' dir='ltr'><strong>adolescentulm</strong></span> <span class='ocrx_word' id='word_1_713' title='bbox 1947 4629 2137 4676; x_wconf 70' lang='lat' dir='ltr'><strong>autem</strong></span> 
     </span>
    </p>
   </div>
   <div class='ocr_carea' id='block_1_96' title="bbox 553 4705 2134 4784">
    <p class='ocr_par' dir='ltr' id='par_1_96' title="bbox 553 4705 2134 4784">
     <span class='ocr_line' id='line_1_96' title="bbox 553 4705 2134 4784; baseline 0.007 -26"><span class='ocrx_word' id='word_1_714' title='bbox 553 4705 695 4759; x_wconf 87' lang='lat' dir='ltr'><strong>nihil</strong></span> <span class='ocrx_word' id='word_1_715' title='bbox 750 4705 994 4763; x_wconf 87' lang='lat' dir='ltr'><strong>facietis:</strong></span> <span class='ocrx_word' id='word_1_716' title='bbox 1042 4724 1157 4764; x_wconf 92' lang='lat' dir='ltr'><strong>non</strong></span> <span class='ocrx_word' id='word_1_717' title='bbox 1215 4710 1324 4765; x_wconf 87' lang='lat' dir='ltr'><strong>erit</strong></span> <span class='ocrx_word' id='word_1_718' title='bbox 1384 4711 1806 4769; x_wconf 63' lang='lat' dir='ltr'><strong>adolescentulos</strong></span> <span class='ocrx_word' id='word_1_719' title='bbox 1847 4722 2134 4784; x_wconf 88' lang='lat' dir='ltr'><strong>peccatum</strong></span> 
     </span>
    </p>
   </div>
   <div class='ocr_carea' id='block_1_97' title="bbox 553 4796 2134 4876">
    <p class='ocr_par' dir='ltr' id='par_1_97' title="bbox 553 4796 2134 4876">
     <span class='ocr_line' id='line_1_97' title="bbox 553 4796 2134 4876; baseline 0.007 -26"><span class='ocrx_word' id='word_1_720' title='bbox 553 4797 780 4866; x_wconf 86' lang='lat' dir='ltr'><strong>mortis;</strong></span> <span class='ocrx_word' id='word_1_721' title='bbox 806 4800 937 4870; x_wconf 79' lang='lat' dir='ltr'><strong>quia</strong></span> <span class='ocrx_word' id='word_1_722' title='bbox 979 4801 1124 4856; x_wconf 89' lang='lat' dir='ltr'><strong>sicut</strong></span> <span class='ocrx_word' id='word_1_723' title='bbox 1175 4802 1221 4859; x_wconf 91' lang='lat' dir='ltr'><strong>si</strong></span> <span class='ocrx_word' id='word_1_724' title='bbox 1247 4803 1372 4873; x_wconf 89' lang='lat' dir='ltr'><strong>quis</strong></span> <span class='ocrx_word' id='word_1_725' title='bbox 1409 4796 1664 4875; x_wconf 77' lang='lat' dir='ltr'><strong>insurgat</strong></span> <span class='ocrx_word' id='word_1_726' title='bbox 1708 4805 1874 4860; x_wconf 91' lang='lat' dir='ltr'><strong>homo</strong></span> <span class='ocrx_word' id='word_1_727' title='bbox 1921 4806 1980 4860; x_wconf 89' lang='lat' dir='ltr'><strong>in</strong></span> <span class='ocrx_word' id='word_1_728' title='bbox 2002 4821 2134 4876; x_wconf 83' lang='lat' dir='ltr'><strong>pro-</strong></span> 
     </span>
    </p>
   </div>
   <div class='ocr_carea' id='block_1_98' title="bbox 553 4890 2127 4969">
    <p class='ocr_par' dir='ltr' id='par_1_98' title="bbox 553 4890 2127 4969">
     <span class='ocr_line' id='line_1_98' title="bbox 553 4890 2127 4969; baseline 0.008 -26"><span class='ocrx_word' id='word_1_729' title='bbox 553 4890 769 4946; x_wconf 77' lang='lat' dir='ltr'><strong>ximum</strong></span> <span class='ocrx_word' id='word_1_730' title='bbox 811 4907 973 4948; x_wconf 86' lang='lat' dir='ltr'><strong>suum</strong></span> <span class='ocrx_word' id='word_1_731' title='bbox 998 4934 1015 4959; x_wconf 92' lang='lat'><strong>,</strong></span> <span class='ocrx_word' id='word_1_732' title='bbox 1042 4904 1100 4950; x_wconf 91' lang='lat' dir='ltr'><strong>et</strong></span> <span class='ocrx_word' id='word_1_733' title='bbox 1128 4896 1344 4952; x_wconf 85' lang='lat' dir='ltr'><strong>occidat</strong></span> <span class='ocrx_word' id='word_1_734' title='bbox 1368 4898 1488 4969; x_wconf 85' lang='lat' dir='ltr'><strong>ejus</strong></span> <span class='ocrx_word' id='word_1_735' title='bbox 1510 4898 1772 4963; x_wconf 88' lang='lat' dir='ltr'><strong>animam,</strong></span> <span class='ocrx_word' id='word_1_736' title='bbox 1815 4899 1895 4954; x_wconf 89' lang='lat' dir='ltr'><strong>sic</strong></span> <span class='ocrx_word' id='word_1_737' title='bbox 1917 4899 2024 4954; x_wconf 86' lang='lat' dir='ltr'><strong>hoc</strong></span> <span class='ocrx_word' id='word_1_738' title='bbox 2047 4900 2127 4954; x_wconf 79' lang='lat' dir='ltr'><strong>fa-</strong></span> 
     </span>
    </p>
   </div>
   <div class='ocr_carea' id='block_1_99' title="bbox 554 4985 2130 5058">
    <p class='ocr_par' dir='ltr' id='par_1_99' title="bbox 554 4985 2130 5058">
     <span class='ocr_line' id='line_1_99' title="bbox 554 4985 2130 5058; baseline 0.006 -21"><span class='ocrx_word' id='word_1_739' title='bbox 554 4990 741 5050; x_wconf 88' lang='lat' dir='ltr'><strong>ctum;</strong></span> <span class='ocrx_word' id='word_1_740' title='bbox 773 4985 904 5055; x_wconf 85' lang='lat' dir='ltr'><strong>quia</strong></span> <span class='ocrx_word' id='word_1_741' title='bbox 930 4987 1145 5058; x_wconf 81' lang='lat' dir='ltr'><strong>inagro</strong></span> <span class='ocrx_word' id='word_1_742' title='bbox 1168 4989 1382 5047; x_wconf 85' lang='lat' dir='ltr'><strong>invenit</strong></span> <span class='ocrx_word' id='word_1_743' title='bbox 1435 5005 1578 5056; x_wconf 89' lang='lat' dir='ltr'><strong>eam,</strong></span> <span class='ocrx_word' id='word_1_744' title='bbox 1626 4990 1884 5046; x_wconf 84' lang='lat' dir='ltr'><strong>clamavit</strong></span> <span class='ocrx_word' id='word_1_745' title='bbox 1940 4992 2130 5047; x_wconf 84' lang='lat' dir='ltr'><strong>adole-</strong></span> 
     </span>
    </p>
   </div>
   <div class='ocr_carea' id='block_1_100' title="bbox 555 5075 2133 5153">
    <p class='ocr_par' dir='ltr' id='par_1_100' title="bbox 555 5075 2133 5153">
     <span class='ocr_line' id='line_1_100' title="bbox 555 5075 2133 5153; baseline 0.007 -26"><span class='ocrx_word' id='word_1_746' title='bbox 555 5075 810 5130; x_wconf 87' lang='lat' dir='ltr'><strong>scentula</strong></span> <span class='ocrx_word' id='word_1_747' title='bbox 853 5076 1206 5147; x_wconf 87' lang='lat' dir='ltr'><strong>desponsata,</strong></span> <span class='ocrx_word' id='word_1_748' title='bbox 1259 5088 1317 5134; x_wconf 82' lang='lat' dir='ltr'><strong>et</strong></span> <span class='ocrx_word' id='word_1_749' title='bbox 1367 5094 1481 5134; x_wconf 88' lang='lat' dir='ltr'><strong>non</strong></span> <span class='ocrx_word' id='word_1_750' title='bbox 1533 5080 1657 5145; x_wconf 90' lang='lat' dir='ltr'><strong>fuit,</strong></span> <span class='ocrx_word' id='word_1_751' title='bbox 1702 5080 1797 5150; x_wconf 88' lang='lat' dir='ltr'><strong>qui</strong></span> <span class='ocrx_word' id='word_1_752' title='bbox 1846 5082 2133 5153; x_wconf 88' lang='lat' dir='ltr'><strong>adjuvaret</strong></span> 
     </span>
    </p>
   </div>
   <div class='ocr_carea' id='block_1_101' title="bbox 553 5166 2129 5243">
    <p class='ocr_par' dir='ltr' id='par_1_101' title="bbox 553 5166 2129 5243">
     <span class='ocr_line' id='line_1_101' title="bbox 553 5166 2129 5243; baseline 0.006 -23"><span class='ocrx_word' id='word_1_753' title='bbox 553 5166 764 5221; x_wconf 79' lang='lat' dir='ltr'><strong>eam&quot;.</strong></span> <span class='ocrx_word' id='word_1_754' title='bbox 800 5186 819 5218; x_wconf 76' lang='grc' dir='ltr'><strong>ι</strong></span> <span class='ocrx_word' id='word_1_755' title='bbox 848 5168 1006 5241; x_wconf 66' lang='grc'><strong>257</strong></span> <span class='ocrx_word' id='word_1_756' title='bbox 1060 5171 1217 5238; x_wconf 81' lang='lat' dir='ltr'><strong>Quod</strong></span> <span class='ocrx_word' id='word_1_757' title='bbox 1241 5171 1410 5242; x_wconf 86' lang='lat' dir='ltr'><strong>igitur</strong></span> <span class='ocrx_word' id='word_1_758' title='bbox 1431 5171 1500 5227; x_wconf 89' lang='lat' dir='ltr'><strong>ad</strong></span> <span class='ocrx_word' id='word_1_759' title='bbox 1529 5171 1825 5227; x_wconf 81' lang='lat' dir='ltr'><strong>historiam</strong></span> <span class='ocrx_word' id='word_1_760' title='bbox 1869 5174 2129 5243; x_wconf 77' lang='lat' dir='ltr'><strong>pertinet,</strong></span> 
     </span>
    </p>
   </div>
   <div class='ocr_carea' id='block_1_102' title="bbox 556 5257 2130 5334">
    <p class='ocr_par' dir='ltr' id='par_1_102' title="bbox 556 5257 2130 5334">
     <span class='ocr_line' id='line_1_102' title="bbox 556 5257 2130 5334; baseline 0.006 -23"><span class='ocrx_word' id='word_1_761' title='bbox 556 5257 727 5324; x_wconf 86' lang='lat' dir='ltr'><strong>nulla,</strong></span> <span class='ocrx_word' id='word_1_762' title='bbox 762 5266 825 5315; x_wconf 84' lang='lat' dir='ltr'><strong>ut</strong></span> <span class='ocrx_word' id='word_1_763' title='bbox 851 5261 1069 5332; x_wconf 86' lang='lat' dir='ltr'><strong>opinor,</strong></span> <span class='ocrx_word' id='word_1_764' title='bbox 1116 5262 1461 5333; x_wconf 81' lang='lat' dir='ltr'><strong>expositione</strong></span> <span class='ocrx_word' id='word_1_765' title='bbox 1508 5262 1738 5334; x_wconf 83' lang='lat' dir='ltr'><strong>indiget,</strong></span> <span class='ocrx_word' id='word_1_766' title='bbox 1765 5272 1829 5319; x_wconf 88' lang='lat' dir='ltr'><strong>ut</strong></span> <span class='ocrx_word' id='word_1_767' title='bbox 1872 5265 2130 5334; x_wconf 85' lang='lat' dir='ltr'><strong>cuiquam</strong></span> 
     </span>
    </p>
   </div>
   <div class='ocr_carea' id='block_1_103' title="bbox 554 5349 2130 5427">
    <p class='ocr_par' dir='ltr' id='par_1_103' title="bbox 554 5349 2130 5427">
     <span class='ocr_line' id='line_1_103' title="bbox 554 5349 2130 5427; baseline 0.006 -24"><span class='ocrx_word' id='word_1_768' title='bbox 554 5349 845 5419; x_wconf 87' lang='lat' dir='ltr'><strong>perspicua</strong></span> <span class='ocrx_word' id='word_1_769' title='bbox 868 5352 993 5407; x_wconf 86' lang='lat' dir='ltr'><strong>ﬁat:</strong></span> <span class='ocrx_word' id='word_1_770' title='bbox 1020 5364 1209 5424; x_wconf 87' lang='lat' dir='ltr'><strong>aperta</strong></span> <span class='ocrx_word' id='word_1_771' title='bbox 1231 5363 1363 5411; x_wconf 90' lang='lat' dir='ltr'><strong>sunt</strong></span> <span class='ocrx_word' id='word_1_772' title='bbox 1383 5356 1530 5411; x_wconf 90' lang='lat' dir='ltr'><strong>enim</strong></span> <span class='ocrx_word' id='word_1_773' title='bbox 1555 5356 1739 5411; x_wconf 88' lang='lat' dir='ltr'><strong>omnia</strong></span> <span class='ocrx_word' id='word_1_774' title='bbox 1759 5364 1923 5427; x_wconf 89' lang='lat' dir='ltr'><strong>atque</strong></span> <span class='ocrx_word' id='word_1_775' title='bbox 1952 5359 2130 5413; x_wconf 85' lang='lat' dir='ltr'><strong>mani-</strong></span> 
     </span>
    </p>
   </div>
   <div class='ocr_carea' id='block_1_104' title="bbox 556 5439 2133 5515">
    <p class='ocr_par' dir='ltr' id='par_1_104' title="bbox 556 5439 2133 5515">
     <span class='ocr_line' id='line_1_104' title="bbox 556 5439 2133 5515; baseline 0.006 -20"><span class='ocrx_word' id='word_1_776' title='bbox 556 5439 724 5498; x_wconf 84' lang='lat' dir='ltr'><strong>festa:</strong></span> <span class='ocrx_word' id='word_1_777' title='bbox 774 5446 1135 5514; x_wconf 84' lang='lat' dir='ltr'><strong>quamobrem</strong></span> <span class='ocrx_word' id='word_1_778' title='bbox 1185 5447 1324 5515; x_wconf 83' lang='lat' dir='ltr'><strong>haec,</strong></span> <span class='ocrx_word' id='word_1_779' title='bbox 1368 5456 1433 5503; x_wconf 90' lang='lat' dir='ltr'><strong>ut</strong></span> <span class='ocrx_word' id='word_1_780' title='bbox 1474 5448 1611 5503; x_wconf 87' lang='lat' dir='ltr'><strong>mihi</strong></span> <span class='ocrx_word' id='word_1_781' title='bbox 1674 5448 1915 5515; x_wconf 85' lang='lat' dir='ltr'><strong>videtur,</strong></span> <span class='ocrx_word' id='word_1_782' title='bbox 1966 5450 2133 5506; x_wconf 90' lang='lat' dir='ltr'><strong>nobis</strong></span> 
     </span>
    </p>
   </div>
   <div class='ocr_carea' id='block_1_105' title="bbox 556 5530 2132 5606">
    <p class='ocr_par' dir='ltr' id='par_1_105' title="bbox 556 5530 2132 5606">
     <span class='ocr_line' id='line_1_105' title="bbox 556 5530 2132 5606; baseline 0.007 -23"><span class='ocrx_word' id='word_1_783' title='bbox 556 5530 862 5588; x_wconf 86' lang='lat' dir='ltr'><strong>omittenda</strong></span> <span class='ocrx_word' id='word_1_784' title='bbox 904 5542 1034 5588; x_wconf 89' lang='lat' dir='ltr'><strong>sunt</strong></span> <span class='ocrx_word' id='word_1_785' title='bbox 1081 5534 1150 5588; x_wconf 92' lang='lat' dir='ltr'><strong>ad</strong></span> <span class='ocrx_word' id='word_1_786' title='bbox 1203 5552 1468 5606; x_wconf 67' lang='lat' dir='ltr'><strong>praesens,</strong></span> <span class='ocrx_word' id='word_1_787' title='bbox 1500 5546 1557 5592; x_wconf 88' lang='lat' dir='ltr'><strong>et</strong></span> <span class='ocrx_word' id='word_1_788' title='bbox 1580 5552 1680 5606; x_wconf 81' lang='lat' dir='ltr'><strong>per</strong></span> <span class='ocrx_word' id='word_1_789' title='bbox 1722 5538 2044 5595; x_wconf 85' lang='lat' dir='ltr'><strong>interiorem</strong></span> <span class='ocrx_word' id='word_1_790' title='bbox 2070 5540 2132 5594; x_wconf 91' lang='lat' dir='ltr'><strong>il-</strong></span> 
     </span>
    </p>
   </div>
   <div class='ocr_carea' id='block_1_106' title="bbox 668 5709 2190 5795">
    <p class='ocr_par' dir='ltr' id='par_1_106' title="bbox 668 5709 2190 5795">
     <span class='ocr_line' id='line_1_106' title="bbox 668 5709 2190 5795; baseline 0.006 -33"><span class='ocrx_word' id='word_1_791' title='bbox 668 5709 710 5795; x_wconf 51' lang='grc' dir='ltr'><strong>ἦ*</strong></span> <span class='ocrx_word' id='word_1_792' title='bbox 737 5709 801 5778; x_wconf 86' lang='lat' dir='ltr'><strong>ll,</strong></span> <span class='ocrx_word' id='word_1_793' title='bbox 826 5709 1094 5783; x_wconf 46' lang='lat' dir='ltr'><strong>Joan..10.</strong></span> <span class='ocrx_word' id='word_1_794' title='bbox 1157 5711 1204 5745; x_wconf 79' lang='grc' dir='ltr'><strong>⁷ο</strong></span> <span class='ocrx_word' id='word_1_795' title='bbox 1228 5712 1273 5766; x_wconf 91' lang='lat' dir='ltr'><strong>lI</strong></span> <span class='ocrx_word' id='word_1_796' title='bbox 1306 5711 1523 5780; x_wconf 73' lang='lat' dir='ltr'><strong>Cor.vr,</strong></span> <span class='ocrx_word' id='word_1_797' title='bbox 1568 5713 1650 5769; x_wconf 77' lang='grc'><strong>15.</strong></span> <span class='ocrx_word' id='word_1_798' title='bbox 1712 5717 1753 5749; x_wconf 81' lang='grc'><strong>⁷⁸</strong></span> <span class='ocrx_word' id='word_1_799' title='bbox 1788 5717 1805 5771; x_wconf 90' lang='lat' dir='ltr'><strong>l</strong></span> <span class='ocrx_word' id='word_1_800' title='bbox 1833 5715 1957 5773; x_wconf 85' lang='lat' dir='ltr'><strong>Cor.</strong></span> <span class='ocrx_word' id='word_1_801' title='bbox 1989 5734 2075 5785; x_wconf 77' lang='lat' dir='ltr'><strong>xv,</strong></span> <span class='ocrx_word' id='word_1_802' title='bbox 2103 5715 2190 5772; x_wconf 79' lang='lat'><strong>53.</strong></span> 
     </span>
    </p>
   </div>
   <div class='ocr_carea' id='block_1_107' title="bbox 2227 4510 3826 4593">
    <p class='ocr_par' dir='ltr' id='par_1_107' title="bbox 2227 4510 3826 4593">
     <span class='ocr_line' id='line_1_107' title="bbox 2227 4510 3826 4593; baseline -0.009 -13"><span class='ocrx_word' id='word_1_803' title='bbox 2227 4524 2430 4580; x_wconf 78' lang='grc' dir='ltr'>αὑτοῦ·</span> <span class='ocrx_word' id='word_1_804' title='bbox 2481 4524 2573 4578; x_wconf 77' lang='grc' dir='ltr'>καὶ</span> <span class='ocrx_word' id='word_1_805' title='bbox 2603 4520 2848 4593; x_wconf 80' lang='grc' dir='ltr'>ἐξαρεῖτε</span> <span class='ocrx_word' id='word_1_806' title='bbox 2897 4517 2958 4572; x_wconf 81' lang='grc' dir='ltr'><strong>τὸ</strong></span> <span class='ocrx_word' id='word_1_807' title='bbox 3008 4515 3242 4587; x_wconf 81' lang='grc' dir='ltr'>πονηρὸν</span> <span class='ocrx_word' id='word_1_808' title='bbox 3292 4513 3352 4578; x_wconf 83' lang='grc' dir='ltr'><strong>ἐξ</strong></span> <span class='ocrx_word' id='word_1_809' title='bbox 3401 4511 3557 4583; x_wconf 80' lang='grc' dir='ltr'>ὑμῶν</span> <span class='ocrx_word' id='word_1_810' title='bbox 3603 4510 3826 4566; x_wconf 80' lang='grc' dir='ltr'>αὐτῶν.</span> 
     </span>
    </p>
   </div>
   <div class='ocr_carea' id='block_1_108' title="bbox 2241 4605 3830 4685">
    <p class='ocr_par' dir='ltr' id='par_1_108' title="bbox 2241 4605 3830 4685">
     <span class='ocr_line' id='line_1_108' title="bbox 2241 4605 3830 4685; baseline -0.012 -12"><span class='ocrx_word' id='word_1_811' title='bbox 2241 4619 2367 4673; x_wconf 83' lang='grc' dir='ltr'>Ἐὰν</span> <span class='ocrx_word' id='word_1_812' title='bbox 2392 4616 2451 4670; x_wconf 83' lang='grc' dir='ltr'>δὲ</span> <span class='ocrx_word' id='word_1_813' title='bbox 2472 4617 2529 4669; x_wconf 73' lang='grc' dir='ltr'><strong>ιν</strong></span> <span class='ocrx_word' id='word_1_814' title='bbox 2563 4614 2730 4685; x_wconf 82' lang='grc' dir='ltr'>πεδίῳ</span> <span class='ocrx_word' id='word_1_815' title='bbox 2755 4611 2890 4684; x_wconf 80' lang='grc' dir='ltr'>εὕρῃ</span> <span class='ocrx_word' id='word_1_816' title='bbox 2931 4609 3219 4681; x_wconf 78' lang='grc' dir='ltr'>ἄνθρωπος</span> <span class='ocrx_word' id='word_1_817' title='bbox 3250 4606 3351 4675; x_wconf 81' lang='grc' dir='ltr'>τὴν</span> <span class='ocrx_word' id='word_1_818' title='bbox 3390 4605 3830 4675; x_wconf 76' lang='grc' dir='ltr'>μεμνηστευμέ-</span> 
     </span>
    </p>
   </div>
   <div class='ocr_carea' id='block_1_109' title="bbox 2231 4693 3831 4777">
    <p class='ocr_par' dir='ltr' id='par_1_109' title="bbox 2231 4693 3831 4777">
     <span class='ocr_line' id='line_1_109' title="bbox 2231 4693 3831 4777; baseline -0.009 -17"><span class='ocrx_word' id='word_1_819' title='bbox 2231 4723 2349 4777; x_wconf 88' lang='grc' dir='ltr'>νην,</span> <span class='ocrx_word' id='word_1_820' title='bbox 2389 4707 2486 4759; x_wconf 75' lang='grc' dir='ltr'><strong>καὶ</strong></span> <span class='ocrx_word' id='word_1_821' title='bbox 2527 4702 2855 4774; x_wconf 81' lang='grc' dir='ltr'>βιασάμενος</span> <span class='ocrx_word' id='word_1_822' title='bbox 2897 4696 3134 4769; x_wconf 79' lang='grc' dir='ltr'>κοιμηθῇ</span> <span class='ocrx_word' id='word_1_823' title='bbox 3185 4694 3303 4766; x_wconf 83' lang='grc' dir='ltr'>μετ’</span> <span class='ocrx_word' id='word_1_824' title='bbox 3350 4693 3540 4763; x_wconf 86' lang='grc' dir='ltr'>αὐτῆς,</span> <span class='ocrx_word' id='word_1_825' title='bbox 3571 4693 3831 4747; x_wconf 81' lang='grc' dir='ltr'>ἀποκτε-</span> 
     </span>
    </p>
   </div>
   <div class='ocr_carea' id='block_1_110' title="bbox 2233 4784 3828 4864">
    <p class='ocr_par' dir='ltr' id='par_1_110' title="bbox 2233 4784 3828 4864">
     <span class='ocr_line' id='line_1_110' title="bbox 2233 4784 3828 4864; baseline -0.01 -12"><span class='ocrx_word' id='word_1_826' title='bbox 2233 4801 2373 4853; x_wconf 88' lang='grc' dir='ltr'>νεῖτε</span> <span class='ocrx_word' id='word_1_827' title='bbox 2413 4797 2503 4851; x_wconf 87' lang='grc' dir='ltr'><strong>τὸν</strong></span> <span class='ocrx_word' id='word_1_828' title='bbox 2554 4795 2862 4864; x_wconf 77' lang='grc' dir='ltr'>ἄνθρωπον,</span> <span class='ocrx_word' id='word_1_829' title='bbox 2918 4792 3011 4844; x_wconf 83' lang='grc' dir='ltr'><strong>τὸν</strong></span> <span class='ocrx_word' id='word_1_830' title='bbox 3058 4786 3401 4859; x_wconf 82' lang='grc' dir='ltr'>κοιμώμενον</span> <span class='ocrx_word' id='word_1_831' title='bbox 3450 4785 3568 4856; x_wconf 77' lang='grc' dir='ltr'>μετ’</span> <span class='ocrx_word' id='word_1_832' title='bbox 3612 4784 3828 4852; x_wconf 80' lang='grc' dir='ltr'>αὐτῆς,</span> 
     </span>
    </p>
   </div>
   <div class='ocr_carea' id='block_1_111' title="bbox 2241 4873 3833 4963">
    <p class='ocr_par' dir='ltr' id='par_1_111' title="bbox 2241 4873 3833 4963">
     <span class='ocr_line' id='line_1_111' title="bbox 2241 4873 3833 4963; baseline -0.013 -17"><span class='ocrx_word' id='word_1_833' title='bbox 2241 4891 2428 4963; x_wconf 80' lang='grc' dir='ltr'>μόνον’</span> <span class='ocrx_word' id='word_1_834' title='bbox 2485 4890 2555 4958; x_wconf 82' lang='grc' dir='ltr'>τῇ</span> <span class='ocrx_word' id='word_1_835' title='bbox 2581 4887 2638 4939; x_wconf 75' lang='grc' dir='ltr'><strong>δὲ</strong></span> <span class='ocrx_word' id='word_1_836' title='bbox 2674 4884 2876 4939; x_wconf 82' lang='grc' dir='ltr'>νεάνιδι</span> <span class='ocrx_word' id='word_1_837' title='bbox 2915 4882 3174 4952; x_wconf 80' lang='grc' dir='ltr'>ποιήσετε</span> <span class='ocrx_word' id='word_1_838' title='bbox 3213 4877 3387 4942; x_wconf 81' lang='grc' dir='ltr'>οὐδὲν,</span> <span class='ocrx_word' id='word_1_839' title='bbox 3423 4875 3523 4929; x_wconf 76' lang='grc' dir='ltr'>οὐκ</span> <span class='ocrx_word' id='word_1_840' title='bbox 3561 4873 3726 4928; x_wconf 77' lang='grc' dir='ltr'>ἔσται</span> <span class='ocrx_word' id='word_1_841' title='bbox 3757 4876 3833 4945; x_wconf 74' lang='grc' dir='ltr'>τῇ</span> 
     </span>
    </p>
   </div>
   <div class='ocr_carea' id='block_1_112' title="bbox 2236 4965 3830 5048">
    <p class='ocr_par' dir='ltr' id='par_1_112' title="bbox 2236 4965 3830 5048">
     <span class='ocr_line' id='line_1_112' title="bbox 2236 4965 3830 5048; baseline -0.013 -12"><span class='ocrx_word' id='word_1_842' title='bbox 2236 4981 2434 5036; x_wconf 82' lang='grc' dir='ltr'>νεάνιδι</span> <span class='ocrx_word' id='word_1_843' title='bbox 2465 4978 2770 5048; x_wconf 79' lang='grc' dir='ltr'>ἁμάρτημα</span> <span class='ocrx_word' id='word_1_844' title='bbox 2803 4971 3059 5036; x_wconf 82' lang='grc' dir='ltr'>θανάτου,</span> <span class='ocrx_word' id='word_1_845' title='bbox 3089 4971 3172 5024; x_wconf 79' lang='grc' dir='ltr'><strong>ὅτι</strong></span> <span class='ocrx_word' id='word_1_846' title='bbox 3209 4968 3284 5031; x_wconf 80' lang='grc' dir='ltr'><strong>ὡς</strong></span> <span class='ocrx_word' id='word_1_847' title='bbox 3321 4967 3376 5021; x_wconf 80' lang='grc' dir='ltr'>ετ</span> <span class='ocrx_word' id='word_1_848' title='bbox 3415 4982 3500 5029; x_wconf 88' lang='grc' dir='ltr'><strong>τις</strong></span> <span class='ocrx_word' id='word_1_849' title='bbox 3533 4965 3830 5034; x_wconf 74' lang='grc' dir='ltr'>ἐπαναστῇ</span> 
     </span>
    </p>
   </div>
   <div class='ocr_carea' id='block_1_113' title="bbox 2238 5052 3831 5144">
    <p class='ocr_par' dir='ltr' id='par_1_113' title="bbox 2238 5052 3831 5144">
     <span class='ocr_line' id='line_1_113' title="bbox 2238 5052 3831 5144; baseline -0.013 -17"><span class='ocrx_word' id='word_1_850' title='bbox 2238 5072 2520 5144; x_wconf 77' lang='grc' dir='ltr'>ἅνθρωπος</span> <span class='ocrx_word' id='word_1_851' title='bbox 2553 5069 2645 5122; x_wconf 72' lang='grc' dir='ltr'>ἐπὶ</span> <span class='ocrx_word' id='word_1_852' title='bbox 2689 5066 2781 5120; x_wconf 83' lang='grc' dir='ltr'><strong>τὸν</strong></span> <span class='ocrx_word' id='word_1_853' title='bbox 2822 5064 3051 5134; x_wconf 85' lang='grc' dir='ltr'>πλησίον</span> <span class='ocrx_word' id='word_1_854' title='bbox 3094 5057 3281 5122; x_wconf 80' lang='grc' dir='ltr'>αὑτοῦ,</span> <span class='ocrx_word' id='word_1_855' title='bbox 3321 5056 3416 5111; x_wconf 70' lang='grc' dir='ltr'><strong>καὶ</strong></span> <span class='ocrx_word' id='word_1_856' title='bbox 3454 5052 3699 5125; x_wconf 77' lang='grc' dir='ltr'>φονεύσῃ</span> <span class='ocrx_word' id='word_1_857' title='bbox 3718 5053 3831 5107; x_wconf 79' lang='grc' dir='ltr'><strong>αὖ·</strong></span> 
     </span>
    </p>
   </div>
   <div class='ocr_carea' id='block_1_114' title="bbox 2238 5145 3833 5236">
    <p class='ocr_par' dir='ltr' id='par_1_114' title="bbox 2238 5145 3833 5236">
     <span class='ocr_line' id='line_1_114' title="bbox 2238 5145 3833 5236; baseline -0.015 -15"><span class='ocrx_word' id='word_1_858' title='bbox 2238 5167 2333 5221; x_wconf 83' lang='grc' dir='ltr'><strong>τοῦ</strong></span> <span class='ocrx_word' id='word_1_859' title='bbox 2368 5165 2466 5236; x_wconf 84' lang='grc' dir='ltr'>τὴν</span> <span class='ocrx_word' id='word_1_860' title='bbox 2505 5163 2706 5234; x_wconf 64' lang='grc' dir='ltr'>ψυχὴν,</span> <span class='ocrx_word' id='word_1_861' title='bbox 2744 5160 2918 5223; x_wconf 74' lang='grc' dir='ltr'>οὕτως</span> <span class='ocrx_word' id='word_1_862' title='bbox 2954 5160 3017 5212; x_wconf 82' lang='grc' dir='ltr'>τὸ</span> <span class='ocrx_word' id='word_1_863' title='bbox 3059 5157 3291 5228; x_wconf 73' lang='grc' dir='ltr'>πρᾶγμα</span> <span class='ocrx_word' id='word_1_864' title='bbox 3328 5149 3505 5213; x_wconf 87' lang='grc' dir='ltr'>τοῦτο,</span> <span class='ocrx_word' id='word_1_865' title='bbox 3531 5150 3613 5201; x_wconf 78' lang='grc' dir='ltr'>ὅτι</span> <span class='ocrx_word' id='word_1_866' title='bbox 3647 5149 3713 5201; x_wconf 84' lang='grc' dir='ltr'><strong>ἐν</strong></span> <span class='ocrx_word' id='word_1_867' title='bbox 3745 5145 3833 5217; x_wconf 83' lang='grc' dir='ltr'>τῷ</span> 
     </span>
    </p>
   </div>
   <div class='ocr_carea' id='block_1_115' title="bbox 2240 5246 3832 5329">
    <p class='ocr_par' dir='ltr' id='par_1_115' title="bbox 2240 5246 3832 5329">
     <span class='ocr_line' id='line_1_115' title="bbox 2240 5246 3832 5329; baseline -0.015 -16"><span class='ocrx_word' id='word_1_868' title='bbox 2240 5257 2397 5329; x_wconf 81' lang='grc' dir='ltr'>ἀγρῷ</span> <span class='ocrx_word' id='word_1_869' title='bbox 2424 5250 2583 5327; x_wconf 74' lang='grc' dir='ltr'>εὗρεν</span> <span class='ocrx_word' id='word_1_870' title='bbox 2609 5254 2800 5324; x_wconf 78' lang='grc' dir='ltr'>αὐτὴν,</span> <span class='ocrx_word' id='word_1_871' title='bbox 2829 5251 3054 5320; x_wconf 73' lang='grc' dir='ltr'>ἐϐόησεν</span> <span class='ocrx_word' id='word_1_872' title='bbox 3096 5249 3129 5319; x_wconf 79' lang='grc' dir='ltr'>ἡ</span> <span class='ocrx_word' id='word_1_873' title='bbox 3157 5246 3338 5309; x_wconf 85' lang='grc' dir='ltr'>νεάνις</span> <span class='ocrx_word' id='word_1_874' title='bbox 3377 5246 3411 5315; x_wconf 83' lang='grc' dir='ltr'>ἡ</span> <span class='ocrx_word' id='word_1_875' title='bbox 3468 5255 3832 5329; x_wconf 63' lang='grc' dir='ltr'>μεμνηστευ-</span> 
     </span>
    </p>
   </div>
   <div class='ocr_carea' id='block_1_116' title="bbox 2242 5326 3831 5423">
    <p class='ocr_par' dir='ltr' id='par_1_116' title="bbox 2242 5326 3831 5423">
     <span class='ocr_line' id='line_1_116' title="bbox 2242 5326 3831 5423; baseline -0.012 -20"><span class='ocrx_word' id='word_1_876' title='bbox 2432 5326 2527 5403; x_wconf 65' lang='lat' dir='ltr'><strong>xci</strong></span> <span class='ocrx_word' id='word_1_877' title='bbox 2546 5351 2575 5402; x_wconf 85' lang='grc' dir='ltr'>ὁ</span> <span class='ocrx_word' id='word_1_878' title='bbox 2601 5346 2883 5417; x_wconf 88' lang='grc' dir='ltr'>βοηθήσων</span> <span class='ocrx_word' id='word_1_879' title='bbox 2903 5344 3005 5396; x_wconf 84' lang='grc' dir='ltr'><strong>οὐκ</strong></span> <span class='ocrx_word' id='word_1_880' title='bbox 3031 5336 3100 5411; x_wconf 82' lang='grc' dir='ltr'>ἦν</span> <span class='ocrx_word' id='word_1_881' title='bbox 3129 5339 3288 5409; x_wconf 80' lang='grc' dir='ltr'>αὐτῇ.</span> <span class='ocrx_word' id='word_1_882' title='bbox 3329 5354 3350 5388; x_wconf 71' lang='grc' dir='ltr'><strong>ι</strong></span> <span class='ocrx_word' id='word_1_883' title='bbox 3371 5335 3444 5389; x_wconf 82' lang='grc' dir='ltr'><strong>Τὸ</strong></span> <span class='ocrx_word' id='word_1_884' title='bbox 3475 5334 3571 5405; x_wconf 75' lang='grc' dir='ltr'>μὲν</span> <span class='ocrx_word' id='word_1_885' title='bbox 3601 5326 3705 5385; x_wconf 78' lang='grc' dir='ltr'><strong>οὖν</strong></span> <span class='ocrx_word' id='word_1_886' title='bbox 3724 5330 3831 5423; x_wconf 81' lang='grc' dir='ltr'><strong>τῆς</strong></span> 
     </span>
    </p>
   </div>
   <div class='ocr_carea' id='block_1_117' title="bbox 2240 5420 3833 5513">
    <p class='ocr_par' dir='ltr' id='par_1_117' title="bbox 2240 5420 3833 5513">
     <span class='ocr_line' id='line_1_117' title="bbox 2240 5420 3833 5513; baseline -0.015 -15"><span class='ocrx_word' id='word_1_887' title='bbox 2240 5420 2496 5513; x_wconf 80' lang='grc' dir='ltr'>ίστορίας,</span> <span class='ocrx_word' id='word_1_888' title='bbox 2517 5438 2728 5501; x_wconf 79' lang='grc' dir='ltr'>οὐδενὸς</span> <span class='ocrx_word' id='word_1_889' title='bbox 2756 5432 2911 5507; x_wconf 73' lang='grc' dir='ltr'>οἶμαί</span> <span class='ocrx_word' id='word_1_890' title='bbox 2937 5449 3037 5487; x_wconf 85' lang='grc' dir='ltr'><strong>που</strong></span> <span class='ocrx_word' id='word_1_891' title='bbox 3061 5430 3349 5503; x_wconf 83' lang='grc' dir='ltr'>δεήσεσθαι</span> <span class='ocrx_word' id='word_1_892' title='bbox 3377 5426 3558 5496; x_wconf 86' lang='grc' dir='ltr'>λόγου,</span> <span class='ocrx_word' id='word_1_893' title='bbox 3587 5422 3735 5495; x_wconf 79' lang='grc' dir='ltr'>πρὸς</span> <span class='ocrx_word' id='word_1_894' title='bbox 3765 5420 3833 5513; x_wconf 73' lang='grc' dir='ltr'>τὸ</span> 
     </span>
    </p>
   </div>
   <div class='ocr_carea' id='block_1_118' title="bbox 2241 5511 3830 5594">
    <p class='ocr_par' dir='ltr' id='par_1_118' title="bbox 2241 5511 3830 5594">
     <span class='ocr_line' id='line_1_118' title="bbox 2241 5511 3830 5594; baseline -0.016 -4"><span class='ocrx_word' id='word_1_895' title='bbox 2241 5511 2479 5590; x_wconf 78' lang='grc' dir='ltr'>συνιέναι</span> <span class='ocrx_word' id='word_1_896' title='bbox 2515 5528 2769 5584; x_wconf 86' lang='grc' dir='ltr'>δύνασθαί</span> <span class='ocrx_word' id='word_1_897' title='bbox 2801 5542 2910 5580; x_wconf 90' lang='grc' dir='ltr'>τισι</span> <span class='ocrx_word' id='word_1_898' title='bbox 2933 5542 2948 5557; x_wconf 76' lang='lat'><strong>&#39;</strong></span> <span class='ocrx_word' id='word_1_899' title='bbox 2987 5522 3271 5594; x_wconf 72' lang='grc' dir='ltr'>σαφῆγάρ</span> <span class='ocrx_word' id='word_1_900' title='bbox 3300 5519 3418 5573; x_wconf 90' lang='grc' dir='ltr'>λίαν</span> <span class='ocrx_word' id='word_1_901' title='bbox 3443 5517 3539 5572; x_wconf 77' lang='grc' dir='ltr'><strong>καὶ</strong></span> <span class='ocrx_word' id='word_1_902' title='bbox 3578 5511 3830 5585; x_wconf 78' lang='grc' dir='ltr'>ἐναργῆ.</span> 
     </span>
    </p>
   </div>
   <div class='ocr_carea' id='block_1_119' title="bbox 2240 5702 3629 5778">
    <p class='ocr_par' dir='ltr' id='par_1_119' title="bbox 2240 5702 3629 5778">
     <span class='ocr_line' id='line_1_119' title="bbox 2240 5702 3629 5778; baseline -0.012 -6"><span class='ocrx_word' id='word_1_903' title='bbox 2240 5717 2285 5750; x_wconf 84' lang='grc'><strong>⁷³</strong></span> <span class='ocrx_word' id='word_1_904' title='bbox 2322 5714 2495 5771; x_wconf 74' lang='lat' dir='ltr'><strong>Exod.</strong></span> <span class='ocrx_word' id='word_1_905' title='bbox 2522 5729 2654 5778; x_wconf 78' lang='lat' dir='ltr'><strong>xm,</strong></span> <span class='ocrx_word' id='word_1_906' title='bbox 2685 5710 2771 5778; x_wconf 79' lang='grc'>16,</span> <span class='ocrx_word' id='word_1_907' title='bbox 2811 5710 2894 5764; x_wconf 83' lang='lat' dir='ltr'><strong>l7.</strong></span> <span class='ocrx_word' id='word_1_908' title='bbox 2961 5709 3006 5742; x_wconf 84' lang='grc'><strong>⁷³</strong></span> <span class='ocrx_word' id='word_1_909' title='bbox 3030 5709 3189 5763; x_wconf 85' lang='lat' dir='ltr'><strong>Deut.</strong></span> <span class='ocrx_word' id='word_1_910' title='bbox 3216 5722 3348 5773; x_wconf 61' lang='grc' dir='ltr'>χχιι,</span> <span class='ocrx_word' id='word_1_911' title='bbox 3371 5702 3442 5758; x_wconf 72' lang='grc'>22</span> <span class='ocrx_word' id='word_1_912' title='bbox 3472 5714 3629 5771; x_wconf 84' lang='lat' dir='ltr'><strong>seqq.</strong></span> 
     </span>
    </p>
   </div>
  </div>
