3966 6298
128 272 215 330 ΞΜ

133 478 221 549 τὴν
246 473 354 528 ἔσω
379 489 444 526 τε
489 470 593 524 καὶ
632 466 1027 540 κεκρυμμένην
1053 468 1191 523 ἰέναι
1224 467 1431 539 τρίὸον.

200 566 398 621 EAM.
424 563 584 616 Πάνυ
614 562 716 633 μὲν
740 556 854 615 οὖν.

196 658 356 714 ΚΥΡ.
393 655 550 726 Φημί
577 653 646 726 δὴ
683 648 799 718 οὖν,
831 653 911 706 ὅτι
943 652 1133 723 ὥσπερ
1160 652 1220 705 ὲν
1252 654 1363 715 τοῖς
1384 653 1465 716 εἰς
1484 653 1718 721 γυναῖκα

69 807 85 817 ,
142 746 602 821 πλημμελήμασι,
647 743 711 798 τὸ
763 743 982 799 πάντων
1033 742 1100 797 ἂν
1132 744 1217 814 εἰη
1269 742 1646 813 παγχάλεπον,
1680 745 1716 814 η

144 838 387 912 perlata;
414 837 511 891 τὸν
552 834 744 906 ἑτέρου
797 833 941 897 τινος
987 831 1340 904 παραλύουσα
1379 833 1578 905 γάμον,
1626 833 1721 886 καὶ

140 932 237 986 τῶν
285 930 392 1002 ήδη
431 926 798 999 συνημμένων
829 924 1058 978 ποιοῦσα
1107 924 1400 992 διάζευξιν,
1451 924 1592 979 κατὰ
1626 924 1721 979 τὸν

142 1024 317 1089 αὑτὸν,
355 1018 539 1091 οἶμαι,
572 1018 1058 1090 τουτονί,τρόπον,
1102 1016 1211 1071 τῶν
1251 1020 1333 1081 εἰς
1377 1016 1722 1089 ἀνθρωπίνας

141 1115 309 1188 ψυχὰς
354 1113 725 1185 αἰτιαμάτων,
759 1111 822 1164 τὸ
849 1110 1068 1165 πάντων
1116 1108 1354 1181 μάλιστά
1388 1111 1505 1164 ἐστι
1533 1109 1721 1163 δυσσε-

144 1206 392 1279 ϐέστερόν
422 1223 487 1261 τε
533 1204 627 1259 καὶ
654 1202 1079 1274 ἀφορητότερον,
1123 1201 1185 1255 τὸ
1224 1200 1580 1272 ἐπιτηδεῦσαι
1618 1200 1721 1269 τὴν

143 1296 517 1371 παραφθορὰν,
559 1295 660 1349 οὐκ
703 1296 784 1355 εἰς
805 1294 903 1366 τὴν
933 1292 1203 1363 τυχοῦσαν
1231 1291 1436 1357 ἁπὶῶς,
1471 1291 1609 1346 ἀλλὰ
1641 1292 1723 1355 εἰς

144 1389 232 1460 τὴν
269 1387 374 1457 ἢδη
426 1385 633 1457 τρόπον
679 1382 804 1439 τινὰ
848 1381 1262 1454 συνῳκισμένην
1288 1381 1383 1436 καὶ
1432 1380 1722 1435 ἑνωθεϊσαν

144 1476 375 1550 Χριστιῖ),
412 1474 492 1547 τῷ
517 1474 721 1529 ἄνωθέν
744 1491 805 1529 τε
827 1473 923 1528 καὶ
949 1473 1010 1538 ἐξ
1031 1471 1263 1545 οὐρανοῦ
1286 1473 1506 1543 νυμφίῳ
1525 1489 1538 1503 ·
1571 1469 1724 1524 ένού-

147 1570 280 1641 μεθα
321 1568 437 1639 γὰρ
478 1566 630 1637 αὐτῷ
679 1566 769 1620 διά
808 1582 870 1619 τε
896 1565 998 1636 τῆς
1045 1565 1300 1630 πίστεως,
1345 1563 1441 1617 καὶ
1475 1562 1720 1634 προσέτι,

838 268 927 323 DE
964 267 1403 327 ADORATIONE
1441 267 1508 324 IN
1548 267 1817 328 SHNTU
1860 271 1949 326 ET
1992 270 2360 326 VERITATE.
2400 270 2532 326 LIB.
2572 274 2709 328 Vill.

133 388 214 439 Δεῖ
234 382 289 437 δὲ
317 379 501 452 ἡμᾶς,
538 378 623 444 ὡς
650 377 821 443 ἔοικε,
841 377 1003 430 ταυτί
1038 376 1300 447 μεθέντας
1318 379 1398 444 είς
1427 378 1487 433 τὺ
1521 379 1715 450 παρὸν,
1748 386 1792 443 Α

3288 275 3397 335 5i!

1820 380 1929 437 lam
1953 380 2426 451 occultiorequ
2487 383 2738 438 semitam
2801 372 2921 438 est'
2949 374 3391 458 ingrediendum.

1887 560 2083 618 PALL.
2112 561 2259 619 Sane
2279 561 2526 633 quidem.

1884 653 2044 709 CYR.
2093 654 2354 710 Arbitror
2390 655 2559 726 igitur
2599 663 2661 711 ut
2690 655 2839 711 inter
2884 665 3108 727 peccata
3134 658 3192 715 in
3232 660 3391 717 femi-

1816 760 1946 799 nam
2001 744 2241 801 admissa
2284 747 2672 817 gravissimum
2714 754 2802 804 est
2849 748 3203 813 adulterium,
3248 753 3396 822 quod

1818 834 2039 905 nuptias
2053 836 2283 891 alterius
2306 837 2497 904 violet,
2525 845 2581 892 et
2605 839 2718 909 jam
2741 840 3353 914 conjunctosdisjungat
3380 859 3395 908 ;

1820 922 1902 983 sic
1924 943 2151 997 prorsus
2175 928 2470 984 criminum
2494 930 2551 984 in
2575 930 2844 985 humanas
2878 932 3089 987 animas
3117 942 3401 1004 perpetra-

1821 1026 2006 1072 torum
2030 1017 2279 1072 omnium
2327 1019 2563 1074 maxime
2607 1019 2906 1087 nefarium,
2944 1037 3011 1076 ac
3056 1023 3285 1080 minime
3313 1025 3394 1081 fe-

1821 1108 2057 1164 rendum
2088 1125 2231 1175 esse,
2259 1111 2442 1165 moliri
2462 1112 2852 1182 corruptelam,
2881 1129 2991 1168 non
3017 1113 3073 1168 in
3096 1116 3402 1185 quamlibet

1820 1200 2060 1271 animam
2089 1208 2316 1266 temere,
2337 1202 2433 1258 sed
2456 1203 2513 1257 in
2537 1218 2657 1258 eam
2696 1220 2819 1274 qua:
2835 1206 2947 1275 jam
2974 1206 3140 1263 modo
3160 1209 3399 1278 quodam

1820 1293 2088 1348 collocata
2131 1301 2252 1348 erat
2289 1300 2345 1349 et
2383 1295 2677 1365 conjuncta
2719 1294 2941 1352 Christo
2966 1337 2981 1363 ,
3031 1313 3273 1369 superno
3316 1300 3401 1354 illi

1828 1384 2152 1454 caelestique
2177 1399 2411 1455 sponso:
2434 1385 2718 1457 jungimur
2742 1394 2926 1441 autem
2952 1388 3032 1441 illi
3076 1404 3177 1458 per
3200 1388 3363 1445 iidem
3383 1430 3400 1456 ,

1820 1487 1878 1533 et
1903 1486 2170 1546 prseterea
2205 1492 2305 1547 per
2358 1476 2598 1548 Spiritus
2647 1480 2823 1536 sancti
2872 1481 3399 1553 participationem:

1831 1586 1849 1619 ι
1877 1567 1984 1635 Qui
2007 1568 2153 1623 enim
2177 1569 2423 1625 adhaeret
2448 1572 2701 1638 Domino,
2745 1589 2891 1630 unus
2917 1574 3147 1644 spiritus
3174 1583 3261 1630 est
3276 1576 3344 1635 ",
3374 1593 3394 1628 ι

142 1660 229 1715 τοῦ
257 1659 593 1731 μεταλαχεω
622 1656 782 1728 ἁγίου
810 1656 1130 1728 Πνεύματος
1150 1672 1167 1689 ο
1205 1675 1225 1708 ι
1281 1655 1339 1710 '0
1370 1654 1481 1727 γὰρ
1517 1651 1722 1708 κολλὼ-

1832 1660 2126 1716 secundum
2143 1660 2614 1732 ScripturasJure
2628 1665 2813 1736 itaque
2824 1667 2912 1721 lex
2928 1667 3092 1721 simul
3105 1681 3229 1722 cum
3242 1666 3406 1723 adul-

146 1770 298 1825 μενος
324 1752 408 1823 τῷ
442 1751 653 1822 Κυρίῳ,
684 1749 741 1803 ἓν
773 1749 991 1822 πνεῦμά
1019 1752 1159 1817 ἐστι,
1201 1767 1221 1801 ι
1255 1747 1398 1803 κατὰ
1441 1748 1541 1812 τὰς
1579 1747 1721 1818 Γρα-

1832 1758 2037 1806 Lerante
2048 1750 2410 1806 adulteratam
2427 1768 2647 1823 quoque
2661 1734 2838 1810 morte
2860 1757 3060 1812 multat
3078 1776 3089 1810 :
3118 1758 3271 1812 illum
3284 1758 3407 1828 qui-

144 1845 265 1913 φάς.
301 1842 537 1913 Θανάτῳ
579 1841 644 1913 δὴ
676 1835 768 1895 οὖν
797 1841 827 1894 6
869 1840 1034 1911 νόμος
1079 1841 1307 1911 τιμᾶται
1336 1838 1560 1903 δικαίως
1585 1837 1722 1909 ὁμοῦ

142 1936 216 2007 τῷ
235 1934 587 2009 μοιχεύσαντι
634 1933 732 2004 τὴν
763 1932 1233 2004 πεπορνευμένην,
1263 1931 1358 1987 καὶ
1390 1931 1484 1984 τὸν
1510 1929 1607 2002 μὲν
1648 1928 1725 1993 ὡς

149 2026 356 2081 nam
394 2027 498 2096 τῆς
524 2024 751 2096 ἐνούσης
780 2024 930 2096 αὐτῷ
954 2022 1277 2086 δυσσεϐείας
1310 2022 1381 2077 τὰ
1406 2021 1724 2092 σπέρματα,

147 2127 238 2196 τὴν
264 2125 350 2190 δὲ,
388 2125 474 2177 ὅτι
499 2123 592 2177 τὸν
630 2124 731 2195 τῆς
762 2122 1114 2194 γνησιότητος
1146 2118 1493 2190 ἁτιμάζουσα
1537 2118 1725 2189 νόμον,

151 2216 315 2288 ἑτέρῳ
332 2215 550 2284 γέγονε,
576 2214 671 2269 καὶ
687 2217 808 2279 ταῖς
832 2212 1043 2268 ἐκείνου
1072 2211 1459 2284 ωραφθοραῖς
1481 2208 1728 2264 ἁπλοῦσα

152 2312 233 2367 τὸν
262 2309 414 2378 νοῦν,
442 2309 537 2365 τιν
561 2309 621 2377 ἐξ
654 2307 1012 2381 ἀνθρωπίνων
1052 2306 1385 2380 εὑρημάτων
1419 2302 1728 2371 εἰσεδέξατο

155 2402 448 2473 μολυσμόνο

213 2493 427 2553 ΠΔΔΔ.
469 2489 702 2555 Πιθανὺς
727 2492 757 2545 6
782 2489 962 2558 λόγος.

214 2584 378 2638 ΚΥΡ.
420 2582 646 2637 Γυναικὶ
695 2581 798 2654 μὲν
830 2577 944 2646 οὖν,
982 2579 1141 2651 ἀνδρὶ
1169 2577 1317 2633 κατὰ
1351 2578 1551 2648 νόμους
1601 2590 1730 2629 συν-

151 2673 449 2748 ῳκισμένη,
495 2671 892 2744 παρεικαστέον
937 2665 997 2724 εὖ
1029 2669 1176 2741 μάλα
1216 2668 1318 2739 τὴν
1363 2667 1455 2723 διὰ
1493 2664 1730 2730 πίστεώς

149 2785 206 2821 τε
230 2768 332 2821 καὶ
351 2752 671 2834 Πνεύματος
695 2761 917 2837 Χριστῷ
948 2762 1357 2833 συνῳκισμένην
1388 2760 1483 2813 καί⁵
1516 2757 1732 2813 ἑνωθεί-

152 2878 249 2913 σαν
275 2858 480 2929 ψυχήν.
513 2855 793 2929 Παρθένον
825 2855 881 2909 δὲ
924 2849 1065 2908 εἶναι
1110 2851 1599 2925 μεμνηστευμένην
1644 2850 1734 2904 λο-

149 2952 438 3024 γιούμεθα,
472 2951 575 3022 τὴν
621 2947 968 3020 κεκλημένην
997 2948 1077 3011 εἰς
1106 2944 1283 3018 ἀρχὰς
1314 2945 1567 3013 γνώσεως
1593 2942 1731 3014 ἀλη-

149 3044 295 3109 θοῦς,
334 3042 488 3096 οὔπω
520 3042 581 3095 δὲ
608 3038 867 3103 ὁλοτελῶς
903 3038 1201 3092 ένωθείσαν
1227 3035 1468 3109 Χριστῷ,
1501 3033 1733 3107 περιμέ-

147 3136 350 3190 madv
390 3148 453 3187 τε
500 3134 582 3186 ἔτι
627 3131 881 3201 καθάπερ
927 3128 1052 3185 τινὰ
1075 3128 1255 3199 γάμον
1297 3129 1394 3183 καὶ
1436 3125 1732 3196 συναφείας

147 3228 355 3300 τρόπον
390 3225 485 3279 τδν
529 3222 904 3295 ἀληθέστερον,
934 3223 1033 3293 τὴν
1073 3221 1163 3275 διὰ
1194 3220 1290 3275 τοῦ
1349 3221 1506 3290 ἁγίου
1542 3219 1735 3289 βαπτί-

151 3333 365 3388 σματος
406 3315 581 3386 χάριν,
604 3315 699 3368 καὶ
722 3312 824 3384 τὴν
849 3311 944 3366 τοῦ
971 3310 1127 3380 ἁγίου
1152 3311 1469 3382 Πνεύματος
1493 3308 1733 3381 μέθεξιν,

148 3403 457 3478 ἀρραϐὡνά
499 3421 561 3473 γε
606 3404 735 3474 μὴν,
778 3402 876 3457 καὶ
915 3401 1132 3471 ὁμιλίας
1171 3399 1360 3469 ὥσπερ
1402 3399 1598 3470 ἀρχὴν,
1645 3397 1736 3451 τὸν

147 3500 248 3569 τῆς
282 3498 646 3569 κατηχήσεως
673 3496 832 3565 λόγον
875 3494 1307 3564 εἰσδεδεγμένην.
1343 3491 1501 3546 Οὕτω
1545 3490 1646 3561 τὴν
1677 3488 1737 3554 ἐξ

151 3587 327 3643 ἐθνῶν
365 3586 691 3656 Ἐκκλησίαν
713 3588 745 3640 6
775 3584 919 3648 θεῖος
946 3586 1078 3655 ἡμῖν
1111 3582 1489 3655 μυσταγωγὸς,
1525 3580 1737 3644 Παῦλος

154 3681 211 3735 δὲ
237 3675 417 3746 οὗτος,
458 3678 800 3751 παρεκόμισε
826 3677 902 3749 τῷ
931 3676 1153 3749 Χριστῷ
1173 3694 1186 3708 ·
1227 3676 1422 3748 γράφει
1460 3674 1570 3746 γὰρ
1595 3666 1697 3727 ὧδε
1717 3689 1733 3705 ο

163 3792 187 3823 ι
231 3773 598 3843 Ἦρμοσάμην
625 3772 737 3843 γὰρ
775 3771 921 3841 ὑμᾶς
951 3770 1032 3824 ἐνὶ
1070 3769 1247 3841 ἀνδρὶ,
1274 3767 1544 3838 παρθένον
1569 3765 1738 3835 ἁγνὴν

160 3864 509 3935 παραστῆσαι
536 3863 615 3935 τῷ
650 3862 891 3933 Χριστῷ.
922 3882 940 3914 ι
975 3861 1084 3914 Καὶ
1115 3861 1278 3925 αὐτὸς
1305 3860 1361 3915 δέ
1383 3860 1484 3913 πού
1511 3876 1676 3930 φησιν
1709 3861 1739 3913 6

160 3957 409 4027 Νυμφίος
437 3956 527 4010 διὰ
557 3955 743 4025 φωνῆς
772 3952 1067 4025 προφητῶν
1085 3970 1099 3984 ο
1137 3970 1157 4004 ι
1191 3952 1304 4007 Καὶ
1332 3950 1738 4022 μνηστεύσομαί

1824 1840 1972 1907 dem,
2005 1849 2068 1897 ut
2112 1842 2212 1912 qui
2256 1843 2559 1913 impietatis
2605 1846 2813 1900 semina
2860 1862 2982 1915 qua
3010 1848 3117 1902 sibi
3160 1848 3401 1913 inerant,

1826 1932 2122 1989 infuderit:
2148 1933 2298 1988 illam
2320 1949 2475 2000 vero,
2505 1935 2634 2005 quia
2658 1937 2990 2006 contemptis
3011 1937 3293 1991 ﬁdelitatis
3322 1937 3405 1993 le-

1825 2023 2004 2095 gibus,
2032 2024 2195 2079 alteri
2223 2025 2410 2095 juncta
2448 2024 2539 2088 sit,
2592 2024 2850 2095 illiusque
2888 2026 3220 2096 corruptelis
3247 2041 3405 2081 men-

1827 2121 1938 2169 tem
1975 2113 2256 2184 aperiens,
2312 2129 2383 2169 ex
2429 2113 2688 2171 humanis
2709 2116 3036 2172 commentis
3088 2115 3270 2172 labem
3303 2114 3405 2171 ad-

1825 2205 2066 2264 miserit.

1898 2492 2098 2548 PALL.
2118 2492 2430 2548 Probabilis
2466 2493 2665 2548 oratio.

1899 2586 2061 2643 (ΠΒ.
2085 2584 2302 2641 Mulieri
2333 2585 2521 2656 igitur,
2545 2587 2670 2641 viro
2702 2587 3010 2644 secundum
3039 2585 3190 2656 leges
3230 2581 3407 2639 collo-

1830 2683 1987 2741 catae,
2002 2674 2300 2746 persimilis
2322 2683 2408 2730 est
2433 2691 2500 2731 ea
2527 2677 2711 2733 anima
2752 2677 3001 2749 putanda
3045 2690 3166 2746 qua:
3208 2691 3308 2747 per
3340 2673 3411 2731 ﬁ-

1830 2768 2039 2823 demac
2064 2766 2332 2837 Spiritum
2379 2766 2603 2824 Christo
2624 2777 2710 2825 est
2766 2770 3032 2826 collocata
3071 2776 3235 2839 atque
3282 2780 3415 2828 con-

1826 2860 2038 2930 juncta.
2102 2858 2494 2927 Desponsatam
2541 2874 2677 2914 vero
2738 2859 3010 2931 virginem
3062 2858 3410 2928 putabimus,

1832 2964 1954 3019 qua:
1985 2947 2053 3002 ad
2093 2948 2250 3002 initia
2287 2962 2433 3003 verae
2458 2949 2791 3019 cognitionis
2815 2957 3011 3009 vocata
3058 2957 3144 3003 est
3171 2948 3262 3002 illa
3286 2949 3413 3017 qui-

1758 3069 1802 3127 ο
1834 3038 1981 3107 dem,
2005 3056 2116 3094 non
2144 3048 2327 3095 tamen
2353 3040 2535 3095 adhuc
2557 3040 2802 3110 perfecte
2825 3040 3048 3096 Christo
3096 3042 3410 3111 conjuncta,

1835 3131 1931 3187 sed
1973 3130 2156 3185 adhuc
2177 3130 2355 3184 sancti
2405 3129 2754 3199 baptismatis
2803 3130 3071 3201 gratiam,
3128 3129 3415 3198 sanctique

1836 3224 2074 3294 Spiritus
2104 3223 2551 3277 communionem
2574 3231 2836 3291 tanquam
2864 3222 3089 3291 nuptias
3124 3221 3411 3291 quasdam,

1833 3311 2216 3381 verioremque
2237 3310 2645 3381 conjunctionis
2675 3311 2900 3365 modum
2940 3318 3257 3381 exspectat:
3300 3311 3414 3381 jam

1834 3409 2017 3457 tamen
2040 3402 2195 3472 quasi
2231 3402 2601 3457 arrhabonem
2649 3410 2705 3457 et
2748 3402 3174 3457 consuetudinis
3213 3400 3416 3456 futura:

1836 3494 2077 3560 initium,
2105 3495 2415 3553 catecbesis
2434 3510 2747 3550 sermonem
2769 3494 3001 3564 accepit.
3029 3494 3123 3550 Sic
3165 3494 3312 3548 illam
3349 3509 3414 3548 ex

1836 3585 2091 3656 gentibus
2121 3586 2429 3643 Ecclesiam
2460 3586 2682 3642 divinus
2703 3586 2794 3642 ille
2814 3592 3006 3641 noster
3027 3585 3412 3658 mysteriorum

1837 3678 2052 3744 doctor,
2078 3679 2300 3745 Paulus,
2320 3680 2566 3750 inquam,
2585 3678 2814 3734 adduxit
2843 3678 2912 3733 ad
2933 3677 3249 3734 Christum:
3275 3679 3419 3733 scri-

1838 3771 1920 3825 bit
1941 3769 2091 3826 euim
2116 3769 2185 3825 ad
2203 3770 2355 3826 hunc
2370 3772 2599 3827 modum
2621 3790 2634 3825 :
2672 3792 2690 3823 ι
2709 3771 2991 3843 Despondi
3022 3770 3171 3825 enim
3199 3784 3299 3825 vos
3320 3767 3420 3823 uni

1838 3862 1980 3928 viro,
2027 3863 2295 3934 virginem
2347 3873 2555 3920 castam
2608 3865 2874 3921 exhibere
2916 3864 3138 3921 Christo
3192 3863 3300 3917 ν’.»
3351 3861 3424 3917 Et

1840 3951 1956 4022 ipse
2002 3951 2252 4023 Sponsus
2298 3964 2449 4011 certe
2503 3971 2607 4026 per
2639 3972 2830 4011 vocem
2871 3951 3264 4026 pr'ophetarum
3306 3952 3416 4006 ait:

162 4068 217 4104 σε
260 4048 491 4122 ἐμαυτῷ
533 4049 614 4113 εἰς
671 4048 763 4101 τὸν
801 4047 1002 4111 αἰῶνα,
1057 4048 1117 4100 ὲν
1167 4044 1505 4116 δικαιοσύνῃ,
1545 4044 1641 4098 καὶ
1680 4043 1730 4096 ὲν

1848 4062 1866 4093 ι
1890 4041 1960 4095 Et
1981 4042 2332 4114 desponsabo
2362 4054 2414 4100 te
2436 4046 2572 4098 mihi
2598 4044 2702 4114 ipsi
2725 4045 2781 4098 in
2803 4052 3090 4108 aeternum,
3116 4044 3170 4095 in
3185 4041 3418 4112 justitia,

160 4144 407 4216 κρίματι,
446 4142 543 4196 καὶ
581 4143 638 4193 ὲν
668 4139 825 4207 ἐλέῳ,
871 4139 965 4193 καὶ
993 4139 1052 4191 ὲν
1081 4137 1417 4208 οἰκτιρμοῖςο
1462 4135 1557 4189 καί
1599 4150 1737 4205 μνη-

1841 4139 1898 4186 et
1919 4131 1976 4185 in
1995 4132 2227 4203 judicio,
2254 4144 2310 4189 et
2332 4134 2390 4188 in
2436 4132 2848 4196 misericordia,
2880 4140 2936 4187 et
2962 4133 3018 4186 in
3053 4131 3423 4186 miserationi-

164 4234 465 4305 στεύσομαί
496 4250 555 4287 σε
579 4234 639 4286 ὲν
661 4232 865 4295 πίστει,
894 4233 990 4285 καὶ
1019 4229 1297 4299 ὲπιγνώσῃ
1326 4228 1417 4282 τὸν
1451 4227 1673 4298 Κύριον.
1714 4245 1730 4279 ι

1840 4227 1972 4294 bus;
1997 4236 2054 4283 et
2068 4226 2415 4296 desponsabo
2447 4232 2501 4279 te
2524 4224 2661 4289 mihi
2694 4224 2750 4277 in
2792 4223 2919 4288 ﬁde,
2953 4230 3008 4277 et
3047 4223 3187 4277 scies
3228 4222 3421 4275 Domi-

158 4327 219 4379 Εἰ
248 4325 437 4379 τοίνυν
477 4324 707 4393 γένοιτο,
743 4324 897 4394 φησὶ,
930 4323 1029 4394 τῆς
1058 4321 1418 4394 παραφθορᾶς
1440 4319 1511 4372 τὰ
1538 4318 1730 4389 ἐγκλή-

1845 4336 1980 4375 num
2001 4320 2068 4372 ⁷⁸.
2093 4338 2111 4371 ι
2157 4317 2323 4387 258
2346 4316 2404 4371 Si
2433 4316 2598 4386 igitur
2635 4315 2692 4369 in
2739 4315 2921 4385 aliqua
2955 4313 3267 4384 liujusmodi
3296 4313 3422 4367 ani-

160 4434 333 4488 ματα,
362 4418 463 4471 καὶ
504 4416 598 4469 ὲπί
624 4432 733 4469 τινι
761 4414 938 4486 τοιᾷδε
980 4415 1149 4486 ψυχῇ,
1186 4413 1403 4485 μοιχείᾳ
1443 4410 1730 4482 γεγράφθω

1846 4427 1933 4466 ma
1967 4409 2294 4480 corruptelae
2356 4407 2589 4472 crimen,
2632 4406 2832 4477 inquit,
2888 4405 3188 4461 admissum
3230 4404 3417 4470 fuerit,

154 4511 215 4563 τὸ
263 4508 499 4580 χρῆμα·
535 4507 818 4579 ὑπόχρεως
859 4506 968 4577 γὰρ
1021 4508 1055 4577 ἡ
1118 4504 1594 4576 μεμνηστευμένη,
1641 4497 1730 4555 ’καί

1846 4502 2118 4574 ejusmodi
2145 4500 2351 4556 factum
2395 4507 2458 4554 ut
2486 4498 2822 4554 adulterium
2864 4499 3174 4555 habeatur:
3220 4497 3422 4552 obstri-

156 4602 265 4656 ύπὺ
304 4604 472 4673 χεῖρα
493 4598 789 4653 λοιπδντοῦ
830 4599 968 4671 μετὰ
994 4597 1168 4670 βραχὺ
1203 4596 1459 4669 νυμφίου.
1511 4593 1651 4648 Ἀλλ’
1693 4595 1730 4646 si

1847 4605 1933 4651 cta
1961 4595 2107 4650 enim
2141 4599 2227 4649 est
2264 4592 2590 4662 desponsata
2620 4592 2845 4657 femina,
2891 4601 2947 4646 et
2970 4593 3081 4662 jam
3128 4589 3232 4645 sub
3271 4589 3423 4644 illius

154 4695 258 4766 μιν
278 4698 346 4749 ὲν
371 4694 527 4748 πόλει
551 4693 759 4762 γένοιτο
789 4693 850 4746 τὸ
879 4693 1143 4763 ἀδίκημα,
1184 4692 1339 4762 φησὶ,
1365 4688 1667 4751 τουτέστιν,
1707 4686 1730 4755 ἱ

1848 4694 2118 4762 potestate
2162 4685 2258 4755 qui
2276 4696 2405 4739 mox
2424 4691 2509 4739 est
2534 4699 2768 4754 Sponsus
2795 4682 3033 4738 futurus.
3058 4680 3348 4743 Caeterum,
3374 4678 3422 4734 si

150 4785 213 4837 tv
252 4783 567 4854 Ἐκκλησία
589 4781 850 4852 Χριστοῦ,
875 4780 972 4836 καὶ
999 4782 1057 4834 ὲν
1079 4781 1231 4835 πόλει
1267 4778 1406 4834 Θεοῦ
1431 4778 1649 4842 ζῶντος,
1675 4777 1730 4848 ἢν

1849 4782 1907 4836 in
1939 4780 2077 4834 urbe
2100 4779 2207 4833 hoc
2243 4778 2316 4832 sit
2336 4777 2548 4832 crimen
2572 4777 2894 4841 admissum,
2929 4774 2985 4829 id
3019 4781 3123 4837 est,
3152 4771 3210 4826 in
3230 4770 3424 4827 Ecclea-

151 4875 514 4931 κατοικοῦσιν
561 4875 805 4944 ἄγγελοι,
850 4876 946 4930 καὶ
976 4875 1167 4947 ἄνδρες
1213 4873 1381 4942 ἅγιοι,
1431 4869 1730 4940 καθηγηταί

1851 4874 1932 4929 sia
1955 4871 2161 4928 Christi
2181 4879 2238 4926 et
2260 4872 2317 4925 in
2334 4870 2559 4926 civitate
2600 4870 2698 4925 Dei
2719 4868 2976 4931 viventis,
3021 4867 3079 4920 in
3121 4879 3229 4934 qua
3263 4861 3425 4918 habi-

151 4970 250 5023 κιὶ
304 4968 624 5023 διδάσκαλοι
650 4971 764 5031 τοῖς
806 4967 1197 5030 κινδυνεύουσι,
1230 4966 1328 5020 καὶ
1364 4963 1730 5035 ἀπατωμένοις

1853 4970 1971 5019 tant
1991 4963 2190 5034 angeli,
2221 4972 2279 5018 et
2302 4962 2407 5017 viri
2433 4961 2631 5027 sancti,
2667 4959 2915 5030 magistri
2931 4964 2989 5012 et
3029 4956 3303 5021 doctores,
3326 4954 3424 5024 qui

150 5058 466 5130 ἐπαμύνειν
496 5054 601 5112 οἷοί
632 5075 714 5124 τε,
750 5056 1204 5111 συναποτεθνάτω
1238 5055 1318 5127 τῷ
1362 5055 1556 5125 φένακι
1592 5054 1730 5107 xuii

1851 5055 1921 5110 iis
1962 5054 2057 5124 qui
2102 5053 2487 5125 periclitantur
2559 5061 2616 5106 et
2669 5050 3009 5105 seducuntur
3066 5060 3227 5117 opem
3280 5044 3426 5100 ferre

151 5147 415 5203 πιθοῦσα
438 5147 734 5221 παρθένος.
785 5146 936 5211 Ἐξὺν
959 5147 1068 5217 γὰρ
1090 5145 1324 5217 ἑτοίμως
1347 5145 1628 5217 διαδράναι
1648 5143 1730 5215 rip

1851 5148 2126 5216 possunt:
2166 5144 2331 5199 simul
2369 5158 2495 5198 cum
2533 5140 2822 5196 seductore
2854 5137 3008 5208 virgo
3054 5151 3275 5207 quoque
3311 5135 3429 5188 vio-

154 5242 542 5315 παραφθορὰν,
581 5243 634 5297 εἰ
662 5242 777 5304 τοῖς
806 5238 1093 5304 διασώζειν
1122 5239 1286 5294 εἰδόσι
1320 5235 1730 5309 καταμεμήνυκι

1851 5239 1963 5293 lata
1986 5238 2291 5293 moriatur:
2340 5251 2467 5291 nam
2515 5249 2642 5290 cum
2699 5233 2896 5288 liceret
2931 5231 3193 5303 perfacile
3231 5242 3427 5284 corm—

149 5333 510 5402 δεόασκάλοις,
552 5331 871 5391 ἐθελούσιον
916 5330 1244 5404 ὴρῤώστησε
1284 5330 1351 5384 τὸ
1396 5329 1613 5393 παθεῖν,
1654 5328 1730 5381 κα

1852 5331 2097 5401 ptionem
2119 5330 2385 5400 en'ugere,
2420 5328 2465 5382 si
2492 5325 2770 5397 magistris
2820 5324 3076 5380 servandi
3100 5320 3426 5394 peritisrem

155 5424 251 5480 οὐκ
273 5426 339 5495 ἐξ
360 5429 620 5499 ἀνάγκης
652 5424 772 5494 ἔχει
789 5423 888 5494 τὴν
911 5426 990 5489 εἰς
1011 5423 1073 5477 τὺ
1095 5423 1296 5494 φαῦλον
1326 5422 1646 5491 ἀπαγωγήν.
1684 5420 1727 5475 Ε

1852 5420 2169 5485 indicasset,
2190 5418 2502 5473 voluntarie
2523 5416 2874 5472 violationem
2899 5428 3157 5487 perpessa
3181 5416 3284 5473 est,
3316 5422 3428 5462 non
3518 5420 3529 5499 ξ

148 5514 199 5571 ἃ
241 5519 309 5596 δὴ
353 5522 433 5596 μὴ
477 5498 750 5592 γένοιτο,
814 5515 996 5585 φησὶν,
1054 5516 1112 5568 ὲν
1163 5512 1482 5584 Ἐκκλησία,
1523 5510 1659 5582 μηδὲ
1692 5512 1730 5563 ὲε

1854 5521 2040 5568 coacto
2062 5511 2129 5567 ad
2151 5510 2563 5582 improbitatem
2597 5508 2856 5565 adducta.
2893 5506 2992 5564 Sin
3010 5511 3195 5560 autem
3226 5498 3281 5556 id
3312 5513 3426 5554 non
3524 5502 3527 5505 ‘

168 5705 258 5768 ’⁸1
281 5709 419 5768 Cor.
446 5720 533 5770 vr,
584 5697 684 5752 l7.
762 5691 869 5746 7"ll
890 5693 1015 5749 Cor.
1047 5709 1121 5760 ιι,
1146 5692 1198 5746 ‘2.
1266 5693 1310 5724 ²⁶
1331 5690 1563 5757 Osec.n,
1607 5690 1779 5759 19,20.
