3966 6298
571 303 679 362 545

1578 311 1634 368 s.
1675 313 1950 370 CYBILLI
1992 311 2458 371 ALEXANDle
2497 274 2835 372 ARCHIEPJ

3712 312 3815 371 544

572 419 628 473 in
655 418 898 474 Ecclesia
911 419 1220 491 contigerit,
1247 437 1424 493 neque
1451 425 1504 478 in
1531 426 1748 481 civitate
1773 428 1869 483 Dei
1889 428 2141 492 viventis,

2250 429 2400 483 πόλει
2419 428 2553 483 Θεοῦ
2582 428 2799 494 ζῶντος,
2825 427 2939 482 ἀλλ’
2963 428 3113 482 ὥσπε
3120 446 3151 500 ρ
3175 431 3232 483 ἐν
3261 427 3427 498 πεδίῳ
3448 429 3542 482 καὶ
3563 430 3619 482 ἐν
3642 429 3812 501 ἀγρῷ,

573 511 670 565 sed
702 512 755 563 in
781 526 974 579 campo
998 519 1162 581 atque
1191 515 1245 567 in
1270 531 1419 585 agro,
1447 517 1541 569 ubi
1561 518 1839 588 magister,
1865 519 1960 588 qui
1985 535 2144 588 opem

571 600 763 665 ferret,
796 604 978 659 nullus
1011 613 1151 669 erat,
1191 605 1247 659 in
1286 623 1484 676 magna
1537 609 1832 664 solitudine
1858 609 2143 664 hominum

569 694 663 761 qui
700 694 768 747 ad
803 694 1086 750 meliorem
1117 698 1440 752 sententiam
1463 699 1751 754 traducere
1798 710 2043 769 possent,
2089 711 2146 756 et

575 791 830 852 tanquam
856 785 911 838 in
947 787 1174 854 penuria
1209 788 1626 858 paedagogorum
1675 790 1828 845 fraus
1863 799 1948 846 est
1999 808 2148 846 com-

571 873 766 927 missa:
795 875 884 929 ille
909 876 1176 932 duntaxat
1222 879 1278 932 in
1325 881 1629 949 periculum
1657 883 1860 945 veniat,
1910 883 2003 952 qui
2032 883 2142 936 vim

571 963 784 1018 intulit:
811 981 935 1018 nam
963 981 1050 1020 res
1100 977 1250 1038 gesta
1274 985 1373 1038 per
1421 973 1834 1039 oppressionem
1865 972 1986 1037 fuit,
2030 989 2148 1027 ma-

568 1055 793 1125 lumque
846 1059 993 1126 quod
1036 1075 1102 1115 ea
1150 1077 1407 1131 perpessa
1453 1071 1538 1116 est
1585 1065 1856 1133 ejusmodi
1899 1065 2024 1127 fuit,
2085 1073 2145 1118 ut

570 1147 850 1208 subveniri
877 1150 954 1204 illi
1001 1167 1110 1206 non
1150 1165 1362 1221 posset:
1414 1155 1599 1223 itaque
1629 1156 1712 1210 vis
1755 1156 1938 1220 allata,
1985 1158 2145 1227 cujus

568 1237 803 1292 vitandae
839 1240 988 1295 nulla
1037 1241 1268 1297 facultas
1309 1244 1432 1307 fuit,
1491 1245 1754 1300 amolitur
1812 1246 2042 1300 crimen.
2106 1247 2190 1300 An

2242 517 2301 575 οὗ
2344 521 2698 591 μυσταγωγὸς
2734 524 2762 573 6
2789 520 3082 591 ἐπαμύνων
3110 521 3210 573 οὐκ
3251 516 3341 591 ἦν,
3374 520 3468 573 καὶ
3501 521 3609 573 τῶν
3652 537 3812 592 μετα-

2243 612 2451 664 πείθειν
2489 612 2582 663 ἐπὶ
2615 611 2675 664 τὸ
2709 611 2931 680 ἄμεινον
2960 608 3230 665 εἰωθότων
3267 609 3471 678 ἐρημία
3501 609 3690 680 πολλὴ,
3724 611 3813 663 καὶ

2243 699 2317 762 ὼς
2351 700 2407 751 ἐν
2435 699 2625 752 σπάνει
2646 699 3010 767 παιδαγωγῶν
3035 700 3062 751 6
3088 699 3439 768 φενακισμὸς,
3464 699 3812 752 κινδυνευέτω

2247 792 2404 860 μόνος
2427 793 2454 844 6
2489 790 2817 860 βιασάμενος
2841 805 2853 817 ·
2885 787 3166 852 πλεονεξία
3191 789 3296 859 γὰρ
3324 789 3424 860 ἤδη
3454 789 3513 842 τὸ
3539 789 3811 861 δρώμενον

2245 882 2340 935 καὶ
2373 880 2544 944 πάθος
2572 879 3021 951 ἀνεπικούρητον,
3051 880 3145 932 καὶ
3169 881 3382 948 ἀνάγκη
3413 896 3497 942 τις
3525 879 3810 947 δυσδιάφυ-

2245 988 2395 1035 κτος,
2423 970 2865 1044 παρακρούσεται
2898 971 2995 1041 τὴν
3021 972 3239 1041 γραφήν
3261 989 3272 999 ο
3301 970 3334 1041 ἢ
3363 973 3475 1032 τοῖς
3505 970 3811 1041 ἁδουλήτως

2245 1063 2698 1133 ἐπενηνεγμένοις
2739 1063 2816 1125 ὼς
2852 1063 3148 1127 ἁκουσίοις,
3185 1063 3444 1132 ἐπιτιμᾷν
3476 1063 3536 1114 οὐ
3565 1063 3812 1131 περιττὸν

2245 1153 2381 1209 εἶναι
2411 1159 2654 1226 φήσομεν
2670 1173 2684 1221 ;

2245 1260 2400 1310 vero,
2442 1261 2564 1314 quae
2610 1254 2809 1315 praeter
2850 1245 3188 1299 voluntatem
3230 1260 3332 1300 nos
3369 1243 3704 1314 Opprimunt,
3752 1259 3812 1298 ca

568 1329 795 1398 perinde
818 1347 882 1386 ac
910 1332 955 1385 si
974 1333 1280 1389 voluntarie
1307 1336 1545 1391 admissa
1574 1338 1702 1400 sint,
1740 1352 2018 1402 accusare,
2061 1353 2169 1391 non
2205 1337 2369 1390 nimis
2408 1337 2667 1390 acerbum
2696 1353 2817 1392 esse
2834 1337 3121 1392 dicemus?

638 1428 836 1482 PALL.
863 1429 977 1484 Imo
1014 1447 1146 1485 vero
1171 1447 1399 1500 prorsus
1421 1452 1431 1485 :
1451 1435 1600 1504 justa
1638 1443 1723 1488 est
1749 1435 1897 1488 enim
1922 1434 2028 1488 lex.

624 1520 798 1590 CYR.
831 1521 1001 1576 Recte
1050 1522 1208 1575 dicis.
1247 1522 1536 1578 Subtiliori
1563 1525 1743 1593 itaque
1771 1525 2020 1578 examine
2060 1522 2140 1575 fa-

571 1618 655 1664 cta
679 1611 964 1680 dijudicat,
994 1623 1049 1668 et
1070 1629 1170 1683 pro
1194 1630 1451 1669 mensura
1475 1626 1824 1684 peccatorum
1846 1614 2142 1668 vindictam

2317 1432 2523 1484 IIAAA.
2568 1433 2886 1485 Παντάπασι
2925 1433 3025 1503 μὲν
3048 1428 3170 1486 οὖν·
3205 1432 3348 1494 ὅσιος
3379 1430 3488 1502 γὰρ
3509 1434 3536 1485 6
3564 1433 3744 1502 νόμος.

2275 1539 2284 1545 ·
2317 1523 2480 1576 ΚΥΡ.
2505 1519 2576 1575 Εὖ
2600 1523 2795 1591 λέγεις·
2825 1523 3137 1592 ἰσχνοτέραν
3156 1523 3210 1576 δὲ
3236 1522 3344 1575 τῶν
3365 1523 3656 1592 δρωμένων
3676 1525 3818 1576 ποιεῖ

2247 1611 2345 1682 τὴν
2377 1612 2627 1683 βάσανον,
2666 1614 2762 1665 καὶ
2800 1615 3086 1683 ἐπιμετρεῖ
3117 1615 3319 1685 τρόπον
3351 1614 3471 1668 τινὰ
3497 1616 3608 1676 τοῖς
3637 1615 3816 1683 πλημ-

573 1701 836 1757 adhibet:
866 1704 960 1768 ita,
988 1713 1050 1758 ut
1074 1722 1252 1775 neque
1296 1706 1349 1759 in
1376 1707 1544 1760 rebus
1590 1706 1890 1760 levioribus
1935 1704 2141 1758 admis-

2253 1701 2524 1772 μελήμασι
2544 1701 2641 1764 τὰς
2669 1703 2860 1774 ὀργὰς,
2894 1703 3015 1756 οὔτε
3039 1703 3131 1757 τοῦ
3158 1704 3481 1768 κολάζεσθαι
3509 1706 3618 1758 δεῖν
3644 1705 3819 1759 ἀπαλ-

569 1806 690 1844 sum
716 1801 1002 1860 peccatum
1044 1796 1270 1849 omnino
1318 1795 1610 1860 condonet,
1637 1796 1932 1865 quominus
1956 1795 2147 1865 punia-

570 1891 693 1948 tur;
726 1900 905 1953 neque
927 1902 1128 1940 rursus
1151 1887 1502 1955 gravioribus
1531 1897 1814 1957 exzequet;
1841 1889 1934 1943 sed
1961 1904 2148 1958 parem

567 1975 894 2029 criminibus
917 1977 1180 2030 ultionem
1204 1978 1487 2047 rependit:
1510 1980 1586 2033 ait
1606 1979 1752 2034 enim
1778 1981 1976 2034 iterum
2005 1999 2017 2032 :
2053 2002 2068 2030 ι
2091 1979 2146 2035 Si

570 2073 756 2120 autem
811 2067 1091 2122 invenerit
1131 2070 1406 2139 quispiam
1437 2071 1675 2140 puellam
1714 2071 1980 2142 virginem
2027 2087 2148 2141 quae

567 2168 675 2207 non
717 2155 787 2209 sit
811 2155 1160 2226 desponsata,
1192 2166 1249 2213 et
1303 2159 1626 2229 opprimens
1668 2176 1810 2225 eam,
1859 2160 2148 2215 dormierit

566 2261 691 2298 cum
716 2262 800 2309 ea,
836 2255 892 2302 et
937 2249 1192 2304 inventus
1237 2251 1422 2316 fuerit,
1474 2252 1627 2306 dabit
1669 2252 1834 2305 homo
1883 2253 1978 2321 qui
2015 2252 2147 2305 dor-

567 2338 750 2391 mierit
776 2355 900 2392 cum
927 2356 1011 2404 ea,
1046 2342 1190 2410 patri
1220 2344 1417 2410 puellae
1449 2344 1847 2412 quinquaginta
1872 2343 2036 2396 siclos
2059 2359 2147 2395 ar-

565 2430 734 2499 genti,
774 2438 830 2485 et
854 2432 959 2486 erit
992 2433 1162 2502 ipsius
1205 2449 1375 2498 uxor;
1406 2449 1507 2501 pro
1529 2450 1596 2487 eo
1630 2433 1780 2502 quod
1826 2432 2144 2486 liumiliavit

567 2521 745 2574 illam:
779 2538 888 2575 non
912 2524 1117 2591 poterit
1143 2523 1422 2576 dimittere
1446 2539 1568 2577 eam
1590 2524 1740 2576 omni
1775 2524 2102 2591 tempore".
2118 2542 2134 2572 ›

567 2611 735 2680 Igitur
757 2612 1010 2666 adulterii
1041 2613 1271 2668 crimine
1304 2614 1476 2666 teneri
1506 2614 1704 2667 statuit
1744 2613 1994 2682 quisq-uis
2017 2628 2142 2668 cum

566 2703 894 2772 desponsata
934 2719 1262 2772 congressus
1288 2703 1475 2768 fuerit,
1508 2705 1576 2758 iis
1606 2711 1786 2759 tamen
1832 2704 2031 2769 modis,
2053 2704 2142 2758 ni-

568 2796 788 2860 mirum,
815 2811 953 2865 quos
977 2796 1140 2850 modo
1175 2797 1434 2851 diximus.
1485 2795 1590 2850 Sed
1626 2797 1670 2851 si
1711 2797 1918 2850 nemini
1961 2797 2144 2852 adhuc

566 2886 913 2954 coniunctam
939 2886 1108 2941 fuisse
1133 2894 1365 2951 constet,
1397 2887 1632 2942 necdum
1657 2887 1879 2942 Christo
1902 2888 2140 2957 despon—

567 2985 738 3031 satam
767 2993 863 3046 per
895 2977 1079 3042 ﬁdem,
1103 2986 1358 3048 tanquam
1406 2979 1587 3047 specie
1618 2979 1846 3048 virginis
1880 2979 2138 3043 animam,

2247 1795 2454 1848 λάττων
2483 1796 2718 1848 είσὸιπαν
2751 1796 2812 1848 τὺ
2847 1796 2939 1848 ἐπὶ
2974 1798 3087 1859 τοῖς
3115 1797 3293 1866 μείοσι
3326 1796 3662 1866 πλημμελὲς,
3697 1795 3815 1848 οὔτε

2251 1888 2357 1958 μὴν
2404 1888 2460 1939 ἐν
2508 1887 2606 1956 ῖσῳ
2637 1890 2749 1950 τοῖς
2801 1888 2938 1960 ὑπὲρ
2978 1889 3136 1941 τοῦτο
3176 1889 3375 1954 τιθεὶς,
3423 1888 3712 1959 ίσομεγέθη
3762 1889 3817 1941 δὲ

2245 1977 2435 2047 ὥσπερ
2477 1979 2587 2038 τοῖς
2635 1978 2956 2047 αἰτιάμασιν
3000 1978 3378 2048 ἁποτορνεύων
3425 1977 3522 2048 τὴν
3583 1977 3813 2045 κίνησιν.

2249 2069 2392 2138 Ἔφη
2418 2068 2528 2139 γὰρ
2562 2068 2720 2121 πάλιν
2740 2085 2754 2100 ο
2799 2087 2816 2119 ι
2866 2068 2990 2122 Ἐὰν
3023 2069 3081 2122 δέ
3125 2087 3208 2132 τις
3232 2068 3365 2142 εὕρῃ
3395 2070 3493 2141 τὴν
3525 2071 3691 2123 παῖδα
3722 2070 3820 2140 τὴν

2245 2159 2549 2230 παρθένον,
2597 2160 2720 2228 ἥτις
2755 2161 2817 2212 οὐ
2869 2162 3306 2230 μεμνήστευται,
3343 2163 3438 2215 καὶ
3490 2162 3819 2232 βιασάμενος

2245 2251 2416 2316 αὐτὴν
2453 2251 2688 2322 κοιμηθῇ
2720 2251 2834 2320 μετ’
2881 2251 3070 2321 αὐτῆς,
3101 2254 3192 2304 καὶ
3225 2252 3445 2323 εὑρεθῇ,
3472 2253 3632 2306 δώσει
3668 2255 3696 2305 6
3730 2254 3821 2307 ἆν-

2244 2342 2459 2412 θρωπος
2485 2345 2513 2394 ὁ
2541 2343 2826 2412 κοιμηθεὶς
2860 2344 2975 2412 μετ’
3010 2344 3180 2412 αὐτῆς
3204 2344 3283 2413 τῷ
3311 2346 3476 2412 πατρὶ
3506 2345 3607 2414 τῆς
3637 2345 3820 2398 νεάνι-

2241 2433 2330 2495 δος
2369 2435 2705 2503 πεντήκοντα
2738 2433 3009 2502 δίδραχμα
3037 2435 3320 2503 ἀργυρίου,
3351 2435 3445 2487 καὶ
3469 2436 3636 2487 αὑτοῦ
3665 2436 3822 2490 ἔσται

2242 2523 2397 2592 γυνὴ,
2439 2523 2556 2576 ἀνθ’
2609 2518 2683 2578 ὧν
2735 2524 3098 2578 ἐταπείνωσεν
3147 2526 3354 2596 αὐτήν’
3417 2526 3477 2577 οὖ
3529 2527 3822 2596 δυνήσεται

2241 2612 2618 2676 ἐξαποστεῖλαι
2665 2613 2835 2684 αὐτὴν
2883 2615 2975 2667 τὸν
3011 2613 3225 2667 ἅπαντα
3266 2615 3472 2686 χρόνον.
3517 2633 3534 2665 ι
3586 2616 3823 2686 Μοιχεία

2245 2704 2344 2775 μὲν
2387 2699 2481 2757 οὖν
2528 2705 2781 2775 ὑπόχρεω
2817 2705 3187 2774 κατεστήσατο
3215 2705 3306 2756 τὸν
3347 2704 3572 2756 συνόντα
3611 2721 3822 2774 μεμνη-

2244 2798 2534 2867 στευμένῃ,
2566 2798 2706 2850 κατὰ
2729 2795 2960 2867 τρόπους
2998 2795 3053 2846 δὲ
3081 2795 3322 2864 δηλονότι
3355 2794 3481 2858 τοὺς
3506 2794 3605 2866 ἥδη
3633 2811 3821 2866 προει-

2243 2889 2533 2960 ρημένους.
2558 2890 2620 2942 Εἰ
2647 2889 2703 2940 δὲ
2724 2889 2789 2960 δὴ
2815 2888 3074 2957 φαίνοιτο,
3108 2889 3262 2957 φησὶ,
3286 2886 3381 2939 καὶ
3406 2885 3686 2956 ἀσυναφὴς
3713 2885 3818 2952 ἔτι,

2242 2979 2679 3049 κατεγγυηθεῖσα
2726 2979 2784 3032 δέ
2834 2977 2988 3032 οὔπω
3032 2976 3250 3047 Χριστῷ
3295 2977 3383 3030 διὰ
3428 2976 3526 3046 τῆς
3557 2977 3823 3040 πίστεως,

567 3068 730 3138 259
774 3068 972 3124 deinde
996 3071 1267 3140 quispiam
1309 3070 1496 3125 verbis
1533 3070 1600 3124 ad
1648 3069 1984 3138 impietatem
2010 3085 2136 3138 per-

2247 3072 2314 3135 ὼς
2349 3075 2405 3124 ἐν
2435 3071 2564 3124 είδει
2597 3070 2866 3142 παρθένου
2895 3068 3064 3140 ψυχὴ,
3110 3064 3231 3121 εἶτά
3268 3084 3352 3130 τις
3391 3067 3560 3136 αὐτὴν
3588 3069 3702 3128 τοῖς
3738 3068 3819 3129 είς

567 3159 899 3214 ducentibus
942 3177 1060 3215 eam
1103 3162 1421 3231 inquinasse
1465 3161 1842 3231 deprehensus
1869 3161 1960 3224 sit,
1995 3169 2050 3215 et
2073 3175 2142 3215 ex

568 3267 679 3306 uno
705 3268 892 3307 errore
917 3254 984 3307 ad
1017 3254 1252 3308 alterum
1300 3253 1631 3317 traduxisse,
1676 3259 1737 3306 ut
1779 3251 2020 3305 haeretici
2057 3250 2140 3305 fa-

567 3343 740 3406 ciunt,
759 3346 852 3413 qui
882 3346 1174 3399 nonnullos
1198 3361 1266 3399 ex
1288 3345 1546 3414 gentibus
1567 3357 1984 3412 nonnunquam,
2000 3350 2057 3396 et
2074 3357 2140 3396 ex

567 3434 771 3490 Iudaeis
813 3437 1056 3505 rapiunt,
1103 3447 1180 3502 et,
1223 3447 1283 3491 ut
1329 3447 1654 3508 sequantur,
1701 3436 2061 3506 persuadent:
2094 3436 2142 3490 is

567 3527 788 3595 quidem
818 3545 928 3582 non
949 3529 1058 3583 erit
1082 3545 1205 3584 eam
1239 3546 1354 3584 rem
1375 3529 1598 3599 impune
1634 3545 1838 3596 ausus;
1865 3530 2142 3599 persolvet

567 3619 713 3672 enim
739 3621 879 3688 patri
902 3620 1219 3689 spirituum,
1247 3622 1298 3675 id
1327 3630 1432 3686 est,
1454 3622 1584 3685 Deo,
1601 3623 1684 3676 sui
1702 3622 1907 3690 peccati
1930 3637 2138 3691 poenas,

566 3725 689 3778 qu:e.
717 3719 974 3778 tanquam
1011 3711 1065 3766 in
1090 3727 1154 3767 ea
1191 3714 1436 3782 pecuniae
1461 3713 1632 3766 multa
1671 3728 1780 3765 non
1816 3713 2053 3768 absurde
2081 3712 2142 3766 ﬁ-

567 3809 854 3865 gurantur.
904 3802 1041 3856 Illud
1099 3819 1266 3872 porro
1313 3821 1325 3856 :
1374 3804 1552 3873 Ipsius
1604 3805 1715 3858 erit
1771 3819 1928 3868 uxor,
1973 3805 2139 3858 etiam

561 3890 718 3958 juxta
743 3889 1030 3945 historiam
1065 3892 1197 3948 utile
1221 3900 1323 3947 est.

641 3978 836 4034 PALL.
862 3980 1111 4052 Intelligo
1135 3997 1265 4035 sane
1297 3981 1443 4051 quod
1469 3981 1637 4036 dicis:
1663 3981 1868 4050 duplex
1882 3989 1964 4036 est
1992 3982 2140 4036 enim

567 4070 672 4135 lex,
698 4073 934 4127 carnalis
961 4090 1024 4128 ac
1047 4075 1366 4143 spiritualis.

592 4165 793 4221 -CYR.
846 4167 952 4222 Sed
1007 4169 1169 4222 velim
1227 4168 1490 4223 observes
1538 4185 1606 4223 ne
1660 4170 1865 4224 veteris
1916 4169 2138 4238 quidem

566 4258 808 4312 mandati
830 4274 1137 4314 sermonem
1161 4261 1458 4330 ignorasse,
1509 4261 1656 4330 quod
1705 4261 1957 4316 Christus
2003 4261 2139 4314 dixit

567 4349 636 4403 de
683 4349 803 4404 viro
843 4358 1006 4418 atque
1051 4350 1316 4405 muliere:
1381 4349 1576 4416 «Quod
1632 4351 1778 4405 Deus
1828 4349 2132 4419 conjunxit,

569 4440 732 4494 homo
756 4456 865 4494 non
889 4449 1105 4509 separet
1126 4442 1190 4495 ".
1217 4460 1234 4492 ι
1265 4441 1442 4510 Ipsius
1464 4442 1633 4504 enim,
1662 4440 1860 4510 inquit,
1879 4440 1952 4494 sit
1977 4454 2132 4503 uxor,

567 4547 669 4600 pro
695 4548 763 4587 eo
783 4532 1293 4601 quod-humiliavit
1316 4533 1504 4587 illam:
1554 4549 1662 4588 non
1705 4533 1909 4602 poterit
1949 4531 2134 4586 dimit-

569 4631 683 4677 tere
714 4637 835 4678 eam
858 4623 1007 4676 omni
1031 4631 1294 4692 tempore.
1315 4623 1451 4677 Illud
1476 4632 1737 4693 pra2terca
1769 4624 1933 4678 velim
1959 4621 2136 4676 anim-

566 4711 838 4776 advertas,
875 4721 1078 4781 quanta
1113 4713 1182 4767 sit
1208 4712 1563 4768 sanctissimze
1591 4712 1920 4782 virginitatis
1951 4711 2138 4781 gloriae

567 4802 907 4857 sublimitas:
948 4820 1072 4858 nam
1098 4804 1242 4860 illius
1263 4804 1694 4866 deﬂorationem,
1721 4819 1889 4858 sacra:
1914 4803 2140 4856 divina:-

565 4910 674 4963 que
703 4893 924 4950 Littera:
949 4912 1059 4950 non
1102 4897 1277 4952 solum
1321 4912 1440 4951 esse
1466 4896 1902 4950 humiliationem
1945 4908 2134 4948 sense-

567 4995 720 5052 runt,
754 4989 848 5043 sed
870 4989 1036 5045 etiam
1065 4989 1443 5059 appellandam
1469 4996 1808 5042 censuerunt
1837 4986 1994 5056 quasi
2041 5002 2135 5040 ve—

567 5079 868 5134 iterationis
887 5079 1177 5149 quamdam
1206 5079 1574 5133 amissionem.

636 5168 832 5224 PALL.
858 5170 1026 5226 Recte
1057 5171 1212 5226 dicis.

634 5260 790 5316 CYR.
828 5262 963 5318 Cum
1023 5263 1203 5333 itaque
1263 5263 1649 5318 limreticorum
1687 5261 1739 5314 in
1795 5262 2134 5333 decipiendis

567 5352 884 5408 hominibus
920 5353 1189 5408 fallaciam
1222 5365 1476 5424 tanquam
1529 5354 1640 5408 Deo
1697 5369 1916 5408 exesam
1945 5369 2011 5407 ac
2041 5370 2131 5408 re-

566 5459 694 5498 vera
751 5444 1036 5510 ncIariam,
1089 5454 1145 5498 et
1209 5461 1400 5499 eorum
1461 5445 1555 5514 qui
1607 5452 1755 5498 recte
1817 5445 2132 5500 incedentes

567 5546 921 5602 corrumpere
953 5543 1375 5598 consueverunt,
1424 5534 1666 5588 studium
1710 5535 1991 5590 avertendi
2025 5553 2130 5590 me-

672 5711 714 5742 "
737 5709 893 5766 Deut.
930 5726 1056 5778 xxii,
1081 5710 1264 5776 28,29.
1325 5713 1366 5743 ⁷⁸
1394 5712 1555 5765 Marc.
1590 5729 1640 5780 x,
1661 5715 1714 5768 9.

2241 3162 2559 3215 δυσσέϐειαν
2589 3161 2768 3230 λόγοις
2803 3161 3142 3230 καταμιάνας
3174 3157 3304 3229 ἁλῷ,
3344 3159 3437 3211 καὶ
3467 3157 3818 3228 παρενεγκὼν

2241 3254 2306 3306 ἐκ
2330 3253 2536 3323 πλάνης
2568 3255 2647 3317 εἰς
2675 3251 2960 3322 πλάνησιν,
2995 3249 3174 3303 ὁποῖόν
3198 3267 3250 3301 τι
3279 3247 3475 3318 δρῶσιν
3524 3249 3814 3319 αἱρετικοὶ,

2241 3341 2368 3404 τοὺς
2411 3339 2470 3406 ἐξ
2503 3341 2672 3395 ἐθνῶν
2718 3340 2832 3392 ἔσθ’
2868 3341 2957 3392 ὅτε
2995 3339 3090 3394 καὶ⁵
3147 3337 3412 3391 Ἰουδαίων
3455 3337 3818 3406 ἁρπάζοντες,

2241 3433 2470 3487 ἕπεσθαί
2502 3451 2560 3486 τε
2589 3433 2770 3502 σφίσιν
2803 3433 2986 3494 αὐτοῖς
3020 3430 3419 3492 ἀναπείθοντες,
3455 3429 3557 3481 οὐκ
3581 3429 3828 3498 ἀζήμιον

2241 3525 2468 3595 εὑρήσει
2491 3525 2550 3576 τὸ
2573 3523 2896 3594 ἐγχείρημα.
2943 3522 3219 3575 Ἀποτίσει
3251 3522 3358 3592 γὰρ
3398 3519 3475 3590 τῷ
3507 3521 3676 3591 πατρὶ
3707 3520 3816 3573 τῶν

2244 3616 2589 3680 πνευμάτων,
2643 3616 2917 3677 τουτέστι,
2964 3613 3043 3684 τῷ
3089 3613 3226 3684 Θεῷ,
3285 3612 3386 3681 τῆς
3440 3611 3819 3682 πλημμελείας

2239 3711 2366 3773 τοὺς
2396 3707 2608 3776 λόγους,
2636 3708 2711 3771 ὡς
2744 3708 2801 3758 ἐν
2831 3707 3004 3778 ζημίᾳ⁴
3030 3705 3326 3777 χρημάτων
3365 3705 3638 3757 ὑποτυπου
3648 3703 3820 3773 μένης

2242 3796 2301 3854 εὖ
2337 3801 2500 3870 μάλα.
2535 3801 2609 3852 Τὸ
2637 3801 2715 3866 δέ,
2756 3799 2932 3853 Δίοτοῦ
2963 3799 3114 3852 ἔσται
3143 3796 3302 3868 γυνὴ,
3329 3798 3396 3867 τῇ
3428 3795 3638 3868 ἱστορίᾳ
3680 3795 3820 3866 χρή-

2243 3909 2294 3945 σι
2301 3909 2423 3962 μον.

2311 3985 2518 4038 ΠΑΛΛ.
2573 3983 2800 4052 Συνίημι
2851 3983 2878 4035 ὃ
2933 3981 3075 4052 φής’
3121 3979 3340 4041 διπλοῦς
3387 3979 3496 4047 γὰρ
3543 3979 3572 4030 6
3606 3976 3817 4047 νόμος⁶

2241 4075 2504 4147 σαρκικός
2539 4092 2599 4126 τε
2638 4075 2732 4126 καὶ
2756 4071 3144 4142 πνευματικός.
3789 4099 3804 4104 ι

2309 4167 2470 4220 ΚΥΡ.
2512 4165 2790 4235 Ἐπιτήρει
2826 4163 2902 4229 δέ,
2938 4163 3085 4226 ὅπως
3121 4161 3244 4214 οὐδὲ
3281 4162 3308 4213 ό
3333 4159 3431 4229 τῆς
3458 4157 3696 4229 ἀρχαίας
3730 4159 3819 4211 ἐν-

2237 4256 2396 4326 τολῆς
2434 4256 2671 4324 ἠγνόησε
2705 4253 2882 4321 λόγος,
2915 4253 3053 4322 ὅπερ
3096 4252 3200 4322 ἔφη
3245 4251 3480 4323 Χριστὸς
3525 4249 3722 4320 ἀνδρός
3758 4265 3818 4301 τε

2239 4350 2363 4419 πέρι
2399 4347 2491 4400 καὶ
2518 4345 2774 4415 γυναικός
2800 4361 2811 4372 ·
2869 4364 2887 4396 ι
2932 4346 2996 4396 Ὃ
3024 4339 3116 4397 οὖν
3151 4342 3281 4405 Θεὸς
3325 4341 3644 4404 συνέζευξεν
3670 4379 3686 4403 ,
3718 4339 3815 4392 ἄν-

2238 4438 2452 4509 θρωπος
2474 4435 2547 4508 μὴ
2572 4434 2870 4506 χωριζέτω.
2909 4451 2927 4484 ι
2956 4431 3127 4486 Αὐτοῦ
3145 4432 3253 4502 γὰρ
3277 4429 3415 4483 ἔστω
3431 4429 3589 4498 γυνὴ,
3626 4427 3818 4498 φησιν,

2238 4528 2353 4582 ἀνθ’
2395 4521 2469 4581 ὧν
2502 4526 2866 4580 ἐταπείνωσεν
2917 4524 3116 4593 αὑτήν·
3167 4523 3228 4575 οὐ
3275 4522 3562 4593 δυνήσεται
3611 4519 3812 4585 ἐξαπο-

2241 4618 2443 4672 στεῖλαι
2488 4618 2656 4686 αὐτὴν
2709 4615 2798 4669 τὸν
2849 4615 3062 4669 ἅπαντα
3118 4613 3328 4684 χρόνον.
3404 4613 3512 4666 Καὶ
3565 4612 3705 4680 πρός
3750 4626 3812 4678 γε

2239 4711 2448 4780 τούτῳ,
2482 4707 2694 4762 διανοοῦ
2747 4709 2847 4778 τῆς
2901 4705 3176 4773 πανάγνου
3231 4704 3567 4775 παρθενίας,
3614 4704 3812 4756 ὁπόσον

2241 4803 2358 4856 ἐστὶ
2389 4802 2450 4854 τὸ
2486 4802 2563 4863 ὡς
2603 4802 2674 4853 ἐν’
2711 4800 3022 4870 αὐχήμασιν
3068 4797 3304 4868 ὑψηλόνο
3341 4797 3670 4850 ταπείνωσιν
3705 4796 3813 4865 γὰρ

2237 4889 2344 4946 οἷδέ
2380 4909 2441 4945 τε
2468 4892 2561 4945 καὶ
2589 4889 2871 4960 ὀνομάζειν
2902 4887 3042 4954 ἀξιοῖ
3071 4889 3170 4957 τῆς
3204 4886 3555 4940 θεοπνεύστου
3590 4885 3811 4956 Γραφῆς

2237 4987 2264 5038 ό
2297 4985 2471 5052 λόγος,
2506 4985 2604 5053 τὴν
2652 4979 3122 5050 διαπαρθένευσιν,
3163 4982 3256 5034 καὶ
3291 4980 3450 5032 οἱονεὶ
3482 4978 3577 5047 τῆς
3614 4975 3808 5046 σεμνό-

2237 5089 2266 5125 τ
2278 5090 2397 5142 ητος
2425 5072 2522 5141 τὴν
2556 5071 2837 5126 ἀπόθεσιν.

2312 5165 2517 5217 ΠΑΛΛ.
2562 5161 2765 5232 Ὀρθῶς
2798 5163 2956 5234 ἔφης.

2312 5257 2474 5309 ΚΥΡ.
2526 5256 2837 5326 Ἀποφήσας
2866 5256 2928 5324 δὴ
2968 5250 3061 5308 οὖν
3093 5253 3167 5314 ὼς
3197 5250 3425 5320 Θεομισῆ
3459 5248 3550 5300 καὶ
3600 5247 3809 5300 ἀνόσιον

2240 5348 2454 5420 ἀληθῶς
2483 5348 2574 5400 τὸν
2601 5347 2709 5400 τῶν
2742 5345 3062 5417 ἑτεροδόξων
3092 5341 3450 5411 φενακισμὸν,
3479 5338 3574 5391 καὶ
3606 5337 3702 5406 τὴν
3730 5336 3806 5397 εἰς

2241 5441 2548 5510 φαυλότητα
2575 5438 2934 5509 παρατροπὴν
2964 5436 3072 5492 τῶν
3102 5432 3496 5504 παραφθείρειν
3539 5426 3806 5482 εἰωθότων

2237 5535 2362 5596 τοὺς
2393 5529 2702 5602 ὀρθοποδεῖν
2745 5529 3072 5600 ᾑρημένους,
3106 5527 3199 5581 καὶ
3238 5524 3334 5596 τὴν
3361 5523 3441 5592 ἐφ’
3472 5520 3508 5576 ἃ
3543 5519 3617 5591 μὴ
3648 5531 3810 5587 προσ-
