  <div class='ocr_page' id='page_1' title='image "/cluster/home/n/w/nwhite01/storage/ocr_20150623/68/pst.000005712694/286.png"; bbox 0 0 3966 6298; ppageno 0'>
   <div class='ocr_carea' id='block_1_1' title="bbox 135 193 290 293">
    <p class='ocr_par' dir='ltr' id='par_1_1' title="bbox 135 193 290 293">
     <span class='ocr_line' id='line_1_1' title="bbox 135 193 290 293; baseline -0.006 0"><span class='ocrx_word' id='word_1_1' title='bbox 135 193 290 293; x_wconf 32' lang='grc'><strong>⁷545</strong></span> 
     </span>
    </p>
   </div>
   <div class='ocr_carea' id='block_1_2' title="bbox 870 226 2725 290">
    <p class='ocr_par' dir='ltr' id='par_1_2' title="bbox 870 226 2725 290">
     <span class='ocr_line' id='line_1_2' title="bbox 870 226 2725 290; baseline 0.001 -4"><span class='ocrx_word' id='word_1_2' title='bbox 870 230 956 288; x_wconf 87' lang='lat' dir='ltr'><strong>DE</strong></span> <span class='ocrx_word' id='word_1_3' title='bbox 995 229 1432 288; x_wconf 74' lang='lat' dir='ltr'><strong>ADORA&#39;IIONE</strong></span> <span class='ocrx_word' id='word_1_4' title='bbox 1475 229 1541 285; x_wconf 80' lang='lat' dir='ltr'><strong>IN</strong></span> <span class='ocrx_word' id='word_1_5' title='bbox 1581 226 1849 285; x_wconf 80' lang='lat' dir='ltr'><strong>SPIRITU</strong></span> <span class='ocrx_word' id='word_1_6' title='bbox 1888 228 1974 284; x_wconf 84' lang='lat' dir='ltr'>ET</span> <span class='ocrx_word' id='word_1_7' title='bbox 2015 230 2380 287; x_wconf 75' lang='lat' dir='ltr'><strong>VERITATE.</strong></span> <span class='ocrx_word' id='word_1_8' title='bbox 2422 235 2549 288; x_wconf 87' lang='lat' dir='ltr'><strong>LIB.</strong></span> <span class='ocrx_word' id='word_1_9' title='bbox 2591 233 2725 290; x_wconf 78' lang='lat' dir='ltr'><strong>VIII.</strong></span> 
     </span>
    </p>
   </div>
   <div class='ocr_carea' id='block_1_3' title="bbox 3351 236 3453 294">
    <p class='ocr_par' dir='ltr' id='par_1_3' title="bbox 3351 236 3453 294">
     <span class='ocr_line' id='line_1_3' title="bbox 3351 236 3453 294; baseline 0.049 -6"><span class='ocrx_word' id='word_1_10' title='bbox 3351 236 3453 294; x_wconf 61' lang='lat'><strong>5&amp;6</strong></span> 
     </span>
    </p>
   </div>
   <div class='ocr_carea' id='block_1_4' title="bbox 179 341 1756 421">
    <p class='ocr_par' dir='ltr' id='par_1_4' title="bbox 179 342 1756 421">
     <span class='ocr_line' id='line_1_4' title="bbox 179 342 1756 421; baseline -0.005 -17"><span class='ocrx_word' id='word_1_11' title='bbox 179 353 330 421; x_wconf 70' lang='grc' dir='ltr'>ἧκεν</span> <span class='ocrx_word' id='word_1_12' title='bbox 359 345 694 417; x_wconf 76' lang='grc' dir='ltr'>ἀπαγωγὴν,</span> <span class='ocrx_word' id='word_1_13' title='bbox 732 342 1050 415; x_wconf 74' lang='grc' dir='ltr'>ἐπινενόηκέ</span> <span class='ocrx_word' id='word_1_14' title='bbox 1080 363 1128 398; x_wconf 89' lang='grc' dir='ltr'><strong>τι</strong></span> <span class='ocrx_word' id='word_1_15' title='bbox 1160 348 1254 400; x_wconf 80' lang='grc' dir='ltr'><strong>καὶ</strong></span> <span class='ocrx_word' id='word_1_16' title='bbox 1299 346 1506 418; x_wconf 84' lang='grc' dir='ltr'>ἓτερον,</span> <span class='ocrx_word' id='word_1_17' title='bbox 1541 347 1567 398; x_wconf 87' lang='grc' dir='ltr'><strong>ὃ</strong></span> <span class='ocrx_word' id='word_1_18' title='bbox 1601 344 1663 414; x_wconf 79' lang='grc' dir='ltr'>δὴ</span> <span class='ocrx_word' id='word_1_19' title='bbox 1689 360 1756 397; x_wconf 81' lang='grc' dir='ltr'><strong>κα</strong></span> 
     </span>
    </p>
   </div>
   <div class='ocr_carea' id='block_1_5' title="bbox 1861 341 3450 421">
    <p class='ocr_par' dir='ltr' id='par_1_5' title="bbox 1886 345 3450 416">
     <span class='ocr_line' id='line_1_5' title="bbox 1886 345 3450 416; baseline 0.004 -17"><span class='ocrx_word' id='word_1_20' title='bbox 1886 354 2033 400; x_wconf 85' lang='lat' dir='ltr'><strong>tcros</strong></span> <span class='ocrx_word' id='word_1_21' title='bbox 2053 345 2119 400; x_wconf 93' lang='lat' dir='ltr'><strong>ad</strong></span> <span class='ocrx_word' id='word_1_22' title='bbox 2151 346 2580 416; x_wconf 78' lang='lat' dir='ltr'><strong>improbitatem,</strong></span> <span class='ocrx_word' id='word_1_23' title='bbox 2621 356 2674 401; x_wconf 91' lang='lat' dir='ltr'><strong>et</strong></span> <span class='ocrx_word' id='word_1_24' title='bbox 2709 346 2775 400; x_wconf 89' lang='lat' dir='ltr'><strong>ad</strong></span> <span class='ocrx_word' id='word_1_25' title='bbox 2830 363 2892 402; x_wconf 86' lang='lat' dir='ltr'><strong>ea</strong></span> <span class='ocrx_word' id='word_1_26' title='bbox 2943 363 3064 416; x_wconf 61' lang='lat' dir='ltr'><strong>qua:</strong></span> <span class='ocrx_word' id='word_1_27' title='bbox 3101 363 3213 404; x_wconf 86' lang='lat' dir='ltr'><strong>non</strong></span> <span class='ocrx_word' id='word_1_28' title='bbox 3246 364 3450 406; x_wconf 81' lang='lat' dir='ltr'><strong>convc-</strong></span> 
     </span>
    </p>
   </div>
   <div class='ocr_carea' id='block_1_6' title="bbox 169 435 1772 508">
    <p class='ocr_par' dir='ltr' id='par_1_6' title="bbox 169 435 1772 508">
     <span class='ocr_line' id='line_1_6' title="bbox 169 435 1772 508; baseline -0.004 -15"><span class='ocrx_word' id='word_1_29' title='bbox 169 440 344 502; x_wconf 82' lang='grc' dir='ltr'>αὐτὸς</span> <span class='ocrx_word' id='word_1_30' title='bbox 369 439 502 508; x_wconf 79' lang='grc' dir='ltr'>ἡμῖν</span> <span class='ocrx_word' id='word_1_31' title='bbox 531 439 560 490; x_wconf 81' lang='grc' dir='ltr'>ὁ</span> <span class='ocrx_word' id='word_1_32' title='bbox 589 435 880 498; x_wconf 79' lang='grc' dir='ltr'><strong>θεσπέσιος</strong></span> <span class='ocrx_word' id='word_1_33' title='bbox 919 435 1132 500; x_wconf 80' lang='grc' dir='ltr'><strong>Παῦλος</strong></span> <span class='ocrx_word' id='word_1_34' title='bbox 1183 437 1527 508; x_wconf 75' lang='grc' dir='ltr'><strong>μαθημάτων</strong></span> <span class='ocrx_word' id='word_1_35' title='bbox 1553 436 1772 506; x_wconf 84' lang='grc' dir='ltr'>ἄριστον</span> 
     </span>
    </p>
   </div>
   <div class='ocr_carea' id='block_1_7' title="bbox 170 527 1772 598">
    <p class='ocr_par' dir='ltr' id='par_1_7' title="bbox 170 527 1772 598">
     <span class='ocr_line' id='line_1_7' title="bbox 170 527 1772 598; baseline -0.006 -13"><span class='ocrx_word' id='word_1_36' title='bbox 170 533 436 591; x_wconf 78' lang='grc' dir='ltr'>ἐποιεῖτο,</span> <span class='ocrx_word' id='word_1_37' title='bbox 479 528 689 596; x_wconf 76' lang='grc' dir='ltr'>λέγων’</span> <span class='ocrx_word' id='word_1_38' title='bbox 733 547 751 579; x_wconf 75' lang='grc' dir='ltr'><strong>ι</strong></span> <span class='ocrx_word' id='word_1_39' title='bbox 795 527 888 598; x_wconf 86' lang='grc' dir='ltr'><strong>Μὴ</strong></span> <span class='ocrx_word' id='word_1_40' title='bbox 929 527 1255 598; x_wconf 80' lang='grc' dir='ltr'>λογομαχεῖν</span> <span class='ocrx_word' id='word_1_41' title='bbox 1291 529 1379 582; x_wconf 76' lang='grc' dir='ltr'>ἐπ’</span> <span class='ocrx_word' id='word_1_42' title='bbox 1430 527 1604 580; x_wconf 75' lang='grc' dir='ltr'>οὐδενὶ</span> <span class='ocrx_word' id='word_1_43' title='bbox 1636 541 1772 595; x_wconf 87' lang='grc' dir='ltr'>χρη-</span> 
     </span>
    </p>
   </div>
   <div class='ocr_carea' id='block_1_8' title="bbox 125 617 1816 692">
    <p class='ocr_par' dir='ltr' id='par_1_8' title="bbox 125 617 1816 692">
     <span class='ocr_line' id='line_1_8' title="bbox 125 617 1816 692; baseline -0.004 -18"><span class='ocrx_word' id='word_1_44' title='bbox 125 617 128 619; x_wconf 39' lang='grc'>“</span> <span class='ocrx_word' id='word_1_45' title='bbox 173 624 350 692; x_wconf 78' lang='grc' dir='ltr'>σὶμῳ,</span> <span class='ocrx_word' id='word_1_46' title='bbox 381 621 414 690; x_wconf 85' lang='grc' dir='ltr'>ἦ</span> <span class='ocrx_word' id='word_1_47' title='bbox 451 621 547 672; x_wconf 75' lang='grc' dir='ltr'><strong>ἐπὶ</strong></span> <span class='ocrx_word' id='word_1_48' title='bbox 577 621 930 688; x_wconf 78' lang='grc' dir='ltr'>καταστροφῇ</span> <span class='ocrx_word' id='word_1_49' title='bbox 971 619 1080 671; x_wconf 90' lang='grc' dir='ltr'><strong>τῶν</strong></span> <span class='ocrx_word' id='word_1_50' title='bbox 1109 620 1435 672; x_wconf 85' lang='grc' dir='ltr'>ἀκουόντων.</span> <span class='ocrx_word' id='word_1_51' title='bbox 1489 638 1506 670; x_wconf 76' lang='grc' dir='ltr'><strong>ι</strong></span> <span class='ocrx_word' id='word_1_52' title='bbox 1556 619 1622 670; x_wconf 80' lang='grc' dir='ltr'><strong>Αἱ</strong></span> <span class='ocrx_word' id='word_1_53' title='bbox 1661 617 1770 686; x_wconf 83' lang='grc' dir='ltr'>γὰρ</span> <span class='ocrx_word' id='word_1_54' title='bbox 1802 625 1816 646; x_wconf 81' lang='lat'><strong>‘</strong></span> 
     </span>
    </p>
   </div>
   <div class='ocr_carea' id='block_1_9' title="bbox 177 709 1771 787">
    <p class='ocr_par' dir='ltr' id='par_1_9' title="bbox 177 709 1771 787">
     <span class='ocr_line' id='line_1_9' title="bbox 177 709 1771 787; baseline -0.005 -19"><span class='ocrx_word' id='word_1_55' title='bbox 177 715 437 787; x_wconf 75' lang='grc' dir='ltr'><strong>περιτταὶ</strong></span> <span class='ocrx_word' id='word_1_56' title='bbox 471 712 744 776; x_wconf 79' lang='grc' dir='ltr'><strong>διαλέξεις</strong></span> <span class='ocrx_word' id='word_1_57' title='bbox 773 751 787 774; x_wconf 94' lang='grc'><strong>,</strong></span> <span class='ocrx_word' id='word_1_58' title='bbox 822 713 914 765; x_wconf 70' lang='grc' dir='ltr'><strong>κα)⁵</strong></span> <span class='ocrx_word' id='word_1_59' title='bbox 959 711 1020 764; x_wconf 80' lang='grc' dir='ltr'><strong>τὸ</strong></span> <span class='ocrx_word' id='word_1_60' title='bbox 1065 711 1366 778; x_wconf 80' lang='grc' dir='ltr'><strong>φιλόνεικον</strong></span> <span class='ocrx_word' id='word_1_61' title='bbox 1402 710 1598 780; x_wconf 85' lang='grc' dir='ltr'>κομιδῇ</span> <span class='ocrx_word' id='word_1_62' title='bbox 1641 709 1771 780; x_wconf 74' lang='grc' dir='ltr'>περ).</span> 
     </span>
    </p>
   </div>
   <div class='ocr_carea' id='block_1_10' title="bbox 175 802 1770 877">
    <p class='ocr_par' dir='ltr' id='par_1_10' title="bbox 175 802 1770 877">
     <span class='ocr_line' id='line_1_10' title="bbox 175 802 1770 877; baseline -0.003 -19"><span class='ocrx_word' id='word_1_63' title='bbox 175 807 483 877; x_wconf 80' lang='grc' dir='ltr'>ζητήσεις,</span> <span class='ocrx_word' id='word_1_64' title='bbox 534 806 636 858; x_wconf 77' lang='grc' dir='ltr'>οὐκ</span> <span class='ocrx_word' id='word_1_65' title='bbox 690 804 997 871; x_wconf 82' lang='grc' dir='ltr'><strong>ἀναγκαίας</strong></span> <span class='ocrx_word' id='word_1_66' title='bbox 1026 803 1258 871; x_wconf 83' lang='grc' dir='ltr'>γεννῶσι</span> <span class='ocrx_word' id='word_1_67' title='bbox 1302 803 1517 873; x_wconf 83' lang='grc' dir='ltr'><strong>μάχας,</strong></span> <span class='ocrx_word' id='word_1_68' title='bbox 1558 802 1770 854; x_wconf 73' lang='grc' dir='ltr'>καὶτὸν</span> 
     </span>
    </p>
   </div>
   <div class='ocr_carea' id='block_1_11' title="bbox 175 889 1770 965">
    <p class='ocr_par' dir='ltr' id='par_1_11' title="bbox 175 889 1770 965">
     <span class='ocr_line' id='line_1_11' title="bbox 175 889 1770 965; baseline -0.006 -17"><span class='ocrx_word' id='word_1_69' title='bbox 175 898 286 950; x_wconf 79' lang='grc' dir='ltr'><strong>τῶν</strong></span> <span class='ocrx_word' id='word_1_70' title='bbox 312 895 688 965; x_wconf 77' lang='grc' dir='ltr'>ἀκροωμένων</span> <span class='ocrx_word' id='word_1_71' title='bbox 717 892 979 960; x_wconf 82' lang='grc' dir='ltr'>τύπτουσι</span> <span class='ocrx_word' id='word_1_72' title='bbox 1005 891 1129 944; x_wconf 92' lang='grc' dir='ltr'>νοῦν</span> <span class='ocrx_word' id='word_1_73' title='bbox 1155 908 1166 921; x_wconf 85' lang='grc'><em>’</em></span> <span class='ocrx_word' id='word_1_74' title='bbox 1205 893 1252 945; x_wconf 78' lang='grc' dir='ltr'><strong>οἱ</strong></span> <span class='ocrx_word' id='word_1_75' title='bbox 1284 892 1380 960; x_wconf 84' lang='grc' dir='ltr'>μὲν</span> <span class='ocrx_word' id='word_1_76' title='bbox 1409 891 1535 960; x_wconf 87' lang='grc' dir='ltr'>γὰρ,</span> <span class='ocrx_word' id='word_1_77' title='bbox 1559 890 1617 956; x_wconf 78' lang='grc' dir='ltr'><strong>ἐξ</strong></span> <span class='ocrx_word' id='word_1_78' title='bbox 1643 889 1770 941; x_wconf 77' lang='grc' dir='ltr'>ἐλα-</span> 
     </span>
    </p>
   </div>
   <div class='ocr_carea' id='block_1_12' title="bbox 177 981 1769 1060">
    <p class='ocr_par' dir='ltr' id='par_1_12' title="bbox 177 981 1769 1060">
     <span class='ocr_line' id='line_1_12' title="bbox 177 981 1769 1060; baseline -0.004 -20"><span class='ocrx_word' id='word_1_79' title='bbox 177 990 349 1060; x_wconf 66' lang='grc' dir='ltr'>φρίας</span> <span class='ocrx_word' id='word_1_80' title='bbox 372 1028 385 1049; x_wconf 93' lang='grc'><strong>,</strong></span> <span class='ocrx_word' id='word_1_81' title='bbox 415 987 480 1039; x_wconf 80' lang='grc' dir='ltr'><strong>τὸ</strong></span> <span class='ocrx_word' id='word_1_82' title='bbox 515 987 595 1057; x_wconf 77' lang='grc' dir='ltr'>μὴ</span> <span class='ocrx_word' id='word_1_83' title='bbox 624 985 802 1057; x_wconf 81' lang='grc' dir='ltr'>ὀρθῶς</span> <span class='ocrx_word' id='word_1_84' title='bbox 837 985 956 1055; x_wconf 82' lang='grc' dir='ltr'>ἔχον</span> <span class='ocrx_word' id='word_1_85' title='bbox 989 1000 1050 1035; x_wconf 87' lang='grc' dir='ltr'><strong>τε</strong></span> <span class='ocrx_word' id='word_1_86' title='bbox 1086 983 1180 1036; x_wconf 72' lang='grc' dir='ltr'><strong>καὶ</strong></span> <span class='ocrx_word' id='word_1_87' title='bbox 1209 985 1496 1053; x_wconf 80' lang='grc' dir='ltr'>εἰρημένον</span> <span class='ocrx_word' id='word_1_88' title='bbox 1541 981 1651 1035; x_wconf 79' lang='grc' dir='ltr'>ἔσθ’</span> <span class='ocrx_word' id='word_1_89' title='bbox 1680 983 1769 1035; x_wconf 86' lang='grc' dir='ltr'>ὅτε</span> 
     </span>
    </p>
   </div>
   <div class='ocr_carea' id='block_1_13' title="bbox 177 1075 1768 1151">
    <p class='ocr_par' dir='ltr' id='par_1_13' title="bbox 177 1075 1768 1151">
     <span class='ocr_line' id='line_1_13' title="bbox 177 1075 1768 1151; baseline -0.004 -19"><span class='ocrx_word' id='word_1_90' title='bbox 177 1080 437 1151; x_wconf 77' lang='grc' dir='ltr'>προαλῶς</span> <span class='ocrx_word' id='word_1_91' title='bbox 467 1095 527 1130; x_wconf 85' lang='grc' dir='ltr'><strong>τε</strong></span> <span class='ocrx_word' id='word_1_92' title='bbox 555 1078 651 1130; x_wconf 71' lang='grc' dir='ltr'><strong>καὶ</strong></span> <span class='ocrx_word' id='word_1_93' title='bbox 683 1075 907 1147; x_wconf 88' lang='grc' dir='ltr'>ἀμαθῶς</span> <span class='ocrx_word' id='word_1_94' title='bbox 955 1075 1290 1144; x_wconf 86' lang='grc' dir='ltr'>είσδέχονταί</span> <span class='ocrx_word' id='word_1_95' title='bbox 1319 1092 1377 1128; x_wconf 88' lang='grc' dir='ltr'><strong>τε</strong></span> <span class='ocrx_word' id='word_1_96' title='bbox 1400 1079 1492 1127; x_wconf 72' lang='grc' dir='ltr'><strong>καὶ</strong></span> <span class='ocrx_word' id='word_1_97' title='bbox 1527 1076 1768 1126; x_wconf 85' lang='grc' dir='ltr'>ἐπαινεῖν</span> 
     </span>
    </p>
   </div>
   <div class='ocr_carea' id='block_1_14' title="bbox 179 1167 1766 1236">
    <p class='ocr_par' dir='ltr' id='par_1_14' title="bbox 179 1167 1766 1236">
     <span class='ocr_line' id='line_1_14' title="bbox 179 1167 1766 1236; baseline -0.004 -10"><span class='ocrx_word' id='word_1_98' title='bbox 179 1172 583 1236; x_wconf 71' lang='grc' dir='ltr'>σπουδάζουσιν</span> <span class='ocrx_word' id='word_1_99' title='bbox 609 1185 621 1196; x_wconf 92' lang='grc'><strong>·</strong></span> <span class='ocrx_word' id='word_1_100' title='bbox 653 1170 700 1221; x_wconf 76' lang='grc' dir='ltr'>οἱ</span> <span class='ocrx_word' id='word_1_101' title='bbox 731 1168 806 1232; x_wconf 84' lang='grc' dir='ltr'>δὲ,</span> <span class='ocrx_word' id='word_1_102' title='bbox 837 1170 947 1230; x_wconf 80' lang='grc' dir='ltr'>τοῖς</span> <span class='ocrx_word' id='word_1_103' title='bbox 973 1168 1219 1236; x_wconf 84' lang='grc' dir='ltr'>ἀρίστοις</span> <span class='ocrx_word' id='word_1_104' title='bbox 1247 1168 1342 1236; x_wconf 76' lang='grc' dir='ltr'>τὴν</span> <span class='ocrx_word' id='word_1_105' title='bbox 1372 1167 1564 1236; x_wconf 82' lang='grc' dir='ltr'>αἰσχίω</span> <span class='ocrx_word' id='word_1_106' title='bbox 1589 1167 1766 1236; x_wconf 73' lang='grc' dir='ltr'>ψῆφον</span> 
     </span>
    </p>
   </div>
   <div class='ocr_carea' id='block_1_15' title="bbox 189 1258 1767 1332">
    <p class='ocr_par' dir='ltr' id='par_1_15' title="bbox 189 1258 1767 1332">
     <span class='ocr_line' id='line_1_15' title="bbox 189 1258 1767 1332; baseline -0.004 -16"><span class='ocrx_word' id='word_1_107' title='bbox 189 1265 520 1331; x_wconf 78' lang='grc' dir='ltr'>ἐπάγοντες,</span> <span class='ocrx_word' id='word_1_108' title='bbox 549 1261 650 1332; x_wconf 78' lang='grc' dir='ltr'><strong>τὴν</strong></span> <span class='ocrx_word' id='word_1_109' title='bbox 679 1261 798 1328; x_wconf 75' lang='grc' dir='ltr'>ἴσην</span> <span class='ocrx_word' id='word_1_110' title='bbox 824 1261 931 1321; x_wconf 88' lang='grc' dir='ltr'>τοῖς</span> <span class='ocrx_word' id='word_1_111' title='bbox 951 1258 1133 1320; x_wconf 84' lang='grc' dir='ltr'>ἄλλοις</span> <span class='ocrx_word' id='word_1_112' title='bbox 1159 1258 1574 1329; x_wconf 72' lang='grc' dir='ltr'>ήρῤωστηκότες</span> <span class='ocrx_word' id='word_1_113' title='bbox 1602 1259 1767 1310; x_wconf 86' lang='grc' dir='ltr'>ἀπαι-</span> 
     </span>
    </p>
   </div>
   <div class='ocr_carea' id='block_1_16' title="bbox 183 1349 1766 1420">
    <p class='ocr_par' dir='ltr' id='par_1_16' title="bbox 183 1349 1766 1420">
     <span class='ocr_line' id='line_1_16' title="bbox 183 1349 1766 1420; baseline -0.005 -10"><span class='ocrx_word' id='word_1_114' title='bbox 183 1356 429 1415; x_wconf 78' lang='grc' dir='ltr'>δευσίαν,</span> <span class='ocrx_word' id='word_1_115' title='bbox 469 1355 648 1406; x_wconf 81' lang='grc' dir='ltr'>ἁλοῖεν</span> <span class='ocrx_word' id='word_1_116' title='bbox 684 1352 780 1406; x_wconf 81' lang='grc' dir='ltr'><strong>ἄν·</strong></span> <span class='ocrx_word' id='word_1_117' title='bbox 817 1350 983 1417; x_wconf 79' lang='grc' dir='ltr'>ὀλίγοι</span> <span class='ocrx_word' id='word_1_118' title='bbox 1013 1350 1069 1403; x_wconf 87' lang='grc' dir='ltr'>δὲ</span> <span class='ocrx_word' id='word_1_119' title='bbox 1096 1349 1373 1411; x_wconf 83' lang='grc' dir='ltr'>παντελῶς</span> <span class='ocrx_word' id='word_1_120' title='bbox 1399 1352 1448 1402; x_wconf 76' lang='lat' dir='ltr'><strong>oi</strong></span> <span class='ocrx_word' id='word_1_121' title='bbox 1474 1349 1766 1420; x_wconf 79' lang='grc' dir='ltr'>διακρίνειν</span> 
     </span>
    </p>
   </div>
   <div class='ocr_carea' id='block_1_17' title="bbox 177 1441 1765 1512">
    <p class='ocr_par' dir='ltr' id='par_1_17' title="bbox 177 1441 1765 1512">
     <span class='ocr_line' id='line_1_17' title="bbox 177 1441 1765 1512; baseline -0.006 -11"><span class='ocrx_word' id='word_1_122' title='bbox 177 1450 399 1509; x_wconf 74' lang='grc' dir='ltr'>εἰδότες,</span> <span class='ocrx_word' id='word_1_123' title='bbox 433 1447 529 1498; x_wconf 69' lang='grc' dir='ltr'>καὶ</span> <span class='ocrx_word' id='word_1_124' title='bbox 558 1443 652 1498; x_wconf 82' lang='grc' dir='ltr'><strong>τοῦ</strong></span> <span class='ocrx_word' id='word_1_125' title='bbox 686 1441 1071 1497; x_wconf 84' lang='grc' dir='ltr'>κατασίνεσθαι</span> <span class='ocrx_word' id='word_1_126' title='bbox 1115 1441 1416 1509; x_wconf 82' lang='grc' dir='ltr'>πεφυκότος</span> <span class='ocrx_word' id='word_1_127' title='bbox 1445 1441 1765 1512; x_wconf 83' lang='grc' dir='ltr'>προτάττειν</span> 
     </span>
    </p>
   </div>
   <div class='ocr_carea' id='block_1_18' title="bbox 177 1527 1762 1607">
    <p class='ocr_par' dir='ltr' id='par_1_18' title="bbox 177 1527 1762 1607">
     <span class='ocr_line' id='line_1_18' title="bbox 177 1527 1762 1607; baseline -0.004 -15"><span class='ocrx_word' id='word_1_128' title='bbox 177 1542 235 1592; x_wconf 76' lang='grc' dir='ltr'>τὸ</span> <span class='ocrx_word' id='word_1_129' title='bbox 279 1536 555 1607; x_wconf 65' lang='grc' dir='ltr'>ὠφελοῦν.</span> <span class='ocrx_word' id='word_1_130' title='bbox 607 1535 862 1604; x_wconf 83' lang='grc' dir='ltr'>Ἀπληγα</span> <span class='ocrx_word' id='word_1_131' title='bbox 887 1533 942 1586; x_wconf 77' lang='grc' dir='ltr'><strong>δὲ</strong></span> <span class='ocrx_word' id='word_1_132' title='bbox 976 1533 1067 1585; x_wconf 79' lang='grc' dir='ltr'><strong>τὸν</strong></span> <span class='ocrx_word' id='word_1_133' title='bbox 1107 1532 1234 1585; x_wconf 89' lang='grc' dir='ltr'>νοῦν</span> <span class='ocrx_word' id='word_1_134' title='bbox 1275 1527 1418 1586; x_wconf 74' lang='grc' dir='ltr'>οὗτοι</span> <span class='ocrx_word' id='word_1_135' title='bbox 1446 1531 1762 1602; x_wconf 85' lang='grc' dir='ltr'>διατηροῦσι</span> 
     </span>
    </p>
   </div>
   <div class='ocr_carea' id='block_1_19' title="bbox 181 1622 1760 1700">
    <p class='ocr_par' dir='ltr' id='par_1_19' title="bbox 181 1622 1760 1700">
     <span class='ocr_line' id='line_1_19' title="bbox 181 1622 1760 1700; baseline -0.004 -18"><span class='ocrx_word' id='word_1_136' title='bbox 181 1632 339 1700; x_wconf 75' lang='grc' dir='ltr'>μόλις</span> <span class='ocrx_word' id='word_1_137' title='bbox 384 1632 444 1680; x_wconf 86' lang='grc' dir='ltr'><strong>ἐν</strong></span> <span class='ocrx_word' id='word_1_138' title='bbox 492 1630 612 1689; x_wconf 79' lang='grc' dir='ltr'>ταῖς</span> <span class='ocrx_word' id='word_1_139' title='bbox 647 1624 754 1678; x_wconf 85' lang='grc' dir='ltr'><strong>τῶν</strong></span> <span class='ocrx_word' id='word_1_140' title='bbox 782 1625 983 1694; x_wconf 79' lang='grc' dir='ltr'>ἐτέρων</span> <span class='ocrx_word' id='word_1_141' title='bbox 1025 1624 1402 1694; x_wconf 86' lang='grc' dir='ltr'>λογομαχίαις.</span> <span class='ocrx_word' id='word_1_142' title='bbox 1450 1623 1657 1676; x_wconf 76' lang='grc' dir='ltr'>Οὐκοῦν</span> <span class='ocrx_word' id='word_1_143' title='bbox 1686 1622 1760 1686; x_wconf 81' lang='grc' dir='ltr'>ὼς</span> 
     </span>
    </p>
   </div>
   <div class='ocr_carea' id='block_1_20' title="bbox 173 1714 1755 1789">
    <p class='ocr_par' dir='ltr' id='par_1_20' title="bbox 173 1714 1755 1789">
     <span class='ocr_line' id='line_1_20' title="bbox 173 1714 1755 1789; baseline -0.005 -14"><span class='ocrx_word' id='word_1_144' title='bbox 173 1723 332 1775; x_wconf 71' lang='grc' dir='ltr'>ἔσται</span> <span class='ocrx_word' id='word_1_145' title='bbox 369 1721 433 1772; x_wconf 74' lang='grc' dir='ltr'>τὸ</span> <span class='ocrx_word' id='word_1_146' title='bbox 480 1719 671 1789; x_wconf 82' lang='grc' dir='ltr'>χρῆμα</span> <span class='ocrx_word' id='word_1_147' title='bbox 718 1721 827 1780; x_wconf 85' lang='grc' dir='ltr'>τοῖς</span> <span class='ocrx_word' id='word_1_148' title='bbox 877 1717 1008 1787; x_wconf 82' lang='grc' dir='ltr'>δρᾷν</span> <span class='ocrx_word' id='word_1_149' title='bbox 1038 1715 1311 1769; x_wconf 84' lang='grc' dir='ltr'>ἐθέλουσιν</span> <span class='ocrx_word' id='word_1_150' title='bbox 1357 1717 1458 1767; x_wconf 80' lang='grc' dir='ltr'><strong>οὐκ</strong></span> <span class='ocrx_word' id='word_1_151' title='bbox 1505 1714 1755 1785; x_wconf 83' lang='grc' dir='ltr'>ἀζήμιον,</span> 
     </span>
    </p>
   </div>
   <div class='ocr_carea' id='block_1_21' title="bbox 177 1806 1761 1878">
    <p class='ocr_par' dir='ltr' id='par_1_21' title="bbox 177 1806 1761 1878">
     <span class='ocr_line' id='line_1_21' title="bbox 177 1806 1761 1878; baseline -0.006 -11"><span class='ocrx_word' id='word_1_152' title='bbox 177 1813 556 1867; x_wconf 77' lang='grc' dir='ltr'>ὕπαινίττεται</span> <span class='ocrx_word' id='word_1_153' title='bbox 581 1809 744 1862; x_wconf 85' lang='grc' dir='ltr'>πάλιν</span> <span class='ocrx_word' id='word_1_154' title='bbox 761 1810 891 1878; x_wconf 83' lang='grc' dir='ltr'>ἡμῖν</span> <span class='ocrx_word' id='word_1_155' title='bbox 913 1811 940 1861; x_wconf 86' lang='grc' dir='ltr'>ὁ</span> <span class='ocrx_word' id='word_1_156' title='bbox 960 1808 1140 1877; x_wconf 85' lang='grc' dir='ltr'>νόμος,</span> <span class='ocrx_word' id='word_1_157' title='bbox 1169 1808 1360 1876; x_wconf 82' lang='grc' dir='ltr'>λέγων·</span> <span class='ocrx_word' id='word_1_158' title='bbox 1382 1826 1399 1858; x_wconf 82' lang='grc' dir='ltr'><strong>ι</strong></span> <span class='ocrx_word' id='word_1_159' title='bbox 1423 1807 1547 1860; x_wconf 85' lang='grc' dir='ltr'><strong>Ἐὰν</strong></span> <span class='ocrx_word' id='word_1_160' title='bbox 1574 1806 1630 1860; x_wconf 84' lang='grc' dir='ltr'>δὲ</span> <span class='ocrx_word' id='word_1_161' title='bbox 1660 1809 1761 1877; x_wconf 86' lang='grc' dir='ltr'>μά-</span> 
     </span>
    </p>
   </div>
   <div class='ocr_carea' id='block_1_22' title="bbox 172 1892 1758 1972">
    <p class='ocr_par' dir='ltr' id='par_1_22' title="bbox 172 1892 1758 1972">
     <span class='ocr_line' id='line_1_22' title="bbox 172 1892 1758 1972; baseline -0.007 -17"><span class='ocrx_word' id='word_1_162' title='bbox 172 1917 382 1972; x_wconf 79' lang='grc' dir='ltr'>χωνται</span> <span class='ocrx_word' id='word_1_163' title='bbox 421 1899 515 1951; x_wconf 85' lang='grc' dir='ltr'><strong>δύο</strong></span> <span class='ocrx_word' id='word_1_164' title='bbox 545 1897 756 1966; x_wconf 80' lang='grc' dir='ltr'>ἄνδρες,</span> <span class='ocrx_word' id='word_1_165' title='bbox 789 1896 883 1948; x_wconf 76' lang='grc' dir='ltr'><strong>καὶ</strong></span> <span class='ocrx_word' id='word_1_166' title='bbox 912 1893 1192 1958; x_wconf 83' lang='grc' dir='ltr'>πατάξωσι</span> <span class='ocrx_word' id='word_1_167' title='bbox 1215 1897 1448 1962; x_wconf 87' lang='grc' dir='ltr'>γυναῖκα</span> <span class='ocrx_word' id='word_1_168' title='bbox 1471 1893 1528 1946; x_wconf 85' lang='grc' dir='ltr'><strong>ἐν</strong></span> <span class='ocrx_word' id='word_1_169' title='bbox 1560 1892 1758 1963; x_wconf 79' lang='grc' dir='ltr'>γαστρὶ</span> 
     </span>
    </p>
   </div>
   <div class='ocr_carea' id='block_1_23' title="bbox 174 1985 1760 2061">
    <p class='ocr_par' dir='ltr' id='par_1_23' title="bbox 174 1985 1760 2061">
     <span class='ocr_line' id='line_1_23' title="bbox 174 1985 1760 2061; baseline -0.004 -18"><span class='ocrx_word' id='word_1_170' title='bbox 174 1993 433 2061; x_wconf 77' lang='grc' dir='ltr'>ἔχουσαν,</span> <span class='ocrx_word' id='word_1_171' title='bbox 471 1990 565 2041; x_wconf 76' lang='grc' dir='ltr'><strong>καὶ</strong></span> <span class='ocrx_word' id='word_1_172' title='bbox 599 1986 791 2058; x_wconf 78' lang='grc' dir='ltr'>ἐξέλθῃ</span> <span class='ocrx_word' id='word_1_173' title='bbox 822 1987 883 2038; x_wconf 83' lang='grc' dir='ltr'><strong>τὸ</strong></span> <span class='ocrx_word' id='word_1_174' title='bbox 924 1985 1135 2038; x_wconf 85' lang='grc' dir='ltr'>παιδίον</span> <span class='ocrx_word' id='word_1_175' title='bbox 1191 1986 1361 2055; x_wconf 78' lang='grc' dir='ltr'>αὐτῆς</span> <span class='ocrx_word' id='word_1_176' title='bbox 1395 1985 1470 2056; x_wconf 85' lang='grc' dir='ltr'>μὴ</span> <span class='ocrx_word' id='word_1_177' title='bbox 1509 1985 1760 2049; x_wconf 85' lang='grc' dir='ltr'>ὲξεικονι-</span> 
     </span>
    </p>
   </div>
   <div class='ocr_carea' id='block_1_24' title="bbox 176 2076 1758 2152">
    <p class='ocr_par' dir='ltr' id='par_1_24' title="bbox 176 2076 1758 2152">
     <span class='ocr_line' id='line_1_24' title="bbox 176 2076 1758 2152; baseline -0.003 -18"><span class='ocrx_word' id='word_1_178' title='bbox 176 2083 400 2152; x_wconf 80' lang='grc' dir='ltr'>σμένον,</span> <span class='ocrx_word' id='word_1_179' title='bbox 437 2080 725 2149; x_wconf 83' lang='grc' dir='ltr'>ἐπιζήμιον</span> <span class='ocrx_word' id='word_1_180' title='bbox 751 2076 1181 2148; x_wconf 77' lang='grc' dir='ltr'>ζημιωθήσεται,</span> <span class='ocrx_word' id='word_1_181' title='bbox 1215 2077 1403 2130; x_wconf 82' lang='grc' dir='ltr'>καθότι</span> <span class='ocrx_word' id='word_1_182' title='bbox 1427 2076 1492 2130; x_wconf 85' lang='grc' dir='ltr'><strong>ἀν</strong></span> <span class='ocrx_word' id='word_1_183' title='bbox 1527 2077 1758 2148; x_wconf 79' lang='grc' dir='ltr'>ἐπιϐάλῃ</span> 
     </span>
    </p>
   </div>
   <div class='ocr_carea' id='block_1_25' title="bbox 171 2168 1754 2243">
    <p class='ocr_par' dir='ltr' id='par_1_25' title="bbox 171 2168 1754 2243">
     <span class='ocr_line' id='line_1_25' title="bbox 171 2168 1754 2243; baseline 0.001 -20"><span class='ocrx_word' id='word_1_184' title='bbox 171 2176 198 2226; x_wconf 66' lang='grc' dir='ltr'>ὁ</span> <span class='ocrx_word' id='word_1_185' title='bbox 241 2173 393 2243; x_wconf 78' lang='grc' dir='ltr'>ἀνὴρ</span> <span class='ocrx_word' id='word_1_186' title='bbox 444 2172 541 2240; x_wconf 83' lang='grc' dir='ltr'>τῆς</span> <span class='ocrx_word' id='word_1_187' title='bbox 575 2169 831 2237; x_wconf 77' lang='grc' dir='ltr'>γυναικὸς</span> <span class='ocrx_word' id='word_1_188' title='bbox 855 2208 869 2230; x_wconf 92' lang='grc'><strong>,</strong></span> <span class='ocrx_word' id='word_1_189' title='bbox 917 2171 1010 2222; x_wconf 68' lang='grc' dir='ltr'><strong>καὶ</strong></span> <span class='ocrx_word' id='word_1_190' title='bbox 1049 2168 1210 2222; x_wconf 86' lang='grc' dir='ltr'>δώσει</span> <span class='ocrx_word' id='word_1_191' title='bbox 1247 2168 1385 2238; x_wconf 84' lang='grc' dir='ltr'>μετὰ</span> <span class='ocrx_word' id='word_1_192' title='bbox 1426 2169 1754 2239; x_wconf 78' lang='grc' dir='ltr'>ἀξιώματος.</span> 
     </span>
    </p>
   </div>
   <div class='ocr_carea' id='block_1_26' title="bbox 185 2257 1751 2334">
    <p class='ocr_par' dir='ltr' id='par_1_26' title="bbox 185 2257 1751 2334">
     <span class='ocr_line' id='line_1_26' title="bbox 185 2257 1751 2334; baseline -0.002 -17"><span class='ocrx_word' id='word_1_193' title='bbox 185 2266 314 2317; x_wconf 68' lang='grc' dir='ltr'>Ἐὰν</span> <span class='ocrx_word' id='word_1_194' title='bbox 341 2264 397 2315; x_wconf 84' lang='grc' dir='ltr'>δὲ</span> <span class='ocrx_word' id='word_1_195' title='bbox 430 2261 860 2330; x_wconf 80' lang='grc' dir='ltr'>ἐξεικονισμένον</span> <span class='ocrx_word' id='word_1_196' title='bbox 882 2257 938 2334; x_wconf 75' lang='grc' dir='ltr'>ᾖ,</span> <span class='ocrx_word' id='word_1_197' title='bbox 968 2259 1126 2313; x_wconf 84' lang='grc' dir='ltr'>δώσει</span> <span class='ocrx_word' id='word_1_198' title='bbox 1152 2260 1329 2331; x_wconf 75' lang='grc' dir='ltr'>ψυχὴν</span> <span class='ocrx_word' id='word_1_199' title='bbox 1355 2261 1474 2315; x_wconf 76' lang='grc' dir='ltr'>ἀντὶ</span> <span class='ocrx_word' id='word_1_200' title='bbox 1504 2261 1698 2331; x_wconf 82' lang='grc' dir='ltr'>ψυχῆς.</span> <span class='ocrx_word' id='word_1_201' title='bbox 1732 2278 1751 2314; x_wconf 74' lang='grc' dir='ltr'><strong>ι</strong></span> 
     </span>
    </p>
   </div>
   <div class='ocr_carea' id='block_1_27' title="bbox 174 2352 1756 2428">
    <p class='ocr_par' dir='ltr' id='par_1_27' title="bbox 174 2352 1756 2428">
     <span class='ocr_line' id='line_1_27' title="bbox 174 2352 1756 2428; baseline -0.002 -16"><span class='ocrx_word' id='word_1_202' title='bbox 174 2361 346 2426; x_wconf 77' lang='grc' dir='ltr'>Λόγος</span> <span class='ocrx_word' id='word_1_203' title='bbox 381 2359 479 2428; x_wconf 83' lang='grc' dir='ltr'>μὲν</span> <span class='ocrx_word' id='word_1_204' title='bbox 503 2352 630 2422; x_wconf 83' lang='grc' dir='ltr'>οὖν,</span> <span class='ocrx_word' id='word_1_205' title='bbox 662 2358 720 2408; x_wconf 84' lang='grc' dir='ltr'><strong>ἐν</strong></span> <span class='ocrx_word' id='word_1_206' title='bbox 753 2358 938 2427; x_wconf 67' lang='grc' dir='ltr'>μήτρᾳ</span> <span class='ocrx_word' id='word_1_207' title='bbox 975 2355 1035 2407; x_wconf 83' lang='grc' dir='ltr'><strong>τὸ</strong></span> <span class='ocrx_word' id='word_1_208' title='bbox 1065 2355 1323 2428; x_wconf 84' lang='grc' dir='ltr'>ἔμϐρυον,</span> <span class='ocrx_word' id='word_1_209' title='bbox 1360 2355 1756 2424; x_wconf 84' lang='grc' dir='ltr'>ἀνθρωποειδὲς</span> 
     </span>
    </p>
   </div>
   <div class='ocr_carea' id='block_1_28' title="bbox 172 2447 1756 2522">
    <p class='ocr_par' dir='ltr' id='par_1_28' title="bbox 172 2447 1756 2522">
     <span class='ocr_line' id='line_1_28' title="bbox 172 2447 1756 2522; baseline -0.001 -19"><span class='ocrx_word' id='word_1_210' title='bbox 172 2451 406 2522; x_wconf 73' lang='grc' dir='ltr'>ὁρᾶσθαι</span> <span class='ocrx_word' id='word_1_211' title='bbox 447 2449 636 2520; x_wconf 82' lang='grc' dir='ltr'>μόλις,</span> <span class='ocrx_word' id='word_1_212' title='bbox 680 2451 773 2501; x_wconf 74' lang='grc' dir='ltr'><strong>καὶ</strong></span> <span class='ocrx_word' id='word_1_213' title='bbox 811 2451 890 2511; x_wconf 81' lang='grc' dir='ltr'>εἰς</span> <span class='ocrx_word' id='word_1_214' title='bbox 926 2447 1095 2501; x_wconf 80' lang='grc' dir='ltr'>τύπον</span> <span class='ocrx_word' id='word_1_215' title='bbox 1129 2447 1264 2500; x_wconf 85' lang='grc' dir='ltr'>ίέναι</span> <span class='ocrx_word' id='word_1_216' title='bbox 1310 2447 1404 2500; x_wconf 87' lang='grc' dir='ltr'><strong>τοῦ</strong></span> <span class='ocrx_word' id='word_1_217' title='bbox 1454 2447 1576 2500; x_wconf 87' lang='grc' dir='ltr'>καθ’</span> <span class='ocrx_word' id='word_1_218' title='bbox 1611 2449 1756 2518; x_wconf 78' lang='grc' dir='ltr'>ἡμᾶς</span> 
     </span>
    </p>
   </div>
   <div class='ocr_carea' id='block_1_29' title="bbox 176 2539 1756 2612">
    <p class='ocr_par' dir='ltr' id='par_1_29' title="bbox 176 2539 1756 2612">
     <span class='ocr_line' id='line_1_29' title="bbox 176 2539 1756 2612; baseline 0.001 -17"><span class='ocrx_word' id='word_1_219' title='bbox 176 2543 435 2612; x_wconf 78' lang='grc' dir='ltr'>σώματος</span> <span class='ocrx_word' id='word_1_220' title='bbox 465 2542 620 2604; x_wconf 84' lang='grc' dir='ltr'>τότε,</span> <span class='ocrx_word' id='word_1_221' title='bbox 666 2542 753 2593; x_wconf 82' lang='grc' dir='ltr'>ὅτε</span> <span class='ocrx_word' id='word_1_222' title='bbox 795 2541 888 2594; x_wconf 71' lang='grc' dir='ltr'><strong>καὶ</strong></span> <span class='ocrx_word' id='word_1_223' title='bbox 921 2541 1152 2612; x_wconf 77' lang='grc' dir='ltr'>ἀριθμὸς</span> <span class='ocrx_word' id='word_1_224' title='bbox 1193 2543 1278 2592; x_wconf 80' lang='grc' dir='ltr'>ἐπ’</span> <span class='ocrx_word' id='word_1_225' title='bbox 1309 2539 1456 2610; x_wconf 76' lang='grc' dir='ltr'>αὐτῷ</span> <span class='ocrx_word' id='word_1_226' title='bbox 1488 2558 1756 2612; x_wconf 85' lang='grc' dir='ltr'><strong>τεσσαρα⁶</strong></span> 
     </span>
    </p>
   </div>
   <div class='ocr_carea' id='block_1_30' title="bbox 176 2631 1754 2705">
    <p class='ocr_par' dir='ltr' id='par_1_30' title="bbox 176 2631 1754 2705">
     <span class='ocr_line' id='line_1_30' title="bbox 176 2631 1754 2705; baseline -0.001 -17"><span class='ocrx_word' id='word_1_227' title='bbox 176 2635 373 2704; x_wconf 81' lang='grc' dir='ltr'>κοστῆς</span> <span class='ocrx_word' id='word_1_228' title='bbox 390 2634 605 2704; x_wconf 81' lang='grc' dir='ltr'>ἡμέρας</span> <span class='ocrx_word' id='word_1_229' title='bbox 629 2632 1054 2702; x_wconf 81' lang='grc' dir='ltr'>διαπεραίνεται,</span> <span class='ocrx_word' id='word_1_230' title='bbox 1087 2631 1354 2705; x_wconf 80' lang='grc' dir='ltr'>Ταύτῃτοί</span> <span class='ocrx_word' id='word_1_231' title='bbox 1396 2649 1529 2702; x_wconf 84' lang='grc' dir='ltr'>φασι</span> <span class='ocrx_word' id='word_1_232' title='bbox 1555 2633 1754 2686; x_wconf 84' lang='grc' dir='ltr'>Μωσέα</span> 
     </span>
    </p>
   </div>
   <div class='ocr_carea' id='block_1_31' title="bbox 179 2723 1755 2799">
    <p class='ocr_par' dir='ltr' id='par_1_31' title="bbox 179 2723 1755 2799">
     <span class='ocr_line' id='line_1_31' title="bbox 179 2723 1755 2799; baseline -0.002 -20"><span class='ocrx_word' id='word_1_233' title='bbox 179 2729 283 2799; x_wconf 77' lang='grc' dir='ltr'><strong>μὲν</strong></span> <span class='ocrx_word' id='word_1_234' title='bbox 311 2729 403 2779; x_wconf 81' lang='grc' dir='ltr'><strong>τὸν</strong></span> <span class='ocrx_word' id='word_1_235' title='bbox 437 2727 773 2797; x_wconf 81' lang='grc' dir='ltr'>πανάριστον</span> <span class='ocrx_word' id='word_1_236' title='bbox 795 2726 860 2778; x_wconf 83' lang='grc' dir='ltr'><strong>ἐκ</strong></span> <span class='ocrx_word' id='word_1_237' title='bbox 885 2725 982 2794; x_wconf 76' lang='grc' dir='ltr'>τῆς</span> <span class='ocrx_word' id='word_1_238' title='bbox 1012 2726 1068 2778; x_wconf 81' lang='grc' dir='ltr'><strong>ἐν</strong></span> <span class='ocrx_word' id='word_1_239' title='bbox 1094 2723 1357 2793; x_wconf 73' lang='grc' dir='ltr'>Αἰγύπτῳ</span> <span class='ocrx_word' id='word_1_240' title='bbox 1386 2724 1594 2791; x_wconf 83' lang='grc' dir='ltr'>πλάνης</span> <span class='ocrx_word' id='word_1_241' title='bbox 1618 2727 1755 2777; x_wconf 87' lang='grc' dir='ltr'>οἱον-</span> 
     </span>
    </p>
   </div>
   <div class='ocr_carea' id='block_1_32' title="bbox 177 2814 1754 2886">
    <p class='ocr_par' dir='ltr' id='par_1_32' title="bbox 177 2814 1754 2886">
     <span class='ocr_line' id='line_1_32' title="bbox 177 2814 1754 2886; baseline -0.003 -14"><span class='ocrx_word' id='word_1_242' title='bbox 177 2820 223 2872; x_wconf 82' lang='grc' dir='ltr'><strong>εί</strong></span> <span class='ocrx_word' id='word_1_243' title='bbox 259 2836 378 2882; x_wconf 82' lang='grc' dir='ltr'><strong>πως</strong></span> <span class='ocrx_word' id='word_1_244' title='bbox 410 2817 740 2871; x_wconf 84' lang='grc' dir='ltr'>ἀνωδίνοντά</span> <span class='ocrx_word' id='word_1_245' title='bbox 773 2833 830 2870; x_wconf 91' lang='grc' dir='ltr'><strong>τε</strong></span> <span class='ocrx_word' id='word_1_246' title='bbox 855 2817 946 2869; x_wconf 74' lang='grc' dir='ltr'><strong>καὶ</strong></span> <span class='ocrx_word' id='word_1_247' title='bbox 973 2815 1390 2886; x_wconf 78' lang='grc' dir='ltr'>ἀναμορφοῦντα</span> <span class='ocrx_word' id='word_1_248' title='bbox 1411 2814 1499 2867; x_wconf 79' lang='grc' dir='ltr'><strong>τὸν</strong></span> <span class='ocrx_word' id='word_1_249' title='bbox 1538 2814 1754 2886; x_wconf 84' lang='grc' dir='ltr'>Ἰσραὴλ</span> 
     </span>
    </p>
   </div>
   <div class='ocr_carea' id='block_1_33' title="bbox 177 2905 1751 2979">
    <p class='ocr_par' dir='ltr' id='par_1_33' title="bbox 177 2905 1751 2979">
     <span class='ocr_line' id='line_1_33' title="bbox 177 2905 1751 2979; baseline -0.003 -17"><span class='ocrx_word' id='word_1_250' title='bbox 177 2914 256 2974; x_wconf 80' lang='grc' dir='ltr'><strong>είς</strong></span> <span class='ocrx_word' id='word_1_251' title='bbox 289 2911 387 2979; x_wconf 70' lang='grc' dir='ltr'><strong>τὴν</strong></span> <span class='ocrx_word' id='word_1_252' title='bbox 420 2911 476 2963; x_wconf 87' lang='grc' dir='ltr'><strong>ἐν</strong></span> <span class='ocrx_word' id='word_1_253' title='bbox 508 2909 658 2979; x_wconf 84' lang='grc' dir='ltr'>νόμῳ</span> <span class='ocrx_word' id='word_1_254' title='bbox 685 2907 851 2978; x_wconf 78' lang='grc' dir='ltr'>ζωὴν,</span> <span class='ocrx_word' id='word_1_255' title='bbox 879 2909 1062 2960; x_wconf 85' lang='grc' dir='ltr'>σιτίων</span> <span class='ocrx_word' id='word_1_256' title='bbox 1099 2905 1400 2977; x_wconf 82' lang='grc' dir='ltr'>ἀπέχεσθαι</span> <span class='ocrx_word' id='word_1_257' title='bbox 1425 2908 1517 2960; x_wconf 75' lang='grc' dir='ltr'><strong>καὶ</strong></span> <span class='ocrx_word' id='word_1_258' title='bbox 1542 2907 1751 2959; x_wconf 72' lang='grc' dir='ltr'>ποτῶνο</span> 
     </span>
    </p>
   </div>
   <div class='ocr_carea' id='block_1_34' title="bbox 181 2997 1754 3074">
    <p class='ocr_par' dir='ltr' id='par_1_34' title="bbox 181 2997 1754 3074">
     <span class='ocr_line' id='line_1_34' title="bbox 181 2997 1754 3074; baseline -0.004 -19"><span class='ocrx_word' id='word_1_259' title='bbox 181 3023 200 3055; x_wconf 78' lang='grc' dir='ltr'><strong>ι</strong></span> <span class='ocrx_word' id='word_1_260' title='bbox 250 3002 609 3074; x_wconf 79' lang='grc' dir='ltr'>Ἀρτονγάρ,</span> <span class='ocrx_word' id='word_1_261' title='bbox 659 3001 844 3070; x_wconf 62' lang='grc' dir='ltr'>φησιν,</span> <span class='ocrx_word' id='word_1_262' title='bbox 897 3001 994 3053; x_wconf 72' lang='grc' dir='ltr'><strong>οὐκ</strong></span> <span class='ocrx_word' id='word_1_263' title='bbox 1038 2999 1259 3068; x_wconf 76' lang='grc' dir='ltr'>ἔφαγον,</span> <span class='ocrx_word' id='word_1_264' title='bbox 1313 2997 1405 3051; x_wconf 69' lang='grc' dir='ltr'><strong>καὶ</strong></span> <span class='ocrx_word' id='word_1_265' title='bbox 1460 2997 1602 3068; x_wconf 80' lang='grc' dir='ltr'>ὕδωρ</span> <span class='ocrx_word' id='word_1_266' title='bbox 1655 2999 1754 3050; x_wconf 87' lang='grc' dir='ltr'><strong>οὐκ</strong></span> 
     </span>
    </p>
   </div>
   <div class='ocr_carea' id='block_1_35' title="bbox 177 3091 1756 3168">
    <p class='ocr_par' dir='ltr' id='par_1_35' title="bbox 177 3091 1756 3168">
     <span class='ocr_line' id='line_1_35' title="bbox 177 3091 1756 3168; baseline -0.004 -17"><span class='ocrx_word' id='word_1_267' title='bbox 177 3099 328 3151; x_wconf 77' lang='grc' dir='ltr'>ἔπιον</span> <span class='ocrx_word' id='word_1_268' title='bbox 357 3097 774 3168; x_wconf 85' lang='grc' dir='ltr'>τεσσαράκοντα</span> <span class='ocrx_word' id='word_1_269' title='bbox 806 3095 1038 3165; x_wconf 80' lang='grc' dir='ltr'>ἡμέρας.</span> <span class='ocrx_word' id='word_1_270' title='bbox 1077 3112 1095 3144; x_wconf 82' lang='grc'>›</span> <span class='ocrx_word' id='word_1_271' title='bbox 1132 3095 1242 3147; x_wconf 68' lang='grc' dir='ltr'>Καὶ</span> <span class='ocrx_word' id='word_1_272' title='bbox 1286 3095 1366 3155; x_wconf 85' lang='grc' dir='ltr'><strong>είς</strong></span> <span class='ocrx_word' id='word_1_273' title='bbox 1398 3094 1541 3163; x_wconf 80' lang='grc' dir='ltr'>ἡμᾶς</span> <span class='ocrx_word' id='word_1_274' title='bbox 1569 3091 1624 3145; x_wconf 90' lang='grc' dir='ltr'><strong>δέ</strong></span> <span class='ocrx_word' id='word_1_275' title='bbox 1658 3093 1756 3144; x_wconf 87' lang='grc' dir='ltr'>αὐ-</span> 
     </span>
    </p>
   </div>
   <div class='ocr_carea' id='block_1_36' title="bbox 174 3183 1754 3255">
    <p class='ocr_par' dir='ltr' id='par_1_36' title="bbox 174 3183 1754 3255">
     <span class='ocr_line' id='line_1_36' title="bbox 174 3183 1754 3255; baseline -0.005 -13"><span class='ocrx_word' id='word_1_276' title='bbox 174 3191 338 3252; x_wconf 67' lang='grc' dir='ltr'>τοὺς,</span> <span class='ocrx_word' id='word_1_277' title='bbox 378 3186 752 3255; x_wconf 81' lang='grc' dir='ltr'>ὑποτοπητέον</span> <span class='ocrx_word' id='word_1_278' title='bbox 799 3185 995 3255; x_wconf 86' lang='grc' dir='ltr'>δράσαι</span> <span class='ocrx_word' id='word_1_279' title='bbox 1043 3201 1102 3236; x_wconf 88' lang='grc' dir='ltr'><strong>τε</strong></span> <span class='ocrx_word' id='word_1_280' title='bbox 1137 3183 1289 3236; x_wconf 90' lang='grc' dir='ltr'>τοῦτο</span> <span class='ocrx_word' id='word_1_281' title='bbox 1327 3184 1421 3236; x_wconf 74' lang='grc' dir='ltr'><strong>καὶ</strong></span> <span class='ocrx_word' id='word_1_282' title='bbox 1469 3183 1754 3253; x_wconf 85' lang='grc' dir='ltr'>ὑπομεῖναι</span> 
     </span>
    </p>
   </div>
   <div class='ocr_carea' id='block_1_37' title="bbox 174 3273 1755 3351">
    <p class='ocr_par' dir='ltr' id='par_1_37' title="bbox 174 3273 1755 3351">
     <span class='ocr_line' id='line_1_37' title="bbox 174 3273 1755 3351; baseline -0.004 -18"><span class='ocrx_word' id='word_1_283' title='bbox 174 3279 440 3351; x_wconf 77' lang='grc' dir='ltr'>Χριστόν.</span> <span class='ocrx_word' id='word_1_284' title='bbox 478 3277 876 3348; x_wconf 73' lang='grc' dir='ltr'>Ἀνεμορφοῦτο</span> <span class='ocrx_word' id='word_1_285' title='bbox 909 3274 1014 3346; x_wconf 85' lang='grc' dir='ltr'>γὰρ</span> <span class='ocrx_word' id='word_1_286' title='bbox 1048 3275 1106 3328; x_wconf 84' lang='grc' dir='ltr'><strong>ἐν</strong></span> <span class='ocrx_word' id='word_1_287' title='bbox 1131 3274 1278 3343; x_wconf 81' lang='grc' dir='ltr'>αὐτῷ</span> <span class='ocrx_word' id='word_1_288' title='bbox 1318 3273 1452 3344; x_wconf 85' lang='grc' dir='ltr'>πρὸς</span> <span class='ocrx_word' id='word_1_289' title='bbox 1484 3273 1755 3344; x_wconf 80' lang='grc' dir='ltr'>ἀγιασμδν</span> 
     </span>
    </p>
   </div>
   <div class='ocr_carea' id='block_1_38' title="bbox 171 3365 1754 3441">
    <p class='ocr_par' dir='ltr' id='par_1_38' title="bbox 171 3365 1754 3441">
     <span class='ocr_line' id='line_1_38' title="bbox 171 3365 1754 3441; baseline -0.005 -16"><span class='ocrx_word' id='word_1_290' title='bbox 171 3373 235 3426; x_wconf 84' lang='grc' dir='ltr'>δι’</span> <span class='ocrx_word' id='word_1_291' title='bbox 293 3370 624 3441; x_wconf 78' lang='grc' dir='ltr'>ἐγκρατείας</span> <span class='ocrx_word' id='word_1_292' title='bbox 671 3370 707 3438; x_wconf 84' lang='grc' dir='ltr'><strong>ή</strong></span> <span class='ocrx_word' id='word_1_293' title='bbox 746 3367 942 3438; x_wconf 87' lang='grc' dir='ltr'>φύσις,</span> <span class='ocrx_word' id='word_1_294' title='bbox 991 3366 1052 3430; x_wconf 83' lang='grc' dir='ltr'><strong>ἐξ</strong></span> <span class='ocrx_word' id='word_1_295' title='bbox 1092 3365 1367 3437; x_wconf 87' lang='grc' dir='ltr'>ἀκρατοῦς</span> <span class='ocrx_word' id='word_1_296' title='bbox 1422 3367 1655 3435; x_wconf 78' lang='grc' dir='ltr'>ὀρέξεως</span> <span class='ocrx_word' id='word_1_297' title='bbox 1697 3368 1754 3418; x_wconf 85' lang='grc' dir='ltr'><strong>ἐν</strong></span> 
     </span>
    </p>
   </div>
   <div class='ocr_carea' id='block_1_39' title="bbox 173 3457 1755 3534">
    <p class='ocr_par' dir='ltr' id='par_1_39' title="bbox 173 3457 1755 3534">
     <span class='ocr_line' id='line_1_39' title="bbox 173 3457 1755 3534; baseline -0.004 -17"><span class='ocrx_word' id='word_1_298' title='bbox 173 3467 379 3534; x_wconf 81' lang='grc' dir='ltr'>ἀρχαῖς</span> <span class='ocrx_word' id='word_1_299' title='bbox 433 3463 492 3513; x_wconf 84' lang='grc' dir='ltr'><strong>ἐν</strong></span> <span class='ocrx_word' id='word_1_300' title='bbox 524 3461 599 3526; x_wconf 79' lang='grc' dir='ltr'>τῷ</span> <span class='ocrx_word' id='word_1_301' title='bbox 645 3460 1058 3530; x_wconf 85' lang='grc' dir='ltr'>πρωτοπλάστῳ</span> <span class='ocrx_word' id='word_1_302' title='bbox 1093 3459 1185 3512; x_wconf 81' lang='grc' dir='ltr'><strong>τὸν</strong></span> <span class='ocrx_word' id='word_1_303' title='bbox 1216 3461 1296 3522; x_wconf 85' lang='grc' dir='ltr'><strong>είς</strong></span> <span class='ocrx_word' id='word_1_304' title='bbox 1342 3458 1620 3528; x_wconf 80' lang='grc' dir='ltr'>ἁμαρτίαν</span> <span class='ocrx_word' id='word_1_305' title='bbox 1663 3457 1755 3510; x_wconf 76' lang='grc' dir='ltr'><strong>καὶ</strong></span> 
     </span>
    </p>
   </div>
   <div class='ocr_carea' id='block_1_40' title="bbox 175 3548 1755 3622">
    <p class='ocr_par' dir='ltr' id='par_1_40' title="bbox 175 3548 1755 3622">
     <span class='ocr_line' id='line_1_40' title="bbox 175 3548 1755 3622; baseline -0.004 -16"><span class='ocrx_word' id='word_1_306' title='bbox 175 3551 496 3622; x_wconf 83' lang='grc' dir='ltr'>παράϐασιν</span> <span class='ocrx_word' id='word_1_307' title='bbox 532 3551 930 3622; x_wconf 75' lang='grc' dir='ltr'>ἀῤῥωστήσασα</span> <span class='ocrx_word' id='word_1_308' title='bbox 967 3548 1259 3619; x_wconf 91' lang='grc' dir='ltr'>μολυσμόν.</span> <span class='ocrx_word' id='word_1_309' title='bbox 1294 3548 1464 3601; x_wconf 75' lang='grc' dir='ltr'>Ταυτὶ</span> <span class='ocrx_word' id='word_1_310' title='bbox 1491 3548 1588 3617; x_wconf 84' lang='grc' dir='ltr'>μὲν</span> <span class='ocrx_word' id='word_1_311' title='bbox 1609 3550 1755 3618; x_wconf 80' lang='grc' dir='ltr'>ἡμᾶς</span> 
     </span>
    </p>
   </div>
   <div class='ocr_carea' id='block_1_41' title="bbox 176 3638 1754 3712">
    <p class='ocr_par' dir='ltr' id='par_1_41' title="bbox 176 3638 1754 3712">
     <span class='ocr_line' id='line_1_41' title="bbox 176 3638 1754 3712; baseline -0.004 -14"><span class='ocrx_word' id='word_1_312' title='bbox 176 3649 276 3700; x_wconf 83' lang='grc' dir='ltr'>οὐκ</span> <span class='ocrx_word' id='word_1_313' title='bbox 304 3644 571 3698; x_wconf 84' lang='grc' dir='ltr'>ἀπίθανον</span> <span class='ocrx_word' id='word_1_314' title='bbox 611 3645 812 3696; x_wconf 76' lang='grc' dir='ltr'>ἐννοεῖν</span> <span class='ocrx_word' id='word_1_315' title='bbox 838 3658 851 3671; x_wconf 87' lang='grc'>·</span> <span class='ocrx_word' id='word_1_316' title='bbox 899 3642 1056 3712; x_wconf 85' lang='grc' dir='ltr'>πλὴν,</span> <span class='ocrx_word' id='word_1_317' title='bbox 1092 3642 1236 3705; x_wconf 85' lang='grc' dir='ltr'>ὅπως</span> <span class='ocrx_word' id='word_1_318' title='bbox 1269 3640 1386 3693; x_wconf 83' lang='grc' dir='ltr'>ποτ’</span> <span class='ocrx_word' id='word_1_319' title='bbox 1425 3639 1491 3693; x_wconf 79' lang='grc' dir='ltr'><strong>ἂν</strong></span> <span class='ocrx_word' id='word_1_320' title='bbox 1521 3638 1632 3708; x_wconf 75' lang='grc' dir='ltr'>ἔχοι</span> <span class='ocrx_word' id='word_1_321' title='bbox 1658 3639 1754 3708; x_wconf 83' lang='grc' dir='ltr'>τῆς</span> 
     </span>
    </p>
   </div>
   <div class='ocr_carea' id='block_1_42' title="bbox 179 3732 1751 3807">
    <p class='ocr_par' dir='ltr' id='par_1_42' title="bbox 179 3732 1751 3807">
     <span class='ocr_line' id='line_1_42' title="bbox 179 3732 1751 3807; baseline -0.003 -18"><span class='ocrx_word' id='word_1_322' title='bbox 179 3738 424 3807; x_wconf 82' lang='grc' dir='ltr'>ἱστορίας</span> <span class='ocrx_word' id='word_1_323' title='bbox 451 3739 479 3789; x_wconf 89' lang='grc' dir='ltr'>ὁ</span> <span class='ocrx_word' id='word_1_324' title='bbox 509 3735 688 3805; x_wconf 75' lang='grc' dir='ltr'>λόγος,</span> <span class='ocrx_word' id='word_1_325' title='bbox 713 3734 994 3806; x_wconf 85' lang='grc' dir='ltr'>παρείσθω</span> <span class='ocrx_word' id='word_1_326' title='bbox 1025 3735 1142 3788; x_wconf 89' lang='grc' dir='ltr'>νυνί</span> <span class='ocrx_word' id='word_1_327' title='bbox 1163 3751 1176 3765; x_wconf 66' lang='grc'>⁸</span> <span class='ocrx_word' id='word_1_328' title='bbox 1209 3733 1326 3796; x_wconf 90' lang='grc' dir='ltr'><strong>πῶς</strong></span> <span class='ocrx_word' id='word_1_329' title='bbox 1356 3734 1401 3787; x_wconf 90' lang='grc' dir='ltr'>δ’</span> <span class='ocrx_word' id='word_1_330' title='bbox 1423 3732 1490 3786; x_wconf 81' lang='grc' dir='ltr'><strong>ἂν</strong></span> <span class='ocrx_word' id='word_1_331' title='bbox 1513 3733 1751 3788; x_wconf 88' lang='grc' dir='ltr'>νοεῖσθαι</span> 
     </span>
    </p>
   </div>
   <div class='ocr_carea' id='block_1_43' title="bbox 178 3824 1754 3900">
    <p class='ocr_par' dir='ltr' id='par_1_43' title="bbox 178 3824 1754 3900">
     <span class='ocr_line' id='line_1_43' title="bbox 178 3824 1754 3900; baseline -0.004 -18"><span class='ocrx_word' id='word_1_332' title='bbox 178 3826 413 3900; x_wconf 75' lang='grc' dir='ltr'>πρέποι,</span> <span class='ocrx_word' id='word_1_333' title='bbox 442 3829 502 3880; x_wconf 86' lang='grc' dir='ltr'><strong>τὸ</strong></span> <span class='ocrx_word' id='word_1_334' title='bbox 530 3830 764 3896; x_wconf 83' lang='grc' dir='ltr'>γυναῖκα</span> <span class='ocrx_word' id='word_1_335' title='bbox 799 3827 1130 3896; x_wconf 85' lang='grc' dir='ltr'>πλήττεσθαι</span> <span class='ocrx_word' id='word_1_336' title='bbox 1166 3827 1264 3897; x_wconf 82' lang='grc' dir='ltr'>τὴν</span> <span class='ocrx_word' id='word_1_337' title='bbox 1295 3828 1352 3878; x_wconf 80' lang='grc' dir='ltr'><strong>ἐν</strong></span> <span class='ocrx_word' id='word_1_338' title='bbox 1374 3825 1572 3895; x_wconf 77' lang='grc' dir='ltr'>γαστρὶ</span> <span class='ocrx_word' id='word_1_339' title='bbox 1608 3824 1754 3894; x_wconf 81' lang='grc' dir='ltr'>ἔχου-</span> 
     </span>
    </p>
   </div>
   <div class='ocr_carea' id='block_1_44' title="bbox 182 3913 1750 3992">
    <p class='ocr_par' dir='ltr' id='par_1_44' title="bbox 182 3913 1750 3992">
     <span class='ocr_line' id='line_1_44' title="bbox 182 3913 1750 3992; baseline -0.004 -20"><span class='ocrx_word' id='word_1_340' title='bbox 182 3936 300 3986; x_wconf 82' lang='grc' dir='ltr'>σαν,</span> <span class='ocrx_word' id='word_1_341' title='bbox 335 3919 474 3992; x_wconf 80' lang='grc' dir='ltr'>πρὸς</span> <span class='ocrx_word' id='word_1_342' title='bbox 507 3918 616 3971; x_wconf 89' lang='grc' dir='ltr'><strong>τῶν</strong></span> <span class='ocrx_word' id='word_1_343' title='bbox 655 3916 923 3970; x_wconf 73' lang='grc' dir='ltr'>εἰωθότων</span> <span class='ocrx_word' id='word_1_344' title='bbox 944 3917 1294 3986; x_wconf 84' lang='grc' dir='ltr'>λογομαχεῖν,</span> <span class='ocrx_word' id='word_1_345' title='bbox 1331 3915 1462 3986; x_wconf 80' lang='grc' dir='ltr'>φέρε</span> <span class='ocrx_word' id='word_1_346' title='bbox 1495 3915 1582 3985; x_wconf 87' lang='grc' dir='ltr'>δὴ,</span> <span class='ocrx_word' id='word_1_347' title='bbox 1617 3913 1750 3984; x_wconf 80' lang='grc' dir='ltr'>φέρε</span> 
     </span>
    </p>
   </div>
   <div class='ocr_carea' id='block_1_45' title="bbox 178 4005 1750 4080">
    <p class='ocr_par' dir='ltr' id='par_1_45' title="bbox 178 4005 1750 4080">
     <span class='ocr_line' id='line_1_45' title="bbox 178 4005 1750 4080; baseline -0.006 -15"><span class='ocrx_word' id='word_1_348' title='bbox 178 4008 632 4080; x_wconf 64' lang='grc' dir='ltr'>ᾰασκεπτὼμεθα</span> <span class='ocrx_word' id='word_1_349' title='bbox 651 4027 665 4040; x_wconf 71' lang='grc'><strong><em>⁸</em></strong></span> <span class='ocrx_word' id='word_1_350' title='bbox 701 4008 762 4062; x_wconf 83' lang='grc' dir='ltr'><strong>τὸ</strong></span> <span class='ocrx_word' id='word_1_351' title='bbox 782 4009 890 4080; x_wconf 88' lang='grc' dir='ltr'><strong>γάρ</strong></span> <span class='ocrx_word' id='word_1_352' title='bbox 914 4026 995 4061; x_wconf 90' lang='grc' dir='ltr'><strong>τοι</strong></span> <span class='ocrx_word' id='word_1_353' title='bbox 1017 4008 1138 4061; x_wconf 84' lang='grc' dir='ltr'>λίαν</span> <span class='ocrx_word' id='word_1_354' title='bbox 1166 4006 1508 4076; x_wconf 77' lang='grc' dir='ltr'>ἱσχνομυθεῖν</span> <span class='ocrx_word' id='word_1_355' title='bbox 1529 4005 1583 4057; x_wconf 77' lang='grc' dir='ltr'><strong>ἐν</strong></span> <span class='ocrx_word' id='word_1_356' title='bbox 1604 4022 1666 4074; x_wconf 86' lang='grc' dir='ltr'><strong>γε</strong></span> <span class='ocrx_word' id='word_1_357' title='bbox 1687 4005 1750 4076; x_wconf 84' lang='grc' dir='ltr'>δὴ</span> 
     </span>
    </p>
   </div>
   <div class='ocr_carea' id='block_1_46' title="bbox 179 4091 1750 4167">
    <p class='ocr_par' dir='ltr' id='par_1_46' title="bbox 179 4091 1750 4167">
     <span class='ocr_line' id='line_1_46' title="bbox 179 4091 1750 4167; baseline -0.006 -15"><span class='ocrx_word' id='word_1_358' title='bbox 179 4099 424 4163; x_wconf 76' lang='grc' dir='ltr'>τούτοις,</span> <span class='ocrx_word' id='word_1_359' title='bbox 463 4100 564 4151; x_wconf 78' lang='grc' dir='ltr'><strong>οὐκ</strong></span> <span class='ocrx_word' id='word_1_360' title='bbox 608 4096 866 4167; x_wconf 82' lang='grc' dir='ltr'>ἀτερπές.</span> <span class='ocrx_word' id='word_1_361' title='bbox 915 4093 1123 4149; x_wconf 76' lang='grc' dir='ltr'>Οὐκοῦν</span> <span class='ocrx_word' id='word_1_362' title='bbox 1172 4093 1382 4163; x_wconf 77' lang='grc' dir='ltr'>καρπὸς</span> <span class='ocrx_word' id='word_1_363' title='bbox 1427 4091 1492 4146; x_wconf 85' lang='grc' dir='ltr'><strong>ἂν</strong></span> <span class='ocrx_word' id='word_1_364' title='bbox 1541 4092 1626 4160; x_wconf 78' lang='grc' dir='ltr'>εἴη</span> <span class='ocrx_word' id='word_1_365' title='bbox 1657 4092 1750 4144; x_wconf 76' lang='grc' dir='ltr'><strong>καὶ</strong></span> 
     </span>
    </p>
   </div>
   <div class='ocr_carea' id='block_1_47' title="bbox 180 4183 1752 4260">
    <p class='ocr_par' dir='ltr' id='par_1_47' title="bbox 180 4183 1752 4260">
     <span class='ocr_line' id='line_1_47' title="bbox 180 4183 1752 4260; baseline -0.004 -17"><span class='ocrx_word' id='word_1_366' title='bbox 180 4190 366 4260; x_wconf 78' lang='grc' dir='ltr'>κύημα</span> <span class='ocrx_word' id='word_1_367' title='bbox 399 4189 513 4252; x_wconf 89' lang='grc' dir='ltr'>νοῦ,</span> <span class='ocrx_word' id='word_1_368' title='bbox 551 4189 732 4252; x_wconf 83' lang='grc' dir='ltr'>πίστις</span> <span class='ocrx_word' id='word_1_369' title='bbox 765 4190 799 4259; x_wconf 82' lang='grc' dir='ltr'>ἡ</span> <span class='ocrx_word' id='word_1_370' title='bbox 839 4189 918 4251; x_wconf 87' lang='grc' dir='ltr'>εἰς</span> <span class='ocrx_word' id='word_1_371' title='bbox 951 4185 1204 4257; x_wconf 84' lang='grc' dir='ltr'>Χριστὸν,</span> <span class='ocrx_word' id='word_1_372' title='bbox 1233 4186 1300 4238; x_wconf 77' lang='grc' dir='ltr'>δι’</span> <span class='ocrx_word' id='word_1_373' title='bbox 1329 4183 1572 4246; x_wconf 84' lang='grc' dir='ltr'>ἐντελοῦς</span> <span class='ocrx_word' id='word_1_374' title='bbox 1607 4185 1752 4253; x_wconf 86' lang='grc' dir='ltr'>ἡμᾶς</span> 
     </span>
    </p>
   </div>
   <div class='ocr_carea' id='block_1_48' title="bbox 179 4275 1751 4349">
    <p class='ocr_par' dir='ltr' id='par_1_48' title="bbox 179 4275 1751 4349">
     <span class='ocr_line' id='line_1_48' title="bbox 179 4275 1751 4349; baseline -0.003 -17"><span class='ocrx_word' id='word_1_375' title='bbox 179 4280 432 4347; x_wconf 82' lang='grc' dir='ltr'>γνώσεως</span> <span class='ocrx_word' id='word_1_376' title='bbox 482 4280 898 4333; x_wconf 77' lang='grc' dir='ltr'>ἀναπλάττουσα</span> <span class='ocrx_word' id='word_1_377' title='bbox 945 4279 1079 4349; x_wconf 84' lang='grc' dir='ltr'>πρὸς</span> <span class='ocrx_word' id='word_1_378' title='bbox 1116 4276 1314 4342; x_wconf 79' lang='grc' dir='ltr'>αὐτὸν,</span> <span class='ocrx_word' id='word_1_379' title='bbox 1367 4276 1459 4329; x_wconf 74' lang='grc' dir='ltr'><strong>καὶ</strong></span> <span class='ocrx_word' id='word_1_380' title='bbox 1502 4277 1581 4337; x_wconf 84' lang='grc' dir='ltr'><strong>εἰς</strong></span> <span class='ocrx_word' id='word_1_381' title='bbox 1610 4275 1751 4328; x_wconf 88' lang='grc' dir='ltr'>θεῖον</span> 
     </span>
    </p>
   </div>
   <div class='ocr_carea' id='block_1_49' title="bbox 1876 438 3451 509">
    <p class='ocr_par' dir='ltr' id='par_1_49' title="bbox 1876 438 3451 509">
     <span class='ocr_line' id='line_1_49' title="bbox 1876 438 3451 509; baseline 0.003 -17"><span class='ocrx_word' id='word_1_382' title='bbox 1876 440 2036 493; x_wconf 90' lang='lat' dir='ltr'><strong>niunt</strong></span> <span class='ocrx_word' id='word_1_383' title='bbox 2075 438 2407 503; x_wconf 83' lang='lat' dir='ltr'><strong>abducendi,</strong></span> <span class='ocrx_word' id='word_1_384' title='bbox 2437 439 2835 509; x_wconf 89' lang='lat' dir='ltr'><strong>prohibuisset,</strong></span> <span class='ocrx_word' id='word_1_385' title='bbox 2867 439 3015 493; x_wconf 81' lang='lat' dir='ltr'><strong>aliud</strong></span> <span class='ocrx_word' id='word_1_386' title='bbox 3045 441 3309 509; x_wconf 86' lang='lat' dir='ltr'><strong>quiddam</strong></span> <span class='ocrx_word' id='word_1_387' title='bbox 3349 459 3451 498; x_wconf 81' lang='lat' dir='ltr'><strong>ex-</strong></span> 
     </span>
    </p>
   </div>
   <div class='ocr_carea' id='block_1_50' title="bbox 1875 530 3449 602">
    <p class='ocr_par' dir='ltr' id='par_1_50' title="bbox 1875 530 3449 602">
     <span class='ocr_line' id='line_1_50' title="bbox 1875 530 3449 602; baseline 0.001 -18"><span class='ocrx_word' id='word_1_388' title='bbox 1875 533 2155 602; x_wconf 71' lang='lat' dir='ltr'><strong>cogitavit,</strong></span> <span class='ocrx_word' id='word_1_389' title='bbox 2184 531 2330 600; x_wconf 91' lang='lat' dir='ltr'><strong>quod</strong></span> <span class='ocrx_word' id='word_1_390' title='bbox 2358 532 2536 600; x_wconf 89' lang='lat' dir='ltr'><strong>ipsum</strong></span> <span class='ocrx_word' id='word_1_391' title='bbox 2573 530 2767 584; x_wconf 85' lang='lat' dir='ltr'><strong>beatus</strong></span> <span class='ocrx_word' id='word_1_392' title='bbox 2815 545 3033 599; x_wconf 89' lang='lat' dir='ltr'><strong>quoque</strong></span> <span class='ocrx_word' id='word_1_393' title='bbox 3069 531 3288 594; x_wconf 88' lang='lat' dir='ltr'><strong>Paulus,</strong></span> <span class='ocrx_word' id='word_1_394' title='bbox 3325 544 3449 594; x_wconf 88' lang='lat' dir='ltr'><strong>tan-</strong></span> 
     </span>
    </p>
   </div>
   <div class='ocr_carea' id='block_1_51' title="bbox 1873 619 3449 693">
    <p class='ocr_par' dir='ltr' id='par_1_51' title="bbox 1873 619 3449 693">
     <span class='ocr_line' id='line_1_51' title="bbox 1873 619 3449 693; baseline 0.001 -17"><span class='ocrx_word' id='word_1_395' title='bbox 1873 639 2036 693; x_wconf 92' lang='lat' dir='ltr'><strong>quam</strong></span> <span class='ocrx_word' id='word_1_396' title='bbox 2097 624 2359 692; x_wconf 87' lang='lat' dir='ltr'><strong>optimam</strong></span> <span class='ocrx_word' id='word_1_397' title='bbox 2418 621 2580 675; x_wconf 89' lang='lat' dir='ltr'><strong>nobis</strong></span> <span class='ocrx_word' id='word_1_398' title='bbox 2633 619 2980 689; x_wconf 89' lang='lat' dir='ltr'><strong>disciplinam</strong></span> <span class='ocrx_word' id='word_1_399' title='bbox 3029 620 3285 676; x_wconf 85' lang='lat' dir='ltr'><strong>tradidit:</strong></span> <span class='ocrx_word' id='word_1_400' title='bbox 3330 623 3449 678; x_wconf 71' lang='lat' dir='ltr'><strong>«Ne</strong></span> 
     </span>
    </p>
   </div>
   <div class='ocr_carea' id='block_1_52' title="bbox 1872 709 3448 784">
    <p class='ocr_par' dir='ltr' id='par_1_52' title="bbox 1872 709 3448 784">
     <span class='ocr_line' id='line_1_52' title="bbox 1872 709 3448 784; baseline -0.001 -16"><span class='ocrx_word' id='word_1_401' title='bbox 1872 729 2177 784; x_wconf 84' lang='lat' dir='ltr'><strong>pugnemus</strong></span> <span class='ocrx_word' id='word_1_402' title='bbox 2204 713 2411 778; x_wconf 80' lang='lat' dir='ltr'><strong>verbis,</strong></span> <span class='ocrx_word' id='word_1_403' title='bbox 2447 727 2569 781; x_wconf 68' lang='lat' dir='ltr'><strong>qua:</strong></span> <span class='ocrx_word' id='word_1_404' title='bbox 2610 711 2678 765; x_wconf 88' lang='lat' dir='ltr'><strong>ad</strong></span> <span class='ocrx_word' id='word_1_405' title='bbox 2710 710 2948 764; x_wconf 91' lang='lat' dir='ltr'><strong>nihilum</strong></span> <span class='ocrx_word' id='word_1_406' title='bbox 2982 709 3186 775; x_wconf 86' lang='lat' dir='ltr'><strong>valent,</strong></span> <span class='ocrx_word' id='word_1_407' title='bbox 3224 712 3332 767; x_wconf 85' lang='lat' dir='ltr'><strong>nisi</strong></span> <span class='ocrx_word' id='word_1_408' title='bbox 3378 713 3448 767; x_wconf 89' lang='lat' dir='ltr'><strong>ad</strong></span> 
     </span>
    </p>
   </div>
   <div class='ocr_carea' id='block_1_53' title="bbox 1871 802 3449 871">
    <p class='ocr_par' dir='ltr' id='par_1_53' title="bbox 1871 802 3449 871">
     <span class='ocr_line' id='line_1_53' title="bbox 1871 802 3449 871; baseline -0.001 -13"><span class='ocrx_word' id='word_1_409' title='bbox 1871 805 2290 859; x_wconf 89' lang='lat' dir='ltr'><strong>subversionem</strong></span> <span class='ocrx_word' id='word_1_410' title='bbox 2353 802 2697 857; x_wconf 88' lang='lat' dir='ltr'><strong>audientium</strong></span> <span class='ocrx_word' id='word_1_411' title='bbox 2735 803 2845 855; x_wconf 70' lang='lat'><strong>7°.»</strong></span> <span class='ocrx_word' id='word_1_412' title='bbox 2901 802 3037 856; x_wconf 88' lang='lat' dir='ltr'><strong>Nam</strong></span> <span class='ocrx_word' id='word_1_413' title='bbox 3096 816 3449 871; x_wconf 74' lang='lat' dir='ltr'><strong>supervacua:</strong></span> 
     </span>
    </p>
   </div>
   <div class='ocr_carea' id='block_1_54' title="bbox 1872 893 3448 966">
    <p class='ocr_par' dir='ltr' id='par_1_54' title="bbox 1872 893 3448 966">
     <span class='ocr_line' id='line_1_54' title="bbox 1872 893 3448 966; baseline -0.004 -16"><span class='ocrx_word' id='word_1_414' title='bbox 1872 897 1977 950; x_wconf 74' lang='lat' dir='ltr'><strong>illze</strong></span> <span class='ocrx_word' id='word_1_415' title='bbox 2005 896 2428 966; x_wconf 79' lang='lat' dir='ltr'><strong>disputationes,</strong></span> <span class='ocrx_word' id='word_1_416' title='bbox 2463 901 2519 948; x_wconf 92' lang='lat' dir='ltr'><strong>et</strong></span> <span class='ocrx_word' id='word_1_417' title='bbox 2567 894 2736 947; x_wconf 89' lang='lat' dir='ltr'><strong>nimia</strong></span> <span class='ocrx_word' id='word_1_418' title='bbox 2797 893 2942 947; x_wconf 89' lang='lat' dir='ltr'><strong>circa</strong></span> <span class='ocrx_word' id='word_1_419' title='bbox 2976 895 3312 962; x_wconf 84' lang='lat' dir='ltr'><strong>quaestiones</strong></span> <span class='ocrx_word' id='word_1_420' title='bbox 3341 895 3448 946; x_wconf 85' lang='lat' dir='ltr'><strong>mi-</strong></span> 
     </span>
    </p>
   </div>
   <div class='ocr_carea' id='block_1_55' title="bbox 1869 985 3451 1055">
    <p class='ocr_par' dir='ltr' id='par_1_55' title="bbox 1869 985 3451 1055">
     <span class='ocr_line' id='line_1_55' title="bbox 1869 985 3451 1055; baseline -0.002 -16"><span class='ocrx_word' id='word_1_421' title='bbox 1869 987 2016 1040; x_wconf 90' lang='lat' dir='ltr'><strong>nime</strong></span> <span class='ocrx_word' id='word_1_422' title='bbox 2034 986 2373 1041; x_wconf 85' lang='lat' dir='ltr'><strong>necessarias</strong></span> <span class='ocrx_word' id='word_1_423' title='bbox 2398 985 2700 1049; x_wconf 89' lang='lat' dir='ltr'><strong>contentio,</strong></span> <span class='ocrx_word' id='word_1_424' title='bbox 2729 992 3000 1055; x_wconf 78' lang='lat' dir='ltr'><strong>generant</strong></span> <span class='ocrx_word' id='word_1_425' title='bbox 3017 1000 3247 1053; x_wconf 81' lang='lat' dir='ltr'><strong>pugnas,</strong></span> <span class='ocrx_word' id='word_1_426' title='bbox 3273 994 3330 1039; x_wconf 90' lang='lat' dir='ltr'><strong>et</strong></span> <span class='ocrx_word' id='word_1_427' title='bbox 3355 1001 3451 1038; x_wconf 66' lang='lat' dir='ltr'><strong>auo</strong></span> 
     </span>
    </p>
   </div>
   <div class='ocr_carea' id='block_1_56' title="bbox 1869 1075 3450 1146">
    <p class='ocr_par' dir='ltr' id='par_1_56' title="bbox 1869 1075 3450 1146">
     <span class='ocr_line' id='line_1_56' title="bbox 1869 1075 3450 1146; baseline -0.002 -15"><span class='ocrx_word' id='word_1_428' title='bbox 1869 1078 2136 1132; x_wconf 84' lang='lat' dir='ltr'><strong>dientium</strong></span> <span class='ocrx_word' id='word_1_429' title='bbox 2171 1077 2384 1131; x_wconf 90' lang='lat' dir='ltr'><strong>animos</strong></span> <span class='ocrx_word' id='word_1_430' title='bbox 2434 1075 2678 1130; x_wconf 89' lang='lat' dir='ltr'><strong>feriunt:</strong></span> <span class='ocrx_word' id='word_1_431' title='bbox 2716 1091 2746 1130; x_wconf 94' lang='lat' dir='ltr'><strong>e</strong></span> <span class='ocrx_word' id='word_1_432' title='bbox 2781 1076 2986 1145; x_wconf 91' lang='lat' dir='ltr'><strong>quibus</strong></span> <span class='ocrx_word' id='word_1_433' title='bbox 3024 1076 3274 1130; x_wconf 88' lang='lat' dir='ltr'><strong>nonnulli</strong></span> <span class='ocrx_word' id='word_1_434' title='bbox 3326 1077 3450 1146; x_wconf 57' lang='lat' dir='ltr'><strong>qui.</strong></span> 
     </span>
    </p>
   </div>
   <div class='ocr_carea' id='block_1_57' title="bbox 1867 1165 3446 1235">
    <p class='ocr_par' dir='ltr' id='par_1_57' title="bbox 1867 1165 3446 1235">
     <span class='ocr_line' id='line_1_57' title="bbox 1867 1165 3446 1235; baseline -0.001 -13"><span class='ocrx_word' id='word_1_435' title='bbox 1867 1167 1990 1222; x_wconf 90' lang='lat' dir='ltr'><strong>dem</strong></span> <span class='ocrx_word' id='word_1_436' title='bbox 2023 1183 2090 1220; x_wconf 83' lang='lat' dir='ltr'><strong>ex</strong></span> <span class='ocrx_word' id='word_1_437' title='bbox 2119 1167 2360 1230; x_wconf 85' lang='lat' dir='ltr'><strong>levitate,</strong></span> <span class='ocrx_word' id='word_1_438' title='bbox 2406 1165 2551 1235; x_wconf 91' lang='lat' dir='ltr'><strong>quod</strong></span> <span class='ocrx_word' id='word_1_439' title='bbox 2597 1181 2779 1235; x_wconf 89' lang='lat' dir='ltr'><strong>neque</strong></span> <span class='ocrx_word' id='word_1_440' title='bbox 2839 1174 2987 1219; x_wconf 87' lang='lat' dir='ltr'><strong>recte</strong></span> <span class='ocrx_word' id='word_1_441' title='bbox 3047 1165 3234 1230; x_wconf 83' lang='lat' dir='ltr'><strong>habet,</strong></span> <span class='ocrx_word' id='word_1_442' title='bbox 3265 1182 3446 1232; x_wconf 88' lang='lat' dir='ltr'><strong>neque</strong></span> 
     </span>
    </p>
   </div>
   <div class='ocr_carea' id='block_1_58' title="bbox 1867 1244 3444 1325">
    <p class='ocr_par' dir='ltr' id='par_1_58' title="bbox 1867 1244 3444 1325">
     <span class='ocr_line' id='line_1_58' title="bbox 1867 1244 3444 1325; baseline -0.002 -11"><span class='ocrx_word' id='word_1_443' title='bbox 1867 1259 2076 1314; x_wconf 91' lang='lat' dir='ltr'><strong>dictum</strong></span> <span class='ocrx_word' id='word_1_444' title='bbox 2107 1268 2210 1322; x_wconf 91' lang='lat' dir='ltr'><strong>est,</strong></span> <span class='ocrx_word' id='word_1_445' title='bbox 2243 1244 2446 1312; x_wconf 81' lang='lat' dir='ltr'><strong>temere</strong></span> <span class='ocrx_word' id='word_1_446' title='bbox 2487 1266 2543 1311; x_wconf 89' lang='lat' dir='ltr'><strong>et</strong></span> <span class='ocrx_word' id='word_1_447' title='bbox 2595 1257 2793 1312; x_wconf 88' lang='lat' dir='ltr'><strong>inscite</strong></span> <span class='ocrx_word' id='word_1_448' title='bbox 2843 1271 3240 1325; x_wconf 90' lang='lat' dir='ltr'><strong>nonnunquam</strong></span> <span class='ocrx_word' id='word_1_449' title='bbox 3291 1259 3444 1311; x_wconf 56' lang='lat' dir='ltr'><strong>exci-</strong></span> 
     </span>
    </p>
   </div>
   <div class='ocr_carea' id='block_1_59' title="bbox 1865 1349 3445 1422">
    <p class='ocr_par' dir='ltr' id='par_1_59' title="bbox 1865 1349 3445 1422">
     <span class='ocr_line' id='line_1_59' title="bbox 1865 1349 3445 1422; baseline 0 -18"><span class='ocrx_word' id='word_1_450' title='bbox 1865 1353 2041 1422; x_wconf 86' lang='lat' dir='ltr'><strong>piunt,</strong></span> <span class='ocrx_word' id='word_1_451' title='bbox 2067 1358 2123 1405; x_wconf 89' lang='lat' dir='ltr'><strong>et</strong></span> <span class='ocrx_word' id='word_1_452' title='bbox 2150 1350 2405 1405; x_wconf 85' lang='lat' dir='ltr'><strong>laudibus</strong></span> <span class='ocrx_word' id='word_1_453' title='bbox 2441 1350 2676 1404; x_wconf 87' lang='lat' dir='ltr'><strong>tollunt:</strong></span> <span class='ocrx_word' id='word_1_454' title='bbox 2730 1349 2822 1403; x_wconf 89' lang='lat' dir='ltr'><strong>alii</strong></span> <span class='ocrx_word' id='word_1_455' title='bbox 2855 1365 3048 1404; x_wconf 85' lang='lat' dir='ltr'><strong>rursus</strong></span> <span class='ocrx_word' id='word_1_456' title='bbox 3101 1350 3169 1403; x_wconf 90' lang='lat' dir='ltr'><strong>de</strong></span> <span class='ocrx_word' id='word_1_457' title='bbox 3222 1351 3445 1419; x_wconf 81' lang='lat' dir='ltr'><strong>optimis</strong></span> 
     </span>
    </p>
   </div>
   <div class='ocr_carea' id='block_1_60' title="bbox 1865 1441 3440 1512">
    <p class='ocr_par' dir='ltr' id='par_1_60' title="bbox 1865 1441 3440 1512">
     <span class='ocr_line' id='line_1_60' title="bbox 1865 1441 3440 1512; baseline -0.001 -15"><span class='ocrx_word' id='word_1_458' title='bbox 1865 1443 2000 1497; x_wconf 90' lang='lat' dir='ltr'><strong>viris</strong></span> <span class='ocrx_word' id='word_1_459' title='bbox 2025 1450 2182 1512; x_wconf 87' lang='lat' dir='ltr'><strong>turpe</strong></span> <span class='ocrx_word' id='word_1_460' title='bbox 2217 1442 2486 1512; x_wconf 88' lang='lat' dir='ltr'><strong>judicium</strong></span> <span class='ocrx_word' id='word_1_461' title='bbox 2517 1442 2803 1508; x_wconf 81' lang='lat' dir='ltr'><strong>facientes,</strong></span> <span class='ocrx_word' id='word_1_462' title='bbox 2859 1441 3075 1505; x_wconf 88' lang='lat' dir='ltr'><strong>eadem,</strong></span> <span class='ocrx_word' id='word_1_463' title='bbox 3113 1458 3221 1512; x_wconf 88' lang='lat' dir='ltr'><strong>qua</strong></span> <span class='ocrx_word' id='word_1_464' title='bbox 3251 1444 3440 1512; x_wconf 86' lang='lat' dir='ltr'><strong>primi,</strong></span> 
     </span>
    </p>
   </div>
   <div class='ocr_carea' id='block_1_61' title="bbox 1867 1531 3440 1602">
    <p class='ocr_par' dir='ltr' id='par_1_61' title="bbox 1867 1531 3440 1602">
     <span class='ocr_line' id='line_1_61' title="bbox 1867 1531 3440 1602; baseline 0 -16"><span class='ocrx_word' id='word_1_465' title='bbox 1867 1532 2084 1586; x_wconf 88' lang='lat' dir='ltr'><strong>inscitia</strong></span> <span class='ocrx_word' id='word_1_466' title='bbox 2150 1531 2406 1586; x_wconf 84' lang='lat' dir='ltr'><strong>laborare</strong></span> <span class='ocrx_word' id='word_1_467' title='bbox 2444 1531 2982 1602; x_wconf 90' lang='lat' dir='ltr'><strong>deprehenduntur:</strong></span> <span class='ocrx_word' id='word_1_468' title='bbox 3036 1533 3195 1602; x_wconf 87' lang='lat' dir='ltr'><strong>pauci</strong></span> <span class='ocrx_word' id='word_1_469' title='bbox 3255 1543 3440 1587; x_wconf 87' lang='lat' dir='ltr'><strong>autem</strong></span> 
     </span>
    </p>
   </div>
   <div class='ocr_carea' id='block_1_62' title="bbox 1865 1622 3441 1694">
    <p class='ocr_par' dir='ltr' id='par_1_62' title="bbox 1865 1622 3441 1694">
     <span class='ocr_line' id='line_1_62' title="bbox 1865 1622 3441 1694; baseline 0.001 -17"><span class='ocrx_word' id='word_1_470' title='bbox 1865 1623 2157 1677; x_wconf 88' lang='lat' dir='ltr'><strong>admodum</strong></span> <span class='ocrx_word' id='word_1_471' title='bbox 2183 1622 2451 1694; x_wconf 89' lang='lat' dir='ltr'><strong>judicare,</strong></span> <span class='ocrx_word' id='word_1_472' title='bbox 2481 1632 2537 1677; x_wconf 92' lang='lat' dir='ltr'><strong>et</strong></span> <span class='ocrx_word' id='word_1_473' title='bbox 2568 1623 2735 1678; x_wconf 84' lang='lat' dir='ltr'><strong>rebus</strong></span> <span class='ocrx_word' id='word_1_474' title='bbox 2766 1623 2946 1678; x_wconf 75' lang='lat' dir='ltr'><strong>noxiis</strong></span> <span class='ocrx_word' id='word_1_475' title='bbox 2993 1624 3147 1678; x_wconf 89' lang='lat' dir='ltr'><strong>utilia</strong></span> <span class='ocrx_word' id='word_1_476' title='bbox 3182 1624 3441 1693; x_wconf 67' lang='lat' dir='ltr'><strong>praaferre</strong></span> 
     </span>
    </p>
   </div>
   <div class='ocr_carea' id='block_1_63' title="bbox 1865 1716 3440 1784">
    <p class='ocr_par' dir='ltr' id='par_1_63' title="bbox 1865 1716 3440 1784">
     <span class='ocr_line' id='line_1_63' title="bbox 1865 1716 3440 1784; baseline 0.001 -14"><span class='ocrx_word' id='word_1_477' title='bbox 1865 1717 2083 1779; x_wconf 78' lang='lat' dir='ltr'><strong>sciunt,</strong></span> <span class='ocrx_word' id='word_1_478' title='bbox 2141 1717 2343 1784; x_wconf 82' lang='lat' dir='ltr'><strong>vixque</strong></span> <span class='ocrx_word' id='word_1_479' title='bbox 2372 1716 2408 1769; x_wconf 92' lang='lat' dir='ltr'><strong>ii</strong></span> <span class='ocrx_word' id='word_1_480' title='bbox 2460 1716 2728 1770; x_wconf 85' lang='lat' dir='ltr'><strong>duntaxat</strong></span> <span class='ocrx_word' id='word_1_481' title='bbox 2775 1716 2832 1770; x_wconf 88' lang='lat' dir='ltr'><strong>in</strong></span> <span class='ocrx_word' id='word_1_482' title='bbox 2887 1717 3119 1771; x_wconf 89' lang='lat' dir='ltr'><strong>aliorum</strong></span> <span class='ocrx_word' id='word_1_483' title='bbox 3153 1717 3440 1772; x_wconf 88' lang='lat' dir='ltr'><strong>hominum</strong></span> 
     </span>
    </p>
   </div>
   <div class='ocr_carea' id='block_1_64' title="bbox 1865 1805 3435 1874">
    <p class='ocr_par' dir='ltr' id='par_1_64' title="bbox 1865 1805 3435 1874">
     <span class='ocr_line' id='line_1_64' title="bbox 1865 1805 3435 1874; baseline 0.001 -14"><span class='ocrx_word' id='word_1_484' title='bbox 1865 1807 2160 1860; x_wconf 82' lang='lat' dir='ltr'><strong>verborum</strong></span> <span class='ocrx_word' id='word_1_485' title='bbox 2207 1805 2404 1874; x_wconf 79' lang='lat' dir='ltr'><strong>pugnis</strong></span> <span class='ocrx_word' id='word_1_486' title='bbox 2443 1805 2851 1861; x_wconf 89' lang='lat' dir='ltr'><strong>invulneratum</strong></span> <span class='ocrx_word' id='word_1_487' title='bbox 2899 1808 3145 1861; x_wconf 90' lang='lat' dir='ltr'><strong>animum</strong></span> <span class='ocrx_word' id='word_1_488' title='bbox 3194 1817 3435 1863; x_wconf 86' lang='lat' dir='ltr'><strong>servant.</strong></span> 
     </span>
    </p>
   </div>
   <div class='ocr_carea' id='block_1_65' title="bbox 1866 1896 3441 1968">
    <p class='ocr_par' dir='ltr' id='par_1_65' title="bbox 1866 1896 3441 1968">
     <span class='ocr_line' id='line_1_65' title="bbox 1866 1896 3441 1968; baseline 0.001 -16"><span class='ocrx_word' id='word_1_489' title='bbox 1866 1899 2054 1968; x_wconf 86' lang='lat' dir='ltr'><strong>Itaque</strong></span> <span class='ocrx_word' id='word_1_490' title='bbox 2093 1897 2147 1951; x_wconf 92' lang='lat' dir='ltr'><strong>id</strong></span> <span class='ocrx_word' id='word_1_491' title='bbox 2174 1896 2508 1951; x_wconf 83' lang='lat' dir='ltr'><strong>facientibus</strong></span> <span class='ocrx_word' id='word_1_492' title='bbox 2544 1912 2655 1951; x_wconf 88' lang='lat' dir='ltr'><strong>non</strong></span> <span class='ocrx_word' id='word_1_493' title='bbox 2695 1898 3029 1967; x_wconf 85' lang='lat' dir='ltr'><strong>impunitum</strong></span> <span class='ocrx_word' id='word_1_494' title='bbox 3064 1900 3182 1954; x_wconf 88' lang='lat' dir='ltr'><strong>fore</strong></span> <span class='ocrx_word' id='word_1_495' title='bbox 3232 1900 3441 1954; x_wconf 85' lang='lat' dir='ltr'><strong>indicat</strong></span> 
     </span>
    </p>
   </div>
   <div class='ocr_carea' id='block_1_66' title="bbox 1866 1987 3440 2060">
    <p class='ocr_par' dir='ltr' id='par_1_66' title="bbox 1866 1987 3440 2060">
     <span class='ocr_line' id='line_1_66' title="bbox 1866 1987 3440 2060; baseline 0.001 -18"><span class='ocrx_word' id='word_1_496' title='bbox 1866 2004 2084 2042; x_wconf 89' lang='lat' dir='ltr'><strong>rursum</strong></span> <span class='ocrx_word' id='word_1_497' title='bbox 2115 1988 2222 2051; x_wconf 77' lang='lat' dir='ltr'><strong>lex,</strong></span> <span class='ocrx_word' id='word_1_498' title='bbox 2254 2002 2379 2041; x_wconf 90' lang='lat' dir='ltr'><strong>cum</strong></span> <span class='ocrx_word' id='word_1_499' title='bbox 2405 1987 2573 2041; x_wconf 88' lang='lat' dir='ltr'><strong>dicit:</strong></span> <span class='ocrx_word' id='word_1_500' title='bbox 2621 2006 2638 2038; x_wconf 82' lang='grc' dir='ltr'><strong>ι</strong></span> <span class='ocrx_word' id='word_1_501' title='bbox 2667 1987 2723 2042; x_wconf 88' lang='lat' dir='ltr'><strong>Si</strong></span> <span class='ocrx_word' id='word_1_502' title='bbox 2749 2004 2882 2042; x_wconf 91' lang='lat' dir='ltr'><strong>vero</strong></span> <span class='ocrx_word' id='word_1_503' title='bbox 2921 1989 3031 2043; x_wconf 91' lang='lat' dir='ltr'><strong>duo</strong></span> <span class='ocrx_word' id='word_1_504' title='bbox 3063 1991 3166 2043; x_wconf 88' lang='lat' dir='ltr'><strong>viri</strong></span> <span class='ocrx_word' id='word_1_505' title='bbox 3193 2007 3440 2060; x_wconf 83' lang='lat' dir='ltr'><strong>pugnan-</strong></span> 
     </span>
    </p>
   </div>
   <div class='ocr_carea' id='block_1_67' title="bbox 1867 2078 3435 2150">
    <p class='ocr_par' dir='ltr' id='par_1_67' title="bbox 1867 2078 3435 2150">
     <span class='ocr_line' id='line_1_67' title="bbox 1867 2078 3435 2150; baseline 0 -16"><span class='ocrx_word' id='word_1_506' title='bbox 1867 2089 1950 2135; x_wconf 80' lang='lat' dir='ltr'><strong>tes</strong></span> <span class='ocrx_word' id='word_1_507' title='bbox 2002 2078 2376 2150; x_wconf 83' lang='lat' dir='ltr'><strong>percusserint</strong></span> <span class='ocrx_word' id='word_1_508' title='bbox 2430 2079 2720 2134; x_wconf 90' lang='lat' dir='ltr'><strong>mulierem</strong></span> <span class='ocrx_word' id='word_1_509' title='bbox 2779 2081 2833 2134; x_wconf 89' lang='lat' dir='ltr'><strong>in</strong></span> <span class='ocrx_word' id='word_1_510' title='bbox 2905 2087 3065 2135; x_wconf 89' lang='lat' dir='ltr'><strong>utero</strong></span> <span class='ocrx_word' id='word_1_511' title='bbox 3118 2081 3435 2142; x_wconf 85' lang='lat' dir='ltr'><strong>habentem.</strong></span> 
     </span>
    </p>
   </div>
   <div class='ocr_carea' id='block_1_68' title="bbox 1865 2170 3433 2242">
    <p class='ocr_par' dir='ltr' id='par_1_68' title="bbox 1865 2170 3433 2242">
     <span class='ocr_line' id='line_1_68' title="bbox 1865 2170 3433 2242; baseline -0.001 -16"><span class='ocrx_word' id='word_1_512' title='bbox 1865 2172 2029 2242; x_wconf 75' lang='lat'><strong>260</strong></span> <span class='ocrx_word' id='word_1_513' title='bbox 2082 2179 2137 2226; x_wconf 90' lang='lat' dir='ltr'><strong>et</strong></span> <span class='ocrx_word' id='word_1_514' title='bbox 2181 2171 2380 2228; x_wconf 83' lang='lat' dir='ltr'><strong>exierit</strong></span> <span class='ocrx_word' id='word_1_515' title='bbox 2432 2172 2610 2226; x_wconf 82' lang='lat' dir='ltr'><strong>infans</strong></span> <span class='ocrx_word' id='word_1_516' title='bbox 2644 2174 2783 2242; x_wconf 87' lang='lat' dir='ltr'><strong>ejus,</strong></span> <span class='ocrx_word' id='word_1_517' title='bbox 2843 2170 3088 2224; x_wconf 90' lang='lat' dir='ltr'><strong>nondum</strong></span> <span class='ocrx_word' id='word_1_518' title='bbox 3147 2170 3433 2236; x_wconf 87' lang='lat' dir='ltr'><strong>formatus,</strong></span> 
     </span>
    </p>
   </div>
   <div class='ocr_carea' id='block_1_69' title="bbox 1864 2263 3438 2334">
    <p class='ocr_par' dir='ltr' id='par_1_69' title="bbox 1864 2263 3438 2334">
     <span class='ocr_line' id='line_1_69' title="bbox 1864 2263 3438 2334; baseline -0.001 -16"><span class='ocrx_word' id='word_1_519' title='bbox 1864 2267 2034 2319; x_wconf 88' lang='lat' dir='ltr'><strong>multa</strong></span> <span class='ocrx_word' id='word_1_520' title='bbox 2061 2265 2402 2331; x_wconf 89' lang='lat' dir='ltr'><strong>multabitur,</strong></span> <span class='ocrx_word' id='word_1_521' title='bbox 2450 2273 2715 2334; x_wconf 91' lang='lat' dir='ltr'><strong>quantum</strong></span> <span class='ocrx_word' id='word_1_522' title='bbox 2763 2263 3023 2317; x_wconf 86' lang='lat' dir='ltr'><strong>indixerit</strong></span> <span class='ocrx_word' id='word_1_523' title='bbox 3070 2263 3153 2317; x_wconf 85' lang='lat' dir='ltr'><strong>vir</strong></span> <span class='ocrx_word' id='word_1_524' title='bbox 3190 2263 3438 2316; x_wconf 88' lang='lat' dir='ltr'><strong>mulieris</strong></span> 
     </span>
    </p>
   </div>
   <div class='ocr_carea' id='block_1_70' title="bbox 1858 2343 3434 2424">
    <p class='ocr_par' dir='ltr' id='par_1_70' title="bbox 1858 2343 3434 2424">
     <span class='ocr_line' id='line_1_70' title="bbox 1858 2343 3434 2424; baseline -0.001 -15"><span class='ocrx_word' id='word_1_525' title='bbox 1858 2343 2031 2422; x_wconf 80' lang='lat' dir='ltr'><strong>illius,</strong></span> <span class='ocrx_word' id='word_1_526' title='bbox 2059 2355 2284 2411; x_wconf 89' lang='lat' dir='ltr'><strong>etdabit</strong></span> <span class='ocrx_word' id='word_1_527' title='bbox 2315 2371 2439 2410; x_wconf 88' lang='lat' dir='ltr'><strong>cum</strong></span> <span class='ocrx_word' id='word_1_528' title='bbox 2463 2355 2868 2424; x_wconf 91' lang='lat' dir='ltr'><strong>postulatione;</strong></span> <span class='ocrx_word' id='word_1_529' title='bbox 2903 2356 2988 2410; x_wconf 92' lang='lat' dir='ltr'><strong>sin</strong></span> <span class='ocrx_word' id='word_1_530' title='bbox 3010 2355 3278 2410; x_wconf 88' lang='lat' dir='ltr'><strong>formatus</strong></span> <span class='ocrx_word' id='word_1_531' title='bbox 3313 2355 3434 2408; x_wconf 89' lang='lat' dir='ltr'><strong>fue-</strong></span> 
     </span>
    </p>
   </div>
   <div class='ocr_carea' id='block_1_71' title="bbox 1863 2446 3435 2518">
    <p class='ocr_par' dir='ltr' id='par_1_71' title="bbox 1863 2446 3435 2518">
     <span class='ocr_line' id='line_1_71' title="bbox 1863 2446 3435 2518; baseline -0.001 -17"><span class='ocrx_word' id='word_1_532' title='bbox 1863 2450 1954 2514; x_wconf 91' lang='lat' dir='ltr'><strong>rit,</strong></span> <span class='ocrx_word' id='word_1_533' title='bbox 1978 2449 2131 2503; x_wconf 89' lang='lat' dir='ltr'><strong>dabit</strong></span> <span class='ocrx_word' id='word_1_534' title='bbox 2175 2449 2413 2502; x_wconf 88' lang='lat' dir='ltr'><strong>animam</strong></span> <span class='ocrx_word' id='word_1_535' title='bbox 2472 2463 2574 2518; x_wconf 90' lang='lat' dir='ltr'><strong>pro</strong></span> <span class='ocrx_word' id='word_1_536' title='bbox 2610 2449 2792 2502; x_wconf 89' lang='lat' dir='ltr'><strong>anima</strong></span> <span class='ocrx_word' id='word_1_537' title='bbox 2839 2449 2903 2501; x_wconf 61' lang='lat'><strong>3°.</strong></span> <span class='ocrx_word' id='word_1_538' title='bbox 2936 2467 2952 2498; x_wconf 76' lang='grc' dir='ltr'><strong>ι</strong></span> <span class='ocrx_word' id='word_1_539' title='bbox 3004 2447 3210 2501; x_wconf 87' lang='lat' dir='ltr'><strong>Ferunt</strong></span> <span class='ocrx_word' id='word_1_540' title='bbox 3269 2446 3435 2517; x_wconf 82' lang='lat' dir='ltr'><strong>igitur</strong></span> 
     </span>
    </p>
   </div>
   <div class='ocr_carea' id='block_1_72' title="bbox 1863 2540 3433 2608">
    <p class='ocr_par' dir='ltr' id='par_1_72' title="bbox 1863 2540 3433 2608">
     <span class='ocr_line' id='line_1_72' title="bbox 1863 2540 3433 2608; baseline -0.001 -13"><span class='ocrx_word' id='word_1_541' title='bbox 1863 2540 2034 2596; x_wconf 90' lang='lat' dir='ltr'><strong>fetum</strong></span> <span class='ocrx_word' id='word_1_542' title='bbox 2064 2543 2118 2595; x_wconf 93' lang='lat' dir='ltr'><strong>in</strong></span> <span class='ocrx_word' id='word_1_543' title='bbox 2153 2551 2314 2596; x_wconf 90' lang='lat' dir='ltr'><strong>utero</strong></span> <span class='ocrx_word' id='word_1_544' title='bbox 2331 2542 2421 2596; x_wconf 82' lang='lat' dir='ltr'><strong>vix</strong></span> <span class='ocrx_word' id='word_1_545' title='bbox 2453 2541 2674 2596; x_wconf 89' lang='lat' dir='ltr'><strong>tandem</strong></span> <span class='ocrx_word' id='word_1_546' title='bbox 2731 2540 2799 2594; x_wconf 87' lang='lat' dir='ltr'><strong>ad</strong></span> <span class='ocrx_word' id='word_1_547' title='bbox 2859 2541 3158 2593; x_wconf 88' lang='lat' dir='ltr'><strong>humanam</strong></span> <span class='ocrx_word' id='word_1_548' title='bbox 3195 2540 3433 2608; x_wconf 91' lang='lat' dir='ltr'><strong>speciem</strong></span> 
     </span>
    </p>
   </div>
   <div class='ocr_carea' id='block_1_73' title="bbox 1862 2629 3427 2702">
    <p class='ocr_par' dir='ltr' id='par_1_73' title="bbox 1862 2629 3427 2702">
     <span class='ocr_line' id='line_1_73' title="bbox 1862 2629 3427 2702; baseline -0.004 -14"><span class='ocrx_word' id='word_1_549' title='bbox 1862 2632 2100 2688; x_wconf 89' lang='lat' dir='ltr'><strong>eﬁictum</strong></span> <span class='ocrx_word' id='word_1_550' title='bbox 2134 2635 2330 2699; x_wconf 88' lang='lat' dir='ltr'><strong>videri,</strong></span> <span class='ocrx_word' id='word_1_551' title='bbox 2365 2642 2422 2688; x_wconf 91' lang='lat' dir='ltr'><strong>et</strong></span> <span class='ocrx_word' id='word_1_552' title='bbox 2453 2633 2521 2687; x_wconf 91' lang='lat' dir='ltr'><strong>ad</strong></span> <span class='ocrx_word' id='word_1_553' title='bbox 2567 2631 2794 2702; x_wconf 83' lang='lat' dir='ltr'><strong>ﬁguram</strong></span> <span class='ocrx_word' id='word_1_554' title='bbox 2837 2630 3010 2684; x_wconf 86' lang='lat' dir='ltr'><strong>nostri</strong></span> <span class='ocrx_word' id='word_1_555' title='bbox 3051 2629 3304 2698; x_wconf 90' lang='lat' dir='ltr'><strong>corporis</strong></span> <span class='ocrx_word' id='word_1_556' title='bbox 3332 2644 3427 2682; x_wconf 87' lang='lat' dir='ltr'><strong>ac-</strong></span> 
     </span>
    </p>
   </div>
   <div class='ocr_carea' id='block_1_74' title="bbox 1862 2717 3433 2793">
    <p class='ocr_par' dir='ltr' id='par_1_74' title="bbox 1862 2717 3433 2793">
     <span class='ocr_line' id='line_1_74' title="bbox 1862 2717 3433 2793; baseline -0.007 -13"><span class='ocrx_word' id='word_1_557' title='bbox 1862 2725 2078 2788; x_wconf 89' lang='lat' dir='ltr'><strong>cedere,</strong></span> <span class='ocrx_word' id='word_1_558' title='bbox 2100 2739 2334 2778; x_wconf 89' lang='lat' dir='ltr'><strong>numero</strong></span> <span class='ocrx_word' id='word_1_559' title='bbox 2367 2723 2726 2793; x_wconf 83' lang='lat' dir='ltr'><strong>quadraginta</strong></span> <span class='ocrx_word' id='word_1_560' title='bbox 2755 2720 2970 2774; x_wconf 90' lang='lat' dir='ltr'><strong>dierum</strong></span> <span class='ocrx_word' id='word_1_561' title='bbox 3008 2717 3224 2787; x_wconf 80' lang='lat' dir='ltr'><strong>expleto</strong></span> <span class='ocrx_word' id='word_1_562' title='bbox 3282 2717 3433 2771; x_wconf 87' lang='lat' dir='ltr'><strong>ideo-</strong></span> 
     </span>
    </p>
   </div>
   <div class='ocr_carea' id='block_1_75' title="bbox 1861 2807 3436 2885">
    <p class='ocr_par' dir='ltr' id='par_1_75' title="bbox 1861 2807 3436 2885">
     <span class='ocr_line' id='line_1_75' title="bbox 1861 2807 3436 2885; baseline -0.004 -17"><span class='ocrx_word' id='word_1_563' title='bbox 1861 2829 1968 2884; x_wconf 85' lang='lat' dir='ltr'><strong>que</strong></span> <span class='ocrx_word' id='word_1_564' title='bbox 2007 2815 2161 2868; x_wconf 89' lang='lat' dir='ltr'><strong>aiunt</strong></span> <span class='ocrx_word' id='word_1_565' title='bbox 2201 2813 2649 2885; x_wconf 72' lang='lat' dir='ltr'><strong>llonsen,,virum</strong></span> <span class='ocrx_word' id='word_1_566' title='bbox 2702 2811 2992 2880; x_wconf 88' lang='lat' dir='ltr'><strong>optimum,</strong></span> <span class='ocrx_word' id='word_1_567' title='bbox 3046 2825 3170 2864; x_wconf 91' lang='lat' dir='ltr'><strong>cum</strong></span> <span class='ocrx_word' id='word_1_568' title='bbox 3224 2807 3436 2862; x_wconf 86' lang='lat' dir='ltr'><strong>Israelis</strong></span> 
     </span>
    </p>
   </div>
   <div class='ocr_carea' id='block_1_76' title="bbox 1863 2893 3433 2972">
    <p class='ocr_par' dir='ltr' id='par_1_76' title="bbox 1863 2893 3433 2972">
     <span class='ocr_line' id='line_1_76' title="bbox 1863 2893 3433 2972; baseline -0.007 -16"><span class='ocrx_word' id='word_1_569' title='bbox 1863 2903 2126 2972; x_wconf 90' lang='lat' dir='ltr'><strong>populum</strong></span> <span class='ocrx_word' id='word_1_570' title='bbox 2153 2919 2219 2956; x_wconf 78' lang='lat' dir='ltr'><strong>ex</strong></span> <span class='ocrx_word' id='word_1_571' title='bbox 2257 2902 2348 2955; x_wconf 92' lang='lat' dir='ltr'><strong>illo</strong></span> <span class='ocrx_word' id='word_1_572' title='bbox 2369 2900 2586 2970; x_wconf 65' lang='lat' dir='ltr'><strong>Egypti</strong></span> <span class='ocrx_word' id='word_1_573' title='bbox 2617 2914 2806 2954; x_wconf 89' lang='lat' dir='ltr'><strong>errore</strong></span> <span class='ocrx_word' id='word_1_574' title='bbox 2834 2896 2901 2951; x_wconf 89' lang='lat' dir='ltr'><strong>ad</strong></span> <span class='ocrx_word' id='word_1_575' title='bbox 2931 2897 3098 2950; x_wconf 87' lang='lat' dir='ltr'><strong>vitam</strong></span> <span class='ocrx_word' id='word_1_576' title='bbox 3130 2893 3433 2949; x_wconf 86' lang='lat' dir='ltr'><strong>secundum</strong></span> 
     </span>
    </p>
   </div>
   <div class='ocr_carea' id='block_1_77' title="bbox 1861 2986 3435 3064">
    <p class='ocr_par' dir='ltr' id='par_1_77' title="bbox 1861 2986 3435 3064">
     <span class='ocr_line' id='line_1_77' title="bbox 1861 2986 3435 3064; baseline -0.008 -15"><span class='ocrx_word' id='word_1_577' title='bbox 1861 2995 2034 3064; x_wconf 84' lang='lat' dir='ltr'><strong>legem</strong></span> <span class='ocrx_word' id='word_1_578' title='bbox 2061 2993 2369 3048; x_wconf 87' lang='lat' dir='ltr'><strong>ducendam</strong></span> <span class='ocrx_word' id='word_1_579' title='bbox 2427 2993 2628 3046; x_wconf 90' lang='lat' dir='ltr'><strong>iterum</strong></span> <span class='ocrx_word' id='word_1_580' title='bbox 2687 2986 3090 3060; x_wconf 89' lang='lat' dir='ltr'><strong>quodammodo</strong></span> <span class='ocrx_word' id='word_1_581' title='bbox 3136 2986 3435 3055; x_wconf 87' lang='lat' dir='ltr'><strong>parturiret</strong></span> 
     </span>
    </p>
   </div>
   <div class='ocr_carea' id='block_1_78' title="bbox 1859 3077 3432 3152">
    <p class='ocr_par' dir='ltr' id='par_1_78' title="bbox 1859 3077 3432 3152">
     <span class='ocr_line' id='line_1_78' title="bbox 1859 3077 3432 3152; baseline -0.009 -9"><span class='ocrx_word' id='word_1_582' title='bbox 1859 3104 1923 3143; x_wconf 89' lang='lat' dir='ltr'><strong>ac</strong></span> <span class='ocrx_word' id='word_1_583' title='bbox 1954 3088 2298 3150; x_wconf 86' lang='lat' dir='ltr'><strong>reformaret,</strong></span> <span class='ocrx_word' id='word_1_584' title='bbox 2335 3086 2462 3140; x_wconf 91' lang='lat' dir='ltr'><strong>cibo</strong></span> <span class='ocrx_word' id='word_1_585' title='bbox 2491 3091 2548 3138; x_wconf 90' lang='lat' dir='ltr'><strong>et</strong></span> <span class='ocrx_word' id='word_1_586' title='bbox 2596 3091 2730 3152; x_wconf 87' lang='lat' dir='ltr'><strong>potu</strong></span> <span class='ocrx_word' id='word_1_587' title='bbox 2774 3079 3108 3135; x_wconf 87' lang='lat' dir='ltr'><strong>abstinuisse</strong></span> <span class='ocrx_word' id='word_1_588' title='bbox 3139 3095 3150 3130; x_wconf 90' lang='lat'><strong>:</strong></span> <span class='ocrx_word' id='word_1_589' title='bbox 3187 3097 3203 3127; x_wconf 77' lang='grc' dir='ltr'><strong>ι</strong></span> <span class='ocrx_word' id='word_1_590' title='bbox 3228 3077 3432 3131; x_wconf 87' lang='lat' dir='ltr'><strong>Panem</strong></span> 
     </span>
    </p>
   </div>
   <div class='ocr_carea' id='block_1_79' title="bbox 1857 3168 3432 3248">
    <p class='ocr_par' dir='ltr' id='par_1_79' title="bbox 1857 3168 3432 3248">
     <span class='ocr_line' id='line_1_79' title="bbox 1857 3168 3432 3248; baseline -0.009 -12"><span class='ocrx_word' id='word_1_591' title='bbox 1857 3181 2026 3242; x_wconf 88' lang='lat' dir='ltr'><strong>enim,</strong></span> <span class='ocrx_word' id='word_1_592' title='bbox 2053 3179 2248 3248; x_wconf 89' lang='lat' dir='ltr'><strong>inquit,</strong></span> <span class='ocrx_word' id='word_1_593' title='bbox 2283 3192 2395 3231; x_wconf 90' lang='lat' dir='ltr'><strong>non</strong></span> <span class='ocrx_word' id='word_1_594' title='bbox 2421 3175 2656 3238; x_wconf 87' lang='lat' dir='ltr'><strong>comedi,</strong></span> <span class='ocrx_word' id='word_1_595' title='bbox 2679 3181 2734 3227; x_wconf 90' lang='lat' dir='ltr'><strong>et</strong></span> <span class='ocrx_word' id='word_1_596' title='bbox 2760 3186 2958 3240; x_wconf 91' lang='lat' dir='ltr'><strong>aquam</strong></span> <span class='ocrx_word' id='word_1_597' title='bbox 2999 3185 3109 3223; x_wconf 91' lang='lat' dir='ltr'><strong>non</strong></span> <span class='ocrx_word' id='word_1_598' title='bbox 3156 3168 3273 3222; x_wconf 86' lang='lat' dir='ltr'><strong>bibi</strong></span> <span class='ocrx_word' id='word_1_599' title='bbox 3299 3184 3432 3237; x_wconf 88' lang='lat' dir='ltr'><strong>qua—</strong></span> 
     </span>
    </p>
   </div>
   <div class='ocr_carea' id='block_1_80' title="bbox 1857 3267 3434 3343">
    <p class='ocr_par' dir='ltr' id='par_1_80' title="bbox 1857 3267 3434 3343">
     <span class='ocr_line' id='line_1_80' title="bbox 1857 3267 3434 3343; baseline -0.01 -15"><span class='ocrx_word' id='word_1_600' title='bbox 1857 3273 2109 3343; x_wconf 85' lang='lat' dir='ltr'><strong>draginta</strong></span> <span class='ocrx_word' id='word_1_601' title='bbox 2165 3271 2362 3325; x_wconf 86' lang='lat' dir='ltr'><strong>diebus</strong></span> <span class='ocrx_word' id='word_1_602' title='bbox 2405 3270 2470 3321; x_wconf 83' lang='grc'><strong>⁸¹.</strong></span> <span class='ocrx_word' id='word_1_603' title='bbox 2510 3287 2528 3317; x_wconf 73' lang='grc' dir='ltr'><strong>ι</strong></span> <span class='ocrx_word' id='word_1_604' title='bbox 2593 3267 2742 3321; x_wconf 88' lang='lat' dir='ltr'><strong>Idem</strong></span> <span class='ocrx_word' id='word_1_605' title='bbox 2785 3277 3003 3333; x_wconf 90' lang='lat' dir='ltr'><strong>quoque</strong></span> <span class='ocrx_word' id='word_1_606' title='bbox 3054 3269 3278 3331; x_wconf 84' lang='lat' dir='ltr'><strong>pr0pter</strong></span> <span class='ocrx_word' id='word_1_607' title='bbox 3332 3276 3434 3314; x_wconf 90' lang='lat' dir='ltr'><strong>nos</strong></span> 
     </span>
    </p>
   </div>
   <div class='ocr_carea' id='block_1_81' title="bbox 1858 3351 3431 3435">
    <p class='ocr_par' dir='ltr' id='par_1_81' title="bbox 1858 3351 3431 3435">
     <span class='ocr_line' id='line_1_81' title="bbox 1858 3351 3431 3435; baseline -0.009 -17"><span class='ocrx_word' id='word_1_608' title='bbox 1858 3365 2005 3435; x_wconf 91' lang='lat' dir='ltr'><strong>ipsos</strong></span> <span class='ocrx_word' id='word_1_609' title='bbox 2054 3360 2477 3418; x_wconf 82' lang='lat' dir='ltr'><strong>existimandum</strong></span> <span class='ocrx_word' id='word_1_610' title='bbox 2534 3367 2619 3413; x_wconf 91' lang='lat' dir='ltr'><strong>est</strong></span> <span class='ocrx_word' id='word_1_611' title='bbox 2673 3367 2728 3412; x_wconf 88' lang='lat' dir='ltr'><strong>et</strong></span> <span class='ocrx_word' id='word_1_612' title='bbox 2776 3355 2992 3418; x_wconf 86' lang='lat' dir='ltr'><strong>fecisse,</strong></span> <span class='ocrx_word' id='word_1_613' title='bbox 3021 3363 3079 3408; x_wconf 88' lang='lat' dir='ltr'><strong>et</strong></span> <span class='ocrx_word' id='word_1_614' title='bbox 3137 3351 3431 3421; x_wconf 85' lang='lat' dir='ltr'><strong>pertulisse</strong></span> 
     </span>
    </p>
   </div>
   <div class='ocr_carea' id='block_1_82' title="bbox 1855 3439 3431 3509">
    <p class='ocr_par' dir='ltr' id='par_1_82' title="bbox 1855 3439 3431 3509">
     <span class='ocr_line' id='line_1_82' title="bbox 1855 3439 3431 3509; baseline -0.01 -1"><span class='ocrx_word' id='word_1_615' title='bbox 1855 3453 2169 3509; x_wconf 87' lang='lat' dir='ltr'><strong>Christum:</strong></span> <span class='ocrx_word' id='word_1_616' title='bbox 2196 3447 2600 3503; x_wconf 88' lang='lat' dir='ltr'><strong>reformabatur</strong></span> <span class='ocrx_word' id='word_1_617' title='bbox 2624 3445 2772 3500; x_wconf 91' lang='lat' dir='ltr'><strong>enim</strong></span> <span class='ocrx_word' id='word_1_618' title='bbox 2804 3446 2861 3497; x_wconf 89' lang='lat' dir='ltr'><strong>in</strong></span> <span class='ocrx_word' id='word_1_619' title='bbox 2895 3458 2961 3497; x_wconf 92' lang='lat' dir='ltr'><strong>eo</strong></span> <span class='ocrx_word' id='word_1_620' title='bbox 3010 3441 3078 3495; x_wconf 88' lang='lat' dir='ltr'><strong>ad</strong></span> <span class='ocrx_word' id='word_1_621' title='bbox 3117 3439 3431 3495; x_wconf 84' lang='lat' dir='ltr'><strong>sanctifica-</strong></span> 
     </span>
    </p>
   </div>
   <div class='ocr_carea' id='block_1_83' title="bbox 1857 3531 3432 3613">
    <p class='ocr_par' dir='ltr' id='par_1_83' title="bbox 1857 3531 3432 3613">
     <span class='ocr_line' id='line_1_83' title="bbox 1857 3531 3432 3613; baseline -0.009 -14"><span class='ocrx_word' id='word_1_622' title='bbox 1857 3545 2062 3600; x_wconf 90' lang='lat' dir='ltr'><strong>tionem</strong></span> <span class='ocrx_word' id='word_1_623' title='bbox 2094 3559 2192 3613; x_wconf 89' lang='lat' dir='ltr'><strong>per</strong></span> <span class='ocrx_word' id='word_1_624' title='bbox 2210 3539 2625 3610; x_wconf 89' lang='lat' dir='ltr'><strong>temperantiam</strong></span> <span class='ocrx_word' id='word_1_625' title='bbox 2684 3544 2871 3590; x_wconf 88' lang='lat' dir='ltr'><strong>nostra</strong></span> <span class='ocrx_word' id='word_1_626' title='bbox 2929 3543 3146 3596; x_wconf 89' lang='lat' dir='ltr'><strong>natura,</strong></span> <span class='ocrx_word' id='word_1_627' title='bbox 3191 3547 3313 3601; x_wconf 72' lang='lat' dir='ltr'><strong>qua:</strong></span> <span class='ocrx_word' id='word_1_628' title='bbox 3360 3531 3432 3585; x_wconf 88' lang='lat' dir='ltr'><strong>ab</strong></span> 
     </span>
    </p>
   </div>
   <div class='ocr_carea' id='block_1_84' title="bbox 1857 3622 3428 3697">
    <p class='ocr_par' dir='ltr' id='par_1_84' title="bbox 1857 3622 3428 3697">
     <span class='ocr_line' id='line_1_84' title="bbox 1857 3622 3428 3697; baseline -0.006 -12"><span class='ocrx_word' id='word_1_629' title='bbox 1857 3631 2015 3685; x_wconf 90' lang='lat' dir='ltr'><strong>initio</strong></span> <span class='ocrx_word' id='word_1_630' title='bbox 2039 3630 2091 3683; x_wconf 91' lang='lat' dir='ltr'><strong>in</strong></span> <span class='ocrx_word' id='word_1_631' title='bbox 2125 3629 2346 3683; x_wconf 92' lang='lat' dir='ltr'><strong>homine</strong></span> <span class='ocrx_word' id='word_1_632' title='bbox 2375 3628 2611 3697; x_wconf 91' lang='lat' dir='ltr'><strong>primum</strong></span> <span class='ocrx_word' id='word_1_633' title='bbox 2643 3625 3018 3693; x_wconf 87' lang='lat' dir='ltr'><strong>formato,per</strong></span> <span class='ocrx_word' id='word_1_634' title='bbox 3061 3622 3428 3691; x_wconf 87' lang='lat' dir='ltr'><strong>intemperan-</strong></span> 
     </span>
    </p>
   </div>
   <div class='ocr_carea' id='block_1_85' title="bbox 1857 3713 3430 3792">
    <p class='ocr_par' dir='ltr' id='par_1_85' title="bbox 1857 3713 3430 3792">
     <span class='ocr_line' id='line_1_85' title="bbox 1857 3713 3430 3792; baseline -0.006 -16"><span class='ocrx_word' id='word_1_635' title='bbox 1857 3731 1968 3779; x_wconf 86' lang='lat' dir='ltr'><strong>tem</strong></span> <span class='ocrx_word' id='word_1_636' title='bbox 2001 3721 2329 3792; x_wconf 89' lang='lat' dir='ltr'><strong>appetitum,</strong></span> <span class='ocrx_word' id='word_1_637' title='bbox 2360 3720 2571 3790; x_wconf 89' lang='lat' dir='ltr'><strong>peccati</strong></span> <span class='ocrx_word' id='word_1_638' title='bbox 2605 3715 3166 3786; x_wconf 79' lang='lat' dir='ltr'><strong>transgressionisquc</strong></span> <span class='ocrx_word' id='word_1_639' title='bbox 3217 3713 3430 3769; x_wconf 83' lang='lat' dir='ltr'><strong>macula</strong></span> 
     </span>
    </p>
   </div>
   <div class='ocr_carea' id='block_1_86' title="bbox 1853 3806 3430 3886">
    <p class='ocr_par' dir='ltr' id='par_1_86' title="bbox 1853 3806 3430 3886">
     <span class='ocr_line' id='line_1_86' title="bbox 1853 3806 3430 3886; baseline -0.008 -13"><span class='ocrx_word' id='word_1_640' title='bbox 1853 3819 2037 3873; x_wconf 89' lang='lat' dir='ltr'><strong>fuerat</strong></span> <span class='ocrx_word' id='word_1_641' title='bbox 2059 3815 2361 3886; x_wconf 85' lang='lat' dir='ltr'><strong>inquinata.</strong></span> <span class='ocrx_word' id='word_1_642' title='bbox 2388 3812 2567 3882; x_wconf 87' lang='lat' dir='ltr'><strong>Atque</strong></span> <span class='ocrx_word' id='word_1_643' title='bbox 2618 3811 2735 3865; x_wconf 65' lang='lat' dir='ltr'><strong>haec</strong></span> <span class='ocrx_word' id='word_1_644' title='bbox 2765 3825 2796 3862; x_wconf 93' lang='lat' dir='ltr'><strong>a</strong></span> <span class='ocrx_word' id='word_1_645' title='bbox 2837 3807 2998 3862; x_wconf 89' lang='lat' dir='ltr'><strong>nobis</strong></span> <span class='ocrx_word' id='word_1_646' title='bbox 3040 3806 3265 3876; x_wconf 90' lang='lat' dir='ltr'><strong>quidem</strong></span> <span class='ocrx_word' id='word_1_647' title='bbox 3319 3821 3430 3860; x_wconf 87' lang='lat' dir='ltr'><strong>non</strong></span> 
     </span>
    </p>
   </div>
   <div class='ocr_carea' id='block_1_87' title="bbox 1855 3904 3430 3982">
    <p class='ocr_par' dir='ltr' id='par_1_87' title="bbox 1855 3904 3430 3982">
     <span class='ocr_line' id='line_1_87' title="bbox 1855 3904 3430 3982; baseline -0.009 -16"><span class='ocrx_word' id='word_1_648' title='bbox 1855 3909 2298 3982; x_wconf 87' lang='lat' dir='ltr'><strong>improbabiliter</strong></span> <span class='ocrx_word' id='word_1_649' title='bbox 2340 3904 2774 3974; x_wconf 80' lang='lat' dir='ltr'><strong>excogitantur:</strong></span> <span class='ocrx_word' id='word_1_650' title='bbox 2829 3909 3034 3964; x_wconf 89' lang='lat' dir='ltr'><strong>tamen,</strong></span> <span class='ocrx_word' id='word_1_651' title='bbox 3100 3915 3430 3969; x_wconf 85' lang='lat' dir='ltr'><strong>quocunque</strong></span> 
     </span>
    </p>
   </div>
   <div class='ocr_carea' id='block_1_88' title="bbox 1855 3990 3428 4060">
    <p class='ocr_par' dir='ltr' id='par_1_88' title="bbox 1855 3990 3428 4060">
     <span class='ocr_line' id='line_1_88' title="bbox 1855 3990 3428 4060; baseline -0.01 -1"><span class='ocrx_word' id='word_1_652' title='bbox 1855 4003 2018 4058; x_wconf 89' lang='lat' dir='ltr'><strong>modo</strong></span> <span class='ocrx_word' id='word_1_653' title='bbox 2053 4016 2112 4057; x_wconf 90' lang='lat' dir='ltr'><strong>se</strong></span> <span class='ocrx_word' id='word_1_654' title='bbox 2141 4000 2343 4054; x_wconf 90' lang='lat' dir='ltr'><strong>habeat</strong></span> <span class='ocrx_word' id='word_1_655' title='bbox 2372 3996 2616 4051; x_wconf 78' lang='lat' dir='ltr'><strong>historiae</strong></span> <span class='ocrx_word' id='word_1_656' title='bbox 2652 3992 2812 4056; x_wconf 88' lang='lat' dir='ltr'><strong>ratio,</strong></span> <span class='ocrx_word' id='word_1_657' title='bbox 2871 3991 2938 4045; x_wconf 89' lang='lat' dir='ltr'><strong>ad</strong></span> <span class='ocrx_word' id='word_1_658' title='bbox 2989 4005 3231 4060; x_wconf 78' lang='lat' dir='ltr'><strong>praesens</strong></span> <span class='ocrx_word' id='word_1_659' title='bbox 3263 3990 3428 4044; x_wconf 88' lang='lat' dir='ltr'><strong>omit-</strong></span> 
     </span>
    </p>
   </div>
   <div class='ocr_carea' id='block_1_89' title="bbox 1857 4079 3425 4162">
    <p class='ocr_par' dir='ltr' id='par_1_89' title="bbox 1857 4079 3425 4162">
     <span class='ocr_line' id='line_1_89' title="bbox 1857 4079 3425 4162; baseline -0.012 -12"><span class='ocrx_word' id='word_1_660' title='bbox 1857 4103 2030 4150; x_wconf 87' lang='lat' dir='ltr'><strong>tatur:</strong></span> <span class='ocrx_word' id='word_1_661' title='bbox 2070 4090 2346 4162; x_wconf 91' lang='lat' dir='ltr'><strong>quomodo</strong></span> <span class='ocrx_word' id='word_1_662' title='bbox 2398 4097 2584 4141; x_wconf 91' lang='lat' dir='ltr'><strong>autem</strong></span> <span class='ocrx_word' id='word_1_663' title='bbox 2631 4081 2862 4151; x_wconf 86' lang='lat' dir='ltr'><strong>intelligi</strong></span> <span class='ocrx_word' id='word_1_664' title='bbox 2915 4080 3207 4134; x_wconf 86' lang='lat' dir='ltr'><strong>conveniat</strong></span> <span class='ocrx_word' id='word_1_665' title='bbox 3267 4079 3425 4139; x_wconf 87' lang='lat' dir='ltr'><strong>illud.</strong></span> 
     </span>
    </p>
   </div>
   <div class='ocr_carea' id='block_1_90' title="bbox 1855 4169 3428 4240">
    <p class='ocr_par' dir='ltr' id='par_1_90' title="bbox 1855 4169 3428 4240">
     <span class='ocr_line' id='line_1_90' title="bbox 1855 4169 3428 4240; baseline -0.011 1"><span class='ocrx_word' id='word_1_666' title='bbox 1855 4185 2145 4240; x_wconf 90' lang='lat' dir='ltr'><strong>mulierem</strong></span> <span class='ocrx_word' id='word_1_667' title='bbox 2197 4181 2253 4234; x_wconf 89' lang='lat' dir='ltr'><strong>in</strong></span> <span class='ocrx_word' id='word_1_668' title='bbox 2296 4187 2455 4232; x_wconf 89' lang='lat' dir='ltr'><strong>utero</strong></span> <span class='ocrx_word' id='word_1_669' title='bbox 2502 4174 2798 4228; x_wconf 86' lang='lat' dir='ltr'><strong>habentem</strong></span> <span class='ocrx_word' id='word_1_670' title='bbox 2854 4170 2922 4223; x_wconf 89' lang='lat' dir='ltr'><strong>ab</strong></span> <span class='ocrx_word' id='word_1_671' title='bbox 2955 4169 3022 4222; x_wconf 90' lang='lat' dir='ltr'><strong>iis</strong></span> <span class='ocrx_word' id='word_1_672' title='bbox 3075 4170 3170 4237; x_wconf 90' lang='lat' dir='ltr'><strong>qui</strong></span> <span class='ocrx_word' id='word_1_673' title='bbox 3216 4183 3428 4237; x_wconf 85' lang='lat' dir='ltr'><strong>pugnas</strong></span> 
     </span>
    </p>
   </div>
   <div class='ocr_carea' id='block_1_91' title="bbox 1854 4257 3424 4330">
    <p class='ocr_par' dir='ltr' id='par_1_91' title="bbox 1854 4257 3424 4330">
     <span class='ocr_line' id='line_1_91' title="bbox 1854 4257 3424 4330; baseline -0.013 0"><span class='ocrx_word' id='word_1_674' title='bbox 1854 4275 2154 4330; x_wconf 84' lang='lat' dir='ltr'><strong>verborum</strong></span> <span class='ocrx_word' id='word_1_675' title='bbox 2187 4281 2444 4323; x_wconf 83' lang='lat' dir='ltr'><strong>exercere</strong></span> <span class='ocrx_word' id='word_1_676' title='bbox 2467 4267 2894 4320; x_wconf 87' lang='lat' dir='ltr'><strong>consueverunt,</strong></span> <span class='ocrx_word' id='word_1_677' title='bbox 2911 4257 3149 4326; x_wconf 86' lang='lat' dir='ltr'><strong>percuti,</strong></span> <span class='ocrx_word' id='word_1_678' title='bbox 3175 4271 3272 4326; x_wconf 80' lang='lat' dir='ltr'><strong>age</strong></span> <span class='ocrx_word' id='word_1_679' title='bbox 3312 4258 3424 4326; x_wconf 84' lang='lat' dir='ltr'><strong>jam</strong></span> 
     </span>
    </p>
   </div>
   <div class='ocr_carea' id='block_1_92' title="bbox 177 4347 1756 4441">
    <p class='ocr_par' dir='ltr' id='par_1_92' title="bbox 177 4365 1749 4441">
     <span class='ocr_line' id='line_1_92' title="bbox 177 4365 1749 4441; baseline -0.003 -18"><span class='ocrx_word' id='word_1_680' title='bbox 177 4371 552 4441; x_wconf 78' lang='grc' dir='ltr'>διαμορφοῦσα</span> <span class='ocrx_word' id='word_1_681' title='bbox 585 4372 782 4425; x_wconf 85' lang='grc' dir='ltr'>τύπον·</span> <span class='ocrx_word' id='word_1_682' title='bbox 817 4371 913 4424; x_wconf 78' lang='grc' dir='ltr'><strong>καὶ</strong></span> <span class='ocrx_word' id='word_1_683' title='bbox 951 4369 1080 4437; x_wconf 87' lang='grc' dir='ltr'>γοῦν</span> <span class='ocrx_word' id='word_1_684' title='bbox 1110 4369 1160 4422; x_wconf 75' lang='grc' dir='ltr'><strong>οἱ</strong></span> <span class='ocrx_word' id='word_1_685' title='bbox 1208 4367 1630 4429; x_wconf 86' lang='grc' dir='ltr'>πεπιστευκότες</span> <span class='ocrx_word' id='word_1_686' title='bbox 1661 4365 1749 4419; x_wconf 80' lang='grc' dir='ltr'>διὰ</span> 
     </span>
    </p>
   </div>
   <div class='ocr_carea' id='block_1_93' title="bbox 1861 4347 3424 4441">
    <p class='ocr_par' dir='ltr' id='par_1_93' title="bbox 1861 4347 3424 4420">
     <span class='ocr_line' id='line_1_93' title="bbox 1861 4347 3424 4420; baseline -0.012 0"><span class='ocrx_word' id='word_1_687' title='bbox 1861 4362 2291 4420; x_wconf 82' lang='lat' dir='ltr'><strong>consideremus:</strong></span> <span class='ocrx_word' id='word_1_688' title='bbox 2318 4370 2442 4410; x_wconf 90' lang='lat' dir='ltr'><strong>nam</strong></span> <span class='ocrx_word' id='word_1_689' title='bbox 2504 4350 2781 4406; x_wconf 89' lang='lat' dir='ltr'><strong>subtiliter</strong></span> <span class='ocrx_word' id='word_1_690' title='bbox 2817 4347 3111 4402; x_wconf 88' lang='lat' dir='ltr'><strong>admodum</strong></span> <span class='ocrx_word' id='word_1_691' title='bbox 3146 4347 3424 4401; x_wconf 83' lang='lat' dir='ltr'><strong>disserere</strong></span> 
     </span>
    </p>
   </div>
   <div class='ocr_carea' id='block_1_94' title="bbox 178 4458 1750 4531">
    <p class='ocr_par' dir='ltr' id='par_1_94' title="bbox 178 4458 1750 4531">
     <span class='ocr_line' id='line_1_94' title="bbox 178 4458 1750 4531; baseline -0.003 -16"><span class='ocrx_word' id='word_1_692' title='bbox 178 4465 361 4530; x_wconf 73' lang='grc' dir='ltr'>φωνῆς</span> <span class='ocrx_word' id='word_1_693' title='bbox 406 4463 648 4528; x_wconf 72' lang='grc' dir='ltr'>Ἡσαΐου,</span> <span class='ocrx_word' id='word_1_694' title='bbox 675 4462 854 4524; x_wconf 85' lang='grc' dir='ltr'>τοῦτο,</span> <span class='ocrx_word' id='word_1_695' title='bbox 887 4458 1040 4531; x_wconf 76' lang='grc' dir='ltr'>οἶμαί</span> <span class='ocrx_word' id='word_1_696' title='bbox 1066 4477 1195 4524; x_wconf 86' lang='grc' dir='ltr'>που,</span> <span class='ocrx_word' id='word_1_697' title='bbox 1230 4459 1750 4530; x_wconf 76' lang='grc' dir='ltr'>κατασημαίνοντες,</span> 
     </span>
    </p>
   </div>
   <div class='ocr_carea' id='block_1_95' title="bbox 176 4550 1754 4624">
    <p class='ocr_par' dir='ltr' id='par_1_95' title="bbox 176 4550 1754 4624">
     <span class='ocr_line' id='line_1_95' title="bbox 176 4550 1754 4624; baseline -0.003 -18"><span class='ocrx_word' id='word_1_698' title='bbox 176 4551 233 4606; x_wconf 73' lang='grc' dir='ltr'><strong>εὖ</strong></span> <span class='ocrx_word' id='word_1_699' title='bbox 273 4554 420 4624; x_wconf 85' lang='grc' dir='ltr'>μάλα</span> <span class='ocrx_word' id='word_1_700' title='bbox 451 4553 897 4624; x_wconf 71' lang='grc' dir='ltr'>κατακεκράγασι</span> <span class='ocrx_word' id='word_1_701' title='bbox 923 4569 937 4584; x_wconf 88' lang='grc'><strong>·</strong></span> <span class='ocrx_word' id='word_1_702' title='bbox 976 4570 994 4604; x_wconf 82' lang='grc' dir='ltr'><strong>ι</strong></span> <span class='ocrx_word' id='word_1_703' title='bbox 1033 4552 1132 4605; x_wconf 76' lang='grc' dir='ltr'><strong>Διὰ</strong></span> <span class='ocrx_word' id='word_1_704' title='bbox 1163 4553 1255 4604; x_wconf 76' lang='grc' dir='ltr'><strong>τὸν</strong></span> <span class='ocrx_word' id='word_1_705' title='bbox 1287 4551 1448 4620; x_wconf 83' lang='grc' dir='ltr'>φόϐον</span> <span class='ocrx_word' id='word_1_706' title='bbox 1484 4567 1576 4602; x_wconf 89' lang='grc' dir='ltr'><strong>σου</strong></span> <span class='ocrx_word' id='word_1_707' title='bbox 1597 4591 1611 4612; x_wconf 85' lang='grc'><strong>,</strong></span> <span class='ocrx_word' id='word_1_708' title='bbox 1641 4550 1754 4602; x_wconf 84' lang='grc' dir='ltr'><strong>Κύ-</strong></span> 
     </span>
    </p>
   </div>
   <div class='ocr_carea' id='block_1_96' title="bbox 179 4641 1754 4716">
    <p class='ocr_par' dir='ltr' id='par_1_96' title="bbox 179 4641 1754 4716">
     <span class='ocr_line' id='line_1_96' title="bbox 179 4641 1754 4716; baseline -0.004 -19"><span class='ocrx_word' id='word_1_709' title='bbox 179 4662 259 4716; x_wconf 83' lang='grc' dir='ltr'><strong>ριε</strong></span> <span class='ocrx_word' id='word_1_710' title='bbox 290 4684 305 4707; x_wconf 95' lang='grc'><strong>,</strong></span> <span class='ocrx_word' id='word_1_711' title='bbox 342 4647 398 4696; x_wconf 85' lang='grc' dir='ltr'><strong>ἐν</strong></span> <span class='ocrx_word' id='word_1_712' title='bbox 453 4646 648 4716; x_wconf 81' lang='grc' dir='ltr'>γαστρὶ</span> <span class='ocrx_word' id='word_1_713' title='bbox 701 4645 965 4715; x_wconf 84' lang='grc' dir='ltr'>ἐλάϐομεν</span> <span class='ocrx_word' id='word_1_714' title='bbox 995 4685 1008 4707; x_wconf 92' lang='grc'><strong>,</strong></span> <span class='ocrx_word' id='word_1_715' title='bbox 1061 4645 1154 4697; x_wconf 68' lang='grc' dir='ltr'><strong>καὶ</strong></span> <span class='ocrx_word' id='word_1_716' title='bbox 1225 4643 1610 4712; x_wconf 83' lang='grc' dir='ltr'>ὠδινήσαμεν,</span> <span class='ocrx_word' id='word_1_717' title='bbox 1660 4641 1754 4692; x_wconf 71' lang='grc' dir='ltr'><strong>καὶ</strong></span> 
     </span>
    </p>
   </div>
   <div class='ocr_carea' id='block_1_97' title="bbox 176 4733 1752 4807">
    <p class='ocr_par' dir='ltr' id='par_1_97' title="bbox 176 4733 1752 4807">
     <span class='ocr_line' id='line_1_97' title="bbox 176 4733 1752 4807; baseline -0.004 -19"><span class='ocrx_word' id='word_1_718' title='bbox 176 4737 468 4804; x_wconf 77' lang='grc' dir='ltr'>ὲτὲκομεν,</span> <span class='ocrx_word' id='word_1_719' title='bbox 519 4735 735 4806; x_wconf 83' lang='grc' dir='ltr'>πνεῦμα</span> <span class='ocrx_word' id='word_1_720' title='bbox 791 4735 1066 4807; x_wconf 87' lang='grc' dir='ltr'>σωτηρίας</span> <span class='ocrx_word' id='word_1_721' title='bbox 1117 4751 1212 4786; x_wconf 88' lang='grc' dir='ltr'><strong>σου</strong></span> <span class='ocrx_word' id='word_1_722' title='bbox 1269 4735 1606 4803; x_wconf 80' lang='grc' dir='ltr'>ἐποιήσαμεν</span> <span class='ocrx_word' id='word_1_723' title='bbox 1660 4733 1752 4783; x_wconf 79' lang='grc' dir='ltr'><strong>ἐπὶ</strong></span> 
     </span>
    </p>
   </div>
   <div class='ocr_carea' id='block_1_98' title="bbox 173 4822 1748 4897">
    <p class='ocr_par' dir='ltr' id='par_1_98' title="bbox 173 4822 1748 4897">
     <span class='ocr_line' id='line_1_98' title="bbox 173 4822 1748 4897; baseline -0.001 -21"><span class='ocrx_word' id='word_1_724' title='bbox 173 4826 273 4895; x_wconf 79' lang='grc' dir='ltr'><strong>τῆς</strong></span> <span class='ocrx_word' id='word_1_725' title='bbox 303 4826 431 4894; x_wconf 79' lang='grc' dir='ltr'>γῆς.</span> <span class='ocrx_word' id='word_1_726' title='bbox 464 4845 483 4876; x_wconf 75' lang='grc' dir='ltr'><strong>ι</strong></span> <span class='ocrx_word' id='word_1_727' title='bbox 519 4825 726 4879; x_wconf 82' lang='grc' dir='ltr'>Οὐκοῦν</span> <span class='ocrx_word' id='word_1_728' title='bbox 757 4827 970 4897; x_wconf 80' lang='grc' dir='ltr'>καρπὸς</span> <span class='ocrx_word' id='word_1_729' title='bbox 995 4825 1062 4879; x_wconf 84' lang='grc' dir='ltr'><strong>ἂν</strong></span> <span class='ocrx_word' id='word_1_730' title='bbox 1089 4825 1176 4895; x_wconf 71' lang='grc' dir='ltr'>εἴη</span> <span class='ocrx_word' id='word_1_731' title='bbox 1199 4827 1293 4878; x_wconf 70' lang='grc' dir='ltr'><strong>καὶ</strong></span> <span class='ocrx_word' id='word_1_732' title='bbox 1333 4823 1523 4894; x_wconf 86' lang='grc' dir='ltr'>κύημα</span> <span class='ocrx_word' id='word_1_733' title='bbox 1562 4822 1651 4876; x_wconf 87' lang='grc' dir='ltr'><strong>νοῦ</strong></span> <span class='ocrx_word' id='word_1_734' title='bbox 1687 4823 1748 4875; x_wconf 77' lang='grc' dir='ltr'>τὸ</span> 
     </span>
    </p>
   </div>
   <div class='ocr_carea' id='block_1_99' title="bbox 175 4915 1747 4988">
    <p class='ocr_par' dir='ltr' id='par_1_99' title="bbox 175 4915 1747 4988">
     <span class='ocr_line' id='line_1_99' title="bbox 175 4915 1747 4988; baseline -0.001 -20"><span class='ocrx_word' id='word_1_735' title='bbox 175 4916 550 4985; x_wconf 77' lang='grc' dir='ltr'>πνευματικὸν</span> <span class='ocrx_word' id='word_1_736' title='bbox 583 4918 676 4970; x_wconf 60' lang='grc' dir='ltr'><strong>καὶ⁹</strong></span> <span class='ocrx_word' id='word_1_737' title='bbox 711 4920 998 4988; x_wconf 83' lang='grc' dir='ltr'>σωτήριον,</span> <span class='ocrx_word' id='word_1_738' title='bbox 1044 4919 1222 4980; x_wconf 89' lang='grc' dir='ltr'>πίστις</span> <span class='ocrx_word' id='word_1_739' title='bbox 1251 4919 1284 4987; x_wconf 86' lang='grc' dir='ltr'>ἡ</span> <span class='ocrx_word' id='word_1_740' title='bbox 1311 4918 1392 4978; x_wconf 85' lang='grc' dir='ltr'>εἰς</span> <span class='ocrx_word' id='word_1_741' title='bbox 1428 4916 1680 4986; x_wconf 82' lang='grc' dir='ltr'>Χριστὸν,</span> <span class='ocrx_word' id='word_1_742' title='bbox 1714 4915 1747 4984; x_wconf 87' lang='grc' dir='ltr'>ἢ</span> 
     </span>
    </p>
   </div>
   <div class='ocr_carea' id='block_1_100' title="bbox 176 5007 1744 5081">
    <p class='ocr_par' dir='ltr' id='par_1_100' title="bbox 176 5007 1744 5081">
     <span class='ocr_line' id='line_1_100' title="bbox 176 5007 1744 5081; baseline 0.001 -21"><span class='ocrx_word' id='word_1_743' title='bbox 176 5009 270 5060; x_wconf 76' lang='grc' dir='ltr'>καὶ</span> <span class='ocrx_word' id='word_1_744' title='bbox 319 5008 450 5070; x_wconf 76' lang='grc' dir='ltr'>τοὺς</span> <span class='ocrx_word' id='word_1_745' title='bbox 518 5008 696 5072; x_wconf 87' lang='grc' dir='ltr'>θείους</span> <span class='ocrx_word' id='word_1_746' title='bbox 748 5011 881 5080; x_wconf 87' lang='grc' dir='ltr'><strong>ήμῖν</strong></span> <span class='ocrx_word' id='word_1_747' title='bbox 938 5009 1293 5081; x_wconf 80' lang='grc' dir='ltr'>χαρακτῆρας</span> <span class='ocrx_word' id='word_1_748' title='bbox 1339 5007 1744 5078; x_wconf 80' lang='grc' dir='ltr'>ἐνσημαίνεται.</span> 
     </span>
    </p>
   </div>
   <div class='ocr_carea' id='block_1_101' title="bbox 173 5095 1748 5168">
    <p class='ocr_par' dir='ltr' id='par_1_101' title="bbox 173 5095 1748 5168">
     <span class='ocr_line' id='line_1_101' title="bbox 173 5095 1748 5168; baseline 0 -20"><span class='ocrx_word' id='word_1_749' title='bbox 173 5096 301 5158; x_wconf 77' lang='grc' dir='ltr'>Τοῖς</span> <span class='ocrx_word' id='word_1_750' title='bbox 340 5096 472 5165; x_wconf 77' lang='grc' dir='ltr'>γοῦν</span> <span class='ocrx_word' id='word_1_751' title='bbox 526 5098 591 5150; x_wconf 87' lang='grc' dir='ltr'><strong>ἐκ</strong></span> <span class='ocrx_word' id='word_1_752' title='bbox 628 5096 962 5168; x_wconf 82' lang='grc' dir='ltr'>τελεωτέρας</span> <span class='ocrx_word' id='word_1_753' title='bbox 1004 5095 1257 5164; x_wconf 85' lang='grc' dir='ltr'>γνώσεως</span> <span class='ocrx_word' id='word_1_754' title='bbox 1320 5096 1748 5166; x_wconf 78' lang='grc' dir='ltr'>μετερρυηκόσιν</span> 
     </span>
    </p>
   </div>
   <div class='ocr_carea' id='block_1_102' title="bbox 173 5188 1750 5259">
    <p class='ocr_par' dir='ltr' id='par_1_102' title="bbox 173 5188 1750 5259">
     <span class='ocr_line' id='line_1_102' title="bbox 173 5188 1750 5259; baseline -0.001 -17"><span class='ocrx_word' id='word_1_755' title='bbox 173 5189 401 5258; x_wconf 77' lang='grc' dir='ltr'>ἀμαθῶς</span> <span class='ocrx_word' id='word_1_756' title='bbox 425 5190 509 5253; x_wconf 88' lang='grc' dir='ltr'><strong>είς</strong></span> <span class='ocrx_word' id='word_1_757' title='bbox 548 5190 650 5259; x_wconf 81' lang='grc' dir='ltr'>τὴν</span> <span class='ocrx_word' id='word_1_758' title='bbox 695 5189 833 5258; x_wconf 83' lang='grc' dir='ltr'>μείω</span> <span class='ocrx_word' id='word_1_759' title='bbox 860 5205 920 5240; x_wconf 89' lang='grc' dir='ltr'><strong>τε</strong></span> <span class='ocrx_word' id='word_1_760' title='bbox 956 5189 1051 5241; x_wconf 77' lang='grc' dir='ltr'><strong>καὶ</strong></span> <span class='ocrx_word' id='word_1_761' title='bbox 1082 5188 1442 5258; x_wconf 83' lang='grc' dir='ltr'>ἀτελεστὲραν</span> <span class='ocrx_word' id='word_1_762' title='bbox 1467 5229 1482 5253; x_wconf 95' lang='grc'><strong>,</strong></span> <span class='ocrx_word' id='word_1_763' title='bbox 1515 5188 1750 5240; x_wconf 81' lang='grc' dir='ltr'>Γαλάται</span> 
     </span>
    </p>
   </div>
   <div class='ocr_carea' id='block_1_103' title="bbox 172 5275 1747 5352">
    <p class='ocr_par' dir='ltr' id='par_1_103' title="bbox 172 5275 1747 5352">
     <span class='ocr_line' id='line_1_103' title="bbox 172 5275 1747 5352; baseline -0.003 -18"><span class='ocrx_word' id='word_1_764' title='bbox 172 5278 224 5334; x_wconf 79' lang='grc' dir='ltr'>δὲ</span> <span class='ocrx_word' id='word_1_765' title='bbox 281 5275 426 5335; x_wconf 73' lang='grc' dir='ltr'>οὗτοι</span> <span class='ocrx_word' id='word_1_766' title='bbox 453 5321 468 5346; x_wconf 92' lang='grc'><strong>,</strong></span> <span class='ocrx_word' id='word_1_767' title='bbox 508 5278 855 5352; x_wconf 83' lang='grc' dir='ltr'>προσεφώνει</span> <span class='ocrx_word' id='word_1_768' title='bbox 903 5279 1073 5348; x_wconf 81' lang='grc' dir='ltr'>λέγων</span> <span class='ocrx_word' id='word_1_769' title='bbox 1113 5281 1141 5331; x_wconf 86' lang='grc' dir='ltr'>ὁ</span> <span class='ocrx_word' id='word_1_770' title='bbox 1170 5279 1451 5341; x_wconf 84' lang='grc' dir='ltr'>θεσπέσιος</span> <span class='ocrx_word' id='word_1_771' title='bbox 1501 5278 1708 5341; x_wconf 81' lang='grc' dir='ltr'>Παῦλος</span> <span class='ocrx_word' id='word_1_772' title='bbox 1735 5292 1747 5306; x_wconf 90' lang='grc'><strong>·</strong></span> 
     </span>
    </p>
   </div>
   <div class='ocr_carea' id='block_1_104' title="bbox 178 5367 1750 5445">
    <p class='ocr_par' dir='ltr' id='par_1_104' title="bbox 178 5367 1750 5445">
     <span class='ocr_line' id='line_1_104' title="bbox 178 5367 1750 5445; baseline -0.002 -20"><span class='ocrx_word' id='word_1_773' title='bbox 178 5389 197 5417; x_wconf 76' lang='grc' dir='ltr'><strong>σ</strong></span> <span class='ocrx_word' id='word_1_774' title='bbox 245 5373 442 5428; x_wconf 80' lang='grc' dir='ltr'>Τεκνία</span> <span class='ocrx_word' id='word_1_775' title='bbox 478 5391 612 5445; x_wconf 89' lang='grc' dir='ltr'>μου,</span> <span class='ocrx_word' id='word_1_776' title='bbox 639 5371 735 5435; x_wconf 82' lang='grc' dir='ltr'><strong>οὓς</strong></span> <span class='ocrx_word' id='word_1_777' title='bbox 761 5372 919 5426; x_wconf 85' lang='grc' dir='ltr'>πάλιν</span> <span class='ocrx_word' id='word_1_778' title='bbox 953 5372 1126 5425; x_wconf 82' lang='grc' dir='ltr'>ὠδίνω</span> <span class='ocrx_word' id='word_1_779' title='bbox 1150 5411 1164 5436; x_wconf 95' lang='grc'><strong>,</strong></span> <span class='ocrx_word' id='word_1_780' title='bbox 1196 5373 1354 5442; x_wconf 79' lang='grc' dir='ltr'>ἄχρις</span> <span class='ocrx_word' id='word_1_781' title='bbox 1392 5367 1452 5424; x_wconf 72' lang='grc' dir='ltr'>οὗ</span> <span class='ocrx_word' id='word_1_782' title='bbox 1489 5370 1750 5440; x_wconf 80' lang='grc' dir='ltr'>μορφωθῇ</span> 
     </span>
    </p>
   </div>
   <div class='ocr_carea' id='block_1_105' title="bbox 173 5457 1753 5533">
    <p class='ocr_par' dir='ltr' id='par_1_105' title="bbox 173 5457 1753 5533">
     <span class='ocr_line' id='line_1_105' title="bbox 173 5457 1753 5533; baseline -0.003 -19"><span class='ocrx_word' id='word_1_783' title='bbox 173 5462 400 5528; x_wconf 79' lang='grc' dir='ltr'>Χριστὸς</span> <span class='ocrx_word' id='word_1_784' title='bbox 432 5466 496 5518; x_wconf 84' lang='grc' dir='ltr'><strong>ἐν</strong></span> <span class='ocrx_word' id='word_1_785' title='bbox 522 5464 684 5533; x_wconf 83' lang='grc' dir='ltr'>ὑμῖν.</span> <span class='ocrx_word' id='word_1_786' title='bbox 725 5479 742 5512; x_wconf 73' lang='grc' dir='ltr'><strong>ι</strong></span> <span class='ocrx_word' id='word_1_787' title='bbox 792 5457 1172 5531; x_wconf 81' lang='grc' dir='ltr'>Ἐναρξάμενοι</span> <span class='ocrx_word' id='word_1_788' title='bbox 1196 5459 1304 5530; x_wconf 83' lang='grc' dir='ltr'><strong>γὰρ</strong></span> <span class='ocrx_word' id='word_1_789' title='bbox 1349 5459 1636 5529; x_wconf 83' lang='grc' dir='ltr'>πνεύματι,</span> <span class='ocrx_word' id='word_1_790' title='bbox 1656 5457 1753 5528; x_wconf 83' lang='grc' dir='ltr'><strong>τὴν</strong></span> 
     </span>
    </p>
   </div>
   <div class='ocr_carea' id='block_1_106' title="bbox 1858 4437 3426 4511">
    <p class='ocr_par' dir='ltr' id='par_1_106' title="bbox 1858 4437 3426 4511">
     <span class='ocr_line' id='line_1_106' title="bbox 1858 4437 3426 4511; baseline -0.011 -3"><span class='ocrx_word' id='word_1_791' title='bbox 1858 4455 1915 4508; x_wconf 92' lang='lat' dir='ltr'><strong>in</strong></span> <span class='ocrx_word' id='word_1_792' title='bbox 1937 4453 2024 4507; x_wconf 90' lang='lat' dir='ltr'><strong>his</strong></span> <span class='ocrx_word' id='word_1_793' title='bbox 2052 4458 2202 4505; x_wconf 89' lang='lat' dir='ltr'><strong>certe</strong></span> <span class='ocrx_word' id='word_1_794' title='bbox 2227 4447 2413 4507; x_wconf 89' lang='lat' dir='ltr'><strong>rebus,</strong></span> <span class='ocrx_word' id='word_1_795' title='bbox 2449 4457 2558 4496; x_wconf 88' lang='lat' dir='ltr'><strong>non</strong></span> <span class='ocrx_word' id='word_1_796' title='bbox 2585 4439 2943 4511; x_wconf 89' lang='lat' dir='ltr'><strong>injucundum</strong></span> <span class='ocrx_word' id='word_1_797' title='bbox 2976 4447 3078 4492; x_wconf 88' lang='lat' dir='ltr'><strong>cst.</strong></span> <span class='ocrx_word' id='word_1_798' title='bbox 3117 4437 3213 4492; x_wconf 87' lang='lat' dir='ltr'><strong>Est</strong></span> <span class='ocrx_word' id='word_1_799' title='bbox 3260 4437 3426 4508; x_wconf 79' lang='lat' dir='ltr'><strong>igitur</strong></span> 
     </span>
    </p>
   </div>
   <div class='ocr_carea' id='block_1_107' title="bbox 1864 4525 3425 4595">
    <p class='ocr_par' dir='ltr' id='par_1_107' title="bbox 1864 4525 3425 4595">
     <span class='ocr_line' id='line_1_107' title="bbox 1864 4525 3425 4595; baseline -0.009 0"><span class='ocrx_word' id='word_1_800' title='bbox 1864 4540 2077 4594; x_wconf 86' lang='lat' dir='ltr'><strong>fructus</strong></span> <span class='ocrx_word' id='word_1_801' title='bbox 2106 4551 2172 4591; x_wconf 92' lang='lat' dir='ltr'><strong>ac</strong></span> <span class='ocrx_word' id='word_1_802' title='bbox 2220 4535 2368 4589; x_wconf 90' lang='lat' dir='ltr'><strong>fetus</strong></span> <span class='ocrx_word' id='word_1_803' title='bbox 2403 4529 2623 4591; x_wconf 89' lang='lat' dir='ltr'><strong>mentis,</strong></span> <span class='ocrx_word' id='word_1_804' title='bbox 2658 4527 2792 4582; x_wconf 87' lang='lat' dir='ltr'><strong>ﬁdes</strong></span> <span class='ocrx_word' id='word_1_805' title='bbox 2841 4527 2896 4581; x_wconf 90' lang='lat' dir='ltr'><strong>in</strong></span> <span class='ocrx_word' id='word_1_806' title='bbox 2955 4525 3257 4589; x_wconf 87' lang='lat' dir='ltr'><strong>Christum,</strong></span> <span class='ocrx_word' id='word_1_807' title='bbox 3304 4541 3425 4595; x_wconf 59' lang='lat' dir='ltr'><strong>qua</strong></span> 
     </span>
    </p>
   </div>
   <div class='ocr_carea' id='block_1_108' title="bbox 1858 4615 3422 4697">
    <p class='ocr_par' dir='ltr' id='par_1_108' title="bbox 1858 4615 3422 4697">
     <span class='ocr_line' id='line_1_108' title="bbox 1858 4615 3422 4697; baseline -0.008 -14"><span class='ocrx_word' id='word_1_808' title='bbox 1858 4645 1962 4684; x_wconf 90' lang='lat' dir='ltr'><strong>nos</strong></span> <span class='ocrx_word' id='word_1_809' title='bbox 2011 4625 2255 4697; x_wconf 84' lang='lat' dir='ltr'><strong>perfecta</strong></span> <span class='ocrx_word' id='word_1_810' title='bbox 2305 4618 2618 4690; x_wconf 84' lang='lat' dir='ltr'><strong>cognitione</strong></span> <span class='ocrx_word' id='word_1_811' title='bbox 2671 4616 2740 4670; x_wconf 90' lang='lat' dir='ltr'><strong>ad</strong></span> <span class='ocrx_word' id='word_1_812' title='bbox 2805 4615 2963 4686; x_wconf 67' lang='lat' dir='ltr'><strong>illius</strong></span> <span class='ocrx_word' id='word_1_813' title='bbox 3008 4615 3422 4670; x_wconf 87' lang='lat' dir='ltr'><strong>similitudinem</strong></span> 
     </span>
    </p>
   </div>
   <div class='ocr_carea' id='block_1_109' title="bbox 1855 4707 3426 4790">
    <p class='ocr_par' dir='ltr' id='par_1_109' title="bbox 1855 4707 3426 4790">
     <span class='ocr_line' id='line_1_109' title="bbox 1855 4707 3426 4790; baseline -0.01 -15"><span class='ocrx_word' id='word_1_814' title='bbox 1855 4720 2082 4790; x_wconf 78' lang='lat' dir='ltr'><strong>efﬁngit,</strong></span> <span class='ocrx_word' id='word_1_815' title='bbox 2109 4725 2166 4772; x_wconf 90' lang='lat' dir='ltr'><strong>et</strong></span> <span class='ocrx_word' id='word_1_816' title='bbox 2191 4716 2259 4771; x_wconf 89' lang='lat' dir='ltr'><strong>ad</strong></span> <span class='ocrx_word' id='word_1_817' title='bbox 2291 4713 2516 4784; x_wconf 86' lang='lat' dir='ltr'><strong>ﬁguram</strong></span> <span class='ocrx_word' id='word_1_818' title='bbox 2571 4709 2812 4764; x_wconf 89' lang='lat' dir='ltr'><strong>divinam</strong></span> <span class='ocrx_word' id='word_1_819' title='bbox 2869 4709 3157 4764; x_wconf 75' lang='lat' dir='ltr'><strong>reformat:</strong></span> <span class='ocrx_word' id='word_1_820' title='bbox 3194 4707 3426 4777; x_wconf 88' lang='lat' dir='ltr'><strong>ideoque</strong></span> 
     </span>
    </p>
   </div>
   <div class='ocr_carea' id='block_1_110' title="bbox 1858 4797 3426 4877">
    <p class='ocr_par' dir='ltr' id='par_1_110' title="bbox 1858 4797 3426 4877">
     <span class='ocr_line' id='line_1_110' title="bbox 1858 4797 3426 4877; baseline -0.01 -12"><span class='ocrx_word' id='word_1_821' title='bbox 1858 4810 2049 4865; x_wconf 87' lang='lat' dir='ltr'><strong>ﬁdeles</strong></span> <span class='ocrx_word' id='word_1_822' title='bbox 2076 4822 2174 4877; x_wconf 87' lang='lat' dir='ltr'><strong>per</strong></span> <span class='ocrx_word' id='word_1_823' title='bbox 2217 4804 2369 4859; x_wconf 86' lang='lat' dir='ltr'><strong>Isaiae</strong></span> <span class='ocrx_word' id='word_1_824' title='bbox 2423 4815 2612 4855; x_wconf 86' lang='lat' dir='ltr'><strong>vocem</strong></span> <span class='ocrx_word' id='word_1_825' title='bbox 2656 4800 2782 4864; x_wconf 92' lang='lat' dir='ltr'><strong>hoc,</strong></span> <span class='ocrx_word' id='word_1_826' title='bbox 2809 4807 2870 4853; x_wconf 89' lang='lat' dir='ltr'><strong>ut</strong></span> <span class='ocrx_word' id='word_1_827' title='bbox 2897 4799 3113 4868; x_wconf 89' lang='lat' dir='ltr'><strong>opinor,</strong></span> <span class='ocrx_word' id='word_1_828' title='bbox 3162 4797 3319 4867; x_wconf 89' lang='lat' dir='ltr'><strong>plane</strong></span> <span class='ocrx_word' id='word_1_829' title='bbox 3348 4798 3426 4852; x_wconf 83' lang='lat' dir='ltr'><strong>si-</strong></span> 
     </span>
    </p>
   </div>
   <div class='ocr_carea' id='block_1_111' title="bbox 1856 4885 3428 4971">
    <p class='ocr_par' dir='ltr' id='par_1_111' title="bbox 1856 4885 3428 4971">
     <span class='ocr_line' id='line_1_111' title="bbox 1856 4885 3428 4971; baseline -0.008 -18"><span class='ocrx_word' id='word_1_830' title='bbox 1856 4897 2195 4971; x_wconf 84' lang='lat' dir='ltr'><strong>gniﬁcantes,</strong></span> <span class='ocrx_word' id='word_1_831' title='bbox 2223 4895 2491 4950; x_wconf 88' lang='lat' dir='ltr'><strong>clamant:</strong></span> <span class='ocrx_word' id='word_1_832' title='bbox 2527 4911 2543 4942; x_wconf 81' lang='grc' dir='ltr'><strong>ι</strong></span> <span class='ocrx_word' id='word_1_833' title='bbox 2567 4891 2796 4960; x_wconf 90' lang='lat' dir='ltr'><strong>Propter</strong></span> <span class='ocrx_word' id='word_1_834' title='bbox 2836 4889 3091 4942; x_wconf 88' lang='lat' dir='ltr'><strong>timorem</strong></span> <span class='ocrx_word' id='word_1_835' title='bbox 3121 4895 3294 4950; x_wconf 90' lang='lat' dir='ltr'><strong>tuum,</strong></span> <span class='ocrx_word' id='word_1_836' title='bbox 3320 4885 3428 4940; x_wconf 57' lang='lat' dir='ltr'><strong>Do.</strong></span> 
     </span>
    </p>
   </div>
   <div class='ocr_carea' id='block_1_112' title="bbox 1859 4976 3425 5054">
    <p class='ocr_par' dir='ltr' id='par_1_112' title="bbox 1859 4976 3425 5054">
     <span class='ocr_line' id='line_1_112' title="bbox 1859 4976 3425 5054; baseline -0.01 -10"><span class='ocrx_word' id='word_1_837' title='bbox 1859 4992 2028 5053; x_wconf 88' lang='lat' dir='ltr'><strong>mine,</strong></span> <span class='ocrx_word' id='word_1_838' title='bbox 2056 4988 2111 5042; x_wconf 88' lang='lat' dir='ltr'><strong>in</strong></span> <span class='ocrx_word' id='word_1_839' title='bbox 2168 4994 2359 5041; x_wconf 85' lang='lat' dir='ltr'><strong>ventre</strong></span> <span class='ocrx_word' id='word_1_840' title='bbox 2415 4984 2756 5054; x_wconf 89' lang='lat' dir='ltr'><strong>accepimus,</strong></span> <span class='ocrx_word' id='word_1_841' title='bbox 2805 4987 2862 5035; x_wconf 88' lang='lat' dir='ltr'><strong>et</strong></span> <span class='ocrx_word' id='word_1_842' title='bbox 2911 4976 3425 5048; x_wconf 83' lang='lat' dir='ltr'><strong>parturivimus,et</strong></span> 
     </span>
    </p>
   </div>
   <div class='ocr_carea' id='block_1_113' title="bbox 1854 5069 3425 5154">
    <p class='ocr_par' dir='ltr' id='par_1_113' title="bbox 1854 5069 3425 5154">
     <span class='ocr_line' id='line_1_113' title="bbox 1854 5069 3425 5154; baseline -0.008 -17"><span class='ocrx_word' id='word_1_843' title='bbox 1854 5082 2174 5154; x_wconf 89' lang='lat' dir='ltr'><strong>peperimus</strong></span> <span class='ocrx_word' id='word_1_844' title='bbox 2215 5077 2469 5148; x_wconf 88' lang='lat' dir='ltr'><strong>spiritum</strong></span> <span class='ocrx_word' id='word_1_845' title='bbox 2521 5075 2712 5129; x_wconf 89' lang='lat' dir='ltr'><strong>salutis</strong></span> <span class='ocrx_word' id='word_1_846' title='bbox 2773 5081 2897 5136; x_wconf 67' lang='lat' dir='ltr'><strong>tuae,</strong></span> <span class='ocrx_word' id='word_1_847' title='bbox 2935 5085 3055 5140; x_wconf 66' lang='lat' dir='ltr'><strong>quae</strong></span> <span class='ocrx_word' id='word_1_848' title='bbox 3106 5069 3336 5124; x_wconf 81' lang='lat' dir='ltr'><strong>fecimus</strong></span> <span class='ocrx_word' id='word_1_849' title='bbox 3369 5069 3425 5124; x_wconf 89' lang='lat' dir='ltr'><strong>in</strong></span> 
     </span>
    </p>
   </div>
   <div class='ocr_carea' id='block_1_114' title="bbox 1856 5161 3420 5239">
    <p class='ocr_par' dir='ltr' id='par_1_114' title="bbox 1856 5161 3420 5239">
     <span class='ocr_line' id='line_1_114' title="bbox 1856 5161 3420 5239; baseline -0.01 -10"><span class='ocrx_word' id='word_1_850' title='bbox 1856 5185 2008 5229; x_wconf 87' lang='lat' dir='ltr'><strong>terra</strong></span> <span class='ocrx_word' id='word_1_851' title='bbox 2039 5175 2104 5228; x_wconf 81' lang='grc'><strong>⁸³.</strong></span> <span class='ocrx_word' id='word_1_852' title='bbox 2132 5194 2150 5225; x_wconf 77' lang='grc' dir='ltr'><strong>ι</strong></span> <span class='ocrx_word' id='word_1_853' title='bbox 2191 5173 2426 5228; x_wconf 86' lang='lat' dir='ltr'><strong>Fructus</strong></span> <span class='ocrx_word' id='word_1_854' title='bbox 2455 5169 2622 5239; x_wconf 82' lang='lat' dir='ltr'><strong>igitur</strong></span> <span class='ocrx_word' id='word_1_855' title='bbox 2655 5165 2857 5220; x_wconf 90' lang='lat' dir='ltr'><strong>mentis</strong></span> <span class='ocrx_word' id='word_1_856' title='bbox 2891 5179 2954 5218; x_wconf 92' lang='lat' dir='ltr'><strong>ac</strong></span> <span class='ocrx_word' id='word_1_857' title='bbox 2990 5163 3133 5217; x_wconf 89' lang='lat' dir='ltr'><strong>fetus</strong></span> <span class='ocrx_word' id='word_1_858' title='bbox 3159 5161 3420 5231; x_wconf 83' lang='lat' dir='ltr'><strong>spiritua—</strong></span> 
     </span>
    </p>
   </div>
   <div class='ocr_carea' id='block_1_115' title="bbox 1853 5253 3427 5338">
    <p class='ocr_par' dir='ltr' id='par_1_115' title="bbox 1853 5253 3427 5338">
     <span class='ocr_line' id='line_1_115' title="bbox 1853 5253 3427 5338; baseline -0.011 -15"><span class='ocrx_word' id='word_1_859' title='bbox 1853 5270 1923 5324; x_wconf 89' lang='lat' dir='ltr'><strong>lis</strong></span> <span class='ocrx_word' id='word_1_860' title='bbox 1951 5276 2115 5338; x_wconf 88' lang='lat' dir='ltr'><strong>atque</strong></span> <span class='ocrx_word' id='word_1_861' title='bbox 2144 5264 2401 5321; x_wconf 88' lang='lat' dir='ltr'><strong>salutaris</strong></span> <span class='ocrx_word' id='word_1_862' title='bbox 2426 5271 2509 5317; x_wconf 88' lang='lat' dir='ltr'><strong>est</strong></span> <span class='ocrx_word' id='word_1_863' title='bbox 2541 5261 2672 5316; x_wconf 87' lang='lat' dir='ltr'><strong>ﬁdes</strong></span> <span class='ocrx_word' id='word_1_864' title='bbox 2697 5260 2750 5312; x_wconf 92' lang='lat' dir='ltr'><strong>in</strong></span> <span class='ocrx_word' id='word_1_865' title='bbox 2780 5257 3083 5321; x_wconf 85' lang='lat' dir='ltr'><strong>Christum,</strong></span> <span class='ocrx_word' id='word_1_866' title='bbox 3137 5271 3257 5323; x_wconf 69' lang='lat' dir='ltr'><strong>quae</strong></span> <span class='ocrx_word' id='word_1_867' title='bbox 3287 5253 3427 5308; x_wconf 83' lang='lat' dir='ltr'><strong>divi-</strong></span> 
     </span>
    </p>
   </div>
   <div class='ocr_carea' id='block_1_116' title="bbox 1855 5346 3422 5427">
    <p class='ocr_par' dir='ltr' id='par_1_116' title="bbox 1855 5346 3422 5427">
     <span class='ocr_line' id='line_1_116' title="bbox 1855 5346 3422 5427; baseline -0.01 -13"><span class='ocrx_word' id='word_1_868' title='bbox 1855 5375 1955 5414; x_wconf 92' lang='lat' dir='ltr'><strong>nos</strong></span> <span class='ocrx_word' id='word_1_869' title='bbox 1988 5373 2207 5427; x_wconf 87' lang='lat' dir='ltr'><strong>quoque</strong></span> <span class='ocrx_word' id='word_1_870' title='bbox 2229 5357 2284 5410; x_wconf 90' lang='lat' dir='ltr'><strong>in</strong></span> <span class='ocrx_word' id='word_1_871' title='bbox 2313 5355 2473 5409; x_wconf 89' lang='lat' dir='ltr'><strong>nobis</strong></span> <span class='ocrx_word' id='word_1_872' title='bbox 2501 5353 2846 5408; x_wconf 88' lang='lat' dir='ltr'><strong>characteres</strong></span> <span class='ocrx_word' id='word_1_873' title='bbox 2904 5349 3184 5421; x_wconf 89' lang='lat' dir='ltr'><strong>imprimit.</strong></span> <span class='ocrx_word' id='word_1_874' title='bbox 3235 5346 3422 5413; x_wconf 85' lang='lat' dir='ltr'><strong>Itaque</strong></span> 
     </span>
    </p>
   </div>
   <div class='ocr_carea' id='block_1_117' title="bbox 1855 5436 3422 5514">
    <p class='ocr_par' dir='ltr' id='par_1_117' title="bbox 1855 5436 3422 5514">
     <span class='ocr_line' id='line_1_117' title="bbox 1855 5436 3422 5514; baseline -0.01 -8"><span class='ocrx_word' id='word_1_875' title='bbox 1855 5466 1952 5506; x_wconf 88' lang='lat' dir='ltr'><strong>eos</strong></span> <span class='ocrx_word' id='word_1_876' title='bbox 1973 5455 2121 5502; x_wconf 88' lang='lat' dir='ltr'><strong>certe</strong></span> <span class='ocrx_word' id='word_1_877' title='bbox 2147 5446 2240 5514; x_wconf 90' lang='lat' dir='ltr'><strong>qui</strong></span> <span class='ocrx_word' id='word_1_878' title='bbox 2281 5461 2311 5500; x_wconf 89' lang='lat' dir='ltr'><strong>e</strong></span> <span class='ocrx_word' id='word_1_879' title='bbox 2339 5442 2653 5513; x_wconf 85' lang='lat' dir='ltr'><strong>perfectiori</strong></span> <span class='ocrx_word' id='word_1_880' title='bbox 2707 5441 3019 5513; x_wconf 80' lang='lat' dir='ltr'><strong>cognitione</strong></span> <span class='ocrx_word' id='word_1_881' title='bbox 3043 5438 3108 5494; x_wconf 88' lang='lat' dir='ltr'><strong>ad</strong></span> <span class='ocrx_word' id='word_1_882' title='bbox 3150 5436 3422 5490; x_wconf 84' lang='lat' dir='ltr'><strong>minorem</strong></span> 
     </span>
    </p>
   </div>
   <div class='ocr_carea' id='block_1_118' title="bbox 218 5637 1756 5732">
    <p class='ocr_par' dir='ltr' id='par_1_118' title="bbox 218 5645 1756 5732">
     <span class='ocr_line' id='line_1_118' title="bbox 218 5645 1756 5732; baseline -0.018 -16"><span class='ocrx_word' id='word_1_883' title='bbox 218 5655 328 5732; x_wconf 44' lang='grc' dir='ltr'>ν’,ιι</span> <span class='ocrx_word' id='word_1_884' title='bbox 357 5653 512 5710; x_wconf 85' lang='lat' dir='ltr'><strong>Tim.</strong></span> <span class='ocrx_word' id='word_1_885' title='bbox 537 5665 605 5712; x_wconf 86' lang='grc' dir='ltr'><strong>ιι,</strong></span> <span class='ocrx_word' id='word_1_886' title='bbox 635 5646 725 5699; x_wconf 78' lang='grc'><strong>14.</strong></span> <span class='ocrx_word' id='word_1_887' title='bbox 789 5645 834 5677; x_wconf 80' lang='grc'><strong>⁸⁸</strong></span> <span class='ocrx_word' id='word_1_888' title='bbox 861 5645 1030 5700; x_wconf 75' lang='lat' dir='ltr'><strong>Exod.</strong></span> <span class='ocrx_word' id='word_1_889' title='bbox 1064 5661 1170 5710; x_wconf 76' lang='lat' dir='ltr'><strong>xxi,</strong></span> <span class='ocrx_word' id='word_1_890' title='bbox 1199 5645 1286 5710; x_wconf 60' lang='grc' dir='ltr'><strong>Ἠ,</strong></span> <span class='ocrx_word' id='word_1_891' title='bbox 1320 5647 1407 5700; x_wconf 70' lang='lat'><strong>25.</strong></span> <span class='ocrx_word' id='word_1_892' title='bbox 1467 5645 1506 5677; x_wconf 71' lang='grc' dir='ltr'><strong>ει</strong></span> <span class='ocrx_word' id='word_1_893' title='bbox 1542 5645 1699 5698; x_wconf 82' lang='lat' dir='ltr'><strong>Deut.</strong></span> <span class='ocrx_word' id='word_1_894' title='bbox 1731 5659 1756 5696; x_wconf 65' lang='grc' dir='ltr'><strong>ιτ</strong></span> 
     </span>
    </p>
   </div>
   <div class='ocr_carea' id='block_1_119' title="bbox 1861 5637 2469 5732">
    <p class='ocr_par' dir='ltr' id='par_1_119' title="bbox 1861 5637 2469 5699">
     <span class='ocr_line' id='line_1_119' title="bbox 1861 5637 2469 5699; baseline -0.008 -5"><span class='ocrx_word' id='word_1_895' title='bbox 1861 5642 1940 5697; x_wconf 75' lang='grc'><strong>18.</strong></span> <span class='ocrx_word' id='word_1_896' title='bbox 2005 5638 2046 5669; x_wconf 68' lang='grc' dir='ltr'>θ’</span> <span class='ocrx_word' id='word_1_897' title='bbox 2089 5639 2187 5692; x_wconf 74' lang='lat' dir='ltr'><strong>Isa.</strong></span> <span class='ocrx_word' id='word_1_898' title='bbox 2219 5637 2469 5699; x_wconf 73' lang='lat' dir='ltr'><strong>xxv1,18.</strong></span> 
     </span>
    </p>
   </div>
  </div>
