3966 6298
583 230 687 286 547

1575 227 1632 283 S.
1673 227 1947 282 CYRILLI
1986 224 2455 281 ALEXANDRINI
2493 223 2811 281 ARCHIEP.

3738 232 3844 291 548

584 349 642 396 et
693 337 1160 410 imperfectiorem
1207 339 1373 392 stulte
1427 338 1774 394 deduxerant
1814 337 2040 410 (Galatae
2099 333 2157 390 hi

2263 335 2404 390 κατά
2434 336 2611 407 σάρκα
2643 333 2922 388 τελείωσιν
2951 334 3300 407 ἐπετήδευον,
3330 337 3410 400 είς
3440 337 3538 411 τὴν
3557 337 3653 393 τοῦ
3680 342 3842 413 νόμου

582 432 790 502 erant),
829 431 1217 503 alloquebatur
1233 429 1433 484 beatus
1456 430 1681 496 Paulus,
1734 429 1968 485 dicens:
2021 448 2037 478 ι
2068 427 2159 480 Fi-

586 525 700 579 lioli
745 523 887 586 mei,
944 537 1085 591 quos
1149 521 1352 573 iterum
1413 519 1684 588 parturio,
1737 518 1915 572 donec
1957 517 2162 572 forme-

587 630 678 674 tur
701 619 954 675 Christus
992 617 1047 670 in
1103 617 1261 670 vobis
1319 615 1385 669 ⁸⁹.
1418 635 1435 666 ι
1488 614 1624 670 Cum
1671 615 1820 669 enim
1869 614 2164 684 cmpissent

581 707 806 779 spiritu,
832 706 1014 760 carnis
1037 704 1436 774 perfectionem
1463 704 1531 757 ad
1555 705 1783 774 legalem
1813 705 2021 758 cultum
2054 713 2164 758 tra—

579 797 757 860 ducti,
783 793 1156 856 sectabantur,
1176 793 1247 846 ob
1278 807 1508 862 eamque
1524 807 1742 846 causam
1767 792 2078 847 efficiebant
2105 803 2166 846 ut

586 889 644 942 in
676 887 874 956 seipsis
900 885 992 939 illa
1020 885 1227 940 Christi
1262 884 1518 938 formatio
1558 883 1627 938 ad
1655 883 1820 938 ﬁnem
1874 884 2165 954 perfectio-

585 993 821 1048 nemque
849 977 1075 1031 minime
1102 976 1440 1046 perveniret,
1472 975 1680 1029 bonum
1732 975 1868 1029 illud
1911 976 2058 1045 quod
2108 977 2164 1029 in

587 1071 722 1140 ipsis
745 1078 1004 1138 tanquam
1039 1069 1093 1121 in
1151 1075 1309 1122 utero
1338 1068 1581 1137 positum
1629 1075 1770 1133 erat,
1803 1069 1956 1123 velut
1997 1069 2164 1123 abor-

585 1161 806 1214 tientes.
836 1159 1009 1229 Igitur
1045 1157 1134 1210 illa
1178 1157 1510 1227 cognitionis
1563 1157 1848 1227 perfectio,
1901 1167 1959 1212 et
2005 1160 2160 1230 2,61

585 1250 872 1320 integritas
909 1248 1054 1314 ﬁdei,
1101 1247 1404 1303 Salvatoris
1457 1249 1634 1302 nostri
1688 1249 2070 1306 formationem
2108 1251 2165 1304 in

583 1351 802 1395 nostros
831 1339 1078 1392 omnium
1103 1339 1316 1393 animos
1372 1338 1616 1404 inducet,
1647 1353 1821 1408 eaque
1866 1356 1955 1394 res
2006 1341 2166 1394 nobis

585 1433 761 1487 instar
793 1432 964 1487 divini
1015 1431 1301 1500 cujusdam
1349 1431 1577 1486 seminis
1625 1431 1750 1485 erit.
1799 1431 1938 1486 Cum
1998 1433 2166 1502 igitur

581 1524 948 1593 quorumdam
1024 1523 1318 1577 verborum
1387 1523 1838 1578 contentionibus
1915 1522 2166 1577 nonnulli

2263 426 2519 496 λατρείαν
2560 425 3049 496 μετενηνεγμένον
3093 425 3355 496 ταύτῃτοι
3413 427 3509 492 καὶ
3556 429 3846 501 ἀτελεσφό-

2267 534 2429 588 ρητον
2451 519 2510 572 ὲν
2541 519 2752 580 ἑαυτοῖς
2787 516 2888 588 τὴν
2911 516 3008 570 τοῦ
3054 517 3294 588 Χριστοῦ
3330 519 3615 590 μόρφωσιν
3644 523 3842 578 ἀπετέ-

2263 611 2410 676 λουν,
2459 609 2623 663 οίονεί
2655 627 2773 673 πως
2818 609 3299 680 ἀπαμϐλίσκοντες
3343 611 3403 664 τὸ
3443 611 3500 666 ἐν
3551 631 3616 682 γε
3661 615 3843 684 σφίσιν

2263 703 2446 764 αὐτοῖς
2473 702 2548 765 ὡς
2592 703 2650 756 ὲν
2703 700 2858 771 νηδύϊ
2903 701 3156 771 κείμενον
3185 701 3408 770 ἀγαθόν.
3456 704 3663 759 Οὐκοῦν
3693 707 3754 760 τὸ
3787 709 3844 761 έν

2261 789 2462 858 γνώσει
2502 791 2708 843 τέλειον
2760 790 2855 843 καὶ
2913 791 2974 844 τὸ
3023 792 3325 862 ἀκραιφνὲς
3369 796 3451 857 είς
3497 796 3699 862 πίστιν,
3751 796 3842 850 τοῦ

2264 881 2513 951 Σωτῆρος
2541 882 2640 951 τὴν
2666 881 2948 952 μόρφωσιν
2970 885 3089 947 ταῖς
3117 883 3373 939 ἁπάντων
3398 887 3557 957 ἡμῶν
3575 889 3845 942 είσοικιεῖ-

2262 987 2353 1022 ται
2391 969 2615 1040 ψυχαῖς,
2664 972 2760 1024 καὶ
2797 972 2957 1025 τοῦτο
3008 975 3065 1024 ὲν
3091 976 3240 1045 ἡμῖν
3285 975 3362 1040 ὡς
3412 976 3534 1031 θεία
3581 996 3664 1042 τις
3693 978 3844 1032 ἔσται

2266 1062 2464 1133 σπορά.
2513 1061 2682 1114 Ὅταν
2711 1063 2890 1114 τοίνυν
2920 1063 2996 1127 ὡς
3047 1063 3154 1116 ἀπό
3184 1081 3247 1132 γε
3279 1067 3378 1137 τῆς
3409 1084 3570 1121 τινων
3613 1069 3846 1139 λογομα-

2264 1152 2388 1224 χίας
2440 1151 2875 1216 σκανδαλίζοιντό
2926 1171 3104 1217 τινες·
3149 1151 3268 1209 εἶτα
3317 1159 3349 1227 ὴ
3401 1157 3560 1212 τοῦτο
3598 1158 3846 1212 παθοῦσα

2263 1245 2431 1316 ψυχὴ,
2463 1245 2563 1316 τὴν
2601 1245 2676 1304 ὼς
2716 1246 2774 1299 ὲν
2805 1245 2960 1298 ὠδίσι
2999 1246 3285 1318 κειμένην,
3326 1249 3420 1302 καὶ
3458 1251 3538 1312 εἰς
3576 1249 3701 1303 νοῦν
3738 1249 3845 1303 ἔσω

2269 1335 2799 1406 τεθησαυρισμένην,
2847 1335 3222 1403 ἀπαμϐλίσκοι
3255 1338 3438 1391 πίστιν
3482 1355 3541 1390 τε
3582 1340 3680 1392 καὶ
3702 1339 3845 1408 γνῶ-

2269 1446 2372 1494 σιν,
2411 1430 2459 1481 εί
2491 1429 2586 1499 μὲν
2633 1429 2739 1498 εἴη,
2781 1429 2934 1496 φησὶ,
2969 1428 3042 1498 μὴ
3065 1428 3494 1500 ὲξεικονισμένη,
3535 1431 3836 1494 τουτέστιν,

2267 1522 2316 1573 εί
2372 1519 2569 1588 ἀτελὴς
2613 1518 2694 1572 ἔτι
2736 1520 2831 1572 καὶ
2883 1520 3258 1592 ἀκαλλεστέρα
3285 1560 3298 1584 ,
3341 1521 3544 1592 ζημίαν
3580 1523 3843 1592 ὑπομενεῖ

583 1614 1060 1681 scandalizantur;
1095 1614 1294 1668 deinde
1325 1614 1508 1667 anima
1559 1615 1614 1668 id
1664 1629 1954 1684 perpessa,
2013 1614 2158 1667 illam

2272 1611 2448 1681 πάντη
2489 1627 2548 1662 τε
2585 1609 2678 1662 καὶ
2714 1609 2931 1672 πάντως
2979 1611 3008 1662 6
3040 1609 3136 1662 τοῦ
3187 1609 3484 1663 σκανδάλου
3518 1611 3842 1681 παραίτιος,

582 1721 749 1776 quam
776 1706 832 1759 in
859 1713 1018 1760 utero
1047 1706 1314 1776 gestabat,
1358 1712 1414 1759 et
1442 1705 1496 1758 in
1534 1706 1718 1759 animo
1742 1705 1934 1760 intime
1967 1721 2158 1760 recon-

2265 1707 2337 1775 ήν
2364 1704 2430 1758 ἂν
2455 1702 2710 1773 ἐπιϐάλῃ,
2746 1703 2930 1772 φησὶν,
2960 1703 2990 1754 6
3022 1702 3226 1772 ταύτης
3265 1702 3495 1772 νυμφίος
3518 1743 3532 1768 ,
3565 1703 3841 1768 τουτέστι,

583 1797 756 1852 ditam
790 1797 1052 1861 habebat,
1105 1796 1268 1851 ﬁdem
1301 1804 1359 1850 et
1385 1797 1754 1865 cognitionem
1810 1797 2155 1861 abortiverit,

582 1889 876 1957 siquidem,
928 1889 1126 1957 inquit,
1160 1888 1404 1942 nondum
1456 1887 1686 1942 formata
1741 1888 1926 1953 fuerit,
1964 1888 2018 1942 id
2053 1896 2156 1953 est,

583 1980 765 2033 adhuc
811 1979 1133 2048 imperfecta
1186 1986 1242 2033 et
1293 1978 1586 2043 informis,
1653 1979 1884 2033 multam
1933 1979 2159 2033 omnino

581 2071 897 2137 sustinebit,
926 2072 1022 2141 qui
1063 2071 1308 2126 scandali
1335 2087 1558 2127 causam
1596 2072 1769 2136 dedit,
1818 2089 1982 2143 quam
2017 2072 2161 2127 indi-

581 2164 746 2229 xerit,
777 2164 978 2233 inquit,
1022 2164 1173 2218 illius
1224 2179 1486 2234 sponsus,
1537 2180 1736 2235 nempe
1764 2165 2056 2233 Christus;
2104 2175 2161 2222 et

581 2253 734 2308 dabit
757 2268 882 2307 cum
907 2253 1302 2323 postulatione,
1337 2255 1536 2324 inquit,
1573 2255 1627 2309 id
1649 2263 1752 2320 est,
1790 2257 1993 2326 gratias
2016 2263 2157 2327 aget,

579 2341 727 2411 quod
768 2357 878 2396 non
918 2343 1095 2412 plenae
1132 2343 1461 2412 perditionis
1493 2359 1712 2414 ptenam
1753 2346 2043 2401 sustineat.
2091 2345 2162 2399 At

581 2431 626 2486 si
652 2431 956 2501 spiritualis
981 2432 1153 2486 animi
1212 2432 1360 2488 fetus
1386 2434 1708 2488 eﬂ'ormatus
1752 2433 1941 2498 fuerit,
1967 2435 2020 2488 id
2053 2443 2157 2498 est,

579 2521 625 2575 si
656 2521 898 2591 cognitio
928 2536 994 2575 ac
1040 2521 1176 2575 fides
1217 2522 1606 2578 formationem
1633 2523 1840 2578 Christi
1882 2524 2156 2590 habuerit,

578 2619 831 2666 extremo
882 2613 1155 2680 supplicio
1187 2615 1512 2683 subjacebit,
1550 2622 1612 2668 ut
1670 2614 1764 2682 qui
1806 2615 1919 2684 jam
1983 2615 2162 2670 homi-

580 2703 701 2758 cida
733 2703 834 2757 sit:
862 2719 988 2756 nam
1016 2705 1244 2774 integrae
1275 2705 1400 2759 ﬁdei
1426 2705 1668 2770 amissio,
1693 2715 1750 2760 et
1796 2706 2054 2776 perfectae
2070 2723 2160 2763 co-

579 2795 844 2867 gnitionis
860 2796 1098 2866 jactura,
1125 2811 1275 2849 mors
1320 2804 1404 2850 est
1430 2797 1645 2855 animae.
1695 2797 1884 2867 Itaque
1932 2800 2156 2868 partici-

577 2902 702 2958 pem
731 2902 852 2942 esse
903 2887 1238 2942 nefariarum
1266 2883 1708 2958 persuasionum,
1758 2905 1821 2944 ac
1846 2906 2160 2946 sermonum

577 2993 718 3048 quos
740 2978 998 3033 habuerit
1025 2979 1070 3034 is
1129 2980 1224 3049 qui
1273 2995 1400 3034 esca
1455 2980 1728 3036 diabolica
1770 2981 1947 3037 factus
1968 2993 2073 3047 est,
2105 2991 2160 3036 et

578 3067 888 3123 daemonum
911 3071 1090 3140 gregis
1121 3071 1293 3124 veluti
1343 3071 1521 3136 cibus,
1571 3087 1688 3126 rem
1723 3072 1994 3143 impuram
2031 3089 2152 3129 esse

579 3161 686 3214 ait:
715 3160 879 3230 idque
921 3161 1178 3231 prohibet
1210 3179 1452 3229 rursum,
1479 3172 1738 3233 tanquam
1787 3179 1886 3234 per
1921 3166 2154 3235 aenigma

575 3252 798 3308 dicens:
835 3273 853 3305 ι
876 3253 944 3308 Ει
966 3269 1187 3309 carnem
1207 3263 1420 3323 captam
1453 3270 1484 3308 a
1514 3255 1691 3310 bestia
1738 3271 1850 3310 non
1893 3257 2152 3312 comede-

577 3343 648 3398 tis
683 3362 694 3396 :
725 3344 850 3399 cani
896 3345 1147 3414 projicite
1192 3345 1341 3398 illam
1365 3343 1432 3398 ⁸⁸.
1467 3364 1486 3396 ι
1530 3345 1646 3399 Mos
1688 3353 1772 3400 est
1820 3347 1970 3400 enim
2006 3347 2156 3402 Scri-

577 3445 751 3504 pturae
803 3450 994 3489 canem
1040 3436 1317 3506 appellare
1357 3435 1734 3506 impudentem
1770 3445 1828 3492 et
1873 3439 2150 3509 impurum

577 3526 854 3581 hominem
881 3545 892 3579 :
922 3528 1261 3582 conveniens
1279 3536 1364 3582 est
1395 3536 1581 3589 autem
1622 3529 1891 3599 ejusmodi
1917 3530 2147 3596 homini,

575 3628 637 3674 ut
660 3619 876 3688 Opinor,
902 3619 1087 3688 quivis
1132 3635 1315 3673 sermo
1366 3619 1615 3688 impurus
1638 3621 1702 3674 ac
1725 3619 1948 3686 fetidus,
1982 3632 2037 3678 et
2078 3625 2148 3680 ab

575 3711 696 3778 ipso
722 3709 1030 3762 Beelzebub
1047 3709 1404 3777 compositus,
1428 3717 1686 3779 tanquam
1717 3726 1748 3765 a
1791 3712 1906 3767 fera
1943 3714 2146 3781 bellua,

575 3816 697 3869 quae
726 3800 1001 3855 subditam
1025 3799 1130 3853 sibi
1178 3808 1234 3854 et
1255 3800 1310 3855 in
1336 3815 1400 3854 ea
1424 3816 1484 3855 re
1497 3801 1893 3871 obsequentem
1911 3807 2148 3861 animam

575 3895 732 3940 vorat
759 3906 772 3940 :
804 3906 822 3937 ε
853 3887 1024 3942 Nemo
1056 3887 1202 3941 enim
1223 3887 1378 3952 dicit,
1404 3888 1708 3944 Anathema
1742 3891 1921 3957 Jesus,
1949 3894 2062 3948 nisi
2091 3895 2147 3949 in

573 3977 882 4033 Beelzebub
929 3979 1039 4032 ".0
1099 3979 1145 4033 A
1191 3981 1396 4034 sanctis
1454 3988 1641 4034 autem
1703 3983 1838 4038 viris
1875 3986 2146 4054 ejusmodi

2273 1795 2508 1866 Χριστός
2527 1811 2541 1826 ·
2578 1797 2674 1848 καὶ
2699 1794 2859 1847 δώσει
2889 1794 3028 1865 μετὰ
3056 1794 3363 1865 ἀξιώματος
3387 1838 3402 1862 ,
3429 1795 3676 1850 τουτέστι
3698 1838 3713 1861 ,
3745 1797 3842 1850 καὶ⁵

2262 1886 2598 1956 ὁμολογείτω
2633 1885 2816 1957 χάριν,
2851 1884 2926 1955 μὴ
2963 1885 3062 1956 τὴν
3087 1886 3168 1948 είς
3200 1884 3422 1956 ὄλεθρον
3452 1885 3686 1958 παντελῆ
3715 1903 3838 1940 ποι-

2262 1977 2358 2048 νὴν
2380 1976 2637 2039 ὑποστάς.
2670 1977 2732 2029 El
2761 1975 2816 2028 δὲ
2840 1974 2924 2045 είη
2943 2015 2958 2038 ,
2987 1975 3172 2046 φησὶν,
3208 1978 3634 2046 ὲξεικονισμένον
3655 1977 3717 2030 τὸ
3745 1977 3846 2046 τῆς

2260 2067 2443 2137 ψυχῆς
2495 2065 2686 2136 κύημα
2715 2066 2924 2136 νοητὸν,
2962 2066 3262 2131 τουτέστιν,
3312 2069 3361 2120 εί
3391 2067 3594 2136 γνῶσις
3632 2066 3719 2136 είη
3749 2067 3848 2121 καὶ

2263 2159 2444 2222 πίστις
2485 2157 2578 2211 τοῦ
2617 2157 2854 2227 Χριστοῦ
2902 2157 3140 2228 φοροῦσα
3201 2157 3500 2228 μόρφωσιν,
3548 2161 3658 2220 τοῖς
3712 2157 3848 2228 περὶ

2263 2251 2372 2303 τῶν
2401 2249 2645 2319 ἐσχάτων
2693 2247 3043 2301 ὑποκείσεται
3094 2248 3307 2316 λόγοις,
3349 2249 3424 2312 ὡς
3463 2249 3564 2318 ἤδη
3597 2249 3692 2302 καὶ
3741 2265 3845 2317 φο-

2262 2341 2446 2410 νευτή.
2475 2341 2664 2409 Ψυχῆς
2687 2338 2793 2410 γάρ
2821 2339 3122 2408 θάνατος,ή
3150 2339 3250 2408 τῆς
3279 2339 3582 2408 ἀμωμήτου
3608 2339 3849 2402 πίστεως

2261 2430 2538 2493 ἀπόθεσις,
2571 2431 2665 2482 καὶ
2697 2431 2795 2499 τῆς
2825 2430 3030 2499 ἀρτίως
3055 2429 3285 2499 ἐχούσης
3313 2429 3619 2500 γνώσεωςή
3645 2429 3846 2500 ζημία.

2261 2521 2548 2589 Τοιγάρτοι
2576 2520 2638 2572 τὸ
2668 2523 2863 2591 χρῆναι
2897 2520 3220 2590 μεταλαχεϊν
3254 2520 3486 2572 ἀνοσίων
3518 2523 3842 2590 είσηγημά-

2260 2633 2390 2682 των,
2434 2615 2528 2667 καὶ
2565 2608 2641 2666 ὧν
2669 2611 2736 2666 ἂν
2765 2614 2970 2665 ποιοῖτο
2994 2611 3188 2680 λόγων,
3213 2611 3372 2682 ἀνὴρ,
3403 2609 3644 2679 γεγονὼς
3679 2613 3848 2666 κατά-

2263 2706 2460 2777 ϐρωμα
2503 2702 2832 2768 διαϐολικὸν,
2875 2704 3101 2773 καὶτῆς
3147 2703 3257 2756 τῶν
3299 2703 3597 2773 δαιμονίων
3639 2703 3849 2776 ἀγέλης

2260 2798 2420 2851 οίονεί
2451 2814 2567 2858 πως
2595 2795 2792 2867 τροφὴ,
2826 2795 3102 2866 μολυσμὸν
3135 2791 3276 2850 εἷναί
3310 2813 3476 2866 φησι·
3504 2796 3600 2850 καὶ
3622 2797 3850 2866 ἀποφά·

2265 2909 2384 2945 σκει
2412 2891 2597 2953 πάλιν,
2622 2890 2698 2952 ὡς
2730 2891 2788 2942 ὲν
2818 2889 3102 2960 αἰνίγματι
3125 2889 3320 2958 λέγων,
3356 2909 3373 2941 ι
3412 2888 3521 2942 Καὶ
3552 2891 3721 2960 κρέας
3753 2891 3850 2962 01;-

2186 3013 2227 3070 ε
2267 2984 2525 3057 ριάλωτον
2557 2983 2656 3036 οὐκ
2699 2981 2917 3035 έδεσθε·
2953 2981 3032 3051 τῷ
3074 2983 3198 3035 κυνὶ
3231 2982 3576 3054 ἀπορρίψατε
3622 2983 3782 3036 αὐτό.
3825 3003 3843 3033 ι

2260 3077 2414 3132 Κύνα
2447 3075 2544 3145 μὲν
2579 3075 2706 3145 γὰρ,
2744 3073 2834 3126 τὸν
2864 3073 3057 3142 ἀναιδῆ
3085 3074 3178 3126 καὶ
3209 3072 3516 3144 ἀκάθαρτον
3551 3073 3849 3144 ἄνθρωπον

2260 3167 2544 3239 ὀνομάζειν
2571 3166 2691 3231 ἔθος
2726 3171 2794 3238 τῇ
2823 3166 2945 3238 θείᾳ
2977 3168 3189 3238 Γραφῇ.
3241 3167 3458 3238 Πρέπον
3483 3167 3526 3219 δ’
3561 3166 3625 3221 ἂν
3650 3167 3738 3238 εἴη
3765 3168 3850 3238 τῷ

2256 3259 2444 3329 τοιῷδε
2466 3259 2647 3330 τυχὸν,
2669 3260 2812 3322 am;
2835 3277 2917 3320 τις
2946 3254 3058 3324 οὖν,
3081 3254 3256 3328 οἶμαι,
3277 3259 3432 3327 λόγος
3461 3259 3710 3330 βδελυρὸς
3747 3262 3849 3314 καὶ

2257 3349 2517 3422 δυσώδης,
2545 3353 2640 3406 καὶ
2678 3352 2738 3416 ὲξ
2764 3351 2927 3406 αὐτοῦ
2960 3351 3316 3419 συγκείμενος
3346 3352 3443 3405 τοῦ
3483 3352 3846 3416 Βεελζεϐοὺλ,

2260 3443 2335 3505 ὼς
2384 3442 2551 3514 θηρὸς
2601 3444 2796 3515 ἀγρίου
2848 3444 3266 3515 κατεδηδοκότος
3308 3444 3407 3515 τὴν
3455 3444 3849 3500 ὑποπεσοῦσαν

2257 3533 2406 3604 αὑτῷ
2431 3535 2525 3588 καὶ
2551 3535 2928 3606 ὑπηρετοῦσαν
2957 3537 3034 3598 είς
3057 3535 3216 3588 τοῦτο
3243 3535 3418 3606 ψυχήν
3437 3551 3452 3566 ο
3493 3555 3510 3587 ι
3544 3535 3704 3605 Λέγει
3732 3535 3850 3606 γὰρ

2257 3626 2451 3690 οὐδεὶς,
2494 3627 2764 3698 Ἀνάθεμα
2816 3625 3052 3696 Ἰησοῦς,
3093 3629 3140 3680 εί
3178 3627 3252 3697 μὴ
3301 3629 3361 3680 ἐν
3408 3626 3759 3691 Βεελζεϐούλ.
3824 3649 3843 3679 ι

2269 3717 2473 3787 Ἀγίοις
2510 3735 2574 3788 γε
2613 3723 2737 3790 μὴν
2768 3719 2830 3772 τὸ
2875 3721 2932 3772 ἐν
2977 3719 3192 3790 μεθέξει
3225 3719 3482 3788 γενέσθαι
3521 3720 3630 3774 τῶν
3659 3719 3846 3785 οὕτως

2257 3809 2561 3880 αἰσχρῶνῆ
2604 3810 3103 3881 κεκιϐδηλευμένων
3144 3811 3360 3864 ἐννοιῶν
3391 3824 3451 3864 τε
3501 3811 3594 3864 καὶ
3636 3811 3846 3880 λόγων,

2255 3900 2596 3972 ἀνάρμοστον
2639 3901 2854 3972 κομιδῇ.
2897 3918 2916 3952 ι
2971 3901 3239 3955 Κοινωνία
3274 3901 3383 3972 γὰρ
3425 3902 3650 3973 οὐδεμία
3698 3903 3850 3972 φωτὶ

2257 3994 2393 4065 πρὸς
2418 3995 2626 4055 σκότος.
2667 4013 2686 4046 ›

573 4069 817 4138 turpium
862 4085 926 4124 ac
1000 4069 1262 4125 falsarum
1317 4072 1714 4126 sententiarum
1756 4075 1920 4129 simul
1969 4085 2134 4147 atque
2207 4097 2521 4138 sermonum
2584 4082 2936 4152 participatio
2979 4096 3206 4152 prorsus
3241 4091 3328 4137 est
3373 4081 3581 4136 aliena:
3617 4101 3636 4134 ι
3666 4083 3847 4140 Nulla

569 4168 656 4214 est
687 4161 836 4214 enim
858 4160 1150 4214 conventio
1178 4161 1319 4216 lucis
1341 4162 1409 4216 ad
1438 4163 1694 4219 tenebras
1725 4165 1790 4219 ⁸⁸.
1819 4186 1836 4216 ι

643 4251 836 4309 PALL.
887 4251 965 4305 Ita
985 4259 1087 4305 est.
1421 4245 1426 4253 ’

638 4341 796 4398 CYR.
841 4343 976 4396 Esse
1022 4351 1205 4396 autem
1259 4342 1327 4398 iis
1386 4344 1723 4415 vigilandum
1767 4348 1861 4418 qui
1908 4350 2152 4422 magistri

569 4435 737 4490 creati
784 4433 894 4488 sint
923 4443 978 4488 et
1025 4434 1194 4488 duces
1237 4451 1492 4506 gregum,
1541 4454 1738 4494 rursus
1783 4441 1974 4496 edixit.
2019 4442 2154 4508 Quis

568 4534 751 4580 autem
788 4525 842 4578 in
877 4541 941 4578 ea
972 4541 1031 4580 re
1067 4527 1362 4595 probitatis
1397 4529 1595 4584 modus
1641 4547 1670 4585 a
1706 4533 1868 4588 nobis
1904 4535 2152 4604 praestari

568 4616 786 4680 debeat,
821 4616 1056 4671 latenter
1105 4617 1311 4672 indicat
1343 4619 1398 4672 in
1429 4619 1692 4687 Levitico,
1719 4622 1909 4678 dicens
1947 4643 1959 4676 :
2009 4645 2026 4675 ι
2049 4627 2152 4680 Pe-

567 4705 737 4760 cudes
784 4713 906 4760 tuas
959 4721 1069 4760 non
1117 4721 1394 4777 suppones
1437 4709 1656 4765 diverso
1703 4713 1890 4783 generi
1927 4732 1938 4766 :
1974 4723 2031 4769 et
2067 4715 2151 4768 vi-

565 4810 726 4850 neam
788 4805 935 4850 tuam
995 4811 1105 4850 non
1162 4813 1313 4852 seres
1378 4799 1614 4855 diversis
1673 4804 1975 4860 seminibus
2037 4807 2147 4859 ⁵⁷.»

569 4886 726 4957 262
756 4885 1024 4958 Gregibus
1055 4889 1202 4943 enim
1228 4905 1520 4959 caprarum
1549 4903 1605 4947 et
1631 4895 1838 4960 ovium,
1865 4906 1958 4951 aut
1983 4899 2156 4954 vinea:

565 4979 863 5048 persimilis
914 4996 1035 5034 esse
1073 4981 1235 5050 plane
1267 4983 1542 5037 censenda
1566 4995 1650 5039 est
1703 4988 1934 5057 subjecti
1967 4992 2155 5060 populi

568 5065 878 5121 multitudo.
907 5069 1122 5123 Dictum
1168 5077 1250 5124 est
1288 5070 1434 5125 enim
1470 5071 1631 5127 beato
1665 5075 1830 5130 Petro
1869 5095 1880 5129 :
1919 5098 1938 5128 ‹
1966 5079 2155 5134 Simon

563 5152 736 5218 Jona,
781 5156 966 5227 diligis
1009 5161 1134 5215 me?
1178 5176 1338 5230 pasce
1383 5177 1552 5232 agnos
1577 5179 1764 5231 meos,
1816 5183 1977 5236 pasce
2015 5185 2144 5227 oves

564 5261 714 5302 meas
737 5249 799 5302 ⁸⁸.
833 5268 851 5300 ›
890 5251 1160 5307 Ρτκιοι-οο
1205 5254 1272 5308 de
1323 5253 1448 5310 filiis
1476 5255 1637 5310 Israel
1680 5260 1946 5329 propheta
1976 5263 2144 5318 Isaias

560 5336 701 5393 dixit
735 5358 745 5393 :
788 5360 806 5390 ι
830 5340 1001 5396 Vinea
1027 5344 1174 5399 enim
1212 5347 1426 5401 Domini
1454 5347 1723 5415 Sabaoth,
1759 5351 1955 5408 domus
1976 5355 2140 5411 Israel

558 5435 679 5494 est;
706 5437 761 5484 et
807 5431 972 5485 homo
1003 5431 1142 5488 Juda
1163 5474 1177 5499 ,
1205 5451 1428 5505 germen
1468 5439 1727 5496 dilectum
1749 5442 1815 5497 ".
1848 5463 1866 5494 ι
1901 5445 2142 5501 Pastoris

668 5568 1162 5657 fiGalant.'1v,l9._
1201 5577 1246 5607 ⁸⁵
1275 5578 1595 5648 Exodxxn,
1629 5587 1714 5639 3|.
1794 5589 1838 5621 ⁸³
1872 5590 1891 5643 l
1931 5589 2057 5645 Cor.
2087 5608 2180 5657 xu,
2223 5593 2273 5648 5.

543 5635 644 5732 ⁵ίίί
667 5637 750 5693 17.
841 5642 885 5674 ⁸³
912 5635 1014 5696 lsa.
1038 5659 1088 5707 ν,
1132 5645 1182 5696 7.

2193 4270 2242 4328 D
2339 4261 2542 4312 ΠΑΛΛ.
2605 4258 2847 4329 Ἀληθές.

2326 4351 2490 4404 ΚΥΡ.
2529 4349 2920 4421 Ἐγρηγορέναι
2939 4349 2995 4402 δὲ
3017 4349 3098 4402 ὄτι
3126 4349 3395 4420 προσήκει
3424 4350 3550 4413 τοὺς
3574 4349 3849 4424 καθηγεῖ-

2255 4440 2378 4495 σθαι
2405 4439 2669 4512 λαχόντας
2692 4478 2707 4504 ,
2742 4439 2836 4492 καὶ
2879 4440 3213 4510 ἡγουμένους
3240 4439 3526 4510 ποιμνίων,
3560 4457 3846 4513 κατεχρη-

2255 4533 2508 4604 σμῲδησε
2552 4531 2736 4587 πάλιν.
2781 4533 2878 4594 Τίς
2919 4533 2964 4586 δ’
2995 4531 3061 4586 ἂν
3107 4533 3320 4601 γένοιτο
3365 4532 3463 4604 τῆς
3503 4534 3638 4604 πρὸς
3673 4535 3844 4606 ἡμῶν

2254 4624 2554 4701 ἐπιεικείας
2591 4625 2671 4685 είς
2699 4623 2863 4677 τοῦτο’
2888 4624 3121 4694 τρόπος,
3163 4624 3520 4694 ὑπεμφαίνει,
3567 4624 3747 4694 λέγων
3780 4627 3842 4679 ὲν

2252 4715 2332 4786 τῷ
2365 4714 2664 4784 Λευῖτικῲο
2698 4734 2715 4765 ‹
2747 4714 2826 4767 Τὰ
2849 4715 3020 4784 κτήνη
3053 4729 3146 4767 σου
3163 4713 3223 4764 οὐ
3260 4712 3615 4783 κατοχεύσεις
3639 4715 3841 4786 ἑτερο-

2254 4808 2436 4879 ζύγῳ,
2467 4808 2562 4863 καὶ
2605 4809 2696 4860 τὸν
2727 4806 3024 4878 ἀμπελῶνα
3058 4824 3151 4860 σου
3202 4807 3263 4860 οὐ
3305 4809 3672 4878 κατασπερεῖς
3713 4807 3843 4861 διά-

2259 4918 2446 4974 φορον.
2486 4920 2503 4950 ι
2530 4899 2710 4953 Πὼεσι
2736 4899 2964 4970 μὲνγὰρ
2989 4898 3160 4966 αἰγῶν
3195 4897 3288 4951 καὶ
3318 4897 3626 4970 προϐάτων,
3658 4899 3842 4968 ἤγουν

2255 4992 2541 5062 ἀμπελῶνι
2603 4992 3000 5064 παρεικαστὲον
3045 4987 3106 5044 εὖ
3155 4990 3302 5061 μάλα
3349 4990 3448 5061 τὴν
3507 4991 3611 5044 ὑπὸ
3672 4993 3842 5062 χεῖρα

2255 5082 2485 5152 πληθύν.
2531 5085 2735 5137 Ἤκουε
2767 5084 2866 5154 μὲν
2895 5084 3002 5154 γὰρ
3043 5085 3072 5137 6
3101 5083 3385 5145 θεσπέσιος
3413 5081 3618 5152 Πέτρος
3638 5096 3652 5110 ·
3689 5100 3710 5132 ‹
3750 5082 3842 5134 Σί-

2260 5190 2377 5242 μων
2446 5175 2602 5228 Ίωνᾶ
2639 5215 2654 5238 ,
2713 5175 2890 5244 φιλεῖς
2952 5192 3056 5244 με;
3112 5174 3274 5245 βόσκε
3337 5172 3408 5226 τὰ
3465 5172 3630 5242 ἀρνία
3679 5189 3790 5240 μου
3820 5214 3834 5236 ,

2253 5265 2508 5335 ποίμαινε
2543 5267 2613 5319 τὰ
2644 5267 2892 5337 πρόϐατά
2919 5283 3042 5337 μου.
3078 5287 3097 5318 ι
3133 5266 3268 5336 Περὶ
3295 5265 3352 5318 δέ
3386 5281 3450 5333 γε
3489 5264 3598 5318 τῶν
3626 5264 3685 5330 ἐξ
3728 5265 3837 5317 Ἰσ-

2256 5358 2410 5429 ραὴλ,
2442 5360 2470 5411 6
2501 5361 2784 5430 προφήτης
2811 5359 3044 5427 ἔφασκεν
3076 5358 3330 5420 Ἡσαΐας·
3361 5376 3378 5408 ι
3426 5357 3484 5410 '0
3505 5357 3610 5426 γὰρ
3640 5357 3834 5425 ἀμπε-

2250 5449 2356 5502 λὼν
2388 5451 2592 5520 Κυρίου
2641 5451 2866 5504 Σαϐαὼθ
2889 5491 2903 5518 ,
2943 5447 3092 5514 οἶκος
3131 5449 3225 5502 τοῦ
3277 5447 3492 5520 Ἰσραήλ
3528 5450 3643 5501 ἐστι
3670 5486 3685 5509 ,
3731 5447 3834 5499 καὶ

2343 5594 2386 5625 ⁸⁶
2416 5594 2466 5647 ll.
2485 5593 2612 5648 Cor.
2641 5612 2713 5661 vr,
2746 5597 2830 5650 15.
2902 5595 3371 5654 "I.evit.x1x,19.
3452 5595 3496 5626 ³⁸
3519 5595 3675 5651 Joan.
3709 5608 3830 5659 ιιι,
