3966 6298
174 261 271 318 549
902 267 991 323 DE
1028 265 1469 323 ADORATIONE
1502 267 1569 322 IN
1606 266 1873 324 SPIRITU
1917 266 2004 321 ET
2040 265 2408 322 VERITATE.
2448 266 2574 322 LIB.
2619 267 2753 323 VIII.
3356 272 3464 332 οξτο

177 380 470 453 ἄνθρωπος
496 383 599 437 τοῦ
639 383 809 438 Ἰούδα
835 423 850 449 ,
887 387 1144 456 νεόφυτον
1183 390 1558 461 ἠγαπημένον.
1592 410 1610 443 ι
1648 392 1752 445 Ποιι

1880 386 2046 457 igitur
2070 387 2248 441 virtus
2269 393 2353 441 est
2379 385 2576 440 ovibus
2596 401 2707 440 non
2737 385 3027 441 admittere
3052 385 3256 442 diversi
3291 403 3460 459 gene-

181 476 342 546 μένος
370 473 438 545 δὴ
468 470 570 528 οὖν
603 474 798 547 ἀρετὴ,
823 475 884 527 τὸ
917 475 993 547 μὴ
1015 477 1308 546 ἐπαφιέναι
1338 480 1629 551 προϐάτοις
1659 482 1752 534 ἐτεη

1875 478 1951 532 ris
1984 477 2217 543 animal,
2244 477 2319 531 ita
2359 483 2418 531 ut
2445 476 2635 531 alienae
2667 476 2895 545 pecudis
2923 477 3310 549 congressibus
3328 494 3464 550 sup-

180 565 382 639 ροειὸές
418 582 476 618 τι
509 565 675 629 ζῶον,
706 566 782 631 ὡς
809 570 928 631 ταῖς
961 567 1173 622 ὀθνείου
1201 569 1364 639 τυχὸν
1398 570 1605 643 ὀχείαις
1640 573 1744 626 ὑπο

1873 577 2179 639 ponantur,
2204 584 2277 624 ne
2307 567 2439 639 quid
2484 567 2798 640 ambiguum
2827 568 3074 638 pariant,
3100 578 3156 624 et
3194 570 3263 624 ab
3294 570 3463 626 insita

178 660 394 722 πεσεῖν,
448 657 542 711 ἵνα
592 658 669 730 μὴ
713 659 1006 730 ὲτεροερυὲς
1050 660 1209 733 τέκῃ,
1259 660 1353 715 καὶ
1405 663 1506 734 τῆς
1544 664 1752 738 ἐνούσης

1870 660 2109 715 naturali
2160 659 2344 714 indole
2376 659 2654 714 diversum
2682 679 2695 713 -.
2727 661 2903 715 cultor
2926 667 3108 714 autem
3149 660 3458 728 vinearum,

178 752 325 823 αὐτῷ
355 753 600 823 φυσικῆς
633 754 912 823 εὐγενείας
952 756 1270 821 ἐκνενευκός
1289 775 1303 790 ο
1344 759 1683 832 ἀμπελώνων

1871 753 1916 808 si
1960 753 2124 808 modo
2170 753 2416 825 prudens
2456 752 2657 819 fuerit,
2699 762 2756 809 et
2791 754 2998 823 optime
3045 762 3247 807 terram
3290 763 3457 810 ekco~

175 849 204 899 ὁ
237 845 566 916 μελεδωνὺς,
588 845 750 918 εἴπερ
770 846 857 918 εἴη
876 848 1151 921 νουνεχὴς,
1172 851 1263 903 καὶ
1282 854 1538 921 γηπονεῖν
1570 853 1770 925 ἄριστα

180 938 581 1010 μεμελετηκὼς
603 979 618 1004 ,
663 941 763 995 οὐκ
796 939 861 994 ἂν
895 942 1183 1014 ἀνάσχοιτό
1211 962 1342 999 ποτε
1382 947 1450 999 τά
1491 945 1630 1019 ξηρά
1656 947 1766 1003 τῶν

180 1032 520 1101 σπερμάτων
565 1032 660 1097 vim?
713 1035 906 1098 αὑταῖς
940 1034 1171 1106 φύεσθαι
1212 1041 1334 1102 ταῖς
1365 1039 1652 1110 ἀμπέλοις,
1678 1041 1764 1095 ἵνα

178 1121 252 1194 μὴ
272 1123 678 1195 δαπανωμένης
695 1125 884 1190 αὐταῖς
913 1127 1011 1198 τῆς
1029 1128 1255 1199 ἰκμάδος
1275 1131 1354 1194 είς
1376 1131 1436 1185 τὸ
1462 1132 1760 1203 ἀλλότριον,

177 1214 518 1286 ὕστερίζοιεν
550 1209 711 1271 αὗται
747 1220 872 1289 περὶ
901 1219 962 1272 τὸ
994 1221 1212 1275 οἰκεῖον.
1249 1221 1353 1275 Ἴθι
1376 1221 1440 1295 δὴ
1472 1219 1564 1278 οὖν
1595 1224 1670 1289 ὡς
1703 1224 1763 1290 ἐξ

175 1308 385 1370 εἰκόνος
430 1308 535 1380 ἠδη
576 1311 736 1373 πως,
773 1313 866 1365 ἐπὶ
895 1312 984 1367 τὸν
1026 1314 1429 1385 πνευματικὸν,
1472 1316 1539 1369 τὰ
1569 1315 1762 1385 λογικά

176 1397 494 1470 θρέμματα,
527 1400 602 1470 μὴ
636 1403 749 1465 τοῖς
781 1402 889 1455 τῶν
928 1403 1421 1475 ἑτεροδιδασκάλων
1453 1406 1758 1474 ὑπάγεσθαι

176 1489 555 1563 συγχωρῶμεν
584 1493 815 1556 ἀνοσίως
844 1493 1030 1567 ὥσπερ
1060 1498 1516 1569 σπερματισμοῖς,
1551 1503 1760 1570 νοητοῖς

172 1582 437 1653 δηλονότι,
470 1585 567 1638 καὶ
590 1587 709 1648 ταῖς
739 1586 815 1649 ὼς
845 1588 901 1639 ὲν
925 1587 1072 1660 λόγῳ
1098 1588 1454 1660 εἰσηγήσεσιν
1472 1606 1487 1622 ο
1519 1590 1757 1663 ἀκαλλὴς

1867 843 1983 899 lere
2034 844 2347 911 studuerit,
2390 859 2671 915 nunquam
2720 844 2994 914 patietur,
3028 852 3089 897 ut
3123 845 3460 900 exsiccantia

1867 936 2077 991 semina
2101 937 2204 991 sub
2227 937 2361 1008 ipsis
2381 937 2589 991 vitibus
2614 943 2942 1004 nascantur;
2968 951 3036 990 ne
3068 935 3298 1002 humor,
3323 936 3457 991 dum

1865 1027 2030 1082 alieni
2055 1030 2316 1100 germinis
2363 1029 2553 1085 usibus
2585 1029 2962 1093 consumitur,
2990 1028 3111 1084 illas
3154 1028 3373 1084 deﬁciat
3399 1031 3456 1087 in

1865 1121 1999 1176 suis.
2027 1122 2198 1192 Perge
2243 1122 2540 1194 igiturjam
2566 1131 2824 1192 tanquam
2856 1135 2923 1174 ex
2960 1120 3197 1192 imagine
3221 1123 3290 1177 ad
3324 1138 3456 1177 senv

1863 1228 1984 1266 sum
2013 1213 2354 1282 spiritualem
2377 1254 2391 1279 ,
2424 1229 2493 1268 ne
2536 1214 2833 1267 rationales
2857 1228 3014 1278 oves,
3063 1214 3454 1284 magistrorum

1862 1304 2079 1359 diversa
2104 1305 2421 1360 docentium
2449 1305 2669 1361 nefariae
2696 1305 3074 1371 seminationi,
3100 1306 3451 1363 intellectua-

1862 1395 1939 1462 li,
1973 1396 2230 1467 inquam,
2257 1404 2313 1452 et
2337 1399 2515 1469 qualis
2553 1398 2609 1452 in
2652 1396 3004 1452 sermonibus
3040 1384 3203 1468 atque
3228 1413 3453 1469 persua-

1861 1486 2109 1543 sionibus
2154 1504 2274 1544 esse
2328 1488 2649 1554 consuevit,
2695 1488 2954 1561 subjungi
3023 1490 3451 1559 patiamur:est

1859 1579 2006 1634 enim
2041 1580 2198 1649 plane
2241 1581 2505 1636 deformis
2546 1580 2729 1636 editus
2761 1597 2829 1636 ex
2874 1580 3126 1635 dissimili
3176 1584 3451 1639 sententia

172 1675 276 1748 γᾶρ
308 1676 432 1729 λίαν
460 1678 487 1729 ὀ
514 1675 575 1741 ἐξ
626 1677 883 1748 ἀνομοίου
915 1680 1126 1750 καρπὸς
1160 1681 1414 1753 γνώμης,
1450 1680 1541 1737 καὶ
1571 1684 1617 1736 oi
1648 1682 1752 1737 τῶν

1858 1671 2074 1728 fructus
2096 1716 2109 1740 ,
2135 1686 2189 1731 et
2215 1676 2500 1730 hominum
2530 1676 2587 1730 in
2612 1675 2718 1731 ﬁde
2743 1674 3095 1731 dissimilium
3130 1690 3414 1731 sermones
3431 1717 3446 1741 ,

170 1742 265 1836 atii
296 1766 621 1835 ὁμοπίστων
647 1742 814 1836 λόγοι,
844 1742 1061 1837 φαύλων
1094 1742 1421 1839 ἀν’γένοιντο
1457 1773 1752 1844 κυημάτων

1858 1762 1927 1817 iis
1964 1763 2059 1833 qui
2098 1764 2222 1819 ilios
2265 1766 2593 1831 admittunt,
2632 1781 2832 1837 pravos
2873 1773 3064 1837 partus
3105 1766 3444 1825 conciliant:

170 1855 428 1927 πρόξενοι
460 1860 573 1920 τοῖς
612 1857 1042 1929 είσδεδεγμένοις
1080 1860 1276 1925 αὐτούς
1297 1877 1310 1890 ·
1343 1860 1672 1932 ἀμπελῶνας
1699 1863 1754 1917 δὲ

169 1948 329 2013 ὄντας
357 1951 535 2021 ἡμᾶς,
563 1951 658 2004 καὶ
683 1953 741 2003 ὲν
759 1951 1004 2023 ὀρχάτων
1030 1952 1179 2020 τάξει
1208 1954 1516 2025 κειμένους,
1545 1973 1755 2026 μονοει-

168 2042 248 2095 δεί
282 2042 491 2114 τρόπον
517 2041 642 2095 τινὰ
670 2046 937 2115 προσήκει
976 2042 1373 2113 στεφανοῦσθαι
1403 2047 1623 2118 καρπῷ,
1660 2051 1754 2103 καὶ

168 2132 255 2185 τὸν
276 2133 451 2202 διφυᾶ
479 2133 866 2205 παραιτεῖσθαι
893 2135 1112 2206 τρόπον.
1136 2136 1308 2207 Λόγος
1335 2136 1442 2209 γὰρ
1467 2138 1642 2203 οὐδεὶς
1675 2140 1753 2205 είς

140 2214 466 2297 νδμοιότητα
497 2225 757 2297 φυσικὴν,
802 2226 930 2298 σίτῳ
968 2226 1061 2280 καὶ
1105 2226 1378 2299 βότρυσιν.
1436 2231 1752 2304 Ἀλλοτρίων

174 2313 234 2385 δὴ
278 2312 376 2368 οὖν
411 2316 753 2387 σπερμάτων¹
774 2316 956 2389 μηδεὶς
980 2320 1012 2390 ὴ
1022 2318 1138 2391 μῶν
1164 2317 1302 2373 ἔστω
1322 2320 1505 2386 τόπος.

237 2406 447 2460 ΠΔΛΛ.
489 2403 565 2461 Εὖ
590 2408 792 2477 λέγεις.

235 2499 406 2553 ΚΥΡ.
436 2499 548 2553 Καὶ
576 2501 701 2554 καθ’
735 2501 922 2574 ἕτερον
948 2502 1005 2556 δὲ
1031 2505 1232 2575 τρόπον
1264 2504 1342 2577 (1)
1378 2506 1629 2580 ἀσυναφῆ
1656 2507 1751 2561 καὶ

170 2592 458 2664 ἀσύμϐατα
486 2635 504 2659 ,
537 2593 634 2647 καὶ
658 2594 760 2665 τῆς
794 2598 927 2667 πρὸς
961 2598 1166 2670 ἄλληλα
1226 2600 1516 2665 κοινωνίας
1553 2600 1751 2671 διεσχι-

172 2685 342 2756 σμένα
383 2686 451 2738 τὰ
473 2687 937 2759 ὲτεροτροποῢντα
968 2690 1222 2757 δεικνύει,
1254 2691 1521 2764 παραθεὶς
1557 2694 1637 2757 εἰς
1658 2691 1752 2747 τύ-

170 2794 269 2831 πον
297 2778 402 2848 τὴν
442 2780 830 2852 ὲκτοπωτάτην
872 2783 965 2837 καὶ
998 2784 1288 2839 ἀλλόκοτον
1323 2785 1522 2857 κομιδῇ
1550 2783 1645 2838 τοῦ
1671 2785 1750 2839 λο-

169 2870 321 2938 γι.κοῦ
351 2870 495 2937 ζὼου
527 2872 766 2939 σύνοδον,
799 2873 937 2946 πρὸς
973 2875 1036 2929 τὸ
1059 2877 1134 2948 μὴ
1160 2876 1422 2944 τοιοῦτον,
1453 2878 1751 2948 ἑτεροειδὲς

170 2960 223 3013 δὲ
254 2963 349 3016 καὶ
378 2962 634 3031 ἔκφυλον.
668 2964 778 3019 Καὶ
807 2965 872 3038 δὴ
892 2965 983 3020 καί
1010 2984 1173 3037 φησιν
1197 2970 1256 3022 ὲν
1291 2968 1389 3040 μὲν
1418 2971 1484 3040 τῇ
1526 2966 1746 3040 Ἐξὸδῳ·

178 3055 303 3117 «Ὃς
333 3053 401 3107 ἂν
433 3054 673 3127 κοιμηθῇ
710 3055 848 3125 μετὰ
873 3058 1123 3128 κτήνους,
1158 3056 1372 3130 θανάτῳ
1400 3059 1748 3114 ἀποκτενεῖτε
1776 3089 1819 3147 c

174 3145 381 3199 αὐτόν.)
410 3146 752 3219 Σαφὼτερον
779 3146 835 3200 δὲ
867 3147 1029 3201 πάλιν
1058 3150 1115 3201 ὲν
1152 3148 1231 3220 τῷ
1258 3148 1550 3221 Λευῖτικῷ’
1585 3170 1603 3202 ι
1638 3151 1749 3206 Καὶ

173 3234 227 3300 ὃς
270 3236 371 3290 ἐὰν
419 3235 492 3306 δῷ
525 3237 807 3292 κοιτασίαν
840 3234 1006 3292 αὑτοῦ
1057 3239 1115 3291 ὲν
1160 3239 1488 3309 τετράποδι,
1533 3238 1749 3313 θανάτῳ

171 3325 542 3391 θανατούσθω,
565 3329 657 3381 καὶ
682 3328 742 3382 τὸ
767 3328 1071 3399 τετράπουν
1095 3329 1465 3385 ἀποκτενεῖτεο
1494 3332 1589 3385 καὶ
1610 3332 1746 3404 γυνὴ

169 3417 288 3488 ητις
312 3418 736 3489 προσελεύσεται
757 3420 895 3491 πρὸς
918 3423 1024 3475 πᾶν
1046 3420 1244 3492 κτῆνος
1273 3419 1559 3493 βιασθῆναι
1578 3422 1746 3494 αὐτὴν

170 3511 259 3564 ὑπ’
285 3510 454 3566 αὑτοῦ
477 3554 493 3575 ,
529 3512 878 3565 ἀποκτενεῖτε
904 3513 1004 3584 τὴν
1026 3514 1281 3581 γυναῖκα,
1311 3513 1405 3566 καὶ
1427 3513 1486 3567 τὸ
1519 3514 1740 3585 κτῆνος·

173 3599 384 3671 θανάτῳ
426 3600 907 3667 θανατούσθωσαν·
951 3601 1122 3674 ἔνοχοί
1168 3605 1322 3657 εἰσιν.
1357 3623 1375 3654 ι
1419 3603 1657 3677 Ὀμιλίαι
1686 3623 1744 3659 τε

171 3691 295 3763 γὰρ,
325 3692 423 3747 καὶ
454 3692 620 3746 οἱονεὶ
643 3693 817 3764 μίξεις
836 3695 891 3748 αἱ
921 3697 1110 3766 νοηταὶ
1134 3695 1229 3750 καὶ⁸
1260 3696 1498 3763 σύνοδοι,
1526 3697 1583 3750 αἱ
1608 3696 1745 3769 πρὸς

172 3782 256 3846 οὓς
284 3782 349 3837 ἂν
372 3785 581 3854 ἥκιστα
626 3786 849 3857 πρέποι,
879 3787 973 3840 καὶ
1005 3782 1087 3851 οἷς
1119 3786 1554 3859 κατηρῤώστησε
1606 3788 1744 3861 πρὸς

174 3876 390 3945 ἀλογίαν
421 3877 450 3930 ό
480 3874 606 3941 νοῦς
640 3878 742 3948 τὴν
778 3877 1047 3950 ἐσχάτην,
1082 3878 1313 3934 θανάτου
1348 3879 1623 3952 πρόξενοι,
1648 3882 1743 3935 καὶ

175 3969 346 4033 αὐτοῖς
376 3972 493 4034 τοῖς
516 3969 974 4045 παραφθείρουσι,
1003 3971 1096 4026 καὶ¹
1127 3976 1238 4037 τοῖς
1266 3972 1573 4029 ἐθελούσιον
1607 3975 1743 4028 ὑπο-

177 4061 390 4129 μένουσι
414 4060 516 4133 τὴν
536 4065 920 4138 παραφθορὰν.

235 4240 443 4294 ΠᾹΛΛ.
508 4239 807 4314 Ὀρθότατά
845 4260 905 4296 τε
945 4244 1042 4297 καὶ
1095 4244 1239 4315 μάλα
1286 4244 1453 4309 ὁσίως
1498 4246 1528 4299 ὁ
1577 4246 1740 4317 νόμος

171 4330 318 4398 φησί.

168 4511 266 4564 πού
314 4528 491 4577 τινας,
524 4511 599 4575 ὼς
630 4512 692 4578 ἐξ
733 4514 1011 4585 ἀφορήτου
1059 4515 1393 4582 πλεονεξίας,
1429 4520 1523 4572 καὶ
1567 4520 1616 4571 εἰ
1667 4518 1742 4591 μὴ

167 4602 443 4672 βούλοιντο
483 4605 644 4676 τυχὸν
690 4606 789 4678 τὴν
834 4606 894 4673 ἐξ
938 4608 1231 4680 ὀρθότητος
1277 4610 1498 4665 ἐννοιῶν
1540 4612 1634 4665 ἐπὶ
1682 4613 1743 4666 τὸ

166 4696 416 4765 ⁴πλαγίως
449 4696 570 4767 ἔχον
601 4699 890 4770 ὑπομείναι
921 4700 1301 4775 παραφθορὰν,
1348 4705 1444 4757 καὶ
1490 4704 1742 4777 καθάπερ

164 4788 219 4854 ἒξ
242 4787 518 4857 ἀνάγκης,
543 4789 642 4842 οὐκ
673 4789 935 4861 ἀδακρυτὶ
954 4791 1095 4862 τάχα
1128 4809 1229 4845 που
1254 4793 1450 4848 παθεῖν
1481 4794 1579 4867 τὴν
1604 4794 1742 4849 πλά-

164 4896 339 4950 νησιν.
372 4879 490 4933 Οὐκ
528 4879 961 4952 ἀνεπικούρητον
994 4883 1175 4939 τοίνυν
1206 4884 1234 4937 ὁ
1271 4885 1438 4957 νόμος
1481 4889 1742 4960 περιορᾷν

165 4969 316 5040 ἠξίου
354 4971 454 5026 καὶ
481 4971 545 5027 τὸ
563 4971 803 5027 τοιοῦτον
828 4973 1005 5043 γένος.

227 5227 413 5283 ΠΔΛΛ
425 5270 439 5284 .
474 5228 550 5283 Τὸ
585 5230 736 5317 ποῖόν
746 5248 815 5303 οτι
839 5229 949 5304 φῄς
966 5231 1004 5302 ςῖ

226 5408 387 5465 ΚΥΡ.
425 5408 507 5463 Τὸ
552 5408 707 5478 ζυγῷ
738 5408 982 5474 δουλείας
1017 5412 1451 5482 κατεσφιγμένον
1493 5417 1584 5470 καὶ
1623 5420 1743 5484 ταῖς

154 5498 253 5558 τῶν
279 5502 628 5576 πριαμένων
658 5500 927 5566 ἐξουσίαις
959 5503 1404 5574 κατησχοιμένον.

237 5616 283 5649 ’⁸
309 5613 510 5674 Exod.
552 5627 688 5676 xm,
712 5611 797 5666 l9.
891 5613 936 5645 ’ί
968 5614 1144 5671 Levit.
1179 5633 1268 5685 xx,
1292 5617 1378 5683 15,
1409 5618 1497 5676 16.

191 5709 272 5786 (ί)
309 5706 471 5767 Cod.
505 5702 717 5768 Vatic.,
742 5702 919 5771 τόκον,
952 5706 1221 5776 biformem
1255 5718 1489 5779 partum.

1856 1854 1951 1909 sed
1987 1871 2111 1910 cum
2152 1857 2292 1912 vites
2326 1874 2428 1913 nos
2467 1857 2571 1927 ipsi
2621 1857 2822 1922 simus,
2857 1865 2914 1912 et
2947 1858 3261 1913 vinctorum
3298 1859 3449 1913 vices

1857 1950 2141 2000 teneamus
2160 1986 2174 2012 ,
2208 1946 2373 2000 unius
2397 1946 2546 2000 modi
2593 1945 2831 2016 quodam
2856 1946 3022 2001 modo
3051 1945 3234 2002 fructu
3260 1948 3447 2002 ornari

1858 2036 2153 2101 convenit,
2190 2044 2259 2113 get
2306 2035 2570 2090 biformes
2623 2049 2806 2090 mores
2850 2035 3059 2102 vitare;
3113 2037 3253 2091 nihil
3295 2038 3446 2093 enim

1854 2128 2040 2183 tritico
2073 2137 2129 2184 et
2171 2129 2330 2194 uvis,
2360 2128 2508 2200 quod
2553 2127 2622 2183 ad
2667 2128 2978 2182 naturalem
3025 2127 3444 2185 similitudinem

1852 2222 2157 2292 pertineat,
2182 2237 2473 2277 commune
2518 2230 2623 2277 est.
2651 2221 2846 2276 Nullus
2892 2219 3059 2291 igitur
3084 2222 3142 2276 in
3186 2221 3347 2278 nobis
3371 2222 3446 2279 sit

1852 2315 2047 2370 alienis
2083 2316 2389 2371 seminibus
2423 2316 2595 2370 locus.

1922 2405 2120 2461 PALL.
2150 2407 2319 2462 Recte
2346 2406 2507 2462 dicis.

1920 2488 2077 2553 ΟΥΕ.
2104 2499 2224 2554 Alia
2250 2514 2469 2570 quoque
2495 2500 2711 2557 ratione
2736 2519 2849 2558 non
2875 2505 3153 2560 cohaerere
3178 2502 3323 2558 inter
3345 2518 3403 2559 se
3422 2544 3439 2569 ,

1850 2608 2030 2662 neque
2055 2592 2352 2648 convenire
2397 2607 2587 2664 posse,
2637 2608 2760 2663 quae
2810 2594 3048 2651 diversis
3084 2595 3312 2667 praedita
3332 2594 3444 2649 sint

1851 2685 2129 2750 moribus,
2169 2694 2226 2740 et
2244 2672 2444 2740 mutua
2470 2684 2615 2740 inter
2643 2702 2701 2741 se
2729 2687 3116 2743 communione
3147 2689 3441 2761 disjuncta,

1851 2774 2220 2840 demonstrat,
2264 2775 2334 2831 ad
2379 2776 2500 2848 ejus
2537 2776 2619 2831 rei
2655 2775 2888 2848 ﬁguram
2924 2794 3239 2849 proponens
3287 2779 3444 2835 illum

1855 2867 2253 2922 alienissimum
2288 2908 2303 2934 ,
2363 2876 2421 2923 et
2483 2868 2645 2939 plane
2708 2878 3090 2940 portentosum
3160 2871 3445 2927 rationalis

1850 2959 2147 3015 animantis
2182 2974 2307 3014 cum
2351 2975 2419 3014 eo
2465 2975 2853 3032 congressum,
2882 2962 3030 3033 quod
3073 2965 3193 3034 ejus
3232 2972 3445 3019 natura:

1850 3067 1963 3107 non
1988 3053 2096 3118 sit,
2133 3052 2231 3108 sed
2258 3051 2463 3108 diversi
2507 3054 2761 3124 generis,
2787 3061 2844 3109 et
2873 3062 3218 3109 extraneum.
3252 3053 3444 3124 Itaque

1853 3141 1908 3198 in
1934 3142 2125 3198 Exodo
2155 3142 2272 3197 ait:
2311 3161 2329 3193 ί
2374 3141 2638 3211 Omnem,
2674 3144 2769 3214 qui
2797 3144 2998 3199 coierit
3023 3159 3147 3198 cum
3194 3144 3440 3213 pecude,

1850 3245 2031 3290 morte
2055 3228 2304 3290 aﬂiCietis
2326 3250 2454 3290 eum
2477 3235 2546 3291 '°.
2577 3255 2597 3289 ι
2627 3236 2851 3292 Planius
2876 3245 3059 3291 autem
3085 3236 3140 3289 in
3162 3234 3438 3290 Levitico:

1860 3344 1879 3377 ‹
1908 3325 1977 3380 Et
2000 3324 2252 3396 quisquis
2294 3324 2514 3380 dederit
2540 3325 2892 3381 cubationem
2935 3341 3092 3381 suam
3116 3326 3174 3380 in
3200 3326 3443 3395 quadru-

1849 3416 1990 3487 pede
2014 3457 2029 3483 ,
2058 3425 2237 3472 morte
2263 3416 2567 3484 moriatur;
2599 3425 2657 3472 et
2688 3416 3005 3489 quadrupes
3028 3418 3393 3475 interficietur
3420 3437 3436 3486 ;

1850 3515 1907 3562 et
1942 3508 2141 3562 mulier
2186 3522 2529 3579 quaecunque
2579 3507 2876 3563 accesserit
2918 3508 2986 3564 ad
3032 3524 3195 3564 omne
3238 3525 3437 3583 pecus,

1849 3608 1911 3654 ut
1935 3599 2004 3653 ab
2028 3614 2095 3654 eo
2125 3597 2501 3664 inscendatur,
2534 3598 2883 3655 interﬁcietis
2916 3600 3208 3657 mulierem
3243 3611 3301 3657 et
3338 3619 3436 3673 pc-

1851 3707 1979 3758 cus;
2015 3700 2192 3746 morte
2215 3690 2650 3761 interficiantur;
2676 3691 2761 3748 rei
2787 3695 3001 3749 sunt“.
3034 3712 3052 3746 ι
3100 3693 3262 3766 263
3298 3694 3442 3751 Con-

1849 3784 2172 3840 suetudines
2207 3784 2412 3850 animi,
2457 3793 2512 3840 et
2554 3784 2725 3840 veluti
2776 3785 3141 3843 admistiones
3178 3786 3442 3858 spiritua-

1847 3877 1932 3932 les
1972 3884 2029 3932 et
2063 3891 2419 3948 congressus,
2445 3892 2573 3933 cum
2623 3878 2827 3948 quibus
2870 3880 3100 3935 minime
3148 3884 3342 3948 decet,
3384 3889 3442 3935 et

1846 3984 2081 4039 quorum
2140 3968 2357 4024 animus
2398 3962 2882 4026 irrationabilitate
2930 3986 3144 4027 summa
3192 3971 3440 4041 laborat,

1845 4060 2044 4114 mortis
2084 4075 2250 4114 causa
2291 4065 2422 4114 sunt
2476 4066 2593 4113 tum
2635 4059 2772 4129 ipsis
2815 4061 3273 4131 corruptoribus,
3318 4070 3437 4117 tum

1845 4150 2010 4203 etiam
2046 4148 2113 4203 iis
2146 4148 2236 4219 qui
2269 4164 2327 4203 se
2356 4157 2549 4218 sponte
2578 4149 2860 4218 corrumpi
2884 4151 3193 4219 patiuntur.

1917 4239 2112 4294 PALL.
2142 4239 2464 4295 Rectissime
2484 4278 2498 4304 ,
2525 4246 2581 4292 et
2623 4237 2927 4309 iustissime
2952 4239 3041 4292 lex
3061 4238 3327 4295 decrevit.

438 4420 763 4490 Θαυμάσαις
790 4422 835 4475 δ’
874 4421 941 4477 ἀν
982 4422 1064 4477 ἔτι
1110 4424 1205 4477 καὶ
1228 4423 1349 4478 τόδε
1375 4442 1388 4455 ·
1422 4422 1491 4500 ἦν
1534 4425 1644 4497 γὰρ
1676 4428 1740 4500 δή

1858 4376 1885 4390 ν
1915 4414 2071 4471 CYR.
2115 4414 2255 4469 Illud
2297 4412 2445 4469 enim
2471 4412 2835 4470 admiratione
2879 4414 3108 4487 dignum
3153 4425 3271 4485 est;
3297 4434 3432 4475 con-

1845 4507 2057 4580 tingere
2098 4505 2249 4562 enim
2295 4505 2485 4577 utique
2528 4513 2774 4578 poterat,
2805 4514 2868 4562 ut
2900 4508 3151 4575 nonnulli
3199 4509 3434 4567 aliorum

1843 4597 1901 4655 vi
1924 4607 1982 4653 et
2003 4598 2247 4669 potentia
2270 4612 2383 4652 non
2405 4597 2630 4653 ferenda
2651 4599 2931 4669 superati,
2963 4599 3180 4656 etiamsi
3205 4602 3437 4658 minime

1845 4690 2076 4746 fortasse
2119 4690 2351 4755 vellent,
2380 4704 2413 4743 a
2459 4698 2610 4745 recto
2656 4706 2825 4747 sensu
2849 4692 2918 4748 ad
2942 4692 3221 4763 obliquam
3268 4702 3435 4766 atque

1846 4797 2162 4854 perversam
2202 4781 2519 4852 opinionem
2560 4784 2806 4853 corrupti
2851 4786 3342 4854 pertraherentur,
3369 4803 3436 4842 ac

1848 4874 2017 4930 veluti
2042 4874 2250 4940 coacti,
2274 4889 2384 4929 non
2427 4875 2546 4930 sine
2570 4875 2826 4947 lacrymis
2849 4874 3083 4932 fortasse
3106 4877 3163 4932 in
3186 4892 3432 4934 errorem

1849 4967 2268 5023 scducerentur.
2296 4966 2418 5022 Non
2452 4967 2637 5039 itaque
2678 4968 2764 5024 lex
2796 4968 2903 5024 hoc
2950 4985 3123 5041 genus
3145 4970 3432 5029 hominum

1848 5062 1967 5118 sine
2014 5064 2140 5120 ullis
2185 5066 2403 5123 auxiliis
2469 5068 2892 5138 relinquendum
2936 5083 2999 5124 ac
3046 5070 3432 5143 negligendum

1848 5154 2084 5209 censuit.

1917 5244 2114 5301 PALL.
2163 5247 2334 5315 Quale
2393 5249 2615 5306 tandem
2678 5250 2828 5307 istud
2881 5268 3056 5325 genus
3109 5262 3226 5320 est,
3281 5254 3429 5323 quod

1852 5334 2024 5392 dicis?
3497 5350 3506 5380 ε

1920 5427 2076 5484 CYR.
2106 5431 2244 5487 Illud
2288 5436 2551 5491 nimirum
2573 5434 2861 5492 servitutis
2877 5437 3010 5509 jugo
3034 5433 3429 5503 constrictum,

1852 5526 1907 5572 et
1934 5519 2279 5581 dominorum
2308 5526 2540 5599 imperio
2563 5538 2983 5601 praegravatum.
