3966 6298
541 214 639 271 55!

616 326 811 383 PALL.
839 325 953 393 Qua
989 326 1200 380 ratione
1228 325 1296 380 iis
1320 326 1407 380 lex
1432 342 1591 398 opem
1618 330 1780 384 tulit?
1892 354 1903 365 -

611 515 770 572 CYR.
802 513 979 569 Solvit
1009 514 1159 581 enim
1195 512 1429 568 vinculis
1467 523 1525 569 et
1554 516 1838 571 coactione
1859 557 1872 580 ,
1901 517 1947 570 si
1972 516 2123 572 dam-

542 624 675 663 num
721 607 790 661 ad
829 607 1066 660 animam
1105 604 1408 674 pertineat,
1450 621 1516 661 ac
1556 606 1821 661 violatum
1861 607 2123 679 aufugere

544 700 591 753 si
639 700 804 762 velit,
841 697 1061 751 nemine
1114 696 1477 766 impediente,
1526 698 1872 766 apertissime
1922 700 2121 754 sanxit.

546 790 636 845 Sic
657 790 802 844 enim
844 789 1068 857 oblique
1111 787 1249 842 dixit
1272 787 1329 842 in
1355 787 1544 843 Exodo
1571 806 1583 841 :
1616 809 1634 840 ι
1668 788 1724 843 Si
1750 789 1873 858 quis
1896 805 2123 859 percus-

544 882 677 939 serit
700 880 919 935 oculum
947 880 1093 934 servi
1120 880 1205 934 sui
1230 921 1244 945 ,
1269 879 1355 934 vel
1400 880 1621 935 oculum
1648 880 1861 935 ancillae
1906 896 2046 947 suae,
2070 890 2127 939 et

542 971 899 1027 excaecaverit
916 1011 931 1036 ,
960 970 1169 1025 liberos
1192 969 1433 1025 dimittet
1466 986 1562 1025 eos
1576 986 1686 1041 .pro
1709 972 1867 1026 oculo
1889 987 2080 1027 eorum
2110 990 2122 1024 :

542 1064 589 1118 si
612 1072 795 1118 autem
822 1065 1043 1116 dentem
1072 1062 1220 1116 servi
1265 1061 1387 1127 sui,
1414 1062 1500 1117 vel
1526 1063 1746 1117 dentem
1773 1064 1984 1120 ancillae
2015 1080 2128 1120 suae

542 1152 884 1216 excusserit,
910 1151 1116 1206 liberos
1138 1151 1487 1206 dimitteteos
1503 1168 1605 1222 pro
1621 1152 1784 1207 dente
1810 1168 2003 1209 eorum
2021 1156 2087 1206 ".
2103 1173 2119 1205 ι

543 1241 699 1309 Quod
735 1242 884 1296 enim
919 1240 988 1295 ad
1035 1241 1394 1311 conspicuum
1432 1256 1685 1307 sensum,
1730 1250 1787 1296 et
1821 1244 2128 1313 expositam

543 1344 895 1404 apertamque
922 1331 1338 1402 intelligentiam
1377 1333 1653 1403 pertinet,
1678 1333 1934 1404 prohibet
1955 1334 2126 1389 auda-

543 1425 684 1482 ciam
711 1465 726 1490 ,
773 1433 830 1480 et
874 1424 1225 1479 dominorum
1273 1422 1370 1479 ira:
1420 1425 1645 1480 modum
1700 1425 1900 1495 ponit,
1949 1442 2128 1496 neque

543 1531 786 1586 eousque
808 1515 1062 1587 progredi
1088 1516 1238 1579 vult,
1288 1515 1435 1571 unde
1466 1527 1867 1588 consequatur,
1897 1526 1990 1583 ut,
2032 1520 2128 1590 qui

544 1612 674 1658 sunt
696 1620 888 1659 eorum
936 1604 1243 1661 dominatui
1288 1606 1551 1679 subjecti,
1594 1609 1864 1664 naturalis
1897 1610 2127 1681 integri-

546 1695 675 1750 tatis
710 1695 978 1767 jacturam
1024 1697 1306 1766 patiantur
1339 1717 1352 1751 :
1387 1715 1568 1769 neque
1621 1700 1734 1754 ullo
1792 1702 1957 1756 modo
2003 1678 2128 1774 per-
2160 1678 2201 1732 Β

545 1787 743 1854 mittit,
791 1796 853 1842 ut
896 1788 1054 1843 furor
1092 1789 1358 1845 effrenate
1402 1790 1646 1857 feratur,
1698 1801 2130 1866 exerceaturque

539 1882 652 1952 jam
679 1882 735 1936 in
762 1882 882 1952 ipsa
918 1890 1151 1948 natura,
1180 1884 1338 1954 cujus
1364 1883 1454 1939 ille
1491 1884 1758 1941 duntaxat
1785 1902 1906 1943 esse
1942 1887 2131 1943 Domi-

545 1988 651 2026 nus
671 1973 1023 2043 intelligitur,
1051 1973 1145 2042 qui
1169 1975 1395 2031 creavit.
1424 1976 1560 2031 Nam
1587 1978 1859 2044 servitus,
1886 1987 1972 2045 et,
2010 1996 2132 2050 qua;

545 2062 598 2117 in
624 2079 689 2117 ea
731 2065 1016 2133 sequitur,
1061 2065 1344 2123 calamitas
1384 2069 1609 2123 minime
1645 2069 1735 2124 illa
1781 2070 2003 2140 quidem
2047 2079 2132 2127 est

543 2160 756 2210 naturae
800 2155 1061 2222 morbus,
1108 2157 1204 2212 sed
1249 2157 1541 2229 iniquitate
1579 2161 2015 2231 opprimentium
2043 2164 2129 2219 in-

544 2252 756 2300 vectus.
782 2245 842 2300 In
865 2245 1091 2302 Christo
1115 2247 1283 2318 igitur
1306 2249 1452 2304 Deus
1474 2265 1538 2306 ac
1578 2250 1740 2305 Pater
1764 2248 1932 2306 totam
1958 2254 2134 2308 conti-

544 2353 656 2393 nuo
702 2346 957 2394 naturam
1001 2339 1069 2395 ad
1120 2355 1248 2394 eum
1297 2349 1500 2396 statum
1561 2342 1857 2409 reformat,
1904 2360 2014 2413 quo
2060 2346 2130 2401 ab

545 2428 701 2484 initio
722 2430 920 2486 fuerat.
953 2451 971 2483 ι
1003 2430 1060 2487 Si
1082 2431 1207 2500 quis
1221 2432 1369 2487 enim
1395 2433 1451 2488 in
1465 2431 1686 2489 Christo
1706 2475 1721 2499 ,
1745 2451 1886 2490 nova
1907 2446 2128 2491 creatu-

545 2536 606 2575 ra
632 2521 696 2574 ⁹³.
732 2540 750 2572 ι
780 2521 968 2591 Itaque
993 2524 1207 2577 tollitur
1254 2524 1480 2579 omnino
1519 2524 1803 2580 servitutis
1844 2526 2084 2583 dedecus
2114 2546 2125 2580 :

548 2611 746 2666 scribit
782 2612 932 2665 enim
954 2613 1157 2668 Paulus
1187 2631 1199 2667 :
1237 2632 1254 2664 ι
1285 2614 1347 2668 ln
1369 2613 1588 2669 Christo
1614 2615 1743 2670 Jesu
1769 2629 1879 2670 non
1903 2624 1987 2671 est
2008 2634 2127 2673 ser-

459 2713 461 2716 ‘
545 2716 676 2765 vus,
723 2717 901 2771 neque
934 2702 1076 2757 liber
1127 2704 1194 2757 ".
1231 2723 1249 2755 ι
1298 2705 1460 2777 264
1507 2706 1735 2761 Interim
1806 2714 1989 2764 tamen
2041 2710 2129 2765 lex

545 2789 739 2859 puerili
765 2792 921 2861 prius
943 2791 1289 2847 institutione
1315 2810 1416 2847 nos
1438 2794 1506 2849 ad
1528 2795 1923 2865 perfectionem
1945 2799 2125 2854 dedu-

543 2894 703 2944 cens,
760 2880 941 2935 aufert
990 2882 1450 2953 intemperantem
1499 2901 1661 2942 usum
1709 2892 2024 2957 potestatis,
2070 2902 2127 2948 et

1528 209 1586 265 S.
1629 211 1906 268 CYRILLI
1943 212 2412 269 ALEXANDRlNI
2453 209 2769 267 ARCHIEP.

1808 284 1813 291 .
1892 354 1903 365 '
2151 338 2197 394 Α
2298 334 2506 386 ΠΑΛΛ.
2537 328 2851 400 Βεὸοήθηκε
2875 324 2931 380 δὲ
2954 325 3075 380 τίνα
3113 313 3178 399 δὴ
3207 327 3316 398 ἄρα
3339 331 3541 400 τρόπον
3568 335 3661 388 καὶ
3682 337 3804 393 τού-

3698 215 3807 274 559.

2225 440 2341 487 τοις
2372 425 2400 477 6
2430 423 2628 493 νόμος;

2226 584 2237 590 _
2298 515 2460 568 ΚΥΡ.
2508 515 2715 584 Ἀνίησι
2745 511 2853 583 γὰρ
2875 507 3076 582 δεσμοῦ
3100 513 3193 565 καὶ
3215 512 3484 586 ἀνάγκης,
3512 518 3560 570 εί
3583 519 3645 573 τὸ
3680 520 3803 591 βλά.

2228 603 2442 674 βοςείη
2490 603 2619 673 περὶ
2653 601 2853 672 ψυχὴν,
2886 601 2984 654 καὶ
3030 602 3359 674 ἀποτρέχειν
3388 606 3436 659 εί
3479 606 3718 678 βούλοιτο
3746 611 3803 665 τὸ

2225 695 2555 768 ῂδικημένον
2624 691 3086 766 παραποδίζοντος
3152 694 3402 764 οὐδενὸς,
3455 699 3802 758 δεδικαίωκεν

2227 786 2496 858 ἐναργῶς.
2556 788 2700 856 Ἔφη
2754 785 2864 857 γάρ
2907 779 3011 839 ὧδε
3058 785 3307 856 πλαγίως
3345 790 3403 844 ὲν
3446 794 3513 863 τῇ
3571 794 3790 863 Ἔξόδφ·

2234 899 2253 953 ι
2308 880 2433 935 Ἐὰν
2475 879 2532 933 δέ
2579 897 2664 944 τις
2715 878 2933 953 πατάξῃ
2978 878 3087 935 τὸν⁶
3117 881 3397 953 ὀφθαλμὸν
3445 885 3539 939 τοῦ
3594 888 3800 942 οἰκέτου

2230 950 2419 1035 αὑτοῦ,
2460 972 2493 1042 ἦ
2533 971 2623 1024 τὸν
2663 950 2942 1042 ὀφθαλμδν
2984 969 3084 1042 τῆς
3111 950 3450 1046 θεραπαίνης
3478 977 3666 1041 αὐτοῦ,
3710 980 3802 1032 καὶ

2229 1061 2587 1134 ὲκτυιρλώσῃ,
2639 1063 2981 1135 ἐλευθερίους
3018 1063 3373 1131 ὲξαποστελεῖ
3416 1070 3636 1134 αὐτοὺς,
3682 1070 3803 1125 ἀντὶ

2226 1154 2321 1208 τοῦ
2366 1154 2648 1225 ὀφθαλμοῦ
2694 1155 2905 1209 αὐτῶν·
2951 1157 3046 1209 ἐὰν
3074 1158 3131 1211 δὲ
3163 1157 3257 1212 τὸν
3290 1158 3481 1214 ὀδόντα
3512 1161 3612 1231 τῆς
3644 1158 3803 1232 θερα-

2231 1250 2431 1320 παίνης
2465 1246 2629 1302 αὑτοῦ
2661 1249 2891 1320 ἐκκόψῃ,
2924 1249 2957 1320 ἢ
2996 1249 3086 1303 τὸν
3117 1250 3303 1306 ὀδόντα
3334 1251 3430 1306 τοῦ
3464 1255 3676 1308 οἰκέτου
3708 1252 3808 1313 αὐτ

2229 1340 2346 1404 τοῦ,
2373 1339 2689 1409 ἐλευθέρους
2705 1340 3055 1409 ὲξαποστελεῖ
3074 1344 3293 1409 αὐτοὺς,
3323 1347 3443 1400 ἀντὶ
3469 1345 3565 1400 τοῦ
3591 1347 3804 1412 ὀδόντος

2230 1429 2434 1484 αὐτῶν.
2484 1448 2502 1482 ι
2539 1430 2703 1484 Ὅσον
2736 1430 2834 1503 μὲν
2873 1433 2979 1504 γὰρ
3005 1429 3141 1505 ἧκεν
3169 1437 3250 1500 είς
3287 1435 3521 1508 θεωρίαν
3549 1437 3801 1509 ὲξωφανῆ

2230 1522 2325 1574 καὶ
2355 1522 2645 1594 πρόχειρον
2675 1522 2822 1588 νοῦν,
2849 1524 3190 1579 κατακωλύει
3215 1526 3275 1579 τὸ
3300 1526 3519 1599 θράσος,
3538 1528 3635 1581 καὶ
3665 1544 3802 1599 συμ-

2235 1614 2469 1684 μέτρους
2493 1613 2752 1668 ἀποτελεῖ
2782 1615 2883 1679 τάς
2911 1615 3021 1669 τῶν
3065 1619 3423 1689 κτησαμένων
3467 1619 3661 1691 ὀργάς,
3705 1622 3801 1676 καὶ

2232 1702 2293 1755 οὐ
2328 1702 2521 1775 μέχρις
2554 1703 2777 1759 ἐκείνων
2808 1707 2942 1760 ἰέναι
2975 1705 3243 1778 βούλεται,
3273 1708 3341 1762 δι’
3364 1703 3440 1764 ὧν
3470 1710 3536 1764 ἂν
3569 1711 3801 1780 γένοιτο,

2232 1795 2331 1863 τὴν
2360 1794 2441 1857 είς
2465 1792 2528 1846 τὸ
2557 1788 2616 1847 εῦ
2643 1788 2781 1848 εἶναι
2802 1793 3006 1865 ζημίαν
3036 1797 3164 1860 τοὺς
3189 1797 3648 1870 ὀπεζευγμένους,
3672 1802 3807 1855 ἀπο-

2233 1883 2445 1953 στῆναι.
2493 1885 2712 1958 Ἐφίησι
2742 1886 2798 1939 δὲ
2831 1884 3082 1959 οὐδαμῶς
3125 1888 3396 1960 ἀχαλίνως
3448 1891 3583 1946 ἰέναι
3631 1892 3699 1947 τὰ
3742 1897 3807 1948 ὲκ

2232 1974 2430 2047 θυμοῦ,
2463 1977 2559 2031 καὶ
2589 1978 2671 2042 είς
2698 1964 2867 2051 αῦτὴν
2894 1978 2995 2052 ἤδη
3031 1980 3366 2052 πράττεσθαι
3394 1983 3492 2054 τὴν
3531 1979 3712 2054 φύσιν,
3737 1981 3808 2060 ἦς

2231 2065 2297 2121 ἂν
2327 2070 2499 2122 νοοῖτο
2557 2072 2717 2142 μόνος
2750 2071 3009 2144 ὑπάρχων
3050 2073 3330 2146 Δεσπότης
3372 2076 3401 2129 ό
3425 2078 3770 2149 Δημιουργός
3790 2094 3804 2108 ·

2231 2158 2443 2215 δουλεία
2472 2161 2582 2233 γὰρ
2612 2163 2703 2216 καὶ
2730 2165 2792 2216 τὸ
2835 2165 2929 2218 ἐπὶ
2966 2165 3091 2236 τῇδε
3130 2164 3301 2229 πάθος
3331 2167 3429 2221 οὐκ
3468 2169 3811 2242 ἀρρώστημα

2233 2255 2479 2322 φυσικὸν,
2515 2255 2628 2308 ἀλλ’
2658 2257 2967 2326 εἰσποιητὸν
2996 2259 3058 2310 ἐκ
3087 2257 3420 2325 πλεονεξίας.
3454 2261 3542 2314 Ἐν
3586 2261 3813 2333 Χριστῷ

2236 2346 2336 2416 μὲν
2382 2342 2475 2400 οὖν
2512 2350 2540 2402 ὀ
2570 2348 2701 2411 Θεὸς
2748 2349 2841 2402 καὶ
2884 2349 3070 2419 Πατὴρ
3113 2349 3242 2419 ὅλην
3272 2352 3601 2406 ἀναπλάττει
3645 2354 3812 2419 εὐθὺς

2233 2440 2373 2511 πρὸς
2402 2439 2463 2492 τὺ
2480 2441 2536 2492 ὲν
2562 2440 2757 2509 ἀρχαῖς
2778 2440 2876 2512 τὴν
2907 2441 3084 2509 φύσιν.
3112 2459 3130 2492 ι
3158 2443 3225 2495 Εἴ
3241 2460 3324 2507 τις
3339 2444 3446 2515 γὰρ
3476 2445 3536 2497 ὲν
3557 2446 3809 2518 Χριστῷ,

2229 2531 2390 2600 καινὴ
2408 2530 2603 2594 κτίσις.
2632 2549 2650 2580 ι
2687 2531 3015 2602 Ἀναιρεῖται
3046 2531 3100 2584 δὲ
3131 2533 3405 2599 παντελῶς
3431 2536 3531 2605 τῆς
3557 2536 3812 2602 δουλείας

2227 2622 2288 2675 τὸ
2316 2618 2508 2692 αἶσχος
2528 2640 2541 2656 ο
2583 2623 2785 2692 γράφει
2815 2623 2924 2693 γὰρ
2949 2625 2977 2676 6
3005 2623 3236 2691 Παῦλος,
3268 2625 3351 2679 ὅτι
3391 2646 3408 2678 ι
3464 2627 3551 2682 Ἐν
3585 2629 3813 2701 Χριστῴ

2245 2713 2444 2785 Ἰησοῦ,
2466 2715 2567 2767 οὐκ
2598 2713 2677 2768 ἕνι
2698 2714 2902 2781 δοῦλος,
2930 2716 3049 2769 οὐδὲ
3077 2716 3379 2790 ἐλεύθερος.
3412 2738 3430 2772 ι
3461 2721 3810 2794 Ἀφαιρεῖται

2227 2806 2285 2859 δὲ
2318 2807 2455 2869 τέως
2481 2806 2509 2858 6
2538 2807 2701 2875 νόμος
2742 2808 3252 2878 προσπαιδαγωγῶν
3302 2812 3382 2874 είς
3420 2811 3479 2865 τὸ
3512 2813 3720 2869 τέλειον
3748 2814 3813 2869 τὸ

2226 2897 2328 2968 τῆς
2373 2896 2625 2962 ἐξουσίας
2682 2899 3007 2964 ἀκάθεκτον,
3068 2900 3162 2954 καὶ
3204 2900 3265 2955 τὸ
3303 2903 3558 2958 ἐπέκεινα
3602 2906 3809 2979 μέτρου

543 2966 822 3022 licentiam
839 3009 852 3034 ,
878 2985 1002 3040 quae
1035 2970 1179 3026 ultra
1202 2970 1428 3025 modum
1453 2975 1870 3032 convenientem
1896 2995 2123 3050 progre-

2229 2966 2321 3042 τοῦ
2350 2989 2711 3061 καθήκοντος,
2764 2989 2967 3062 ζημίαν
3024 2993 3285 3058 ἐπιτιθεὶς
3323 2997 3438 3060 τοῖς
3479 2966 3810 3070 ὀλιγωροῦσι

544 3058 728 3125 ditur,
772 3060 1112 3132 multamque
1156 3064 1332 3118 sancit
1391 3065 1448 3119 in
1493 3075 1901 3138 contemptores
1953 3071 2124 3141 legis,

541 3149 803 3204 nimirum
854 3151 1028 3221 ipsam
1054 3167 1250 3208 eorum
1273 3155 1369 3224 qui
1394 3156 1582 3211 violati
1632 3166 1792 3225 sunt,
1822 3162 2126 3217 manumis-

543 3240 776 3296 sionem.
804 3243 1009 3297 Verum
1034 3243 1152 3299 haec
1174 3245 1399 3315 quidem
1422 3247 1490 3303 de
1530 3247 1703 3320 ﬁgura
1726 3258 1781 3304 et
1825 3251 2020 3308 umbra
2039 3293 2054 3313 ,
2080 3254 2128 3308 si

542 3333 630 3389 cui
669 3333 837 3389 libeat
880 3335 985 3390 hac
1031 3351 1249 3406 quoque
1288 3339 1503 3394 ratione
1544 3341 1893 3413 intelligere:
1922 3343 2017 3399 sed
2049 3345 2125 3410 si,

542 3425 691 3495 quod
725 3434 935 3496 spectat
982 3427 1100 3493 lex,
1142 3428 1196 3482 id
1247 3430 1612 3498 spiritualiter
1660 3433 2124 3504 interpretemur,

542 3517 650 3569 alio
675 3532 893 3587 quoque
919 3517 1081 3572 modo
1102 3559 1116 3583 ,
1162 3519 1399 3586 Palladi,
1429 3521 1498 3575 ad
1523 3521 1671 3578 illius
1707 3525 2128 3595 contemplatio-

542 3620 670 3661 nem
725 3607 989 3662 accedere
1057 3610 1308 3677 poteris:
1344 3611 1486 3666 hanc
1546 3613 1749 3683 quippe
1795 3616 2128 3670 mundanam

542 3697 724 3753 lucem
750 3700 999 3768 corporis
1021 3701 1197 3754 oculis
1221 3702 1527 3771 excipimus
1550 3713 1605 3759 et
1628 3706 1966 3762 admiramur
1994 3727 2006 3761 :
2034 3709 2129 3762 lux

543 3797 729 3841 autem
758 3787 849 3842 illa
870 3788 1305 3861 intelligibilisin
1331 3794 1536 3849 nostris
1561 3795 1822 3852 cordibus
1844 3799 2124 3854 exoritur:

544 3878 796 3946 corporis
835 3879 968 3933 item
993 3881 1152 3936 cibus
1184 3882 1444 3938 dentibus
1482 3885 1771 3941 coniicitur
1791 3928 1805 3952 ,
1849 3898 2041 3960 estque
2062 3906 2127 3946 ea

546 3981 639 4021 res
661 3966 728 4021 ad
770 3968 940 4022 vitam
964 3971 1226 4026 tuendam
1249 3973 1339 4028 via
1368 3991 1381 4027 :
1413 3975 1509 4029 sed
1533 3976 1840 4033 divinarum
1878 3990 2127 4036 contem-

546 4055 853 4124 plationum
899 4057 1151 4114 soliditas
1194 4068 1358 4131 atque
1412 4062 1702 4121 difﬁcultas
1744 4071 1943 4124 mentis
1988 4073 2128 4128 viri-

549 4148 650 4203 bus
693 4154 949 4217 tanquam
984 4149 1243 4207 dentibus
1278 4156 1674 4223 propemodum
1703 4162 2124 4231 comminuitur,

546 4245 605 4293 et
646 4238 819 4308 pascit
856 4240 1332 4313 animum.ltaque
1357 4244 1633 4316 Sapientia
1681 4250 1843 4307 nobis
1888 4253 2125 4310 divinam

2229 3082 2321 3136 τοῦ
2361 3084 2551 3153 νόμου,
2580 3083 2686 3137 τῶν
2708 3084 3050 3155 ἠδικημένων
3078 3087 3176 3158 τὴν
3207 3088 3420 3157 ἄφεσιν.
3462 3090 3620 3144 Ἀλλά
3644 3092 3809 3147 ταυτὶ

2233 3170 2333 3241 μὲν
2364 3173 2443 3234 είς
2476 3172 2712 3243 γράμμα
2742 3173 2834 3226 καὶ
2856 3174 3035 3242 σκιὰν,
3069 3178 3229 3250 εἴπερ
3254 3178 3428 3233 ’ἐλοιτό
3449 3198 3530 3245 τις
3561 3182 3656 3235 καὶ
3679 3184 3811 3255 τῇδε

2229 3266 2402 3318 νοεῖν*
2445 3265 2493 3317 εί
2530 3264 2583 3318 δὲ
2619 3265 2683 3336 δὴ
2727 3266 3138 3338 διερμηνεύοιτο
3196 3273 3582 3343 πνευματικῶς
3631 3278 3661 3329 ὁ
3711 3277 3808 3331 τοῦ

2230 3353 2397 3424 νόμου
2445 3354 2667 3419 σκοπὸς,
2721 3356 3080 3426 προσϐάλλοις
3133 3359 3218 3425 ἂν,
3269 3355 3314 3414 ὦ
3367 3360 3662 3427 Παλλάδιε,
3713 3367 3814 3419 καὶ

2231 3446 2354 3499 καθ’
2399 3446 2584 3518 ἕτερον
2620 3448 2820 3517 τρόπον
2851 3450 2962 3512 τοῖς
2994 3450 3051 3502 ἐν
3102 3451 3251 3521 αὑτῷ
3298 3452 3651 3526 θεωρήμασι·
3688 3461 3810 3527 φῶς

2234 3538 2333 3608 μὲν
2357 3538 2466 3610 γάρ
2491 3539 2643 3592 τουτὶ
2667 3539 2729 3593 τὸ
2748 3540 3039 3612 ὲγκόσμιον
3068 3544 3180 3604 τοῖς
3202 3544 3295 3597 τοῦ
3327 3544 3579 3617 σώματος
3605 3547 3814 3617 ὀφθαλ-

2234 3632 2353 3698 μοῖς
2414 3628 2768 3701 εἰσδεχόμεθά
2810 3648 2869 3683 τε
2917 3631 3011 3685 καὶ
3052 3632 3430 3705 θαυμάζομεν·
3483 3638 3598 3707 φῶς
3648 3638 3708 3692 δὲ
3747 3640 3811 3693 τὸ

2229 3716 2371 3771 θεῖον
2401 3718 2495 3772 καλ⁵
2523 3720 2713 3791 νοητὸν
2749 3721 2804 3772 ἐν
2834 3722 2955 3783 ταῖς
2978 3722 3275 3794 ἡμετέραις
3291 3724 3498 3796 ἀνίσχει
3517 3727 3808 3799 καρδίαις’

2229 3808 2327 3861 καὶ
2356 3810 2529 3881 τροφὴ
2557 3810 2655 3881 μὲν
2684 3814 2721 3880 ἡ
2746 3812 2838 3865 τοῦ
2866 3810 3136 3883 σώματος,
3159 3812 3336 3867 ὀδοῦσι
3367 3815 3808 3880 καταλεαίνεται,

2229 3900 2325 3954 καὶ
2358 3900 2510 3955 ἔσται
2538 3901 2601 3954 τὸ
2633 3903 2819 3974 χρῆμα
2860 3904 2995 3974 πρὸς
3032 3903 3177 3974 ζωὴν
3203 3904 3351 3968 ὀδός’
3386 3906 3454 3959 τά
3485 3907 3541 3960 δέ
3580 3926 3643 3976 γε
3696 3909 3813 3963 τῶν

2229 3990 2388 4045 θείων
2417 3992 2807 4064 θεωρημάτων,
2843 3993 3074 4065 σκληρά,
3105 3996 3199 4048 καὶ
3218 3996 3512 4065 δυσέφικτα
3546 3997 3816 4072 καθάπερ

2228 4083 2401 4136 ὀδόντι
2431 4086 2494 4154 τῇ
2525 4084 2623 4153 τῆς
2641 4083 2879 4148 διανοίας
2915 4085 3059 4155 ίσχύῖ
3092 4087 3373 4155 μονονουχὶ
3404 4085 3815 4158 συνθρύπτεται

2227 4172 2320 4224 καὶ
2359 4171 2658 4240 ἀποτρὲφει
2687 4171 2887 4242 ψυχήν.
2922 4174 3033 4227 Καὶ
3077 4173 3206 4242 γοῦν
3244 4177 3278 4245 η
3321 4174 3491 4244 Σοφία
3517 4176 3615 4247 τὴν
3649 4176 3814 4232 θείαν

2228 4263 2360 4332 ἡμῖν
2383 4261 2479 4314 καὶ
2504 4264 2883 4334 πνευματικὴν
2902 4263 3146 4318 άπλοῦσα
3161 4266 3462 4335 τράπεζαν,
3498 4284 3517 4318 ι
3551 4267 3809 4333 Ἔλθετε,

548 4328 999 4401 spiritualemque
1045 4347 1294 4389 mensam
1334 4353 1644 4408 apponens,
1669 4342 1747 4395 ait
1780 4362 1793 4397 :
1841 4364 1859 4396 ι
1889 4346 2082 4404 Venite
2109 4389 2124 4412 ,

2232 4328 2436 4421 (ράγετε
2477 4351 2568 4405 τὸν
2614 4328 2746 4423 ἐμὸν
2798 4328 2982 4424 ἄρτον,
3031 4373 3051 4406 ι
3104 4328 3291 4426 φησίν.
3343 4328 3551 4410 ὸύκοῦν
3599 4358 3709 4412 κᾶν
3758 4328 3808 4413 εί

545 4419 694 4475 edite
742 4435 940 4490 panem
973 4438 1156 4477 meum
1183 4426 1249 4478 ’⁸.
1286 4445 1303 4477 ι
1335 4428 1540 4499 Igitur,
1577 4433 1791 4491 etiamsi
1828 4434 1993 4494 ‘servo
2015 4440 2129 4495 for-

549 4518 693 4565 tasse
720 4511 777 4564 in
810 4510 1129 4581 hujusmodi
1165 4515 1333 4571 rebus
1358 4519 1565 4590 aliquid
1592 4523 1774 4580 damni
1800 4529 2124 4601 contigerit,

546 4599 854 4655 insaniente
894 4602 1137 4670 domino,
1165 4614 1329 4677 atque
1372 4622 1600 4682 cogente
1633 4626 1694 4670 ut
1719 4618 1934 4675 simula
1961 4599 2125 4678 recta

545 4686 858 4759 dogmatum
894 4692 1081 4762 regula
1123 4694 1192 4749 ad
1223 4696 1493 4756 absurdos
1533 4719 1756 4763 errores
1798 4709 2122 4778 delabatur,

544 4778 818 4845 solvatur,
867 4781 1077 4852 inquit,
1125 4801 1332 4854 nexus,
1377 4798 1434 4846 et
1478 4794 1595 4865 jugi
1657 4800 1908 4866 servilis,
1955 4811 2119 4873 atque

544 4886 643 4941 per
669 4871 781 4924 vim
805 4872 1081 4943 impositi,
1109 4877 1259 4932 nulla
1299 4884 1440 4937 ratio
1483 4885 1770 4944 habeatur.
1818 4871 2120 4963 Abjiciatur

543 4962 709 5015 etiam
752 4965 1040 5032 potestatis
1083 4976 1293 5035 metus,
1337 4987 1513 5042 eoque
1561 4989 1751 5049 pergat
1794 4962 2119 5041 illeralienze

543 5053 799 5121 potestati
822 5055 1128 5127 subjectus,
1155 5061 1469 5132 ubicunque
1494 5067 1612 5123 sine
1636 5085 1748 5125 suae
1789 5072 2122 5145 integritatis

541 5140 876 5198 detrimento
898 5161 954 5200 se
979 5163 1100 5204 esse
1125 5166 1284 5220 posse
1325 5157 1595 5223 repererit
1619 5176 1634 5225 ;
1680 5161 1861 5218 anima
1884 5140 2120 5237 namque

542 5237 888 5300 praestantius
914 5237 1048 5293 nihil
1092 5247 1177 5295 est
1203 5260 1216 5295 :
1243 5258 1408 5313 quam
1433 5255 1493 5302 ut
1518 5258 1732 5318 servet,
1779 5269 1810 5308 a
1853 5259 2121 5315 servitute

541 5322 802 5379 solvatur.
830 5326 971 5383 Vera
998 5339 1180 5387 autem
1199 5337 1365 5393 verba
1400 5339 1516 5395 haec
1539 5357 1690 5409 esse,
1718 5361 1892 5417 eaque
1917 5352 2124 5407 nostris

541 5411 721 5469 adhuc
745 5418 1085 5487 temporibus
1110 5420 1323 5492 impleri
1347 5468 1361 5492 ,
1387 5427 1545 5485 facile
1568 5440 1651 5488 est
1689 5411 1876 5493 videre
1906 5457 1917 5490 :
1943 5456 2123 5510 neque

2229 4441 2417 4513 οἰκέτῃ
2440 4459 2504 4494 συ
2514 4442 2729 4512 μ6αίνοι
2753 4444 2915 4514 τυχὸν
2932 4444 3059 4516 περί
3085 4461 3138 4498 τι
3166 4445 3275 4499 τῶν
3295 4446 3551 4502 τοιούτων
3578 4448 3805 4520 βλάϐος,

2230 4533 2635 4605 παραπαίοντος
2666 4533 2928 4588 δεσπότου
2958 4536 3053 4589 καὶ
3089 4535 3435 4607 παρολισθεῖν
3464 4539 3807 4608 ἀναγκάζον-

2225 4641 2315 4687 τος
2349 4623 2406 4691 ὲξ
2452 4623 2742 4695 ὀρθότητος
2776 4626 3064 4697 δογμάτων
3103 4628 3185 4691 εἰς
3235 4626 3466 4682 ἔκτοπον
3511 4630 3804 4702 πλάνησιν,

2226 4713 2490 4776 λελύσθω,
2537 4715 2724 4783 φησὶν,
2762 4716 2790 4767 6
2819 4714 3038 4784 δεσμὸς,
3082 4715 3176 4768 καὶ
3214 4715 3371 4784 λόγος
3429 4715 3567 4770 ἔστω
3612 4719 3808 4788 μηδεὶς

2227 4791 2525 4873 ἀναγκαίου
2561 4804 2749 4873 ζυγοῦ.
2782 4804 3089 4877 Διερρίφθω
3110 4805 3166 4858 δέ
3198 4823 3288 4858 ποι
3313 4805 3407 4858 καὶ
3430 4806 3530 4876 τῆς
3550 4806 3808 4872 ἐξουσίας

2225 4897 2288 4949 τὸ
2321 4896 2505 4967 δεῖμα,
2542 4899 2640 4951 ίτω
2678 4915 2735 4950 τε
2768 4898 2955 4953 λοιπὸν
3001 4900 3030 4951 6
3082 4896 3537 4969 κατεζευγμένος,
3567 4900 3807 4971 ὅποιπερ

2227 4983 2294 5039 ἂν
2323 4985 2472 5057 αὐτῷ
2524 4987 2583 5040 τὸ
2612 4987 2907 5056 άλωϐήτως
2928 4985 3070 5056 ἔχειν
3106 4986 3411 5057 εὑρίσκοιτο
3429 5000 3441 5015 ⁸
3482 4986 3664 5056 ψυχῆς
3694 4986 3807 5058 γάρ

2223 5076 2443 5146 ἄμεινον
2460 5077 2612 5131 οὐδὲν
2640 5073 2727 5148 ἧν.
2766 5079 2875 5131 Καὶ
2903 5078 2989 5131 ἵνα
3022 5077 3192 5148 σώσῃ,
3228 5079 3414 5149 φησὶν,
3448 5077 3806 5131 ἀπολελύσθω

2222 5167 2492 5230 δουλείας.
2517 5168 2676 5232 Ἴδοις
2696 5168 2740 5221 δ’
2764 5168 2830 5223 ἂν
2850 5168 3024 5238 ἀληθῆ
3053 5169 3145 5221 τὸν
3171 5168 3349 5238 λόγον,
3374 5169 3466 5222 καὶ
3496 5170 3553 5221 ὲν
3583 5170 3805 5240 καιροῖς

2224 5258 2305 5312 ἔτι
2330 5263 2442 5323 τοῖς
2469 5259 2589 5313 καθ’
2621 5262 2767 5329 ἡμᾶς
2812 5259 3218 5330 πληρούμενον·
3269 5259 3330 5311 οὐ
3369 5259 3477 5330 γὰρ
3515 5259 3800 5329 ἀνέχονται

2224 5351 2499 5404 δεσποτῶν
2521 5352 2730 5405 οίκέται
2762 5352 3251 5423 παρακομιζόντων
3279 5352 3357 5414 είς
3379 5350 3669 5419 πλάνησιν,
3698 5350 3800 5420 τῆς

2227 5445 2330 5514 ὲπη
2341 5461 2436 5514 ρτη
2447 5442 2614 5513 μένης
2631 5443 2816 5506 αὐτοῖς
2837 5442 3082 5508 ἐξουσίας
3105 5432 3539 5510 ὑπεξαγαγόντες
3563 5439 3800 5509 γενικῶς

644 5596 690 5627 ’³
706 5595 877 5651 Exod.
904 5616 1012 5667 xxi,
1047 5603 1137 5669 26,
1165 5606 1252 5660 27.
1342 5612 1389 5644 "
1414 5611 1456 5665 Ii
1474 5612 1599 5666 Cor.
1630 5630 1681 5679 v,
1712 5616 1795 5669 l7.
1874 5616 2144 5673 9iColoss.
2177 5635 2254 5679 ni.
2296 5621 2373 5673 ll.
2457 5615 2678 5678 “Prov.
2707 5639 2781 5690 ix,
2803 5625 2851 5679 ὃ.
