3966 6298
192 257 290 313 555

945 258 1034 312 DE
1069 257 1510 314 ADORATIONE
1549 259 1615 314 IN
1654 258 1920 315 SP‘IRIT‘U
1960 261 2047 316 ET
2087 261 2452 316 VERITATE.
2496 263 2762 318 LlBNlll.

3345 278 3449 335 554

191 376 249 425 τὸ
275 369 333 423 ἓν
361 385 430 438 γε
457 372 639 439 τούτῳ
658 369 939 440 πειθήνιον
960 387 972 401 ·
1001 370 1156 442 ἄχθει
1189 372 1286 443 μὲν
1306 372 1507 444 γὰρτῷ
1535 372 1764 436 δουλείας

1871 373 2020 428 enim
2046 375 2189 429 servi
2234 377 2504 430 sustinent
2548 377 2800 432 dominos
2842 385 2908 432 ad
2955 395 3202 438 errorem
3228 396 3446 454 pertra~

192 459 281 512 τὸν
327 459 423 512 τοῦ
480 458 738 530 σώματος
791 460 1180 528 ὑπενεγκόντες
1229 463 1450 533 αὐχένα,
1511 462 1770 534 τηροῦσιν

194 550 462 605 ἀθόλωτον
513 553 574 603 ὲν
617 551 833 614 ἑαυτοῖς
864 551 956 604 τὸν
987 551 1134 617 νοῦν,
1185 554 1277 607 καὶ
1319 555 1380 607 τὸ
1423 554 1534 607 δεῖν
1569 553 1768 607 εἰδέναι

198 643 381 711 σαφῶς
400 659 463 694 τε
499 642 598 696 καὶ
618 642 875 707 ἀπλανῶς
901 643 994 697 τὸν
1017 661 1084 696 πε
1091 644 1145 716 pi.
1171 645 1267 716 τῆς
1286 645 1519 716 ἀληθοῦς
1534 647 1769 711 πίστεως

195 735 368 802 λόγον,
405 733 606 787 πολλοῦ
655 734 720 804 δὴ
749 735 890 802 λίαν,
939 736 1137 806 μᾶλλον
1175 737 1234 790 δὲ
1278 736 1372 790 τοῦ
1408 738 1604 801 παντὸς
1630 735 1769 791 εἶναι

195 827 342 892 ἄξιον
379 825 806 890 πεπιστεύκασι,
835 827 928 880 καὶ
955 826 1160 897 τροφὴν
1191 828 1252 879 τὸ
1274 831 1462 899 χρῆμα
1489 827 1768 882 ποιοῦνται

194 917 598 988 πνευματικὴν,
638 913 728 971 οἷά
772 935 878 988 περ
905 918 1078 971 ὀδόντι
1117 918 1194 988 τῷ
1243 919 1318 990 νῷ
1350 919 1769 991 κατατρίϐοντες

195 1012 254 1062 τὸ
283 1013 363 1072 είς
395 1005 490 1072 οῦς
518 1009 836 1085 ἐρχόμενον,
867 1011 963 1062 καὶ
1001 1007 1100 1078 τὴν
1127 1011 1236 1063 τῶν
1281 1011 1440 1064 θείων
1483 1011 1769 1083 νοημάτων

193 1103 623 1175 ἀναμασώμενοι
655 1103 900 1171 δύναμιν.

267 1374 481 1427 ΠΑΛΛ.
541 1373 632 1435 Ὠς
683 1371 862 1442 σαφὴς
907 1385 967 1422 τε
1025 1369 1180 1438 ἡμῖν,
1232 1368 1328 1421 καὶ
1370 1366 1546 1439 ὀρθῶς
1578 1366 1768 1438 έχωνό

199 1468 375 1520 λόγος.

259 1483 438 1612 ἷςΟΞΣΡ.
471 1555 794 1628 Προσεθίζει
818 1555 876 1608 δὲ
903 1554 996 1608 καὶ
1035 1553 1235 1625 ἑτέρως
1259 1554 1287 1605 6
1313 1552 1475 1623 νόμος
1515 1554 1662 1623 ἡμᾶς
1690 1554 1769 1616 είς

199 1650 594 1722 ⁸ξιλσλληλίαν,
632 1650 800 1719 τιμᾷν
852 1645 1162 1701 ἀναπείθων
1205 1646 1267 1698 τὸ
1309 1645 1767 1714 συγκαθίστασθαι

1868 465 2094 532 hentes,
2129 475 2187 523 et
2225 482 2293 523 ex
2339 468 2594 538 imposita
2637 469 2741 523 sibi
2787 471 3133 528 dominorum
3175 486 3449 546 potestate

1868 557 2204 612 subtrahunt
2239 559 2477 629 ingenue
2517 559 2573 613 in
2603 560 2706 614 hac
2747 577 2805 616 re
2831 573 2980 616 certe
3022 565 3257 622 oﬁicium
3283 571 3449 626 obse-

1869 649 2108 718 quendi;
2138 665 2292 714 nam,
2319 666 2442 705 cum
2468 666 2608 706 onus
2655 651 2938 708 servitutis
2963 657 3172 711 cervice
3197 663 3447 730 corporis

1867 740 2134 806 subeant,
2179 757 2380 811 purum
2436 743 2492 797 in
2539 743 2736 814 scipsis
2777 746 3024 800 animum
3071 751 3343 818 retinent,
3391 765 3447 809 et

1868 831 2027 901 plane
2050 847 2115 886 ac
2138 831 2372 887 ﬁrmiter
2391 848 2552 888 nosse
2573 850 2717 889 verae
2761 835 2887 890 ﬁdei
2931 837 3202 894 rationem
3225 843 3446 912 plurimi

1868 919 2107 986 faciunt,
2133 922 2244 976 imo
2272 939 2402 978 vero
2430 924 2486 978 in
2511 940 2579 979 eo
2603 941 2870 980 summam
2895 935 3064 982 totam
3090 947 3211 986 esse
3245 919 3451 991 consti:

1868 1020 2056 1077 tuunt,
2094 1029 2326 1084 eamque
2364 1031 2480 1070 rem
2503 1016 2560 1069 in
2587 1017 2772 1071 cibum
2817 1019 3159 1094 spiritualem
3185 1034 3444 1092 vertunt,

1867 1114 1924 1159 et
1945 1105 2092 1174 quod
2111 1107 2346 1162 auribus
2375 1116 2738 1177 acceperunt,
2778 1119 2961 1165 mente
2992 1120 3247 1184 tanquam
3283 1117 3446 1172 dente

1865 1197 2284 1263 comminuunt,
2333 1199 2755 1270 divinorumque
2789 1217 3050 1258 sensuum
3073 1206 3184 1260 vim
3226 1223 3447 1264 reman-

1867 1286 2025 1342 dunL
2922 1337 2930 1350 .

1939 1377 2138 1432 PALL.
2166 1379 2466 1450 Perspicua
2495 1396 2631 1436 sane
2657 1389 2772 1448 est,
2810 1398 2875 1438 ac
2916 1395 3064 1441 recte
3089 1387 3255 1444 habet
3275 1407 3445 1462 expo-

1871 1468 2021 1524 sitio.
2773 1517 2785 1523 ..
2797 1489 2841 1527 ς,

1937 1559 2094 1615 CYR.
2134 1561 2306 1618 Aliter
2328 1579 2545 1634 quoque
2591 1565 2677 1620 lex
2701 1582 2802 1622 nos
2843 1568 3166 1635 assuefacit,
3213 1579 3274 1624 ut
3301 1571 3446 1628 inter

1868 1668 1973 1708 nos
2020 1669 2300 1721 amemus,
2347 1673 2471 1712 cum
2514 1660 2697 1714 colere
2739 1661 2936 1716 suadet
2957 1664 3296 1730 societatem,
3337 1685 3445 1736 qua

198 1744 307 1804 τοῖς
333 1741 526 1808 ὲγγὺςκ
554 1739 648 1792 καὶ
669 1740 796 1802 τοὺς
815 1739 912 1808 τῆς
944 1737 1260 1805 ἀνισότητος
1287 1737 1764 1808 καταμυσαττόμε-

1871 1759 1988 1798 cum
2035 1747 2298 1815 proximis
2339 1752 2726 1819 eongruimus,
2753 1762 2809 1808 et
2853 1755 3192 1826 inaequaliter
3223 1759 3444 1814 vivendi

195 1834 283 1896 νός
314 1849 378 1884 τε
409 1831 506 1883 καὶ
536 1829 779 1894 κολάζων
809 1829 1063 1901 τρόπους.

261 1925 474 1977 ΠΑΛΛ.
497 1923 620 1986 Πῶς
649 1923 712 1994 δὴ
740 1924 845 1993 φής
865 1941 880 1989 ;

263 2019 434 2072 ΚΥΡ.
474 2019 676 2070 ’Ἄκουε
707 2017 801 2088 δή·
834 2016 1036 2088 γράφει
1061 2015 1172 2087 γάρ
1199 2015 1363 2070 πάλιν
1386 2032 1400 2046 ο
1445 2033 1463 2066 ι
1508 2014 1635 2068 Ἐάν
1675 2030 1769 2066 κε-

197 2111 395 2183 ρατίσῃ
438 2110 580 2172 τινος
626 2111 826 2179 ταῦρος
864 2110 953 2162 τὸν
998 2108 1196 2178 ταῦρον
1243 2107 1336 2160 τοῦ
1380 2106 1625 2178 πλησίον,
1675 2105 1771 2159 καὶ

194 2199 515 2272 τελευτήσῃ,
553 2199 921 2252 ἀποδώσονται
959 2199 1049 2252 τὸν
1079 2198 1279 2270 ταῦρον
1314 2197 1406 2251 τὸν
1441 2197 1641 2263 ζῶντα,
1675 2195 1768 2250 καὶ

196 2291 493 2346 διελοῦνται
543 2293 602 2344 τὸ
637 2292 896 2363 ἀργύριον
940 2290 1130 2356 αὐτοῦ,
1161 2292 1256 2344 καὶ
1303 2291 1396 2344 τὸν
1438 2291 1638 2361 ταῦρον
1678 2289 1768 2343 τὸν

195 2386 492 2453 τεθνηκότα
527 2384 848 2437 διελοῦνται.
894 2384 1016 2436 Ἐὰν
1045 2383 1102 2435 δὲ
1139 2382 1475 2453 γνωρίξηται
1504 2384 1530 2434 6
1567 2381 1768 2454 ταῦρος

192 2481 269 2533 ὅτι
304 2481 636 2551 κερατιστής
667 2481 783 2530 ἐστι
808 2477 908 2547 πρὸ
937 2479 1036 2548 τῆς
1056 2477 1181 2548 χθὲς
1206 2477 1299 2530 κα)⁵
1325 2479 1430 2546 πρὸ
1456 2475 1555 2545 τῆς
1579 2476 1765 2546 τρίτης

195 2572 433 2640 ἡμέρας·
480 2570 576 2623 καὶ
603 2567 1186 2639 διαμεμαρτυρημένα
1215 2561 1316 2621 ὦσι
1346 2566 1424 2637 τῷ
1465 2567 1639 2638 κυρίῳ
1672 2566 1768 2620 αὑ-

193 2662 306 2725 τοῦ,
336 2664 435 2716 καὶ
469 2660 547 2732 μὴ
577 2660 818 2733 ἀφανίσῃ
864 2661 1048 2723 αὑτὸν,
1095 2660 1342 2712 ἀποτίσει
1394 2659 1593 2730 ταῦρον
1645 2656 1766 2712 ἀντὶ

194 2757 413 2827 ταύρου,
439 2759 468 2809 6
497 2755 553 2808 δὲ
575 2753 978 2824 τετελευτηκὼς
1001 2753 1152 2824 αὐτῷ
1173 2753 1345 2808 ἔσται.
1378 2771 1396 2804 ι
1416 2754 1577 2824 Ὁρᾷς
1605 2752 1664 2806 τὸ
1683 2751 1766 2805 αῖ-

195 2865 385 2916 νιγμα,
422 2845 815 2906 καὶοίονείπως
841 2846 970 2914 ἡμῖν
994 2845 1057 2897 ὲκ
1081 2843 1520 2914 παραδείγματος
1544 2843 1766 2912 ἐναργε-

200 2940 390 2993 θπάτου
423 2937 562 3008 πρὸς
587 2938 649 2990 τὸ
673 2936 802 2990 εὐθὺ
829 2935 1202 3005 διαστείχοντα
1235 2935 1324 2987 τὸν
1366 2934 1459 2986 ἐπὶ
1508 2934 1642 3002 τῷδε
1681 2934 1767 2987 λό-

198 3050 322 3099 γον;
354 3032 418 3084 EI
463 3031 572 3101 γὰρ
618 3029 829 3098 γένοιτο
871 3028 1145 3090 τεθνάναι,
1197 3028 1351 3097 φησὶ,
1376 3027 1468 3080 τὸν
1492 3025 1586 3079 τοῦ
1616 3026 1764 3079 δεῖνα

197 3123 412 3196 ταῦρον,
460 3125 554 3192 καὶ
589 3123 678 3191 ὑφ’
723 3121 912 3192 ἐτέρου
964 3120 1166 3191 ταύρου
1209 3122 1415 3187 πεσεῖν,
1461 3117 1759 3172 διελοῦνται

194 3217 283 3271 τὸν
331 3216 537 3286 ταῦρον
578 3216 670 3269 τὸν
712 3215 908 3281 ζῶντα,
945 3215 1039 3267 καὶ
1087 3215 1289 3284 ἀμφοῖν
1335 3213 1488 3265 ἔσται
1533 3211 1690 3266 πάλιν
1733 3212 1761 3263 ὁ

194 3307 499 3379 τεθνηκὼς,
529 3310 822 3372 τουτέστιν,
865 3311 914 3360 εί
961 3305 1272 3371 πλεονεξίας
1321 3304 1622 3372 ἐπιγένοιτο
1669 3303 1763 3356 καὶ

195 3401 413 3463 ἀδικίας
461 3400 658 3471 τρόπος
685 3398 816 3471 παρ’
851 3398 950 3468 οὐχ
987 3398 1200 3460 ἑκόντος
1246 3395 1390 3458 τινος
1439 3396 1517 3458 είς
1553 3395 1758 3464 ἕτερον,

196 3491 536 3562 ἑντρυφάτω,
561 3490 746 3560 φησὶν,
766 3491 798 3541 ὀ
825 3488 1153 3560 ἠδικημένος
1172 3490 1286 3551 τοῖς
1304 3487 1396 3541 τοῦ
1423 3487 1764 3558 λυπήσαντος

195 3582 441 3651 ἀγαθοῖς,
474 3583 570 3635 καὶ
599 3580 784 3643 κοινάς
808 3581 978 3649 ἐχέτω
1003 3579 1102 3642 τὰς
1130 3578 1415 3649 θυμηδίας.
1439 3577 1607 3629 Τοῦτο
1632 3576 1758 3644 γὰρ,

195 3672 367 3745 οἶμαι,
418 3673 560 3737 ἔστι,
619 3674 680 3726 τὸ
712 3671 980 3726 διελέσθαι
1031 3673 1120 3725 τὸν
1170 3671 1370 3740 ταῦρον
1418 3668 1508 3721 τὸν
1547 3666 1758 3732 ζῶντα·

197 3767 394 3829 Κοινάς
437 3765 494 3817 δὲ
531 3764 773 3829 ποιείτω,
818 3763 972 3834 φησὶ,
1008 3764 1101 3816 καὶ
1141 3762 1478 3832 ἀνεθελήτως
1525 3777 1762 3831 προσκε-

199 3851 448 3931 κρουκὼς
476 3859 577 3920 τὰς
605 3857 699 3910 τοῦ
747 3856 1076 3918 πεπονθότος
1126 3854 1440 3925 συμφοράς’
1473 3854 1624 3907 τουτὶ
1654 3852 1762 3923 γὰρ

196 3947 341 4018 οἶμαι
372 3948 745 4019 παραδηλοῦν,
763 3946 823 3999 τὸ
849 3945 1118 4000 διελέσθαι
1137 3946 1228 3998 τὸν
1250 3944 1566 4014 τεθνηκότα.
1603 3943 1763 4012 Ὁρᾷς

193 4036 281 4093 οὖν
327 4040 482 4101 ὅπως
509 4041 539 4091 6
582 4038 744 4108 νόμος
777 4035 1190 4104 αἰνιγματωδῶς
1221 4034 1302 4088 ἔτι
1341 4033 1435 4086 καὶ
1473 4050 1763 4087 κατεσκιά-

197 4131 408 4201 σμένως
432 4131 529 4184 τὸν
554 4128 872 4198 φιλάλληλον
898 4130 1196 4198 εἰσηγεῖται
1215 4127 1443 4196 τρόπον;
1466 4127 1536 4178 Ἢ
1559 4125 1677 4194 οὐχὶ
1699 4124 1763 4192 δὴ

193 4223 347 4276 τοῦτό
379 4224 499 4275 ἐστι
529 4222 608 4286 τὺ,
643 4240 661 4272 ι
687 4221 914 4292 Χαίρειν
942 4221 1079 4292 μετὰ
1100 4219 1420 4291 χαιρόντων,
1450 4215 1764 4286 καὶ-κλαίειν

195 4318 334 4385 μετὰ
368 4315 666 4370 κλαιόντων
685 4331 701 4379 ;
741 4333 759 4365 ι

258 4409 471 4462 [ΙΑΔΛ.
511 4409 716 4460 Ἕοικε.

259 4499 431 4552 ΚΥΡ.
457 4500 520 4550 Εἰ
549 4499 605 4551 δὲ
632 4499 716 4568 δὴ,
741 4498 924 4567 φησὶν,
944 4501 972 4552 6
1002 4499 1334 4552 πλεονεκτῶν
1358 4499 1522 4570 εἰδείη
1555 4499 1758 4568 σαφῶς,

185 4595 268 4648 ὅτι
303 4594 561 4647 πείσεταί
593 4611 645 4646 τι
678 4593 851 4646 δεινὸν
883 4596 910 4647 6
952 4594 1141 4658 πέλας,
1178 4592 1286 4646 τῶν
1317 4592 1415 4662 τῆς
1452 4590 1763 4655 πλεονεξίας

186 4691 412 4761 τρόπων
465 4689 565 4742 οὐκ
613 4688 1002 4758 ἀνῃρημένων,
1039 4686 1242 4757 ζημίαν
1285 4686 1446 4748 αὐτὸς
1486 4685 1583 4755 τὴν
1643 4683 1764 4753 ῐσην

188 4783 484 4851 ῦπομενεῖ,
519 4781 613 4833 καὶ
652 4781 750 4849 τὴν
790 4779 886 4833 τοῦ
939 4779 1204 4841 παθόντος
1256 4777 1538 4848 συμφορὰν
1595 4779 1762 4828 ἐπαν-

182 4876 378 4944 τλήςει
415 4873 552 4945 μόνῃ
573 4877 638 4944 τῇ
675 4874 783 4943 ἰδίᾳ
811 4873 977 4942 ψυχῇ.
999 4871 1170 4924 Τοῦτο
1194 4871 1302 4942 γάρ
1326 4867 1757 4938 αἰνιγματωδῶς,

180 4970 266 5029 τὸ,
309 4986 326 5017 ι
367 4967 645 5018 Ἀποτίσει
667 4964 865 5035 ταῦρον
898 4965 1017 5018 ἀντὶ
1049 4964 1272 5031 ταύρου,
1303 4965 1330 5015 6
1357 4962 1414 5014 δὲ
1447 4960 1756 5030 τετελευτη-

184 5057 303 5119 κὼς
331 5057 499 5110 αὑτοῦ
533 5055 702 5108 ἔσται.
742 5075 760 5106 ι
813 5055 887 5107 Οὐ
927 5056 1034 5125 γὰρ
1073 5055 1234 5124 μέχρι
1282 5053 1374 5105 τοῦ
1414 5054 1522 5106 τῶν
1548 5052 1760 5106 οἰκείων

183 5147 414 5212 ἀγαθῶν
443 5148 740 5200 ἀποπεσεῖν
767 5149 876 5208 τοῖς
909 5146 1184 5199 ἀδικοῦσιν
1211 5149 1238 5198 6
1267 5145 1440 5213 λόγος,
1482 5145 1596 5198 ἀλλ’
1625 5145 1761 5198 ἰδίαν

178 5239 367 5303 ἕξουσι
405 5239 716 5307 συμφοράν,
752 5239 845 5290 καὶ
871 5237 1049 5290 αὐτῶν
1080 5237 1230 5290 ἔσται
1256 5237 1444 5302 πάθος,
1471 5236 1532 5288 τὸ
1559 5235 1635 5306 τῷ
1663 5236 1761 5288 πέ-

179 5329 282 5394 λας
319 5331 688 5401 συμϐεϐηκός.

250 5508 464 5562 [ΙΑΛΛ.
512 5508 600 5571 Ὠς
627 5503 686 5561 εὗ
716 5523 778 5574 γε
809 5508 938 5577 ἡμῖν
967 5511 994 5561 6
1031 5507 1186 5576 λόγος
1216 5508 1346 5579 ἔχει.

1871 1850 2053 1890 mores
2075 1835 2378 1891 detestatur
2401 1854 2465 1892 ac
2487 1841 2663 1908 punit.

1940 1926 2101 1997 265
2127 1928 2322 1983 PALL.
2355 1929 2476 1996 Quo
2502 1931 2721 1994 tandem
2747 1932 2894 1988 istud
2918 1935 3119 1994 modo?

1936 2017 2093 2072 CYR.
2152 2017 2353 2092 Accipe
2400 2021 2550 2090 jam;
2596 2022 2790 2076 scribit
2843 2025 2990 2078 enim
3045 2042 3238 2081 rursus
3279 2045 3291 2080 :
3327 2047 3345 2078 ι
3386 2027 3444 2084 Si

1869 2125 2041 2165 cornu
2075 2113 2409 2180 percusserit
2434 2113 2665 2184 alicujus
2710 2122 2900 2171 taurus
2941 2124 3164 2172 taurum
3209 2121 3441 2188 proximi

1867 2201 1976 2261 sui,
2025 2211 2080 2256 et
2126 2201 2378 2256 mortuus
2403 2202 2590 2268 fuerit,
2617 2204 2859 2259 vendent
2898 2214 3116 2260 taurum
3141 2209 3439 2274 viventem,

1869 2300 1925 2344 et
1945 2291 2191 2347 divident
2215 2292 2454 2362 pretium
2479 2295 2598 2364 ejus
2627 2311 2641 2359 ;
2676 2301 2890 2348 taurum
2919 2311 3136 2366 quoque
3163 2305 3441 2352 mortuum

1868 2385 2136 2440 divident.
2163 2386 2318 2452 Quod
2347 2387 2391 2441 si
2417 2388 2695 2459 cognitum
2725 2388 2910 2454 fuerit,
2937 2390 3080 2459 quod
3105 2397 3298 2444 taurus
3321 2408 3443 2445 cor-

1867 2484 2072 2546 nupeta
2097 2486 2243 2532 esset
2273 2486 2399 2532 ante
2425 2478 2745 2534 hesternum
2781 2491 2840 2534 et
2861 2490 2989 2534 ante
3015 2482 3237 2535 tertium
3271 2482 3438 2545 diem,

1864 2578 1924 2624 et
1950 2570 2222 2624 testiﬁcati
2250 2569 2457 2625 fuerint
2479 2571 2703 2625 domino
2725 2572 2864 2642 ejus,
2886 2580 2941 2626 et
2964 2587 3071 2625 non
3087 2572 3442 2628 absconderit

1867 2677 1995 2715 eum
2016 2703 2030 2720 .
2071 2661 2264 2716 reddet
2289 2670 2505 2717 taurum
2542 2677 2643 2732 pro
2669 2670 2858 2728 tauro,
2893 2672 2949 2718 et
2985 2673 3237 2717 mortuus
3269 2663 3442 2732 ipsius

1865 2751 2060 2805 erit".
2108 2771 2125 2802 ι
2169 2751 2335 2806 Vides
2383 2753 2634 2821 aenigma,
2685 2758 2742 2806 et
2787 2751 3081 2821 Scriptura:
3131 2751 3233 2806 bac
3265 2751 3332 2806 de
3379 2767 3440 2807 re

1865 2843 2036 2897 verba
2070 2843 2473 2912 quodammodo
2511 2859 2576 2897 ex
2616 2842 3033 2896 evidentissima
3076 2844 3326 2912 exemplo
3369 2844 3439 2898 ad

1867 2934 1924 2988 id
1963 2934 2212 2997 tendere,
2242 2934 2389 3003 quod
2421 2943 2630 2989 rectum
2653 2935 2776 2989 est?
2798 2934 2854 2988 Si
2879 2935 3048 2998 enim,
3079 2935 3275 3003 inquit,
3305 2949 3438 2988 con-

1868 3027 2054 3097 tigerit
2088 3029 2229 3081 mori
2251 3026 2559 3096 cujuspiam
2588 3035 2828 3092 taurum,
2855 3033 2911 3081 et
2937 3027 3006 3080 ab
3030 3027 3257 3081 alterius
3282 3037 3439 3082 tauro

1865 3119 2066 3182 occidi,
2096 3119 2344 3174 divident
2367 3119 2643 3173 viventem
2677 3127 2915 3184 taurum,
2939 3127 2997 3172 et
3018 3117 3305 3172 amborum
3346 3119 3440 3174 iti-

1863 3212 1987 3266 dem
2010 3212 2115 3265 erit
2137 3211 2369 3272 occisus,
2398 3210 2450 3264 id
2467 3219 2549 3263 est
2573 3227 2586 3262 :
2615 3211 2659 3264 si
2685 3209 2826 3279 quod
2862 3209 3230 3278 oppressionis
3253 3217 3307 3262 et
3333 3209 3440 3264 ini-

1862 3304 2088 3374 quitatis
2113 3319 2284 3373 genus
2304 3303 2374 3357 ab
2395 3303 2579 3371 aliquo
2602 3317 2710 3355 non
2734 3301 2972 3364 volente,
2998 3301 3055 3354 in
3077 3301 3313 3355 alterum
3338 3301 3437 3355 de-

1863 3399 2097 3452 rivatum
2124 3398 2215 3462 sit,
2239 3397 2378 3466 ejus,
2414 3394 2613 3464 inquit,
2661 3393 2820 3448 bonis
2863 3394 2955 3463 qui
2994 3393 3241 3456 oﬁ‘endit,
3272 3394 3318 3448 is
3341 3395 3437 3462 qui

1862 3489 2101 3542 violatus
2172 3493 2276 3550 est,
2332 3483 2678 3555 perfruatur,
2731 3491 2786 3537 et
2836 3483 3143 3538 communia
3203 3483 3440 3537 habeant

1861 3579 2145 3635 commoda
2169 3585 2333 3647 atque
2360 3577 2571 3631 solatia.
2618 3576 2732 3630 Hoc
2770 3576 2918 3630 enim
2961 3585 3064 3639 est,
3105 3575 3321 3644 opinor,
3351 3574 3438 3630 di-

1862 3671 2050 3725 videre
2096 3671 2370 3724 viventem
2418 3676 2635 3722 taurum
2675 3685 2690 3720 :
2735 3681 3163 3736 communesque
3200 3667 3436 3734 habeat,

1864 3762 2060 3832 inquit,
2085 3761 2178 3832 qui
2212 3761 2299 3816 vel
2336 3761 2528 3815 nolens
2569 3759 2819 3824 oﬁ'endit,
2859 3760 2978 3830 ejus
3003 3758 3094 3828 qui
3123 3759 3322 3814 damno
3357 3771 3442 3814 est

1862 3856 2111 3920 aﬁ'ectus,
2143 3853 2478 3908 calamitates
2508 3870 2521 3906 ε
2568 3851 2623 3905 id
2645 3851 2794 3905 enim
2815 3865 2886 3904 ex
2907 3865 2977 3905 eo
3011 3849 3316 3920 signiﬁcari
3354 3867 3443 3905 ar-

1863 3947 2060 4010 bitror,
2116 3944 2264 4014 quod
2313 3943 2488 3998 dividi
2529 3942 2756 4012 jubetur
2786 3941 3026 3994 occisus.
3072 3941 3239 3994 Vides
3274 3941 3443 4010 igitur

1866 4045 1927 4091 ut
1968 4036 2056 4089 lex
2085 4034 2374 4102 aenigmata
2399 4040 2455 4086 et
2475 4031 2700 4084 umbras
2725 4029 2791 4082 ad
2817 4037 3021 4082 mutuae
3047 4028 3441 4082 benevolentia:

1866 4141 2047 4180 mores
2087 4124 2381 4178 hortetur?
2425 4136 2604 4175 annon
2643 4121 2749 4173 hoc
2787 4119 2922 4173 illud
2959 4125 3083 4171 est:
3133 4137 3151 4167 ι
3185 4117 3436 4173 Gaudere

1867 4232 1990 4271 cum
2018 4214 2402 4285 gaudentibus,
2429 4222 2487 4266 et
2510 4211 2638 4265 flere
2663 4224 2788 4265 cum
2811 4208 3070 4263 ﬂentibus
3085 4208 3165 4260 9"?
3201 4227 3220 4258 ι

1801 4419 1842 4473 D
1936 4415 2132 4471 PALL.
2175 4415 2254 4467 Ita
2287 4413 2523 4466 videtur.

1934 4507 2089 4561 CYR.
2135 4505 2191 4559 Si
2232 4520 2362 4558 vero
2397 4505 2490 4558 ille
2519 4516 2809 4572 oppressor
2851 4501 3010 4570 plane
3055 4503 3219 4566 norit,
3247 4501 3292 4555 si
3319 4501 3434 4570 ipse

1864 4596 2235 4668 oppressionis
2278 4609 2389 4649 suae
2419 4608 2600 4646 mores
2645 4607 2755 4644 non
2817 4591 3145 4655 cohibuerit,
3188 4591 3437 4661 proximo

1865 4689 2070 4758 aliquid
2115 4685 2445 4741 incommodi
2489 4685 2758 4749 futurum,
2804 4685 2923 4754 pari
2959 4684 3157 4738 damno
3178 4683 3437 4736 multabi—

1868 4791 1977 4844 tur,
2008 4789 2065 4834 et
2088 4780 2207 4849 ejus
2233 4777 2626 4832 detrimentum
2669 4778 2764 4846 qui
2792 4777 3030 4831 violatus
3053 4786 3154 4840 est,
3181 4791 3293 4830 sua:
3317 4775 3438 4828 ani-

1866 4891 1966 4929 mae
2021 4873 2193 4927 solius
2248 4871 2497 4941 periculo
2563 4870 2871 4925 exhauriet.
2938 4869 3052 4922 Hoc
3102 4868 3246 4921 enim
3303 4866 3439 4921 illud

1864 4967 2092 5035 aenigma
2141 4964 2412 5033 signiﬁcat
2458 4982 2470 5017 :
2523 4984 2541 5015 ι
2593 4962 2804 5018 Reddet
2848 4969 3066 5015 taurum
3111 4977 3211 5030 pro
3245 4967 3436 5028 tauro;

1863 5070 2114 5114 mortuus
2135 5069 2317 5112 autem
2350 5057 2524 5126 ipsius
2547 5057 2654 5111 erit
2676 5056 2743 5107 ’⁸.
2779 5073 2796 5105 ι
2817 5053 3004 5122 Neque
3027 5053 3172 5107 enim
3203 5069 3326 5107 eum
3350 5052 3436 5118 iis,

1866 5152 1959 5220 qui
1989 5151 2243 5221 injuriam
2278 5149 2540 5210 inferunt,
2581 5147 2654 5200 ita
2690 5146 2957 5199 duntaxat
2994 5155 3206 5216 agetur,
3248 5153 3309 5198 ut
3341 5160 3438 5197 sua

1869 5241 2030 5294 modo
2078 5240 2217 5293 bona
2261 5238 2530 5296 amittant,
2570 5235 2662 5289 sed
2712 5233 2932 5303 propria
2974 5233 3192 5288 illorum
3217 5232 3438 5286 eritca-

1867 5331 2083 5384 lamitas
2120 5347 2131 5381 :
2174 5338 2228 5382 et
2255 5327 2357 5398 ipsi
2382 5327 2583 5380 malum
2612 5325 2715 5378 hoc
2739 5325 3032 5393 patientur,
3063 5321 3209 5394 quod
3251 5318 3440 5390 proxi-

1865 5437 1957 5475 mo
1986 5420 2236 5489 contigit.

1941 5511 2136 5565 PALL.
2170 5511 2434 5565 Prmclare
2459 5525 2587 5563 sane
2623 5525 2680 5564 se
2709 5507 2876 5562 habet
2899 5505 3097 5562 oratio.

285 5625 884 5690 "Exod.xx1,'55,56.
957 5625 1001 5657 ’⁷
1037 5625 1193 5678 Rom.
1248 5641 1342 5692 ιη,
1394 5625 1478 5680 l5.
1558 5627 1603 5659 ⁸⁸
1643 5627 1812 5682 Exod.
1859 5643 1967 5688 rm,
2013 5626 2114 5681 '56.

495 5719 786 5780 PATROL.
832 5719 945 5779 Gn.
994 5719 1248 5779 LXVIII.

3085 5703 3155 5763 18
