3966 6298
557 250 660 304 555

1558 239 1613 296 S.
1656 239 1929 296 CYRILL‘l
1968 240 2438 298 ALEXANDRINI
2468 243 2782 302 ARCHIEP.

3693 247 3787 306 εὶΰύ

619 359 775 415 CYR.
801 354 1268 428 Sapientissimam
1299 367 1466 424 porro
1507 353 1670 408 nobis
1698 360 1903 408 mutuae
1943 353 2098 408 chari

2303 357 2467 412 ΚΥΡ.
2520 358 2691 426 Σοφὸν
2732 359 2790 413 δὲ
2832 359 2962 430 ἡμῖν
3000 359 3100 430 τῆς
3151 359 3232 422 είς
3283 359 3542 432 ἀλλήλους
3581 363 3785 437 ἀγάπης

557 451 682 504 tatis
731 449 908 519 legem
951 447 1078 500 tulit
1121 446 1315 500 beatus
1364 444 1600 510 Paulus,
1655 459 1783 498 cum
1828 444 1903 499 ita
1944 443 2124 499 dixit:

562 563 579 592 ι
612 543 730 596 Non
769 555 890 611 qua:
925 547 1110 593 vestra
1149 537 1395 607 ipsorum
1441 541 1572 591 sunt
1605 543 1933 606 quaarentes,
1957 535 2050 590 sed
2073 544 2130 591 et

553 649 674 704 quae
695 632 927 686 aliorum
945 632 1025 695 99;
1051 649 1067 680 ι
1090 629 1328 684 eharitas
1349 629 1494 684 enim
1521 642 1629 682 non
1651 628 1866 698 quaerit,
1890 643 2011 697 quae
2030 643 2129 681 sua

554 735 682 780 sunt
701 726 788 789 "‘,
819 723 913 778 sed
949 721 1133 791 potius
1159 720 1471 776 considerat
1493 720 1661 776 etiam
1682 735 1803 789 qua:
1831 727 1957 774 sunt
1987 719 2125 774 alio-

554 833 698 883 rum,
723 825 779 872 et
803 824 863 870 ut
885 831 1005 885 quae
1045 823 1173 868 sunt
1206 813 1458 878 fratrum,
1485 813 1626 868 bene
1650 828 1709 868 se
1733 813 1990 867 habeant.
2012 812 2127 867 Hoc

553 912 731 980 ipsum
757 905 945 961 itidem
968 913 1182 958 veteres
1201 902 1421 957 Litterae
1444 901 1582 958 clam
1611 900 1874 964 indicant,
1902 914 2022 970 quae
2045 899 2125 954 sic

552 1001 757 1055 habent
791 1015 802 1049 :
855 1016 872 1047 ι
905 995 960 1050 Si
992 995 1253 1065 depastus
1291 993 1414 1064 quis
1464 992 1634 1047 fuerit
1690 1007 1878 1062 agrum
1920 999 2016 1046 aut
2043 991 2126 1044 vi-

549 1106 729 1156 neam,
771 1099 827 1146 et
875 1087 1148 1143 dimiserit
1176 1087 1487 1157 iumentum
1516 1099 1697 1146 suum,
1740 1084 1903 1155 ξω
1935 1091 1997 1136 ιιι
2029 1082 2124 1136 de-

548 1193 803 1253 pascatur
838 1195 1028 1252 agrum
1060 1178 1320 1243 alienum,
1357 1176 1550 1232 reddet
1573 1191 1642 1230 ex
1665 1190 1794 1246 agro
1832 1190 1932 1229 suo
1966 1175 2120 1245 juxta

548 1277 789 1330 fructum
824 1274 976 1345 ejus;
1020 1271 1066 1326 si
1104 1279 1287 1324 autem
1319 1283 1536 1323 omnem
1571 1282 1761 1338 agrum
1808 1267 1926 1336 ejus
1951 1265 2118 1335 depa-

549 1372 693 1417 stum
723 1361 909 1425 fnerit,
937 1360 1143 1430 optima
1182 1359 1296 1429 agri
1333 1359 1441 1424 sui,
1475 1366 1533 1412 et
1560 1357 1766 1426 optima
1795 1355 1968 1410 vineae
2008 1369 2120 1409 suae

550 1455 801 1510 reddet‘.
836 1473 852 1504 ›
887 1453 1024 1507 Nam
1059 1451 1156 1521 qui
1204 1450 1350 1522 agris
1396 1449 1594 1503 alienis
1625 1463 1784 1502 suum
1807 1449 2118 1517 jumentum

547 1545 815 1606 immittit,
843 1544 933 1597 ille
959 1543 1074 1597 suis
1095 1541 1319 1610 quidem
1347 1541 1514 1594 rebus
1538 1538 1830 1593 utilitatem
1855 1534 2032 1599 all‘ert,
2062 1543 2118 1590 et

545 1649 641 1687 sua
669 1629 1073 1702 quodammodo
1103 1629 1318 1699 quaerit,
1361 1643 1471 1681 non
1504 1635 1687 1680 tamen
1711 1639 1773 1678 ea
1811 1638 1871 1677 re
1893 1622 2110 1692 quaerit,

2231 445 2396 500 ἐτίθει
2431 447 2596 516 νόμον
2625 449 2720 502 καὶ
2751 450 2779 501 ό
2811 447 3094 512 Θεσπέσιος
3117 449 3347 514 Παῦλος,
3386 450 3557 522 ὡδίπη
3589 452 3782 521 λέγων’

2238 558 2256 588 ι
2285 538 2374 607 Μὴ
2405 541 2475 593 τὰ
2513 540 2724 594 ἑαυτῶν
2753 540 3064 610 ζητοῦντες,
3099 541 3236 594 ἀλλά
3276 545 3370 596 καὶ
3407 543 3475 596 τά
3511 545 3728 617 ἐτέρων.
3760 562 3782 600 ι

2229 631 2302 682 Οὐ
2333 632 2488 701 ζητεῖ
2519 632 2627 700 γάρ
2651 634 2684 702 ή
2716 632 2906 702 ἀγάπη
2939 631 3008 684 τὰ
3030 631 3260 702 ἐαυτῆςο
3291 634 3710 705 περισκέπτεται
3733 634 3784 689 δὲ

2231 719 2432 789 μᾶλλον
2463 721 2556 773 καὶ
2594 719 2662 772 τὰ
2679 719 2902 790 ἐτέρων,
2929 719 3025 772 καὶ
3053 721 3200 790 ὅπως
3228 720 3292 773 ἀν
3321 721 3432 790 ἔχοι
3463 720 3528 773 τὰ
3554 720 3785 790 ἀδελφῶν

2226 807 2306 864 εὖ.
2354 811 2524 864 Τοῦτό
2562 829 2646 865 τοι
2682 812 2847 864 πάλιν
2896 812 2955 865 τὸ
2999 788 3222 883 ἀρὶαῖον
3255 815 3384 883 ἡμῖν
3427 813 3783 866 ὑπαινίττεται

2224 903 2478 975 Γράμμα·
2518 903 2631 974 ἔχει
2659 903 2716 956 δὲ
2744 903 2952 975 οὕτως·
2982 925 3000 955 ι
3041 905 3166 958 Ἐἀν
3191 905 3246 957 δὲ
3275 904 3664 976 καταϐοσκήσῃ
3707 921 3784 967 τις

2224 999 2394 1067 ἀγρὸν
2431 998 2463 1068 ἢ
2496 998 2812 1068 ἀμπελῶνα,
2841 1000 2935 1053 καὶ
2965 1001 3075 1070 ἀφῇ
3104 1000 3165 1052 τὸ
3197 1001 3392 1070 κτῆνος
3421 987 3607 1065 αὐτοῦ,
3633 1018 3786 1054 κατα-

2225 1089 2496 1158 ϐοσκῆσοιι
2523 1089 2691 1162 ἀγρὸν
2717 1090 3185 1160 ἓτερον,ἀποτίσει
3210 1093 3272 1144 ὲκ
3298 1091 3392 1144 τοῦ
3427 1091 3595 1162 ἀγροῦ
3625 1091 3783 1147 αὐτοῦ

2223 1181 2361 1234 κατά
2404 1181 2465 1234 τὸ
2507 1181 2752 1253 γέννημα
2798 1182 3004 1235 αὐτοῦ’
3049 1185 3143 1236 ὲάν
3176 1183 3232 1236 δὲ
3266 1184 3444 1237 πάντα
3484 1184 3575 1237 τὸν
3623 1185 3785 1255 ἀγρὸν

2221 1267 2630 1339 καταϐόσκήσῃ,
2665 1268 2730 1323 τά
2767 1269 3017 1339 βέλτιστα
3047 1271 3137 1324 τοῦ
3172 1273 3340 1343 ἀγροῦ
3366 1272 3552 1338 αὐτοῦ,
3602 1274 3784 1326 καὶτὰ

2223 1357 2473 1427 βέλτιστα
2505 1361 2600 1413 τοῦ
2643 1361 2964 1431 ἀμπελῶνος
2998 1361 3162 1414 αὐτοῦ
3205 1362 3471 1416 ἀποτίσει.
3515 1381 3534 1414 ι
3582 1363 3638 1416 '0
3691 1363 3784 1432 μὲν

2220 1449 2326 1519 γὰρ
2349 1451 2535 1521 ἀγροῖς
2569 1452 2768 1521 ἐτέρων
2793 1453 2852 1505 τὸ
2888 1453 3017 1505 ἴδιον
3044 1453 3242 1522 κτῆνος
3280 1455 3552 1524 ἐπαφιεὶς,
3581 1456 3786 1525 ὀνίνησι

2222 1537 2321 1606 μὲν
2355 1540 2423 1592 τὰ
2453 1539 2574 1592 καθ’
2606 1543 2817 1605 ἑαυτὸν,
2858 1541 2951 1594 καὶ
2979 1540 3132 1610 ζητεῖ
3155 1559 3269 1604 πως
3309 1541 3378 1594 τὰ
3403 1542 3619 1607 ἑαυτοῦ,
3649 1544 3785 1612 πλὴν

2216 1629 2315 1682 οὐκ
2353 1630 2410 1696 ἐξ
2457 1624 2529 1684 ὧν
2573 1633 2601 1684 ὁ
2651 1630 2844 1699 γείτων
2893 1633 3263 1703 εὐφραίνεται,
3319 1634 3440 1686 οὐδὲ
3473 1635 3558 1702 ἐφ’
3601 1629 3682 1698 οἷς
3721 1634 3787 1689 ἂν

546 1724 690 1779 unde
715 1725 850 1778 alter
875 1723 1110 1786 laetetur,
1130 1728 1223 1774 aut
1248 1718 1394 1774 unde
1417 1717 1700 1787 proximus
1728 1714 1960 1786 gaudeat
1982 1755 1995 1779 ,
2019 1713 2104 1768 sed

2215 1720 2391 1788 ἧδοιτό
2420 1739 2502 1784 τις
2530 1721 2638 1774 τῶν
2673 1722 2860 1787 πέλας,
2885 1724 2998 1776 ἀλλ’
3020 1723 3079 1789 ἐξ
3109 1717 3184 1776 ὧν
3207 1723 3273 1776 ἂν
3297 1723 3580 1777 λυπεῖσθαί
3606 1742 3664 1777 τε
3693 1728 3787 1780 καὶ

545 1816 688 1870 unde
743 1829 869 1869 eum
915 1812 1119 1867 offendi
1159 1827 1224 1866 ac
1271 1809 1394 1864 laedi
1427 1809 1723 1878 contingat.
1752 1805 2115 1873 Quaerendum

541 1917 625 1963 cst
651 1907 816 1978 igitur
841 1905 987 1974 quod
1028 1903 1187 1957 nobis
1210 1902 1406 1972 prosit,
1433 1902 1538 1956 hoc
1561 1910 1666 1964 est,
1693 1899 1840 1970 quod
1865 1907 2115 1957 nostrum

539 2010 643 2062 est,
692 2013 800 2053 non
847 1997 984 2051 alios
1030 1994 1415 2066 opprimendo,
1476 1993 1572 2048 sed
1619 1994 1685 2048 iis
1738 1992 1972 2057 artibus,
2015 2006 2115 2062 per

538 2107 673 2162 quas
695 2090 887 2146 eodem
913 2087 1222 2158 pervenire,
1256 2087 1394 2142 nihil
1434 2087 1645 2157 peccati
1669 2085 2033 2148 admittendo,
2058 2092 2114 2139 et

537 2183 764 2238 alterius
787 2183 953 2236 animi
977 2181 1428 2251 tranquillitatem
1465 2178 1755 2242 servando,
1796 2171 2109 2247 p‘ossimus:

537 2275 590 2328 id
615 2274 762 2328 enim
785 2274 943 2344 plane
973 2279 1058 2326 est
1082 2285 1328 2341 quaerere
1355 2269 1520 2324 etiam
1544 2283 1665 2337 quae
1691 2276 1821 2323 sunt
1839 2268 2109 2330 aliorum;

537 2365 738 2435 alioqui
775 2365 941 2429 sciat,
991 2364 1036 2419 si
1081 2362 1220 2416 nihil
1262 2367 1438 2424 cavet,
1490 2373 1558 2413 ne
1608 2358 1808 2412 fratres
1844 2355 2107 2419 offendat,

539 2473 713 2526 neque
751 2457 861 2510 ulla
905 2463 989 2509 est
1040 2454 1116 2508 illi
1166 2453 1233 2506 de
1269 2451 1520 2521 proximo
1559 2465 1710 2514 cura,
1761 2448 1913 2512 dum,
1963 2447 2108 2516 quod

536 2561 696 2600 suum
725 2555 829 2611 est,
859 2546 1122 2599 duntaxat
1147 2551 1375 2613 spectet,
1405 2558 1466 2597 se
1489 2559 1588 2612 par
1609 2541 1869 2596 damnum
1899 2540 2111 2594 subitu—

537 2651 679 2702 rum,
706 2645 761 2690 et
805 2637 953 2689 illam
986 2635 1136 2690 falsa:
1185 2634 1441 2688 utilitatis
1491 2633 1730 2704 speciem
1767 2630 2109 2686 charissimis

536 2729 704 2782 rebus
749 2727 1032 2781 interitum
1071 2726 1385 2779 allaturum.
1443 2723 1501 2778 ιιι
1547 2725 1695 2778 enim
1741 2731 1826 2776 est
1870 2721 2105 2791 opinor:

543 2839 561 2868 ι
601 2816 814 2872 Reddet
847 2815 1053 2885 optima
1082 2814 1195 2885 agri
1227 2814 1311 2869 sui
1356 2821 1412 2868 et
1435 2815 1607 2867 vineae
1641 2827 1772 2866 suae.
1797 2830 1814 2861 ι
1843 2809 2110 2865 Convenit

533 2911 721 2973 etiam,
749 2918 812 2963 ut
833 2907 968 2961 mihi
1003 2906 1226 2975 quidem
1255 2905 1492 2969 videtur,
1540 2903 1945 2975 propositorum
1983 2917 2106 2956 ver-

533 3003 730 3057 borum
752 2999 834 3053 vis
863 2999 920 3052 in
956 2997 1227 3052 haeresum
1268 2996 1623 3059 inventores;
1665 3009 1901 3064 quorum
1924 2993 2104 3063 impu-

2216 1812 2518 1865 ἀδικεῖσοαι
2572 1813 2876 1890 συμϐαίνοι..
2928 1815 3196 1884 Ζητητέον
3240 1813 3334 1869 οὖν
3382 1817 3490 1886 ἄρα
3530 1817 3588 1870 τὸ
3639 1819 3786 1888 ἡμᾶς

2214 1903 2478 1970 ὠφελοῦν,
2520 1904 2784 1965 τουτέστι,
2810 1905 2870 1957 τὸ
2896 1906 3125 1970 ἑαυτῶν,
3148 1907 3208 1959 οὐ
3234 1906 3321 1960 διὰ
3342 1908 3439 1978 τῆς
3464 1909 3543 1970 είς
3567 1909 3650 1960 ἑτέ
3662 1927 3785 1978 ρους

2215 1989 2543 2058 πλεονεξίας,
2578 1992 2713 2046 ἀλλά
2744 1993 2809 2046 δι’
2837 1986 2911 2046 ῶν
2942 1993 3007 2048 ἂν
3039 1995 3248 2061 γένοιτο
3277 1989 3414 2066 πρὸς
3437 1996 3592 2050 τοῦτο
3625 2000 3785 2066 ἰέναι,

2213 2085 2666 2156 πλημμελοῦντας
2689 2087 2860 2150 οὐδὲν,
2895 2088 2987 2141 καὶ
3005 2089 3101 2158 τῆς
3132 2089 3227 2142 τοῦ
3261 2089 3499 2157 γείτονος
3520 2091 3788 2161 εὐθυμίας

2213 2179 2456 2249 ἑστώσης
2475 2179 2672 2250 ὀρθῶς.
2709 2180 2879 2233 Τοῦτο
2913 2181 3020 2252 γὰρ
3050 2181 3116 2234 ἂν
3148 2182 3232 2252 εἴη
3263 2183 3472 2252 σαφῶς,
3510 2183 3571 2235 τὸ
3600 2182 3791 2252 ζητεῖν

2213 2271 2305 2322 καὶ
2336 2270 2404 2324 τὰ
2456 2269 2679 2342 ἑτέρων.
2717 2271 2785 2323 Ἣ
2818 2271 2951 2324 ἵστω
2990 2287 3092 2333 τις,
3130 2271 3318 2340 φησὶν,
3363 2273 3410 2324 εί
3457 2272 3794 2341 ἀφυλάκτως

2209 2362 2384 2415 ἕλοιτο
2426 2362 2760 2416 καταλυπεῖν
2802 2361 3082 2431 ἀδελφοὺς,
3130 2362 3224 2413 καὶ
3275 2363 3623 2432 ἀπρονοήτως
3671 2362 3795 2432 ἔχοι

2210 2452 2304 2505 τοῦ
2336 2451 2524 2517 πέλας,
2548 2454 2629 2516 είς
2669 2452 2828 2524 μόνον
2857 2453 2997 2522 τάχα
3021 2466 3124 2503 που
3161 2451 3222 2503 τὸ
3253 2451 3382 2506 ἴδιον
3415 2451 3647 2527 βλέπων,
3685 2454 3795 2523 τὴν

2211 2547 2332 2616 ῐσην
2366 2545 2658 2615 ὑπομενεῖν
2701 2544 2927 2616 ζημίαν,
2965 2543 3054 2596 καὶ
3083 2542 3171 2596 τὸν
3213 2543 3312 2612 τῆς
3336 2542 3602 2613 δοκούσης
3635 2542 3798 2610 ὠφε-

2209 2635 2356 2699 λείας
2397 2635 2623 2707 τρόπον,
2663 2635 2771 2688 τῶν
2811 2635 2895 2688 ὅτι
2946 2632 3179 2702 μάλιστα
3235 2631 3566 2700 φιλαιτάτων
3629 2633 3795 2702 αὐτῷ

2209 2725 2556 2796 προξενήσων
2595 2727 2690 2796 τὴν
2733 2724 3023 2778 ἀπώλειαν.
3054 2719 3228 2791 ιΤουτὶ
3259 2721 3387 2792 γὰρ,
3430 2717 3608 2792 οἶμαι,
3658 2722 3795 2791 ἔστι

2207 2818 2288 2884 τὸ,
2314 2836 2333 2869 ι
2379 2818 2652 2872 Ἀποτίσει
2681 2815 2748 2869 τά
2774 2815 3024 2886 βέλτιστα
3045 2813 3139 2868 τοῦ
3161 2814 3332 2884 ἀγροῦ
3362 2813 3547 2877 αὐτοῦ,
3572 2813 3667 2866 καὶ
3690 2812 3792 2866 τοῦ

2208 2910 2527 2980 ἀμπελῶνος
2560 2907 2744 2963 αὐτοῦ.
2783 2927 2800 2959 ι
2846 2907 3102 2978 Ἀρμόζει
3130 2907 3174 2960 δ’
3202 2907 3293 2972 ἀν,
3325 2906 3399 2969 ὥς
3430 2906 3492 2974 γέ
3526 2923 3617 2976 μοι
3647 2906 3794 2974 φαί-

2209 3019 2380 3066 νεται,
2410 3001 2516 3053 τῶν
2559 2999 2934 3070 προκειμένων
2962 3002 2995 3069 ἡ
3026 2999 3253 3070 δύναμις
3280 2999 3376 3052 καὶ
3402 3000 3514 3060 τοῖς
3544 2997 3653 3050 τῶν
3691 2998 3792 3050 αἱ·-

535 3092 732 3148 rissimi
770 3105 835 3145 ac
879 3088 1185 3145 stultissimi
1223 3087 1498 3158 discipuli,
1540 3086 1828 3140 brutorum
1853 3085 2103 3140 animan-

2215 3061 2408 3162 ρέσεων
2434 3061 2703 3162 εὑρεταῖς,
2735 3061 2808 3149 ῶν
2836 3094 2887 3144 οἱ
2915 3061 3283 3162 βδελυροῖκαὶ
3307 3088 3625 3143 ἀνούστατοι
3671 3107 3794 3158 μα-

533 3186 669 3239 tium
697 3183 890 3246 instar,
915 3187 1127 3252 segetes
1151 3195 1215 3234 ac
1238 3179 1428 3234 vineas
1454 3177 1756 3234 dominicas
1793 3179 2101 3248 depascun-

533 3288 639 3342 tur,
676 3276 732 3330 in
777 3288 968 3330 eorum
1018 3271 1286 3343 judicium
1323 3279 1488 3341 atque
1530 3270 1848 3333 vindictam,
1889 3269 1983 3338 qui
2015 3283 2103 3322 er-

531 3383 684 3423 rores
722 3369 1088 3427 invenerunt;
1135 3362 1417 3433 continget
1462 3362 1611 3417 enim
1665 3361 1774 3415 illis
1817 3367 1880 3414 ut
1934 3359 2100 3413 rebus

529 3455 1015 3531 priestantissimis,
1050 3452 1106 3506 id
1138 3461 1245 3518 est,
1268 3453 1443 3522 ipsius
1475 3451 1671 3505 animae
1699 3448 1924 3504 interitu
1964 3448 2101 3501 mul-

529 3560 744 3605 tentur:
775 3549 936 3604 vinea
962 3547 1112 3602 enim
1150 3559 1214 3598 ac
1245 3551 1448 3614 segete,
1489 3548 1544 3595 et
1571 3540 1796 3596 omnino
1828 3537 2100 3595 universis

528 3643 712 3704 rebus,
741 3655 863 3709 quae
884 3636 1028 3706 apud
1057 3651 1178 3699 nos,
1204 3633 1549 3703 prastantior
1570 3640 1652 3686 est
1685 3632 1884 3687 anima.

596 3812 791 3867 PALL.
829 3811 1088 3865 Fructum
1127 3808 1292 3879 igitur
1326 3822 1389 3862 ac
1421 3821 1620 3863 munus
1662 3806 1945 3862 charitatis
1974 3822 2094 3862 esse

526 3905 792 3968 dicemus,
827 3916 1072 3972 qumrere
1115 3915 1179 3954 ea
1218 3913 1340 3968 quae
1383 3898 1618 3952 aliorum
1652 3906 1800 3961 sunt,
1847 3913 1956 3951 non
1995 3913 2093 3953 sua

527 3999 768 4067 ipsorum
791 3995 1075 4049 duntaxat.

592 4087 748 4142 CYR.
777 4087 1010 4140 Prorsus
1057 4086 1131 4139 ita
1179 4091 1284 4149 est,
1315 4083 1521 4138 Palladi
1557 4100 1570 4134 :
1615 4090 1672 4136 et
1711 4081 1939 4151 implere
1973 4081 2091 4150 qui-

522 4179 645 4233 dem
679 4177 1006 4231 charitatem
1057 4175 1113 4229 in
1148 4174 1366 4239 fratres,
1419 4174 1532 4228 Deo
1581 4188 1714 4228 sane
1749 4171 2088 4242 jucundissi-

523 4284 671 4322 mum
705 4274 790 4322 est
816 4285 830 4333 ;
857 4267 1074 4320 onerari
1105 4280 1235 4320 vero
1263 4281 1294 4319 a
1323 4264 1483 4318 nobis
1515 4261 1807 4317 immodico
1831 4279 1894 4319 ac
1917 4261 2085 4315 nimio

2205 3184 2382 3254 θηταὶ,
2415 3184 2628 3257 κτηνῶν
2649 3184 2864 3253 ἀλόγων
2889 3185 3062 3254 δίκην,
3093 3183 3220 3255 λήῖά
3238 3201 3298 3237 τε
3327 3183 3421 3236 καὶ
3449 3182 3797 3252 ἀμπελῶνας

2203 3267 2597 3346 κατανέμονται
2618 3277 2745 3340 τοὺς
2775 3276 3146 3339 δεσποτικοὺς,
3173 3277 3251 3340 είς
3285 3275 3459 3348 κρίμα
3489 3274 3583 3327 καὶ
3614 3274 3797 3328 κόλα-

2203 3384 2285 3420 σιν
2336 3368 2443 3421 τῶν
2488 3367 2590 3438 τῆς
2634 3369 2901 3438 αἱρέσεως
2942 3367 3217 3439 εὑρετῶν*
3280 3366 3621 3436 συμϐήσεται
3665 3367 3795 3436 γὰρ

2201 3457 2427 3520 ἐκείνοις
2472 3459 2505 3528 ὴ
2537 3457 2645 3510 τῶν
2682 3457 2981 3511 καλλίστων
3008 3456 3201 3528 ζημία,
3238 3454 3534 3518 τουτέστιν,
3578 3454 3612 3512 ὁ,
3647 3452 3794 3524 περὶ

2197 3548 2368 3618 αὐτὴν
2415 3547 2634 3620 ὄλεθρος
2678 3550 2776 3620 τὴν
2817 3549 3014 3619 ψυχήν·
3060 3545 3379 3617 ἀμπελῶνος
3423 3544 3550 3614 γὰρ,
3603 3545 3798 3615 ῆγουν

2198 3637 2351 3708 ληΐου
2383 3639 2564 3708 τυχὸν,
2603 3639 2698 3693 καὶ
2732 3641 2835 3694 ἀνά
2870 3640 3034 3710 μέρος
3063 3639 3290 3692 ἑκάστου
3319 3636 3425 3689 τῶν
3461 3635 3583 3689 καθ’
3623 3637 3794 3706 ἡμᾶς

2197 3730 2504 3800 νοουμένων
2530 3731 2590 3784 τὸ
2619 3734 2677 3785 ἐν
2702 3731 2849 3801 αὐτῷ
2885 3731 3160 3800 βέλτιστον
3185 3730 3217 3799 ή
3242 3728 3386 3798 ψυχή
3421 3726 3517 3798 (ι).

2266 3822 2475 3876 ΠΑΛΛ.
2511 3823 2739 3894 Καρπὸν
2762 3819 2854 3878 οῦν
2898 3825 3003 3894 ἄρα
3029 3825 3124 3892 τῆς
3168 3821 3387 3891 ἀγάπης
3421 3815 3560 3873 εἷναί
3587 3837 3800 3891 φαμεν

2193 3912 2252 3966 τὸ
2288 3912 2484 3983 χρῆναι
2527 3913 2709 3984 ζητεῖν
2739 3914 2807 3968 τά
2843 3913 3064 3982 ἑτέρων,
3109 3912 3200 3964 καὶ
3246 3911 3368 3982 οὐχὶ
3409 3911 3477 3981 δὴ
3511 3910 3680 3980 μόνον
3716 3912 3798 3967 τὰ

2193 4002 2420 4057 ἑαυτῶν.

2262 4093 2423 4145 ΚΥΡ.
2459 4091 2608 4145 Πάνυ
2643 4093 2741 4160 μὲν
2766 4087 2879 4155 οὖν,
2911 4086 2956 4146 ὦ
2988 4091 3272 4157 Παλλάδιε,
3298 4092 3394 4145 καὶ
3424 4093 3483 4145 τὸ
3509 4095 3608 4163 μὲν
3634 4096 3800 4166 χρῆ-

2192 4200 2279 4235 ναι.
2311 4181 2551 4252 πληροῦν
2580 4181 2677 4252 τὴν
2711 4184 2791 4245 είς
2820 4183 3081 4252 ἀδελφοὺς
3113 4183 3413 4251 ἀγάπησιν,
3443 4182 3519 4247 ὼς
3543 4186 3802 4254 ἥδιστον

2188 4269 2262 4340 τῷ
2283 4269 2419 4338 Θεῷ,
2449 4269 2942 4338 καταφορτίξεσθαι
2974 4269 3030 4321 δὲ
3054 4269 3151 4353 τὴν
3175 4269 3392 4340 ἀγάπην
3423 4270 3499 4340 τῷ
3520 4276 3800 4345 περιττῷ

520 4360 695 4414 abusu
738 4358 1059 4412 charitatem
1103 4355 1336 4425 sapienti
1366 4353 1595 4409 consilio
1626 4368 1736 4407 non
1773 4351 2078 4422 permittit:

2215 4360 2281 4412 :a‘t
2310 4357 2517 4410 πλείονι
2553 4359 2653 4427 τῆς
2682 4358 2817 4428 πρὸς
2858 4358 3015 4428 ἡμῶν
3041 4351 3453 4431 καταχρήσεως,
3484 4363 3799 4435 οἰκονομι-

522 4467 645 4505 nam
691 4449 848 4503 facile
878 4448 1046 4503 etiam
1090 4449 1232 4502 bene
1267 4446 1488 4500 firmum
1532 4444 1771 4498 animum
1813 4441 2082 4504 concutit,

517 4542 770 4611 quamvis
800 4542 891 4596 ille
916 4539 982 4594 ad
1006 4540 1320 4608 przeelaram
1347 4537 1403 4592 in
1431 4550 1649 4606 quoque
1680 4547 1876 4602 genere
1914 4531 2085 4584 virtu-

520 4646 628 4690 tem
665 4632 999 4703 pervenerit,
1031 4645 1368 4701 quaecunque
1403 4629 1486 4681 vis
1518 4625 1751 4696 impulsu
1786 4622 1930 4676 haud
1961 4637 2080 4676 me—

516 4728 711 4790 diocri,
740 4725 836 4781 sed
864 4725 1046 4795 potius
1068 4725 1295 4794 impetu,
1327 4721 1415 4776 cui
1449 4717 1638 4773 obsisti
1667 4731 1775 4770 non
1808 4715 1998 4784 possit,
2025 4714 2080 4770 in

517 4821 671 4873 illum
715 4815 993 4885 irrumpit.

585 4907 778 4962 PALL.
819 4906 958 4972 Quid
1013 4905 1158 4961 istud
1215 4901 1432 4957 tandem
1463 4907 1565 4964 est,
1603 4898 1748 4968 quod
1799 4897 1923 4953 ais?
1970 4912 2080 4952 non

514 4997 664 5052 enim
705 4996 836 5051 satis
871 4996 1133 5066 intelligo.

582 5089 736 5144 CYR.
779 5089 861 5143 An
889 5097 946 5144 tu
979 5086 1205 5142 minime
1240 5083 1432 5139 fateris
1463 5097 1582 5137 esse
1605 5082 1886 5148 virtutem,
1921 5095 2078 5135 man-

510 5180 858 5236 suetudinem
886 5190 1050 5249 atque
1087 5176 1450 5249 patientiam?

581 5273 772 5328 PALL.
807 5272 1012 5338 Quidni
1050 5270 1270 5325 fatear?

2191 4449 2304 4512 κῶς
2340 4449 2442 4502 οὐκ
2490 4451 2584 4519 ὲᾷ·
2629 4451 2976 4503 κατασίνεται
3013 4452 3118 4524 γὰρ
3164 4452 3401 4515 εὐκόλως
3449 4454 3684 4508 καὶτὸν
3725 4453 3797 4511 εὖ

2191 4539 2462 4610 βεόηκότα
2499 4539 2644 4602 νοῦν,
2693 4539 2795 4594 κᾶν
2835 4542 2883 4593 εἰ
2918 4544 2973 4595 ὲν
3008 4542 3159 4613 καλῷ
3201 4543 3411 4612 γένοιτο
3455 4543 3624 4613 τυχὸν
3675 4547 3800 4618 τῆς

2187 4632 2272 4702 ἐφ’
2301 4632 2407 4702 ὅτῳ
2434 4627 2527 4686 οῦν
2555 4633 2774 4704 ἀρετῆς,
2803 4633 2864 4687 τὸ
2889 4633 2961 4705 μὴ
2983 4636 3218 4706 μετρίως
3238 4635 3406 4706 αὐτῷ,
3441 4635 3799 4709 δυσαντήτῳ

2185 4724 2240 4778 δὲ
2269 4725 2467 4795 μᾶλλον
2489 4725 2829 4794 ὲπιθρῶσκον
2863 4729 3026 4798 ὁρμῇ.

2258 4903 2469 4956 ΠΑΛΛ.
2533 4903 2700 4958 ’Ὅσον
2743 4905 2806 4976 δὴ
2855 4905 2906 4958 τί
2952 4907 3090 4976 φής;
3141 4907 3202 4961 οὑ
3244 4907 3353 4978 γάρ
3395 4916 3476 4960 τοι
3529 4909 3796 4980 συνίημι

2188 4994 2393 5063 σαφῶς.

2257 5085 2422 5139 ΚΥΡ.
2460 5087 2528 5139 Ἢ
2555 5089 2655 5141 οὐκ
2685 5089 2885 5160 ἀρετὴν
2917 5085 3055 5143 εἶναι
3097 5090 3224 5160 φὴς,
3256 5091 3317 5143 τὸ
3359 5088 3532 5160 πρᾶόν
3563 5107 3638 5143 τε
3682 5098 3798 5150 καὶ

2187 5175 2507 5242 ἀνεξίκακον
2527 5196 2542 5243 ;

2257 5269 2461 5322 ΠΑΛΛ.
2501 5270 2622 5333 Πῶς
2651 5271 2756 5340 γάρ
2795 5272 2888 5337 οὐ;

582 5431 624 5461 η
659 5426 894 5496 Philipp.
935 5405 992 5488 ιι,
1019 5425 1082 5476 at
1111 5441 1124 5489 ;
1155 5424 1197 5476 u
1220 5424 1344 5477 Cor.
1394 5439 1486 5487 κη,
1519 5422 1602 5474 ιι.
1683 5419 1976 5484 1w'ICor,
2011 5435 2103 5475 xm

2249 5421 2264 5452 ¹
2293 5421 2463 5475 Exod.
2506 5438 2635 5482 χχιι,

579 5582 651 5649 (Ι)
687 5579 834 5649 Hanc
861 5578 1183 5649 sententiam
1205 5575 1288 5649 ad
1329 5576 1474 5649 hunc
1507 5575 1729 5649 modum
1777 5575 1941 5649 habet
1971 5590 2066 5649 co-

504 5643 607 5704 άυέ
634 5643 953 5703 Vaticanus.
990 5645 1328 5717 Ἀμπελῶνος
1362 5643 1470 5713 γὰρ
1507 5644 1671 5712 ἤγουν
1705 5645 1855 5713 ληΐου
1881 5645 2060 5713 τυχὸν,

2175 5575 2265 5658 καὶ
2289 5575 2561 5658 ἁναμέρος
2584 5576 2812 5658 ἑκάστου
2837 5578 2956 5658 ’τῶν
2977 5580 3095 5633 καθ’
3121 5581 3265 5654 ἡμᾶς
3296 5583 3610 5654 νοουμένων
3643 5589 3802 5656 {se}-

2171 5645 2366 5696 τίστων
2395 5639 2717 5716 τιμιώτερον
2752 5650 2784 5716 ἡ
2821 5646 2988 5718 ψυχή.
3143 5639 3174 5654 ”
3247 5639 3262 5645 ⁷
3425 5639 3437 5654 ’
3643 5639 3656 5656 ⁸
