3966 6298
172 322 264 380 557

891 321 979 376 DE
1018 316 1457 375 ADORATIONE
1495 317 1560 372 IN
1602 313 1869 371 SPIRITU
1908 313 1996 369 ET
2034 312 2401 369 V'ERITATE.
2439 311 2566 368 LIB.
2609 302 2751 369 VIII—

3331 320 3435 376 533

242 440 413 497 ΚΥΡ.
468 438 612 493 Ἀλλ’
642 438 802 510 εἴπερ
834 457 916 503 τις
953 440 1115 509 τυχὸν
1143 437 1221 508 τῷ
1248 412 1531 506 πραότητᾶ
1573 452 1621 487 ιε
1669 435 1763 487 καὶ

1935 428 2094 503 267
2128 430 2283 487 CYR.
2315 432 2500 503 Atqui,
2539 433 2581 486 si
2617 433 2743 502 quis
2796 432 3024 490 fortasse
3060 435 3117 491 in
3154 452 3303 502 eum,
3340 444 3433 511 qui

187 531 542 599 ἀνεξικακίαν
582 530 979 601 ἐπιτηδεύοντι,
1012 530 1186 592 λύπας
1205 545 1265 582 τε
1296 527 1389 583 καὶ
1425 527 1611 599 ὕϐρεις
1643 526 1762 578 ἐπι-

194 623 513 696 σωρεύσειε,
569 621 665 674 καὶ
700 621 772 675 τὰ
808 621 872 675 δι’
897 614 972 675 ὧν
998 622 1048 674 οἱ
1082 620 1263 692 θυμοὶ,
1307 619 1542 690 μετρίως
1586 616 1683 689 μὲν
1713 617 1761 668 εί

195 716 420 785 γένοιτο,
462 712 948 784 διακαρτερησειεν
993 712 1060 767 ἂν
1085 712 1193 765 ἐσθ’
1215 713 1303 766 ὅτε
1336 711 1429 763 καὶ
1463 709 1599 762 οίσει
1636 724 1761 776 γεν-

193 806 375 869 νικῶς,
425 803 734 874 γύμνασμα
757 820 817 856 τε
881 803 1183 875 πραότητος
1220 802 1316 857 καὶ
1361 800 1660 874 ἀοργησίας
1705 801 1765 853 τὸ

195 899 376 970 χρῆμα
404 899 711 969 ποιήσεται.
742 898 805 950 Εἰ
830 896 885 950 δὲ
913 897 976 968 δή
1007 914 1092 961 τις
1122 897 1189 949 ίοι
1220 894 1313 949 τοῦ
1351 894 1574 967 μετρίου
1601 894 1763 964 πέρα,

198 994 287 1046 καὶ
313 990 424 1044 τῶν
456 989 811 1055 ἀνεξικακίας
834 991 978 1060 ὅρων
1012 989 1268 1042 ἐπέκεινα
1286 989 1496 1059 τρέχοι,
1525 988 1586 1041 τὸ
1609 988 1767 1041 ἀπει-

197 1082 289 1145 aa;
325 1081 506 1141 οὐδὲν,
559 1080 1017 1134 καταϐιασθεῖσαν
1045 1079 1235 1152 ὥσπερ
1281 1079 1381 1151 τὴν
1420 1079 1620 1149 ἀρετὴν
1673 1079 1768 1131 καὶ

200 1173 454 1243 ατονῆσαι
485 1170 678 1242 βραχύ.

263 1265 473 1318 ΠΑΛΔ.
496 1260 570 1317 Εὖ
605 1263 783 1330 λέγεις
808 1279 822 1294 ο
878 1262 1063 1333 μεθύει
1093 1262 1203 1331 γάρ
1236 1278 1351 1325 πως
1380 1263 1437 1314 ὲν
1460 1259 1770 1332 ἀνθρώποις

196 1353 258 1406 τὸ
292 1352 524 1422 ἀγαθὸν,
573 1353 667 1406 καὶ
697 1352 909 1416 οὐδενὸς
968 1352 1367 1416 κατασείοντος,
1422 1351 1619 1421 ἕστηκε
1671 1350 1767 1421 μό-

202 1461 300 1508 λις.

278 1535 441 1589 ΚΥΡ.
482 1535 587 1588 Ἴθι
607 1534 671 1605 δὴ
704 1529 820 1599 οὖν,
851 1535 899 1587 εἰ
955 1532 1130 1600 δοκεῖ,
1186 1536 1280 1588 καὶ
1333 1536 1418 1587 ἐπ’
1465 1534 1635 1605 αὐτὴν
1672 1533 1770 1605 τὴν

203 1628 500 1698 ἀγάπησιν.
534 1626 726 1698 Ἀρετὴ
767 1626 873 1697 γὰρ
904 1628 935 1696 ἡ
966 1625 1296 1697 προῦχουσα,
1324 1627 1415 1680 καὶ
1448 1626 1555 1679 τῶν
1596 1627 1770 1681 ἄλλων

206 1720 348 1772 ἐστὶν
396 1720 430 1789 ή
462 1717 896 1788 προφερεστέρα.
928 1717 1042 1787 Τῆς
1080 1734 1144 1785 γε
1177 1716 1280 1789 μὴν
1329 1718 1468 1787 ἄγαν
1493 1721 1770 1790 καταχρή-

205 1827 336 1872 seu);
355 1809 458 1861 οὐκ
500 1808 777 1877 ἀνέχεται.
811 1809 876 1859 Ὃ
916 1808 981 1878 δὴ
1020 1807 1183 1861 πάλιν
1237 1808 1486 1879 καθάπερ
1539 1811 1597 1861 ὲν
1640 1809 1767 1863 εἴδει

204 1902 517 1973 παραϐολῆς
547 1901 642 1954 καὶ
674 1900 879 1970 σαφοῦς
907 1900 1373 1969 παραδείγματος,
1400 1902 1428 1953 ὁ
1452 1901 1615 1971 νόμος
1635 1902 1768 1972 ημῖν

202 1995 493 2064 ὑφηγεῖται
531 1991 705 2061 λέγων
729 2009 743 2023 ο
793 2010 811 2043 ι
859 1992 982 2045 Ἐὰν
1005 1992 1060 2044 δὲ
1092 1991 1338 2064 εἰσέλθῃς
1360 1995 1440 2057 είς
1477 1993 1569 2046 τὸν
1622 1995 1768 2064 ἀμη-

199 2089 285 2139 τὸν
322 2084 421 2138 τοῦ
466 2085 694 2157 πλησίον
745 2100 860 2149 σου,
894 2084 989 2138 καὶ
1043 2083 1300 2156 συλλέξῃς
1347 2086 1404 2139 ὲν
1438 2089 1558 2149 ταῖς
1616 2086 1770 2157 χερσί

202 2192 290 2229 σου
326 2175 577 2245 στάχυς-,ε
609 2175 705 2228 καὶ
757 2175 1024 2246 δρέπανον
1063 2176 1124 2229 οὐ
1151 2177 1225 2247 μὴ
1253 2177 1518 2250 ἐπιϐάλῃς
1556 2178 1648 2231 ἐπὶ
1679 2177 1797 2239 τὸν¹

202 2268 405 2337 ἁμητὸν
432 2266 529 2321 τοῦ
561 2266 787 2338 πλησίον
811 2283 904 2320 σου
925 2282 938 2295 ·
975 2268 1069 2321 ἐὰν
1098 2268 1153 2322 δὲ
1181 2270 1425 2342 εἰσέλθῃς
1454 2273 1533 2335 εἰς
1555 2273 1644 2325 τὸν
1664 2273 1773 2340 ἀμ-

206 2356 417 2409 πελῶνα
441 2357 537 2410 τοῦ
574 2356 799 2428 πλησίον
827 2375 942 2425 σου,
974 2359 1068 2412 καὶ
1124 2361 1304 2432 φάγῃς
1346 2362 1620 2433 σταφυλὴν
1650 2363 1770 2416 ὅσον

203 2448 377 2518 ςυχήν
402 2465 499 2501 σου
518 2447 925 2518 ἐμπλησθῆναι,
960 2449 1040 2508 εἰς
1068 2450 1128 2503 δὲ
1148 2450 1315 2518 ἄγγος
1327 2452 1427 2505 οὐκ
1443 2453 1717 2523 ἐμϐαλεῖς.
1744 2473 1762 2504 ι

205 2538 274 2590 Τῦ
338 2537 440 2607 μὲν
499 2538 609 2608 γὰρ
664 2536 878 2603 ὀλίγους
931 2539 1090 2609 χερσὶ
1138 2541 1450 2610 συναγεῖραι
1510 2541 1769 2610 στάχυας,

204 2630 372 2698 ἤγουν
417 2628 711 2695 ἀποκεῖραι
758 2626 953 2700 βότρυν
986 2628 1066 2692 είς
1125 2627 1425 2698 ἐπιθυμίαν
1474 2628 1507 2700 ἢ
1544 2630 1768 2700 τροφὴν,

197 2718 349 2772 οὐδὲν
365 2718 432 2771 ἂν
461 2718 575 2788 ἔχοι
602 2718 663 2771 τὸ
692 2717 906 2787 βλάϐος.
932 2719 1078 2771 Οίσει
1110 2718 1236 2788 γὰρ,
1262 2713 1436 2788 οἶμαι,
1466 2718 1564 2771 σὺν
1595 2717 1770 2790 θυμη-

204 2811 317 2881 δεία
341 2829 355 2842 ο
400 2811 559 2864 ταυτὶ
590 2811 690 2880 τῆς
712 2810 933 2881 ἀγάπης
968 2812 996 2864 ὁ
1034 2809 1215 2880 νόμος,
1252 2810 1347 2864 καὶ
1380 2811 1481 2865 οὐκ
1516 2811 1771 2865 ἐπέκεινα

201 2902 293 2957 τοῦ
329 2904 531 2974 μέτρου
577 2903 637 2956 τδ
692 2904 875 2973 χρῆμα
916 2903 1182 2971 φαίνεται.
1220 2901 1292 2955 Τὸ
1312 2901 1366 2956 δὲ
1412 2903 1501 2955 καὶ
1549 2903 1773 2973 ἀμῶντα

205 2993 419 3065 σίδηρον
438 2997 551 3057 τοῖς
569 2992 665 3047 τοῦ
697 2994 866 3057 πέλας
903 2995 1242 3062 ὑπενεγκεῖν,
1266 2995 1626 3065 ὑπερνήχεταί
1657 3012 1773 3058 πως

1862 520 2339 575 mansuetudinem
2362 536 2430 576 ac
2454 521 2774 592 patientiam
2811 531 3069 588 sectatur,
3101 526 3437 585 offensiones

1863 623 1919 670 et
1945 614 2174 685 injurias
2213 621 2269 669 et
2301 630 2364 669 ea
2412 613 2614 685 quibus
2636 614 2717 669 ira
2741 626 3113 686 promovetur,
3149 620 3193 675 si
3214 621 3436 690 quidem

1856 720 1928 760 ea
1961 706 2172 762 modice
2209 704 2371 771 ﬁant,
2413 713 2711 778 congerat,
2741 707 3001 763 tolerabit
3044 708 3343 779 interdum,
3381 725 3438 769 et

1864 794 2082 851 fortiter
2112 796 2272 861 feret,
2305 811 2536 867 eamque
2559 812 2672 852 rem
2695 797 2764 853 ad
2802 800 3242 857 mansuetudinis
3268 817 3333 858 ac
3355 804 3438 859 le-

1864 889 2056 945 nitatis
2083 889 2534 944 exercitationem
2567 898 2854 945 convertet
2886 906 2900 956 ;
2935 899 3009 955 at,
3060 891 3106 945 si
3150 894 3272 962 quis
3318 911 3439 949 mo-

1868 981 1997 1036 dum
2027 983 2346 1044 excesserit,
2392 988 2450 1035 et
2505 980 2649 1035 ultra
2687 982 2969 1051 patientiae
3008 985 3277 1040 terminos
3309 1001 3441 1057 pro-

1868 1084 2087 1141 gressus
2116 1071 2241 1136 erit,
2282 1070 2422 1125 nihil
2455 1071 2677 1135 mirum,
2714 1071 3062 1143 defatigatam
3096 1088 3443 1145 oppressam-

1869 1178 1974 1233 que
2004 1164 2264 1219 virtutem
2302 1164 2704 1233 aliquantulum
2746 1164 3118 1235 languescere.
3338 1156 3342 1165 ’

1938 1254 2136 1308 PALL.
2186 1256 2355 1310 Recte
2399 1256 2481 1310 ais
2512 1273 2525 1308 :
2566 1262 2725 1311 nutat
2763 1255 2910 1311 enim
2944 1259 3347 1327 quodammodo
3385 1264 3441 1319 in

1870 1346 2187 1401 hominibus
2228 1346 2496 1416 probitas,
2526 1347 2618 1401 vix
2655 1348 2842 1415 etiam,
2882 1350 3102 1406 nemine
3139 1355 3442 1423 quatiente,

1868 1437 2140 1492 consistit.

1940 1524 2097 1582 ΟΥΕ.
2130 1526 2302 1600 Perge
2348 1529 2533 1600 igitur,
2587 1530 2633 1585 si
2674 1530 2871 1600 placet,
2917 1532 2985 1587 ad
3022 1533 3193 1603 ipsam
3223 1551 3444 1607 quoque

1871 1617 2196 1674 charitatcm
2232 1637 2245 1672 :
2277 1619 2454 1675 virtus
2490 1621 2640 1675 enim
2689 1632 2775 1678 est
2812 1624 3086 1680 excellens
3109 1666 3124 1690 ,
3178 1634 3236 1680 et
3299 1628 3444 1681 inter

1874 1718 2098 1764 caeteras
2132 1712 2612 1780 prtestantissima;
2669 1724 2872 1781 tamen,
2934 1716 2978 1770 si
3040 1732 3104 1772 ea
3154 1717 3445 1774 immodice

1870 1800 2183 1865 abutamur,
2215 1817 2325 1856 non
2362 1804 2595 1859 sustinet
2629 1823 2643 1858 :
2680 1806 2827 1875 quod
2870 1807 3049 1877 ipsum
3088 1826 3282 1865 rursus
3321 1818 3445 1865 tan-

1868 1908 2033 1963 quam
2071 1894 2343 1962 parabolaa
2364 1902 2420 1950 et
2442 1897 2675 1966 exempli
2703 1901 2981 1969 perspicui
3009 1902 3193 1971 specie
3233 1903 3319 1958 lex
3349 1904 3448 1960 ad-

1872 1990 2076 2047 monet,
2102 1983 2293 2039 dicens
2321 2003 2335 2038 :
2363 2005 2381 2036 ι
2414 1985 2471 2041 Si
2498 1987 2775 2058 ingressus
2804 1989 2975 2045 fueris
3005 2008 3237 2047 messem
3262 1997 3447 2064 proxi-

1871 2073 1946 2127 mi
2000 2074 2100 2137 tui,
2147 2084 2203 2129 et
2251 2077 2538 2148 collegeris
2579 2080 2836 2136 manibus
2863 2081 2973 2136 tuis
3001 2083 3180 2152 spicas
3205 2125 3220 2147 ,
3250 2085 3443 2140 falcem

1870 2178 1981 2219 non
2026 2166 2285 2238 conjicies
2334 2168 2392 2223 in
2440 2184 2672 2225 messem
2717 2172 2954 2241 proximi
2994 2175 3103 2240 tui;
3163 2182 3238 2241 et,
3275 2176 3319 2231 si
3356 2177 3443 2231 in-

1871 2273 2093 2329 gressus
2116 2257 2288 2313 fueris
2310 2259 2526 2315 vineam
2557 2262 2794 2331 proximi
2828 2263 2930 2328 tui,
2963 2270 3018 2318 et
3043 2264 3225 2320 ederis
3256 2282 3441 2331 uvam,

1871 2359 2133 2421 quantum
2158 2351 2450 2427 impleatur
2471 2352 2652 2407 anima
2665 2361 2778 2420 tua;
2799 2355 2854 2409 in
2871 2369 2966 2409 vas
2995 2370 3126 2411 vero
3146 2372 3254 2411 non
3269 2359 3444 2430 conji-

1871 2443 1985 2499 cies
2002 2447 2043 2496 ’.
2069 2463 2087 2494 ›
2113 2442 2247 2497 Nam
2270 2458 2471 2513 paucas
2496 2458 2659 2499 manu
2676 2446 2853 2515 spicas
2870 2446 3146 2519 colligere,
3163 2458 3259 2504 aut
3282 2467 3443 2507 uvam
3464 2510 3473 2523 ,

1872 2535 2169 2606 decerpere
2203 2536 2555 2606 appetitionis
2592 2552 2777 2602 causa,
2810 2548 2909 2594 aut
2938 2540 3257 2611 voluptatis,
3293 2552 3445 2600 certe
3539 2563 3552 2577 ·

1870 2626 2008 2682 nihil
2039 2643 2102 2682 ea
2125 2644 2212 2683 res
2243 2628 2426 2683 damni
2458 2628 2627 2683 habet
2653 2646 2666 2682 :
2710 2629 2852 2685 feret
2877 2632 3024 2686 enim
3055 2632 3193 2698 haec,
3231 2643 3288 2689 et
3317 2636 3444 2706 qui-

1871 2715 1994 2769 dem
2016 2716 2280 2786 jucunde,
2307 2718 2395 2773 lex
2425 2718 2745 2786 cbaritatis;
2788 2735 2970 2791 neque
3008 2721 3064 2777 id
3108 2722 3331 2779 modum
3358 2727 3443 2780 vi-

1873 2807 2035 2864 detur
2056 2810 2321 2866 excedere
2356 2828 2367 2862 :
2401 2820 2457 2866 at
2499 2826 2632 2867 vero
2661 2812 2826 2868 etiam
2857 2813 3244 2881 demetentem,
3273 2816 3329 2871 in
3355 2833 3445 2872 res

1872 2899 2105 2968 proximi
2162 2898 2357 2954 falcem
2413 2900 2619 2957 inferre
2643 2943 2657 2967 ,
2715 2903 2769 2958 id
2808 2920 2941 2960 vero
2977 2905 3219 2961 transilit
3251 2908 3363 2979 jam
3389 2917 3447 2963 et

1871 2992 2156 3063 egreditur
2190 3003 2394 3049 mutuae
2434 2994 2831 3055 benevolentiae
2874 2998 3031 3065 ﬁnes,
3063 3010 3119 3054 et
3156 3001 3224 3055 ad
3258 3003 3447 3057 termi-

203 3085 294 3139 καὶ
325 3085 707 3157 ὑπερθρώσκει
730 3085 916 3140 λοιπὸν
944 3086 1005 3139 τὸ
1029 3086 1370 3156 φιλάλληλον,
1396 3089 1488 3141 καὶ
1513 3089 1590 3150 είς
1609 3088 1767 3158 ὅρους

1877 3098 1974 3137 nos
2014 3084 2432 3154 intemperantis
2463 3087 2715 3142 avaritia?
2732 3089 3099 3159 progreditur.
3132 3091 3229 3145 Est
3278 3092 3446 3162 igitur

198 3178 299 3247 ἥδη
345 3179 477 3240 τοὺς
521 3181 621 3248 τῆς
671 3178 981 3244 πλεονεξίας
1027 3180 1250 3250 οἴχεται.
1299 3179 1506 3233 Οὐκοῦν
1562 3181 1771 3234 ὑπόδει-

200 3287 314 3340 γμα
338 3270 502 3323 τοῦτο
531 3271 701 3340 σαφὲς
738 3270 831 3324 τοῦ
883 3271 958 3344 μὴ
1002 3271 1449 3343 κατακεχρῆσθαι
1487 3273 1595 3325 δεῖν
1649 3278 1770 3338 ταῖς

198 3359 304 3412 τῶν
329 3360 576 3430 ἀδελφῶν
599 3363 935 3433 ἁγαπήσεσίν
970 3365 1104 3430 ἐστι,
1138 3366 1303 3435 τιμᾷν
1339 3364 1395 3419 δὲ
1422 3368 1540 3429 ταῖς
1566 3367 1769 3436 avia-cap-

198 3452 378 3512 κείαις
440 3453 535 3506 καὶ
580 3453 643 3506 τὸ
693 3454 1034 3525 φιλάλληλον.
1073 3456 1186 3508 Οὐκ
1238 3455 1485 3527 ἄκομψον
1531 3452 1766 3511 6?qu-

202 3542 341 3611 άπερ
368 3540 606 3610 ἐγῷμαι,
634 3540 729 3614 τὸν
759 3542 851 3593 ἐπὶ
870 3541 1005 3611 τῷδε
1032 3542 1193 3596 πάλιν
1222 3544 1303 3607 είς
1340 3545 1488 3614 ἡμᾶς
1515 3545 1608 3598 καὶ
1655 3545 1770 3597 ἐτέ-

202 3610 317 3698 pet:
340 3631 485 3684 τισὶν
510 3610 818 3701 ἐφαρμόσαι
843 3610 1017 3699 λόγον,
1042 3632 1092 3684 οἳ
1128 3631 1226 3696 τὰς
1268 3634 1327 3685 ὲν
1362 3610 1496 3696 ταῖς
1539 3632 1763 3703 Ἐκκλη-

203 3722 343 3785 ttat;
357 3721 469 3775 τῶν
487 3722 842 3777 διδασκόντων
873 3723 1076 3793 φωνὰς,
1106 3724 1271 3795 αἴπερ
1292 3725 1357 3778 ἂν
1386 3727 1451 3778 ὲκ
1476 3724 1570 3787 τοῦ
1595 3743 1772 3798 παρα-

200 3812 395 3883 χρῆμα
413 3813 511 3866 καὶ
533 3815 823 3885 προχείρου
854 3815 1112 3883 γένοιντο,
1137 3814 1389 3885 καθάπερ
1414 3815 1534 3870 τινα
1563 3817 1771 3887 τροφὴν

200 3904 527 3975 δρεπόμενοι
556 3905 773 3976 νοητὴν,
812 3905 872 3958 οὐ
908 3905 1070 3977 μέχρι
1110 3905 1298 3959 τούτου
1330 3905 1509 3976 μένειν
1549 3906 1770 3977 ἀνέχον-

197 4014 307 4061 ται,
339 3998 486 4067 πέρα
515 3997 571 4050 δὲ
592 3997 781 4069 ὥσπερ
814 3999 986 4063 ἰόντες
1011 3999 1106 4053 τοῦ
1149 4000 1367 4071 μέτρου,
1404 4001 1499 4055 καὶ
1532 3997 1619 4055 οἷά
1664 4017 1770 4073 περ

198 4090 276 4151 εἰς
301 4090 476 4157 ἄγγος
517 4088 909 4158 ὲμὸἁλλοντες,
946 4090 1042 4144 καὶ
1091 4090 1295 4154 δέλτοις
1344 4092 1767 4154 έναποτίθενται,

198 4178 610 4249 χρηστομαθείς
641 4181 740 4248 μὲν
762 4179 915 4245 ὅντες
944 4181 1085 4245 λίαν,
1109 4179 1421 4244 ἀδικοῦντες
1451 4181 1508 4234 δέ
1542 4198 1656 4245 πως
1692 4185 1772 4244 είς

1871 3175 1977 3230 hoc
2003 3176 2227 3230 evidens
2253 3176 2585 3246 exemplum,
2619 3196 2689 3234 ne
2719 3181 3010 3235 abutamur
3041 3182 3271 3237 fratrum
3303 3183 3445 3239 dile-

1869 3266 2053 3321 ctione
2076 3308 2091 3332 ,
2128 3266 2224 3322 sed
2271 3282 2358 3333 eo,
2399 3268 2544 3337 quod
2602 3262 2751 3325 satis”
2787 3280 2891 3337 est,
2940 3280 3186 3327 mutuam
3222 3289 3444 3344 quoque

1871 3356 2315 3412 benevolentiam
2358 3359 2601 3414 colamus
2635 3379 2646 3413 :
2681 3378 2783 3417 nec
2814 3378 2946 3418 vero
2979 3364 3184 3434 inepte,
3228 3373 3289 3419 ut
3312 3367 3438 3435 opi-

1872 3468 1993 3517 nor,
2036 3451 2331 3523 Scriptume
2373 3453 2541 3509 verba
2580 3454 2683 3508 hac
2725 3454 2793 3509 de
2838 3470 2898 3509 re
2939 3457 3207 3527 exposita,
3249 3474 3445 3513 rursus

1870 3544 1939 3599 ad
1976 3544 2112 3598 alios
2146 3544 2410 3615 quosdam
2439 3545 2851 3601 accommodare
2883 3563 3192 3618 possumus,
3221 3550 3315 3620 qui
3343 3567 3441 3605 vo-

1871 3648 1963 3689 ces
1998 3635 2054 3689 in
2102 3634 2363 3690 Ecclesiis
2401 3634 2738 3700 docentium,
2766 3652 2835 3691 ex
2858 3645 3104 3707 tempore
3134 3647 3192 3693 et
3214 3648 3442 3711 repente

1868 3725 2038 3788 fusas,
2090 3741 2213 3781 cum
2261 3735 2517 3795 tanquam
2553 3726 2891 3797 spiritualem
2929 3729 3223 3800 quamdam
3261 3748 3443 3788 escam

1870 3818 2191 3885 demetunt,
2230 3835 2341 3875 non
2402 3821 2688 3890 hucusque
2738 3821 3038 3877 consistere
3094 3824 3307 3889 volunt,
3348 3825 3447 3880 sed

1870 3912 2094 3966 modum
2128 3912 2529 3982 quodammodo
2568 3912 2916 3978 excedentes,
2959 3930 3022 3969 ac
3053 3916 3223 3970 veluti
3255 3916 3309 3971 in
3349 3933 3446 3972 vas

1869 4005 2246 4075 conjicientes,
2280 4006 2447 4060 etiam
2475 4005 2530 4059 in
2554 4004 2770 4060 libellos
2795 4005 3042 4061 referunt
3076 4025 3089 4060 :
3123 4024 3187 4062 ac
3214 4010 3445 4066 studiosi

1870 4096 2095 4165 quidem
2146 4097 2225 4150 illi
2257 4096 2552 4151 admodum
2586 4104 2732 4159 sunt,
2764 4096 2858 4151 sed
2886 4105 3071 4151 tamen
3097 4098 3446 4167 aliquatenus

1869 4186 2101 4242 fratrum
2133 4188 2449 4256 Opinionem
2526 4186 2713 4240 aedunt
2743 4201 2866 4240 cum
2895 4186 2971 4252 id,
3001 4187 3148 4256 quod
3177 4189 3358 4243 subito
3380 4207 3446 4245 ac

194 4270 468 4341 ὑπόληψιν
522 4270 804 4339 ἀδελφοὺς,
866 4273 949 4326 ὅτι
999 4271 1061 4325 τὺ
1113 4271 1529 4342 ἐσχεδιασμένον
1589 4270 1770 4334 εὐθὺς,

1877 4280 2231 4333 tumultuarie
2261 4278 2464 4333 factum
2504 4284 2609 4341 est,
2646 4285 2903 4344 tanquam
2938 4282 3193 4332 accurate
3217 4294 3443 4349 compo-

194 4361 392 4433 ὥσπερ
413 4379 467 4414 τι
500 4361 608 4415 τῶν
635 4362 775 4431 ἄγαν
808 4363 1349 4434 κατεσκευασμένων,
1371 4360 1771 4415 ὲναποτίθενται

1877 4371 2037 4424 situm
2100 4369 2300 4424 litteris
2365 4367 2650 4421 mandant.
2715 4367 2879 4436 268
2927 4367 3103 4437 Atque
3149 4367 3236 4422 lex
3292 4368 3441 4440 ipsa,

200 4455 420 4524 γραφῇ,
435 4453 577 4506 Ἀλλ’
596 4454 624 4506 ὃ
642 4470 705 4522 γε
728 4455 913 4524 νόμος,
929 4450 975 4508 ὧ
994 4455 1278 4527 βέλτιστοι,
1297 4454 1460 4525 φαίην
1479 4453 1545 4506 ἂν
1564 4453 1766 4517 αὐτοῖς,

1879 4460 2071 4531 optimi
2118 4460 2223 4514 viri
2264 4456 2544 4532 (equidem
2587 4458 2866 4530 dixerim),
2911 4457 3116 4514 diserte
3155 4438 3446 4530 prohibuit

196 4544 264 4597 τὸ
302 4544 473 4615 μηδὲν
514 4547 593 4608 εἰς
634 4545 804 4614 ἄγγος
860 4545 1149 4617 ἐμϐάλλειν
1194 4545 1559 4616 προστέταχεν
1614 4545 1780 4614 ἐναρ-

193 4654 331 4706 γωςο
1421 4665 1435 4672 ·

266 4726 483 4779 ΠΔΑᾹ.
518 4725 794 4798 Σφαλερὸν
813 4722 906 4781 οὖν
939 4725 1046 4798 ἄρα
1085 4725 1146 4778 τὸ
1171 4723 1557 4796 ἀναμοχλεύειν
1591 4721 1780 4793 ὥσπερ

192 4818 383 4888 ιἶκυχῆς
416 4817 637 4889 ἀρετὴν,
670 4819 766 4872 καὶ
790 4819 883 4871 τὸν
938 4813 995 4872 εὖ
1031 4817 1300 4888 βεὸηκότα
1343 4815 1467 4870 νοῦν
1502 4816 1780 4884 μονονουχὶ

194 4909 518 4963 κατασείειν
582 4910 898 4980 ἀποτολμᾷν
949 4910 1028 4980 τῷ
1071 4911 1168 4980 τῆς
1215 4907 1604 4979 καταχρήσεως
1660 4923 1773 4960 πε-

196 5000 392 5070 ριττῷ.

272 5093 360 5144 Κῖ
375 5094 438 5146 Ρ.
487 5092 753 5163 Ἀτρεκὴς
803 5093 830 5146 ὁ
857 5092 1034 5162 λόγος.
1077 5092 1286 5164 Χρῆναι
1327 5089 1436 5162 γὰρ
1479 5090 1591 5144 δεῖν
1644 5087 1780 5142 δεδι-

193 5184 442 5237 καίωκεν
491 5185 738 5256 ἐναργῶς
787 5187 814 5239 ὁ
875 5186 983 5239 τῶν
1012 5185 1148 5239 ὅλων
1194 5185 1345 5251 Θεὸς,
1405 5183 1504 5237 οὐκ
1560 5182 1779 5235 επιϐου-

194 5274 383 5329 λεὺειν
411 5278 559 5348 ἡμᾶς
592 5278 785 5348 ἀρετῇ,
824 5278 1072 5348 μετέχειν
1125 5278 1185 5332 δὲ
1245 5276 1465 5348 μᾶλλον,
1505 5277 1554 5329 εί
1604 5274 1776 5344 τύχοι,

194 5368 312 5421 τῶν
339 5370 398 5434 ἐξ
424 5370 628 5442 ἀρετῆς
648 5368 893 5436 ἀγαθῶν.
921 5370 1031 5423 Καὶ
1047 5368 1287 5439 ἀμυδρὸν
1306 5368 1397 5421 ἐπὶ
1417 5366 1589 5437 τούτῳ
1616 5368 1783 5419 ποιεῖ-

195 5476 289 5514 ται
314 5461 375 5515 τὸ
402 5463 663 5533 αίνιγμα,
700 5461 794 5514 καὶ
821 5462 879 5513 ὲν
910 5465 1123 5533 μικροῖς
1168 5460 1363 5531 κομιδῆ
1416 5460 1485 5514 τὰ
1521 5457 1779 5528 ἀσυγκρὶ·

188 5568 311 5619 τως
349 5556 738 5628 ὑπερκείμενα
773 5552 1070 5626 ζωγραφεῖ.
1111 5554 1428 5624 Γέγραπται
1462 5551 1570 5623 γὰρ
1617 5552 1675 5603 ἐν
1706 5548 1782 5619 τῷ

268 5726 472 5799 ’Πειιι
510 5753 677 5801 xxtn,
712 5735 802 5799 24,
835 5735 927 5792 95.

1877 4569 1948 4607 ne
1974 4552 2107 4623 quid
2145 4552 2201 4606 in
2231 4568 2329 4607 vas
2357 4550 2743 4621 conjiceretur.

1947 4727 2144 4783 PALL.
2177 4725 2557 4783 Periculosum
2603 4734 2691 4783 est
2737 4726 2907 4798 igitur
2941 4728 3247 4783 convellere
3277 4727 3447 4783 animi

1875 4819 2161 4881 virtutem,
2192 4826 2250 4872 et
2299 4823 2538 4872 mentem
2576 4816 2719 4872 bene
2770 4816 2979 4871 ﬁrmam
3006 4815 3208 4873 audere
3247 4833 3449 4888 prope-

1881 4907 2124 4974 modum,
2152 4906 2384 4960 nimium
2404 4905 2706 4971 abutendo,
2738 4913 3032 4959 concutere

1951 5086 2108 5141 CYR.
2134 5086 2275 5141 Vera
2308 5084 2465 5140 dicis.
2506 5084 2773 5155 Oportere
2801 5084 2948 5138 enim
2975 5082 3193 5139 censuit
3228 5083 3458 5138 univer-

1883 5194 2070 5236 sorum
2107 5179 2273 5242 Deus,
2296 5191 2406 5231 non
2439 5175 2668 5231 insidias
2714 5174 2907 5228 virtuti
2946 5180 3182 5240 struere,
3232 5173 3328 5229 sed
3358 5188 3456 5242 po-

1886 5272 1996 5326 tius
2020 5270 2280 5333 fructum,
2311 5267 2357 5323 si
2394 5267 2576 5331 liceat,
2613 5281 2805 5322 eorum
2834 5265 3107 5322 bonorum
3148 5265 3453 5335 percipere,

1882 5379 2003 5434 quae
2032 5363 2099 5417 de
2133 5362 2339 5417 virtute
2377 5358 2839 5430 proﬁciscuntur;
2866 5359 3029 5428 idque
3058 5357 3294 5411 obscuro
3312 5354 3461 5408 aeni—

1882 5466 2061 5526 gmate
2098 5453 2385 5525 signiﬁcat,
2422 5460 2479 5507 et
2522 5451 2578 5505 in
2623 5449 2790 5505 rebus
2820 5450 3112 5505 admodum
3142 5446 3352 5517 exiguis
3391 5462 3462 5503 ea

1884 5562 2005 5619 qua:
2051 5552 2182 5600 sunt
2228 5545 2416 5600 multis
2463 5540 2712 5613 partibus
2751 5539 3148 5613 praestantiora,
3191 5537 3454 5610 depingit.
