3966 6298
555 300 660 355 559

1571 293 1626 350 S.
1667 293 1941 351 CYRILLI
1978 290 2444 348 ALEXANDRINI
2483 292 2796 350 ARCHIEP.

3699 295 3810 358 ὅθί)

550 411 829 481 Scriptum
885 415 970 465 est
1020 408 1166 464 enim
1207 409 1262 463 in
1298 410 1721 465 Deuteronomio
1752 429 1761 462 :
1799 429 1818 461 ‹
1855 411 1912 466 Si
1939 417 2112 464 autem

2225 409 2646 480 Δευτερονομίῳ·
2686 429 2704 459 ι
2729 407 2855 462 Ἐάν
2897 408 2951 461 δὲ
2996 407 3332 480 συναντήσῃς
3368 409 3557 482 νοσσιᾷ
3604 413 3803 484 ὀρνέων

549 503 858 561 occurreris
895 503 1027 559 nido
1057 503 1239 558 avium
1295 512 1421 558 ante
1465 512 1819 574 conspectum
1869 512 2020 556 tuum
2066 501 2124 555 in

550 596 660 661 via,
697 595 784 662 vel
825 594 880 648 in
920 593 1069 648 omni
1123 593 1344 657 arbore,
1371 593 1456 648 vel
1499 609 1664 662 super
1693 600 1916 656 terram,
1958 589 2123 660 pullis

549 693 635 746 vel
664 690 802 755 ovis,
835 698 893 745 et
912 697 1086 743 mater
1117 687 1263 743 fovet
1285 704 1448 759 super
1465 687 1650 757 pullis,
1679 686 1762 740 vel
1801 701 1966 756 super
1981 685 2119 747 ovis,

547 798 660 838 non
717 781 953 852 accipies
991 787 1220 835 matrem
1279 793 1405 833 cum
1441 777 1608 842 filiis;
1664 774 1992 830 dimittenda
2033 773 2120 828 di-

548 873 735 928 mittes
774 882 1024 936 matrem,
1065 871 1208 926 ﬁlios
1234 883 1416 926 autem
1458 868 1696 939 accipies
1732 867 1849 931 tibi,
1892 874 1952 920 ut
1979 865 2119 920 bene

545 965 620 1021 sit
645 965 765 1029 tibi,
795 974 850 1018 et
882 964 1160 1033 longaevus
1184 962 1260 1017 sis
1283 963 1319 1014 ³.
1354 981 1372 1013 ι

617 1057 811 1114 PALL.
835 1055 975 1124 Quid
1005 1055 1222 1110 tandem
1253 1054 1399 1110 istud
1437 1055 1563 1108 est?
1594 1067 1770 1123 neque
1802 1050 1954 1106 enim
1981 1049 2117 1104 mihi

544 1149 897 1222 perspicuum
927 1148 1138 1202 esthoc
1162 1146 1410 1217 aenigma.

568 1254 574 1260 '
617 1242 775 1297 CYR.
804 1240 986 1308 Quid?
1027 1253 1212 1295 nonne
1245 1239 1349 1294 hoc
1377 1248 1563 1309 aperte
1595 1235 1896 1306 intelligis?
1919 1250 2116 1305 nempe

543 1334 588 1387 si
622 1333 745 1403 quis
795 1331 1004 1402 ceperit
1050 1329 1234 1400 pullis,
1270 1337 1365 1384 aut
1399 1329 1518 1384 ovis
1542 1327 1902 1382 incubantem
1935 1341 2112 1390 avem,

541 1427 702 1479 liceat
771 1423 846 1478 illi
902 1420 1252 1477 commodum
1307 1429 1364 1475 et
1421 1419 1853 1474 emolumentum
1915 1433 1983 1472 ex
2028 1417 2115 1472 his

543 1511 847 1582 percipere,
883 1526 1004 1580 qua:
1067 1525 1134 1563 ex
1195 1509 1286 1562 illa
1319 1516 1440 1562 orta
1483 1515 1641 1572 sunt;
1698 1506 1846 1560 illam
1907 1514 2110 1572 tamen,

543 1606 693 1659 nullo
725 1604 925 1658 damno
983 1601 1253 1663 affectam,
1293 1599 1548 1654 dimittat.

611 1696 806 1752 PALL.
843 1695 919 1749 lta
962 1703 1047 1748 est
1074 1711 1085 1744 :
1115 1708 1238 1746 nam
1284 1692 1388 1747 hoc
1424 1699 1506 1745 est
1541 1690 1838 1760 Scriptura:
1866 1691 2113 1760 proposi-

545 1801 677 1844 tum.

606 1880 761 1935 (ΝΒ.
831 1879 1023 1949 Aspice
1083 1875 1246 1946 igitur
1302 1875 1394 1938 id,
1457 1873 1601 1943 quod
1635 1873 1882 1927 abditum
1919 1882 2022 1938 est,
2057 1881 2113 1927 et

541 1970 693 2039 quasi
717 1970 934 2024 evolnto
970 1968 1178 2021 umbrae
1209 1964 1495 2028 velamine,
1529 1963 1819 2019 considera
1848 1963 2110 2034 spiritua-

541 2063 667 2116 liter
696 2060 1003 2114 veritatem.
1040 2057 1174 2112 Nam
1201 2071 1541 2125 unaquaeque
1574 2055 1751 2110 virtus
1795 2055 1965 2110 veluti
1993 2071 2110 2110 ma-

543 2165 622 2208 ter
659 2159 819 2207 estet
855 2151 1008 2220 origo
1037 2164 1226 2204 eorum
1266 2147 1558 2210 bonorum,
1589 2162 1708 2217 quae
1735 2163 1802 2202 ex
1838 2149 1952 2217 ipsa
1986 2163 2112 2217 pro-

541 2243 887 2305 ficiscuntur,
936 2239 1089 2294 verbi
1138 2238 1333 2310 gratia,
1378 2237 1721 2308 benignitas,
1777 2239 2020 2294 Charitas
2051 2238 2109 2292 in

538 2351 830 2405 pauperes,
861 2331 1244 2395 mansuetudo,
1291 2331 1572 2400 patientia.
1606 2331 1700 2385 Est
1732 2331 1876 2385 enim
1912 2347 2021 2386 non
2054 2332 2110 2386 in

539 2441 598 2480 se
632 2424 924 2494 quisquam
956 2421 1125 2492 magis
1158 2418 1447 2490 benignus,
1485 2435 1647 2488 quam
1679 2419 1734 2472 in
1769 2428 2014 2484 caeteros,
2055 2428 2112 2474 ct

537 2532 604 2570 ex
627 2515 893 2571 charitate
932 2529 1059 2583 erga
1100 2527 1368 2581 pauperes
1409 2511 1448 2563 ii
1501 2511 1738 2565 fructum
1777 2511 2105 2580 percipiunt,

537 2609 632 2678 qui
665 2607 926 2676 indigent,
966 2615 1022 2660 et
1064 2606 1256 2660 eodem
1295 2604 1456 2660 modo
1485 2620 1550 2660 ex
1580 2603 2002 2659 mansuetudine
2045 2619 2110 2661 ac

539 2699 819 2770 patientia.
861 2697 1205 2767 Unaquchue
1244 2697 1408 2768 igitur
1446 2697 1620 2751 virtus
1678 2706 1852 2750 mater
1881 2697 2108 2768 intelligi

539 2798 739 2861 potest,
763 2799 818 2844 et
845 2790 1001 2860 quasi
1041 2789 1259 2843 initium
1289 2805 1482 2844 eorum
1508 2788 1799 2852 bonorum,
1833 2803 1954 2857 quae
1994 2796 2108 2842 tum

539 2883 641 2952 ipsi
693 2882 900 2945 insunt,
942 2889 1057 2935 tum
1093 2897 1158 2935 ex
1185 2895 1248 2934 ea
1280 2879 1704 2950 proﬁciscuntur
1737 2899 1749 2931 :
1779 2879 1895 2933 nidi
1920 2889 2105 2934 autem

537 2973 942 3044 quodammodo
971 2973 1235 3028 virtutum
1261 2973 1456 3026 anima:
1482 2978 1629 3035 sunt,
1660 2985 1780 3040 qua:
1811 2971 1930 3025 illas
1958 2986 2110 3026 com-

539 3067 869 3135 plectuntur,
910 3073 966 3119 et
994 3065 1132 3119 intra
1164 3065 1370 3134 seipsas
1395 3063 1681 3117 continent
1727 3080 1740 3115 :
1772 3078 1911 3132 opus
1943 3063 2108 3132 igitur
2135 3086 2178 3144 ρ

537 3174 655 3214 esse
703 3159 790 3214 lex
833 3160 909 3214 ait
933 3175 1052 3224 eos,
1091 3158 1185 3228 qui
1229 3158 1280 3210 in
1318 3156 1570 3210 homines
1602 3155 1877 3222 incidunt,
1903 3156 1959 3210 in
1982 3157 2109 3226 qui-

539 3253 640 3308 bus
690 3252 798 3306 sint
843 3252 1073 3305 virtutes
1127 3258 1384 3317 tanquam
1446 3247 1502 3302 in
1547 3247 1681 3304 nido
1717 3248 2018 3313 collocatae,
2044 3263 2111 3302 ex

536 3358 726 3398 eorum
767 3343 1037 3398 fructibus
1071 3341 1502 3394 emolumentum
1548 3340 1859 3410 percipere,
1893 3356 2002 3394 non
2026 3348 2109 3395 ta-

537 3452 658 3491 men
708 3436 998 3499 virtutem,
1043 3442 1190 3488 rccte
1235 3432 1507 3487 laetorum
1555 3439 1809 3495 matrem,
1860 3431 2057 3487 laedere
2095 3451 2107 3484 :

536 3527 769 3581 violatur
811 3533 993 3580 autem
1028 3525 1095 3579 ab
1126 3524 1311 3594 aliquo
1343 3524 1521 3578 virtus
1555 3539 1819 3580 concussa
1853 3523 1921 3580 iis
1947 3523 2114 3580 ratio-

535 3617 715 3680 nibus,
742 3634 878 3688 quas
911 3617 1075 3672 modo
1110 3617 1368 3672 diximus.

601 3707 766 3776 269
792 3707 985 3760 PALL.
1022 3707 1383 3760 lteconditum
1416 3713 1500 3760 est
1539 3719 1670 3760 sane
1713 3706 1816 3760 hoc
1857 3706 2107 3776 aenigma.

601 3797 756 3850 CYR.
783 3797 857 3850 lta
884 3804 988 3860 est,
1018 3805 1161 3850 recte
1185 3796 1344 3851 dicis.
1373 3795 1501 3861 Sed,
1526 3805 1584 3850 ut
1612 3796 1815 3865 aliquid
1863 3796 2112 3852 dicamus

536 3883 678 3938 beati
709 3883 861 3938 Pauli
887 3883 1116 3938 vocibus
1143 3883 1421 3953 persimile
1450 3903 1460 3936 :
1500 3905 1515 3935 ι
1550 3885 1805 3954 Nunquid
1832 3885 1898 3940 dc
1926 3887 2112 3941 avicu-

536 3976 602 4029 lis
626 3989 756 4029 cura
790 3983 874 4029 est
908 3974 1055 4028 Deo?
1091 3991 1160 4028 an
1201 3983 1424 4044 propter
1464 3991 1563 4030 nos
1608 3977 1798 4046 utique
1837 3977 1971 4031 dicit
2009 3978 2102 4030 δῖ’»

536 4067 771 4121 Mandati
807 4083 1040 4136 namque
1067 4084 1160 4137 per
1191 4067 1410 4138 Moysen
1435 4067 1550 4122 dati
1575 4068 1760 4133 verba,
1786 4068 1989 4126 formas
2013 4085 2112 4124 n0-

534 4157 620 4212 bis
647 4172 851 4220 rerum,
878 4172 985 4210 non
1029 4157 1173 4225 ipsas
1205 4165 1392 4226 aperte
1431 4172 1520 4212 res
1559 4167 1857 4228 exponunt.
1889 4160 2108 4229 Perspi-

534 4263 656 4304 cere
697 4255 881 4302 autem
922 4247 1286 4318 facile‘potes,
1332 4249 1792 4318 quemadmodum
1834 4250 1999 4305 etiam
2041 4252 2109 4306 ad

2229 503 2334 572 πρὸ
2363 503 2655 573 προσώπου
2692 519 2784 554 σου
2813 505 2870 554 ὲν
2888 504 2954 573 τῇ
2994 501 3118 572 ὁδῷ,
3175 503 3208 574 ἢ
3241 503 3334 556 ἐπὶ
3392 507 3556 559 παντὶ
3583 506 3801 578 δένδρῳ,

2225 593 2258 664 ἢ
2295 594 2387 646 ἐπὶ
2413 595 2512 665 τῆς
2540 594 2662 664 γῆς,
2685 596 2947 656 νεοσσοῖς,
2979 593 3012 664 ἢ
3045 594 3192 658 ὡοῖς,
3218 595 3312 648 καὶ
3343 597 3377 666 ἡ
3403 597 3585 668 μήτηρ
3623 597 3800 670 θάλπῃ

2225 686 2318 738 ἐπὶ
2346 685 2455 738 τῶν
2485 685 2744 752 νεοσσῶν,
2779 686 2812 756 ἢ
2847 685 2942 738 ἐπὶ
2977 685 3088 740 τῶν
3119 686 3262 753 ὠῶν,
3297 689 3357 742 ού
3391 689 3534 761 λήψῃ
3562 689 3659 760 τὴν
3704 708 3799 760 μη-

2225 774 2357 845 τέρα
2390 776 2526 846 μετά
2579 775 2684 829 τῶν
2728 774 2951 828 τέκνων.
3000 775 3294 849 Ἀποστολῇ
3333 779 3647 843 ἀποστελεῖς
3702 781 3799 851 τὴν

2227 865 2459 938 μητέρα,
2487 866 2556 920 τὰ
2577 867 2633 920 δὲ
2657 866 2845 920 παιδία
2880 867 3026 939 λήψῃ
3060 869 3294 940 σεαυτῷ,
3329 872 3417 924 ἵνα
3444 867 3504 926 εὖ
3531 889 3614 926 σοι
3645 873 3798 944 γένη-

2221 976 2332 1022 ται,
2362 962 2456 1014 καὶ
2478 960 2824 1031 πολυήμερος
2845 959 2962 1032 ἔσῃ.
3003 979 3022 1012 ι

2295 1053 2501 1107 ΠΔΛΛ.
2533 1053 2644 1106 Καὶ
2668 1050 2719 1105 τί
2754 1051 2818 1122 δὴ
2847 1051 3004 1105 τοῦτό
3033 1053 3216 1119 tactv;
3257 1053 3318 1108 οὐ
3354 1054 3462 1125 γάρ
3499 1073 3588 1126 μοι
3627 1056 3795 1126 σαφὲς

2218 1143 2279 1197 τὸ
2299 1143 2544 1214 αἴνιγμα.

2289 1234 2454 1291 ΚΥΡ.
2483 1236 2554 1288 Ἢ
2585 1219 2687 1287 οὐκ
2720 1235 2969 1308 ἐναργῶς
2992 1237 3238 1303 ὲπαῒεις;
3270 1236 3345 1300 ὡς
3378 1237 3536 1310 εἴπερ
3564 1256 3648 1303 τις
3682 1237 3793 1292 ἕλοι

2218 1326 2602 1380 νεοττεύουσαν
2650 1326 2727 1380 ἔτι
2780 1327 2878 1398 τὴν
2940 1326 3109 1399 ὄρνιν,
3167 1328 3336 1399 ἤγουν
3401 1330 3788 1395 ἑπωάζουσαν,

2218 1417 2476 1470 ποιείσθω
2527 1417 2626 1487 μὲν
2669 1416 2850 1488 ὄνησίν
2890 1434 2948 1470 τε
2985 1417 3078 1470 καὶ
3119 1417 3337 1489 εὕρημα
3369 1420 3438 1474 τά
3481 1421 3540 1488 ὲξ
3581 1421 3787 1491 αύτῆςο

2216 1508 2589 1579 ἀποπεμπέτω
2613 1525 2674 1576 γε
2704 1509 2830 1580 μὴν,
2858 1508 3010 1562 οὐδὲν
3033 1509 3253 1580 ἐποίησε
3290 1510 3503 1580 βλάϐος.

2284 1689 2491 1743 ΠΑΛΛ.
2521 1687 2626 1743 Ναί
2648 1703 2660 1716 ’
2703 1690 2730 1741 ό
2755 1689 2862 1760 γάρ
2911 1706 2993 1742 τοι
3031 1689 3124 1743 τοῦ
3160 1690 3492 1762 Γράμματος
3545 1686 3699 1756 οὗτος
3727 1693 3795 1746 ἂν

2217 1783 2301 1850 εἴη
2337 1781 2557 1844 σκοπός.
2733 1799 2742 1806 '

2285 1873 2448 1929 ΚΥΡ.
2468 1872 2678 1928 Οὐκοῦν
2695 1873 2850 1945 ἄθρει
2870 1874 2930 1927 τὸ
2952 1875 3357 1946 κεκρυμμένον,
3382 1876 3475 1928 καὶ
3490 1876 3653 1929 οἱονεὶ
3674 1877 3794 1930 δια-

2216 1963 2422 2029 πτύξας
2447 1964 2543 2036 τὴν
2575 1965 2754 2030 σκιάν,
2775 1966 3154 2020 κατασκέπτου
3186 1967 3386 2037 νοητῶς
3403 1965 3500 2036 τὴν
3516 1967 3791 2038 ἀλήθειαν.

2225 2057 2457 2127 Ἐκάστη
2486 2057 2585 2127 μὲν
2602 2057 2708 2129 γὰρ
2721 2058 2908 2130 ἀρετὴ,
2943 2059 3124 2130 μήτηρ
3139 2052 3320 2120 οἷάτίς
3347 2059 3458 2111 ἐστι
3485 2058 3592 2112 τῶν
3617 2059 3676 2124 ἐξ
3695 2060 3796 2112 αὑ-

2211 2150 2308 2218 τῆς
2325 2147 2545 2215 ἀγαθῶν
2568 2148 2661 2200 καὶ
2686 2148 2918 2215 γένεσις,
2942 2143 3052 2201 οἷον
3069 2148 3124 2201 εἴ
3143 2166 3224 2211 τις
3249 2147 3395 2216 λέγοι
3427 2148 3524 2219 τὴν
3559 2150 3793 2220 χρηστό-

2210 2255 2368 2310 τητα,
2399 2237 2495 2309 τὴν
2539 2239 2956 2310 φιλοπτωχείαν,
2986 2241 3082 2310 τὴν
3122 2239 3426 2311 πραότητα,
3459 2243 3556 2311 τὴν
3595 2259 3799 2313 μακρο-

2212 2331 2429 2401 θυμίαν.
2464 2329 2836 2401 Χρηστεύεται
2883 2333 2991 2402 γάρ
3029 2349 3112 2393 τις
3149 2332 3246 2400 οὐχ
3279 2333 3458 2402 ἑαυτῷ
3512 2334 3716 2402 μᾶλλον
3757 2334 3794 2405 ἢ

2211 2426 2416 2494 ἑτέροις
2436 2441 2448 2454 ο
2481 2426 2803 2496 μετάσχοιεν
2844 2423 2887 2475 δ’
2916 2418 2980 2475 αὖ
3015 2424 3112 2491 τῆς
3145 2423 3559 2492 φιλοπτωχείας,
3587 2428 3636 2477 οἱ
3667 2425 3800 2478 ταύ-

2209 2534 2308 2588 της
2346 2517 2676 2586 δεδεημένοι,
2708 2515 2802 2568 καὶ
2840 2515 3146 2585 πραότητος
3188 2515 3388 2584 ὁμοίως
3429 2517 3523 2568 καὶ
3575 2534 3794 2588 μακρο-

2210 2608 2427 2678 θυμίας.
2457 2607 2665 2661 Οὐκοῦν
2689 2605 2859 2677 ἀρετὴ
2885 2607 2981 2676 μὲν
3015 2606 3220 2674 ἑκάστη
3265 2607 3448 2676 μήτηρ
3496 2606 3561 2659 ἂν
3588 2611 3793 2673 νοοῖτο,

2210 2702 2302 2754 καὶ
2332 2700 2494 2754 οἱονεί
2535 2716 2619 2760 τις
2660 2697 2800 2768 ἀρχὴ
2826 2689 2933 2750 τῶν
2974 2698 3031 2749 tv
3072 2697 3209 2767 αὐτῇ
3243 2712 3302 2749 τε
3351 2697 3446 2750 καὶ
3503 2697 3563 2762 ἐξ
3620 2699 3796 2769 αὐτῆς

2208 2789 2448 2859 ἀγαθῶν.
2482 2789 2710 2842 Νοσσιαὶ
2730 2789 2788 2842 δὲ
2836 2787 3025 2860 ῶσπερ
3053 2788 3284 2859 ἀρετῶν,
3318 2789 3374 2842 αἱ
3420 2789 3626 2853 ταύτας
3669 2792 3798 2844 ὡδί-

2209 2900 2416 2948 νουσαι,
2457 2882 2548 2936 καὶ
2582 2884 2639 2935 ἐν
2669 2880 2853 2949 σφίσιν
2900 2879 3092 2943 αὐταῖς
3145 2878 3365 2932 ἑλοῦσαι
3403 2879 3591 2950 ψυχαί.
3643 2882 3796 2954 Χρῆ-

2210 2991 2295 3026 ναι
2321 2971 2385 3042 δὴ
2421 2969 2513 3025 οὖν
2561 2972 2668 3042 ἄρα
2706 2969 2869 3041 φησὶν
2903 2970 2930 3022 ὁ
2981 2968 3166 3038 νόμος,
3202 2970 3330 3033 τοὺς
3369 2971 3592 3042 ἀνδράσι
3635 2990 3796 3046 περι-

2210 3061 2592 3133 τυγχάνοντας,
2655 3062 2713 3112 tv
2764 3057 2844 3124 οἷς
2885 3060 2951 3114 ἂν
3002 3055 3112 3114 εἷεν
3157 3062 3350 3132 ἀρεταὶ
3404 3064 3652 3136 καθάπερ
3712 3068 3797 3130 εἰς

2210 3154 2426 3207 νοσσιὰν
2469 3152 2992 3222 συγκεκομισμέναι,
3044 3153 3314 3206 ποιεῖσθαι
3367 3154 3465 3225 μὲν
3511 3156 3671 3226 κέρδη
3723 3158 3796 3213 τὰ

2209 3243 2268 3308 ἐξ
2294 3243 2493 3308 αὐτῶν,
2535 3242 2609 3312 μὴ
2645 3240 2752 3312 μὴν
2791 3240 2871 3293 ἔτι
2923 3240 3308 3294 κατασίνεσθαι
3360 3241 3536 3309 φιλεῖν
3564 3243 3793 3314 ἀρετὴν,

2210 3337 2305 3407 τὴν
2323 3335 2430 3388 τῶν
2459 3335 2698 3405 ἀρίστων
2716 3332 3153 3402 κατορθωμάτων
3179 3333 3408 3404 μητέρα·
3440 3333 3709 3388 ἀδικεῖται
3735 3337 3794 3390 δὲ

2209 3427 2400 3498 ἀρετὴ,
2431 3425 2826 3496 κατασειομένη
2867 3423 3005 3494 πρός
3041 3439 3204 3487 τινος,
3247 3425 3388 3478 κατά
3427 3441 3488 3492 γε
3533 3425 3658 3490 τοὺς
3686 3428 3791 3499 ἤδη

2213 3517 2644 3590 προειρημένους
2679 3517 2929 3587 τρόπους.

2280 3702 2483 3754 ΠΑΛΛ.
2525 3699 2613 3763 Ὠς
2637 3699 2772 3769 βαθὺ
2800 3699 2860 3752 τὸ
2894 3699 3161 3771 αῐνιγμαῐ

2279 3792 2442 3844 ΚΥΡ.
2467 3791 2601 3843 Ναί·
2628 3789 2808 3858 λέγεις
2843 3789 3036 3860 ὀρθῶς.
3069 3789 3234 3854 Ἀλλ’,
3265 3792 3352 3846 ἵνα
3373 3808 3426 3844 τι
3457 3791 3645 3862 φῶμεν
3668 3794 3791 3858 ταῖς

2208 3884 2301 3938 τοῦ
2345 3883 2612 3954 μακαρίου
2644 3881 2854 3938 Παύλου
2897 3882 3192 3952 συμϐαῖνον
3232 3886 3470 3952 φωναῖς,
3504 3903 3522 3935 ι
3557 3885 3648 3955 Μὴ
3677 3887 3789 3938 τῶν

2215 3976 2510 4049 στρουθίων
2541 3975 2691 4045 μέλει
2709 3974 2786 4045 τῷ
2813 3973 2961 4044 Θεῴ;
2986 3974 3017 4044 ἢ
3044 3975 3108 4027 δι’
3132 3977 3278 4046 ἡμᾶς
3304 3977 3521 4040 πάντως
3547 3975 3728 4045 λέγεις
3762 3997 3781 4028 ι

2209 4069 2414 4129 τύπους
2446 4064 2554 4134 γὰρ
2582 4065 2714 4134 ἡμῖν
2770 4063 3134 4134 πραγμάτων,
3179 4065 3278 4116 οὐκ
3317 4064 3455 4119 αὐτὰ
3486 4066 3672 4134 σαφῶς
3701 4063 3788 4131 tE-

2211 4161 2423 4230 ηγεῖται
2443 4157 2512 4209 τὰ
2531 4155 2847 4226 πράγματα,
2861 4155 2957 4225 τῆς
2977 4154 3062 4207 διὰ
3076 4155 3314 4218 Μωσέως
3330 4157 3547 4227 ἐντολῆς
3559 4159 3586 4210 ό
3608 4157 3787 4227 λόγος·

2215 4252 2341 4312 ἴδοις
2375 4249 2419 4302 δ’
2451 4247 2536 4312 ἂν,
2567 4247 2713 4309 ὅπως
2736 4246 2882 4316 ἡμᾶς
2910 4246 3002 4297 καὶ
3026 4247 3105 4307 εἰς
3131 4245 3365 4315 τρόπους
3390 4246 3487 4316 ἥδη
3515 4249 3615 4316 τῆς
3647 4251 3791 4303 ἀνω.

534 4354 759 4394 summa:
783 4338 929 4392 illius
955 4338 1350 4394 benevolentiae
1384 4355 1566 4395 mores
1598 4356 1698 4395 nos
1725 4343 1985 4410 paulatim
2011 4343 2108 4398 de-

2222 4344 2356 4398 τάτω
2382 4338 2730 4409 φιλαλληλίας
2763 4337 3082 4408 ἀνακομίζει
3111 4336 3254 4390 κατά
3284 4337 3478 4409 βραχύ.
3518 4339 3788 4410 Πειρᾶται

533 4429 735 4483 ducat:
779 4438 1009 4484 conatur
1049 4431 1195 4484 enim
1224 4431 1577 4501 persuadere,
1611 4441 1670 4486 ut
1711 4432 1857 4502 ipsos
1891 4449 2110 4503 quoque

2222 4435 2320 4504 γὰρ
2367 4431 2702 4493 ἀναπείθειν,
2752 4430 2845 4483 καὶ
2890 4430 3088 4492 αὐτοὺς
3128 4429 3349 4500 ἀγαπᾷν
3378 4433 3504 4494 τοὺς
3545 4449 3786 4502 προσκε-

533 4521 840 4591 diligamus,
882 4521 975 4590 qui
1018 4536 1118 4575 nos
1146 4521 1498 4576 oll‘enderunt
1540 4531 1635 4576 :et
1678 4523 1838 4587 iram,
1868 4539 1974 4592 qua
2017 4523 2112 4577 ad-

2222 4523 2549 4596 κρουκότας,
2603 4522 2699 4576 καὶ
2748 4521 2926 4591 λύπης
2965 4521 3225 4591 ἀμείνους
3276 4521 3505 4595 ὁρᾶσθαι
3556 4523 3658 4592 τῆς
3707 4526 3786 4584 εἰς

533 4626 725 4665 versus
765 4611 1018 4665 inimicos
1060 4612 1373 4677 incitamur,
1418 4629 1772 4682 superemus,
1803 4628 1870 4666 ne
1911 4629 1940 4665 a
1967 4613 2110 4666 malo

2222 4615 2457 4686 ἐχθροὺς,
2489 4613 2562 4684 μὴ
2588 4613 2693 4666 ὑπὸ
2720 4613 2812 4667 τοῦ
2839 4613 3011 4667 κακοῦ
3043 4614 3404 4683 νικωμένους,
3438 4615 3704 4678 νικῶντας
3729 4615 3784 4666 δὲ

533 4703 839 4767 vincamur,
861 4702 956 4757 sed
978 4703 1161 4772 potius
1179 4704 1460 4759 vincamus
1486 4705 1539 4758 in
1561 4705 1705 4759 bono
1729 4704 1948 4757 malum.
1967 4703 2113 4757 Dixit

539 4795 686 4848 enim
711 4809 900 4849 rursus
931 4797 985 4848 in
1011 4796 1195 4850 Exodo
1219 4796 1440 4866 quidem
1469 4815 1480 4850 :
1515 4817 1532 4847 ‹
1565 4797 1620 4854 Si
1647 4812 1775 4849 vero
1799 4796 2112 4850 occurreris

476 4923 478 4926 μ
541 4881 666 4936 bovi
711 4881 914 4937 inimici
947 4884 1046 4949 tui,
1088 4885 1172 4938 vel
1213 4885 1481 4956 subjugali
1523 4886 1661 4955 ejus,
1697 4886 2010 4941 errantibus
2053 4889 2108 4941 in

533 4969 641 5033 via,
668 4970 936 5025 reducens
962 4973 1160 5027 reddes
1186 4973 1287 5043 ipsi
1318 4991 1332 5038 ;
1366 4975 1411 5028 si
1435 4989 1566 5028 vero
1592 4974 1796 5029 videris
1825 4976 2106 5047 subjugale

540 5061 748 5115 inimici
785 5063 865 5116 tui
892 5064 1154 5119 cecidisse
1187 5067 1288 5119 sub
1325 5065 1536 5120 sarcina
1561 5068 1697 5136 ejus,
1741 5083 1850 5121 non
1877 5078 2104 5138 przcter-

537 5151 642 5206 ibis
666 5151 820 5218 illud,
847 5154 940 5208 sed
969 5156 1130 5210 simul
1163 5156 1423 5210 allevabis
1453 5172 1576 5211 cum
1612 5157 1729 5228 ipso
1751 5159 1792 5211 ⁸.
1826 5177 1842 5209 ι
1877 5159 1934 5212 ln
1961 5161 2104 5215 Deu-

535 5245 842 5299 teronomio
874 5255 1054 5302 autem
1084 5267 1095 5301 :
1129 5269 1145 5300 ι
1175 5249 1253 5304 Ne
1275 5250 1466 5304 videns
1490 5251 1683 5306 bovem
1712 5252 1898 5308 fratris
1923 5256 2106 5312 tuivel

534 5347 691 5386 ovem
706 5333 894 5404 ipsius,
913 5346 1160 5393 errantes
1175 5339 1230 5393 in
1248 5341 1353 5404 via,
1369 5339 1635 5411 despicias
1655 5343 1742 5396 illa
1765 5361 1776 5395 :
1798 5345 2110 5399 reducendo

537 5424 765 5481 reduces
781 5428 894 5497 ipsa
910 5429 1065 5484 fratri
1091 5439 1183 5485 tuo
1204 5431 1375 5499 :quod
1402 5432 1445 5486 si
1465 5432 1633 5487 frater
1661 5440 1785 5488 tuus
1812 5449 1920 5488 non
1943 5434 2111 5490 fuerit

537 5529 705 5585 prope
730 5525 802 5583 te,
823 5535 1002 5589 neque
1024 5522 1246 5576 noveris
1266 5538 1414 5586 eum,
1439 5523 1609 5579 duces
1631 5540 1693 5578 ea
1722 5525 1867 5580 intra
1887 5525 2108 5581 domum

2218 4706 2420 4777 μᾶλλον
2461 4706 2520 4758 tv
2557 4704 2634 4775 τῷ
2662 4704 2851 4775 ἀγαθῶ
2878 4706 2938 4757 τὸ
2968 4705 3154 4758 κακόν.
3203 4706 3345 4776 Ἔφη
3382 4706 3488 4775 γὰρ
3535 4707 3696 4759 πάλιν
3725 4707 3783 4757 έν

2217 4799 2313 4868 μὲν
2362 4799 2428 4868 τῇ
2475 4795 2700 4868 Ἐξόδῳ·
2740 4817 2758 4849 ι
2812 4797 2937 4851 Ἐἀν
2989 4798 3046 4851 δὲ
3093 4800 3431 4870 συναντήσῃς
3459 4798 3535 4868 τῷ
3576 4798 3658 4867 βοῒ
3689 4798 3780 4852 τοῦ

2215 4886 2409 4958 ἐχθροῦ
2439 4904 2531 4940 σου
2557 4929 2572 4954 ,
2603 4887 2636 4958 ἢ
2674 4887 2753 4957 τῷ
2783 4887 3061 4958 ὑποζυγίῳ
3089 4888 3252 4943 αὑτοῦ
3275 4929 3287 4952 ,
3319 4889 3688 4958 πλανωμένοις
3725 4891 3781 4940 ἐν

2215 4981 2281 5047 τῇ
2315 4974 2440 5047 ὁδῷ,
2464 4975 2812 5046 ἀποστρέψας
2838 4975 3137 5040 ἀποδώσεις
3169 4977 3318 5046 αὑτῷ
3341 4994 3353 5008 ’
3381 4977 3475 5031 ἐὰν
3499 4979 3553 5030 δὲ
3586 4978 3698 5049 ἴδῃς
3724 4979 3782 5030 τὸ

2217 5067 2509 5136 ὑποζύγιον
2545 5067 2638 5120 τοῦ
2672 5067 2868 5138 ἐχθροῦ
2901 5086 2992 5120 σου
3037 5071 3322 5133 πεπτωκὸς
3354 5070 3459 5122 ὑπὸ
3493 5070 3582 5122 τὸν
3615 5070 3778 5139 γόμον

2213 5158 2399 5226 αὐτοῦ,
2441 5158 2502 5211 ού
2535 5158 2852 5229 παρελεύσῃ
2902 5158 3055 5224 αὐτὸ,
3105 5159 3240 5212 ἀλλά
3296 5163 3602 5229 συνεγερεῖς
3651 5160 3778 5212 αὐτὸ

2219 5253 2332 5322 μετ’
2358 5249 2542 5304 αὑτοῦ.
2560 5268 2577 5299 ι
2615 5249 2702 5301 Ἐν
2731 5249 2786 5301 δὲ
2809 5249 2884 5320 τῷ
2909 5251 3309 5322 Δευτερονομίῳ
3331 5269 3342 5282 ·
3375 5271 3391 5302 ι
3421 5252 3510 5320 Μὴ
3537 5250 3658 5304 ἰδὼν
3690 5251 3777 5302 τὸν

2219 5345 2416 5414 μόσχον
2445 5341 2537 5394 τοῦ
2569 5341 2796 5409 ἀδελφοῦ
2827 5359 2942 5407 σου,
2973 5342 3005 5412 ἢ
3038 5343 3097 5394 τὸ
3134 5344 3404 5414 πρόϐατον
3430 5342 3616 5405 αὐτοῦ,
3643 5341 3775 5394 πλα-

2215 5434 2429 5504 νώμενα
2454 5435 2510 5486 tv
2542 5434 2608 5502 τῇ
2636 5431 2763 5502 ὀδῷ,
2800 5433 3063 5503 ὑπερίδῃς
3089 5435 3228 5488 αὐτά
3251 5451 3264 5465 °
3294 5436 3613 5507 ἀποστροφῇ
3650 5434 3775 5486 ἀπο-

2217 5525 2467 5595 στρέψεις
2496 5526 2633 5580 αὐτὰ
2681 5525 2758 5596 τῷ
2793 5525 3007 5597 ἀδελφῷ
3041 5544 3135 5580 σου
3157 5543 3170 5557 ο
3201 5525 3296 5580 ἐὰν
3328 5526 3386 5580 δὲ
3419 5526 3493 5597 μὴ
3520 5523 3710 5596 ὲγγίζῃ
3746 5531 3776 5584 ὁ

609 5689 630 5722 ³
654 5689 814 5744 Deut.
866 5707 994 5758 nn,
1031 5693 1082 5756 6,
1119 5695 1167 5745 7.
1245 5696 1307 5748 ⁸1
1341 5694 1465 5748 Cor.
1505 5713 1576 5760 ix,
1610 5699 1662 5761 9,
1702 5677 1813 5751 103
1865 5699 1884 5730 '
1921 5698 2090 5752 Exod.
2142 5715 2293 5763 XXIII,
2330 5699 2442 5754 4-6.
