  <div class='ocr_page' id='page_1' title='image "/cluster/home/n/w/nwhite01/storage/ocr_20150623/68/pst.000005712694/294.png"; bbox 0 0 3966 6298; ppageno 0'>
   <div class='ocr_carea' id='block_1_1' title="bbox 162 285 248 349">
    <p class='ocr_par' dir='ltr' id='par_1_1' title="bbox 162 285 248 349">
     <span class='ocr_line' id='line_1_1' title="bbox 162 285 248 349; baseline -0.047 0"><span class='ocrx_word' id='word_1_1' title='bbox 162 285 248 349; x_wconf 68' lang='lat' dir='ltr'><strong>Elii</strong></span> 
     </span>
    </p>
   </div>
   <div class='ocr_carea' id='block_1_2' title="bbox 889 290 2755 369">
    <p class='ocr_par' dir='ltr' id='par_1_2' title="bbox 889 290 2755 369">
     <span class='ocr_line' id='line_1_2' title="bbox 889 290 2755 369; baseline -0.001 -20"><span class='ocrx_word' id='word_1_2' title='bbox 889 295 976 350; x_wconf 85' lang='lat' dir='ltr'><strong>DE</strong></span> <span class='ocrx_word' id='word_1_3' title='bbox 1010 293 1451 354; x_wconf 77' lang='lat' dir='ltr'><strong>ADORATIONE</strong></span> <span class='ocrx_word' id='word_1_4' title='bbox 1490 295 1560 351; x_wconf 85' lang='lat' dir='ltr'><strong>IN</strong></span> <span class='ocrx_word' id='word_1_5' title='bbox 1600 292 1871 350; x_wconf 80' lang='lat' dir='ltr'><strong>SPIRITU</strong></span> <span class='ocrx_word' id='word_1_6' title='bbox 1912 292 2002 348; x_wconf 83' lang='lat' dir='ltr'><strong>ET</strong></span> <span class='ocrx_word' id='word_1_7' title='bbox 2042 290 2407 369; x_wconf 64' lang='lat' dir='ltr'><strong>YERITATE.</strong></span> <span class='ocrx_word' id='word_1_8' title='bbox 2453 290 2580 347; x_wconf 86' lang='lat' dir='ltr'><strong>LIB.</strong></span> <span class='ocrx_word' id='word_1_9' title='bbox 2623 291 2755 347; x_wconf 77' lang='lat' dir='ltr'><strong>VIII.</strong></span> 
     </span>
    </p>
   </div>
   <div class='ocr_carea' id='block_1_3' title="bbox 3319 294 3424 351">
    <p class='ocr_par' dir='ltr' id='par_1_3' title="bbox 3319 294 3424 351">
     <span class='ocr_line' id='line_1_3' title="bbox 3319 294 3424 351; baseline -0.01 0"><span class='ocrx_word' id='word_1_10' title='bbox 3319 294 3424 351; x_wconf 76' lang='lat'><strong>562</strong></span> 
     </span>
    </p>
   </div>
   <div class='ocr_carea' id='block_1_4' title="bbox 164 404 1746 481">
    <p class='ocr_par' dir='ltr' id='par_1_4' title="bbox 164 406 1746 481">
     <span class='ocr_line' id='line_1_4' title="bbox 164 406 1746 481; baseline 0 -18"><span class='ocrx_word' id='word_1_11' title='bbox 409 423 519 460; x_wconf 90' lang='grc' dir='ltr'><strong>σου</strong></span> <span class='ocrx_word' id='word_1_12' title='bbox 552 408 692 477; x_wconf 82' lang='grc' dir='ltr'>πρὸς</span> <span class='ocrx_word' id='word_1_13' title='bbox 721 406 802 471; x_wconf 73' lang='grc' dir='ltr'>σὲ,</span> <span class='ocrx_word' id='word_1_14' title='bbox 826 408 960 478; x_wconf 75' lang='grc' dir='ltr'><strong>μηδὲ⁹</strong></span> <span class='ocrx_word' id='word_1_15' title='bbox 994 410 1260 481; x_wconf 78' lang='grc' dir='ltr'><strong>ἐπιστήσῃ</strong></span> <span class='ocrx_word' id='word_1_16' title='bbox 1286 409 1469 476; x_wconf 75' lang='grc' dir='ltr'>αὐτὸν,</span> <span class='ocrx_word' id='word_1_17' title='bbox 1505 406 1746 475; x_wconf 77' lang='grc' dir='ltr'>συνάξεις</span> 
     </span>
    </p>
   </div>
   <div class='ocr_carea' id='block_1_5' title="bbox 1848 404 3424 481">
    <p class='ocr_par' dir='ltr' id='par_1_5' title="bbox 1853 404 3424 476">
     <span class='ocr_line' id='line_1_5' title="bbox 1853 404 3424 476; baseline -0.001 -15"><span class='ocrx_word' id='word_1_18' title='bbox 1853 416 2027 473; x_wconf 94' lang='lat' dir='ltr'><strong>tuam,</strong></span> <span class='ocrx_word' id='word_1_19' title='bbox 2061 415 2118 462; x_wconf 90' lang='lat' dir='ltr'><strong>et</strong></span> <span class='ocrx_word' id='word_1_20' title='bbox 2144 414 2305 461; x_wconf 92' lang='lat' dir='ltr'><strong>erunt</strong></span> <span class='ocrx_word' id='word_1_21' title='bbox 2330 415 2532 471; x_wconf 81' lang='lat' dir='ltr'><strong>tecum,</strong></span> <span class='ocrx_word' id='word_1_22' title='bbox 2558 420 2842 476; x_wconf 86' lang='lat' dir='ltr'><strong>quousque</strong></span> <span class='ocrx_word' id='word_1_23' title='bbox 2865 404 3143 475; x_wconf 56' lang='lat' dir='ltr'><strong>quasnerit</strong></span> <span class='ocrx_word' id='word_1_24' title='bbox 3166 419 3229 461; x_wconf 88' lang='lat' dir='ltr'><strong>ea</strong></span> <span class='ocrx_word' id='word_1_25' title='bbox 3253 406 3424 460; x_wconf 90' lang='lat' dir='ltr'><strong>frater</strong></span> 
     </span>
    </p>
   </div>
   <div class='ocr_carea' id='block_1_6' title="bbox 168 495 1744 569">
    <p class='ocr_par' dir='ltr' id='par_1_6' title="bbox 168 495 1744 569">
     <span class='ocr_line' id='line_1_6' title="bbox 168 495 1744 569; baseline 0 -18"><span class='ocrx_word' id='word_1_26' title='bbox 168 497 301 552; x_wconf 73' lang='grc' dir='ltr'><strong>αὑτά</strong></span> <span class='ocrx_word' id='word_1_27' title='bbox 334 495 495 550; x_wconf 73' lang='grc' dir='ltr'>ἔνδον</span> <span class='ocrx_word' id='word_1_28' title='bbox 532 498 616 561; x_wconf 86' lang='grc' dir='ltr'><strong>είς</strong></span> <span class='ocrx_word' id='word_1_29' title='bbox 641 496 741 566; x_wconf 80' lang='grc' dir='ltr'>τὴν</span> <span class='ocrx_word' id='word_1_30' title='bbox 773 497 949 552; x_wconf 74' lang='grc' dir='ltr'>οἰκίαν</span> <span class='ocrx_word' id='word_1_31' title='bbox 983 515 1098 563; x_wconf 91' lang='grc' dir='ltr'>σου,</span> <span class='ocrx_word' id='word_1_32' title='bbox 1131 500 1225 552; x_wconf 81' lang='grc' dir='ltr'>καὶ</span> <span class='ocrx_word' id='word_1_33' title='bbox 1249 498 1400 553; x_wconf 74' lang='grc' dir='ltr'>ἔσται</span> <span class='ocrx_word' id='word_1_34' title='bbox 1438 498 1576 569; x_wconf 84' lang='grc' dir='ltr'><strong>μετά</strong></span> <span class='ocrx_word' id='word_1_35' title='bbox 1607 498 1701 551; x_wconf 86' lang='grc' dir='ltr'>σοῦ</span> <span class='ocrx_word' id='word_1_36' title='bbox 1730 542 1744 565; x_wconf 95' lang='grc'><strong>,</strong></span> 
     </span>
    </p>
   </div>
   <div class='ocr_carea' id='block_1_7' title="bbox 167 584 1749 656">
    <p class='ocr_par' dir='ltr' id='par_1_7' title="bbox 167 584 1749 656">
     <span class='ocr_line' id='line_1_7' title="bbox 167 584 1749 656; baseline 0.001 -17"><span class='ocrx_word' id='word_1_37' title='bbox 167 588 268 649; x_wconf 75' lang='grc' dir='ltr'>ἱως</span> <span class='ocrx_word' id='word_1_38' title='bbox 311 586 378 639; x_wconf 68' lang='grc' dir='ltr'>ἂν</span> <span class='ocrx_word' id='word_1_39' title='bbox 428 585 652 656; x_wconf 81' lang='grc' dir='ltr'>ζητήσῃ</span> <span class='ocrx_word' id='word_1_40' title='bbox 691 584 829 638; x_wconf 87' lang='grc' dir='ltr'><strong>αύτά</strong></span> <span class='ocrx_word' id='word_1_41' title='bbox 858 585 886 637; x_wconf 83' lang='grc' dir='ltr'><strong>ὁ</strong></span> <span class='ocrx_word' id='word_1_42' title='bbox 918 585 1144 655; x_wconf 85' lang='grc' dir='ltr'>ἀδελφός</span> <span class='ocrx_word' id='word_1_43' title='bbox 1167 598 1290 653; x_wconf 70' lang='grc' dir='ltr'>σου,</span> <span class='ocrx_word' id='word_1_44' title='bbox 1326 588 1422 640; x_wconf 80' lang='grc' dir='ltr'>καὶ</span> <span class='ocrx_word' id='word_1_45' title='bbox 1450 586 1749 652; x_wconf 84' lang='grc' dir='ltr'><strong>ἀποδώσεις</strong></span> 
     </span>
    </p>
   </div>
   <div class='ocr_carea' id='block_1_8' title="bbox 176 676 1750 749">
    <p class='ocr_par' dir='ltr' id='par_1_8' title="bbox 176 676 1750 749">
     <span class='ocr_line' id='line_1_8' title="bbox 176 676 1750 749; baseline 0.001 -18"><span class='ocrx_word' id='word_1_46' title='bbox 176 677 310 731; x_wconf 77' lang='grc' dir='ltr'><strong>αὒτά</strong></span> <span class='ocrx_word' id='word_1_47' title='bbox 349 676 546 747; x_wconf 71' lang='grc' dir='ltr'>αὐτῷ·</span> <span class='ocrx_word' id='word_1_48' title='bbox 591 676 766 741; x_wconf 68' lang='grc' dir='ltr'>οὕτως</span> <span class='ocrx_word' id='word_1_49' title='bbox 816 681 1065 749; x_wconf 79' lang='grc' dir='ltr'><strong>ποιήσεις</strong></span> <span class='ocrx_word' id='word_1_50' title='bbox 1110 677 1202 731; x_wconf 81' lang='grc' dir='ltr'><strong>τὸν</strong></span> <span class='ocrx_word' id='word_1_51' title='bbox 1243 679 1364 732; x_wconf 75' lang='grc' dir='ltr'>ὄνον</span> <span class='ocrx_word' id='word_1_52' title='bbox 1411 679 1577 734; x_wconf 80' lang='grc' dir='ltr'>αὐτοῦ</span> <span class='ocrx_word' id='word_1_53' title='bbox 1602 721 1616 746; x_wconf 94' lang='grc'><strong>,</strong></span> <span class='ocrx_word' id='word_1_54' title='bbox 1657 680 1750 734; x_wconf 76' lang='grc' dir='ltr'><strong>καὶ</strong></span> 
     </span>
    </p>
   </div>
   <div class='ocr_carea' id='block_1_9' title="bbox 176 767 1752 842">
    <p class='ocr_par' dir='ltr' id='par_1_9' title="bbox 176 767 1752 842">
     <span class='ocr_line' id='line_1_9' title="bbox 176 767 1752 842; baseline 0.001 -21"><span class='ocrx_word' id='word_1_55' title='bbox 176 769 339 830; x_wconf 72' lang='grc' dir='ltr'>οὕτως</span> <span class='ocrx_word' id='word_1_56' title='bbox 387 768 647 838; x_wconf 76' lang='grc' dir='ltr'><strong>ποιήσεις</strong></span> <span class='ocrx_word' id='word_1_57' title='bbox 677 767 739 820; x_wconf 79' lang='grc' dir='ltr'><strong>τὸ</strong></span> <span class='ocrx_word' id='word_1_58' title='bbox 772 768 984 838; x_wconf 82' lang='grc' dir='ltr'>ἱμάτιον</span> <span class='ocrx_word' id='word_1_59' title='bbox 1021 769 1219 834; x_wconf 84' lang='grc' dir='ltr'>αὐτοῦ,</span> <span class='ocrx_word' id='word_1_60' title='bbox 1253 771 1347 824; x_wconf 69' lang='grc' dir='ltr'><strong>καὶ</strong></span> <span class='ocrx_word' id='word_1_61' title='bbox 1385 770 1557 835; x_wconf 82' lang='grc' dir='ltr'>οὓτως</span> <span class='ocrx_word' id='word_1_62' title='bbox 1600 772 1752 842; x_wconf 90' lang='grc' dir='ltr'>ποιή-</span> 
     </span>
    </p>
   </div>
   <div class='ocr_carea' id='block_1_10' title="bbox 178 858 1750 931">
    <p class='ocr_par' dir='ltr' id='par_1_10' title="bbox 178 858 1750 931">
     <span class='ocr_line' id='line_1_10' title="bbox 178 858 1750 931; baseline 0.003 -20"><span class='ocrx_word' id='word_1_63' title='bbox 178 876 288 922; x_wconf 85' lang='grc' dir='ltr'>σεις</span> <span class='ocrx_word' id='word_1_64' title='bbox 328 858 477 912; x_wconf 79' lang='grc' dir='ltr'><strong>κατὰ</strong></span> <span class='ocrx_word' id='word_1_65' title='bbox 520 858 704 911; x_wconf 79' lang='grc' dir='ltr'>πᾶσαν</span> <span class='ocrx_word' id='word_1_66' title='bbox 750 858 1023 913; x_wconf 84' lang='grc' dir='ltr'>ἀπώλειαν</span> <span class='ocrx_word' id='word_1_67' title='bbox 1054 859 1147 913; x_wconf 80' lang='grc' dir='ltr'>τοῦ</span> <span class='ocrx_word' id='word_1_68' title='bbox 1184 859 1415 931; x_wconf 85' lang='grc' dir='ltr'>ἀδελφοῦ</span> <span class='ocrx_word' id='word_1_69' title='bbox 1469 878 1562 915; x_wconf 91' lang='grc' dir='ltr'><strong>σου</strong></span> <span class='ocrx_word' id='word_1_70' title='bbox 1587 903 1603 928; x_wconf 87' lang='grc'><strong>,</strong></span> <span class='ocrx_word' id='word_1_71' title='bbox 1651 862 1750 915; x_wconf 81' lang='grc' dir='ltr'>ὅσα</span> 
     </span>
    </p>
   </div>
   <div class='ocr_carea' id='block_1_11' title="bbox 175 949 1750 1027">
    <p class='ocr_par' dir='ltr' id='par_1_11' title="bbox 175 949 1750 1027">
     <span class='ocr_line' id='line_1_11' title="bbox 175 949 1750 1027; baseline 0.004 -26"><span class='ocrx_word' id='word_1_72' title='bbox 175 950 268 1003; x_wconf 75' lang='grc' dir='ltr'><strong>έάν</strong></span> <span class='ocrx_word' id='word_1_73' title='bbox 324 950 600 1020; x_wconf 80' lang='grc' dir='ltr'>ἀπόληται</span> <span class='ocrx_word' id='word_1_74' title='bbox 643 950 771 1020; x_wconf 85' lang='grc' dir='ltr'>παρ’</span> <span class='ocrx_word' id='word_1_75' title='bbox 818 949 983 1004; x_wconf 82' lang='grc' dir='ltr'>αὐτοῦ</span> <span class='ocrx_word' id='word_1_76' title='bbox 1010 991 1025 1016; x_wconf 93' lang='grc'><strong>,</strong></span> <span class='ocrx_word' id='word_1_77' title='bbox 1066 953 1160 1004; x_wconf 62' lang='grc' dir='ltr'><strong>κα)⁵</strong></span> <span class='ocrx_word' id='word_1_78' title='bbox 1213 951 1381 1025; x_wconf 78' lang='grc' dir='ltr'>εὕρῃς</span> <span class='ocrx_word' id='word_1_79' title='bbox 1407 993 1420 1017; x_wconf 92' lang='grc'><strong>,</strong></span> <span class='ocrx_word' id='word_1_80' title='bbox 1453 955 1515 1007; x_wconf 77' lang='grc' dir='ltr'><strong>οὐ</strong></span> <span class='ocrx_word' id='word_1_81' title='bbox 1547 953 1750 1027; x_wconf 79' lang='grc' dir='ltr'><strong>δυνήσῃ</strong></span> 
     </span>
    </p>
   </div>
   <div class='ocr_carea' id='block_1_12' title="bbox 178 1038 1750 1113">
    <p class='ocr_par' dir='ltr' id='par_1_12' title="bbox 178 1038 1750 1113">
     <span class='ocr_line' id='line_1_12' title="bbox 178 1038 1750 1113; baseline 0.004 -19"><span class='ocrx_word' id='word_1_82' title='bbox 178 1039 455 1111; x_wconf 77' lang='grc' dir='ltr'>ὕπεριδεῖν</span> <span class='ocrx_word' id='word_1_83' title='bbox 500 1038 675 1094; x_wconf 73' lang='grc' dir='ltr'>αὐτὰ·</span> <span class='ocrx_word' id='word_1_84' title='bbox 713 1039 810 1111; x_wconf 80' lang='grc' dir='ltr'>οὐχ</span> <span class='ocrx_word' id='word_1_85' title='bbox 856 1040 1118 1113; x_wconf 81' lang='grc' dir='ltr'>ὑπερόψει</span> <span class='ocrx_word' id='word_1_86' title='bbox 1154 1042 1245 1096; x_wconf 77' lang='grc' dir='ltr'><strong>τὸν</strong></span> <span class='ocrx_word' id='word_1_87' title='bbox 1290 1043 1411 1098; x_wconf 75' lang='grc' dir='ltr'>ὖνον</span> <span class='ocrx_word' id='word_1_88' title='bbox 1461 1044 1555 1099; x_wconf 81' lang='grc' dir='ltr'>τοῦ</span> <span class='ocrx_word' id='word_1_89' title='bbox 1595 1045 1750 1100; x_wconf 87' lang='grc' dir='ltr'>ἀδελ-</span> 
     </span>
    </p>
   </div>
   <div class='ocr_carea' id='block_1_13' title="bbox 176 1131 1750 1211">
    <p class='ocr_par' dir='ltr' id='par_1_13' title="bbox 176 1131 1750 1211">
     <span class='ocr_line' id='line_1_13' title="bbox 176 1131 1750 1211; baseline 0.004 -27"><span class='ocrx_word' id='word_1_90' title='bbox 176 1131 278 1201; x_wconf 76' lang='grc' dir='ltr'>φοῦ</span> <span class='ocrx_word' id='word_1_91' title='bbox 331 1149 466 1197; x_wconf 87' lang='grc' dir='ltr'>σου,</span> <span class='ocrx_word' id='word_1_92' title='bbox 519 1132 552 1202; x_wconf 75' lang='grc' dir='ltr'>ἢ</span> <span class='ocrx_word' id='word_1_93' title='bbox 594 1132 684 1186; x_wconf 83' lang='grc' dir='ltr'>τὸν</span> <span class='ocrx_word' id='word_1_94' title='bbox 736 1132 935 1203; x_wconf 84' lang='grc' dir='ltr'><strong>μόσχον</strong></span> <span class='ocrx_word' id='word_1_95' title='bbox 1002 1134 1168 1188; x_wconf 80' lang='grc' dir='ltr'>αὑτοῦ</span> <span class='ocrx_word' id='word_1_96' title='bbox 1208 1138 1533 1191; x_wconf 83' lang='grc' dir='ltr'><strong>πεπτωκότα</strong></span> <span class='ocrx_word' id='word_1_97' title='bbox 1591 1138 1650 1191; x_wconf 81' lang='grc' dir='ltr'>ὲν</span> <span class='ocrx_word' id='word_1_98' title='bbox 1685 1142 1750 1211; x_wconf 75' lang='grc' dir='ltr'>τῇ</span> 
     </span>
    </p>
   </div>
   <div class='ocr_carea' id='block_1_14' title="bbox 174 1221 1751 1301">
    <p class='ocr_par' dir='ltr' id='par_1_14' title="bbox 174 1221 1751 1301">
     <span class='ocr_line' id='line_1_14' title="bbox 174 1221 1751 1301; baseline 0.006 -27"><span class='ocrx_word' id='word_1_99' title='bbox 174 1221 310 1292; x_wconf 82' lang='grc' dir='ltr'><strong>όδῷ·</strong></span> <span class='ocrx_word' id='word_1_100' title='bbox 368 1222 446 1294; x_wconf 82' lang='grc' dir='ltr'>μὴ</span> <span class='ocrx_word' id='word_1_101' title='bbox 486 1223 784 1295; x_wconf 80' lang='grc' dir='ltr'>ὑπερίδῃς,</span> <span class='ocrx_word' id='word_1_102' title='bbox 817 1224 1049 1278; x_wconf 84' lang='grc' dir='ltr'>ἀνιστῶν</span> <span class='ocrx_word' id='word_1_103' title='bbox 1087 1225 1414 1298; x_wconf 74' lang='grc' dir='ltr'><strong>ἀναστήσεις</strong></span> <span class='ocrx_word' id='word_1_104' title='bbox 1456 1229 1595 1283; x_wconf 75' lang='grc' dir='ltr'>αὐτὰ</span> <span class='ocrx_word' id='word_1_105' title='bbox 1633 1233 1751 1301; x_wconf 81' lang='grc' dir='ltr'>μετ’</span> 
     </span>
    </p>
   </div>
   <div class='ocr_carea' id='block_1_15' title="bbox 176 1312 1752 1391">
    <p class='ocr_par' dir='ltr' id='par_1_15' title="bbox 176 1312 1752 1391">
     <span class='ocr_line' id='line_1_15' title="bbox 176 1312 1752 1391; baseline 0.006 -24"><span class='ocrx_word' id='word_1_106' title='bbox 176 1314 361 1368; x_wconf 77' lang='grc' dir='ltr'>αὑτοῦ.</span> <span class='ocrx_word' id='word_1_107' title='bbox 384 1333 406 1366; x_wconf 74' lang='grc' dir='ltr'><strong>ι</strong></span> <span class='ocrx_word' id='word_1_108' title='bbox 430 1316 623 1386; x_wconf 85' lang='grc' dir='ltr'>Συνίης</span> <span class='ocrx_word' id='word_1_109' title='bbox 652 1312 764 1379; x_wconf 77' lang='grc' dir='ltr'>οὖν,</span> <span class='ocrx_word' id='word_1_110' title='bbox 794 1316 940 1380; x_wconf 84' lang='grc' dir='ltr'>ὃπως</span> <span class='ocrx_word' id='word_1_111' title='bbox 960 1317 1107 1387; x_wconf 74' lang='grc' dir='ltr'>ἡμᾶς</span> <span class='ocrx_word' id='word_1_112' title='bbox 1140 1318 1458 1374; x_wconf 85' lang='grc' dir='ltr'>ἀστειότατα</span> <span class='ocrx_word' id='word_1_113' title='bbox 1480 1321 1752 1391; x_wconf 89' lang='grc' dir='ltr'>παιδαγω-</span> 
     </span>
    </p>
   </div>
   <div class='ocr_carea' id='block_1_16' title="bbox 175 1405 1753 1483">
    <p class='ocr_par' dir='ltr' id='par_1_16' title="bbox 175 1405 1753 1483">
     <span class='ocr_line' id='line_1_16' title="bbox 175 1405 1753 1483; baseline 0.005 -24"><span class='ocrx_word' id='word_1_114' title='bbox 175 1407 263 1472; x_wconf 80' lang='grc' dir='ltr'><strong>γεῖ</strong></span> <span class='ocrx_word' id='word_1_115' title='bbox 284 1407 428 1478; x_wconf 81' lang='grc' dir='ltr'>πρὸς</span> <span class='ocrx_word' id='word_1_116' title='bbox 459 1405 522 1460; x_wconf 80' lang='grc' dir='ltr'><strong>τὸ</strong></span> <span class='ocrx_word' id='word_1_117' title='bbox 547 1406 687 1475; x_wconf 80' lang='grc' dir='ltr'>ἄγαν</span> <span class='ocrx_word' id='word_1_118' title='bbox 704 1407 805 1478; x_wconf 83' lang='grc' dir='ltr'><strong>ήδη</strong></span> <span class='ocrx_word' id='word_1_119' title='bbox 837 1424 952 1470; x_wconf 86' lang='grc' dir='ltr'><strong>πως</strong></span> <span class='ocrx_word' id='word_1_120' title='bbox 985 1407 1081 1460; x_wconf 76' lang='lat' dir='ltr'><strong>xa&#39;l</strong></span> <span class='ocrx_word' id='word_1_121' title='bbox 1111 1407 1307 1472; x_wconf 80' lang='grc' dir='ltr'><strong>τελέως</strong></span> <span class='ocrx_word' id='word_1_122' title='bbox 1334 1409 1560 1477; x_wconf 77' lang='grc' dir='ltr'>ἀγαθὸν,</span> <span class='ocrx_word' id='word_1_123' title='bbox 1596 1412 1753 1483; x_wconf 80' lang='grc' dir='ltr'>μελέ-</span> 
     </span>
    </p>
   </div>
   <div class='ocr_carea' id='block_1_17' title="bbox 176 1497 1748 1571">
    <p class='ocr_par' dir='ltr' id='par_1_17' title="bbox 176 1497 1748 1571">
     <span class='ocr_line' id='line_1_17' title="bbox 176 1497 1748 1571; baseline 0.006 -22"><span class='ocrx_word' id='word_1_124' title='bbox 176 1515 335 1566; x_wconf 87' lang='grc' dir='ltr'>τησιν</span> <span class='ocrx_word' id='word_1_125' title='bbox 380 1497 569 1569; x_wconf 86' lang='grc' dir='ltr'>ὥσπερ</span> <span class='ocrx_word' id='word_1_126' title='bbox 609 1497 1017 1569; x_wconf 86' lang='grc' dir='ltr'>ἀμνησικακίας</span> <span class='ocrx_word' id='word_1_127' title='bbox 1066 1499 1333 1553; x_wconf 83' lang='grc' dir='ltr'>ποιεῖσθαι</span> <span class='ocrx_word' id='word_1_128' title='bbox 1381 1502 1748 1571; x_wconf 84' lang='grc' dir='ltr'><strong>προστάττων,</strong></span> 
     </span>
    </p>
   </div>
   <div class='ocr_carea' id='block_1_18' title="bbox 178 1586 1753 1660">
    <p class='ocr_par' dir='ltr' id='par_1_18' title="bbox 178 1586 1753 1660">
     <span class='ocr_line' id='line_1_18' title="bbox 178 1586 1753 1660; baseline 0.005 -20"><span class='ocrx_word' id='word_1_129' title='bbox 178 1588 275 1658; x_wconf 79' lang='grc' dir='ltr'><strong>τήν</strong></span> <span class='ocrx_word' id='word_1_130' title='bbox 304 1589 388 1652; x_wconf 86' lang='grc' dir='ltr'>εἰς</span> <span class='ocrx_word' id='word_1_131' title='bbox 412 1589 481 1643; x_wconf 81' lang='grc' dir='ltr'>τὰ</span> <span class='ocrx_word' id='word_1_132' title='bbox 506 1590 675 1660; x_wconf 82' lang='grc' dir='ltr'><strong>κτήνη</strong></span> <span class='ocrx_word' id='word_1_133' title='bbox 707 1586 873 1657; x_wconf 84' lang='grc' dir='ltr'>φειδὼ</span> <span class='ocrx_word' id='word_1_134' title='bbox 900 1587 993 1640; x_wconf 80' lang='grc' dir='ltr'>τοῦ</span> <span class='ocrx_word' id='word_1_135' title='bbox 1018 1586 1400 1659; x_wconf 82' lang='grc' dir='ltr'>λελυπηκότος,</span> <span class='ocrx_word' id='word_1_136' title='bbox 1430 1589 1489 1644; x_wconf 83' lang='grc' dir='ltr'><strong>δν</strong></span> <span class='ocrx_word' id='word_1_137' title='bbox 1518 1591 1612 1645; x_wconf 70' lang='grc' dir='ltr'><strong>καὶ</strong></span> <span class='ocrx_word' id='word_1_138' title='bbox 1643 1592 1753 1648; x_wconf 81' lang='grc' dir='ltr'><strong>ἀνω</strong></span> 
     </span>
    </p>
   </div>
   <div class='ocr_carea' id='block_1_19' title="bbox 178 1675 1746 1751">
    <p class='ocr_par' dir='ltr' id='par_1_19' title="bbox 178 1675 1746 1751">
     <span class='ocr_line' id='line_1_19' title="bbox 178 1675 1746 1751; baseline 0.004 -22"><span class='ocrx_word' id='word_1_139' title='bbox 178 1693 235 1729; x_wconf 81' lang='grc' dir='ltr'><strong>τε</strong></span> <span class='ocrx_word' id='word_1_140' title='bbox 266 1676 365 1729; x_wconf 76' lang='grc' dir='ltr'><strong>καὶ</strong></span> <span class='ocrx_word' id='word_1_141' title='bbox 402 1677 556 1731; x_wconf 81' lang='grc' dir='ltr'>κάτω</span> <span class='ocrx_word' id='word_1_142' title='bbox 580 1675 659 1747; x_wconf 84' lang='grc' dir='ltr'>τῷ</span> <span class='ocrx_word' id='word_1_143' title='bbox 693 1677 793 1747; x_wconf 76' lang='grc' dir='ltr'>τῆς</span> <span class='ocrx_word' id='word_1_144' title='bbox 818 1675 1176 1748; x_wconf 74' lang='grc' dir='ltr'>ἀδελφότητος</span> <span class='ocrx_word' id='word_1_145' title='bbox 1202 1678 1427 1750; x_wconf 82' lang='grc' dir='ltr'>ὀνόματι</span> <span class='ocrx_word' id='word_1_146' title='bbox 1466 1686 1746 1751; x_wconf 88' lang='grc' dir='ltr'>στεφανοῖ,</span> 
     </span>
    </p>
   </div>
   <div class='ocr_carea' id='block_1_20' title="bbox 1852 498 3423 571">
    <p class='ocr_par' dir='ltr' id='par_1_20' title="bbox 1852 498 3423 571">
     <span class='ocr_line' id='line_1_20' title="bbox 1852 498 3423 571; baseline 0 -17"><span class='ocrx_word' id='word_1_147' title='bbox 1852 507 1998 565; x_wconf 90' lang='lat' dir='ltr'><strong>tuus,</strong></span> <span class='ocrx_word' id='word_1_148' title='bbox 2024 509 2081 557; x_wconf 91' lang='lat' dir='ltr'><strong>et</strong></span> <span class='ocrx_word' id='word_1_149' title='bbox 2108 499 2305 555; x_wconf 85' lang='lat' dir='ltr'><strong>reddes</strong></span> <span class='ocrx_word' id='word_1_150' title='bbox 2331 516 2396 554; x_wconf 88' lang='lat' dir='ltr'><strong>ea</strong></span> <span class='ocrx_word' id='word_1_151' title='bbox 2431 499 2568 570; x_wconf 84' lang='lat' dir='ltr'><strong>ipsi;</strong></span> <span class='ocrx_word' id='word_1_152' title='bbox 2595 499 2673 554; x_wconf 91' lang='lat' dir='ltr'><strong>sic</strong></span> <span class='ocrx_word' id='word_1_153' title='bbox 2702 498 2869 553; x_wconf 80' lang='lat' dir='ltr'><strong>facies</strong></span> <span class='ocrx_word' id='word_1_154' title='bbox 2895 498 3049 554; x_wconf 87' lang='lat' dir='ltr'><strong>asino</strong></span> <span class='ocrx_word' id='word_1_155' title='bbox 3071 500 3210 571; x_wconf 82' lang='lat' dir='ltr'><strong>ejus,</strong></span> <span class='ocrx_word' id='word_1_156' title='bbox 3250 508 3307 555; x_wconf 89' lang='lat' dir='ltr'><strong>et</strong></span> <span class='ocrx_word' id='word_1_157' title='bbox 3343 500 3423 554; x_wconf 88' lang='lat' dir='ltr'><strong>sic</strong></span> 
     </span>
    </p>
   </div>
   <div class='ocr_carea' id='block_1_21' title="bbox 1850 589 3421 662">
    <p class='ocr_par' dir='ltr' id='par_1_21' title="bbox 1850 589 3421 662">
     <span class='ocr_line' id='line_1_21' title="bbox 1850 589 3421 662; baseline 0 -16"><span class='ocrx_word' id='word_1_158' title='bbox 1850 591 2018 647; x_wconf 81' lang='lat' dir='ltr'><strong>facies</strong></span> <span class='ocrx_word' id='word_1_159' title='bbox 2032 591 2171 646; x_wconf 90' lang='lat' dir='ltr'><strong>vesti</strong></span> <span class='ocrx_word' id='word_1_160' title='bbox 2196 592 2333 662; x_wconf 88' lang='lat' dir='ltr'><strong>ejus,</strong></span> <span class='ocrx_word' id='word_1_161' title='bbox 2359 599 2415 645; x_wconf 90' lang='lat' dir='ltr'><strong>et</strong></span> <span class='ocrx_word' id='word_1_162' title='bbox 2435 590 2515 645; x_wconf 89' lang='lat' dir='ltr'><strong>sic</strong></span> <span class='ocrx_word' id='word_1_163' title='bbox 2540 590 2705 645; x_wconf 81' lang='lat' dir='ltr'><strong>facies</strong></span> <span class='ocrx_word' id='word_1_164' title='bbox 2726 589 2780 643; x_wconf 90' lang='lat' dir='ltr'><strong>in</strong></span> <span class='ocrx_word' id='word_1_165' title='bbox 2804 605 3127 660; x_wconf 90' lang='lat' dir='ltr'><strong>quacunque</strong></span> <span class='ocrx_word' id='word_1_166' title='bbox 3150 606 3229 656; x_wconf 87' lang='lat' dir='ltr'><strong>re,</strong></span> <span class='ocrx_word' id='word_1_167' title='bbox 3256 606 3421 660; x_wconf 89' lang='lat' dir='ltr'><strong>quam</strong></span> 
     </span>
    </p>
   </div>
   <div class='ocr_carea' id='block_1_22' title="bbox 1850 680 3424 753">
    <p class='ocr_par' dir='ltr' id='par_1_22' title="bbox 1850 680 3424 753">
     <span class='ocr_line' id='line_1_22' title="bbox 1850 680 3424 753; baseline 0 -16"><span class='ocrx_word' id='word_1_168' title='bbox 1850 683 2153 753; x_wconf 90' lang='lat' dir='ltr'><strong>perdiderit</strong></span> <span class='ocrx_word' id='word_1_169' title='bbox 2198 682 2367 737; x_wconf 81' lang='lat' dir='ltr'><strong>frater</strong></span> <span class='ocrx_word' id='word_1_170' title='bbox 2409 690 2566 749; x_wconf 89' lang='lat' dir='ltr'><strong>tuus;</strong></span> <span class='ocrx_word' id='word_1_171' title='bbox 2596 696 2936 751; x_wconf 71' lang='lat' dir='ltr'><strong>quaecunque</strong></span> <span class='ocrx_word' id='word_1_172' title='bbox 2973 681 3188 751; x_wconf 90' lang='lat' dir='ltr'><strong>perdita</strong></span> <span class='ocrx_word' id='word_1_173' title='bbox 3216 680 3424 738; x_wconf 85' lang='lat' dir='ltr'><strong>fuerint</strong></span> 
     </span>
    </p>
   </div>
   <div class='ocr_carea' id='block_1_23' title="bbox 1849 770 3419 844">
    <p class='ocr_par' dir='ltr' id='par_1_23' title="bbox 1849 770 3419 844">
     <span class='ocr_line' id='line_1_23' title="bbox 1849 770 3419 844; baseline -0.001 -16"><span class='ocrx_word' id='word_1_174' title='bbox 1849 774 1919 829; x_wconf 90' lang='lat' dir='ltr'><strong>ab</strong></span> <span class='ocrx_word' id='word_1_175' title='bbox 1962 773 2101 844; x_wconf 86' lang='lat' dir='ltr'><strong>ipso,</strong></span> <span class='ocrx_word' id='word_1_176' title='bbox 2128 782 2187 829; x_wconf 92' lang='lat' dir='ltr'><strong>et</strong></span> <span class='ocrx_word' id='word_1_177' title='bbox 2227 771 2523 836; x_wconf 84' lang='lat' dir='ltr'><strong>inveneris,</strong></span> <span class='ocrx_word' id='word_1_178' title='bbox 2563 786 2672 826; x_wconf 90' lang='lat' dir='ltr'><strong>non</strong></span> <span class='ocrx_word' id='word_1_179' title='bbox 2713 770 2920 842; x_wconf 89' lang='lat' dir='ltr'><strong>poteris</strong></span> <span class='ocrx_word' id='word_1_180' title='bbox 2960 771 3236 844; x_wconf 75' lang='lat' dir='ltr'><strong>negligere</strong></span> <span class='ocrx_word' id='word_1_181' title='bbox 3275 771 3419 843; x_wconf 85' lang='lat' dir='ltr'><strong>ipsa;</strong></span> 
     </span>
    </p>
   </div>
   <div class='ocr_carea' id='block_1_24' title="bbox 1848 862 3420 935">
    <p class='ocr_par' dir='ltr' id='par_1_24' title="bbox 1848 862 3420 935">
     <span class='ocr_line' id='line_1_24' title="bbox 1848 862 3420 935; baseline 0 -17"><span class='ocrx_word' id='word_1_182' title='bbox 1848 878 1960 919; x_wconf 90' lang='lat' dir='ltr'><strong>non</strong></span> <span class='ocrx_word' id='word_1_183' title='bbox 1983 863 2254 935; x_wconf 89' lang='lat' dir='ltr'><strong>despicies</strong></span> <span class='ocrx_word' id='word_1_184' title='bbox 2276 864 2490 919; x_wconf 89' lang='lat' dir='ltr'><strong>asinum</strong></span> <span class='ocrx_word' id='word_1_185' title='bbox 2517 863 2705 919; x_wconf 85' lang='lat' dir='ltr'><strong>fratris</strong></span> <span class='ocrx_word' id='word_1_186' title='bbox 2726 863 2827 929; x_wconf 92' lang='lat' dir='ltr'><strong>tui,</strong></span> <span class='ocrx_word' id='word_1_187' title='bbox 2854 862 2939 917; x_wconf 89' lang='lat' dir='ltr'><strong>vel</strong></span> <span class='ocrx_word' id='word_1_188' title='bbox 2962 862 3196 918; x_wconf 89' lang='lat' dir='ltr'><strong>vitulum</strong></span> <span class='ocrx_word' id='word_1_189' title='bbox 3229 862 3420 934; x_wconf 88' lang='lat' dir='ltr'><strong>ipsius.</strong></span> 
     </span>
    </p>
   </div>
   <div class='ocr_carea' id='block_1_25' title="bbox 1849 952 3422 1027">
    <p class='ocr_par' dir='ltr' id='par_1_25' title="bbox 1849 952 3422 1027">
     <span class='ocr_line' id='line_1_25' title="bbox 1849 952 3422 1027; baseline 0 -18"><span class='ocrx_word' id='word_1_190' title='bbox 1849 955 1945 1027; x_wconf 86' lang='lat' dir='ltr'><strong>qui</strong></span> <span class='ocrx_word' id='word_1_191' title='bbox 1982 955 2241 1011; x_wconf 88' lang='lat' dir='ltr'><strong>ceciderit.</strong></span> <span class='ocrx_word' id='word_1_192' title='bbox 2265 955 2321 1009; x_wconf 91' lang='lat' dir='ltr'><strong>in</strong></span> <span class='ocrx_word' id='word_1_193' title='bbox 2344 956 2468 1009; x_wconf 92' lang='lat' dir='ltr'><strong>via:</strong></span> <span class='ocrx_word' id='word_1_194' title='bbox 2495 970 2564 1011; x_wconf 92' lang='lat' dir='ltr'><strong>ne</strong></span> <span class='ocrx_word' id='word_1_195' title='bbox 2591 954 2833 1026; x_wconf 81' lang='lat' dir='ltr'><strong>negligas</strong></span> <span class='ocrx_word' id='word_1_196' title='bbox 2852 969 2936 1017; x_wconf 92' lang='lat' dir='ltr'><strong>ea,</strong></span> <span class='ocrx_word' id='word_1_197' title='bbox 2970 952 3422 1009; x_wconf 81' lang='lat' dir='ltr'><strong>sublevanssub-</strong></span> 
     </span>
    </p>
   </div>
   <div class='ocr_carea' id='block_1_26' title="bbox 1848 1043 3420 1115">
    <p class='ocr_par' dir='ltr' id='par_1_26' title="bbox 1848 1043 3420 1115">
     <span class='ocr_line' id='line_1_26' title="bbox 1848 1043 3420 1115; baseline 0 -14"><span class='ocrx_word' id='word_1_198' title='bbox 1848 1045 2057 1101; x_wconf 89' lang='lat' dir='ltr'><strong>levabis</strong></span> <span class='ocrx_word' id='word_1_199' title='bbox 2094 1061 2158 1100; x_wconf 91' lang='lat' dir='ltr'><strong>ea</strong></span> <span class='ocrx_word' id='word_1_200' title='bbox 2192 1060 2318 1101; x_wconf 91' lang='lat' dir='ltr'><strong>cum</strong></span> <span class='ocrx_word' id='word_1_201' title='bbox 2342 1045 2461 1115; x_wconf 88' lang='lat' dir='ltr'><strong>ipso</strong></span> <span class='ocrx_word' id='word_1_202' title='bbox 2484 1045 2524 1099; x_wconf 82' lang='lat'><strong>&#39;.</strong></span> <span class='ocrx_word' id='word_1_203' title='bbox 2560 1063 2577 1097; x_wconf 75' lang='grc' dir='ltr'><strong>ι</strong></span> <span class='ocrx_word' id='word_1_204' title='bbox 2610 1044 2876 1115; x_wconf 87' lang='lat' dir='ltr'><strong>Intelligis</strong></span> <span class='ocrx_word' id='word_1_205' title='bbox 2918 1043 3107 1115; x_wconf 87' lang='lat' dir='ltr'><strong>igitur,</strong></span> <span class='ocrx_word' id='word_1_206' title='bbox 3156 1045 3420 1115; x_wconf 88' lang='lat' dir='ltr'><strong>quemad—</strong></span> 
     </span>
    </p>
   </div>
   <div class='ocr_carea' id='block_1_27' title="bbox 1850 1136 3425 1209">
    <p class='ocr_par' dir='ltr' id='par_1_27' title="bbox 1850 1136 3425 1209">
     <span class='ocr_line' id='line_1_27' title="bbox 1850 1136 3425 1209; baseline 0.001 -19"><span class='ocrx_word' id='word_1_207' title='bbox 1850 1137 2072 1192; x_wconf 91' lang='lat' dir='ltr'><strong>modum</strong></span> <span class='ocrx_word' id='word_1_208' title='bbox 2095 1137 2497 1209; x_wconf 84' lang='lat' dir='ltr'><strong>elegantissime</strong></span> <span class='ocrx_word' id='word_1_209' title='bbox 2536 1152 2638 1192; x_wconf 92' lang='lat' dir='ltr'><strong>nos</strong></span> <span class='ocrx_word' id='word_1_210' title='bbox 2668 1138 2778 1208; x_wconf 88' lang='lat' dir='ltr'><strong>jam</strong></span> <span class='ocrx_word' id='word_1_211' title='bbox 2815 1136 2883 1192; x_wconf 90' lang='lat' dir='ltr'><strong>ad</strong></span> <span class='ocrx_word' id='word_1_212' title='bbox 2912 1143 3260 1207; x_wconf 70' lang='lat' dir='ltr'><strong>prmstantem</strong></span> <span class='ocrx_word' id='word_1_213' title='bbox 3298 1152 3425 1207; x_wconf 86' lang='lat' dir='ltr'><strong>per-</strong></span> 
     </span>
    </p>
   </div>
   <div class='ocr_carea' id='block_1_28' title="bbox 1850 1228 3424 1300">
    <p class='ocr_par' dir='ltr' id='par_1_28' title="bbox 1850 1228 3424 1300">
     <span class='ocr_line' id='line_1_28' title="bbox 1850 1228 3424 1300; baseline 0.001 -17"><span class='ocrx_word' id='word_1_214' title='bbox 1850 1228 2154 1300; x_wconf 91' lang='lat' dir='ltr'><strong>fectamque</strong></span> <span class='ocrx_word' id='word_1_215' title='bbox 2176 1229 2436 1284; x_wconf 80' lang='lat' dir='ltr'><strong>virtutem</strong></span> <span class='ocrx_word' id='word_1_216' title='bbox 2473 1228 2662 1295; x_wconf 89' lang='lat' dir='ltr'><strong>ducat,</strong></span> <span class='ocrx_word' id='word_1_217' title='bbox 2706 1228 2908 1299; x_wconf 87' lang='lat' dir='ltr'><strong>jubcns</strong></span> <span class='ocrx_word' id='word_1_218' title='bbox 2945 1236 3027 1294; x_wconf 91' lang='lat' dir='ltr'><strong>ut,</strong></span> <span class='ocrx_word' id='word_1_219' title='bbox 3067 1244 3199 1283; x_wconf 87' lang='lat' dir='ltr'><strong>cura</strong></span> <span class='ocrx_word' id='word_1_220' title='bbox 3227 1228 3281 1282; x_wconf 92' lang='lat' dir='ltr'><strong>in</strong></span> <span class='ocrx_word' id='word_1_221' title='bbox 3304 1229 3424 1300; x_wconf 82' lang='lat' dir='ltr'><strong>ejus</strong></span> 
     </span>
    </p>
   </div>
   <div class='ocr_carea' id='block_1_29' title="bbox 1844 1320 3426 1393">
    <p class='ocr_par' dir='ltr' id='par_1_29' title="bbox 1844 1320 3426 1393">
     <span class='ocr_line' id='line_1_29' title="bbox 1844 1320 3426 1393; baseline 0 -17"><span class='ocrx_word' id='word_1_222' title='bbox 1844 1323 2099 1393; x_wconf 88' lang='lat' dir='ltr'><strong>jumenta</strong></span> <span class='ocrx_word' id='word_1_223' title='bbox 2142 1321 2236 1391; x_wconf 91' lang='lat' dir='ltr'><strong>qui</strong></span> <span class='ocrx_word' id='word_1_224' title='bbox 2270 1337 2372 1377; x_wconf 93' lang='lat' dir='ltr'><strong>nos</strong></span> <span class='ocrx_word' id='word_1_225' title='bbox 2407 1320 2656 1387; x_wconf 79' lang='lat' dir='ltr'><strong>offendit,</strong></span> <span class='ocrx_word' id='word_1_226' title='bbox 2694 1321 2961 1391; x_wconf 90' lang='lat' dir='ltr'><strong>impensa,</strong></span> <span class='ocrx_word' id='word_1_227' title='bbox 2985 1321 3139 1377; x_wconf 87' lang='lat' dir='ltr'><strong>velut</strong></span> <span class='ocrx_word' id='word_1_228' title='bbox 3161 1321 3426 1376; x_wconf 60' lang='lat' dir='ltr'><strong>exercita«</strong></span> 
     </span>
    </p>
   </div>
   <div class='ocr_carea' id='block_1_30' title="bbox 1850 1410 3423 1483">
    <p class='ocr_par' dir='ltr' id='par_1_30' title="bbox 1850 1410 3423 1483">
     <span class='ocr_line' id='line_1_30' title="bbox 1850 1410 3423 1483; baseline 0.002 -19"><span class='ocrx_word' id='word_1_229' title='bbox 1850 1411 1997 1467; x_wconf 88' lang='lat' dir='ltr'><strong>tione</strong></span> <span class='ocrx_word' id='word_1_230' title='bbox 2032 1411 2102 1467; x_wconf 89' lang='lat' dir='ltr'><strong>ad</strong></span> <span class='ocrx_word' id='word_1_231' title='bbox 2141 1410 2545 1467; x_wconf 89' lang='lat' dir='ltr'><strong>obliviscendas</strong></span> <span class='ocrx_word' id='word_1_232' title='bbox 2584 1411 2814 1482; x_wconf 89' lang='lat' dir='ltr'><strong>injurias</strong></span> <span class='ocrx_word' id='word_1_233' title='bbox 2836 1418 3093 1466; x_wconf 89' lang='lat' dir='ltr'><strong>utamur:</strong></span> <span class='ocrx_word' id='word_1_234' title='bbox 3120 1426 3283 1483; x_wconf 63' lang='lat' dir='ltr'><strong>quem</strong></span> <span class='ocrx_word' id='word_1_235' title='bbox 3311 1411 3423 1468; x_wconf 88' lang='lat' dir='ltr'><strong>fre—</strong></span> 
     </span>
    </p>
   </div>
   <div class='ocr_carea' id='block_1_31' title="bbox 1850 1501 3423 1573">
    <p class='ocr_par' dir='ltr' id='par_1_31' title="bbox 1850 1501 3423 1573">
     <span class='ocr_line' id='line_1_31' title="bbox 1850 1501 3423 1573; baseline 0 -15"><span class='ocrx_word' id='word_1_236' title='bbox 1850 1502 2210 1573; x_wconf 89' lang='lat' dir='ltr'><strong>quentissime</strong></span> <span class='ocrx_word' id='word_1_237' title='bbox 2252 1501 2436 1558; x_wconf 85' lang='lat' dir='ltr'><strong>fratris</strong></span> <span class='ocrx_word' id='word_1_238' title='bbox 2493 1503 2713 1558; x_wconf 86' lang='lat' dir='ltr'><strong>nomine</strong></span> <span class='ocrx_word' id='word_1_239' title='bbox 2777 1503 3031 1567; x_wconf 83' lang='lat' dir='ltr'><strong>decorat,</strong></span> <span class='ocrx_word' id='word_1_240' title='bbox 3087 1503 3423 1573; x_wconf 86' lang='lat' dir='ltr'><strong>prohibens,</strong></span> 
     </span>
    </p>
   </div>
   <div class='ocr_carea' id='block_1_32' title="bbox 1849 1591 3426 1663">
    <p class='ocr_par' dir='ltr' id='par_1_32' title="bbox 1849 1591 3426 1663">
     <span class='ocr_line' id='line_1_32' title="bbox 1849 1591 3426 1663; baseline 0.001 -17"><span class='ocrx_word' id='word_1_241' title='bbox 1849 1600 1911 1646; x_wconf 93' lang='lat' dir='ltr'><strong>ut</strong></span> <span class='ocrx_word' id='word_1_242' title='bbox 1934 1591 2159 1661; x_wconf 83' lang='lat' dir='ltr'><strong>opinor,</strong></span> <span class='ocrx_word' id='word_1_243' title='bbox 2179 1591 2289 1646; x_wconf 92' lang='lat' dir='ltr'><strong>iras</strong></span> <span class='ocrx_word' id='word_1_244' title='bbox 2311 1591 2685 1663; x_wconf 87' lang='lat' dir='ltr'><strong>implacabiles</strong></span> <span class='ocrx_word' id='word_1_245' title='bbox 2732 1599 2786 1647; x_wconf 90' lang='lat' dir='ltr'><strong>et</strong></span> <span class='ocrx_word' id='word_1_246' title='bbox 2818 1592 3043 1647; x_wconf 88' lang='lat' dir='ltr'><strong>nimiam</strong></span> <span class='ocrx_word' id='word_1_247' title='bbox 3081 1593 3149 1649; x_wconf 91' lang='lat' dir='ltr'><strong>ad</strong></span> <span class='ocrx_word' id='word_1_248' title='bbox 3180 1594 3426 1648; x_wconf 87' lang='lat' dir='ltr'><strong>simulta-</strong></span> 
     </span>
    </p>
   </div>
   <div class='ocr_carea' id='block_1_33' title="bbox 1851 1678 3422 1752">
    <p class='ocr_par' dir='ltr' id='par_1_33' title="bbox 1851 1678 3422 1752">
     <span class='ocr_line' id='line_1_33' title="bbox 1851 1678 3422 1752; baseline 0.001 -19"><span class='ocrx_word' id='word_1_249' title='bbox 1851 1687 1935 1734; x_wconf 86' lang='lat' dir='ltr'><strong>tes</strong></span> <span class='ocrx_word' id='word_1_250' title='bbox 1954 1678 2399 1749; x_wconf 87' lang='lat' dir='ltr'><strong>propensionem,</strong></span> <span class='ocrx_word' id='word_1_251' title='bbox 2426 1688 2480 1736; x_wconf 88' lang='lat' dir='ltr'><strong>et</strong></span> <span class='ocrx_word' id='word_1_252' title='bbox 2501 1687 2711 1735; x_wconf 84' lang='lat' dir='ltr'><strong>naturae</strong></span> <span class='ocrx_word' id='word_1_253' title='bbox 2738 1680 2936 1752; x_wconf 86' lang='lat' dir='ltr'><strong>legem,</strong></span> <span class='ocrx_word' id='word_1_254' title='bbox 2964 1688 3217 1751; x_wconf 82' lang='lat' dir='ltr'><strong>tanquam</strong></span> <span class='ocrx_word' id='word_1_255' title='bbox 3241 1681 3422 1736; x_wconf 83' lang='lat' dir='ltr'><strong>chari-</strong></span> 
     </span>
    </p>
   </div>
   <div class='ocr_carea' id='block_1_34' title="bbox 185 1748 1746 1842">
    <p class='ocr_par' dir='ltr' id='par_1_34' title="bbox 185 1748 1746 1842">
     <span class='ocr_line' id='line_1_34' title="bbox 185 1748 1746 1842; baseline 0.006 -23"><span class='ocrx_word' id='word_1_256' title='bbox 185 1766 560 1822; x_wconf 85' lang='grc' dir='ltr'>κατακωλύων</span> <span class='ocrx_word' id='word_1_257' title='bbox 578 1808 593 1834; x_wconf 90' lang='grc'><strong>,</strong></span> <span class='ocrx_word' id='word_1_258' title='bbox 625 1763 780 1839; x_wconf 73' lang='grc' dir='ltr'>οἶμαί</span> <span class='ocrx_word' id='word_1_259' title='bbox 812 1785 934 1831; x_wconf 88' lang='grc' dir='ltr'>που,</span> <span class='ocrx_word' id='word_1_260' title='bbox 965 1769 1026 1821; x_wconf 84' lang='grc' dir='ltr'><strong>τὸ</strong></span> <span class='ocrx_word' id='word_1_261' title='bbox 1051 1768 1260 1823; x_wconf 79' lang='grc' dir='ltr'>ἔντονον</span> <span class='ocrx_word' id='word_1_262' title='bbox 1298 1748 1380 1834; x_wconf 81' lang='grc' dir='ltr'><strong>είς</strong></span> <span class='ocrx_word' id='word_1_263' title='bbox 1411 1748 1612 1842; x_wconf 77' lang='grc' dir='ltr'>ὀργὰς,</span> <span class='ocrx_word' id='word_1_264' title='bbox 1653 1775 1746 1829; x_wconf 78' lang='grc' dir='ltr'>καὶ</span> 
     </span>
    </p>
   </div>
   <div class='ocr_carea' id='block_1_35' title="bbox 1848 1748 3424 1842">
    <p class='ocr_par' dir='ltr' id='par_1_35' title="bbox 1853 1748 3424 1838">
     <span class='ocr_line' id='line_1_35' title="bbox 1853 1748 3424 1838; baseline 0.001 -16"><span class='ocrx_word' id='word_1_265' title='bbox 1853 1748 1980 1823; x_wconf 85' lang='lat' dir='ltr'><strong>tatis</strong></span> <span class='ocrx_word' id='word_1_266' title='bbox 1995 1766 2277 1832; x_wconf 86' lang='lat' dir='ltr'><strong>arbitram,</strong></span> <span class='ocrx_word' id='word_1_267' title='bbox 2302 1768 2486 1823; x_wconf 87' lang='lat' dir='ltr'><strong>ferens</strong></span> <span class='ocrx_word' id='word_1_268' title='bbox 2509 1784 2522 1821; x_wconf 91' lang='lat'><strong>:</strong></span> <span class='ocrx_word' id='word_1_269' title='bbox 2545 1766 2607 1823; x_wconf 89' lang='lat' dir='ltr'><strong>Si</strong></span> <span class='ocrx_word' id='word_1_270' title='bbox 2629 1768 2775 1824; x_wconf 89' lang='lat' dir='ltr'><strong>enim</strong></span> <span class='ocrx_word' id='word_1_271' title='bbox 2797 1748 3093 1834; x_wconf 70' lang='lat' dir='ltr'><strong>inveneris,</strong></span> <span class='ocrx_word' id='word_1_272' title='bbox 3122 1769 3317 1838; x_wconf 87' lang='lat' dir='ltr'><strong>inquit,</strong></span> <span class='ocrx_word' id='word_1_273' title='bbox 3339 1784 3424 1823; x_wconf 93' lang='lat' dir='ltr'><strong>cr-</strong></span> 
     </span>
    </p>
   </div>
   <div class='ocr_carea' id='block_1_36' title="bbox 179 1859 1747 1934">
    <p class='ocr_par' dir='ltr' id='par_1_36' title="bbox 179 1859 1747 1934">
     <span class='ocr_line' id='line_1_36' title="bbox 179 1859 1747 1934; baseline 0.004 -22"><span class='ocrx_word' id='word_1_274' title='bbox 179 1859 238 1912; x_wconf 71' lang='grc' dir='ltr'>τὺ</span> <span class='ocrx_word' id='word_1_275' title='bbox 283 1859 542 1931; x_wconf 81' lang='grc' dir='ltr'>περιττὸν</span> <span class='ocrx_word' id='word_1_276' title='bbox 589 1860 668 1921; x_wconf 79' lang='grc' dir='ltr'><strong>είς</strong></span> <span class='ocrx_word' id='word_1_277' title='bbox 702 1860 1099 1931; x_wconf 81' lang='grc' dir='ltr'>μικροψυχίας,</span> <span class='ocrx_word' id='word_1_278' title='bbox 1128 1861 1223 1913; x_wconf 57' lang='grc' dir='ltr'><strong>καὶ⁵</strong></span> <span class='ocrx_word' id='word_1_279' title='bbox 1258 1859 1349 1916; x_wconf 80' lang='grc' dir='ltr'><strong>τὸν</strong></span> <span class='ocrx_word' id='word_1_280' title='bbox 1392 1863 1491 1934; x_wconf 84' lang='grc' dir='ltr'>τῆς</span> <span class='ocrx_word' id='word_1_281' title='bbox 1534 1865 1747 1932; x_wconf 80' lang='grc' dir='ltr'>φύσεως</span> 
     </span>
    </p>
   </div>
   <div class='ocr_carea' id='block_1_37' title="bbox 178 1950 1743 2028">
    <p class='ocr_par' dir='ltr' id='par_1_37' title="bbox 178 1950 1743 2028">
     <span class='ocr_line' id='line_1_37' title="bbox 178 1950 1743 2028; baseline 0.006 -27"><span class='ocrx_word' id='word_1_282' title='bbox 178 1950 363 2020; x_wconf 77' lang='grc' dir='ltr'>νόμον,</span> <span class='ocrx_word' id='word_1_283' title='bbox 396 1950 703 2022; x_wconf 71' lang='grc' dir='ltr'>βραϐευτὴν</span> <span class='ocrx_word' id='word_1_284' title='bbox 735 1950 923 2023; x_wconf 82' lang='grc' dir='ltr'>ὥσπερ</span> <span class='ocrx_word' id='word_1_285' title='bbox 947 1952 1070 2006; x_wconf 78' lang='grc' dir='ltr'>τινὰ</span> <span class='ocrx_word' id='word_1_286' title='bbox 1095 1952 1193 2024; x_wconf 85' lang='grc' dir='ltr'>τῆς</span> <span class='ocrx_word' id='word_1_287' title='bbox 1216 1954 1438 2025; x_wconf 81' lang='grc' dir='ltr'><strong>ἀγάπης</strong></span> <span class='ocrx_word' id='word_1_288' title='bbox 1456 1955 1743 2028; x_wconf 72' lang='grc' dir='ltr'><strong>εἰσφέρων.</strong></span> 
     </span>
    </p>
   </div>
   <div class='ocr_carea' id='block_1_38' title="bbox 180 2041 1749 2120">
    <p class='ocr_par' dir='ltr' id='par_1_38' title="bbox 180 2041 1749 2120">
     <span class='ocr_line' id='line_1_38' title="bbox 180 2041 1749 2120; baseline 0.005 -25"><span class='ocrx_word' id='word_1_289' title='bbox 180 2041 278 2095; x_wconf 82' lang='grc' dir='ltr'><strong>’Δν</strong></span> <span class='ocrx_word' id='word_1_290' title='bbox 315 2042 430 2113; x_wconf 74' lang='grc' dir='ltr'>γὰρ</span> <span class='ocrx_word' id='word_1_291' title='bbox 475 2041 659 2115; x_wconf 79' lang='grc' dir='ltr'>εὕρῃς,</span> <span class='ocrx_word' id='word_1_292' title='bbox 700 2044 885 2115; x_wconf 69' lang='grc' dir='ltr'>φησιν,</span> <span class='ocrx_word' id='word_1_293' title='bbox 919 2043 1268 2116; x_wconf 80' lang='grc' dir='ltr'>πλανώμενον</span> <span class='ocrx_word' id='word_1_294' title='bbox 1294 2048 1510 2117; x_wconf 81' lang='grc' dir='ltr'>κτῆνος,</span> <span class='ocrx_word' id='word_1_295' title='bbox 1545 2047 1579 2120; x_wconf 75' lang='grc' dir='ltr'>ἢ</span> <span class='ocrx_word' id='word_1_296' title='bbox 1614 2050 1749 2103; x_wconf 87' lang='grc' dir='ltr'>ἀπο-</span> 
     </span>
    </p>
   </div>
   <div class='ocr_carea' id='block_1_39' title="bbox 178 2133 1747 2208">
    <p class='ocr_par' dir='ltr' id='par_1_39' title="bbox 178 2133 1747 2208">
     <span class='ocr_line' id='line_1_39' title="bbox 178 2133 1747 2208; baseline 0.006 -23"><span class='ocrx_word' id='word_1_297' title='bbox 178 2133 347 2197; x_wconf 76' lang='grc' dir='ltr'>λωλὸς</span> <span class='ocrx_word' id='word_1_298' title='bbox 381 2133 619 2204; x_wconf 73' lang='grc' dir='ltr'>ἱμάτιον,</span> <span class='ocrx_word' id='word_1_299' title='bbox 650 2134 974 2206; x_wconf 89' lang='grc' dir='ltr'>περισώσεις</span> <span class='ocrx_word' id='word_1_300' title='bbox 993 2137 1132 2190; x_wconf 88' lang='grc' dir='ltr'><strong>αὐτά</strong></span> <span class='ocrx_word' id='word_1_301' title='bbox 1156 2136 1233 2207; x_wconf 87' lang='grc' dir='ltr'>τῷ</span> <span class='ocrx_word' id='word_1_302' title='bbox 1254 2137 1467 2208; x_wconf 83' lang='grc' dir='ltr'>ἀδελφῷ</span> <span class='ocrx_word' id='word_1_303' title='bbox 1493 2155 1608 2192; x_wconf 78' lang='grc' dir='ltr'>σουο</span> <span class='ocrx_word' id='word_1_304' title='bbox 1645 2140 1747 2195; x_wconf 84' lang='grc' dir='ltr'><strong>κᾶν</strong></span> 
     </span>
    </p>
   </div>
   <div class='ocr_carea' id='block_1_40' title="bbox 179 2226 1748 2303">
    <p class='ocr_par' dir='ltr' id='par_1_40' title="bbox 179 2226 1748 2303">
     <span class='ocr_line' id='line_1_40' title="bbox 179 2226 1748 2303; baseline 0.002 -23"><span class='ocrx_word' id='word_1_305' title='bbox 179 2229 224 2280; x_wconf 78' lang='grc' dir='ltr'>εξ</span> <span class='ocrx_word' id='word_1_306' title='bbox 245 2226 457 2295; x_wconf 78' lang='grc' dir='ltr'>γένοιτό</span> <span class='ocrx_word' id='word_1_307' title='bbox 477 2244 531 2280; x_wconf 84' lang='grc' dir='ltr'>τι</span> <span class='ocrx_word' id='word_1_308' title='bbox 562 2226 674 2281; x_wconf 83' lang='grc' dir='ltr'><strong>τῶν</strong></span> <span class='ocrx_word' id='word_1_309' title='bbox 734 2227 1056 2300; x_wconf 84' lang='grc' dir='ltr'>ἀχθοφορεῖν</span> <span class='ocrx_word' id='word_1_310' title='bbox 1103 2228 1370 2283; x_wconf 78' lang='grc' dir='ltr'><strong>εἰωθότων</strong></span> <span class='ocrx_word' id='word_1_311' title='bbox 1428 2230 1748 2303; x_wconf 89' lang='grc' dir='ltr'>κατολισθῆ-</span> 
     </span>
    </p>
   </div>
   <div class='ocr_carea' id='block_1_41' title="bbox 182 2318 1749 2396">
    <p class='ocr_par' dir='ltr' id='par_1_41' title="bbox 182 2318 1749 2396">
     <span class='ocr_line' id='line_1_41' title="bbox 182 2318 1749 2396; baseline 0.006 -27"><span class='ocrx_word' id='word_1_312' title='bbox 182 2334 277 2369; x_wconf 70' lang='grc' dir='ltr'><strong>σαν</strong></span> <span class='ocrx_word' id='word_1_313' title='bbox 306 2319 386 2380; x_wconf 81' lang='grc' dir='ltr'><strong>είς</strong></span> <span class='ocrx_word' id='word_1_314' title='bbox 414 2318 518 2389; x_wconf 78' lang='grc' dir='ltr'>γῆν</span> <span class='ocrx_word' id='word_1_315' title='bbox 539 2318 633 2371; x_wconf 79' lang='grc' dir='ltr'>ὑπ’</span> <span class='ocrx_word' id='word_1_316' title='bbox 659 2318 808 2391; x_wconf 88' lang='grc' dir='ltr'><strong>αὐτῷ</strong></span> <span class='ocrx_word' id='word_1_317' title='bbox 845 2319 1224 2390; x_wconf 76' lang='grc' dir='ltr'>συντρίϐεσθαι</span> <span class='ocrx_word' id='word_1_318' title='bbox 1254 2321 1332 2393; x_wconf 82' lang='grc' dir='ltr'><strong>τῷ</strong></span> <span class='ocrx_word' id='word_1_319' title='bbox 1351 2323 1556 2396; x_wconf 80' lang='grc' dir='ltr'>φορτίῳ</span> <span class='ocrx_word' id='word_1_320' title='bbox 1574 2365 1590 2391; x_wconf 89' lang='grc'><strong>,</strong></span> <span class='ocrx_word' id='word_1_321' title='bbox 1623 2341 1749 2379; x_wconf 89' lang='grc' dir='ltr'>συν-</span> 
     </span>
    </p>
   </div>
   <div class='ocr_carea' id='block_1_42' title="bbox 179 2407 1743 2486">
    <p class='ocr_par' dir='ltr' id='par_1_42' title="bbox 179 2407 1743 2486">
     <span class='ocr_line' id='line_1_42' title="bbox 179 2407 1743 2486; baseline 0.008 -28"><span class='ocrx_word' id='word_1_322' title='bbox 179 2407 391 2478; x_wconf 54' lang='lat' dir='ltr'><strong>emtam</strong></span> <span class='ocrx_word' id='word_1_323' title='bbox 404 2408 499 2461; x_wconf 78' lang='grc' dir='ltr'><strong>καὶ</strong></span> <span class='ocrx_word' id='word_1_324' title='bbox 519 2410 849 2479; x_wconf 88' lang='grc' dir='ltr'>συνεγερεῖς.</span> <span class='ocrx_word' id='word_1_325' title='bbox 869 2409 1093 2479; x_wconf 86' lang='grc' dir='ltr'>Ἕτερον</span> <span class='ocrx_word' id='word_1_326' title='bbox 1107 2410 1164 2463; x_wconf 82' lang='grc' dir='ltr'>δὲ</span> <span class='ocrx_word' id='word_1_327' title='bbox 1177 2409 1336 2465; x_wconf 79' lang='grc' dir='ltr'>τοῦτό</span> <span class='ocrx_word' id='word_1_328' title='bbox 1356 2414 1502 2467; x_wconf 85' lang='grc' dir='ltr'>ὲστιν</span> <span class='ocrx_word' id='word_1_329' title='bbox 1522 2414 1743 2486; x_wconf 77' lang='grc' dir='ltr'>οὐδὲν,ἢ</span> 
     </span>
    </p>
   </div>
   <div class='ocr_carea' id='block_1_43' title="bbox 179 2494 1749 2571">
    <p class='ocr_par' dir='ltr' id='par_1_43' title="bbox 179 2494 1749 2571">
     <span class='ocr_line' id='line_1_43' title="bbox 179 2494 1749 2571; baseline 0.005 -23"><span class='ocrx_word' id='word_1_330' title='bbox 179 2496 266 2548; x_wconf 69' lang='grc' dir='ltr'>τὸν</span> <span class='ocrx_word' id='word_1_331' title='bbox 296 2496 633 2566; x_wconf 79' lang='grc' dir='ltr'>κεκτημένον</span> <span class='ocrx_word' id='word_1_332' title='bbox 662 2494 913 2566; x_wconf 85' lang='grc' dir='ltr'>ὠφελεῖν,</span> <span class='ocrx_word' id='word_1_333' title='bbox 939 2498 1034 2551; x_wconf 78' lang='grc' dir='ltr'>καὶ</span> <span class='ocrx_word' id='word_1_334' title='bbox 1068 2498 1267 2569; x_wconf 80' lang='grc' dir='ltr'>μελέτη</span> <span class='ocrx_word' id='word_1_335' title='bbox 1300 2499 1434 2571; x_wconf 82' lang='grc' dir='ltr'>πρὸς</span> <span class='ocrx_word' id='word_1_336' title='bbox 1456 2500 1624 2568; x_wconf 76' lang='grc' dir='ltr'>ἔλεον,</span> <span class='ocrx_word' id='word_1_337' title='bbox 1655 2503 1749 2556; x_wconf 82' lang='grc' dir='ltr'>καὶ</span> 
     </span>
    </p>
   </div>
   <div class='ocr_carea' id='block_1_44' title="bbox 181 2586 1748 2661">
    <p class='ocr_par' dir='ltr' id='par_1_44' title="bbox 181 2586 1748 2661">
     <span class='ocr_line' id='line_1_44' title="bbox 181 2586 1748 2661; baseline 0.006 -22"><span class='ocrx_word' id='word_1_338' title='bbox 181 2586 522 2656; x_wconf 79' lang='grc' dir='ltr'>παιδαγωγία</span> <span class='ocrx_word' id='word_1_339' title='bbox 560 2588 696 2659; x_wconf 78' lang='grc' dir='ltr'>πρὸς</span> <span class='ocrx_word' id='word_1_340' title='bbox 744 2589 1172 2661; x_wconf 84' lang='grc' dir='ltr'>φιλοικειότητα,</span> <span class='ocrx_word' id='word_1_341' title='bbox 1218 2591 1312 2645; x_wconf 77' lang='grc' dir='ltr'>καὶ</span> <span class='ocrx_word' id='word_1_342' title='bbox 1358 2593 1419 2646; x_wconf 82' lang='grc' dir='ltr'><strong>τὸ</strong></span> <span class='ocrx_word' id='word_1_343' title='bbox 1464 2591 1748 2650; x_wconf 86' lang='grc' dir='ltr'>λυπεῖσθαι</span> 
     </span>
    </p>
   </div>
   <div class='ocr_carea' id='block_1_45' title="bbox 184 2674 1751 2754">
    <p class='ocr_par' dir='ltr' id='par_1_45' title="bbox 184 2674 1751 2754">
     <span class='ocr_line' id='line_1_45' title="bbox 184 2674 1751 2754; baseline 0.007 -28"><span class='ocrx_word' id='word_1_344' title='bbox 184 2676 367 2746; x_wconf 72' lang='grc' dir='ltr'>μακρὰ</span> <span class='ocrx_word' id='word_1_345' title='bbox 398 2674 774 2747; x_wconf 86' lang='grc' dir='ltr'>παρωθεῖσθαι</span> <span class='ocrx_word' id='word_1_346' title='bbox 806 2675 1008 2748; x_wconf 79' lang='grc' dir='ltr'>ζητεῖν,</span> <span class='ocrx_word' id='word_1_347' title='bbox 1031 2680 1127 2732; x_wconf 75' lang='grc' dir='ltr'>καὶ</span> <span class='ocrx_word' id='word_1_348' title='bbox 1155 2680 1541 2751; x_wconf 85' lang='grc' dir='ltr'>παραιτεῖσθαι</span> <span class='ocrx_word' id='word_1_349' title='bbox 1562 2682 1751 2754; x_wconf 83' lang='grc' dir='ltr'>διαφο-</span> 
     </span>
    </p>
   </div>
   <div class='ocr_carea' id='block_1_46' title="bbox 183 2765 1751 2845">
    <p class='ocr_par' dir='ltr' id='par_1_46' title="bbox 183 2765 1751 2845">
     <span class='ocr_line' id='line_1_46' title="bbox 183 2765 1751 2845; baseline 0.006 -28"><span class='ocrx_word' id='word_1_350' title='bbox 183 2765 302 2834; x_wconf 59' lang='grc' dir='ltr'>ρᾶς,</span> <span class='ocrx_word' id='word_1_351' title='bbox 336 2765 479 2838; x_wconf 81' lang='grc' dir='ltr'><strong>ὺπέρ</strong></span> <span class='ocrx_word' id='word_1_352' title='bbox 506 2782 571 2835; x_wconf 81' lang='grc' dir='ltr'><strong>γε</strong></span> <span class='ocrx_word' id='word_1_353' title='bbox 614 2766 707 2820; x_wconf 74' lang='grc' dir='ltr'>τοῦ</span> <span class='ocrx_word' id='word_1_354' title='bbox 749 2767 823 2839; x_wconf 81' lang='grc' dir='ltr'>μὴ</span> <span class='ocrx_word' id='word_1_355' title='bbox 842 2768 1018 2822; x_wconf 83' lang='grc' dir='ltr'>δοκεῖν</span> <span class='ocrx_word' id='word_1_356' title='bbox 1045 2771 1406 2842; x_wconf 81' lang='grc' dir='ltr'>προσκρούειν</span> <span class='ocrx_word' id='word_1_357' title='bbox 1438 2771 1624 2845; x_wconf 78' lang='grc' dir='ltr'>ἀγάπῃ</span> <span class='ocrx_word' id='word_1_358' title='bbox 1655 2774 1751 2829; x_wconf 73' lang='grc' dir='ltr'><strong>καὶ</strong></span> 
     </span>
    </p>
   </div>
   <div class='ocr_carea' id='block_1_47' title="bbox 182 2853 1749 2935">
    <p class='ocr_par' dir='ltr' id='par_1_47' title="bbox 182 2853 1749 2935">
     <span class='ocr_line' id='line_1_47' title="bbox 182 2853 1749 2935; baseline 0.007 -29"><span class='ocrx_word' id='word_1_359' title='bbox 182 2855 330 2923; x_wconf 75' lang='grc' dir='ltr'>νόμῳ</span> <span class='ocrx_word' id='word_1_360' title='bbox 356 2853 437 2924; x_wconf 83' lang='grc' dir='ltr'>τῷ</span> <span class='ocrx_word' id='word_1_361' title='bbox 470 2855 550 2918; x_wconf 85' lang='grc' dir='ltr'><strong>είς</strong></span> <span class='ocrx_word' id='word_1_362' title='bbox 586 2854 954 2925; x_wconf 81' lang='grc' dir='ltr'><strong>φιλαδελφίαν.</strong></span> <span class='ocrx_word' id='word_1_363' title='bbox 995 2858 1157 2923; x_wconf 72' lang='grc' dir='ltr'>Εἰκὸς</span> <span class='ocrx_word' id='word_1_364' title='bbox 1185 2859 1242 2914; x_wconf 78' lang='grc' dir='ltr'>δὲ</span> <span class='ocrx_word' id='word_1_365' title='bbox 1270 2859 1333 2932; x_wconf 90' lang='grc' dir='ltr'><strong>δή</strong></span> <span class='ocrx_word' id='word_1_366' title='bbox 1357 2879 1408 2915; x_wconf 89' lang='grc' dir='ltr'>τι</span> <span class='ocrx_word' id='word_1_367' title='bbox 1436 2863 1528 2915; x_wconf 75' lang='grc' dir='ltr'>καὶ</span> <span class='ocrx_word' id='word_1_368' title='bbox 1563 2862 1749 2935; x_wconf 73' lang='grc' dir='ltr'>ἕτερον</span> 
     </span>
    </p>
   </div>
   <div class='ocr_carea' id='block_1_48' title="bbox 181 2942 1751 3026">
    <p class='ocr_par' dir='ltr' id='par_1_48' title="bbox 181 2942 1751 3026">
     <span class='ocr_line' id='line_1_48' title="bbox 181 2942 1751 3026; baseline 0.008 -31"><span class='ocrx_word' id='word_1_369' title='bbox 181 2942 629 3010; x_wconf 78' lang='grc' dir='ltr'>ὖπαινίττεσθαι,</span> <span class='ocrx_word' id='word_1_370' title='bbox 680 2946 743 2998; x_wconf 84' lang='grc' dir='ltr'>τὸ</span> <span class='ocrx_word' id='word_1_371' title='bbox 794 2948 1213 3020; x_wconf 79' lang='grc' dir='ltr'>χρησμῴδημα·</span> <span class='ocrx_word' id='word_1_372' title='bbox 1254 2951 1303 3003; x_wconf 86' lang='grc' dir='ltr'><strong>εί</strong></span> <span class='ocrx_word' id='word_1_373' title='bbox 1350 2950 1462 3023; x_wconf 82' lang='grc' dir='ltr'>γὰρ</span> <span class='ocrx_word' id='word_1_374' title='bbox 1511 2955 1751 3026; x_wconf 84' lang='grc' dir='ltr'>τοσαύτη</span> 
     </span>
    </p>
   </div>
   <div class='ocr_carea' id='block_1_49' title="bbox 1848 1859 3422 1931">
    <p class='ocr_par' dir='ltr' id='par_1_49' title="bbox 1848 1859 3422 1931">
     <span class='ocr_line' id='line_1_49' title="bbox 1848 1859 3422 1931; baseline 0.001 -17"><span class='ocrx_word' id='word_1_375' title='bbox 1848 1874 1975 1914; x_wconf 88' lang='lat' dir='ltr'><strong>rans</strong></span> <span class='ocrx_word' id='word_1_376' title='bbox 2004 1860 2317 1931; x_wconf 76' lang='lat' dir='ltr'><strong>iumentum</strong></span> <span class='ocrx_word' id='word_1_377' title='bbox 2365 1868 2461 1931; x_wconf 82' lang='lat' dir='ltr'><strong>aut</strong></span> <span class='ocrx_word' id='word_1_378' title='bbox 2484 1859 2760 1931; x_wconf 87' lang='lat' dir='ltr'><strong>perditum</strong></span> <span class='ocrx_word' id='word_1_379' title='bbox 2789 1862 3174 1916; x_wconf 90' lang='lat' dir='ltr'><strong>vestimentum</strong></span> <span class='ocrx_word' id='word_1_380' title='bbox 3193 1902 3207 1926; x_wconf 90' lang='lat'><strong>,</strong></span> <span class='ocrx_word' id='word_1_381' title='bbox 3236 1877 3422 1917; x_wconf 85' lang='lat' dir='ltr'><strong>scrva-</strong></span> 
     </span>
    </p>
   </div>
   <div class='ocr_carea' id='block_1_50' title="bbox 1847 1949 3425 2023">
    <p class='ocr_par' dir='ltr' id='par_1_50' title="bbox 1847 1949 3425 2023">
     <span class='ocr_line' id='line_1_50' title="bbox 1847 1949 3425 2023; baseline 0.002 -18"><span class='ocrx_word' id='word_1_382' title='bbox 1847 1950 1933 2005; x_wconf 92' lang='lat' dir='ltr'><strong>bis</strong></span> <span class='ocrx_word' id='word_1_383' title='bbox 1955 1967 2022 2007; x_wconf 88' lang='lat' dir='ltr'><strong>ea</strong></span> <span class='ocrx_word' id='word_1_384' title='bbox 2043 1949 2198 2006; x_wconf 88' lang='lat' dir='ltr'><strong>fratri</strong></span> <span class='ocrx_word' id='word_1_385' title='bbox 2233 1959 2359 2017; x_wconf 87' lang='lat' dir='ltr'><strong>tuo;</strong></span> <span class='ocrx_word' id='word_1_386' title='bbox 2384 1950 2551 2005; x_wconf 90' lang='lat' dir='ltr'><strong>etiam</strong></span> <span class='ocrx_word' id='word_1_387' title='bbox 2586 1951 2632 2005; x_wconf 91' lang='lat' dir='ltr'><strong>si</strong></span> <span class='ocrx_word' id='word_1_388' title='bbox 2650 1952 2960 2023; x_wconf 87' lang='lat' dir='ltr'><strong>jumentum</strong></span> <span class='ocrx_word' id='word_1_389' title='bbox 2986 1953 3206 2023; x_wconf 88' lang='lat' dir='ltr'><strong>aliquod</strong></span> <span class='ocrx_word' id='word_1_390' title='bbox 3239 1954 3425 2023; x_wconf 65' lang='lat' dir='ltr'><strong>oneri:</strong></span> 
     </span>
    </p>
   </div>
   <div class='ocr_carea' id='block_1_51' title="bbox 1846 2040 3425 2110">
    <p class='ocr_par' dir='ltr' id='par_1_51' title="bbox 1846 2040 3425 2110">
     <span class='ocr_line' id='line_1_51' title="bbox 1846 2040 3425 2110; baseline 0.003 -13"><span class='ocrx_word' id='word_1_391' title='bbox 1846 2040 1952 2097; x_wconf 89' lang='lat' dir='ltr'><strong>bus</strong></span> <span class='ocrx_word' id='word_1_392' title='bbox 1990 2041 2232 2098; x_wconf 88' lang='lat' dir='ltr'><strong>ferendis</strong></span> <span class='ocrx_word' id='word_1_393' title='bbox 2272 2048 2552 2097; x_wconf 89' lang='lat' dir='ltr'><strong>assuetum</strong></span> <span class='ocrx_word' id='word_1_394' title='bbox 2583 2042 2638 2096; x_wconf 90' lang='lat' dir='ltr'><strong>in</strong></span> <span class='ocrx_word' id='word_1_395' title='bbox 2676 2049 2881 2096; x_wconf 87' lang='lat' dir='ltr'><strong>terram</strong></span> <span class='ocrx_word' id='word_1_396' title='bbox 2924 2043 3206 2110; x_wconf 88' lang='lat' dir='ltr'><strong>ceciderit,</strong></span> <span class='ocrx_word' id='word_1_397' title='bbox 3235 2054 3290 2099; x_wconf 91' lang='lat' dir='ltr'><strong>et</strong></span> <span class='ocrx_word' id='word_1_398' title='bbox 3322 2046 3425 2101; x_wconf 90' lang='lat' dir='ltr'><strong>sub</strong></span> 
     </span>
    </p>
   </div>
   <div class='ocr_carea' id='block_1_52' title="bbox 1847 2133 3427 2207">
    <p class='ocr_par' dir='ltr' id='par_1_52' title="bbox 1847 2133 3427 2207">
     <span class='ocr_line' id='line_1_52' title="bbox 1847 2133 3427 2207; baseline 0.003 -19"><span class='ocrx_word' id='word_1_399' title='bbox 1847 2133 1967 2204; x_wconf 90' lang='lat' dir='ltr'><strong>ipso</strong></span> <span class='ocrx_word' id='word_1_400' title='bbox 1991 2148 2159 2189; x_wconf 90' lang='lat' dir='ltr'><strong>onere</strong></span> <span class='ocrx_word' id='word_1_401' title='bbox 2201 2140 2538 2198; x_wconf 89' lang='lat' dir='ltr'><strong>conteratur,</strong></span> <span class='ocrx_word' id='word_1_402' title='bbox 2581 2133 2743 2189; x_wconf 90' lang='lat' dir='ltr'><strong>simul</strong></span> <span class='ocrx_word' id='word_1_403' title='bbox 2769 2133 3054 2205; x_wconf 88' lang='lat' dir='ltr'><strong>adjuvabis</strong></span> <span class='ocrx_word' id='word_1_404' title='bbox 3079 2143 3134 2189; x_wconf 89' lang='lat' dir='ltr'><strong>et</strong></span> <span class='ocrx_word' id='word_1_405' title='bbox 3157 2136 3336 2207; x_wconf 87' lang='lat' dir='ltr'><strong>eriges</strong></span> <span class='ocrx_word' id='word_1_406' title='bbox 3360 2137 3427 2192; x_wconf 80' lang='lat' dir='ltr'><strong>il-</strong></span> 
     </span>
    </p>
   </div>
   <div class='ocr_carea' id='block_1_53' title="bbox 1845 2222 3423 2296">
    <p class='ocr_par' dir='ltr' id='par_1_53' title="bbox 1845 2222 3423 2296">
     <span class='ocr_line' id='line_1_53' title="bbox 1845 2222 3423 2296; baseline 0.001 -17"><span class='ocrx_word' id='word_1_407' title='bbox 1845 2223 1963 2279; x_wconf 90' lang='lat' dir='ltr'><strong>lud.</strong></span> <span class='ocrx_word' id='word_1_408' title='bbox 1989 2222 2049 2278; x_wconf 91' lang='lat' dir='ltr'><strong>Id</strong></span> <span class='ocrx_word' id='word_1_409' title='bbox 2071 2238 2202 2278; x_wconf 91' lang='lat' dir='ltr'><strong>vero</strong></span> <span class='ocrx_word' id='word_1_410' title='bbox 2225 2222 2363 2276; x_wconf 87' lang='lat' dir='ltr'><strong>nihil</strong></span> <span class='ocrx_word' id='word_1_411' title='bbox 2387 2222 2536 2277; x_wconf 89' lang='lat' dir='ltr'><strong>aliud</strong></span> <span class='ocrx_word' id='word_1_412' title='bbox 2565 2230 2671 2289; x_wconf 89' lang='lat' dir='ltr'><strong>est,</strong></span> <span class='ocrx_word' id='word_1_413' title='bbox 2697 2239 2862 2294; x_wconf 90' lang='lat' dir='ltr'><strong>quam</strong></span> <span class='ocrx_word' id='word_1_414' title='bbox 2896 2224 3185 2280; x_wconf 89' lang='lat' dir='ltr'><strong>Dominum</strong></span> <span class='ocrx_word' id='word_1_415' title='bbox 3207 2226 3423 2296; x_wconf 87' lang='lat' dir='ltr'><strong>juvare.</strong></span> 
     </span>
    </p>
   </div>
   <div class='ocr_carea' id='block_1_54' title="bbox 1847 2312 3425 2380">
    <p class='ocr_par' dir='ltr' id='par_1_54' title="bbox 1847 2312 3425 2380">
     <span class='ocr_line' id='line_1_54' title="bbox 1847 2312 3425 2380; baseline 0.001 -11"><span class='ocrx_word' id='word_1_416' title='bbox 1847 2322 1904 2369; x_wconf 91' lang='lat' dir='ltr'><strong>et</strong></span> <span class='ocrx_word' id='word_1_417' title='bbox 1928 2314 1996 2369; x_wconf 91' lang='lat' dir='ltr'><strong>ad</strong></span> <span class='ocrx_word' id='word_1_418' title='bbox 2029 2312 2465 2369; x_wconf 88' lang='lat' dir='ltr'><strong>misericordiam</strong></span> <span class='ocrx_word' id='word_1_419' title='bbox 2504 2314 2853 2380; x_wconf 72' lang='lat' dir='ltr'><strong>exerceri,,et</strong></span> <span class='ocrx_word' id='word_1_420' title='bbox 2877 2315 2946 2370; x_wconf 90' lang='lat' dir='ltr'><strong>ad</strong></span> <span class='ocrx_word' id='word_1_421' title='bbox 2986 2316 3425 2374; x_wconf 86' lang='lat' dir='ltr'><strong>benevolentiam</strong></span> 
     </span>
    </p>
   </div>
   <div class='ocr_carea' id='block_1_55' title="bbox 1846 2403 3423 2476">
    <p class='ocr_par' dir='ltr' id='par_1_55' title="bbox 1846 2403 3423 2476">
     <span class='ocr_line' id='line_1_55' title="bbox 1846 2403 3423 2476; baseline 0.003 -17"><span class='ocrx_word' id='word_1_422' title='bbox 1846 2403 2080 2469; x_wconf 89' lang='lat' dir='ltr'><strong>institui,</strong></span> <span class='ocrx_word' id='word_1_423' title='bbox 2107 2404 2270 2474; x_wconf 71' lang='lat'><strong>270</strong></span> <span class='ocrx_word' id='word_1_424' title='bbox 2292 2412 2349 2460; x_wconf 91' lang='lat' dir='ltr'><strong>et</strong></span> <span class='ocrx_word' id='word_1_425' title='bbox 2377 2405 2645 2476; x_wconf 83' lang='lat' dir='ltr'><strong>repellere</strong></span> <span class='ocrx_word' id='word_1_426' title='bbox 2667 2406 2960 2462; x_wconf 83' lang='lat' dir='ltr'><strong>diuturnas</strong></span> <span class='ocrx_word' id='word_1_427' title='bbox 2994 2408 3344 2475; x_wconf 79' lang='lat' dir='ltr'><strong>offensiones,</strong></span> <span class='ocrx_word' id='word_1_428' title='bbox 3359 2416 3423 2467; x_wconf 80' lang='lat' dir='ltr'><strong>et</strong></span> 
     </span>
    </p>
   </div>
   <div class='ocr_carea' id='block_1_56' title="bbox 1846 2495 3422 2571">
    <p class='ocr_par' dir='ltr' id='par_1_56' title="bbox 1846 2495 3422 2571">
     <span class='ocr_line' id='line_1_56' title="bbox 1846 2495 3422 2571; baseline 0.002 -21"><span class='ocrx_word' id='word_1_429' title='bbox 1846 2496 2023 2551; x_wconf 85' lang='lat' dir='ltr'><strong>vitare</strong></span> <span class='ocrx_word' id='word_1_430' title='bbox 2045 2495 2294 2561; x_wconf 91' lang='lat' dir='ltr'><strong>dissidia,</strong></span> <span class='ocrx_word' id='word_1_431' title='bbox 2319 2512 2389 2552; x_wconf 91' lang='lat' dir='ltr'><strong>ne</strong></span> <span class='ocrx_word' id='word_1_432' title='bbox 2412 2497 2738 2555; x_wconf 87' lang='lat' dir='ltr'><strong>charitatem</strong></span> <span class='ocrx_word' id='word_1_433' title='bbox 2775 2504 2832 2552; x_wconf 87' lang='lat' dir='ltr'><strong>et</strong></span> <span class='ocrx_word' id='word_1_434' title='bbox 2868 2496 3227 2554; x_wconf 85' lang='lat' dir='ltr'><strong>fraternitatis</strong></span> <span class='ocrx_word' id='word_1_435' title='bbox 3248 2499 3422 2571; x_wconf 85' lang='lat' dir='ltr'><strong>legem</strong></span> 
     </span>
    </p>
   </div>
   <div class='ocr_carea' id='block_1_57' title="bbox 1846 2578 3483 2660">
    <p class='ocr_par' dir='ltr' id='par_1_57' title="bbox 1846 2578 3483 2660">
     <span class='ocr_line' id='line_1_57' title="bbox 1846 2578 3483 2660; baseline 0.002 -19"><span class='ocrx_word' id='word_1_436' title='bbox 1846 2586 2054 2641; x_wconf 88' lang='lat' dir='ltr'><strong>violare</strong></span> <span class='ocrx_word' id='word_1_437' title='bbox 2076 2586 2622 2642; x_wconf 78' lang='lat' dir='ltr'><strong>videamur.Videtur</strong></span> <span class='ocrx_word' id='word_1_438' title='bbox 2638 2596 2821 2643; x_wconf 91' lang='lat' dir='ltr'><strong>autem</strong></span> <span class='ocrx_word' id='word_1_439' title='bbox 2840 2589 2945 2644; x_wconf 92' lang='lat' dir='ltr'><strong>hoc</strong></span> <span class='ocrx_word' id='word_1_440' title='bbox 2960 2589 3145 2644; x_wconf 89' lang='lat' dir='ltr'><strong>divino</strong></span> <span class='ocrx_word' id='word_1_441' title='bbox 3161 2604 3426 2660; x_wconf 88' lang='lat' dir='ltr'><strong>responso</strong></span> <span class='ocrx_word' id='word_1_442' title='bbox 3464 2578 3483 2589; x_wconf 56' lang='grc'><em>“</em></span> 
     </span>
    </p>
   </div>
   <div class='ocr_carea' id='block_1_58' title="bbox 1847 2678 3426 2752">
    <p class='ocr_par' dir='ltr' id='par_1_58' title="bbox 1847 2678 3426 2752">
     <span class='ocr_line' id='line_1_58' title="bbox 1847 2678 3426 2752; baseline 0.003 -19"><span class='ocrx_word' id='word_1_443' title='bbox 1847 2679 2012 2734; x_wconf 89' lang='lat' dir='ltr'><strong>etiam</strong></span> <span class='ocrx_word' id='word_1_444' title='bbox 2044 2678 2194 2733; x_wconf 86' lang='lat' dir='ltr'><strong>aliud</strong></span> <span class='ocrx_word' id='word_1_445' title='bbox 2230 2678 2491 2749; x_wconf 86' lang='lat' dir='ltr'><strong>quiddam</strong></span> <span class='ocrx_word' id='word_1_446' title='bbox 2518 2679 2813 2752; x_wconf 84' lang='lat' dir='ltr'><strong>signiﬁcari</strong></span> <span class='ocrx_word' id='word_1_447' title='bbox 2852 2698 2865 2734; x_wconf 93' lang='lat'><strong>:</strong></span> <span class='ocrx_word' id='word_1_448' title='bbox 2894 2681 2940 2737; x_wconf 91' lang='lat' dir='ltr'><strong>si</strong></span> <span class='ocrx_word' id='word_1_449' title='bbox 2964 2681 3110 2735; x_wconf 89' lang='lat' dir='ltr'><strong>enim</strong></span> <span class='ocrx_word' id='word_1_450' title='bbox 3138 2689 3298 2736; x_wconf 58' lang='lat' dir='ltr'><strong>tanta;</strong></span> <span class='ocrx_word' id='word_1_451' title='bbox 3320 2681 3426 2739; x_wconf 89' lang='lat' dir='ltr'><strong>fuit</strong></span> 
     </span>
    </p>
   </div>
   <div class='ocr_carea' id='block_1_59' title="bbox 1849 2770 3423 2844">
    <p class='ocr_par' dir='ltr' id='par_1_59' title="bbox 1849 2770 3423 2844">
     <span class='ocr_line' id='line_1_59' title="bbox 1849 2770 3423 2844; baseline 0.002 -18"><span class='ocrx_word' id='word_1_452' title='bbox 1849 2786 1995 2827; x_wconf 71' lang='lat' dir='ltr'><strong>cura:</strong></span> <span class='ocrx_word' id='word_1_453' title='bbox 2019 2770 2339 2841; x_wconf 80' lang='lat' dir='ltr'><strong>legislatori,</strong></span> <span class='ocrx_word' id='word_1_454' title='bbox 2367 2779 2449 2837; x_wconf 90' lang='lat' dir='ltr'><strong>ut,</strong></span> <span class='ocrx_word' id='word_1_455' title='bbox 2474 2770 2519 2826; x_wconf 90' lang='lat' dir='ltr'><strong>si</strong></span> <span class='ocrx_word' id='word_1_456' title='bbox 2545 2772 2634 2827; x_wconf 92' lang='lat' dir='ltr'><strong>cui</strong></span> <span class='ocrx_word' id='word_1_457' title='bbox 2666 2774 2932 2829; x_wconf 87' lang='lat' dir='ltr'><strong>animanti</strong></span> <span class='ocrx_word' id='word_1_458' title='bbox 2965 2773 3193 2828; x_wconf 87' lang='lat' dir='ltr'><strong>rationis</strong></span> <span class='ocrx_word' id='word_1_459' title='bbox 3213 2775 3423 2844; x_wconf 76' lang='lat' dir='ltr'><strong>experti</strong></span> 
     </span>
    </p>
   </div>
   <div class='ocr_carea' id='block_1_60' title="bbox 1848 2857 3422 2927">
    <p class='ocr_par' dir='ltr' id='par_1_60' title="bbox 1848 2857 3422 2927">
     <span class='ocr_line' id='line_1_60' title="bbox 1848 2857 3422 2927; baseline 0.003 -16"><span class='ocrx_word' id='word_1_460' title='bbox 1848 2857 2117 2927; x_wconf 87' lang='lat' dir='ltr'><strong>ejusmodi</strong></span> <span class='ocrx_word' id='word_1_461' title='bbox 2154 2872 2315 2913; x_wconf 91' lang='lat' dir='ltr'><strong>casus</strong></span> <span class='ocrx_word' id='word_1_462' title='bbox 2356 2858 2666 2925; x_wconf 90' lang='lat' dir='ltr'><strong>accidisset,</strong></span> <span class='ocrx_word' id='word_1_463' title='bbox 2692 2876 2794 2916; x_wconf 89' lang='lat' dir='ltr'><strong>nos</strong></span> <span class='ocrx_word' id='word_1_464' title='bbox 2832 2860 3103 2917; x_wconf 89' lang='lat' dir='ltr'><strong>ferremus</strong></span> <span class='ocrx_word' id='word_1_465' title='bbox 3136 2863 3422 2926; x_wconf 82' lang='lat' dir='ltr'><strong>auxilium,</strong></span> 
     </span>
    </p>
   </div>
   <div class='ocr_carea' id='block_1_61' title="bbox 1849 2947 3430 3024">
    <p class='ocr_par' dir='ltr' id='par_1_61' title="bbox 1849 2947 3430 3024">
     <span class='ocr_line' id='line_1_61' title="bbox 1849 2947 3430 3024; baseline 0.005 -24"><span class='ocrx_word' id='word_1_466' title='bbox 1849 2947 2126 3017; x_wconf 87' lang='lat' dir='ltr'><strong>quomodo</strong></span> <span class='ocrx_word' id='word_1_467' title='bbox 2150 2963 2261 3003; x_wconf 90' lang='lat' dir='ltr'><strong>non</strong></span> <span class='ocrx_word' id='word_1_468' title='bbox 2285 2948 2460 3004; x_wconf 92' lang='lat' dir='ltr'><strong>multo</strong></span> <span class='ocrx_word' id='word_1_469' title='bbox 2480 2950 2653 3021; x_wconf 89' lang='lat' dir='ltr'><strong>magis</strong></span> <span class='ocrx_word' id='word_1_470' title='bbox 2674 2951 2752 3005; x_wconf 91' lang='lat' dir='ltr'><strong>illi</strong></span> <span class='ocrx_word' id='word_1_471' title='bbox 2782 2960 2997 3023; x_wconf 87' lang='lat' dir='ltr'><strong>gratum</strong></span> <span class='ocrx_word' id='word_1_472' title='bbox 3024 2952 3190 3008; x_wconf 87' lang='lat' dir='ltr'><strong>fuerit</strong></span> <span class='ocrx_word' id='word_1_473' title='bbox 3215 2954 3430 3024; x_wconf 88' lang='lat' dir='ltr'><strong>impen—</strong></span> 
     </span>
    </p>
   </div>
   <div class='ocr_carea' id='block_1_62' title="bbox 182 3034 1746 3111">
    <p class='ocr_par' dir='ltr' id='par_1_62' title="bbox 182 3034 1746 3109">
     <span class='ocr_line' id='line_1_62' title="bbox 182 3034 1746 3109; baseline 0.007 -22"><span class='ocrx_word' id='word_1_474' title='bbox 182 3034 371 3102; x_wconf 78' lang='grc' dir='ltr'>γέγονε</span> <span class='ocrx_word' id='word_1_475' title='bbox 396 3035 476 3103; x_wconf 85' lang='grc' dir='ltr'>τῷ</span> <span class='ocrx_word' id='word_1_476' title='bbox 500 3034 763 3108; x_wconf 83' lang='grc' dir='ltr'>νομοθέτῃ</span> <span class='ocrx_word' id='word_1_477' title='bbox 797 3038 1019 3109; x_wconf 77' lang='grc' dir='ltr'>φροντὶς</span> <span class='ocrx_word' id='word_1_478' title='bbox 1038 3078 1054 3102; x_wconf 89' lang='grc'><strong>,</strong></span> <span class='ocrx_word' id='word_1_479' title='bbox 1095 3039 1172 3104; x_wconf 84' lang='grc' dir='ltr'>ὡς</span> <span class='ocrx_word' id='word_1_480' title='bbox 1195 3042 1244 3095; x_wconf 82' lang='grc' dir='ltr'><strong>εί</strong></span> <span class='ocrx_word' id='word_1_481' title='bbox 1272 3042 1362 3096; x_wconf 88' lang='grc' dir='ltr'><strong>καί</strong></span> <span class='ocrx_word' id='word_1_482' title='bbox 1399 3060 1451 3095; x_wconf 88' lang='grc' dir='ltr'>τι</span> <span class='ocrx_word' id='word_1_483' title='bbox 1485 3042 1593 3097; x_wconf 83' lang='grc' dir='ltr'><strong>τῶν</strong></span> <span class='ocrx_word' id='word_1_484' title='bbox 1625 3044 1746 3098; x_wconf 82' lang='grc' dir='ltr'>ἀλό-</span> 
     </span>
    </p>
   </div>
   <div class='ocr_carea' id='block_1_63' title="bbox 1848 3034 3421 3111">
    <p class='ocr_par' dir='ltr' id='par_1_63' title="bbox 1850 3037 3421 3111">
     <span class='ocr_line' id='line_1_63' title="bbox 1850 3037 3421 3111; baseline 0.004 -21"><span class='ocrx_word' id='word_1_485' title='bbox 1850 3051 1970 3090; x_wconf 89' lang='lat' dir='ltr'><strong>sum</strong></span> <span class='ocrx_word' id='word_1_486' title='bbox 1997 3037 2050 3090; x_wconf 90' lang='lat' dir='ltr'><strong>in</strong></span> <span class='ocrx_word' id='word_1_487' title='bbox 2068 3037 2319 3093; x_wconf 88' lang='lat' dir='ltr'><strong>homines</strong></span> <span class='ocrx_word' id='word_1_488' title='bbox 2334 3038 2736 3093; x_wconf 86' lang='lat' dir='ltr'><strong>conservandos</strong></span> <span class='ocrx_word' id='word_1_489' title='bbox 2758 3039 3022 3105; x_wconf 91' lang='lat' dir='ltr'><strong>studium,</strong></span> <span class='ocrx_word' id='word_1_490' title='bbox 3047 3050 3102 3095; x_wconf 89' lang='lat' dir='ltr'><strong>et</strong></span> <span class='ocrx_word' id='word_1_491' title='bbox 3122 3041 3176 3095; x_wconf 90' lang='lat' dir='ltr'><strong>in</strong></span> <span class='ocrx_word' id='word_1_492' title='bbox 3194 3057 3289 3096; x_wconf 89' lang='lat' dir='ltr'><strong>eos</strong></span> <span class='ocrx_word' id='word_1_493' title='bbox 3329 3044 3421 3111; x_wconf 85' lang='lat' dir='ltr'><strong>qui</strong></span> 
     </span>
    </p>
   </div>
   <div class='ocr_carea' id='block_1_64' title="bbox 182 3126 1746 3206">
    <p class='ocr_par' dir='ltr' id='par_1_64' title="bbox 182 3126 1746 3206">
     <span class='ocr_line' id='line_1_64' title="bbox 182 3126 1746 3206; baseline 0.006 -26"><span class='ocrx_word' id='word_1_494' title='bbox 182 3144 290 3195; x_wconf 79' lang='grc' dir='ltr'>των</span> <span class='ocrx_word' id='word_1_495' title='bbox 314 3126 403 3197; x_wconf 86' lang='grc' dir='ltr'><strong>εῖη</strong></span> <span class='ocrx_word' id='word_1_496' title='bbox 441 3129 504 3181; x_wconf 79' lang='grc' dir='ltr'><strong>τὸ</strong></span> <span class='ocrx_word' id='word_1_497' title='bbox 529 3129 796 3194; x_wconf 80' lang='grc' dir='ltr'>πεπονθὸς</span> <span class='ocrx_word' id='word_1_498' title='bbox 817 3170 833 3195; x_wconf 91' lang='grc'><strong>,</strong></span> <span class='ocrx_word' id='word_1_499' title='bbox 860 3131 1073 3199; x_wconf 84' lang='grc' dir='ltr'>ὀρέγειν</span> <span class='ocrx_word' id='word_1_500' title='bbox 1100 3132 1245 3203; x_wconf 85' lang='grc' dir='ltr'>ήμᾶς</span> <span class='ocrx_word' id='word_1_501' title='bbox 1273 3132 1370 3205; x_wconf 82' lang='grc' dir='ltr'>τὴν</span> <span class='ocrx_word' id='word_1_502' title='bbox 1402 3135 1746 3206; x_wconf 78' lang='grc' dir='ltr'>ἐπικουρίαν,</span> 
     </span>
    </p>
   </div>
   <div class='ocr_carea' id='block_1_65' title="bbox 183 3218 1748 3297">
    <p class='ocr_par' dir='ltr' id='par_1_65' title="bbox 183 3218 1748 3297">
     <span class='ocr_line' id='line_1_65' title="bbox 183 3218 1748 3297; baseline 0.008 -28"><span class='ocrx_word' id='word_1_503' title='bbox 183 3220 297 3281; x_wconf 75' lang='grc' dir='ltr'><strong>πῶς</strong></span> <span class='ocrx_word' id='word_1_504' title='bbox 309 3219 415 3271; x_wconf 77' lang='grc' dir='ltr'><strong>οὐκ</strong></span> <span class='ocrx_word' id='word_1_505' title='bbox 432 3218 498 3273; x_wconf 82' lang='grc' dir='ltr'>ἂν</span> <span class='ocrx_word' id='word_1_506' title='bbox 524 3219 674 3291; x_wconf 82' lang='grc' dir='ltr'>αύτῷ</span> <span class='ocrx_word' id='word_1_507' title='bbox 698 3221 958 3291; x_wconf 77' lang='grc' dir='ltr'>μειζόνως</span> <span class='ocrx_word' id='word_1_508' title='bbox 977 3223 1225 3293; x_wconf 85' lang='grc' dir='ltr'>ἀρέσειεν</span> <span class='ocrx_word' id='word_1_509' title='bbox 1258 3225 1291 3294; x_wconf 84' lang='grc' dir='ltr'><strong>ἡ</strong></span> <span class='ocrx_word' id='word_1_510' title='bbox 1326 3226 1406 3289; x_wconf 89' lang='grc' dir='ltr'><strong>είς</strong></span> <span class='ocrx_word' id='word_1_511' title='bbox 1428 3225 1748 3297; x_wconf 81' lang='grc' dir='ltr'>ἀνθρώπους</span> 
     </span>
    </p>
   </div>
   <div class='ocr_carea' id='block_1_66' title="bbox 184 3305 1746 3387">
    <p class='ocr_par' dir='ltr' id='par_1_66' title="bbox 184 3305 1746 3387">
     <span class='ocr_line' id='line_1_66' title="bbox 184 3305 1746 3387; baseline 0.007 -29"><span class='ocrx_word' id='word_1_512' title='bbox 184 3305 366 3376; x_wconf 79' lang='grc' dir='ltr'>φειδὼ,</span> <span class='ocrx_word' id='word_1_513' title='bbox 392 3309 487 3361; x_wconf 72' lang='grc' dir='ltr'>καὶ</span> <span class='ocrx_word' id='word_1_514' title='bbox 514 3309 547 3378; x_wconf 86' lang='grc' dir='ltr'><strong>ή</strong></span> <span class='ocrx_word' id='word_1_515' title='bbox 569 3311 682 3373; x_wconf 84' lang='grc' dir='ltr'>τοῖς</span> <span class='ocrx_word' id='word_1_516' title='bbox 705 3310 1021 3381; x_wconf 78' lang='grc' dir='ltr'>όμογενέσιν</span> <span class='ocrx_word' id='word_1_517' title='bbox 1041 3312 1363 3385; x_wconf 80' lang='grc' dir='ltr'>ὀφειλομένη</span> <span class='ocrx_word' id='word_1_518' title='bbox 1390 3315 1746 3387; x_wconf 84' lang='grc' dir='ltr'>φιλαλληλία;</span> 
     </span>
    </p>
   </div>
   <div class='ocr_carea' id='block_1_67' title="bbox 179 3400 1749 3479">
    <p class='ocr_par' dir='ltr' id='par_1_67' title="bbox 179 3400 1749 3479">
     <span class='ocr_line' id='line_1_67' title="bbox 179 3400 1749 3479; baseline 0.006 -26"><span class='ocrx_word' id='word_1_519' title='bbox 179 3400 373 3454; x_wconf 73' lang='grc' dir='ltr'>οὐκοῦν</span> <span class='ocrx_word' id='word_1_520' title='bbox 403 3401 505 3455; x_wconf 69' lang='grc' dir='ltr'><strong>κᾶν</strong></span> <span class='ocrx_word' id='word_1_521' title='bbox 530 3404 579 3456; x_wconf 78' lang='grc' dir='ltr'>εἰ</span> <span class='ocrx_word' id='word_1_522' title='bbox 604 3402 798 3475; x_wconf 78' lang='grc' dir='ltr'>ἐχθρὸς</span> <span class='ocrx_word' id='word_1_523' title='bbox 823 3402 1073 3475; x_wconf 84' lang='grc' dir='ltr'>πλανῷτο</span> <span class='ocrx_word' id='word_1_524' title='bbox 1110 3406 1290 3477; x_wconf 80' lang='grc' dir='ltr'>τυχὸν.</span> <span class='ocrx_word' id='word_1_525' title='bbox 1315 3407 1631 3477; x_wconf 83' lang='grc' dir='ltr'>μανθανέτω</span> <span class='ocrx_word' id='word_1_526' title='bbox 1649 3407 1749 3479; x_wconf 83' lang='grc' dir='ltr'>τὴν</span> 
     </span>
    </p>
   </div>
   <div class='ocr_carea' id='block_1_68' title="bbox 180 3490 1744 3571">
    <p class='ocr_par' dir='ltr' id='par_1_68' title="bbox 180 3490 1744 3571">
     <span class='ocr_line' id='line_1_68' title="bbox 180 3490 1744 3571; baseline 0.009 -31"><span class='ocrx_word' id='word_1_527' title='bbox 180 3490 265 3541; x_wconf 72' lang='grc' dir='ltr'><strong>ἐπ’</strong></span> <span class='ocrx_word' id='word_1_528' title='bbox 291 3491 448 3555; x_wconf 75' lang='grc' dir='ltr'>εὐθὺ,</span> <span class='ocrx_word' id='word_1_529' title='bbox 470 3495 566 3547; x_wconf 84' lang='grc' dir='ltr'>καὶ</span> <span class='ocrx_word' id='word_1_530' title='bbox 588 3494 656 3548; x_wconf 86' lang='grc' dir='ltr'>δι’</span> <span class='ocrx_word' id='word_1_531' title='bbox 685 3494 845 3565; x_wconf 81' lang='grc' dir='ltr'>ήμῶν</span> <span class='ocrx_word' id='word_1_532' title='bbox 870 3497 1072 3550; x_wconf 82' lang='grc' dir='ltr'>νευέτω</span> <span class='ocrx_word' id='word_1_533' title='bbox 1102 3496 1177 3569; x_wconf 81' lang='grc'><strong>(1)</strong></span> <span class='ocrx_word' id='word_1_534' title='bbox 1207 3497 1343 3569; x_wconf 80' lang='grc' dir='ltr'>πρὸς</span> <span class='ocrx_word' id='word_1_535' title='bbox 1367 3498 1428 3551; x_wconf 82' lang='grc' dir='ltr'><strong>τὸ</strong></span> <span class='ocrx_word' id='word_1_536' title='bbox 1447 3500 1744 3571; x_wconf 81' lang='grc' dir='ltr'>συμφέρον.</span> 
     </span>
    </p>
   </div>
   <div class='ocr_carea' id='block_1_69' title="bbox 181 3578 1750 3662">
    <p class='ocr_par' dir='ltr' id='par_1_69' title="bbox 181 3578 1750 3662">
     <span class='ocr_line' id='line_1_69' title="bbox 181 3578 1750 3662; baseline 0.008 -30"><span class='ocrx_word' id='word_1_537' title='bbox 181 3578 336 3632; x_wconf 71' lang='grc' dir='ltr'>Οὕτω</span> <span class='ocrx_word' id='word_1_538' title='bbox 370 3582 465 3635; x_wconf 72' lang='grc' dir='ltr'><strong>καὶ</strong></span> <span class='ocrx_word' id='word_1_539' title='bbox 491 3585 522 3636; x_wconf 86' lang='grc' dir='ltr'><strong>ό</strong></span> <span class='ocrx_word' id='word_1_540' title='bbox 556 3584 824 3655; x_wconf 81' lang='grc' dir='ltr'>Χριστὸς,</span> <span class='ocrx_word' id='word_1_541' title='bbox 862 3583 1028 3651; x_wconf 86' lang='grc' dir='ltr'>λίθοις</span> <span class='ocrx_word' id='word_1_542' title='bbox 1060 3587 1158 3657; x_wconf 82' lang='grc' dir='ltr'>μὲν</span> <span class='ocrx_word' id='word_1_543' title='bbox 1182 3586 1434 3642; x_wconf 77' lang='grc' dir='ltr'>έσάλλετο</span> <span class='ocrx_word' id='word_1_544' title='bbox 1460 3590 1612 3662; x_wconf 81' lang='grc' dir='ltr'>παρὰ</span> <span class='ocrx_word' id='word_1_545' title='bbox 1640 3591 1750 3645; x_wconf 84' lang='grc' dir='ltr'><strong>τῶν</strong></span> 
     </span>
    </p>
   </div>
   <div class='ocr_carea' id='block_1_70' title="bbox 180 3670 1748 3754">
    <p class='ocr_par' dir='ltr' id='par_1_70' title="bbox 180 3670 1748 3754">
     <span class='ocr_line' id='line_1_70' title="bbox 180 3670 1748 3754; baseline 0.008 -30"><span class='ocrx_word' id='word_1_546' title='bbox 180 3670 238 3737; x_wconf 71' lang='grc' dir='ltr'>ἐξ</span> <span class='ocrx_word' id='word_1_547' title='bbox 269 3673 509 3744; x_wconf 80' lang='grc' dir='ltr'>Ἰσραὴλ,</span> <span class='ocrx_word' id='word_1_548' title='bbox 535 3675 800 3745; x_wconf 81' lang='grc' dir='ltr'>έπεφώνει</span> <span class='ocrx_word' id='word_1_549' title='bbox 828 3677 887 3733; x_wconf 74' lang='grc' dir='ltr'>δὲ</span> <span class='ocrx_word' id='word_1_550' title='bbox 911 3679 1061 3749; x_wconf 73' lang='grc' dir='ltr'>ὅμως</span> <span class='ocrx_word' id='word_1_551' title='bbox 1080 3695 1094 3711; x_wconf 75' lang='grc'><strong><em>⁸</em></strong></span> <span class='ocrx_word' id='word_1_552' title='bbox 1125 3698 1145 3732; x_wconf 80' lang='grc' dir='ltr'>ι</span> <span class='ocrx_word' id='word_1_553' title='bbox 1176 3681 1317 3746; x_wconf 85' lang='grc' dir='ltr'>Ἕως</span> <span class='ocrx_word' id='word_1_554' title='bbox 1343 3682 1406 3735; x_wconf 81' lang='grc' dir='ltr'>τὸ</span> <span class='ocrx_word' id='word_1_555' title='bbox 1426 3682 1542 3751; x_wconf 84' lang='grc' dir='ltr'>φῶς</span> <span class='ocrx_word' id='word_1_556' title='bbox 1574 3682 1748 3754; x_wconf 76' lang='grc' dir='ltr'>ἔχετε,</span> 
     </span>
    </p>
   </div>
   <div class='ocr_carea' id='block_1_71' title="bbox 190 3766 1747 3844">
    <p class='ocr_par' dir='ltr' id='par_1_71' title="bbox 190 3766 1747 3844">
     <span class='ocr_line' id='line_1_71' title="bbox 190 3766 1747 3844; baseline 0.009 -29"><span class='ocrx_word' id='word_1_557' title='bbox 190 3767 548 3832; x_wconf 78' lang='grc' dir='ltr'>περιπατεῖτε</span> <span class='ocrx_word' id='word_1_558' title='bbox 580 3767 639 3819; x_wconf 77' lang='grc' dir='ltr'>ἐν</span> <span class='ocrx_word' id='word_1_559' title='bbox 671 3766 753 3838; x_wconf 81' lang='grc' dir='ltr'>τῷ</span> <span class='ocrx_word' id='word_1_560' title='bbox 782 3769 940 3837; x_wconf 74' lang='grc' dir='ltr'>φωτὶ,</span> <span class='ocrx_word' id='word_1_561' title='bbox 971 3770 1057 3823; x_wconf 86' lang='grc' dir='ltr'><strong>ῖνα</strong></span> <span class='ocrx_word' id='word_1_562' title='bbox 1090 3771 1164 3843; x_wconf 87' lang='grc' dir='ltr'>μὴ</span> <span class='ocrx_word' id='word_1_563' title='bbox 1199 3772 1385 3826; x_wconf 87' lang='grc' dir='ltr'>σκοτία</span> <span class='ocrx_word' id='word_1_564' title='bbox 1410 3773 1556 3844; x_wconf 83' lang='grc' dir='ltr'>ὑμᾶς</span> <span class='ocrx_word' id='word_1_565' title='bbox 1577 3791 1747 3830; x_wconf 86' lang='grc' dir='ltr'>κατα-</span> 
     </span>
    </p>
   </div>
   <div class='ocr_carea' id='block_1_72' title="bbox 181 3853 1753 3933">
    <p class='ocr_par' dir='ltr' id='par_1_72' title="bbox 181 3853 1753 3933">
     <span class='ocr_line' id='line_1_72' title="bbox 181 3853 1753 3933; baseline 0.008 -24"><span class='ocrx_word' id='word_1_566' title='bbox 181 3853 338 3926; x_wconf 72' lang='grc' dir='ltr'><strong>λάὗῃ.</strong></span> <span class='ocrx_word' id='word_1_567' title='bbox 364 3874 385 3906; x_wconf 74' lang='grc' dir='ltr'><strong>ι</strong></span> <span class='ocrx_word' id='word_1_568' title='bbox 411 3857 524 3910; x_wconf 79' lang='grc' dir='ltr'><strong>Καὶ</strong></span> <span class='ocrx_word' id='word_1_569' title='bbox 538 3858 587 3910; x_wconf 87' lang='grc' dir='ltr'><strong>εί</strong></span> <span class='ocrx_word' id='word_1_570' title='bbox 604 3858 752 3930; x_wconf 84' lang='grc' dir='ltr'>πόνῳ</span> <span class='ocrx_word' id='word_1_571' title='bbox 773 3876 858 3923; x_wconf 89' lang='grc' dir='ltr'><strong>τις</strong></span> <span class='ocrx_word' id='word_1_572' title='bbox 878 3862 972 3914; x_wconf 59' lang='grc' dir='ltr'><strong>καὶ⁵</strong></span> <span class='ocrx_word' id='word_1_573' title='bbox 997 3865 1322 3933; x_wconf 75' lang='grc' dir='ltr'>πειρασμοῖς</span> <span class='ocrx_word' id='word_1_574' title='bbox 1336 3863 1630 3920; x_wconf 71' lang='grc' dir='ltr'>ἐνθλίόοιτο</span> <span class='ocrx_word' id='word_1_575' title='bbox 1642 3866 1753 3921; x_wconf 84' lang='grc' dir='ltr'><strong>τῶν</strong></span> 
     </span>
    </p>
   </div>
   <div class='ocr_carea' id='block_1_73' title="bbox 183 3946 1748 4028">
    <p class='ocr_par' dir='ltr' id='par_1_73' title="bbox 183 3946 1748 4028">
     <span class='ocr_line' id='line_1_73' title="bbox 183 3946 1748 4028; baseline 0.009 -32"><span class='ocrx_word' id='word_1_576' title='bbox 183 3946 722 4017; x_wconf 73' lang='grc' dir='ltr'>προσκεκρουκότων,</span> <span class='ocrx_word' id='word_1_577' title='bbox 753 3951 848 4003; x_wconf 59' lang='grc' dir='ltr'><strong>καῖ⁵</strong></span> <span class='ocrx_word' id='word_1_578' title='bbox 864 3951 1142 4016; x_wconf 83' lang='grc' dir='ltr'>οίονείπως</span> <span class='ocrx_word' id='word_1_579' title='bbox 1169 3954 1248 4016; x_wconf 75' lang='grc' dir='ltr'>εἰς</span> <span class='ocrx_word' id='word_1_580' title='bbox 1268 3954 1371 4025; x_wconf 82' lang='grc' dir='ltr'>γῆν</span> <span class='ocrx_word' id='word_1_581' title='bbox 1395 3955 1748 4028; x_wconf 72' lang='grc' dir='ltr'>ἐρριμμένος,</span> 
     </span>
    </p>
   </div>
   <div class='ocr_carea' id='block_1_74' title="bbox 182 4036 1755 4120">
    <p class='ocr_par' dir='ltr' id='par_1_74' title="bbox 182 4036 1755 4120">
     <span class='ocr_line' id='line_1_74' title="bbox 182 4036 1755 4120; baseline 0.01 -31"><span class='ocrx_word' id='word_1_582' title='bbox 182 4036 443 4105; x_wconf 71' lang='grc' dir='ltr'>ἀφύκτοις</span> <span class='ocrx_word' id='word_1_583' title='bbox 457 4040 723 4109; x_wconf 74' lang='grc' dir='ltr'>ἀνάγκαις</span> <span class='ocrx_word' id='word_1_584' title='bbox 739 4042 1139 4109; x_wconf 72' lang='grc' dir='ltr'>καταπιέξοιτο,</span> <span class='ocrx_word' id='word_1_585' title='bbox 1156 4046 1339 4116; x_wconf 79' lang='grc' dir='ltr'>φησὶν,</span> <span class='ocrx_word' id='word_1_586' title='bbox 1357 4047 1755 4120; x_wconf 66' lang='grc' dir='ltr'>δπικουρείσθω</span> 
     </span>
    </p>
   </div>
   <div class='ocr_carea' id='block_1_75' title="bbox 183 4131 1750 4213">
    <p class='ocr_par' dir='ltr' id='par_1_75' title="bbox 183 4131 1750 4213">
     <span class='ocr_line' id='line_1_75' title="bbox 183 4131 1750 4213; baseline 0.011 -34"><span class='ocrx_word' id='word_1_587' title='bbox 183 4131 314 4199; x_wconf 75' lang='grc' dir='ltr'>πρὸς</span> <span class='ocrx_word' id='word_1_588' title='bbox 338 4131 521 4202; x_wconf 82' lang='grc' dir='ltr'>ήμῶν,</span> <span class='ocrx_word' id='word_1_589' title='bbox 535 4135 624 4187; x_wconf 73' lang='grc' dir='ltr'>καὶ</span> <span class='ocrx_word' id='word_1_590' title='bbox 636 4135 776 4188; x_wconf 67' lang='grc' dir='ltr'>ἐστω</span> <span class='ocrx_word' id='word_1_591' title='bbox 790 4134 964 4208; x_wconf 82' lang='grc' dir='ltr'>λύπης</span> <span class='ocrx_word' id='word_1_592' title='bbox 986 4137 1281 4207; x_wconf 87' lang='grc' dir='ltr'>ἀμείνων,ό</span> <span class='ocrx_word' id='word_1_593' title='bbox 1296 4139 1549 4213; x_wconf 78' lang='grc' dir='ltr'>διάφορος</span> <span class='ocrx_word' id='word_1_594' title='bbox 1574 4141 1750 4212; x_wconf 72' lang='grc' dir='ltr'><strong>(2).Ἣ</strong></span> 
     </span>
    </p>
   </div>
   <div class='ocr_carea' id='block_1_76' title="bbox 180 4223 1746 4305">
    <p class='ocr_par' dir='ltr' id='par_1_76' title="bbox 180 4223 1746 4305">
     <span class='ocr_line' id='line_1_76' title="bbox 180 4223 1746 4305; baseline 0.008 -30"><span class='ocrx_word' id='word_1_595' title='bbox 180 4223 296 4293; x_wconf 74' lang='grc' dir='ltr'>οὐχὶ</span> <span class='ocrx_word' id='word_1_596' title='bbox 315 4224 384 4295; x_wconf 71' lang='grc' dir='ltr'>δὴ</span> <span class='ocrx_word' id='word_1_597' title='bbox 405 4225 565 4279; x_wconf 77' lang='grc' dir='ltr'>τοῦτό</span> <span class='ocrx_word' id='word_1_598' title='bbox 597 4226 766 4294; x_wconf 78' lang='grc' dir='ltr'>ἐστιν,</span> <span class='ocrx_word' id='word_1_599' title='bbox 797 4246 817 4280; x_wconf 80' lang='grc' dir='ltr'>ι</span> <span class='ocrx_word' id='word_1_600' title='bbox 842 4225 916 4283; x_wconf 81' lang='grc' dir='ltr'>Βῦ</span> <span class='ocrx_word' id='word_1_601' title='bbox 947 4231 1148 4283; x_wconf 83' lang='grc' dir='ltr'>ποιεῖτε</span> <span class='ocrx_word' id='word_1_602' title='bbox 1171 4231 1297 4294; x_wconf 83' lang='grc' dir='ltr'>τοὺς</span> <span class='ocrx_word' id='word_1_603' title='bbox 1320 4231 1546 4304; x_wconf 74' lang='grc' dir='ltr'>ἐχθροὺς</span> <span class='ocrx_word' id='word_1_604' title='bbox 1573 4234 1746 4305; x_wconf 83' lang='grc' dir='ltr'>ὑμῶν,</span> 
     </span>
    </p>
   </div>
   <div class='ocr_carea' id='block_1_77' title="bbox 180 4314 1690 4396">
    <p class='ocr_par' dir='ltr' id='par_1_77' title="bbox 180 4314 1690 4396">
     <span class='ocr_line' id='line_1_77' title="bbox 180 4314 1690 4396; baseline 0.008 -30"><span class='ocrx_word' id='word_1_605' title='bbox 180 4314 272 4366; x_wconf 67' lang='grc' dir='ltr'>καὶ</span> <span class='ocrx_word' id='word_1_606' title='bbox 302 4315 672 4387; x_wconf 86' lang='grc' dir='ltr'>προσεύχεσθε</span> <span class='ocrx_word' id='word_1_607' title='bbox 705 4318 845 4389; x_wconf 68' lang='grc' dir='ltr'>ὑπὲρ</span> <span class='ocrx_word' id='word_1_608' title='bbox 863 4320 970 4373; x_wconf 84' lang='grc' dir='ltr'><strong>τῶν</strong></span> <span class='ocrx_word' id='word_1_609' title='bbox 996 4320 1409 4391; x_wconf 68' lang='grc' dir='ltr'>ἐπηρεαζόντων</span> <span class='ocrx_word' id='word_1_610' title='bbox 1433 4324 1575 4396; x_wconf 79' lang='grc' dir='ltr'>ὑμᾶς</span> <span class='ocrx_word' id='word_1_611' title='bbox 1604 4342 1619 4392; x_wconf 88' lang='grc'><strong>;</strong></span> <span class='ocrx_word' id='word_1_612' title='bbox 1669 4345 1690 4378; x_wconf 73' lang='grc' dir='ltr'><strong>ι</strong></span> 
     </span>
    </p>
   </div>
   <div class='ocr_carea' id='block_1_78' title="bbox 246 4405 921 4479">
    <p class='ocr_par' dir='ltr' id='par_1_78' title="bbox 246 4405 921 4479">
     <span class='ocr_line' id='line_1_78' title="bbox 246 4405 921 4479; baseline 0.009 -22"><span class='ocrx_word' id='word_1_613' title='bbox 246 4405 456 4459; x_wconf 77' lang='grc' dir='ltr'><strong>ΠΔΛΛ.</strong></span> <span class='ocrx_word' id='word_1_614' title='bbox 500 4407 732 4478; x_wconf 83' lang='grc' dir='ltr'>’Δριστα</span> <span class='ocrx_word' id='word_1_615' title='bbox 768 4408 921 4479; x_wconf 74' lang='grc' dir='ltr'>ἔφης.</span> 
     </span>
    </p>
   </div>
   <div class='ocr_carea' id='block_1_79' title="bbox 244 4495 1746 4575">
    <p class='ocr_par' dir='ltr' id='par_1_79' title="bbox 244 4495 1746 4575">
     <span class='ocr_line' id='line_1_79' title="bbox 244 4495 1746 4575; baseline 0.007 -27"><span class='ocrx_word' id='word_1_616' title='bbox 244 4496 418 4549; x_wconf 75' lang='grc' dir='ltr'><strong>ΚΥΡ.</strong></span> <span class='ocrx_word' id='word_1_617' title='bbox 445 4496 804 4568; x_wconf 82' lang='grc' dir='ltr'>’Δγιοπρεπὲς</span> <span class='ocrx_word' id='word_1_618' title='bbox 830 4495 923 4553; x_wconf 84' lang='grc' dir='ltr'><strong>οὖν</strong></span> <span class='ocrx_word' id='word_1_619' title='bbox 947 4499 1074 4572; x_wconf 72' lang='grc' dir='ltr'>ἄρα,</span> <span class='ocrx_word' id='word_1_620' title='bbox 1098 4501 1160 4556; x_wconf 80' lang='grc' dir='ltr'>τὸ</span> <span class='ocrx_word' id='word_1_621' title='bbox 1181 4505 1296 4567; x_wconf 85' lang='grc' dir='ltr'>τοῖς</span> <span class='ocrx_word' id='word_1_622' title='bbox 1326 4502 1594 4575; x_wconf 83' lang='grc' dir='ltr'>κάμνουσι</span> <span class='ocrx_word' id='word_1_623' title='bbox 1620 4520 1746 4557; x_wconf 87' lang='grc' dir='ltr'>συν-</span> 
     </span>
    </p>
   </div>
   <div class='ocr_carea' id='block_1_80' title="bbox 175 4587 1747 4666">
    <p class='ocr_par' dir='ltr' id='par_1_80' title="bbox 175 4587 1747 4666">
     <span class='ocr_line' id='line_1_80' title="bbox 175 4587 1747 4666; baseline 0.005 -26"><span class='ocrx_word' id='word_1_624' title='bbox 175 4587 364 4654; x_wconf 80' lang='grc' dir='ltr'>αλγεῖν</span> <span class='ocrx_word' id='word_1_625' title='bbox 387 4627 404 4653; x_wconf 91' lang='grc'><strong>,</strong></span> <span class='ocrx_word' id='word_1_626' title='bbox 445 4588 541 4641; x_wconf 75' lang='grc' dir='ltr'>καὶ</span> <span class='ocrx_word' id='word_1_627' title='bbox 570 4589 689 4660; x_wconf 75' lang='grc' dir='ltr'>οὐχὶ</span> <span class='ocrx_word' id='word_1_628' title='bbox 731 4590 795 4662; x_wconf 79' lang='grc' dir='ltr'>δὴ</span> <span class='ocrx_word' id='word_1_629' title='bbox 832 4591 1029 4663; x_wconf 78' lang='grc' dir='ltr'>μᾶλλον</span> <span class='ocrx_word' id='word_1_630' title='bbox 1063 4592 1134 4647; x_wconf 82' lang='grc' dir='ltr'>τὰ</span> <span class='ocrx_word' id='word_1_631' title='bbox 1168 4594 1254 4663; x_wconf 72' lang='grc' dir='ltr'><strong>ἐφ’</strong></span> <span class='ocrx_word' id='word_1_632' title='bbox 1297 4588 1381 4659; x_wconf 72' lang='grc' dir='ltr'>οἷς</span> <span class='ocrx_word' id='word_1_633' title='bbox 1415 4590 1484 4666; x_wconf 80' lang='grc' dir='ltr'>ἦν</span> <span class='ocrx_word' id='word_1_634' title='bbox 1521 4596 1747 4665; x_wconf 75' lang='grc' dir='ltr'>ἄμεινον</span> 
     </span>
    </p>
   </div>
   <div class='ocr_carea' id='block_1_81' title="bbox 175 4678 1745 4755">
    <p class='ocr_par' dir='ltr' id='par_1_81' title="bbox 175 4678 1745 4755">
     <span class='ocr_line' id='line_1_81' title="bbox 175 4678 1745 4755; baseline 0.006 -25"><span class='ocrx_word' id='word_1_635' title='bbox 175 4678 615 4749; x_wconf 73' lang='grc' dir='ltr'>ἐποικτείρεσθαι</span> <span class='ocrx_word' id='word_1_636' title='bbox 665 4680 812 4747; x_wconf 87' lang='grc' dir='ltr'>δεῖν,</span> <span class='ocrx_word' id='word_1_637' title='bbox 870 4681 1180 4749; x_wconf 83' lang='grc' dir='ltr'>πλεονεξίας</span> <span class='ocrx_word' id='word_1_638' title='bbox 1240 4684 1340 4755; x_wconf 85' lang='grc' dir='ltr'>τῆς</span> <span class='ocrx_word' id='word_1_639' title='bbox 1389 4687 1510 4739; x_wconf 79' lang='grc' dir='ltr'>κατ’</span> <span class='ocrx_word' id='word_1_640' title='bbox 1563 4685 1745 4739; x_wconf 85' lang='grc' dir='ltr'>αὐτῶν</span> 
     </span>
    </p>
   </div>
   <div class='ocr_carea' id='block_1_82' title="bbox 173 4769 1746 4848">
    <p class='ocr_par' dir='ltr' id='par_1_82' title="bbox 173 4769 1746 4848">
     <span class='ocr_line' id='line_1_82' title="bbox 173 4769 1746 4848; baseline 0.008 -28"><span class='ocrx_word' id='word_1_641' title='bbox 173 4769 451 4824; x_wconf 75' lang='grc' dir='ltr'>ποιεῖσθαι</span> <span class='ocrx_word' id='word_1_642' title='bbox 497 4771 788 4842; x_wconf 76' lang='grc' dir='ltr'>πρόφασιν,</span> <span class='ocrx_word' id='word_1_643' title='bbox 828 4772 1269 4845; x_wconf 79' lang='grc' dir='ltr'>ὲπιθρώσκοντάς</span> <span class='ocrx_word' id='word_1_644' title='bbox 1308 4793 1370 4829; x_wconf 85' lang='grc' dir='ltr'><strong>τε</strong></span> <span class='ocrx_word' id='word_1_645' title='bbox 1409 4777 1503 4830; x_wconf 79' lang='grc' dir='ltr'>καὶ</span> <span class='ocrx_word' id='word_1_646' title='bbox 1541 4777 1746 4848; x_wconf 78' lang='grc' dir='ltr'>ὲπιμηο</span> 
     </span>
    </p>
   </div>
   <div class='ocr_carea' id='block_1_83' title="bbox 170 4861 1744 4935">
    <p class='ocr_par' dir='ltr' id='par_1_83' title="bbox 170 4861 1744 4935">
     <span class='ocr_line' id='line_1_83' title="bbox 170 4861 1744 4935; baseline 0.006 -22"><span class='ocrx_word' id='word_1_647' title='bbox 170 4861 408 4925; x_wconf 77' lang='grc' dir='ltr'>νιῶντας</span> <span class='ocrx_word' id='word_1_648' title='bbox 435 4861 519 4915; x_wconf 72' lang='grc' dir='ltr'>ἔτι</span> <span class='ocrx_word' id='word_1_649' title='bbox 539 4866 650 4927; x_wconf 78' lang='grc' dir='ltr'>τοῖς</span> <span class='ocrx_word' id='word_1_650' title='bbox 682 4863 1052 4935; x_wconf 73' lang='grc' dir='ltr'>ἠδικημένοις.</span> <span class='ocrx_word' id='word_1_651' title='bbox 1078 4865 1196 4920; x_wconf 82' lang='grc' dir='ltr'>Κᾶν</span> <span class='ocrx_word' id='word_1_652' title='bbox 1230 4868 1276 4921; x_wconf 83' lang='grc' dir='ltr'><strong>εί</strong></span> <span class='ocrx_word' id='word_1_653' title='bbox 1301 4865 1517 4921; x_wconf 87' lang='grc' dir='ltr'>δύναιτό</span> <span class='ocrx_word' id='word_1_654' title='bbox 1539 4884 1624 4932; x_wconf 87' lang='grc' dir='ltr'><strong>τις</strong></span> <span class='ocrx_word' id='word_1_655' title='bbox 1647 4868 1744 4921; x_wconf 87' lang='grc' dir='ltr'>λα-</span> 
     </span>
    </p>
   </div>
   <div class='ocr_carea' id='block_1_84' title="bbox 171 4951 1749 5028">
    <p class='ocr_par' dir='ltr' id='par_1_84' title="bbox 171 4951 1749 5028">
     <span class='ocr_line' id='line_1_84' title="bbox 171 4951 1749 5028; baseline 0.006 -26"><span class='ocrx_word' id='word_1_656' title='bbox 171 4951 398 5021; x_wconf 81' lang='grc' dir='ltr'>θραίους</span> <span class='ocrx_word' id='word_1_657' title='bbox 423 4953 707 5007; x_wconf 82' lang='grc' dir='ltr'>ἀποτελεῖν</span> <span class='ocrx_word' id='word_1_658' title='bbox 730 4956 831 5026; x_wconf 87' lang='grc' dir='ltr'>τῆς</span> <span class='ocrx_word' id='word_1_659' title='bbox 861 4955 1151 5028; x_wconf 66' lang='grc' dir='ltr'>ἐπιϐουλῆς</span> <span class='ocrx_word' id='word_1_660' title='bbox 1183 4958 1317 5022; x_wconf 79' lang='grc' dir='ltr'>τοὺς</span> <span class='ocrx_word' id='word_1_661' title='bbox 1339 4957 1592 5027; x_wconf 88' lang='grc' dir='ltr'>τρόπους,</span> <span class='ocrx_word' id='word_1_662' title='bbox 1618 4959 1749 5012; x_wconf 91' lang='grc' dir='ltr'>ἀπο-</span> 
     </span>
    </p>
   </div>
   <div class='ocr_carea' id='block_1_85' title="bbox 170 5041 1740 5119">
    <p class='ocr_par' dir='ltr' id='par_1_85' title="bbox 170 5041 1740 5119">
     <span class='ocr_line' id='line_1_85' title="bbox 170 5041 1740 5119; baseline 0.006 -26"><span class='ocrx_word' id='word_1_663' title='bbox 170 5042 396 5111; x_wconf 80' lang='grc' dir='ltr'>σχέσθαι</span> <span class='ocrx_word' id='word_1_664' title='bbox 421 5044 532 5097; x_wconf 81' lang='grc' dir='ltr'>δεῖν</span> <span class='ocrx_word' id='word_1_665' title='bbox 562 5044 593 5097; x_wconf 81' lang='grc' dir='ltr'><strong>δ</strong></span> <span class='ocrx_word' id='word_1_666' title='bbox 615 5045 780 5115; x_wconf 87' lang='grc' dir='ltr'>νόμος</span> <span class='ocrx_word' id='word_1_667' title='bbox 816 5041 876 5100; x_wconf 80' lang='grc' dir='ltr'><strong>εὖ</strong></span> <span class='ocrx_word' id='word_1_668' title='bbox 920 5047 1065 5119; x_wconf 80' lang='grc' dir='ltr'>μάλα</span> <span class='ocrx_word' id='word_1_669' title='bbox 1088 5047 1223 5119; x_wconf 78' lang='grc' dir='ltr'>φησὶ</span> <span class='ocrx_word' id='word_1_670' title='bbox 1261 5048 1356 5101; x_wconf 66' lang='grc' dir='ltr'><strong>καὶ¹</strong></span> <span class='ocrx_word' id='word_1_671' title='bbox 1385 5047 1494 5101; x_wconf 83' lang='grc' dir='ltr'>τῶν</span> <span class='ocrx_word' id='word_1_672' title='bbox 1515 5048 1608 5101; x_wconf 74' lang='grc' dir='ltr'><strong>ἐπὶ</strong></span> <span class='ocrx_word' id='word_1_673' title='bbox 1636 5047 1740 5119; x_wconf 71' lang='grc' dir='ltr'><strong>τῷσ-</strong></span> 
     </span>
    </p>
   </div>
   <div class='ocr_carea' id='block_1_86' title="bbox 170 5132 1744 5208">
    <p class='ocr_par' dir='ltr' id='par_1_86' title="bbox 170 5132 1744 5208">
     <span class='ocr_line' id='line_1_86' title="bbox 170 5132 1744 5208; baseline 0.003 -23"><span class='ocrx_word' id='word_1_674' title='bbox 170 5132 223 5185; x_wconf 77' lang='grc' dir='ltr'><strong>δε</strong></span> <span class='ocrx_word' id='word_1_675' title='bbox 241 5134 746 5206; x_wconf 62' lang='grc' dir='ltr'>κακουργημάτων</span> <span class='ocrx_word' id='word_1_676' title='bbox 769 5136 872 5208; x_wconf 71' lang='grc' dir='ltr'>ἔφη</span> <span class='ocrx_word' id='word_1_677' title='bbox 893 5137 1002 5208; x_wconf 81' lang='grc' dir='ltr'>γὰρ</span> <span class='ocrx_word' id='word_1_678' title='bbox 1029 5136 1193 5191; x_wconf 78' lang='grc' dir='ltr'>πάλιν</span> <span class='ocrx_word' id='word_1_679' title='bbox 1211 5153 1223 5166; x_wconf 76' lang='grc'><strong>⁸</strong></span> <span class='ocrx_word' id='word_1_680' title='bbox 1254 5156 1271 5189; x_wconf 82' lang='grc' dir='ltr'>ι</span> <span class='ocrx_word' id='word_1_681' title='bbox 1298 5137 1373 5191; x_wconf 84' lang='grc' dir='ltr'><strong>Οὐ</strong></span> <span class='ocrx_word' id='word_1_682' title='bbox 1391 5135 1575 5201; x_wconf 86' lang='grc' dir='ltr'>κακῶς</span> <span class='ocrx_word' id='word_1_683' title='bbox 1597 5138 1744 5208; x_wconf 73' lang='grc' dir='ltr'>ἐρεῖς</span> 
     </span>
    </p>
   </div>
   <div class='ocr_carea' id='block_1_87' title="bbox 173 5224 1740 5299">
    <p class='ocr_par' dir='ltr' id='par_1_87' title="bbox 173 5224 1740 5299">
     <span class='ocr_line' id='line_1_87' title="bbox 173 5224 1740 5299; baseline 0.001 -22"><span class='ocrx_word' id='word_1_684' title='bbox 173 5224 374 5292; x_wconf 70' lang='grc' dir='ltr'>κωφὸν,</span> <span class='ocrx_word' id='word_1_685' title='bbox 415 5226 510 5278; x_wconf 79' lang='grc' dir='ltr'>καὶ</span> <span class='ocrx_word' id='word_1_686' title='bbox 537 5226 798 5280; x_wconf 84' lang='grc' dir='ltr'>ἀπέναντι</span> <span class='ocrx_word' id='word_1_687' title='bbox 841 5226 1044 5296; x_wconf 84' lang='grc' dir='ltr'>τυφλοῦ</span> <span class='ocrx_word' id='word_1_688' title='bbox 1072 5228 1132 5280; x_wconf 87' lang='grc' dir='ltr'><strong>ού</strong></span> <span class='ocrx_word' id='word_1_689' title='bbox 1162 5226 1489 5299; x_wconf 83' lang='grc' dir='ltr'>προσθήσεις</span> <span class='ocrx_word' id='word_1_690' title='bbox 1511 5227 1740 5280; x_wconf 83' lang='grc' dir='ltr'>σκάνδα-</span> 
     </span>
    </p>
   </div>
   <div class='ocr_carea' id='block_1_88' title="bbox 174 5302 1741 5389">
    <p class='ocr_par' dir='ltr' id='par_1_88' title="bbox 174 5302 1741 5389">
     <span class='ocr_line' id='line_1_88' title="bbox 174 5302 1741 5389; baseline 0.004 -23"><span class='ocrx_word' id='word_1_691' title='bbox 174 5311 281 5367; x_wconf 78' lang='grc' dir='ltr'>λον.</span> <span class='ocrx_word' id='word_1_692' title='bbox 324 5331 345 5367; x_wconf 73' lang='grc' dir='ltr'>ι</span> <span class='ocrx_word' id='word_1_693' title='bbox 378 5316 596 5371; x_wconf 75' lang='grc' dir='ltr'>Καίτοι</span> <span class='ocrx_word' id='word_1_694' title='bbox 616 5317 734 5383; x_wconf 85' lang='grc' dir='ltr'>πῶς</span> <span class='ocrx_word' id='word_1_695' title='bbox 763 5318 862 5371; x_wconf 71' lang='grc' dir='ltr'><strong>οὐκ</strong></span> <span class='ocrx_word' id='word_1_696' title='bbox 892 5318 1134 5389; x_wconf 81' lang='grc' dir='ltr'>ἄμεινον,</span> <span class='ocrx_word' id='word_1_697' title='bbox 1156 5318 1384 5383; x_wconf 76' lang='grc' dir='ltr'>καὶτοῖς</span> <span class='ocrx_word' id='word_1_698' title='bbox 1411 5302 1552 5388; x_wconf 74' lang='grc' dir='ltr'>ἄγαν</span> <span class='ocrx_word' id='word_1_699' title='bbox 1575 5319 1741 5373; x_wconf 75' lang='grc' dir='ltr'>επιει-</span> 
     </span>
    </p>
   </div>
   <div class='ocr_carea' id='block_1_89' title="bbox 175 5407 1739 5482">
    <p class='ocr_par' dir='ltr' id='par_1_89' title="bbox 175 5407 1739 5482">
     <span class='ocr_line' id='line_1_89' title="bbox 175 5407 1739 5482; baseline 0.004 -25"><span class='ocrx_word' id='word_1_700' title='bbox 175 5407 323 5462; x_wconf 67' lang='grc' dir='ltr'>γέσιν</span> <span class='ocrx_word' id='word_1_701' title='bbox 340 5409 423 5463; x_wconf 81' lang='grc' dir='ltr'><strong>δτι</strong></span> <span class='ocrx_word' id='word_1_702' title='bbox 456 5411 693 5481; x_wconf 78' lang='grc' dir='ltr'>μάλιστα</span> <span class='ocrx_word' id='word_1_703' title='bbox 718 5410 921 5482; x_wconf 83' lang='grc' dir='ltr'>πρέπει</span> <span class='ocrx_word' id='word_1_704' title='bbox 955 5410 1017 5465; x_wconf 80' lang='grc' dir='ltr'>τὸ</span> <span class='ocrx_word' id='word_1_705' title='bbox 1047 5409 1262 5481; x_wconf 82' lang='grc' dir='ltr'>χαλινὸν</span> <span class='ocrx_word' id='word_1_706' title='bbox 1290 5408 1482 5480; x_wconf 80' lang='grc' dir='ltr'>ὥσπερ</span> <span class='ocrx_word' id='word_1_707' title='bbox 1507 5410 1653 5481; x_wconf 74' lang='grc' dir='ltr'>ἔχειν</span> <span class='ocrx_word' id='word_1_708' title='bbox 1680 5411 1739 5463; x_wconf 81' lang='grc' dir='ltr'><strong>έν</strong></span> 
     </span>
    </p>
   </div>
   <div class='ocr_carea' id='block_1_90' title="bbox 248 5593 1309 5661">
    <p class='ocr_par' dir='ltr' id='par_1_90' title="bbox 248 5593 1309 5661">
     <span class='ocr_line' id='line_1_90' title="bbox 248 5593 1309 5661; baseline -0.005 -7"><span class='ocrx_word' id='word_1_709' title='bbox 248 5597 273 5629; x_wconf 85' lang='grc'>⁸</span> <span class='ocrx_word' id='word_1_710' title='bbox 296 5597 454 5654; x_wconf 87' lang='lat' dir='ltr'><strong>Deut.</strong></span> <span class='ocrx_word' id='word_1_711' title='bbox 480 5613 616 5661; x_wconf 66' lang='grc' dir='ltr'>χχιι,</span> <span class='ocrx_word' id='word_1_712' title='bbox 652 5595 767 5650; x_wconf 64' lang='grc'><strong>1-4.</strong></span> <span class='ocrx_word' id='word_1_713' title='bbox 844 5595 864 5625; x_wconf 85' lang='grc'><strong>⁷</strong></span> <span class='ocrx_word' id='word_1_714' title='bbox 896 5594 1051 5649; x_wconf 82' lang='lat' dir='ltr'><strong>Joan.</strong></span> <span class='ocrx_word' id='word_1_715' title='bbox 1085 5609 1180 5659; x_wconf 70' lang='lat' dir='ltr'><strong>xu,</strong></span> <span class='ocrx_word' id='word_1_716' title='bbox 1222 5593 1309 5649; x_wconf 78' lang='lat'><strong>55.</strong></span> 
     </span>
    </p>
   </div>
   <div class='ocr_carea' id='block_1_91' title="bbox 241 5704 988 5782">
    <p class='ocr_par' dir='ltr' id='par_1_91' title="bbox 241 5704 988 5782">
     <span class='ocr_line' id='line_1_91' title="bbox 241 5704 988 5782; baseline -0.003 -17"><span class='ocrx_word' id='word_1_717' title='bbox 241 5709 319 5782; x_wconf 84' lang='grc'><strong>(1)</strong></span> <span class='ocrx_word' id='word_1_718' title='bbox 356 5711 493 5768; x_wconf 88' lang='lat' dir='ltr'><strong>Cod.</strong></span> <span class='ocrx_word' id='word_1_719' title='bbox 527 5710 736 5773; x_wconf 56' lang='lat' dir='ltr'><strong>Vatia,</strong></span> <span class='ocrx_word' id='word_1_720' title='bbox 775 5704 833 5762; x_wconf 77' lang='grc' dir='ltr'><strong>εὖ</strong></span> <span class='ocrx_word' id='word_1_721' title='bbox 858 5707 988 5779; x_wconf 76' lang='grc' dir='ltr'>ήτω.</span> 
     </span>
    </p>
   </div>
   <div class='ocr_carea' id='block_1_92' title="bbox 1850 3126 3461 3201">
    <p class='ocr_par' dir='ltr' id='par_1_92' title="bbox 1850 3126 3461 3201">
     <span class='ocr_line' id='line_1_92' title="bbox 1850 3126 3461 3201; baseline 0.004 -21"><span class='ocrx_word' id='word_1_722' title='bbox 1850 3126 2111 3181; x_wconf 85' lang='lat' dir='ltr'><strong>societate</strong></span> <span class='ocrx_word' id='word_1_723' title='bbox 2147 3134 2358 3182; x_wconf 75' lang='lat' dir='ltr'><strong>naturae</strong></span> <span class='ocrx_word' id='word_1_724' title='bbox 2397 3128 2687 3184; x_wconf 89' lang='lat' dir='ltr'><strong>nobiscum</strong></span> <span class='ocrx_word' id='word_1_725' title='bbox 2728 3130 3002 3201; x_wconf 89' lang='lat' dir='ltr'><strong>conjuncti</strong></span> <span class='ocrx_word' id='word_1_726' title='bbox 3045 3140 3190 3195; x_wconf 89' lang='lat' dir='ltr'><strong>sunt,</strong></span> <span class='ocrx_word' id='word_1_727' title='bbox 3237 3131 3421 3187; x_wconf 90' lang='lat' dir='ltr'><strong>debita</strong></span> <span class='ocrx_word' id='word_1_728' title='bbox 3454 3144 3461 3151; x_wconf 75' lang='lat'><strong><em>‘</em></strong></span> 
     </span>
    </p>
   </div>
   <div class='ocr_carea' id='block_1_93' title="bbox 1849 3215 3423 3297">
    <p class='ocr_par' dir='ltr' id='par_1_93' title="bbox 1849 3215 3423 3297">
     <span class='ocr_line' id='line_1_93' title="bbox 1849 3215 3423 3297; baseline 0.004 -26"><span class='ocrx_word' id='word_1_729' title='bbox 1849 3215 2055 3271; x_wconf 92' lang='lat' dir='ltr'><strong>amoris</strong></span> <span class='ocrx_word' id='word_1_730' title='bbox 2096 3217 2452 3297; x_wconf 81' lang='lat' dir='ltr'><strong>vicissitudo?</strong></span> <span class='ocrx_word' id='word_1_731' title='bbox 2488 3219 2678 3290; x_wconf 85' lang='lat' dir='ltr'><strong>Igitur,</strong></span> <span class='ocrx_word' id='word_1_732' title='bbox 2724 3219 2939 3276; x_wconf 88' lang='lat' dir='ltr'><strong>etiamsi</strong></span> <span class='ocrx_word' id='word_1_733' title='bbox 2980 3221 3235 3277; x_wconf 90' lang='lat' dir='ltr'><strong>inimicus</strong></span> <span class='ocrx_word' id='word_1_734' title='bbox 3274 3231 3423 3277; x_wconf 88' lang='lat' dir='ltr'><strong>erret</strong></span> 
     </span>
    </p>
   </div>
   <div class='ocr_carea' id='block_1_94' title="bbox 1847 3308 3420 3381">
    <p class='ocr_par' dir='ltr' id='par_1_94' title="bbox 1847 3308 3420 3381">
     <span class='ocr_line' id='line_1_94' title="bbox 1847 3308 3420 3381; baseline 0.003 -18"><span class='ocrx_word' id='word_1_735' title='bbox 1847 3308 2098 3381; x_wconf 75' lang='lat' dir='ltr'><strong>fortasse,</strong></span> <span class='ocrx_word' id='word_1_736' title='bbox 2124 3318 2338 3365; x_wconf 91' lang='lat' dir='ltr'><strong>rectum</strong></span> <span class='ocrx_word' id='word_1_737' title='bbox 2376 3309 2483 3365; x_wconf 88' lang='lat' dir='ltr'><strong>iter</strong></span> <span class='ocrx_word' id='word_1_738' title='bbox 2515 3309 2800 3376; x_wconf 88' lang='lat' dir='ltr'><strong>doceatur,</strong></span> <span class='ocrx_word' id='word_1_739' title='bbox 2824 3321 2899 3376; x_wconf 85' lang='lat' dir='ltr'><strong>et,</strong></span> <span class='ocrx_word' id='word_1_740' title='bbox 2939 3311 3100 3367; x_wconf 90' lang='lat' dir='ltr'><strong>nobis</strong></span> <span class='ocrx_word' id='word_1_741' title='bbox 3137 3328 3420 3368; x_wconf 88' lang='lat' dir='ltr'><strong>common-</strong></span> 
     </span>
    </p>
   </div>
   <div class='ocr_carea' id='block_1_95' title="bbox 1846 3401 3423 3473">
    <p class='ocr_par' dir='ltr' id='par_1_95' title="bbox 1846 3401 3423 3473">
     <span class='ocr_line' id='line_1_95' title="bbox 1846 3401 3423 3473; baseline 0.002 -17"><span class='ocrx_word' id='word_1_742' title='bbox 1846 3401 2182 3466; x_wconf 86' lang='lat' dir='ltr'><strong>strantibus,</strong></span> <span class='ocrx_word' id='word_1_743' title='bbox 2225 3415 2294 3455; x_wconf 89' lang='lat' dir='ltr'><strong>eo</strong></span> <span class='ocrx_word' id='word_1_744' title='bbox 2334 3401 2523 3456; x_wconf 88' lang='lat' dir='ltr'><strong>tendat</strong></span> <span class='ocrx_word' id='word_1_745' title='bbox 2580 3417 2690 3472; x_wconf 89' lang='lat' dir='ltr'><strong>quo</strong></span> <span class='ocrx_word' id='word_1_746' title='bbox 2750 3401 2988 3473; x_wconf 84' lang='lat' dir='ltr'><strong>expedit.</strong></span> <span class='ocrx_word' id='word_1_747' title='bbox 3040 3401 3133 3457; x_wconf 88' lang='lat' dir='ltr'><strong>Sic</strong></span> <span class='ocrx_word' id='word_1_748' title='bbox 3169 3403 3423 3459; x_wconf 84' lang='lat' dir='ltr'><strong>Christus</strong></span> 
     </span>
    </p>
   </div>
   <div class='ocr_carea' id='block_1_96' title="bbox 1846 3492 3421 3564">
    <p class='ocr_par' dir='ltr' id='par_1_96' title="bbox 1846 3492 3421 3564">
     <span class='ocr_line' id='line_1_96' title="bbox 1846 3492 3421 3564; baseline 0.001 -16"><span class='ocrx_word' id='word_1_749' title='bbox 1846 3507 2065 3563; x_wconf 89' lang='lat' dir='ltr'><strong>quoque</strong></span> <span class='ocrx_word' id='word_1_750' title='bbox 2113 3493 2391 3563; x_wconf 89' lang='lat' dir='ltr'><strong>lapidibus</strong></span> <span class='ocrx_word' id='word_1_751' title='bbox 2430 3492 2653 3563; x_wconf 91' lang='lat' dir='ltr'><strong>quidem</strong></span> <span class='ocrx_word' id='word_1_752' title='bbox 2699 3494 2990 3564; x_wconf 87' lang='lat' dir='ltr'><strong>petebatur</strong></span> <span class='ocrx_word' id='word_1_753' title='bbox 3031 3493 3100 3549; x_wconf 92' lang='lat' dir='ltr'><strong>ab</strong></span> <span class='ocrx_word' id='word_1_754' title='bbox 3139 3494 3421 3564; x_wconf 73' lang='lat' dir='ltr'><strong>Israelitis,</strong></span> 
     </span>
    </p>
   </div>
   <div class='ocr_carea' id='block_1_97' title="bbox 1844 3583 3418 3654">
    <p class='ocr_par' dir='ltr' id='par_1_97' title="bbox 1844 3583 3418 3654">
     <span class='ocr_line' id='line_1_97' title="bbox 1844 3583 3418 3654; baseline 0.002 -15"><span class='ocrx_word' id='word_1_755' title='bbox 1844 3591 1903 3639; x_wconf 88' lang='lat' dir='ltr'><strong>et</strong></span> <span class='ocrx_word' id='word_1_756' title='bbox 1927 3591 2109 3638; x_wconf 88' lang='lat' dir='ltr'><strong>tamen</strong></span> <span class='ocrx_word' id='word_1_757' title='bbox 2142 3598 2239 3639; x_wconf 89' lang='lat' dir='ltr'><strong>eos</strong></span> <span class='ocrx_word' id='word_1_758' title='bbox 2265 3583 2686 3654; x_wconf 90' lang='lat' dir='ltr'><strong>alloquebatur:</strong></span> <span class='ocrx_word' id='word_1_759' title='bbox 2721 3603 2740 3636; x_wconf 85' lang='grc' dir='ltr'>ι</span> <span class='ocrx_word' id='word_1_760' title='bbox 2788 3585 2928 3639; x_wconf 91' lang='lat' dir='ltr'><strong>Dum</strong></span> <span class='ocrx_word' id='word_1_761' title='bbox 2968 3584 3146 3641; x_wconf 91' lang='lat' dir='ltr'><strong>lucem</strong></span> <span class='ocrx_word' id='word_1_762' title='bbox 3184 3586 3418 3654; x_wconf 88' lang='lat' dir='ltr'><strong>habetis,</strong></span> 
     </span>
    </p>
   </div>
   <div class='ocr_carea' id='block_1_98' title="bbox 1845 3677 3414 3750">
    <p class='ocr_par' dir='ltr' id='par_1_98' title="bbox 1845 3677 3414 3750">
     <span class='ocr_line' id='line_1_98' title="bbox 1845 3677 3414 3750; baseline 0 -17"><span class='ocrx_word' id='word_1_763' title='bbox 1845 3677 2123 3733; x_wconf 87' lang='lat' dir='ltr'><strong>ambulate</strong></span> <span class='ocrx_word' id='word_1_764' title='bbox 2140 3677 2195 3733; x_wconf 89' lang='lat' dir='ltr'><strong>iu</strong></span> <span class='ocrx_word' id='word_1_765' title='bbox 2212 3677 2357 3745; x_wconf 63' lang='lat' dir='ltr'><strong>lum,</strong></span> <span class='ocrx_word' id='word_1_766' title='bbox 2376 3693 2446 3734; x_wconf 92' lang='lat' dir='ltr'><strong>ne</strong></span> <span class='ocrx_word' id='word_1_767' title='bbox 2471 3677 2711 3733; x_wconf 65' lang='lat' dir='ltr'><strong>tenebrae</strong></span> <span class='ocrx_word' id='word_1_768' title='bbox 2733 3693 2831 3734; x_wconf 91' lang='lat' dir='ltr'><strong>vos</strong></span> <span class='ocrx_word' id='word_1_769' title='bbox 2846 3679 3368 3750; x_wconf 75' lang='lat' dir='ltr'><strong>comprehendant’.</strong></span> <span class='ocrx_word' id='word_1_770' title='bbox 3394 3700 3414 3733; x_wconf 77' lang='grc' dir='ltr'>ι</span> 
     </span>
    </p>
   </div>
   <div class='ocr_carea' id='block_1_99' title="bbox 1845 3769 3424 3840">
    <p class='ocr_par' dir='ltr' id='par_1_99' title="bbox 1845 3769 3424 3840">
     <span class='ocr_line' id='line_1_99' title="bbox 1845 3769 3424 3840; baseline 0.001 -14"><span class='ocrx_word' id='word_1_771' title='bbox 1845 3771 1935 3836; x_wconf 84' lang='grc' dir='ltr'><strong>Ει,</strong></span> <span class='ocrx_word' id='word_1_772' title='bbox 1960 3769 2006 3825; x_wconf 91' lang='lat' dir='ltr'><strong>si</strong></span> <span class='ocrx_word' id='word_1_773' title='bbox 2038 3770 2162 3840; x_wconf 90' lang='lat' dir='ltr'><strong>quis</strong></span> <span class='ocrx_word' id='word_1_774' title='bbox 2196 3770 2453 3826; x_wconf 91' lang='lat' dir='ltr'><strong>inimicus</strong></span> <span class='ocrx_word' id='word_1_775' title='bbox 2479 3770 2665 3826; x_wconf 90' lang='lat' dir='ltr'><strong>labore</strong></span> <span class='ocrx_word' id='word_1_776' title='bbox 2691 3777 2749 3824; x_wconf 89' lang='lat' dir='ltr'><strong>et</strong></span> <span class='ocrx_word' id='word_1_777' title='bbox 2781 3771 3176 3828; x_wconf 87' lang='lat' dir='ltr'><strong>tentationibus</strong></span> <span class='ocrx_word' id='word_1_778' title='bbox 3199 3772 3424 3829; x_wconf 71' lang='lat' dir='ltr'><strong>amicta-</strong></span> 
     </span>
    </p>
   </div>
   <div class='ocr_carea' id='block_1_100' title="bbox 1844 3862 3424 3936">
    <p class='ocr_par' dir='ltr' id='par_1_100' title="bbox 1844 3862 3424 3936">
     <span class='ocr_line' id='line_1_100' title="bbox 1844 3862 3424 3936; baseline 0.002 -17"><span class='ocrx_word' id='word_1_779' title='bbox 1844 3870 1955 3928; x_wconf 91' lang='lat' dir='ltr'><strong>tur,</strong></span> <span class='ocrx_word' id='word_1_780' title='bbox 1982 3878 2046 3917; x_wconf 92' lang='lat' dir='ltr'><strong>ac</strong></span> <span class='ocrx_word' id='word_1_781' title='bbox 2075 3862 2227 3917; x_wconf 90' lang='lat' dir='ltr'><strong>velut</strong></span> <span class='ocrx_word' id='word_1_782' title='bbox 2249 3862 2404 3917; x_wconf 90' lang='lat' dir='ltr'><strong>humi</strong></span> <span class='ocrx_word' id='word_1_783' title='bbox 2426 3870 2731 3933; x_wconf 86' lang='lat' dir='ltr'><strong>prostratus</strong></span> <span class='ocrx_word' id='word_1_784' title='bbox 2750 3862 2951 3934; x_wconf 89' lang='lat' dir='ltr'><strong>jaceat,</strong></span> <span class='ocrx_word' id='word_1_785' title='bbox 2979 3872 3036 3919; x_wconf 90' lang='lat' dir='ltr'><strong>et</strong></span> <span class='ocrx_word' id='word_1_786' title='bbox 3057 3865 3208 3936; x_wconf 87' lang='lat' dir='ltr'><strong>gravi</strong></span> <span class='ocrx_word' id='word_1_787' title='bbox 3232 3881 3424 3922; x_wconf 86' lang='lat' dir='ltr'><strong>neces-</strong></span> 
     </span>
    </p>
   </div>
   <div class='ocr_carea' id='block_1_101' title="bbox 1846 3951 3423 4032">
    <p class='ocr_par' dir='ltr' id='par_1_101' title="bbox 1846 3951 3423 4032">
     <span class='ocr_line' id='line_1_101' title="bbox 1846 3951 3423 4032; baseline 0.004 -25"><span class='ocrx_word' id='word_1_788' title='bbox 1846 3952 2008 4007; x_wconf 87' lang='lat' dir='ltr'><strong>sitate</strong></span> <span class='ocrx_word' id='word_1_789' title='bbox 2041 3960 2346 4023; x_wconf 88' lang='lat' dir='ltr'><strong>prematur,</strong></span> <span class='ocrx_word' id='word_1_790' title='bbox 2376 3951 2714 4018; x_wconf 87' lang='lat' dir='ltr'><strong>sublevetur,</strong></span> <span class='ocrx_word' id='word_1_791' title='bbox 2743 3951 2945 4023; x_wconf 90' lang='lat' dir='ltr'><strong>inquit,</strong></span> <span class='ocrx_word' id='word_1_792' title='bbox 2968 3969 3001 4032; x_wconf 88' lang='lat' dir='ltr'><strong>_a</strong></span> <span class='ocrx_word' id='word_1_793' title='bbox 3035 3955 3222 4023; x_wconf 83' lang='lat' dir='ltr'><strong>vobis;</strong></span> <span class='ocrx_word' id='word_1_794' title='bbox 3248 3964 3305 4010; x_wconf 93' lang='lat' dir='ltr'><strong>et</strong></span> <span class='ocrx_word' id='word_1_795' title='bbox 3328 3963 3423 4027; x_wconf 87' lang='lat' dir='ltr'><strong>qui</strong></span> 
     </span>
    </p>
   </div>
   <div class='ocr_carea' id='block_1_102' title="bbox 1846 4042 3423 4111">
    <p class='ocr_par' dir='ltr' id='par_1_102' title="bbox 1846 4042 3423 4111">
     <span class='ocr_line' id='line_1_102' title="bbox 1846 4042 3423 4111; baseline 0.003 -13"><span class='ocrx_word' id='word_1_796' title='bbox 1846 4042 2168 4111; x_wconf 78' lang='lat' dir='ltr'><strong>dissidebat,</strong></span> <span class='ocrx_word' id='word_1_797' title='bbox 2185 4044 2370 4099; x_wconf 89' lang='lat' dir='ltr'><strong>vincat</strong></span> <span class='ocrx_word' id='word_1_798' title='bbox 2389 4043 2708 4100; x_wconf 80' lang='lat' dir='ltr'><strong>oﬂ‘ensionis</strong></span> <span class='ocrx_word' id='word_1_799' title='bbox 2740 4043 3082 4099; x_wconf 88' lang='lat' dir='ltr'><strong>memoriam.</strong></span> <span class='ocrx_word' id='word_1_800' title='bbox 3104 4044 3297 4100; x_wconf 88' lang='lat' dir='ltr'><strong>Annon</strong></span> <span class='ocrx_word' id='word_1_801' title='bbox 3319 4047 3423 4103; x_wconf 91' lang='lat' dir='ltr'><strong>hoc</strong></span> 
     </span>
    </p>
   </div>
   <div class='ocr_carea' id='block_1_103' title="bbox 1846 4126 3422 4210">
    <p class='ocr_par' dir='ltr' id='par_1_103' title="bbox 1846 4126 3422 4210">
     <span class='ocr_line' id='line_1_103' title="bbox 1846 4126 3422 4210; baseline 0.003 -20"><span class='ocrx_word' id='word_1_802' title='bbox 1846 4134 1983 4190; x_wconf 88' lang='lat' dir='ltr'><strong>illud</strong></span> <span class='ocrx_word' id='word_1_803' title='bbox 2005 4143 2090 4191; x_wconf 90' lang='lat' dir='ltr'><strong>est</strong></span> <span class='ocrx_word' id='word_1_804' title='bbox 2115 4154 2127 4188; x_wconf 92' lang='lat'><strong>:</strong></span> <span class='ocrx_word' id='word_1_805' title='bbox 2164 4154 2181 4186; x_wconf 85' lang='grc' dir='ltr'>ι</span> <span class='ocrx_word' id='word_1_806' title='bbox 2215 4134 2526 4190; x_wconf 87' lang='lat' dir='ltr'><strong>Benefacite</strong></span> <span class='ocrx_word' id='word_1_807' title='bbox 2549 4134 2787 4190; x_wconf 87' lang='lat' dir='ltr'><strong>inimicis</strong></span> <span class='ocrx_word' id='word_1_808' title='bbox 2807 4136 3029 4201; x_wconf 88' lang='lat' dir='ltr'><strong>vestris,</strong></span> <span class='ocrx_word' id='word_1_809' title='bbox 3061 4126 3121 4191; x_wconf 53' lang='lat' dir='ltr'><strong>et</strong></span> <span class='ocrx_word' id='word_1_810' title='bbox 3144 4143 3298 4193; x_wconf 89' lang='lat' dir='ltr'><strong>orate</strong></span> <span class='ocrx_word' id='word_1_811' title='bbox 3319 4153 3422 4210; x_wconf 89' lang='lat' dir='ltr'><strong>pro</strong></span> 
     </span>
    </p>
   </div>
   <div class='ocr_carea' id='block_1_104' title="bbox 1846 4223 2546 4296">
    <p class='ocr_par' dir='ltr' id='par_1_104' title="bbox 1846 4223 2546 4296">
     <span class='ocr_line' id='line_1_104' title="bbox 1846 4223 2546 4296; baseline -0.009 -15"><span class='ocrx_word' id='word_1_812' title='bbox 1846 4224 2303 4296; x_wconf 88' lang='lat' dir='ltr'><strong>persequentibus</strong></span> <span class='ocrx_word' id='word_1_813' title='bbox 2324 4238 2422 4279; x_wconf 89' lang='lat' dir='ltr'><strong>vos</strong></span> <span class='ocrx_word' id='word_1_814' title='bbox 2444 4223 2498 4276; x_wconf 80' lang='lat'><strong>&#39;?</strong></span> <span class='ocrx_word' id='word_1_815' title='bbox 2527 4242 2546 4275; x_wconf 75' lang='grc' dir='ltr'><strong>ι</strong></span> 
     </span>
    </p>
   </div>
   <div class='ocr_carea' id='block_1_105' title="bbox 1778 4400 2545 4485">
    <p class='ocr_par' dir='ltr' id='par_1_105' title="bbox 1778 4400 2545 4485">
     <span class='ocr_line' id='line_1_105' title="bbox 1778 4400 2545 4485; baseline -0.005 -27"><span class='ocrx_word' id='word_1_816' title='bbox 1778 4429 1824 4485; x_wconf 76' lang='lat' dir='ltr'><strong>D</strong></span> <span class='ocrx_word' id='word_1_817' title='bbox 1919 4402 2115 4464; x_wconf 79' lang='lat' dir='ltr'><strong>PALL.</strong></span> <span class='ocrx_word' id='word_1_818' title='bbox 2142 4400 2358 4471; x_wconf 89' lang='lat' dir='ltr'><strong>Optime</strong></span> <span class='ocrx_word' id='word_1_819' title='bbox 2385 4400 2545 4456; x_wconf 92' lang='lat' dir='ltr'><strong>dicis.</strong></span> 
     </span>
    </p>
   </div>
   <div class='ocr_carea' id='block_1_106' title="bbox 1916 4488 3421 4562">
    <p class='ocr_par' dir='ltr' id='par_1_106' title="bbox 1916 4488 3421 4562">
     <span class='ocr_line' id='line_1_106' title="bbox 1916 4488 3421 4562; baseline 0.001 -14"><span class='ocrx_word' id='word_1_820' title='bbox 1916 4491 2078 4548; x_wconf 71' lang='lat' dir='ltr'><strong>CYR.</strong></span> <span class='ocrx_word' id='word_1_821' title='bbox 2105 4491 2274 4547; x_wconf 87' lang='lat' dir='ltr'><strong>Decet</strong></span> <span class='ocrx_word' id='word_1_822' title='bbox 2293 4489 2460 4562; x_wconf 89' lang='lat' dir='ltr'><strong>igitur</strong></span> <span class='ocrx_word' id='word_1_823' title='bbox 2481 4495 2700 4545; x_wconf 89' lang='lat' dir='ltr'><strong>sanctos</strong></span> <span class='ocrx_word' id='word_1_824' title='bbox 2723 4488 2873 4545; x_wconf 84' lang='lat' dir='ltr'><strong>viros</strong></span> <span class='ocrx_word' id='word_1_825' title='bbox 2894 4489 3270 4549; x_wconf 87' lang='lat' dir='ltr'><strong>laborantibus</strong></span> <span class='ocrx_word' id='word_1_826' title='bbox 3291 4508 3421 4550; x_wconf 91' lang='lat' dir='ltr'><strong>con-</strong></span> 
     </span>
    </p>
   </div>
   <div class='ocr_carea' id='block_1_107' title="bbox 1848 4580 3422 4654">
    <p class='ocr_par' dir='ltr' id='par_1_107' title="bbox 1848 4580 3422 4654">
     <span class='ocr_line' id='line_1_107' title="bbox 1848 4580 3422 4654; baseline 0.003 -17"><span class='ocrx_word' id='word_1_827' title='bbox 1848 4581 2068 4649; x_wconf 89' lang='lat' dir='ltr'><strong>dolere;</strong></span> <span class='ocrx_word' id='word_1_828' title='bbox 2095 4595 2275 4652; x_wconf 88' lang='lat' dir='ltr'><strong>neque</strong></span> <span class='ocrx_word' id='word_1_829' title='bbox 2295 4596 2360 4636; x_wconf 92' lang='lat' dir='ltr'><strong>ea</strong></span> <span class='ocrx_word' id='word_1_830' title='bbox 2387 4580 2504 4651; x_wconf 91' lang='lat' dir='ltr'><strong>ipsa</strong></span> <span class='ocrx_word' id='word_1_831' title='bbox 2526 4587 2752 4651; x_wconf 82' lang='lat' dir='ltr'><strong>propter</strong></span> <span class='ocrx_word' id='word_1_832' title='bbox 2772 4596 2895 4651; x_wconf 75' lang='lat' dir='ltr'><strong>qua:</strong></span> <span class='ocrx_word' id='word_1_833' title='bbox 2916 4581 3211 4638; x_wconf 89' lang='lat' dir='ltr'><strong>miserandi</strong></span> <span class='ocrx_word' id='word_1_834' title='bbox 3235 4583 3422 4654; x_wconf 87' lang='lat' dir='ltr'><strong>potius</strong></span> 
     </span>
    </p>
   </div>
   <div class='ocr_carea' id='block_1_108' title="bbox 1848 4669 3420 4743">
    <p class='ocr_par' dir='ltr' id='par_1_108' title="bbox 1848 4669 3420 4743">
     <span class='ocr_line' id='line_1_108' title="bbox 1848 4669 3420 4743; baseline 0.002 -16"><span class='ocrx_word' id='word_1_835' title='bbox 1848 4679 2027 4737; x_wconf 86' lang='lat' dir='ltr'><strong>erant,</strong></span> <span class='ocrx_word' id='word_1_836' title='bbox 2070 4670 2139 4726; x_wconf 87' lang='lat' dir='ltr'><strong>ad</strong></span> <span class='ocrx_word' id='word_1_837' title='bbox 2179 4670 2527 4726; x_wconf 89' lang='lat' dir='ltr'><strong>occasionem</strong></span> <span class='ocrx_word' id='word_1_838' title='bbox 2575 4669 2789 4742; x_wconf 68' lang='lat' dir='ltr'><strong>injuria:</strong></span> <span class='ocrx_word' id='word_1_839' title='bbox 2824 4678 2989 4743; x_wconf 90' lang='lat' dir='ltr'><strong>atque</strong></span> <span class='ocrx_word' id='word_1_840' title='bbox 3024 4672 3329 4733; x_wconf 79' lang='lat' dir='ltr'><strong>insolentiae</strong></span> <span class='ocrx_word' id='word_1_841' title='bbox 3362 4676 3420 4730; x_wconf 91' lang='lat' dir='ltr'><strong>in</strong></span> 
     </span>
    </p>
   </div>
   <div class='ocr_carea' id='block_1_109' title="bbox 1848 4761 3420 4828">
    <p class='ocr_par' dir='ltr' id='par_1_109' title="bbox 1848 4761 3420 4828">
     <span class='ocr_line' id='line_1_109' title="bbox 1848 4761 3420 4828; baseline 0.001 -9"><span class='ocrx_word' id='word_1_842' title='bbox 1848 4778 1946 4819; x_wconf 82' lang='lat' dir='ltr'><strong>eos</strong></span> <span class='ocrx_word' id='word_1_843' title='bbox 1966 4761 2286 4818; x_wconf 72' lang='lat' dir='ltr'><strong>exercendae</strong></span> <span class='ocrx_word' id='word_1_844' title='bbox 2306 4769 2646 4828; x_wconf 81' lang='lat' dir='ltr'><strong>convertere,</strong></span> <span class='ocrx_word' id='word_1_845' title='bbox 2672 4761 2731 4817; x_wconf 90' lang='lat' dir='ltr'><strong>in</strong></span> <span class='ocrx_word' id='word_1_846' title='bbox 2758 4777 2951 4818; x_wconf 90' lang='lat' dir='ltr'><strong>eorum</strong></span> <span class='ocrx_word' id='word_1_847' title='bbox 2985 4762 3235 4819; x_wconf 89' lang='lat' dir='ltr'><strong>miserias</strong></span> <span class='ocrx_word' id='word_1_848' title='bbox 3264 4764 3420 4821; x_wconf 90' lang='lat' dir='ltr'><strong>insu-</strong></span> 
     </span>
    </p>
   </div>
   <div class='ocr_carea' id='block_1_110' title="bbox 1850 4852 3420 4926">
    <p class='ocr_par' dir='ltr' id='par_1_110' title="bbox 1850 4852 3420 4926">
     <span class='ocr_line' id='line_1_110' title="bbox 1850 4852 3420 4926; baseline 0.003 -18"><span class='ocrx_word' id='word_1_849' title='bbox 1850 4870 1951 4926; x_wconf 88' lang='lat' dir='ltr'><strong>per</strong></span> <span class='ocrx_word' id='word_1_850' title='bbox 1998 4854 2324 4909; x_wconf 87' lang='lat' dir='ltr'><strong>insultantes</strong></span> <span class='ocrx_word' id='word_1_851' title='bbox 2355 4861 2412 4907; x_wconf 90' lang='lat' dir='ltr'><strong>et</strong></span> <span class='ocrx_word' id='word_1_852' title='bbox 2452 4852 2807 4921; x_wconf 86' lang='lat' dir='ltr'><strong>invehentes;</strong></span> <span class='ocrx_word' id='word_1_853' title='bbox 2835 4855 2969 4925; x_wconf 90' lang='lat' dir='ltr'><strong>quin</strong></span> <span class='ocrx_word' id='word_1_854' title='bbox 2998 4855 3161 4911; x_wconf 88' lang='lat' dir='ltr'><strong>etiam</strong></span> <span class='ocrx_word' id='word_1_855' title='bbox 3195 4857 3241 4913; x_wconf 85' lang='lat' dir='ltr'><strong>si</strong></span> <span class='ocrx_word' id='word_1_856' title='bbox 3277 4857 3420 4913; x_wconf 89' lang='lat' dir='ltr'><strong>clam</strong></span> 
     </span>
    </p>
   </div>
   <div class='ocr_carea' id='block_1_111' title="bbox 1846 4944 3418 5020">
    <p class='ocr_par' dir='ltr' id='par_1_111' title="bbox 1846 4944 3418 5020">
     <span class='ocr_line' id='line_1_111' title="bbox 1846 4944 3418 5020; baseline 0.004 -19"><span class='ocrx_word' id='word_1_857' title='bbox 1846 4945 2125 5002; x_wconf 83' lang='lat' dir='ltr'><strong>insidiosis</strong></span> <span class='ocrx_word' id='word_1_858' title='bbox 2147 4945 2256 5001; x_wconf 92' lang='lat' dir='ltr'><strong>illis</strong></span> <span class='ocrx_word' id='word_1_859' title='bbox 2277 4944 2454 5001; x_wconf 89' lang='lat' dir='ltr'><strong>modis</strong></span> <span class='ocrx_word' id='word_1_860' title='bbox 2474 4944 2557 5001; x_wconf 90' lang='lat' dir='ltr'><strong>uti</strong></span> <span class='ocrx_word' id='word_1_861' title='bbox 2577 4945 2847 5017; x_wconf 90' lang='lat' dir='ltr'><strong>quispiam</strong></span> <span class='ocrx_word' id='word_1_862' title='bbox 2863 4947 3019 5005; x_wconf 90' lang='lat' dir='ltr'><strong>facile</strong></span> <span class='ocrx_word' id='word_1_863' title='bbox 3038 4948 3418 5020; x_wconf 88' lang='lat' dir='ltr'><strong>possit,tamen</strong></span> 
     </span>
    </p>
   </div>
   <div class='ocr_carea' id='block_1_112' title="bbox 1846 5036 3415 5114">
    <p class='ocr_par' dir='ltr' id='par_1_112' title="bbox 1846 5036 3415 5114">
     <span class='ocr_line' id='line_1_112' title="bbox 1846 5036 3415 5114; baseline 0.003 -20"><span class='ocrx_word' id='word_1_864' title='bbox 1846 5038 1916 5094; x_wconf 91' lang='lat' dir='ltr'><strong>ab</strong></span> <span class='ocrx_word' id='word_1_865' title='bbox 1939 5036 2252 5109; x_wconf 74' lang='lat' dir='ltr'><strong>huiusmodi</strong></span> <span class='ocrx_word' id='word_1_866' title='bbox 2277 5037 2614 5109; x_wconf 85' lang='lat' dir='ltr'><strong>malignitate</strong></span> <span class='ocrx_word' id='word_1_867' title='bbox 2640 5038 3027 5095; x_wconf 89' lang='lat' dir='ltr'><strong>abstinendum</strong></span> <span class='ocrx_word' id='word_1_868' title='bbox 3055 5055 3196 5107; x_wconf 89' lang='lat' dir='ltr'><strong>esse,</strong></span> <span class='ocrx_word' id='word_1_869' title='bbox 3221 5041 3309 5096; x_wconf 82' lang='lat' dir='ltr'><strong>lex</strong></span> <span class='ocrx_word' id='word_1_870' title='bbox 3325 5041 3415 5114; x_wconf 89' lang='lat' dir='ltr'><strong>ju-</strong></span> 
     </span>
    </p>
   </div>
   <div class='ocr_carea' id='block_1_113' title="bbox 1845 5130 3416 5206">
    <p class='ocr_par' dir='ltr' id='par_1_113' title="bbox 1845 5130 3416 5206">
     <span class='ocr_line' id='line_1_113' title="bbox 1845 5130 3416 5206; baseline 0.001 -18"><span class='ocrx_word' id='word_1_871' title='bbox 1845 5132 1973 5188; x_wconf 88' lang='lat' dir='ltr'><strong>bet:</strong></span> <span class='ocrx_word' id='word_1_872' title='bbox 1999 5130 2079 5186; x_wconf 92' lang='lat' dir='ltr'><strong>ait</strong></span> <span class='ocrx_word' id='word_1_873' title='bbox 2099 5131 2247 5186; x_wconf 90' lang='lat' dir='ltr'><strong>enim</strong></span> <span class='ocrx_word' id='word_1_874' title='bbox 2273 5146 2499 5186; x_wconf 89' lang='lat' dir='ltr'><strong>rursus:</strong></span> <span class='ocrx_word' id='word_1_875' title='bbox 2532 5149 2551 5182; x_wconf 78' lang='grc' dir='ltr'>ι</span> <span class='ocrx_word' id='word_1_876' title='bbox 2575 5131 2694 5186; x_wconf 85' lang='lat' dir='ltr'><strong>Non</strong></span> <span class='ocrx_word' id='word_1_877' title='bbox 2718 5131 3010 5188; x_wconf 87' lang='lat' dir='ltr'><strong>maledi&#39;ces</strong></span> <span class='ocrx_word' id='word_1_878' title='bbox 3025 5132 3212 5201; x_wconf 91' lang='lat' dir='ltr'><strong>surdo,</strong></span> <span class='ocrx_word' id='word_1_879' title='bbox 3236 5150 3416 5206; x_wconf 89' lang='lat' dir='ltr'><strong>neque</strong></span> 
     </span>
    </p>
   </div>
   <div class='ocr_carea' id='block_1_114' title="bbox 1843 5222 3416 5296">
    <p class='ocr_par' dir='ltr' id='par_1_114' title="bbox 1843 5222 3416 5296">
     <span class='ocr_line' id='line_1_114' title="bbox 1843 5222 3416 5296; baseline 0.001 -16"><span class='ocrx_word' id='word_1_880' title='bbox 1843 5240 2027 5281; x_wconf 88' lang='lat' dir='ltr'><strong>coram</strong></span> <span class='ocrx_word' id='word_1_881' title='bbox 2052 5238 2199 5280; x_wconf 66' lang='lat' dir='ltr'><strong>caeco</strong></span> <span class='ocrx_word' id='word_1_882' title='bbox 2210 5237 2389 5294; x_wconf 80' lang='lat' dir='ltr'><strong>pones</strong></span> <span class='ocrx_word' id='word_1_883' title='bbox 2409 5222 2800 5279; x_wconf 79' lang='lat' dir='ltr'><strong>olfendiculum</strong></span> <span class='ocrx_word' id='word_1_884' title='bbox 2827 5224 2868 5278; x_wconf 79' lang='grc'><strong>⁸.</strong></span> <span class='ocrx_word' id='word_1_885' title='bbox 2907 5244 2926 5275; x_wconf 76' lang='grc' dir='ltr'><strong>ι</strong></span> <span class='ocrx_word' id='word_1_886' title='bbox 2954 5224 3119 5296; x_wconf 77' lang='grc' dir='ltr'><strong>Αιᾳυί</strong></span> <span class='ocrx_word' id='word_1_887' title='bbox 3141 5227 3416 5295; x_wconf 79' lang='lat' dir='ltr'><strong>quomodo</strong></span> 
     </span>
    </p>
   </div>
   <div class='ocr_carea' id='block_1_115' title="bbox 1842 5313 3412 5386">
    <p class='ocr_par' dir='ltr' id='par_1_115' title="bbox 1842 5313 3412 5386">
     <span class='ocr_line' id='line_1_115' title="bbox 1842 5313 3412 5386; baseline 0.001 -17"><span class='ocrx_word' id='word_1_888' title='bbox 1842 5329 1955 5371; x_wconf 89' lang='lat' dir='ltr'><strong>non</strong></span> <span class='ocrx_word' id='word_1_889' title='bbox 1976 5313 2324 5385; x_wconf 67' lang='lat' dir='ltr'><strong>praestantius</strong></span> <span class='ocrx_word' id='word_1_890' title='bbox 2342 5321 2445 5379; x_wconf 87' lang='lat' dir='ltr'><strong>est,</strong></span> <span class='ocrx_word' id='word_1_891' title='bbox 2476 5322 2532 5369; x_wconf 89' lang='lat' dir='ltr'><strong>et</strong></span> <span class='ocrx_word' id='word_1_892' title='bbox 2550 5313 2740 5384; x_wconf 87' lang='lat' dir='ltr'><strong>probis</strong></span> <span class='ocrx_word' id='word_1_893' title='bbox 2766 5314 3084 5372; x_wconf 87' lang='lat' dir='ltr'><strong>hominibus</strong></span> <span class='ocrx_word' id='word_1_894' title='bbox 3103 5331 3412 5386; x_wconf 85' lang='lat' dir='ltr'><strong>congruen-</strong></span> 
     </span>
    </p>
   </div>
   <div class='ocr_carea' id='block_1_116' title="bbox 1846 5403 3413 5481">
    <p class='ocr_par' dir='ltr' id='par_1_116' title="bbox 1846 5403 3413 5481">
     <span class='ocr_line' id='line_1_116' title="bbox 1846 5403 3413 5481; baseline 0.001 -21"><span class='ocrx_word' id='word_1_895' title='bbox 1846 5406 1975 5469; x_wconf 90' lang='lat' dir='ltr'><strong>tius,</strong></span> <span class='ocrx_word' id='word_1_896' title='bbox 1999 5404 2055 5458; x_wconf 89' lang='lat' dir='ltr'><strong>in</strong></span> <span class='ocrx_word' id='word_1_897' title='bbox 2078 5404 2265 5475; x_wconf 76' lang='lat' dir='ltr'><strong>lingua</strong></span> <span class='ocrx_word' id='word_1_898' title='bbox 2288 5404 2501 5460; x_wconf 74' lang='lat' dir='ltr'><strong>frenum</strong></span> <span class='ocrx_word' id='word_1_899' title='bbox 2523 5403 2747 5470; x_wconf 88' lang='lat' dir='ltr'><strong>habere,</strong></span> <span class='ocrx_word' id='word_1_900' title='bbox 2772 5412 2937 5481; x_wconf 86' lang='lat' dir='ltr'><strong>atque</strong></span> <span class='ocrx_word' id='word_1_901' title='bbox 2970 5421 3184 5471; x_wconf 88' lang='lat' dir='ltr'><strong>cavere,</strong></span> <span class='ocrx_word' id='word_1_902' title='bbox 3207 5419 3276 5460; x_wconf 90' lang='lat' dir='ltr'><strong>ne</strong></span> <span class='ocrx_word' id='word_1_903' title='bbox 3298 5418 3413 5462; x_wconf 83' lang='lat' dir='ltr'><strong>ma-</strong></span> 
     </span>
    </p>
   </div>
   <div class='ocr_carea' id='block_1_117' title="bbox 1382 5592 2385 5659">
    <p class='ocr_par' dir='ltr' id='par_1_117' title="bbox 1382 5592 2385 5659">
     <span class='ocr_line' id='line_1_117' title="bbox 1382 5592 2385 5659; baseline -0.004 -10"><span class='ocrx_word' id='word_1_904' title='bbox 1382 5593 1405 5627; x_wconf 82' lang='grc'>⁸</span> <span class='ocrx_word' id='word_1_905' title='bbox 1431 5592 1620 5649; x_wconf 84' lang='lat' dir='ltr'><strong>Matth.</strong></span> <span class='ocrx_word' id='word_1_906' title='bbox 1653 5594 1708 5659; x_wconf 88' lang='lat'><strong>5,</strong></span> <span class='ocrx_word' id='word_1_907' title='bbox 1740 5593 1827 5649; x_wconf 71' lang='grc'><strong>44.</strong></span> <span class='ocrx_word' id='word_1_908' title='bbox 1909 5594 1930 5626; x_wconf 84' lang='grc'><strong>⁹</strong></span> <span class='ocrx_word' id='word_1_909' title='bbox 1954 5593 2131 5648; x_wconf 84' lang='lat' dir='ltr'><strong>Levit.</strong></span> <span class='ocrx_word' id='word_1_910' title='bbox 2160 5608 2270 5658; x_wconf 70' lang='lat' dir='ltr'><strong>xu,</strong></span> <span class='ocrx_word' id='word_1_911' title='bbox 2300 5593 2385 5647; x_wconf 69' lang='lat' dir='ltr'><strong>l4.</strong></span> 
     </span>
    </p>
   </div>
   <div class='ocr_carea' id='block_1_118' title="bbox 1796 5700 2922 5780">
    <p class='ocr_par' dir='ltr' id='par_1_118' title="bbox 1796 5700 2922 5780">
     <span class='ocr_line' id='line_1_118' title="bbox 1796 5700 2922 5780; baseline -0.004 -19"><span class='ocrx_word' id='word_1_912' title='bbox 1796 5700 1802 5707; x_wconf 64' lang='grc'><strong>’</strong></span> <span class='ocrx_word' id='word_1_913' title='bbox 1919 5707 1997 5780; x_wconf 74' lang='lat'><strong>(2)</strong></span> <span class='ocrx_word' id='word_1_914' title='bbox 2024 5707 2175 5764; x_wconf 88' lang='lat' dir='ltr'><strong>Idem</strong></span> <span class='ocrx_word' id='word_1_915' title='bbox 2204 5705 2324 5763; x_wconf 88' lang='lat' dir='ltr'><strong>cod.</strong></span> <span class='ocrx_word' id='word_1_916' title='bbox 2360 5707 2563 5763; x_wconf 79' lang='lat' dir='ltr'><strong>omittit</strong></span> <span class='ocrx_word' id='word_1_917' title='bbox 2591 5706 2620 5759; x_wconf 81' lang='grc' dir='ltr'>ὁ</span> <span class='ocrx_word' id='word_1_918' title='bbox 2649 5703 2922 5774; x_wconf 59' lang='grc' dir='ltr'><strong>διάφοροςι</strong></span> 
     </span>
    </p>
   </div>
  </div>
