3966 6298
517 241 625 298 565

1542 238 1599 292 S.
1642 239 1923 295 CYRILLl
1955 238 2425 297 ALEXANDRINI
2462 242 2781 297 ARCHIEP.

3675 249 3781 304 564

519 348 783 404 ledictum
820 346 877 401 in
913 346 1165 417 quamvis
1189 362 1323 411 rem,
1358 346 1468 401 imo
1491 363 1624 402 vero
1647 349 1899 419 quemvis
1923 351 2104 406 homi-

2215 353 2457 424 γλώττῃ,
2492 356 2585 409 καὶ
2628 356 2727 424 τὴν
2775 357 2862 426 ἐφ’
2900 354 3103 425 ὁτῳοῦν
3127 396 3140 420 ,
3186 355 3388 425 μᾶλλον
3418 358 3475 411 δὲ
3516 358 3784 435 ἀνθρώπῳ

521 453 649 491 nem
678 435 948 508 jactctur?
981 435 1162 488 Nolite
1201 435 1513 500 detrahere,
1550 436 1750 491 fratres
1788 438 1917 503 mei,
1957 438 2100 492 invi-

488 515 662 591 'msm,
725 525 905 596 inquit
950 526 1042 579 ille
1101 525 1401 582 Salvatoris
1458 527 1634 581 nostri
1697 526 2001 599 discipulus
2035 530 2100 583 '°.

520 617 679 674 Nunc
711 627 895 673 autem
922 617 1008 671 lex
1039 616 1217 686 inquit
1259 636 1273 671 :
1307 638 1324 669 ι
1371 618 1490 673 Νοη
1530 618 1827 675 maledices
1849 620 2044 686 surdo;
2075 641 2095 672 ι

521 709 782 763 nimirum
808 724 909 779 per
939 708 1170 779 aenigma
1208 708 1515 778 significare
1552 710 1760 775 volens,
1786 710 2102 768 hominibus

523 818 655 858 sane
675 801 863 872 probis
883 817 1002 857 esse
1028 802 1341 856 necessario
1380 802 1450 856 ab
1480 802 1764 857 inferenda
1791 802 1992 873 injuria
2013 804 2101 858 fu-

522 895 781 966 giendum
825 893 1088 951 :etiamsi
1118 893 1339 963 quidam
1388 894 1656 966 ejusmodi
1701 896 1830 961 sint,
1863 905 1924 951 ut
1951 897 2103 952 nullo

524 986 744 1057 negotio
786 985 868 1039 eis
908 983 1101 1039 inferri
1135 985 1309 1053 possit
1355 1002 1366 1036 :
1403 984 1605 1039 surdus
1647 986 1797 1039 enim
1838 994 1895 1040 et
1928 1001 2106 1041 caecus

523 1092 633 1130 non
664 1085 791 1131 sunt
833 1093 862 1131 a
902 1076 1095 1130 morbo
1119 1075 1315 1142 liberi;
1347 1076 1598 1130 laborant
1626 1077 1825 1150 quippe
1854 1077 2105 1149 corporis

523 1168 708 1232 vitiis,
753 1183 817 1223 ac
857 1168 1112 1223 sensibus
1143 1168 1340 1238 privati
1372 1175 1520 1231 sunt,
1555 1173 1810 1238 aspectu,
1859 1171 2101 1240 inquam,

525 1265 583 1313 et
608 1258 797 1313 auditu
830 1277 844 1312 :
869 1274 1048 1330 neque
1078 1260 1269 1325 audire
1292 1267 1471 1329 potest
1494 1259 1696 1317 surdus
1720 1277 1866 1329 eum,
1891 1264 1985 1331 qui
2011 1262 2106 1317 de-

525 1350 747 1406 trahere
774 1350 924 1415 velit,
958 1344 1136 1421 aeque
1166 1365 1342 1406 cmcus
1373 1366 1499 1407 eum
1527 1352 1791 1422 aSpicerc,
1819 1353 1909 1421 qui
1934 1352 2107 1406 ofl‘en-

527 1440 770 1497 diculum
802 1442 974 1513 ponit.
999 1442 1145 1497 Nihil
1178 1442 1344 1514 igitur
1372 1443 1577 1514 negotii
1606 1450 1710 1507 est,
1743 1459 1873 1499 eum
1911 1444 2103 1508 latere,

526 1533 622 1604 qui
653 1533 759 1588 illis
794 1534 1042 1590 insidiari
1082 1535 1232 1589 velit.
1281 1533 1439 1604 271
1485 1532 1613 1599 Sed,
1660 1550 1799 1605 quos
1851 1534 2104 1603 miserari

526 1626 701 1696 magis
722 1641 939 1695 aequum
966 1634 1107 1691 erat,
1136 1632 1197 1678 ut
1221 1623 1316 1695 qui
1347 1639 1413 1678 ex
1441 1625 1638 1694 seipsis
1664 1640 1760 1679 sua
1809 1624 1921 1695 jam
1956 1625 2105 1679 cala-

2209 445 2370 498 παντὶ
2385 446 2768 516 παραιτεῖσθαι
2784 447 3148 518 κατάρρησιν;
3175 447 3266 518 Μὴ
3287 449 3636 504 καταλαλεῖτε
3658 453 3784 526 γὰρ,

2209 536 2393 606 φησὶν,
2413 536 2628 606 ἀδελφοί
2651 554 2772 608 μου,
2794 537 3062 609 ἀλλήλων,
3083 536 3177 591 τοῦ
3195 539 3447 610 Σωτῆρος
3466 543 3493 594 ό
3518 542 3783 616 μαθητής.

2206 626 2321 680 Νῦν
2351 627 2410 682 δέ
2433 645 2595 698 φησιν
2617 630 2644 680 ὁ
2667 628 2850 698 νόμος⁶
2881 646 2900 679 ι
2928 628 3002 681 Οὐ
3031 629 3217 692 κακῶς
3252 630 3398 699 ἐρεῖς
3434 632 3635 701 κωφὸν,
3667 653 3686 686 ι
3719 635 3783 688 δι’

2208 719 2549 788 αἰνίγματος,
2575 714 2729 788 οἶμαί
2749 736 2850 771 που
2870 760 2884 784 ,
2909 720 3350 790 καταοημαίνειν
3374 721 3573 777 ἐθέλων
3593 724 3654 777 τὸ
3674 726 3783 779 δεῖν

2209 808 2526 877 ἀναγκαίως
2564 808 2689 873 τούς
2717 826 2783 878 γε
2809 809 2884 874 ὡς
2920 810 3136 881 ἀληθῶς
3162 813 3425 877 ἐπιεικεῖς
3451 814 3540 869 τὸν
3565 817 3783 886 τρόπον,

2209 901 2508 972 ἀποφοιτᾷν
2525 901 2757 967 ἀδικίας,
2785 901 2888 956 κᾶν
2912 904 2958 957 εί
2985 903 3046 957 τὸ
3071 903 3263 958 παθεῖν
3282 905 3514 976 ἑτοίμως
3528 906 3784 960 δύνασθαι

2212 989 2487 1062 συμϐαίνῃ
2515 992 2657 1044 τισί·
2691 992 2875 1063 κωφὸς
2906 995 3008 1064 μὲν
3042 995 3149 1066 γὰρ
3174 996 3206 1066 ἢ
3229 997 3449 1066 τυφλὸς,
3478 999 3786 1070 ἀρρωστίας

2208 1083 2308 1134 οὐκ
2353 1081 2658 1151 ἐλεύθεροι·
2716 1083 2933 1137 νοσοῦσι
2978 1084 3087 1157 γὰρ
3134 1086 3196 1158 δὴ
3244 1088 3313 1142 τὰ
3361 1089 3469 1143 ἀπὸ
3499 1089 3782 1161 σώματος,

2211 1172 2435 1238 καὶτὰς
2468 1173 2749 1245 αἰσθήσεις
2790 1176 3188 1249 πεπήρωνται,
3242 1179 3363 1248 ὄψιν
3407 1180 3464 1234 δὲ
3515 1180 3786 1249 λέγω.καὶ

2210 1266 2401 1338 ἀκοήν.
2450 1266 2560 1320 Καὶ
2583 1267 2681 1320 οὐκ
2698 1267 2765 1321 ἂν
2791 1268 3074 1324 ἀκούσειεν
3101 1273 3128 1325 ὁ
3148 1273 3330 1341 κωφὸς
3348 1272 3442 1326 τοῦ
3464 1273 3783 1330 καταλαλεῖν

2212 1357 2508 1422 ἐθέλοντος,
2531 1359 2643 1413 ἀλλ’
2677 1358 2782 1412 οὐδ’
2812 1359 2877 1414 ἂν
2900 1362 3213 1432 καταθεῷτο
3226 1364 3425 1433 τυφλὸς
3457 1365 3546 1421 τὸν
3569 1383 3784 1438 προπι-

2211 1450 2374 1505 θὲντα
2425 1452 2737 1506 σκάνδαλον.
2788 1454 2983 1510 Λαθεῖν
3032 1453 3125 1509 οὖν
3163 1456 3268 1527 ἀρα
3319 1458 3553 1526 χαλεπὸν
3607 1458 3781 1523 οὐδὲν,

2212 1542 2312 1597 κᾶν
2351 1545 2400 1597 εί
2436 1543 2674 1615 βούλοιτό
2713 1562 2796 1610 τις
2838 1546 3207 1601 ἐπιϐουλεύειν
3251 1549 3455 1613 αὐτοῖς.
3510 1550 3649 1602 Ἀλλ’
3690 1549 3783 1614 οὓς

2212 1636 2317 1688 ἔδει
2347 1635 2545 1706 μᾶλλον
2572 1635 2713 1689 ἐλεῖν
2731 1636 2839 1704 ,ὡς
2860 1638 3288 1708 ηρρωστηκότας
3323 1639 3422 1708 ἥδη
3448 1640 3545 1709 τῆς
3573 1639 3783 1693 οἴκοθεν

527 1718 717 1772 mitate
736 1717 1069 1781 laborarent,
1092 1731 1186 1771 eos
1208 1716 1434 1787 insuper
1457 1715 1658 1786 injuria
1679 1714 1893 1770 afﬁcere
1916 1714 2110 1785 depre-

2215 1729 2517 1797 συμφορᾶς,
2547 1728 2643 1782 καὶ
2668 1728 3126 1799 προσαδικοῦντες
3154 1728 3474 1797 ἁλώσονται,
3504 1731 3785 1804 σκανδάλῳ

527 1809 881 1874 henduntur,
923 1821 1047 1862 cum
1088 1806 1421 1863 otl'endiculo
1498 1807 1720 1876 quidem
1763 1822 1968 1862 caecum
2009 1823 2108 1862 nc-

529 1901 793 1956 scientem
824 1900 879 1955 in
910 1915 1097 1955 casum
1123 1907 1306 1970 agant,
1340 1897 1407 1952 de
1440 1898 1697 1952 convitiis
1726 1914 1858 1954 vero
1882 1899 2111 1954 surdum

528 2003 785 2063 tanquam
812 1992 880 2047 de
909 1990 1187 2054 laudibus,
1219 1989 1492 2044 interdum
1513 1989 1693 2044 ridere
1720 1991 2108 2061 persuadeant,

529 2101 692 2154 quem
716 2086 1038 2154 plerumque
1065 2082 1121 2136 in
1151 2080 1317 2135 rebus
1340 2082 1637 2151 praecipuis
1664 2080 1886 2136 feriunt.
1920 2082 2109 2153 Igitur,

529 2178 573 2231 si
593 2177 719 2247 quis
737 2177 853 2231 hinc
875 2175 1052 2229 facere
1075 2173 1371 2237 studuerit,
1398 2173 1613 2229 occulta
1637 2172 1859 2243 quidem
1884 2174 1940 2233 in
1963 2182 2112 2228 utro-

529 2283 637 2339 que
662 2268 770 2322 erit
797 2267 916 2337 ejus
938 2266 1279 2338 malignitas;
1309 2265 1531 2319 saevitia;
1552 2279 1682 2318 vero
1707 2272 1763 2318 et
1798 2264 2110 2319 inhumani-

534 2361 662 2417 tatis
687 2361 935 2415 maximae
957 2360 1168 2414 crimen
1192 2355 1339 2413 haud
1365 2370 1605 2426 unquam
1637 2355 1880 2426 effugiet.

602 2452 799 2507 PALL.
836 2452 1038 2507 Verum
1072 2458 1177 2506 est.

604 2545 759 2600 (ΠΗ.
790 2544 926 2600 Nam
954 2551 1195 2597 veterem
1222 2555 1441 2611 quoque
1466 2540 1661 2611 legem,
1692 2540 1835 2595 inter
1856 2555 1957 2595 nos
1984 2555 2107 2596 mu-

533 2647 628 2695 tuo
650 2639 896 2710 diligere,
914 2644 971 2692 et
999 2633 1381 2697 misericordes
1410 2649 1529 2689 esse
1549 2633 1708 2699 velle,
1727 2633 1885 2688 facile
1908 2633 2106 2699 disces,

533 2728 579 2784 si
599 2727 745 2783 illius
763 2727 931 2783 verba
955 2726 1166 2792 audies,
1191 2725 1445 2791 dicentis,
1470 2740 1620 2781 nunc
1638 2725 1860 2795 quidem
1887 2742 1900 2779 :
1927 2745 1945 2776 ι
1970 2726 2112 2795 Ape-

532 2818 729 2875 riendo
758 2819 974 2890 aperies
1009 2819 1223 2875 viscera
1267 2826 1359 2875 tua
1391 2832 1555 2888 super
1599 2817 1877 2889 indigente
1941 2817 2112 2872 fratre

534 2910 629 2982 qui
647 2910 802 2967 estin
827 2919 880 2967 te
905 2912 1050 2976 ¹¹-¹²;
1074 2930 1093 2962 ι
1121 2925 1269 2965 nunc
1282 2925 1413 2966 vero
1441 2929 1453 2963 :
1483 2910 1872 2965 «Etadvenam
1892 2924 2001 2964 non
2025 2908 2109 2963 af-

535 3003 754 3076 ﬂigetis,
786 3018 963 3071 neque
986 3002 1307 3072 opprimetis
1334 3017 1496 3067 eum;
1522 3002 1693 3058 eratis
1716 3003 1863 3058 enim
1887 3000 2110 3055 advena:

536 3098 592 3153 in
632 3105 779 3153 terra
817 3094 1053 3168 Egypti.
1080 3093 1312 3151 Omnem
1342 3093 1563 3149 viduam
1600 3101 1657 3147 et
1694 3091 1961 3163 pupillum
1999 3106 2111 3145 non

538 3189 787 3261 atlligetis
817 3207 829 3242 :
856 3188 1003 3258 quod
1026 3187 1072 3242 si
1098 3185 1385 3258 atiligendo
1406 3183 1707 3240 aﬂlixeritis
1730 3183 1895 3253 ipsos,
1920 3188 1978 3237 et
2000 3181 2113 3237 cla—

539 3289 751 3336 mantes
780 3278 1138 3334 clamaverint
1169 3277 1237 3333 ad
1268 3293 1378 3342 me,
1430 3276 1622 3335 auditu
1667 3273 1882 3330 audiam
1920 3288 2115 3329 vocem

537 3387 730 3428 eorum
760 3377 817 3426 et
848 3370 1053 3426 irascar
1095 3369 1197 3434 ira,
1239 3377 1296 3423 et
1337 3366 1661 3427 interficiant
1696 3380 1794 3421 vos
1833 3362 2034 3434 gladio,
2060 3369 2121 3418 et

538 3471 704 3520 erunt
744 3476 946 3518 uxores
985 3467 1184 3516 vestra:
1223 3459 1435 3524 viduae,
1461 3465 1517 3514 et
1559 3456 1657 3510 lilii
1688 3454 1859 3510 vestri
1898 3453 2111 3525 pupilli.

538 3555 696 3623 Quod
720 3555 767 3611 si
789 3563 1075 3627 argentum
1097 3552 1434 3613 mutuaveris
1455 3548 1613 3605 fratri
1631 3557 1725 3603 tuo
1747 3547 1997 3618 pauperi,
2019 3548 2117 3619 qui

539 3657 625 3704 est
653 3646 798 3718 apud
845 3655 918 3711 te,
948 3661 1061 3701 non
1102 3644 1326 3716 urgebis
1368 3657 1513 3706 eum,
1555 3655 1737 3710 neque
1778 3640 2027 3709 imponcs
2061 3641 2117 3697 ei

542 3751 769 3791 usuram
796 3752 809 3788 :
836 3734 985 3805 quod
1023 3735 1069 3789 si
1111 3732 1446 3806 pignerando
1476 3730 1793 3809 pigneratus
1823 3729 1994 3787 fueris
2020 3746 2115 3785 ve-

543 3834 680 3881 stem
711 3826 944 3896 proximi
976 3827 1076 3892 tui,
1110 3834 1237 3880 ante
1280 3822 1413 3878 solis
1448 3836 1702 3876 occasura
1744 3820 1941 3877 reddes
1965 3822 2113 3893 ipsi:

544 3918 635 3973 hic
656 3918 803 3975 enim
829 3926 913 3974 est
934 3920 1166 3974 amictus
1188 3914 1358 3987 ipsius
1389 3912 1587 3977 solum,
1613 3912 1721 3969 hoc
1740 3921 2116 3984 tegumentum

545 4010 900 4082 turpitudinis
931 4014 1070 4083 ejus,
1112 4010 1169 4063 in
1200 4021 1308 4083 quo
1335 4004 1603 4060 dormiet?
1636 4005 1695 4060 Si
1724 4006 1889 4078 igitur
1912 4007 2116 4063 clama-

542 4103 683 4160 verit
697 4104 766 4159 ad
783 4101 1190 4169 me,exaudiam
1207 4114 1363 4164 eum;
1381 4096 1696 4152 misericors
1710 4098 1856 4154 enim
1873 4114 1994 4153 sum
2016 4101 2078 4155 ”.
2090 4120 2111 4153 ι

546 4195 713 4251 Audis
734 4212 842 4266 qua
868 4193 1098 4256 ratione,
1126 4205 1253 4245 cum
1276 4190 1650 4260 proposuisset
1672 4189 1887 4245 dulcem
1913 4200 2119 4248 mutuas

543 4280 936 4336 benevolentiae
969 4277 1337 4347 disciplinam,
1379 4277 1606 4347 insuper
1636 4278 1774 4333 iram
1803 4287 1967 4350 atque
1991 4283 2116 4336 vin-

542 4372 746 4427 dictam
768 4377 851 4425 est
879 4367 1261 4433 comminatus,
1295 4377 1352 4424 et
1388 4369 1456 4425 iis
1495 4368 1591 4439 qui
1613 4369 1909 4426 vindictam
1940 4371 2109 4438 illam,
2145 4408 2190 4464 υ

542 4462 648 4518 nisi
679 4458 1072 4516 misericordiae
1111 4459 1171 4514 in
1203 4458 1401 4515 fratres
1436 4461 1680 4517 studium
1720 4461 2108 4532 impenderim,

542 4550 777 4608 subituri
799 4557 945 4613 sunt,
969 4548 1203 4620 benigne
1225 4550 1620 4622 propemodum
1655 4567 1876 4607 causam
1900 4552 2119 4607 reddit?

540 4642 682 4713 Quia
712 4641 998 4713 benignus,
1034 4641 1308 4713 inquiens,
1350 4658 1507 4710 sum;
1551 4643 1607 4699 id
1650 4650 1753 4707 est,
1796 4657 1920 4697 cum
1953 4642 2110 4697 beni-

542 4751 681 4809 gnus
699 4741 895 4794 natura
917 4734 1043 4798 sim,
1064 4741 1127 4789 et
1140 4735 1470 4800 misericors,
1493 4742 1682 4804 utpote
1700 4732 1794 4803 qui
1818 4733 1964 4788 Deus
1985 4735 2108 4801 sim,

542 4830 804 4901 accipiam
835 4828 1058 4884 omnino
1078 4829 1257 4884 vexati
1279 4827 1515 4885 hominis
1539 4827 1855 4891 clamorem,
1889 4835 1945 4881 et
1978 4843 2114 4885 con-

545 4922 698 4979 tinuo
720 4917 1022 4975 miserebor
1043 4917 1411 4991 lacrymarum
1424 4930 1616 4972 eorum
1662 4915 1757 4986 qui
1780 4920 2117 4988 paupertatis

546 5013 690 5068 mole
713 5018 1056 5080 premuntur.
1075 5008 1331 5066 Cavenda
1351 5014 1435 5062 est
1465 5006 1632 5077 igitur
1648 5011 1909 5079 pauperis
1920 5011 2117 5068 adver-

547 5116 644 5156 sus
656 5115 756 5155 nos
776 5098 1112 5156 vociferatio.
1140 5100 1272 5154 Esse
1295 5104 1478 5153 autem
1498 5096 1571 5152 ad
1596 5099 2113 5163 communicandum

548 5190 737 5248 faciles
778 5200 1063 5263 oportere,
1102 5198 1162 5244 et
1205 5188 1528 5245 charitatem
1570 5189 1625 5245 in
1661 5204 1933 5260 pauperes
1967 5207 2117 5248 surn-

551 5297 641 5353 mo
695 5282 878 5340 studio
938 5280 1373 5355 amplectendam
1416 5286 1647 5351 putare,
1685 5281 1858 5336 suasit
1923 5299 2117 5342 rursus

547 5374 606 5430 in
632 5376 1083 5439 Deuteronomio,
1118 5374 1309 5430 dicens
1335 5391 1349 5427 :
1396 5391 1415 5425 ι
1446 5372 1875 5429 Nonfraudabis
1906 5389 2119 5432 merce-

546 5467 671 5525 dem
689 5469 944 5540 pauperis
972 5474 1068 5521 aut
1091 5464 1387 5535 indigentis
1413 5480 1481 5521 ex
1507 5465 1770 5522 fratribus
1795 5467 1955 5537 272
1985 5469 2113 5535 tuis,

2216 1818 2312 1887 μὲν
2354 1818 2443 1871 τὸν
2477 1817 2676 1888 τυφλὸν
2706 1821 2807 1872 οὐκ
2846 1820 3026 1874 εἰδότα
3055 1819 3431 1891 συντρίϐοντες
3452 1860 3467 1886 ,
3497 1820 3782 1894 λοιδορίαις

2211 1910 2266 1961 δὲ
2300 1908 2392 1962 τὸν
2430 1909 2634 1978 κωφὸν,
2661 1909 2736 1973 ὡς
2776 1910 2862 1963 ἐπ’
2888 1908 3211 1981 εὐφημίαις,
3260 1910 3370 1965 ἐσθ’
3400 1912 3490 1965 ὅτε
3531 1911 3626 1967 καὶ
3668 1930 3791 1984 μειι

2211 2001 2327 2070 διᾷν
2352 2001 2738 2065 ἀναπείθοντες
2758 2043 2773 2066 ,
2812 2000 3137 2073 πλήττοντές
3168 2019 3232 2071 γε
3276 2001 3380 2074 μὴν
3417 2004 3510 2056 καὶ
3536 2004 3615 2067 είς
3646 2003 3785 2058 αὐτά

2215 2107 2315 2143 που
2355 2090 2617 2154 πολλάκις
2669 2094 2740 2145 τά
2781 2092 3144 2163 καιριώτατα.
3175 2093 3385 2147 Οὐκοῦν
3427 2094 3782 2164 κεκρυμμένη

2217 2183 2336 2253 μὲν,
2372 2182 2531 2253 εἴπερ
2560 2182 2737 2237 ’ἐλοιτό
2772 2200 2855 2247 τις
2875 2226 2890 2249 ,
2936 2187 2971 2255 ἡ
3000 2185 3085 2237 ἐπ’
3117 2186 3319 2256 ἀμφοῖν
3345 2183 3410 2239 ἂν
3443 2186 3649 2254 γένοιτο
3682 2203 3783 2239 κα-

2214 2273 2446 2345 κουργία
2469 2315 2484 2340 ,
2515 2274 2882 2347 σκληρότητος
2913 2275 2969 2328 δὲ
3000 2276 3093 2331 καὶ
3122 2276 3219 2347 τῆς
3252 2276 3393 2346 ἄγαν.
3430 2273 3784 2348 μισαλληλίας

2211 2369 2310 2425 οὐκ
2338 2366 2404 2420 ἂν
2427 2367 2737 2438 διεξοίχοιτο
2764 2369 3000 2439 γραφήν.

2285 2460 2490 2513 ΠΛΛΛ.
2539 2459 2780 2528 Ἀληθές.

2283 2548 2446 2605 ΚΥΡ.
2481 2550 2837 2620 Φιλαλλήλους
2885 2549 2992 2620 γάρ
3031 2550 3114 2603 ὅτι
3155 2550 3249 2603 καὶ
3296 2549 3783 2620 φιλοικτίρμονας,

2214 2641 2307 2694 καὶ
2342 2639 2404 2693 τὸ
2435 2641 2657 2712 ἀρχαῖον
2685 2641 2832 2711 ἡμᾶς
2870 2640 3159 2712 καθίστησι
3196 2640 3492 2710 θέσπισμα,
3533 2641 3669 2711 ῥᾷον
3717 2640 3785 2696 ἂν

2216 2732 2405 2803 μάθοις
2443 2733 2648 2787 ἐπαΐων
2699 2731 2944 2800 λέγοντος
2964 2772 2978 2796 ,
3032 2732 3123 2786 ότὲ
3171 2732 3292 2803 μὲν,
3339 2732 3421 2786 ὅτι
3460 2751 3479 2784 ι
3525 2726 3785 2801 ’Δνοίγών

2212 2823 2445 2889 ἀνοίξεις
2473 2824 2543 2880 τὰ
2582 2824 2868 2894 σπλάγχνα
2922 2841 3014 2878 σου
3065 2824 3143 2890 τῷ
3182 2824 3394 2894 ἀδελφῷ
3425 2839 3517 2880 σου
3548 2821 3626 2893 τῷ
3660 2824 3786 2876 ἐπι-

2212 2916 2450 2988 δεομένῳ
2471 2918 2530 2970 ἐν
2549 2917 2665 2970 σοί·
2694 2934 2715 2967 ι
2740 2916 2828 2969 ὁτὲ
2853 2915 2910 2968 δὲ
2937 2910 3026 2979 αὖ,
3064 2937 3083 2967 ι
3111 2916 3221 2970 Καὶ
3243 2915 3578 2987 προσήλυτον
3600 2914 3663 2967 οὺ
3682 2930 3786 2968 κα-

2215 3007 2442 3072 κώσετε,
2477 3008 2597 3062 οὐδὲ
2632 3007 2708 3080 μὴ
2738 3007 2952 3077 θλίψετε
2977 3006 3156 3062 αὐτόν’
3188 3004 3285 3079 ἦτε
3315 3008 3423 3077 γὰρ
3453 3005 3786 3077 προσήλυτοι

2215 3102 2272 3153 ἐν
2299 3102 2370 3171 γῇ
2395 3098 2531 3167 Δίγύ
2542 3115 2695 3153 πτου.
2729 3101 2915 3154 Πᾶσαν
2942 3100 3121 3171 χῆραν
3151 3098 3245 3152 καὶ
3264 3098 3497 3170 ὀρφανὸν
3514 3097 3576 3152 οὐ
3595 3096 3783 3151 κακώ-

2217 3208 2340 3245 σετε
2363 3209 2377 3222 ο
2407 3190 2571 3245 ἐὰνδὲ
2596 3191 2767 3263 κακίᾳ
2792 3190 3082 3261 κακώσητε
3104 3189 3300 3254 αὐτοὺς
3322 3232 3338 3255 ,
3369 3190 3464 3245 καὶ
3484 3187 3787 3261 κράξαντες

2214 3278 2595 3350 καταϐοήσωσι
2625 3279 2761 3350 πρὸς
2791 3280 2878 3350 μὲ,
2906 3281 3043 3351 ἀκοῇ
3072 3279 3459 3350 είσακούσομαι
3474 3280 3570 3351 τῆς
3596 3278 3784 3348 φωνῆς

2214 3370 2423 3436 αὐτῶν,
2485 3370 2580 3425 καὶ
2631 3371 3039 3443 ὀργισθήσομαι
3092 3372 3281 3444 θυμῷ,
3332 3372 3427 3427 καὶ
3484 3368 3775 3425 ἀποκτενῶ

2214 3464 2359 3534 ὑμᾶς
2399 3463 2647 3536 μαχαίρᾳ
2662 3506 2677 3530 ,
2696 3466 2789 3518 καὶ
2815 3464 3031 3520 ἔσονται
3057 3467 3111 3520 αἱ
3138 3467 3394 3535 γυναῖκες
3414 3463 3566 3534 ὑμῶν
3587 3463 3784 3533 χῆραι,

2214 3558 2308 3615 καὶ
2332 3557 2401 3611 τά
2420 3556 2608 3610 παιδία
2644 3556 2799 3628 ὑμῶν
2827 3558 3056 3629 ὀρφανά.
3097 3557 3222 3615 Ἐὰν
3251 3556 3307 3613 δὲ
3330 3554 3589 3628 ἀργύριον
3619 3554 3788 3608 ἐκδα-

2214 3650 2398 3721 νείσῃς
2427 3648 2506 3720 τῷ
2550 3649 2766 3720 ἀδελφῷ
2822 3666 2916 3703 σου
2964 3648 3205 3719 πενιχρῷ
3241 3647 3319 3718 τῷ
3351 3649 3502 3718 παρά
3531 3648 3643 3712 σοὶ,
3682 3648 3789 3701 οὐκ

2214 3741 2312 3812 ἔσῃ
2352 3741 2514 3795 αὑτὸν
2551 3741 2919 3810 κατεπείγων,
2950 3740 3071 3795 οὑδέ
3103 3740 3381 3812 ἐπιθήσεις
3408 3738 3558 3809 αὐτῷ
3592 3738 3787 3793 τόκονο

2216 3832 2312 3886 ἐὰν
2344 3832 2403 3886 δὲ
2444 3831 2792 3903 ἐνεχύρασμα
2820 3831 3155 3901 ἐνεχυράσῃς
3177 3830 3241 3884 τὸ
3266 3831 3479 3900 ἱμάτιον
3514 3824 3620 3884 τοῦ
3647 3828 3789 3898 πλη-

2217 3924 2331 3978 σίον
2370 3942 2486 3991 σου,
2528 3925 2632 3996 πρὸ
2658 3923 2876 3995 δυσμῶν
2904 3924 3055 3994 ἡλίου
3089 3921 3388 3984 ἀποδώσεις
3421 3919 3590 3992 αὐτῷ.
3625 3921 3787 3974 Ἐστι

2215 4015 2324 4084 γὰρ
2345 4013 2500 4067 τοῦτο
2531 4013 2874 4084 περιϐόλαιον
2896 4009 3059 4065 αὐτοῦ
3092 4011 3270 4080 μόνον,
3296 4009 3454 4064 τοῦτο
3477 4009 3553 4064 τὸ·
3569 4010 3788 4079 ίμὰίτιον

2216 4100 2601 4174 ἀσχημοσύνης
2640 4100 2833 4153 αὐτοῦ’
2871 4103 2933 4154 ἐν
2958 4100 3062 4153 τίνι
3086 4099 3518 4170 κοιμηθήσεται;
3553 4098 3649 4153 ἐὰν
3692 4095 3791 4155 οὖν

2216 4194 2528 4265 καταϐοήσῃ
2570 4191 2705 4263 πρός
2745 4208 2833 4262 με,
2868 4190 3256 4260 εῖσακούσομαι
3304 4190 3503 4244 αὐτοῦ·
3534 4192 3791 4263 ἐλεήμων

2215 4285 2324 4356 γάρ
2349 4286 2483 4353 εἰμι.
2524 4301 2544 4335 ι
2585 4280 2826 4345 ’Δκούεις
2848 4282 2995 4346 ὅπως
3021 4281 3081 4334 τὸ
3106 4281 3278 4350 γλυκὺ
3306 4281 3405 4351 τῆς
3431 4281 3793 4354 φιλαλληλίας

2198 4375 2448 4449 ,μάθημα
2474 4371 2767 4444 προτιθεὶς,
2801 4372 3204 4443 προσηπείλησε
3235 4371 3334 4444 τὴν
3368 4373 3565 4446 ὀργήνς
3590 4389 3790 4444 μονον-

2217 4467 2337 4535 ουχὶ
2364 4464 2423 4517 δὲ
2472 4463 2564 4517 καὶ
2591 4461 2949 4531 ἀπολογεῖται»
2990 4462 3240 4533 χρηστῶς
3267 4464 3379 4525 τοῖς
3432 4461 3600 4534 αὐτὴν
3650 4464 3790 4519 ὑπο·-

2222 4559 2401 4626 μεῖναι
2433 4553 2736 4625 μέλλουσιν,
2764 4553 2813 4606 εί
2847 4553 2921 4623 μὴ
2948 4555 3184 4605 ποιοῖντο
3209 4551 3298 4611 διὰ
3324 4552 3557 4624 σπουδῆς
3577 4553 3681 4624 τὴν
3708 4556 3789 4617 εἰς

2218 4645 2477 4714 ἀδελφοὺς
2505 4643 2942 4715 εὐσπλαγχνίανς
2989 4643 3268 4715 Ἐλεήμων
3304 4643 3414 4714 γάρ
3441 4646 3578 4714 ειμι,
3608 4645 3747 4715 φησὶ
3768 4683 3785 4709 ,

2218 4736 2518 4802 τουτέστιν,
2546 4735 2751 4804 ἀγαθὸς
2780 4734 2857 4790 ὢν
2879 4735 3023 4790 κατά
3054 4734 3237 4804 φύσιν,
3271 4735 3366 4788 καὶ
3385 4735 3687 4806 οἰκτίρμων
3711 4735 3787 4800 ὡς

2219 4830 2373 4894 Θεὸς,
2412 4828 2777 4901 προσδέξομαι
2819 4828 3037 4893 πάντως
3068 4826 3169 4899 τὴν
3195 4825 3290 4880 τοῦ
3324 4826 3586 4890 παθόντος
3614 4843 3789 4879 κατα-

2220 4922 2371 4995 ϐοὴν,
2396 4923 2492 4977 καὶ
2528 4921 2736 4992 ἐλεήσω
2766 4919 3071 4992 προχείρως
3097 4917 3207 4972 τῶν
3234 4920 3302 4989 τῇ
3334 4917 3492 4988 πενίᾳ
3528 4918 3793 4988 κατηχθι-

2225 5012 2439 5083 σμένων
2463 5010 2525 5065 τὸ
2551 5008 2805 5081 δάκρυον.
2832 5007 3207 5079 Παραιτητὲον
3233 5002 3325 5060 οὖν
3354 5006 3463 5077 ἀρα
3494 5005 3585 5059 τοῦ
3620 5006 3791 5077 πένη-

2220 5122 2311 5167 τος
2332 5104 2431 5174 τὴν
2456 5103 2819 5174 κατάρρησιν.
2855 5100 2979 5155 Ὀτι
3009 5098 3120 5169 γὰρ
3140 5094 3282 5151 εἶναι
3308 5098 3576 5168 προσήκει
3598 5113 3791 5150 κοινω-

2222 5196 2426 5260 νικοὺς,
2461 5195 2556 5249 καὶ
2594 5192 2834 5262 σπουδῆς
2857 5189 3045 5256 ἀξιοῦν
3070 5189 3174 5260 τῆς
3199 5188 3664 5261 προὺργιαιτάτης
3689 5185 3790 5258 τὴν

2224 5285 2607 5358 φιλοπτωχίαν,
2647 5281 3060 5353 ἐκδεδυσὼπηκε
3084 5280 3244 5335 πάλιν
3281 5282 3339 5334 ἐν
3371 5279 3448 5350 τῷ
3472 5282 3792 5349 Δευτερονσ-

2227 5378 2356 5450 μίῳ,
2382 5376 2577 5446 λέγων,
2611 5395 2629 5427 ι
2654 5376 2770 5430 Οὐκ
2800 5373 3201 5443 ἀποστερήσεις
3235 5370 3423 5442 μισθὸν
3464 5371 3722 5437 πένητος,
3754 5366 3788 5437 ἢ

2227 5467 2437 5531 ἐνδεοῦς
2462 5470 2524 5521 ἐκ
2552 5466 2660 5521 τῶν
2688 5466 2928 5537 ἀδελφῶν
2960 5484 3076 5533 σου,
3112 5465 3144 5538 ἢ
3185 5466 3248 5520 ἐκ
3285 5463 3391 5519 τῶν
3437 5459 3791 5536 προσηλύτων

627 5645 672 5679 ⁸ο
701 5645 813 5701 Jac.
845 5662 915 5711 tv,
955 5645 1038 5698 11.
1124 5645 1235 5677 ¹¹·¹²
1288 5647 1443 5701 Deut.
1481 5662 1565 5712 xv,
1598 5647 1648 5699 7.
1728 5647 1769 5681 ¹³
1800 5647 1971 5704 Exod.
2006 5664 2134 5715 un,
2182 5648 2365 5702 21-27.

3526 5770 3535 5773 λ
3576 5761 3608 5771 Α
