3966 6298
148 223 250 299 ἐδδ

871 243 960 299 DE
996 241 1438 300 ADORATIONE
1478 244 1544 298 IN
1585 237 1853 296 SPIRITU
1894 237 1982 292 ET
2024 230 2391 293 V'ERITATE.
2433 236 2559 291 LIB.
2604 237 2735 293 Vlil.

159 360 256 415 τῶν
283 361 343 412 ὲν
372 362 503 422 ταῖς
536 358 727 413 πόλεσί
756 376 870 425 σου,
898 361 1264 433 αὑθημερινὸν
1295 360 1597 423 ἀποδώσεις
1633 363 1724 416 τὸν
1758 404 1763 419 ι

1866 356 1913 412 el
1925 372 1992 411 ex
2008 355 2235 411 advenis
2246 354 2341 424 qui
2358 362 2487 408 sunt
2514 354 2571 408 in
2588 354 2820 409 urbibus
2838 355 2974 419 tuis;
2992 355 3184 410 eodem
3212 355 3301 411 die
3317 357 3438 413 red;

167 445 348 518 μισθὸν
377 445 577 500 αὐτοῦ.
608 447 725 501 Οὐκ
750 447 1063 503 ὲπιδύσεται
1089 452 1116 503 6
1145 451 1297 521 ήλιος
1334 451 1421 504 ἐπ’
1453 451 1633 522 αὐτῷ,
1661 454 1742 508 δτι

167 538 327 609 πένης
365 538 529 602 ἐστὶ,
560 539 658 592 καὶ
697 539 786 593 ἐπ’
831 540 980 611 αὐτῷ
1019 541 1135 613 ἔχει
1173 543 1273 613 τὴν
1303 542 1521 598 ἐλπίδα*
1558 546 1653 597 καὶ
1683 547 1743 599 οὐ

170 628 566 701 καταϐοήσεται
589 630 735 685 κατά
761 631 856 685 σοῦ
888 633 1031 703 πρὸς
1058 634 1287 706 Κύριον,
1325 637 1421 691 καὶ
1458 637 1559 690 οὐκ
1592 636 1745 693 ἔσται

172 725 224 777 ὲν
251 723 332 776 σοὶ
352 724 661 794 ἁμαρτία.»
694 724 894 795 Συνίης
915 723 1011 780 οὖν
1034 727 1121 780 ὅτι
1151 726 1245 780 τοῦ
1272 728 1505 799 πένητος
1529 729 1628 801 τὴν
1652 749 1748 784 κα-

172 815 371 887 ταϐοὴν
398 816 772 887 κατορρωδεῖν
804 817 1109 884 ἀναπείθει,
1136 819 1478 875 συνελαύνων
1508 822 1590 886 εἰς
1618 822 1745 892 φιλ-

174 908 462 978 αλληλίαν;
491 909 591 964 καὶ
619 911 652 981 ή
686 908 787 979 μὲν
836 910 931 965 νέα
954 926 1015 963 τε
1045 911 1139 965 καὶ
1161 911 1252 966 διὰ
1273 912 1513 983 Χριστοῦ
1536 914 1747 986 Γραφῇ,

171 1002 228 1055 rb
245 1001 471 1065 τελείως
494 1000 700 1070 ἀγαθὸν
731 1002 1079 1074 εἰσφέρουσα,
1108 1021 1127 1054 ι
1152 1004 1450 1075 Πωλήσατε
1478 1004 1553 1059 τά
1576 1006 1750 1078 ὑπάρ-

174 1108 352 1162 χοντα,
382 1092 551 1163 φησὶ,
578 1092 673 1147 καὶ
709 1091 829 1146 δότε
863 1093 1256 1165 ἐλεημοσύνην,
1297 1096 1393 1149 καὶ
1427 1096 1536 1149 ἰδοὺ
1573 1097 1753 1151 πάντα

176 1183 326 1239 εὔοδα
355 1186 435 1253 (Ι)
468 1187 599 1256 ύμῖν
628 1185 812 1241 ἔσται’
840 1204 858 1239 ι
889 1185 917 1239 δ
937 1185 1000 1258 δὴ
1019 1187 1115 1241 καὶ
1133 1187 1424 1260 δεδράκασι
1451 1188 1561 1242 τῶν
1590 1206 1753 1243 πεπι-

179 1278 478 1331 στευκότων
515 1279 679 1343 τινές.
717 1297 737 1330 ‹
764 1277 1173 1350 Προσεκόμιζον
1196 1281 1306 1351 γάρ
1338 1280 1555 1353 χωρίων
1575 1298 1634 1334 τε
1660 1282 1754 1335 καὶ

175 1368 362 1422 οἰκιῶν
405 1369 607 1440 τιμάς,
642 1369 736 1423 καὶ
780 1369 1032 1424 ἐτίθεσαν
1076 1370 1233 1443 παρά
1275 1371 1405 1434 τοὺς
1448 1371 1617 1432 πόδας
1648 1371 1755 1426 τῶν

176 1460 530 1525 ἀποστόλων,
584 1461 839 1516 διεδίδοτο
880 1462 940 1516 δὲ
1002 1463 1222 1534 ἑκάστῳ
1250 1503 1265 1528 ,
1302 1462 1491 1517 καθότι
1548 1462 1614 1517 ἀν
1673 1480 1757 1526 τις

178 1553 363 1623 χρείαν
392 1547 591 1623 εἶχεν.»
631 1554 852 1626 Ἐπειδὴ
872 1554 927 1609 δὲ
964 1555 1313 1625 στοιχειωτής
1346 1555 1499 1609 ἐστιν
1517 1557 1545 1608 ὀ
1572 1555 1755 1626 νόμος,

176 1643 267 1696 καὶ
304 1645 388 1706 εἰς
420 1642 596 1713 ἀρχὰς
622 1643 891 1714 ἀποφέρει
926 1642 1038 1696 τῶν
1074 1643 1271 1711 λογίων
1302 1641 1396 1697 τοῦ
1430 1641 1587 1706 Θεοῦ,
1618 1661 1753 1715 προ-

181 1732 472 1804 μελέτησιν
499 1732 689 1805 ὥσπερ
722 1733 843 1788 τινά
876 1734 977 1804 τῆς
1018 1735 1099 1798 εἰς
1142 1734 1331 1787 τοῦτον
1360 1734 1550 1805 τρίϐου
1581 1737 1747 1788 ποιεῖ·

181 1826 305 1879 σθαι
333 1826 662 1896 προστάττει
690 1826 754 1879 rb
776 1826 854 1891 ὠς
885 1828 942 1879 έν
976 1825 1177 1894 ὀλίγοις
1202 1825 1454 1894 ἄφθονον,
1483 1824 1570 1880 διὰ
1597 1826 1757 1880 τοῦτό

179 1931 340 1984 φησιν
363 1932 379 1945 ·
407 1933 427 1967 ι
453 1913 583 1968 Ἐἀν
604 1915 661 1969 δὲ
680 1916 901 1987 ἀμήσῃς
928 1916 1137 1986 ἀμητόν
1160 1932 1254 1969 σου
1276 1917 1334 1969 ὲν
1365 1914 1443 1985 τῷ
1459 1915 1614 1986 ἀγρῷ
1639 1933 1755 1983 σου,

179 2006 270 2059 καὶ
296 2005 534 2077 ἐπιλάϐῃ
561 2005 777 2076 δράχμα
813 2009 871 2059 ἐν
900 2006 978 2077 τῷ
1014 2006 1170 2078 ἁγρῷ
1202 2021 1318 2071 σου,
1350 2007 1451 2060 οὐκ
1482 2007 1755 2078 ἀναστρα-

182 2097 327 2166 φήσῃ
367 2094 552 2150 λαϐεῖν
579 2096 733 2150 αὐτό*
780 2097 858 2168 τῷ
904 2096 1125 2168 πτωχῷ,
1176 2098 1271 2152 καὶ
1314 2096 1393 2168 τῷ
1436 2098 1758 2170 προσηλύτῳ

184 2190 271 2241 καὶ
308 2188 391 2260 τῷ
418 2189 642 2261 ὀρφανῷ
674 2189 770 2243 καὶ
798 2192 864 2262 τῇ
895 2191 1040 2262 χήρᾳ
1067 2189 1241 2254 ἔσται,
1275 2191 1365 2244 ἵνα
1396 2192 1669 2265 εὐλογήσῃ
1700 2208 1759 2244 σε

184 2278 385 2351 Κύριος
406 2283 438 2334 6
474 2280 608 2344 Θεός
640 2298 734 2335 σου
774 2282 833 2333 έν
865 2282 998 2335 πᾶσι
1032 2284 1148 2346 τοῖς
1185 2280 1368 2354 ἔργοις
1399 2282 1509 2337 τῶν
1560 2283 1759 2355 χειρῶν

186 2384 295 2422 σου·
329 2370 429 2424 ἐὰν
450 2370 510 2423 δὲ
535 2369 850 2442 ὲλαιολογῇς
876 2370 973 2442 (‘2).
1004 2372 1105 2425 οὐκ
1134 2371 1569 2445 έπαναστρέψεις
1592 2372 1762 2427 καλα-

189 2459 466 2529 μήσασθαι
518 2460 589 2514 τὰ
629 2462 805 2515 ὀπίσω
848 2479 961 2527 σου,
1023 2458 1102 2533 τῷ
1167 2462 1492 2536 προσηλύτῳ
1538 2464 1635 2518 καί
1683 2461 1762 2535 τῷ

186 2550 399 2621 ὀρφανῷ
431 2553 525 2606 καὶ
544 2554 610 2623 τῇ
638 2554 785 2624 χήρᾳ
808 2553 983 2620 ἔσται,
1012 2554 1104 2608 καί
1131 2555 1418 2627 μνησθήσῃ
1443 2557 1525 2610 ὅτι
1546 2557 1762 2626 οἰκέτης

111 2666 123 2673 -
185 2635 322 2709 ⁴ἶνισθα
355 2642 415 2693 ὲν
450 2644 521 2711 τῇ
552 2642 851 2710 Αἰγύπτου,
883 2644 972 2697 διὰ
1005 2643 1163 2697 τοῦτο
1191 2644 1302 2713 ἐγώ
1332 2661 1415 2699 σοι
1447 2646 1763 2716 ἐντέλλομαι

187 2729 355 2783 ποιεῖν
379 2728 440 2781 τὺ
462 2730 616 2800 ῥῆμα
631 2730 808 2786 τοῦτο.
835 2732 961 2787 Ἐἀν
979 2733 1035 2788 δὲ
1052 2736 1335 2807 τρυγήσῃς
1355 2735 1444 2789 τὸν
1465 2736 1767 2808 ἀμπελῶνά

190 2835 299 2883 σου,
328 2820 433 2873 οὐκ
467 2822 927 2897 ὲπανατρυγήσῃς
974 2826 1136 2879 αὐτὸν
1181 2827 1251 2881 τά
1298 2827 1473 2881 ὀπίσω
1522 2845 1637 2894 σου,
1680 2829 1760 2899 τῷ

190 2912 516 2983 προσηλύτῳ
542 2916 637 2967 καὶ
667 2914 746 2986 τῷ
787 2917 1007 2988 ὀρφανῷ
1051 2919 1145 2971 καὶ
1177 2920 1243 2990 τῇ
1283 2920 1431 2991 χήρᾳ
1467 2918 1640 2986 ἔσται,
1673 2925 1769 2977 καὶ

1847 447 1945 503 des
1960 445 2268 503 mercedem
2283 445 2452 515 ipsius
2467 462 2481 511 ;
2498 459 2608 499 non
2621 444 2836 499 occidet
2848 444 2927 498 sol
2944 459 3110 515 super
3122 446 3293 513 illam,
3308 448 3436 517 quia

1847 554 2054 610 pauper
2064 549 2168 603 est,
2182 549 2237 593 et
2250 541 2305 594 in
2317 539 2408 593 illa
2423 538 2589 593 habet
2600 550 2751 607 spem
2765 554 2778 588 :
2794 544 2969 591 etnon
2980 537 3238 592 clamabit
3248 546 3437 593 contra

1852 639 1902 686 te
1915 631 1981 686 ad
1996 632 2315 697 Dominum;
2334 640 2391 686 et
2406 645 2515 685 non
2531 630 2640 685 erit
2654 629 2709 683 in
2729 637 2781 684 te
2798 636 3082 699 peccatum
3103 630 3166 684 η.
3193 650 3213 680 ι
3236 630 3437 686 Intelli-

1849 725 1930 793 gis
1952 722 2115 793 igitur
2146 720 2606 793 quemadmodum
2625 720 2694 775 ad
2729 721 3172 777 benevolentiam
3190 737 3291 777 nos
3319 738 3438 776 mu-

1852 822 2000 868 tuam
2041 814 2405 884 compellens,
2452 812 2713 884 pauperis
2753 812 3052 867 clamorem
3081 812 3439 868 extimescere

1851 905 2112 961 suadeat?
2129 904 2208 960 Ac
2234 919 2371 960 nova
2388 904 2612 974 quidem
2633 904 2939 974 Scriptum,
2959 913 3016 959 et
3040 920 3143 975 per
3158 904 3439 960 Christum

1851 995 2073 1059 tradita,
2096 993 2395 1064 perfectam
2417 994 2682 1049 virtutem
2709 992 2954 1048 inferens
2978 1011 3000 1046 .:
3028 1011 3047 1044 ι
3077 992 3332 1057 Vendite,
3352 992 3439 1046 in-

1852 1087 1992 1157 quit,
2014 1101 2137 1157 quae
2155 1085 2392 1151 habetis,
2416 1094 2473 1141 et
2491 1086 2615 1141 date
2637 1085 3072 1156 eleemesynam;
3096 1094 3151 1139 et
3174 1099 3303 1139 ecce
3326 1098 3442 1137 orn-

1852 1178 1945 1232 nia
1965 1191 2229 1247 prospere
2250 1176 2448 1232 cedent
2468 1176 2626 1233 vobis
2655 1176 2717 1230 “.
2751 1195 2770 1227 ι
2799 1175 2956 1243 Quod
2987 1176 3166 1246 ipsum
3194 1174 3443 1237 fecerunt

1853 1284 1921 1324 ex
1944 1268 2032 1333 iis,
2071 1268 2165 1338 qui
2199 1268 2554 1324 crediderant
2577 1270 2828 1324 nonnulli
2858 1287 2871 1322 :
2906 1289 2924 1320 ε
2954 1268 3273 1325 Afferebant
3293 1268 3439 1323 enim

1853 1370 2113 1433 agrorum
2147 1368 2204 1415 et
2234 1360 2524 1416 domorum
2557 1362 2757 1432 pretia,
2785 1368 2844 1416 et
2871 1362 3150 1432 ponebant
3178 1361 3249 1415 ad
3276 1360 3443 1431 pedes

1855 1452 2227 1523 apostolOrum
2247 1470 2261 1506 :
2280 1452 2714 1509 distribuebatur
2741 1460 2922 1509 autem
2945 1454 3259 1524 unicuique,
3278 1463 3445 1524 prout

1857 1544 2059 1615 cuique
2079 1560 2221 1615 opus
2243 1551 2365 1600 erat
2396 1545 2459 1600 ".
2494 1564 2511 1597 ι
2542 1544 2671 1611 Sed,
2697 1547 2955 1617 quoniam
2975 1545 3061 1600 lex
3087 1546 3443 1601 elementaria

1859 1645 1966 1700 est,
1999 1644 2056 1692 et
2095 1637 2165 1692 ad
2193 1637 2349 1693 initia
2379 1638 2532 1694 ducit
2554 1652 2871 1695 sermonum
2903 1638 3022 1704 Dei,
3051 1638 3210 1709 jubet
3242 1650 3303 1693 ut
3341 1637 3446 1692 hac

1858 1726 1914 1781 in
1943 1727 2158 1798 exiguis
2182 1729 2350 1784 rebus
2373 1729 2727 1795 liberalitate,
2750 1729 2979 1800 perinde
3007 1744 3072 1784 ac
3088 1729 3290 1800 praevia
3312 1743 3449 1798 qua-

1858 1818 1983 1873 dam
2012 1819 2428 1885 exercitatione,
2454 1820 2709 1876 homines
2748 1829 2995 1885 utantur,
3036 1836 3145 1892 qua
3171 1819 3239 1875 ad
3262 1814 3445 1890 perfe-

1858 1910 2059 1967 Ctionis
2089 1912 2208 1982 ejus
2233 1911 2485 1967 semitam
2517 1912 2987 1982 perducerentur;
3014 1921 3310 1982 prepterea
3359 1912 3446 1965 in-

1859 2003 1980 2073 quit
2024 2020 2038 2056 :
2073 2020 2093 2055 ‹
2138 2002 2195 2058 Si
2232 2003 2529 2058 messueris
2563 2016 2797 2058 messem
2850 2006 2999 2056 tuam
3043 2004 3100 2057 in
3139 2018 3270 2073 agro
3316 2012 3445 2067 tuo,

1859 2104 1917 2152 et
1948 2097 2174 2152 latuerit
2222 2105 2276 2152 te
2319 2096 2634 2167 manipulus
2675 2097 2731 2151 in
2778 2109 2910 2167 agro
2951 2103 3070 2159 tuo,
3110 2109 3221 2150 non
3256 2109 3448 2149 rever-

1862 2187 1994 2242 teris
2050 2184 2240 2241 tollere
2280 2186 2468 2253 illum;
2518 2185 2783 2257 pauperi,
2831 2193 2889 2240 et
2919 2185 3200 2255 orphano,
3250 2193 3306 2238 et
3349 2180 3448 2237 ad-

1860 2294 2045 2344 venae,
2105 2286 2165 2333 et
2217 2278 2397 2333 viduae
2443 2278 2578 2345 erit;
2640 2286 2702 2332 ut
2754 2277 3044 2333 benedicat
3095 2284 3149 2331 te
3183 2275 3450 2331 Dominus

1861 2372 2008 2427 Deus
2037 2380 2166 2442 tuus
2194 2372 2249 2427 in
2282 2371 2545 2442 operibus
2565 2384 2827 2425 manuum
2856 2379 3105 2436 tuarum;
3129 2377 3205 2433 et,
3233 2368 3278 2422 si
3302 2369 3451 2424 oleas

1862 2462 2167 2533 collegeris,
2180 2477 2290 2517 non
2306 2461 2600 2527 reverteris
2613 2458 2679 2515 ad
2702 2460 2938 2529 reliquas
2967 2458 3301 2527 colligendas
3328 2471 3451 2528 quae

1865 2561 1993 2608 sunt
2023 2560 2147 2623 post
2168 2561 2267 2620 te;
2299 2553 2541 2618 advenae,
2565 2561 2623 2607 et
2647 2552 2914 2623 orphano,
2939 2559 2997 2605 et
3023 2549 3204 2605 viduae
3242 2556 3407 2604 erunt
3433 2566 3447 2604 :

1864 2650 1921 2698 et
1952 2643 2331 2699 recordaberis
2353 2642 2500 2713 quod
2524 2654 2717 2698 servus
2745 2640 2916 2697 fueris
2948 2641 3005 2695 in
3033 2649 3180 2696 terra
3194 2638 3447 2711 Egypti:

1866 2731 1992 2787 ideo
2021 2747 2123 2803 ego
2149 2733 2411 2804 pratcipio
2443 2731 2545 2788 tibi
2576 2740 2637 2787 ut
2666 2731 2834 2788 facias
2866 2731 3097 2787 verbum
3141 2730 3263 2786 hoc.
3291 2732 3359 2786 Et
3405 2732 3451 2786 si

1866 2823 2292 2879 vindemiaveris
2313 2825 2528 2880 vineam
2553 2834 2725 2889 tuam,
2752 2838 2865 2878 non
2887 2823 3318 2879 revindemiabis
3333 2836 3465 2893 quat

1868 2924 1998 2970 sunt
2023 2924 2147 2986 post
2169 2925 2250 2983 te;
2268 2916 2515 2983 advenae,
2530 2924 2585 2972 et
2600 2917 2869 2987 orphano,
2887 2924 2945 2973 et
2966 2915 3144 2971 vidua;
3165 2923 3331 2970 erunt
3355 2932 3370 2969 :
3398 2919 3457 2970 et

193 2996 480 3101 man
517 3004 599 3058 ὅτι
648 3005 865 3078 οἰκέτης
907 3002 1052 3078 ἦσθα
1104 3009 1163 3061 ὲν
1216 3011 1285 3079 γῇ
1338 3009 1618 3082 Αἰγύπτῳ.
1669 3012 1763 3066 Διά

1871 3007 2252 3063 recordaberis
2287 3009 2438 3078 quod
2474 3024 2669 3064 servus
2712 3007 2884 3063 fueris
2923 3007 2980 3061 in
3007 3013 3159 3060 terra
3192 3000 3407 3077 Egypti
3438 3025 3450 3059 :

190 3093 477 3164 τοῦτοὲγὼ
499 3112 582 3150 σοι
609 3098 922 3169 ἐντέλλομαι
946 3100 1120 3153 ποιεῖν
1142 3100 1204 3154 rb
1234 3101 1384 3172 ῥῆμα
1412 3101 1622 3157 τοῦτο.»
1656 3105 1772 3158 Κα-

192 3182 276 3237 λὸν
307 3185 421 3258 γὰρ
464 3188 525 3240 έν
564 3188 855 3259 εὐθυμίαις
899 3190 958 3245 rb
1004 3192 1405 3264 διαμεμνῆσθαι
1445 3195 1643 3259 πόνων,
1677 3195 1772 3250 καὶ

192 3275 421 3345 θλίψεως
447 3278 551 3349 τῆς
576 3281 932 3355 ἀρχαιοτέρας
954 3299 967 3314 ·
999 3283 1158 3337 καλεῖ
1189 3284 1298 3356 γὰρ
1325 3286 1388 3340 rb
1419 3286 1609 3359 χρῆμα
1634 3288 1771 3359 πρὸς

193 3369 583 3442 φιλοπτωχίαν,
611 3374 706 3427 καὶ
747 3374 847 3445 τῆς
880 3375 1180 3446 εὐημερίας
1216 3377 1276 3430 τὸ
1318 3378 1539 3445 πλάτος,
1592 3380 1772 3453 ἀμνη-

197 3464 374 3531 μονεῖν
403 3462 507 3515 οὐκ
525 3464 591 3534 ἑᾷ
613 3462 723 3517 τῶν
753 3466 811 3519 έν
836 3465 1010 3537 ἐνδείᾳ
1037 3465 1243 3521 κακῶν.

260 3634 477 3690 ΠΔΛΛ.
513 3636 759 3709 ’Δληθές.

261 3731 430 3785 ΚΥΡ.
466 3731 579 3787 Θέα
602 3732 661 3787 δὲ
696 3734 843 3797 ὅπως
890 3736 1038 3805 ἡμᾶς
1083 3735 1481 3806 εὐτεχνέστατα
1519 3738 1611 3791 καὶ
1652 3736 1771 3793 λίαν

196 3821 425 3887 ἀστείως
464 3825 715 3889 ἀπεθίζει
754 3826 855 3897 μὲν
885 3827 993 3880 τῶν
1035 3828 1317 3898 χειρόνων,
1360 3829 1452 3882 καὶ
1496 3829 1773 3884 ἀποσπου-

197 3914 378 3978 δόξειν
417 3914 702 3968 ἀναπείθει
735 3917 797 3969 rb
843 3916 1185 3987 ἀσυμπαθὲς,
1242 3919 1510 3988 προσάγει
1564 3919 1622 3972 δὲ
1659 3922 1772 3984 τοῖς

198 4003 467 4074 ἀμείνοσι,
502 4007 596 4059 καὶ¹
631 4008 745 4071 τοῖς
791 4009 892 4078 τῆς
936 4009 1290 4080 φιλαλληλίας
1325 4009 1612 4080 ἐμϐιϐάζει
1644 4011 1771 4083 τρό-

198 4112 314 4160 ποις
339 4113 357 4128 °
410 4097 711 4167 προτρέπει
764 4099 865 4169 μὲν
900 4100 1009 4172 γὰρ
1043 4100 1187 4154 εἶτον
1226 4101 1431 4156 δέοιντο
1459 4103 1642 4173 τυχὸν,
1681 4104 1773 4157 ὲκ-

193 4184 459 4252 δανείζειν
489 4186 755 4257 ἀδελφοῖς,
806 4190 1059 4262 ἀπείργει
1106 4191 1162 4245 δὲ
1197 4192 1392 4256 τόκων,
1432 4193 1529 4247 καὶ
1568 4193 1773 4247 διωθεῖ-

198 4277 320 4330 σθαι
349 4280 680 4348 προστάττει
712 4279 1104 4352 πλεονασμούς.
1136 4282 1551 4353 Ηροσεπιτάξας
1572 4282 1629 4335 δὲ
1659 4282 1773 4336 δεῖν

1873 3098 1998 3154 ideo
2043 3114 2145 3170 ego
2186 3101 2447 3171 prazcipio
2487 3100 2588 3155 tibi
2630 3108 2691 3155 ut
2726 3100 2894 3156 facias
2925 3101 3157 3155 verbum
3205 3099 3311 3153 hoe
3341 3100 3400 3152 ιτ.
3427 3118 3446 3148 ι

1874 3189 2200 3245 Praeclarum
2223 3200 2308 3246 est
2326 3193 2473 3247 enim
2498 3192 2555 3246 in
2580 3191 2770 3247 laetitia
2789 3192 3104 3246 meminisse
3129 3190 3339 3245 laborm
3358 3204 3378 3243 ι
3399 3196 3455 3245 et

1872 3280 2181 3336 aiilictionis
2213 3283 2472 3352 antiquae,
2513 3296 2641 3337 nam
2681 3298 2746 3338 ea
2784 3299 2872 3338 res
2904 3283 2972 3338 ad
3028 3283 3349 3337 charitatem
3393 3281 3448 3336 in

1872 3385 2142 3441 pauperes
2164 3373 2398 3428 excitat:
2425 3380 2483 3427 et
2503 3380 2730 3443 propter
2751 3373 3031 3428 felicitatis
3059 3372 3445 3430 abundantiam

1873 3462 2122 3517 oblivisci
2172 3479 2283 3519 non
2319 3464 2451 3518 sinit
2480 3464 2748 3519 malorum
2785 3480 2908 3536 quae
2945 3464 3293 3536 pertulimus,
3324 3480 3451 3522 cum

1872 3553 1931 3607 in
1956 3568 2143 3607 rerum
2164 3553 2349 3625 inopia
2373 3567 2744 3610 versaremur.

1942 3642 2140 3698 PALL.
2172 3644 2309 3700 Vera
2337 3643 2495 3699 dicis.

1938 3734 2096 3792 (ΠΒ.
2125 3737 2260 3793 Vide
2282 3747 2467 3794 autem
2499 3750 2665 3809 quam
2693 3739 2986 3796 artiﬁciose
3007 3748 3071 3796 et‘
3084 3742 3362 3813 eleganter
3383 3743 3453 3799 ab

1872 3829 2224 3900 improbitate
2254 3842 2473 3887 morum
2503 3847 2605 3888 nos
2637 3834 2882 3900 abducit,
2919 3841 2974 3888 et
3014 3834 3298 3889 dediscere
3325 3850 3454 3889 sua-

1871 3922 1966 3978 det
1995 3923 2485 3992 inhumanitatem;
2517 3925 2739 3982 adducit
2767 3928 2895 3982 item
2924 3926 2991 3982 ad
3025 3928 3309 3982 meliorem
3336 3926 3453 3981 fru-

1872 4030 2014 4086 gem,
2054 4023 2111 4071 et
2160 4016 2241 4071 ad‘
2282 4025 2535 4072 mutuum
2574 4033 2819 4073 amorem
2863 4018 3156 4074 transfert:
3204 4020 3455 4074 hortatur

1872 4108 2020 4162 enim
2050 4114 2112 4161 ut
2132 4107 2419 4173 fratribus,
2454 4108 2636 4178 siqua
2665 4124 2726 4162 re
2750 4108 3047 4178 indigeant,
3087 4118 3400 4164 mutuemus
3435 4128 3450 4165 :

1872 4196 2131 4267 prohibet
2152 4204 2335 4252 autem
2359 4212 2575 4261 usuras,
2598 4204 2654 4251 et
2675 4195 3228 4266 superabundantiam
3251 4214 3315 4252 ac
3335 4213 3455 4253 sor-

1876 4286 1945 4340 tis
1967 4293 2315 4357 augmentum
2343 4286 2608 4355 repellere
2628 4285 2804 4355 jubet.
2833 4284 2915 4339 Ad
2950 4284 3086 4350 haec,
3113 4301 3238 4341 cum
3261 4287 3452 4358 jussis-

198 4368 273 4438 μὴ
311 4362 458 4421 εἶναι
488 4370 800 4438 φορτικοὺς,
829 4371 965 4442 μήτε
1001 4371 1108 4440 μὴν
1139 4369 1419 4438 ἐγκεῖσθαι
1446 4371 1560 4432 τοῖς
1587 4369 1763 4439 ὠφλη-

1876 4381 1980 4440 set,
2011 4389 2082 4430 ne
2127 4375 2344 4429 molesti
2384 4375 2577 4437 simus,
2606 4387 2787 4443 neque
2824 4372 3102 4429 debitores
3137 4390 3446 4446 urgeamus,

194 4458 373 4524 κόσιν,
412 4460 606 4527 ἄφεσιν
647 4462 826 4533 χρεῶν
864 4463 1138 4516 ποιεῖσθαι
1184 4462 1417 4516 κελεύει.
1472 4462 1679 4533 Γράφει
1715 4462 1773 4515 δὲ

195 4550 372 4614 οὕτως
394 4567 410 4580 ο
445 4571 467 4603 ι
499 4552 615 4605 Οὐκ
661 4556 925 4617 ὲκτοκιεῖς
962 4552 1042 4625 τῷ
1080 4554 1297 4625 ἀδελφῷ
1352 4570 1447 4606 σου
1490 4554 1648 4607 τόκον
1678 4553 1775 4623 ἀρ-

194 4644 414 4713 γυρίου,
468 4645 566 4697 καὶ
619 4645 780 4698 τόκον
829 4645 1155 4717 βρωμάτων,
1221 4647 1316 4700 καὶ
1360 4646 1520 4699 τόκον
1573 4644 1775 4709 παντὸς

194 4734 548 4804 πράγματος,
588 4729 655 4789 οὗ
683 4736 779 4789 ὲάν
804 4736 1120 4809 έκδανείσῃς
1150 4738 1230 4809 τῷ
1250 4736 1533 4808 ἀλλοτρίῳ,
1560 4736 1660 4790 οὐκ
1683 4737 1777 4789 ὲκ-

192 4829 434 4888 τοκιεῑς·
480 4826 570 4879 ἵνα
618 4826 887 4901 εὐλογήσῃ
929 4827 1133 4900 Κύριος
1179 4831 1211 4882 6
1252 4829 1385 4892 Θεός
1411 4845 1504 4881 σου
1537 4829 1596 4881 ὲν
1638 4828 1772 4880 πᾶσι

194 4922 309 4981 τοῖς
355 4919 541 4988 ἔργοις
582 4936 675 4973 σου
717 4920 811 4972 ἐπὶ
854 4919 954 4989 τῆς
1004 4922 1138 4990 γῆς,
1187 4920 1256 4991 ἢν
1313 4919 1605 4991 εἰσπορεύῃ
1658 4922 1776 4974 ἐκεῖ

197 5008 607 5081 κληρονομῆσαι
634 5012 823 5082 αὑτήν.
862 5029 881 5062 ι
918 5012 1082 5065 Ὅσον
1126 5011 1225 5082 μὲν
1268 5011 1379 5082 γάρ
1417 5007 1552 5083 ἧκεν
1589 5011 1671 5074 είς
1709 5027 1774 5080 γε

195 5101 297 5172 τὴν
327 5101 423 5154 τοῦ
444 5102 738 5173 νομοθέτου
770 5102 1049 5174 βούλησιν,
1077 5104 1369 5176 προῦκειτο
1397 5103 1464 5157 ἂν
1504 5102 1775 5172 ἀφθόνως,

197 5191 277 5255 ὼς
322 5192 514 5264 ὀθνείῳ
567 5210 629 5247 τε
664 5192 800 5265 ὀμοῦ
845 5196 943 5248 καὶ
981 5194 1228 5264 ἀδελφοῖς
1269 5193 1330 5248 τὸ
1356 5192 1467 5248 τῶν
1498 5195 1556 5247 έν
1585 5192 1779 5248 πλάτει

200 5285 539 5354 περιουσίας,
587 5286 765 5353 δεξιὸν
809 5286 909 5341 καὶ
930 5286 1213 5358 φιλότιμον
1239 5304 1254 5318 ο
1299 5306 1318 5339 ι
1347 5287 1519 5342 Παντὶ
1559 5285 1669 5356 γὰρ
1700 5285 1780 5356 τῷ

202 5375 438 5431 αἰτοῦντί
492 5395 553 5433 σε
585 5378 756 5443 δίδου,
806 5379 971 5449 φησὶν
1012 5381 1041 5432 6
1083 5379 1352 5451 Χριστὸς,
1401 5378 1494 5433 καὶ
1530 5378 1638 5432 ἀπὸ
1684 5377 1779 5432 τοῦ

208 5493 513 5620 ¹9¹⁶213ευι
538 5512 691 5561 xxxv,
738 5495 825 5562 Li,
872 5496 956 5551 15.
1063 5497 1104 5529 ¹⁵
1144 5498 1279 5552 Luc.
1307 5512 1410 5561 xu,
1442 5495 1529 5551 55.

277 5681 348 5756 (Ι)
380 5683 562 5746 Grmci
586 5682 781 5750 uodd.,
814 5682 1043 5755 καθαρά,
1084 5685 1299 5738 munda.

1634 5496 1677 5527 “
1699 5494 1821 5550 Act.
1851 5511 1923 5561 Iv,
1966 5495 2055 5559 54,
2086 5495 2173 5550 55.

1878 4465 2037 4535 2'73
2081 4464 2460 4519 remissionem
2506 4481 2727 4538 quoque
2768 4467 3081 4523 debitorum
3125 4466 3242 4524 ﬁeri
3270 4468 3447 4539 jubet.

1878 4555 2082 4609 Scribit
2102 4563 2287 4610 autem
2307 4555 2375 4609 ad
2396 4555 2545 4610 hunc
2566 4557 2788 4615 modum
2810 4575 2824 4612 :
2858 4577 2878 4609 ‹
2904 4557 3024 4613 Non
3051 4557 3327 4613 fenerabis
3344 4557 3451 4613 fra-

1876 4646 1949 4699 tri
1982 4655 2077 4700 tuo
2101 4661 2324 4700 usuram
2349 4648 2580 4718 argenti,
2610 4656 2667 4704 et
2686 4664 2909 4704 usuram
2937 4650 3208 4716 ciborum,
3229 4657 3286 4704 et
3316 4662 3449 4705 usu-

1877 4751 1996 4790 ram
2029 4737 2402 4807 cujuscunque
2436 4738 2539 4803 rei,
2564 4754 2728 4808 quam
2766 4746 2959 4794 mutuo
2998 4739 3234 4804 dederis,
3267 4744 3450 4793 extra-

1879 4844 1984 4883 neo
2016 4843 2128 4882 non
2167 4827 2472 4897 fenerabis;
2496 4838 2558 4885 ut
2580 4830 2871 4887 benedicat
2898 4831 2999 4886 tibi
3020 4830 3285 4886 Dominus
3304 4830 3452 4884 Deus

1882 4928 2007 4976 unus
2026 4921 2082 4975 in
2099 4921 2357 4977 omnibus
2380 4924 2640 4993 operibus
2658 4924 2769 4979 tuis
2785 4938 2949 4993 super
2966 4930 3188 4986 terram,
3204 4922 3270 4977 ad
3286 4935 3449 4992 quam

1881 5011 2184 5081 ingrederis
2212 5012 2596 5082 possidendam
2639 5014 2700 5067 ³⁸.
2738 5032 2757 5065 ι
2785 5013 2943 5078 Nam,
2979 5011 3128 5083 quod
3160 5012 3357 5067 attinet
3384 5011 3451 5066 ad

1880 5099 2206 5172 legislatoris
2237 5103 2596 5169 voluntatem,
2637 5104 2914 5175 proposita
2954 5103 3176 5175 quidem
3206 5114 3315 5159 tam
3354 5120 3451 5160 ex-

1883 5201 2002 5247 tero
2027 5208 2192 5264 quam
2232 5193 2496 5250 fratribus
2535 5195 2729 5250 fuisset
2754 5210 2947 5251 eorum
2974 5196 3073 5266 qui
3102 5195 3454 5266 amplissimis

1881 5284 2081 5354 opibus
2090 5296 2293 5352 essent,
2311 5284 2618 5357 benignitas
2628 5292 2792 5356 atque
2807 5287 3237 5358 magniﬁcentia:
3255 5304 3273 5336 ι
3292 5282 3452 5340 Omni

1883 5379 2053 5446 enim,
2080 5380 2260 5450 inquit
2284 5379 2556 5445 Christus,
2582 5380 2787 5448 petenti
2823 5386 2896 5445 te,
2938 5381 3145 5443 tribue;
3190 5384 3247 5431 et
3283 5375 3352 5429 ab
3383 5389 3453 5430 eo

2281 5496 2321 5527 ¹⁷
2352 5495 2510 5551 Deut.
2556 5511 2699 5560 χειν,
2729 5494 2916 5550 19-21.
3025 5494 3067 5525 ⁸⁸
3092 5486 3250 5546 Deut.
3289 5505 3450 5557 xxxix,

1960 5677 2034 5750 (‘2)
2070 5675 2203 5733 Cod.
2248 5676 2440 5745 Vatic.,
2477 5678 2572 5733 ἐὰν
2603 5680 2660 5731 δε
2693 5678 2879 5733 ἐλαίαν
2915 5677 3167 5747 ἀλοήσῃς.
