3962 6296
543 247 646 305 567

1567 250 1623 302 S.
1667 250 1941 304 CYRILLI
1981 250 2447 305 ALEXANDRINI
2490 251 2808 308 ARCHIEP.

3691 261 3800 322 583

539 362 635 432 qui
660 359 842 414 aufert
861 374 981 427 quae
1005 367 1093 411 tua
1115 368 1263 424 sunt,
1288 375 1357 413 ne
1383 369 1604 430 repetas
1622 364 1684 415 ".
1712 362 1838 426 Sed,
1860 364 1987 433 quia
2012 380 2105 418 nor

2224 364 2470 435 αἴροντος
2500 364 2566 417 τὰ
2613 365 2699 425 σά,
2736 364 2810 434 μὴ
2843 365 3082 418 ἀπαίτει.
3118 386 3136 417 ι
3189 367 3403 438 Ἐπειδὴ
3441 368 3496 421 δὲ
3527 371 3626 423 οὐκ
3653 373 3794 441 ἄγαν

539 462 661 510 erat
687 453 992 523 priscorum
1014 451 1298 506 hominum
1321 453 1539 508 animus
1565 453 1618 508 in
1637 455 1851 525 justitia
1874 457 2007 511 satis
2029 458 2122 512 ﬁr—

439 541 523 621 "-':
540 561 694 611 mus,
727 543 798 598 ad
840 543 1101 598 virtutem
1149 543 1358 615 integre
1395 545 1784 614 perficiendam
1807 588 1821 611 ,
1856 550 2117 618 paulatim

537 633 887 706 progreditur
919 633 1006 688 lex
1036 633 1104 687 ad
1147 649 1269 688 eam
1309 650 1426 688 rem
1459 634 1767 701 instituens,
1804 647 1860 692 et
1892 640 2122 708 iustitia:

539 729 765 784 modum
802 725 1023 782 interim
1048 727 1310 781 fratribus
1340 727 1645 798 vicinisque
1671 730 1894 784 metitur
1919 750 1929 784 :
1953 746 2118 786 accu-

540 829 715 876 ratam
739 821 886 874 illam
913 818 1308 873 misericordiae
1323 817 1573 884 formam,
1596 827 1650 873 et
1673 821 1728 874 in
1749 829 2036 877 extraneos
2054 823 2121 877 li-

541 913 901 976 beralitatem,
929 918 985 964 et
1007 910 1060 963 in
1086 925 1282 964 omnes
1298 909 1548 966 homines
1567 912 2008 967 communicandi
2035 913 2118 968 fa—

538 1003 826 1067 cilitatem,
847 1000 1162 1071 perfectiori
1186 1000 1519 1055 institutioni
1544 1017 1850 1065 reservans,
1875 1017 2000 1056 nam
2021 1018 2117 1058 us-

537 1109 648 1163 que
681 1093 750 1147 ad
784 1100 1002 1161 tempus
1034 1091 1398 1147 correctionis
1439 1093 1647 1147 umbrae
1682 1092 1973 1163 viguerunt
2011 1095 2055 1126 '°
2100 1112 2116 1147 :

538 1183 646 1239 hoc
674 1197 805 1238 vero
838 1191 1054 1252 tempus
1082 1167 1216 1236 illud
1241 1182 1364 1247 fuit,
1393 1197 1503 1253 quo
1528 1182 1782 1240 Christus
1803 1185 2046 1240 advenit.

606 1271 804 1328 PALL.
833 1271 1250 1342 Elegantissime
1267 1273 1479 1328 dixisti.

605 1363 762 1419 CYR.
790 1362 927 1419 Cum
962 1362 1148 1432 itaque
1171 1363 1447 1432 jussisset,
1491 1372 1550 1419 ut
1583 1374 1774 1423 mutuo
1809 1366 2026 1433 darent,
2061 1377 2118 1422 et

539 1456 790 1512 usuraria
812 1455 1149 1510 incrementa
1183 1456 1551 1526 prmcidisset,
1591 1459 1788 1528 iisque,
1819 1461 1913 1530 qui
1953 1460 2008 1515 id
2034 1460 2118 1516 fa-

536 1559 747 1615 cerent,
806 1549 1250 1606 benedictionem
1307 1561 1454 1608 esset
1509 1553 1816 1623 pollicitus,
1883 1557 2118 1624 septimo

535 1651 658 1711 post
691 1658 766 1697 aes
802 1643 1043 1698 alienum
1081 1652 1420 1699 contractum
1455 1660 1598 1702 anno
1627 1654 1896 1711 vertente,
1927 1648 2115 1702 remit-

2220 453 2477 522 εὐσθενὴς
2513 453 2619 505 τῶν
2660 455 2718 506 ἐν
2757 454 2951 524 ἀρχαῖς
2983 455 3076 506 ἐπὶ
3127 454 3441 528 δικαιοσύνῃ
3472 458 3502 510 6
3541 458 3685 524 νοῦς,
3715 463 3794 526 είς

2219 559 2284 610 γε
2333 542 2394 594 τὸ
2445 542 2722 613 περαίνειν
2772 541 3092 612 ἀμωμήτως
3141 541 3398 595 δύνασθαι
3447 543 3509 596 τὸ
3552 546 3790 615 ἀγαθὸν,

2220 629 2358 682 κατὰ
2391 629 2566 699 βραχὺ
2602 629 2846 699 πρόεισιν
2877 630 2962 681 ἐπ’
2997 629 3128 681 αὐτὸ
3159 630 3525 699 παιδαγωγῶν
3555 635 3583 685 6
3609 634 3790 704 νόμος,

2218 721 2312 774 καὶ
2353 720 2444 773 τὸν
2487 721 2588 790 τῆς
2637 719 2984 790 δικαιοσύνης
3037 719 3236 790 τρόπον
3284 722 3679 792 ἐπιμετρεῖται·
3715 727 3790 790 ὠς

2219 813 2298 875 είς
2351 810 2611 879 ἀδελφοὺς
2663 811 2756 862 καὶ¹
2813 810 3094 877 γείτονας,
3143 811 3244 879 τῆς
3295 812 3692 883 εὐσπλαγχνίας
3732 816 3792 868 τὸ

2219 901 2443 974 ἀκριϐὲς
2461 943 2474 966 ,
2498 903 2591 955 καὶ
2616 902 2675 953 τὸ
2702 903 2780 965 είς
2801 900 3038 964 ὀθνείους
3059 901 3307 970 ἄφθονον,
3334 904 3424 956 καὶ
3443 903 3503 956 τὸ
3530 906 3609 968 είς
3631 905 3793 958 ᾶπαν-

2218 1008 2317 1055 τας
2349 991 2686 1055 κοινωνικὸν,
2728 991 3076 1061 παιδαγωγίᾳ
3121 991 3302 1062 τηρῶν
3353 996 3418 1064 τῇ
3469 993 3789 1066 τελεωτέρα,

2221 1082 2384 1153 μέχρι
2405 1081 2517 1152 γάρ
2550 1080 2740 1152 καιροῦ
2771 1081 3109 1152 διορθώσεως
3135 1083 3190 1135 αἰ
3213 1083 3378 1136 σκιαί·
3406 1083 3596 1153 καιρὸς
3629 1084 3685 1137 δέ
3721 1081 3788 1155 ἦν

2219 1167 2371 1236 οὗτος
2405 1176 2432 1226 ὁ
2466 1174 2566 1242 τῆς
2603 1172 2840 1244 Χριστοῦ
2875 1174 3195 1243 παρουσίας.

2289 1266 2498 1318 ΠΑΛΛ.
2553 1264 2899 1317 Ἀστειότατα
2921 1263 3076 1334 ἔφης.

2233 1336 2242 1344 ’
2288 1358 2451 1412 ΚΥΡ.
2495 1353 2906 1428 Προσεπιτάξας
2937 1353 3002 1424 δὴ
3033 1347 3124 1406 οὖν
3162 1354 3222 1406 τὸ
3254 1353 3448 1426 χρῆναι
3477 1354 3783 1427 διακιχρᾷν,

2219 1449 2313 1503 καὶ
2371 1447 2743 1516 πλεονασμοὺς
2793 1443 3102 1513 ἀποτεμὼν,
3153 1445 3246 1496 καὶ
3285 1447 3397 1508 τοῖς
3437 1443 3594 1498 τοῦτο
3650 1447 3785 1517 δρᾷν

2218 1538 2496 1610 ἑλομένοις
2542 1536 2792 1605 εὐλογίαν
2826 1535 3272 1605 ὑπισχνούμενος,
3301 1535 3441 1588 ἐπτά
3471 1539 3584 1599 τοῖς
3619 1537 3784 1608 ὀφλή-

2222 1647 2384 1700 μασιν
2428 1627 2853 1698 ἐπελιττομένων
2885 1626 3165 1689 ἐνιαυτῶν,
3196 1629 3402 1680 ἀνεῖναι
3434 1629 3784 1698 προστάττει,

536 1743 654 1789 tere
677 1734 854 1805 jubet,
887 1743 1104 1805 tempus
1130 1735 1265 1790 illud
1297 1745 1643 1802 venerantes,
1679 1753 1790 1807 quo
1823 1738 2105 1792 universo-

2213 1723 2304 1775 τὸν
2331 1721 2432 1790 τῆς
2451 1720 2703 1774 ἁπάντων
2726 1719 2970 1788 ἀφέσεως
2988 1718 3264 1789 τιμῶντας
3285 1719 3494 1790 καιρὸν,
3519 1720 3780 1786 τουτέστι,

536 1840 657 1878 rum
697 1825 949 1880 remissio
971 1825 1161 1881 futura
1211 1834 1350 1892 erat,
1406 1826 1463 1881 id
1522 1837 1627 1893 est,
1676 1835 1892 1897 tempus
1913 1826 2118 1882 Christi

535 1915 827 1981 adventus,
859 1931 971 1985 quo
1009 1931 1202 1971 omnes
1241 1916 1526 1987 iustificati
1564 1932 1754 1972 sumus
1797 1933 1895 1986 per
1916 1917 2116 1984 ﬁdem;

535 2017 593 2061 et
623 2016 873 2062 veterum
904 2016 1252 2078 peccatorum
1270 2008 1606 2064 oblivionem
1637 2009 1840 2079 adepti,
1874 2025 1998 2064 cum
2028 2011 2118 2065 ille

534 2113 648 2152 suae
674 2100 826 2154 cruci
839 2099 1285 2169 chirographum,
1314 2102 1456 2170 quod
1474 2111 1591 2156 erat
1616 2102 1777 2157 nobis
1805 2101 2115 2168 adversum,

533 2188 766 2244 allixerit
788 2191 854 2252 ιι,
887 2199 944 2245 et
979 2192 1244 2258 rationes,
1267 2208 1402 2262 quas
1431 2194 1863 2264 omniumjudici
1885 2194 2116 2251 reddere

532 2281 901 2346 debebamus,
951 2283 1019 2337 de
1075 2283 1256 2338 medio
1317 2284 1524 2339 tulerit.
1588 2285 1734 2338 Dicit
1790 2294 1974 2340 autem
2033 2287 2115 2342 sic

531 2387 727 2426 rursus
769 2373 825 2426 in
870 2374 1322 2440 Deuteronomio,
1368 2393 1386 2426 ι
1432 2375 1678 2446 Septimo
1713 2393 1932 2447 quoque
1971 2394 2115 2434 anno

531 2460 700 2517 facies
730 2463 1110 2518 remissionem
1147 2483 1159 2518 :
1214 2474 1268 2520 et
1302 2465 1616 2536 huiusmodi
1642 2475 1725 2522 est
1753 2467 1994 2522 edictum
2022 2485 2112 2523 re-

530 2554 832 2620 missionis,
868 2557 1137 2610 Remittes
1168 2571 1331 2612 omne
1367 2557 1616 2613 debitum
1644 2559 1938 2629 privatum,
1964 2559 2110 2629 quod

531 2645 699 2699 debet
741 2646 842 2699 tibi
870 2647 1182 2715 proximus;
1230 2657 1287 2703 et
1332 2664 1363 2703 a
1406 2648 1574 2703 fratre
1609 2659 1707 2703 tuo
1732 2664 1843 2703 non
1873 2657 2108 2719 repetes,

529 2739 659 2808 quia
688 2738 893 2794 indicta
909 2749 994 2796 est
1020 2742 1272 2797 remissio
1296 2741 1528 2796 Domino
1549 2741 1659 2795 Deo
1683 2747 1776 2795 tuo
1805 2759 1819 2793 :
1843 2741 1910 2795 ab
1929 2741 2110 2795 alieno

533 2837 770 2899 repetes,
803 2847 1140 2903 quaecunque
1183 2841 1274 2889 tua
1320 2833 1528 2888 fuerint
1566 2833 1711 2902 apud
1740 2832 1925 2898 illum;
1953 2832 2106 2888 fratri

529 2928 714 2975 autem
741 2929 836 2976 tuo
865 2925 1243 2980 remissionem
1276 2925 1444 2979 facies
1471 2923 1664 2987 debiti,
1691 2923 1838 2992 quod
1877 2925 1974 2978 tibi
2013 2925 2108 2980 de-

530 3011 643 3075 bet,
663 3013 790 3082 quia
820 3030 928 3070 non
948 3018 1057 3072 erit
1083 3018 1137 3072 in
1166 3029 1219 3072 te
1237 3017 1635 3087 indigens,quia
1656 3015 1988 3072 benedicens
2004 3017 2104 3072 be-

527 3104 749 3160 nedicet
777 3105 877 3160 tibi
912 3108 1176 3164 Dominus
1204 3110 1347 3163 Deus
1373 3119 1498 3163 tuus
1527 3109 1582 3162 in
1610 3117 1757 3163 terra
1805 3125 1965 3178 quam
1991 3112 2101 3164 Do-

527 3195 715 3251 minus
762 3198 908 3254 Deus
964 3208 1090 3254 tuus
1151 3199 1244 3254 dat
1297 3201 1397 3254 tibi
1449 3201 1503 3254 in
1559 3201 1990 3270 possessionem,
2039 3213 2102 3257 ut

526 3285 811 3354 possideas
865 3303 985 3342 eam
1024 3290 1089 3342 “.
1140 3307 1159 3338 ι
1218 3288 1287 3344 Ει
1329 3297 1454 3358 post
1512 3289 1618 3343 alia
1676 3305 1868 3343 rursus
1909 3307 1921 3342 :
1985 3308 2006 3338 ‹
2044 3288 2100 3344 Si

527 3385 710 3432 autem
742 3378 907 3433 fuerit
947 3378 1003 3432 in
1033 3385 1088 3434 te
1119 3379 1370 3450 indigens
1397 3396 1465 3435 ex
1488 3381 1752 3435 fratribus
1779 3380 1888 3434 tuis
1911 3381 1966 3434 in
1993 3395 2101 3435 una

527 3470 813 3526 civitatum
860 3479 1102 3536 tuarum,
1154 3473 1209 3527 in
1245 3482 1388 3528 terra
1465 3489 1629 3543 quam
1670 3473 1935 3528 Dominus
1957 3474 2104 3528 Deus

530 3569 658 3617 tuus
687 3561 781 3616 dat
833 3561 955 3627 tibi,
992 3579 1103 3618 non
1150 3572 1365 3618 avertes
1407 3579 1503 3618 cor
1530 3572 1705 3627 tuum,
1727 3563 1889 3634 274
1923 3579 2103 3634 neque

529 3657 874 3726 constringes
918 3671 1139 3711 manum
1177 3664 1324 3710 tuam
1356 3672 1387 3710 a
1433 3656 1604 3710 fratre
1642 3665 1736 3709 tuo
1777 3656 2097 3727 indigente:

527 3746 784 3815 aperiens
805 3747 1020 3814 aperies
1048 3761 1270 3799 manum
1289 3753 1437 3798 tuam
1460 3744 1594 3814 ipsi;
1620 3751 1870 3799 mutuum
1887 3752 2102 3800 mutua-

529 3833 617 3887 bis
633 3832 738 3902 ipsi
769 3839 1038 3902 quantum
1067 3832 1401 3901 poposcerit,
1423 3840 1479 3885 et
1510 3840 1991 3904 quantumcunque
2019 3835 2102 3889 in-

528 3920 786 3990 diguerit.
820 3919 1056 3975 Attende
1101 3920 1221 3984 tibi,
1267 3935 1337 3974 ne
1373 3921 1591 3990 quando
1638 3922 1709 3976 sit
1744 3925 1973 3978 verbum
2003 3940 2100 3980 oc-

529 4010 739 4066 cultum
772 4011 828 4066 in
855 4011 1021 4066 corde
1053 4019 1167 4076 tuo,
1202 4011 1484 4082 iniquitas,
1511 4013 1702 4070 dicens
1740 4033 1752 4068 :
1787 4018 2100 4088 Appropin-

529 4109 662 4172 quat
698 4103 966 4172 septimus
1019 4119 1197 4158 annus
1252 4105 1611 4171 remissionis,
1661 4115 1718 4162 et
1750 4123 1983 4177 nequam
2029 4109 2101 4164 sit

528 4193 725 4250 oculus
746 4203 874 4248 tuus
906 4209 1035 4264 erga
1068 4193 1293 4248 fratrem
1333 4203 1488 4249 tuum
1518 4197 1882 4268 indigentem;
1911 4207 1966 4253 et
1988 4215 2097 4254 non

530 4284 628 4341 des
654 4283 754 4354 ipsi
785 4301 799 4338 :
837 4293 893 4338 et
929 4283 1186 4339 clamabit
1219 4284 1508 4340 adversum
1532 4295 1584 4341 te
1615 4287 1682 4341 ad
1709 4288 2018 4350 Dominum,
2043 4296 2100 4341 et

528 4375 636 4429 erit
667 4375 767 4430 tibi
796 4383 1083 4444 peccatum
1132 4390 1385 4445 magnum
1427 4393 1442 4430 :
1483 4376 1665 4432 dando
1701 4378 1858 4434 dabis
1889 4378 2011 4447 ipsi,
2041 4387 2099 4432 et

530 4472 721 4520 mutuo
740 4464 1020 4520 mutuabis
1063 4463 1188 4534 ipsi,
1223 4473 1708 4536 quantumcunque
1737 4468 1836 4521 abs
1875 4475 1926 4520 te
1959 4481 2098 4534 opus

530 4555 789 4610 habuerit
820 4573 832 4608 :
867 4565 924 4610 et
958 4571 1066 4610 non
1101 4557 1520 4612 contristaberis
1549 4557 1602 4611 in
1631 4559 1796 4613 corde
1825 4567 1939 4621 tuo,
1969 4571 2095 4610 cum

529 4647 630 4703 das
658 4647 791 4716 ipsi;
822 4647 951 4716 quia
983 4654 1206 4716 propter
1251 4647 1358 4702 hoc
1394 4648 1623 4702 verbum
1668 4647 1957 4701 benedicet
1993 4647 2092 4702 tibi

530 4743 793 4797 Dominus
811 4743 958 4796 Deus
990 4750 1118 4794 tuus
1134 4739 1188 4794 in
1211 4741 1467 4795 omnibus
1503 4737 1762 4808 operibus
1785 4737 1912 4802 tuis,
1948 4745 2005 4792 et
2035 4737 2092 4791 in

529 4834 804 4896 omnibus,
845 4833 914 4887 ad
943 4848 1062 4902 quae
1097 4832 1350 4902 injeeeris
1382 4846 1602 4886 manum
1627 4841 1775 4886 tuam
1806 4829 1874 4882 ".
1918 4850 1936 4881 ι
1972 4830 2090 4884 Νοιι

530 4924 961 4990 contristaberis,
1003 4925 1200 4995 inquit,
1237 4925 1293 4980 in
1323 4924 1488 4979 corde
1515 4930 1628 4986 tuo,
1663 4938 1789 4978 cum
1824 4923 1922 4978 das
1946 4922 2047 4992 ipsi
2077 4941 2091 4976 :

537 5037 557 5069 ο
583 5018 822 5073 Hilarem
867 5017 1010 5072 enim
1045 5019 1290 5074 datorem
1317 5015 1494 5086 diligit
1533 5014 1695 5078 Deus,
1749 5034 1770 5065 ι
1813 5023 1875 5069 ut
1906 5015 2098 5072 beatus

531 5108 732 5164 Paulus
754 5109 890 5163 dixit
911 5109 976 5163 “.

600 5199 796 5255 PALL.
830 5201 936 5258 Sed
960 5216 1196 5272 quonam
1220 5199 1384 5256 modo
1401 5200 1667 5270 septimus
1691 5215 1867 5255 annus
1891 5201 2096 5256 adven-

529 5297 648 5347 tum
668 5290 965 5349 Salvatoris
981 5292 1151 5348 nostri
1171 5291 1459 5363 signiﬁcat,
1477 5307 1587 5362 quo
1613 5300 1827 5362 tempus
1855 5294 2097 5347 omnium

531 5379 814 5436 hominum
841 5381 1183 5437 remissionis
1206 5382 1539 5437 declaratum
1573 5390 1676 5447 est,
1708 5397 1807 5439 seu
1829 5398 2009 5437 mores
2028 5385 2094 5437 ad

533 5473 834 5542 perfectum
871 5473 1162 5542 perducti?

2218 1810 2318 1878 τῆς
2342 1807 2434 1860 τοῦ
2467 1805 2702 1878 Χριστοῦ
2736 1807 3057 1876 παρουσίας,
3102 1806 3223 1859 καθ’
3250 1806 3309 1860 ὃν
3339 1808 3387 1860 οἱ
3421 1809 3617 1870 πάντες
3644 1808 3782 1861 δεδι-

2219 1896 2504 1967 καιὼμεθα
2548 1899 2615 1967 τῇ
2653 1897 2853 1960 πίστει,
2892 1896 3001 1950 τῶν
3030 1898 3271 1968 ἀρχαίων
3300 1897 3783 1970 πλημμελημάτων

2218 1987 2316 2058 τὴν
2358 1989 2662 2058 ἀμνηστίαν
2697 1988 3166 2060 ἀποκερδαίοντες,
3202 1989 3647 2061 προσηλώσαντος
3686 1992 3784 2044 αὑ-

2216 2078 2310 2132 τοῦ
2339 2079 2415 2148 τῷ
2461 2079 2574 2146 ἰδίῳ
2605 2079 2820 2150 σταυρῷ
2851 2080 2912 2133 τὸ
2940 2080 3062 2134 καθ’
3089 2081 3244 2151 ἡμῶν
3277 2083 3657 2154 χειρόγραφον,
3687 2085 3786 2136 καὶ

2215 2175 2309 2238 οὓς
2329 2176 2658 2248 ὠφλήσαμεν
2682 2177 2871 2245 λόγους
2893 2176 2969 2247 τῷ
2995 2179 3177 2248 κριτῇ,
3214 2179 3569 2248 πεποιηκότος
3596 2179 3660 2231 ἐκ
3684 2177 3782 2246 μέ-

2217 2285 2330 2320 σου.
2359 2268 2520 2336 Λέγει
2552 2268 2608 2321 δέ
2639 2268 2780 2321 οὕτω
2805 2268 2964 2321 πάλιν
2992 2270 3049 2324 ἐν
3074 2270 3149 2338 τῷ
3187 2271 3591 2340 Δευτερονομίῳ
3611 2286 3623 2298 ο
3658 2288 3676 2320 ι
3701 2269 3784 2322 Δι’

2213 2360 2354 2414 ἑπτὰ
2375 2361 2508 2414 ἐτῶν
2526 2361 2767 2430 ποιήσεις
2796 2362 3006 2430 ἄφεσιν,
3041 2365 3134 2416 κοιλ⁵
3161 2362 3333 2426 οὕτως
3364 2363 3424 2414 τὸ
3453 2362 3788 2431 πρόσταγμα

2211 2447 2310 2517 τῆς
2337 2447 2583 2516 ἀφέσεως
2601 2465 2614 2479 ⁸
2648 2448 2902 2516 Ἀφήσεις
2933 2451 3040 2502 πᾶν
3069 2450 3224 2519 χρέος
3245 2451 3393 2514 ἴδιον,
3411 2450 3440 2502 ὅ
3465 2450 3672 2518 ὀφείλει
3695 2467 3784 2503 σοι

2210 2539 2238 2590 6
2285 2539 2529 2607 πλησίον,
2566 2538 2660 2591 καὶ
2689 2538 2783 2592 τὸν
2809 2539 3034 2609 ἀδελφόν
3068 2558 3160 2595 σου
3192 2542 3291 2594 οὐκ
3331 2542 3671 2611 ἀπαιτήσεις,
3699 2541 3789 2594 ὅτι

2211 2630 2562 2701 ἐπικέκληται
2608 2631 2800 2700 ἄφεσις
2844 2633 3035 2704 Κυρίῳ
3079 2632 3155 2704 τῷ
3192 2634 3310 2706 Θεῷ
3338 2652 3452 2692 σου.
3489 2634 3593 2688 Τὸν
3621 2635 3785 2688 ἀλλό-

2207 2739 2355 2792 τριον
2393 2721 2717 2792 ἀπαιτήσεις
2762 2724 2861 2776 ὅσα
2894 2723 2989 2776 ὲάν
3025 2720 3060 2798 ᾖ
3095 2741 3175 2777 σοι
3217 2726 3343 2794 παρ’
3393 2725 3561 2795 αὐτῷ.
3603 2726 3695 2796 Τῷ
3725 2725 3784 2780 δὲ

2207 2813 2419 2882 ἀδελφῷ
2453 2830 2546 2865 σου
2571 2813 2763 2882 ἄφεσιν
2793 2815 3040 2884 ποιήσεις
3065 2815 3158 2869 τοῦ
3183 2816 3375 2885 χρέους
3417 2833 3532 2880 σου,
3568 2818 3648 2869 ὅτι
3679 2818 3782 2870 οὐκ

2208 2903 2358 2957 ἔσται
2385 2907 2442 2958 ἐν
2467 2905 2548 2957 σοὶ
2575 2905 2784 2977 ἐνδεὴς,
2811 2906 2896 2959 ὅτι
2926 2907 3159 2976 εὐλογῶν
3185 2907 3466 2979 εὐλογήσει
3493 2926 3551 2960 σε
3575 2909 3782 2978 Κύριος

2206 2996 2234 3048 6
2265 2997 2397 3059 Θεός
2424 3014 2514 3049 σου
2538 2997 2595 3048 ἐν
2625 3000 2690 3067 τῇ
2723 3000 2815 3069 γῇ,
2906 2998 3110 3069 Κύριος
3143 3001 3170 3051 6
3199 2997 3330 3062 Θεός
3361 3015 3452 3052 σου
3480 2999 3661 3052 δίδωσί
3697 3017 3780 3052 σοι

2208 3089 2266 3142 ἐν
2299 3087 2484 3158 κλήρῳ
2511 3088 3053 3160 κατακληρονομῆσαι
3076 3090 3296 3160 αὐτήν.»
3325 3091 3436 3143 Καὶ
3467 3089 3584 3161 μεθ’
3615 3090 3780 3163 ἕτερα

2209 3179 2368 3232 πάλιν
2390 3196 2404 3209 ·
2433 3198 2452 3228 ‹
2477 3180 2598 3232 Ἐἀν
2615 3179 2671 3232 δὲ
2700 3180 2922 3250 γένηται
2941 3182 2997 3234 ἐν
3016 3181 3099 3234 σοὶ
3115 3181 3295 3252 ἐνδεὴς
3312 3184 3374 3236 ἐκ
3400 3183 3508 3236 τῶν
3531 3182 3779 3252 ἀδελφῶν

2209 3284 2323 3331 σου,
2354 3269 2412 3321 ἐν
2453 3269 2553 3338 μιᾷ
2593 3267 2697 3321 τῶν
2736 3269 2942 3323 πόλεών
2973 3288 3086 3334 σου,
3126 3273 3184 3324 ἐν
3208 3275 3273 3342 τῇ
3315 3275 3384 3343 γῇ
3421 3273 3487 3344 ἣν
3515 3273 3719 3343 Κύριος
3750 3276 3782 3326 ὁ

2207 3358 2336 3422 Θεός
2379 3376 2473 3410 σου
2519 3348 2698 3411 δίδωσί
2729 3378 2832 3424 σοι,
2865 3363 2963 3414 οὐκ
3007 3362 3362 3434 ἀποστρέψεις
3400 3365 3498 3434 τὴν
3545 3365 3778 3434 καρδίαν

2209 3467 2324 3517 σου,
2374 3450 2494 3502 οὐδὲ
2550 3449 2624 3520 μὴ
2677 3451 2976 3521 συσφίγξῃς
3027 3451 3124 3522 τὴν
3166 3453 3321 3523 χεῖρά
3371 3469 3462 3504 σου
3519 3452 3626 3504 ἀπὸ
3679 3453 3779 3507 τοῦ

2207 3539 2434 3608 ἀδελφοῦ
2463 3558 2576 3605 σου,
2601 3541 2692 3594 τοῦ
2723 3542 3088 3611 ἐπιδεομένου.
3139 3543 3391 3612 Ἀνοίγων
3422 3542 3652 3608 ἀνοίξεις
3677 3544 3779 3615 τὴν

2208 3632 2364 3703 χεῖρά
2394 3649 2486 3684 σου
2509 3632 2676 3703 αὐτῷ,
2699 3635 2908 3688 δάνειον
2934 3636 3131 3698 δανιεϊς
3151 3635 3296 3706 αὐτῷ
3321 3637 3442 3689 ὅσον
3465 3635 3530 3688 ἂν
3553 3636 3776 3706 έπιδέη-

2205 3740 2316 3790 ται,
2335 3725 2426 3777 καὶ
2443 3724 2562 3778 καθ’
2581 3725 2703 3779 ὅσον
2725 3726 3048 3797 ὑστερεῖται.
3073 3727 3313 3797 Πρόσεχε
3336 3727 3544 3797 σεαυτῷ
3563 3729 3779 3798 μήποτε

2206 3814 2432 3886 γένηται
2462 3817 2613 3886 ῥῆμα
2637 3818 2878 3888 κρυπτὸν
2903 3821 2959 3870 ἐν
2980 3814 3045 3888 τῇ
3069 3819 3265 3890 καρδίᾳ
3288 3837 3380 3872 σου
3407 3820 3665 3890 ἀνόμημα
3693 3819 3780 3872 λέ-

2207 3923 2347 3974 γων·
2387 3906 2624 3976 Ἐγγίζει
2647 3908 2706 3960 τὸ
2732 3907 2849 3972 ἔτος
2876 3909 2939 3960 τὸ
2956 3908 3202 3979 ἓδδομον,
3231 3910 3348 3974 έτος
3373 3912 3472 3975 τῆς
3501 3912 3776 3980 ἀφέσεως,

2209 3999 2302 4052 καὶ
2332 3999 2732 4070 πονηρεύσηται
2758 4001 2786 4052 6
2805 3999 3081 4069 ὀφθαλμός
3108 4017 3200 4054 σου
3223 4001 3299 4071 τῷ
3323 4001 3536 4072 ἀδελφῷ
3567 4019 3660 4055 σου
3696 4001 3778 4072 τῷ

2207 4092 2560 4162 ἐπιδεομένῳ,
2593 4091 2764 4144 καὶού
2785 4090 2890 4161 δῷς
2916 4091 3083 4162 αὐτῷ,
3113 4093 3205 4146 καὶ
3231 4093 3483 4162 βοήσεται
3503 4094 3644 4147 κατά
3679 4093 3780 4147 σοῦ

2205 4182 2341 4252 πρὸς
2367 4180 2587 4252 Κύριον,
2617 4181 2711 4235 καὶ
2745 4180 2896 4235 ἔσται
2933 4199 3015 4234 σοι
3040 4183 3283 4254 ἁμαρτία
3321 4183 3559 4254 μεγάλη·
3594 4184 3779 4248 διδοὺς

2203 4273 2394 4336 δώσεις
2427 4272 2598 4343 αὐτῷ,
2633 4273 2726 4325 καὶ
2767 4272 2974 4327 δάνειον
2996 4273 3194 4336 δανιεῖς
3231 4273 3380 4342 αὐτῷ
3400 4275 3522 4326 ὅσον
3544 4273 3612 4327 ἂν
3652 4276 3783 4330 ἐπι-

2203 4365 2386 4436 δέηταί
2420 4382 2536 4427 σου,
2577 4365 2669 4418 καὶ
2706 4365 2769 4419 οὐ
2800 4365 3090 4437 λυπηθήσῃ
3122 4368 3186 4438 τῇ
3222 4365 3418 4437 καρδίᾳ
3452 4383 3568 4432 σου,
3595 4366 3774 4422 διδόν-

2200 4475 2289 4520 τος
2320 4456 2416 4510 σοῦ
2455 4456 2604 4527 αὐτῷ
2624 4473 2637 4485 ·
2665 4457 2748 4510 ὅτι
2794 4457 2884 4511 διὰ
2914 4457 2975 4510 τὸ
3023 4457 3174 4529 ῥῆμα
3201 4458 3358 4512 τοῦτο
3389 4458 3675 4530 εὑλογήσει
3709 4478 3771 4514 σε

2200 4547 2401 4618 Κύριος
2447 4550 2474 4601 6
2506 4548 2638 4612 Θεός
2669 4566 2784 4614 σου,
2819 4551 2879 4602 ἐν
2912 4550 3044 4603 πᾶσι
3067 4552 3179 4614 τοῖς
3221 4550 3403 4622 έργοις
3435 4569 3549 4618 σου,
3584 4553 3681 4606 καὶ
3711 4554 3772 4607 ἐν

2200 4638 2364 4690 πᾶσιν
2384 4631 2444 4691 οὗ
2467 4639 2532 4693 ἂν
2561 4641 2821 4714 ἐπιόἀλῃς
2847 4641 2945 4714 τὴν
2967 4645 3128 4714 χεῖρά
3143 4661 3259 4698 σου.
3291 4663 3311 4696 ι
3346 4645 3422 4698 Οὐ
3454 4644 3765 4716 λυπηθὴσῃ,

2201 4730 2357 4800 φησὶ,
2377 4734 2442 4803 τῇ
2465 4732 2660 4803 καρδίᾳ
2675 4733 2904 4798 διδόντος
2925 4734 3018 4788 σοῦ
3041 4733 3236 4804 αὐτῷ-ι
3265 4736 3470 4807 ’ἱλαρὸν
3491 4737 3597 4808 γάρ
3609 4738 3769 4808 δότην

2200 4821 2388 4892 ἀγαπᾷ
2431 4823 2460 4875 6
2495 4823 2661 4888 Θεὸς,
2689 4843 2707 4875 ι
2744 4824 2884 4880 κατά
2937 4825 3036 4895 τὴν
3089 4824 3185 4880 τοῦ
3234 4825 3505 4896 μακαρίου
3551 4827 3768 4880 Παύλου

2200 4914 2403 4984 φωνήν.

2270 5201 2474 5256 ΠΑΛΛ.
2516 5197 2649 5254 Εἶτα
2681 5199 2798 5263 πῶς
2845 5199 2906 5252 τδ
2947 5197 3065 5261 ἔτος
3090 5197 3152 5250 τὸ
3197 5195 3422 5265 ἕϐδομον
3465 5192 3620 5248 τοῦτο
3664 5191 3765 5263 τὴν

2197 5292 2290 5347 τοῦ
2319 5293 2568 5362 Σωτῆρος
2597 5290 2750 5362 ἡμῶν
2792 5288 3085 5359 καταδηλοί
3129 5287 3450 5359 παρουσίαν,
3495 5284 3617 5338 καθ’
3643 5283 3708 5354 ἢν
3733 5285 3763 5336 6

2195 5388 2293 5453 τῆς
2320 5383 2571 5437 ἁπάντων
2610 5383 2856 5452 ἀφέσεως
2884 5379 3162 5450 ἀνεδείχθη
3207 5377 3418 5449 καιρὸς,
3468 5376 3587 5446 ἦτοι
3611 5388 3764 5429 τετε-

2194 5473 2410 5526 λείωται
2440 5471 2639 5542 τρόπος
2657 5490 2672 5540 ;

615 5654 654 5688 ⁹⁹
683 5654 814 5709 Luc.
849 5670 918 5718 vi,
948 5654 1034 5707 30.
1111 5656 1155 5686 ²⁰
1186 5655 1347 5708 llebr.
1380 5671 1452 5721 1x,
1485 5655 1564 5708 10.
1643 5655 1681 5742 τ’
1713 5653 1808 5709 Col
1865 5669 1920 5720 ιι,
1962 5655 2044 5709 li.

2211 5654 2355 5708 Deut.
2388 5654 2472 5721 15,
2510 5653 2615 5708 1-5.
2687 5653 2739 5742 ξδ
2770 5651 2908 5709 Ibid.
2943 5649 3095 5707 7-10.
3132 5651 3178 5684 ³⁵
3205 5651 3254 5707 ΙΙ
3282 5649 3411 5708 Cor.
3445 5665 3521 5719 lx,
3547 5649 3600 5706 Ἰ.
