  <div class='ocr_page' id='page_1' title='image "/cluster/home/n/w/nwhite01/storage/ocr_20150623/68/pst.000005712694/298.png"; bbox 0 0 3962 6296; ppageno 0'>
   <div class='ocr_carea' id='block_1_1' title="bbox 257 261 367 320">
    <p class='ocr_par' dir='ltr' id='par_1_1' title="bbox 257 261 367 320">
     <span class='ocr_line' id='line_1_1' title="bbox 257 261 367 320; baseline -0.036 0"><span class='ocrx_word' id='word_1_1' title='bbox 257 261 367 320; x_wconf 80' lang='lat'><strong>569</strong></span> 
     </span>
    </p>
   </div>
   <div class='ocr_carea' id='block_1_2' title="bbox 972 252 2811 313">
    <p class='ocr_par' dir='ltr' id='par_1_2' title="bbox 972 252 2811 313">
     <span class='ocr_line' id='line_1_2' title="bbox 972 252 2811 313; baseline -0.002 0"><span class='ocrx_word' id='word_1_2' title='bbox 972 258 1060 313; x_wconf 89' lang='lat' dir='ltr'><strong>DE</strong></span> <span class='ocrx_word' id='word_1_3' title='bbox 1097 255 1535 313; x_wconf 80' lang='lat' dir='ltr'><strong>ADORATIONE</strong></span> <span class='ocrx_word' id='word_1_4' title='bbox 1573 258 1640 313; x_wconf 78' lang='lat' dir='ltr'><strong>lN</strong></span> <span class='ocrx_word' id='word_1_5' title='bbox 1681 253 1948 311; x_wconf 81' lang='lat' dir='ltr'><strong>SPIRITU</strong></span> <span class='ocrx_word' id='word_1_6' title='bbox 1987 253 2076 309; x_wconf 84' lang='lat' dir='ltr'><strong>ET</strong></span> <span class='ocrx_word' id='word_1_7' title='bbox 2109 252 2473 312; x_wconf 78' lang='lat' dir='ltr'><strong>VERITATE.</strong></span> <span class='ocrx_word' id='word_1_8' title='bbox 2517 254 2644 308; x_wconf 83' lang='lat' dir='ltr'><strong>LIB.</strong></span> <span class='ocrx_word' id='word_1_9' title='bbox 2678 254 2811 310; x_wconf 80' lang='lat' dir='ltr'><strong>Vill.</strong></span> 
     </span>
    </p>
   </div>
   <div class='ocr_carea' id='block_1_3' title="bbox 3447 259 3517 314">
    <p class='ocr_par' dir='ltr' id='par_1_3' title="bbox 3447 259 3517 314">
     <span class='ocr_line' id='line_1_3' title="bbox 3447 259 3517 314; baseline -0.043 0"><span class='ocrx_word' id='word_1_10' title='bbox 3447 259 3517 314; x_wconf 75' lang='lat'><strong>70</strong></span> 
     </span>
    </p>
   </div>
   <div class='ocr_carea' id='block_1_4' title="bbox 337 367 1827 444">
    <p class='ocr_par' dir='ltr' id='par_1_4' title="bbox 337 370 1827 444">
     <span class='ocr_line' id='line_1_4' title="bbox 337 370 1827 444; baseline -0.002 -17"><span class='ocrx_word' id='word_1_11' title='bbox 337 373 501 428; x_wconf 78' lang='grc' dir='ltr'><strong>ΚΥΡ.</strong></span> <span class='ocrx_word' id='word_1_12' title='bbox 548 372 621 425; x_wconf 83' lang='grc' dir='ltr'><strong>Ἦ</strong></span> <span class='ocrx_word' id='word_1_13' title='bbox 660 370 721 425; x_wconf 84' lang='grc' dir='ltr'>οὐ</span> <span class='ocrx_word' id='word_1_14' title='bbox 768 373 1023 443; x_wconf 76' lang='grc' dir='ltr'><strong>μεμνήσῃ</strong></span> <span class='ocrx_word' id='word_1_15' title='bbox 1070 371 1423 444; x_wconf 82' lang='grc' dir='ltr'>διειρηκότων</span> <span class='ocrx_word' id='word_1_16' title='bbox 1461 372 1617 443; x_wconf 82' lang='grc' dir='ltr'>ήμῶν</span> <span class='ocrx_word' id='word_1_17' title='bbox 1661 373 1757 425; x_wconf 83' lang='grc' dir='ltr'>καὶ</span> <span class='ocrx_word' id='word_1_18' title='bbox 1786 370 1827 424; x_wconf 68' lang='grc' dir='ltr'>ὲι</span> 
     </span>
    </p>
   </div>
   <div class='ocr_carea' id='block_1_5' title="bbox 1932 367 3513 444">
    <p class='ocr_par' dir='ltr' id='par_1_5' title="bbox 2013 367 3513 442">
     <span class='ocr_line' id='line_1_5' title="bbox 2013 367 3513 442; baseline 0.003 -20"><span class='ocrx_word' id='word_1_19' title='bbox 2013 367 2173 422; x_wconf 83' lang='lat' dir='ltr'><strong>CYR.</strong></span> <span class='ocrx_word' id='word_1_20' title='bbox 2214 368 2294 422; x_wconf 84' lang='lat' dir='ltr'><strong>An</strong></span> <span class='ocrx_word' id='word_1_21' title='bbox 2318 377 2378 423; x_wconf 90' lang='lat' dir='ltr'><strong>tu</strong></span> <span class='ocrx_word' id='word_1_22' title='bbox 2402 368 2605 422; x_wconf 87' lang='lat' dir='ltr'><strong>oblitus</strong></span> <span class='ocrx_word' id='word_1_23' title='bbox 2635 384 2715 433; x_wconf 90' lang='lat' dir='ltr'><strong>es,</strong></span> <span class='ocrx_word' id='word_1_24' title='bbox 2746 383 2848 423; x_wconf 92' lang='lat' dir='ltr'><strong>nos</strong></span> <span class='ocrx_word' id='word_1_25' title='bbox 2887 369 3142 438; x_wconf 81' lang='lat' dir='ltr'><strong>superius</strong></span> <span class='ocrx_word' id='word_1_26' title='bbox 3162 384 3382 441; x_wconf 84' lang='lat' dir='ltr'><strong>quoque</strong></span> <span class='ocrx_word' id='word_1_27' title='bbox 3399 372 3513 442; x_wconf 82' lang='lat' dir='ltr'><strong>jam</strong></span> 
     </span>
    </p>
   </div>
   <div class='ocr_carea' id='block_1_6' title="bbox 259 460 1837 535">
    <p class='ocr_par' dir='ltr' id='par_1_6' title="bbox 259 460 1837 535">
     <span class='ocr_line' id='line_1_6' title="bbox 259 460 1837 535; baseline -0.001 -19"><span class='ocrx_word' id='word_1_28' title='bbox 259 467 377 528; x_wconf 77' lang='grc' dir='ltr'>τοῖς</span> <span class='ocrx_word' id='word_1_29' title='bbox 403 464 507 535; x_wconf 74' lang='grc' dir='ltr'><strong>ήδη</strong></span> <span class='ocrx_word' id='word_1_30' title='bbox 551 462 961 534; x_wconf 85' lang='grc' dir='ltr'>παρῳχηκόσιν,</span> <span class='ocrx_word' id='word_1_31' title='bbox 994 462 1077 515; x_wconf 83' lang='grc' dir='ltr'>ὅτι</span> <span class='ocrx_word' id='word_1_32' title='bbox 1107 460 1335 533; x_wconf 88' lang='grc' dir='ltr'>σύνηθες</span> <span class='ocrx_word' id='word_1_33' title='bbox 1367 464 1434 533; x_wconf 78' lang='grc' dir='ltr'>τῇ</span> <span class='ocrx_word' id='word_1_34' title='bbox 1477 462 1597 534; x_wconf 75' lang='grc' dir='ltr'>θείᾳ</span> <span class='ocrx_word' id='word_1_35' title='bbox 1627 462 1837 532; x_wconf 73' lang='grc' dir='ltr'>Γραφῇ,</span> 
     </span>
    </p>
   </div>
   <div class='ocr_carea' id='block_1_7' title="bbox 258 552 1841 625">
    <p class='ocr_par' dir='ltr' id='par_1_7' title="bbox 258 552 1841 625">
     <span class='ocr_line' id='line_1_7' title="bbox 258 552 1841 625; baseline -0.003 -15"><span class='ocrx_word' id='word_1_36' title='bbox 258 555 360 609; x_wconf 83' lang='grc' dir='ltr'>τοῦ</span> <span class='ocrx_word' id='word_1_37' title='bbox 405 552 673 625; x_wconf 81' lang='grc' dir='ltr'><strong>παρόντος</strong></span> <span class='ocrx_word' id='word_1_38' title='bbox 720 552 817 605; x_wconf 79' lang='grc' dir='ltr'>καὶ</span> <span class='ocrx_word' id='word_1_39' title='bbox 861 553 1213 623; x_wconf 69' lang='grc' dir='ltr'><strong>ἐνεστηκότος</strong></span> <span class='ocrx_word' id='word_1_40' title='bbox 1260 552 1455 616; x_wconf 87' lang='grc' dir='ltr'>αίῶνος</span> <span class='ocrx_word' id='word_1_41' title='bbox 1505 552 1566 605; x_wconf 80' lang='grc' dir='ltr'><strong>τὸ</strong></span> <span class='ocrx_word' id='word_1_42' title='bbox 1622 552 1841 621; x_wconf 77' lang='grc' dir='ltr'>σύμπαν</span> 
     </span>
    </p>
   </div>
   <div class='ocr_carea' id='block_1_8' title="bbox 258 640 1841 717">
    <p class='ocr_par' dir='ltr' id='par_1_8' title="bbox 258 640 1841 717">
     <span class='ocr_line' id='line_1_8' title="bbox 258 640 1841 717; baseline -0.006 -17"><span class='ocrx_word' id='word_1_43' title='bbox 258 647 539 717; x_wconf 81' lang='grc' dir='ltr'>διάστημα</span> <span class='ocrx_word' id='word_1_44' title='bbox 561 642 898 714; x_wconf 84' lang='grc' dir='ltr'>παρομοιοῦν</span> <span class='ocrx_word' id='word_1_45' title='bbox 925 643 1201 714; x_wconf 80' lang='grc' dir='ltr'>ὲὸδομάδι,</span> <span class='ocrx_word' id='word_1_46' title='bbox 1227 642 1317 695; x_wconf 80' lang='grc' dir='ltr'>διὰ</span> <span class='ocrx_word' id='word_1_47' title='bbox 1343 645 1442 712; x_wconf 74' lang='grc' dir='ltr'><strong>τὴν</strong></span> <span class='ocrx_word' id='word_1_48' title='bbox 1472 643 1551 704; x_wconf 87' lang='grc' dir='ltr'><strong>εἰς</strong></span> <span class='ocrx_word' id='word_1_49' title='bbox 1577 640 1636 694; x_wconf 83' lang='grc' dir='ltr'><strong>τὸ</strong></span> <span class='ocrx_word' id='word_1_50' title='bbox 1665 642 1841 710; x_wconf 83' lang='grc' dir='ltr'>ἀπαρ-</span> 
     </span>
    </p>
   </div>
   <div class='ocr_carea' id='block_1_9' title="bbox 263 731 1837 808">
    <p class='ocr_par' dir='ltr' id='par_1_9' title="bbox 263 731 1837 808">
     <span class='ocr_line' id='line_1_9' title="bbox 263 731 1837 808; baseline -0.018 -6"><span class='ocrx_word' id='word_1_51' title='bbox 263 739 367 808; x_wconf 78' lang='grc' dir='ltr'><strong>κῆς</strong></span> <span class='ocrx_word' id='word_1_52' title='bbox 404 735 512 789; x_wconf 76' lang='grc' dir='ltr'><strong>τῶν</strong></span> <span class='ocrx_word' id='word_1_53' title='bbox 552 735 778 806; x_wconf 83' lang='grc' dir='ltr'>ἡμερῶν</span> <span class='ocrx_word' id='word_1_54' title='bbox 815 732 1224 798; x_wconf 87' lang='grc' dir='ltr'>ἀνακύκλωσιν;</span> <span class='ocrx_word' id='word_1_55' title='bbox 1267 733 1438 804; x_wconf 82' lang='grc' dir='ltr'>πέρας</span> <span class='ocrx_word' id='word_1_56' title='bbox 1472 732 1581 804; x_wconf 82' lang='grc' dir='ltr'><strong>γὰρ</strong></span> <span class='ocrx_word' id='word_1_57' title='bbox 1607 731 1837 802; x_wconf 76' lang='grc' dir='ltr'>ὲδδομά-</span> 
     </span>
    </p>
   </div>
   <div class='ocr_carea' id='block_1_10' title="bbox 262 820 1839 895">
    <p class='ocr_par' dir='ltr' id='par_1_10' title="bbox 262 820 1839 895">
     <span class='ocr_line' id='line_1_10' title="bbox 262 820 1839 895; baseline -0.004 -13"><span class='ocrx_word' id='word_1_58' title='bbox 262 828 388 892; x_wconf 79' lang='grc' dir='ltr'>δος,</span> <span class='ocrx_word' id='word_1_59' title='bbox 435 829 496 881; x_wconf 78' lang='grc' dir='ltr'>τὸ</span> <span class='ocrx_word' id='word_1_60' title='bbox 531 820 831 890; x_wconf 76' lang='grc' dir='ltr'>Σάὁϐατον,</span> <span class='ocrx_word' id='word_1_61' title='bbox 878 828 973 879; x_wconf 85' lang='grc' dir='ltr'>καὶ</span> <span class='ocrx_word' id='word_1_62' title='bbox 1011 825 1205 894; x_wconf 80' lang='grc' dir='ltr'><strong>γείτων</strong></span> <span class='ocrx_word' id='word_1_63' title='bbox 1233 824 1393 887; x_wconf 74' lang='grc' dir='ltr'>εὐθὺς</span> <span class='ocrx_word' id='word_1_64' title='bbox 1423 826 1456 895; x_wconf 85' lang='grc' dir='ltr'><strong>ή</strong></span> <span class='ocrx_word' id='word_1_65' title='bbox 1493 824 1676 894; x_wconf 81' lang='grc' dir='ltr'><strong>ὀγδόη,</strong></span> <span class='ocrx_word' id='word_1_66' title='bbox 1713 824 1839 877; x_wconf 85' lang='grc' dir='ltr'>νέαν</span> 
     </span>
    </p>
   </div>
   <div class='ocr_carea' id='block_1_11' title="bbox 260 914 1837 990">
    <p class='ocr_par' dir='ltr' id='par_1_11' title="bbox 260 914 1837 990">
     <span class='ocr_line' id='line_1_11' title="bbox 260 914 1837 990; baseline -0.003 -18"><span class='ocrx_word' id='word_1_67' title='bbox 260 922 396 990; x_wconf 86' lang='grc' dir='ltr'>ήμῖν</span> <span class='ocrx_word' id='word_1_68' title='bbox 452 918 639 990; x_wconf 82' lang='grc' dir='ltr'>ὥσπερ</span> <span class='ocrx_word' id='word_1_69' title='bbox 684 918 881 981; x_wconf 85' lang='grc' dir='ltr'>αίῶνος</span> <span class='ocrx_word' id='word_1_70' title='bbox 920 916 1095 987; x_wconf 81' lang='grc' dir='ltr'>ἀρχὴν</span> <span class='ocrx_word' id='word_1_71' title='bbox 1137 917 1541 987; x_wconf 86' lang='grc' dir='ltr'>είσκομίσουσα,</span> <span class='ocrx_word' id='word_1_72' title='bbox 1595 915 1681 969; x_wconf 82' lang='grc' dir='ltr'><strong>διὰ</strong></span> <span class='ocrx_word' id='word_1_73' title='bbox 1738 914 1837 985; x_wconf 76' lang='grc' dir='ltr'><strong>τῆς</strong></span> 
     </span>
    </p>
   </div>
   <div class='ocr_carea' id='block_1_12' title="bbox 259 1006 1027 1078">
    <p class='ocr_par' dir='ltr' id='par_1_12' title="bbox 259 1006 1027 1078">
     <span class='ocr_line' id='line_1_12' title="bbox 259 1006 1027 1078; baseline -0.004 -15"><span class='ocrx_word' id='word_1_74' title='bbox 259 1009 614 1072; x_wconf 74' lang='grc' dir='ltr'><strong>ἀναστάσεως</strong></span> <span class='ocrx_word' id='word_1_75' title='bbox 640 1007 733 1061; x_wconf 80' lang='grc' dir='ltr'>τοῦ</span> <span class='ocrx_word' id='word_1_76' title='bbox 765 1006 1027 1078; x_wconf 78' lang='grc' dir='ltr'><strong>Χριστοῦ.</strong></span> 
     </span>
    </p>
   </div>
   <div class='ocr_carea' id='block_1_13' title="bbox 332 1099 972 1169">
    <p class='ocr_par' dir='ltr' id='par_1_13' title="bbox 332 1099 972 1169">
     <span class='ocr_line' id='line_1_13' title="bbox 332 1099 972 1169; baseline -0.003 -16"><span class='ocrx_word' id='word_1_77' title='bbox 332 1101 544 1155; x_wconf 77' lang='grc' dir='ltr'><strong>ΠΔΛΛ.</strong></span> <span class='ocrx_word' id='word_1_78' title='bbox 583 1099 972 1169; x_wconf 85' lang='grc' dir='ltr'>Μεμνήσομαι.</span> 
     </span>
    </p>
   </div>
   <div class='ocr_carea' id='block_1_14' title="bbox 329 1184 1835 1259">
    <p class='ocr_par' dir='ltr' id='par_1_14' title="bbox 329 1184 1835 1259">
     <span class='ocr_line' id='line_1_14' title="bbox 329 1184 1835 1259; baseline -0.004 -16"><span class='ocrx_word' id='word_1_79' title='bbox 329 1190 500 1243; x_wconf 79' lang='grc' dir='ltr'><strong>ΚΥΡ.</strong></span> <span class='ocrx_word' id='word_1_80' title='bbox 553 1188 951 1259; x_wconf 82' lang='grc' dir='ltr'>Ἐπιδεδήμηκε</span> <span class='ocrx_word' id='word_1_81' title='bbox 975 1187 1156 1241; x_wconf 92' lang='grc' dir='ltr'>τοίνυν</span> <span class='ocrx_word' id='word_1_82' title='bbox 1177 1184 1321 1240; x_wconf 86' lang='grc' dir='ltr'>κατά</span> <span class='ocrx_word' id='word_1_83' title='bbox 1343 1186 1440 1248; x_wconf 82' lang='grc' dir='ltr'>τὰς</span> <span class='ocrx_word' id='word_1_84' title='bbox 1469 1184 1713 1257; x_wconf 75' lang='grc' dir='ltr'>Γραφὰς,</span> <span class='ocrx_word' id='word_1_85' title='bbox 1743 1185 1835 1237; x_wconf 73' lang='grc' dir='ltr'>ἐπὶ</span> 
     </span>
    </p>
   </div>
   <div class='ocr_carea' id='block_1_15' title="bbox 259 1278 1835 1352">
    <p class='ocr_par' dir='ltr' id='par_1_15' title="bbox 259 1278 1835 1352">
     <span class='ocr_line' id='line_1_15' title="bbox 259 1278 1835 1352; baseline -0.003 -18"><span class='ocrx_word' id='word_1_86' title='bbox 259 1281 548 1352; x_wconf 81' lang='grc' dir='ltr'>συντελείᾳ</span> <span class='ocrx_word' id='word_1_87' title='bbox 571 1280 664 1334; x_wconf 79' lang='grc' dir='ltr'>τοῦ</span> <span class='ocrx_word' id='word_1_88' title='bbox 714 1280 978 1351; x_wconf 81' lang='grc' dir='ltr'>παρόντος</span> <span class='ocrx_word' id='word_1_89' title='bbox 1018 1279 1232 1343; x_wconf 85' lang='grc' dir='ltr'>αἰῶνος,</span> <span class='ocrx_word' id='word_1_90' title='bbox 1279 1279 1372 1332; x_wconf 75' lang='grc' dir='ltr'>καὶ</span> <span class='ocrx_word' id='word_1_91' title='bbox 1415 1278 1574 1331; x_wconf 88' lang='grc' dir='ltr'>οἱονεί</span> <span class='ocrx_word' id='word_1_92' title='bbox 1620 1294 1735 1341; x_wconf 88' lang='grc' dir='ltr'><strong>πως</strong></span> <span class='ocrx_word' id='word_1_93' title='bbox 1775 1278 1835 1330; x_wconf 81' lang='grc' dir='ltr'>ὲν</span> 
     </span>
    </p>
   </div>
   <div class='ocr_carea' id='block_1_16' title="bbox 256 1370 1834 1445">
    <p class='ocr_par' dir='ltr' id='par_1_16' title="bbox 256 1370 1834 1445">
     <span class='ocr_line' id='line_1_16' title="bbox 256 1370 1834 1445; baseline -0.004 -17"><span class='ocrx_word' id='word_1_94' title='bbox 256 1372 527 1444; x_wconf 74' lang='grc' dir='ltr'>Σαϐϐάτῳ</span> <span class='ocrx_word' id='word_1_95' title='bbox 552 1373 807 1445; x_wconf 77' lang='grc' dir='ltr'>Χριστὸς,</span> <span class='ocrx_word' id='word_1_96' title='bbox 832 1373 921 1426; x_wconf 80' lang='grc' dir='ltr'>ὅτε</span> <span class='ocrx_word' id='word_1_97' title='bbox 950 1372 1045 1424; x_wconf 74' lang='grc' dir='ltr'><strong>καὶ</strong></span> <span class='ocrx_word' id='word_1_98' title='bbox 1087 1372 1289 1441; x_wconf 75' lang='grc' dir='ltr'>ἀνῆκεν</span> <span class='ocrx_word' id='word_1_99' title='bbox 1330 1370 1594 1435; x_wconf 74' lang='grc' dir='ltr'>ἅπαντας,</span> <span class='ocrx_word' id='word_1_100' title='bbox 1628 1370 1834 1440; x_wconf 77' lang='grc' dir='ltr'>σειραῖς</span> 
     </span>
    </p>
   </div>
   <div class='ocr_carea' id='block_1_17' title="bbox 256 1457 1834 1531">
    <p class='ocr_par' dir='ltr' id='par_1_17' title="bbox 256 1457 1834 1531">
     <span class='ocr_line' id='line_1_17' title="bbox 256 1457 1834 1531; baseline -0.001 -19"><span class='ocrx_word' id='word_1_101' title='bbox 256 1461 365 1513; x_wconf 81' lang='grc' dir='ltr'>τῶν</span> <span class='ocrx_word' id='word_1_102' title='bbox 394 1461 615 1514; x_wconf 80' lang='grc' dir='ltr'>οἰκείων</span> <span class='ocrx_word' id='word_1_103' title='bbox 637 1459 924 1531; x_wconf 82' lang='grc' dir='ltr'>ἁμαρτιῶν</span> <span class='ocrx_word' id='word_1_104' title='bbox 944 1459 1436 1530; x_wconf 84' lang='grc' dir='ltr'>κατεσφιγμένους,</span> <span class='ocrx_word' id='word_1_105' title='bbox 1466 1458 1559 1512; x_wconf 65' lang='grc' dir='ltr'><strong>κα)⁵</strong></span> <span class='ocrx_word' id='word_1_106' title='bbox 1588 1457 1834 1529; x_wconf 81' lang='grc' dir='ltr'>ὲπωφλη-</span> 
     </span>
    </p>
   </div>
   <div class='ocr_carea' id='block_1_18' title="bbox 254 1550 1830 1624">
    <p class='ocr_par' dir='ltr' id='par_1_18' title="bbox 254 1550 1830 1624">
     <span class='ocr_line' id='line_1_18' title="bbox 254 1550 1830 1624; baseline -0.001 -20"><span class='ocrx_word' id='word_1_107' title='bbox 254 1550 424 1614; x_wconf 72' lang='grc' dir='ltr'>κότας</span> <span class='ocrx_word' id='word_1_108' title='bbox 457 1551 610 1622; x_wconf 84' lang='grc' dir='ltr'>αὐτῷ</span> <span class='ocrx_word' id='word_1_109' title='bbox 634 1552 757 1615; x_wconf 76' lang='grc' dir='ltr'>τοὺς</span> <span class='ocrx_word' id='word_1_110' title='bbox 779 1552 880 1621; x_wconf 74' lang='grc' dir='ltr'>τῆς</span> <span class='ocrx_word' id='word_1_111' title='bbox 904 1551 1272 1624; x_wconf 74' lang='grc' dir='ltr'>παραϐάσεως</span> <span class='ocrx_word' id='word_1_112' title='bbox 1301 1552 1510 1621; x_wconf 78' lang='grc' dir='ltr'><strong>λόγους.</strong></span> <span class='ocrx_word' id='word_1_113' title='bbox 1543 1550 1830 1620; x_wconf 82' lang='grc' dir='ltr'>Τοιγάρτοι</span> 
     </span>
    </p>
   </div>
   <div class='ocr_carea' id='block_1_19' title="bbox 254 1641 1830 1714">
    <p class='ocr_par' dir='ltr' id='par_1_19' title="bbox 254 1641 1830 1714">
     <span class='ocr_line' id='line_1_19' title="bbox 254 1641 1830 1714; baseline -0.001 -19"><span class='ocrx_word' id='word_1_114' title='bbox 254 1644 350 1696; x_wconf 80' lang='grc' dir='ltr'>καὶ</span> <span class='ocrx_word' id='word_1_115' title='bbox 372 1644 432 1695; x_wconf 78' lang='grc' dir='ltr'>ὲν</span> <span class='ocrx_word' id='word_1_116' title='bbox 460 1645 573 1706; x_wconf 78' lang='grc' dir='ltr'>τοῖς</span> <span class='ocrx_word' id='word_1_117' title='bbox 604 1643 977 1712; x_wconf 83' lang='grc' dir='ltr'>Εὑαγγελίοις,</span> <span class='ocrx_word' id='word_1_118' title='bbox 1006 1643 1309 1714; x_wconf 75' lang='grc' dir='ltr'>ὀφειλέταις</span> <span class='ocrx_word' id='word_1_119' title='bbox 1337 1644 1484 1713; x_wconf 80' lang='grc' dir='ltr'>ήμᾶς</span> <span class='ocrx_word' id='word_1_120' title='bbox 1511 1641 1830 1712; x_wconf 77' lang='grc' dir='ltr'>παρεικάζει</span> 
     </span>
    </p>
   </div>
   <div class='ocr_carea' id='block_1_20' title="bbox 1942 458 3513 529">
    <p class='ocr_par' dir='ltr' id='par_1_20' title="bbox 1942 458 3513 529">
     <span class='ocr_line' id='line_1_20' title="bbox 1942 458 3513 529; baseline 0.003 -17"><span class='ocrx_word' id='word_1_121' title='bbox 1942 458 2164 524; x_wconf 87' lang='lat' dir='ltr'><strong>dixisse,</strong></span> <span class='ocrx_word' id='word_1_122' title='bbox 2190 459 2358 514; x_wconf 91' lang='lat' dir='ltr'><strong>moris</strong></span> <span class='ocrx_word' id='word_1_123' title='bbox 2409 474 2529 514; x_wconf 90' lang='lat' dir='ltr'><strong>esse</strong></span> <span class='ocrx_word' id='word_1_124' title='bbox 2584 458 2784 513; x_wconf 68' lang='lat' dir='ltr'><strong>divina:</strong></span> <span class='ocrx_word' id='word_1_125' title='bbox 2832 459 3150 529; x_wconf 68' lang='lat' dir='ltr'><strong>Scriptum,</strong></span> <span class='ocrx_word' id='word_1_126' title='bbox 3195 461 3513 517; x_wconf 88' lang='lat' dir='ltr'><strong>universum</strong></span> 
     </span>
    </p>
   </div>
   <div class='ocr_carea' id='block_1_21' title="bbox 1939 551 3511 621">
    <p class='ocr_par' dir='ltr' id='par_1_21' title="bbox 1939 551 3511 621">
     <span class='ocr_line' id='line_1_21' title="bbox 1939 551 3511 621; baseline 0.002 -15"><span class='ocrx_word' id='word_1_127' title='bbox 1939 551 2123 606; x_wconf 56' lang='lat' dir='ltr'><strong>saeculi</strong></span> <span class='ocrx_word' id='word_1_128' title='bbox 2151 551 2436 621; x_wconf 70' lang='lat' dir='ltr'><strong>prmsentis</strong></span> <span class='ocrx_word' id='word_1_129' title='bbox 2475 552 2732 621; x_wconf 76' lang='lat' dir='ltr'><strong>spatium,</strong></span> <span class='ocrx_word' id='word_1_130' title='bbox 2759 559 2984 620; x_wconf 79' lang='lat' dir='ltr'><strong>propter</strong></span> <span class='ocrx_word' id='word_1_131' title='bbox 3011 552 3162 606; x_wconf 81' lang='lat' dir='ltr'><strong>illam</strong></span> <span class='ocrx_word' id='word_1_132' title='bbox 3198 552 3412 608; x_wconf 86' lang='lat' dir='ltr'><strong>dierum</strong></span> <span class='ocrx_word' id='word_1_133' title='bbox 3444 556 3511 610; x_wconf 88' lang='lat' dir='ltr'><strong>ad</strong></span> 
     </span>
    </p>
   </div>
   <div class='ocr_carea' id='block_1_22' title="bbox 1939 642 3512 714">
    <p class='ocr_par' dir='ltr' id='par_1_22' title="bbox 1939 642 3512 714">
     <span class='ocr_line' id='line_1_22' title="bbox 1939 642 3512 714; baseline 0.003 -17"><span class='ocrx_word' id='word_1_134' title='bbox 1939 643 2158 698; x_wconf 86' lang='lat' dir='ltr'><strong>initium</strong></span> <span class='ocrx_word' id='word_1_135' title='bbox 2198 644 2600 698; x_wconf 87' lang='lat' dir='ltr'><strong>revolutionem</strong></span> <span class='ocrx_word' id='word_1_136' title='bbox 2646 642 2975 698; x_wconf 80' lang='lat' dir='ltr'><strong>hebdomadi</strong></span> <span class='ocrx_word' id='word_1_137' title='bbox 3003 647 3359 714; x_wconf 86' lang='lat' dir='ltr'><strong>comparare?</strong></span> <span class='ocrx_word' id='word_1_138' title='bbox 3385 646 3512 701; x_wconf 91' lang='lat' dir='ltr'><strong>ﬁnis</strong></span> 
     </span>
    </p>
   </div>
   <div class='ocr_carea' id='block_1_23' title="bbox 1937 733 3511 806">
    <p class='ocr_par' dir='ltr' id='par_1_23' title="bbox 1937 733 3511 806">
     <span class='ocr_line' id='line_1_23' title="bbox 1937 733 3511 806; baseline 0.004 -19"><span class='ocrx_word' id='word_1_139' title='bbox 1937 735 2083 788; x_wconf 89' lang='lat' dir='ltr'><strong>enim</strong></span> <span class='ocrx_word' id='word_1_140' title='bbox 2112 733 2467 789; x_wconf 68' lang='lat' dir='ltr'><strong>hc‘bdomadae</strong></span> <span class='ocrx_word' id='word_1_141' title='bbox 2513 734 2813 789; x_wconf 89' lang='lat' dir='ltr'><strong>Sabbatum</strong></span> <span class='ocrx_word' id='word_1_142' title='bbox 2852 742 2965 800; x_wconf 88' lang='lat' dir='ltr'><strong>est;</strong></span> <span class='ocrx_word' id='word_1_143' title='bbox 3016 735 3179 804; x_wconf 86' lang='lat' dir='ltr'><strong>eique</strong></span> <span class='ocrx_word' id='word_1_144' title='bbox 3228 738 3511 806; x_wconf 87' lang='lat' dir='ltr'><strong>proximus</strong></span> 
     </span>
    </p>
   </div>
   <div class='ocr_carea' id='block_1_24' title="bbox 1937 825 3511 896">
    <p class='ocr_par' dir='ltr' id='par_1_24' title="bbox 1937 825 3511 896">
     <span class='ocr_line' id='line_1_24' title="bbox 1937 825 3511 896; baseline 0.003 -16"><span class='ocrx_word' id='word_1_145' title='bbox 1937 826 2198 880; x_wconf 82' lang='lat' dir='ltr'><strong>continuo</strong></span> <span class='ocrx_word' id='word_1_146' title='bbox 2222 835 2306 879; x_wconf 90' lang='lat' dir='ltr'><strong>est</strong></span> <span class='ocrx_word' id='word_1_147' title='bbox 2339 825 2457 880; x_wconf 88' lang='lat' dir='ltr'><strong>dies</strong></span> <span class='ocrx_word' id='word_1_148' title='bbox 2480 834 2723 891; x_wconf 79' lang='lat' dir='ltr'><strong>octavus,</strong></span> <span class='ocrx_word' id='word_1_149' title='bbox 2758 827 2853 896; x_wconf 91' lang='lat' dir='ltr'><strong>qui</strong></span> <span class='ocrx_word' id='word_1_150' title='bbox 2885 842 3087 881; x_wconf 90' lang='lat' dir='ltr'><strong>novum</strong></span> <span class='ocrx_word' id='word_1_151' title='bbox 3112 828 3511 896; x_wconf 87' lang='lat' dir='ltr'><strong>quodammodo</strong></span> 
     </span>
    </p>
   </div>
   <div class='ocr_carea' id='block_1_25' title="bbox 1937 916 3402 987">
    <p class='ocr_par' dir='ltr' id='par_1_25' title="bbox 1937 916 3402 987">
     <span class='ocr_line' id='line_1_25' title="bbox 1937 916 3402 987; baseline 0.003 -17"><span class='ocrx_word' id='word_1_152' title='bbox 1937 917 2119 970; x_wconf 64' lang='lat' dir='ltr'><strong>saeculi</strong></span> <span class='ocrx_word' id='word_1_153' title='bbox 2142 916 2360 971; x_wconf 90' lang='lat' dir='ltr'><strong>initium</strong></span> <span class='ocrx_word' id='word_1_154' title='bbox 2381 933 2479 987; x_wconf 91' lang='lat' dir='ltr'><strong>per</strong></span> <span class='ocrx_word' id='word_1_155' title='bbox 2503 917 2708 973; x_wconf 89' lang='lat' dir='ltr'><strong>Christi</strong></span> <span class='ocrx_word' id='word_1_156' title='bbox 2738 918 3198 973; x_wconf 76' lang='lat' dir='ltr'><strong>resurrectionem</strong></span> <span class='ocrx_word' id='word_1_157' title='bbox 3223 918 3402 975; x_wconf 81' lang='lat' dir='ltr'><strong>aﬁ‘ert.</strong></span> 
     </span>
    </p>
   </div>
   <div class='ocr_carea' id='block_1_26' title="bbox 2007 1089 2479 1146">
    <p class='ocr_par' dir='ltr' id='par_1_26' title="bbox 2007 1089 2479 1146">
     <span class='ocr_line' id='line_1_26' title="bbox 2007 1089 2479 1146; baseline 0 -1"><span class='ocrx_word' id='word_1_158' title='bbox 2007 1089 2202 1145; x_wconf 86' lang='lat' dir='ltr'><strong>PALL.</strong></span> <span class='ocrx_word' id='word_1_159' title='bbox 2237 1090 2479 1146; x_wconf 88' lang='lat' dir='ltr'><strong>Memini.</strong></span> 
     </span>
    </p>
   </div>
   <div class='ocr_carea' id='block_1_27' title="bbox 2004 1178 3508 1253">
    <p class='ocr_par' dir='ltr' id='par_1_27' title="bbox 2004 1178 3508 1253">
     <span class='ocr_line' id='line_1_27' title="bbox 2004 1178 3508 1253; baseline 0.003 -19"><span class='ocrx_word' id='word_1_160' title='bbox 2004 1178 2160 1234; x_wconf 83' lang='lat' dir='ltr'><strong>CYR.</strong></span> <span class='ocrx_word' id='word_1_161' title='bbox 2189 1180 2426 1237; x_wconf 77' lang='lat' dir='ltr'><strong>Advenit</strong></span> <span class='ocrx_word' id='word_1_162' title='bbox 2458 1181 2624 1252; x_wconf 84' lang='lat' dir='ltr'><strong>igitur</strong></span> <span class='ocrx_word' id='word_1_163' title='bbox 2646 1182 2947 1237; x_wconf 90' lang='lat' dir='ltr'><strong>secundum</strong></span> <span class='ocrx_word' id='word_1_164' title='bbox 2985 1182 3297 1253; x_wconf 85' lang='lat' dir='ltr'><strong>Scripturas</strong></span> <span class='ocrx_word' id='word_1_165' title='bbox 3319 1182 3373 1237; x_wconf 91' lang='lat' dir='ltr'><strong>in</strong></span> <span class='ocrx_word' id='word_1_166' title='bbox 3401 1183 3508 1239; x_wconf 88' lang='lat' dir='ltr'><strong>ﬁne</strong></span> 
     </span>
    </p>
   </div>
   <div class='ocr_carea' id='block_1_28' title="bbox 1933 1272 3503 1343">
    <p class='ocr_par' dir='ltr' id='par_1_28' title="bbox 1933 1272 3503 1343">
     <span class='ocr_line' id='line_1_28' title="bbox 1933 1272 3503 1343; baseline 0.003 -19"><span class='ocrx_word' id='word_1_167' title='bbox 1933 1272 2218 1339; x_wconf 63' lang='lat' dir='ltr'><strong>praesentis</strong></span> <span class='ocrx_word' id='word_1_168' title='bbox 2243 1273 2447 1338; x_wconf 63' lang='lat' dir='ltr'><strong>saeculi,</strong></span> <span class='ocrx_word' id='word_1_169' title='bbox 2498 1289 2562 1328; x_wconf 91' lang='lat' dir='ltr'><strong>ac</strong></span> <span class='ocrx_word' id='word_1_170' title='bbox 2614 1273 2771 1343; x_wconf 88' lang='lat' dir='ltr'><strong>quasi</strong></span> <span class='ocrx_word' id='word_1_171' title='bbox 2821 1274 2877 1328; x_wconf 91' lang='lat' dir='ltr'><strong>in</strong></span> <span class='ocrx_word' id='word_1_172' title='bbox 2917 1273 3158 1328; x_wconf 88' lang='lat' dir='ltr'><strong>Sabbato</strong></span> <span class='ocrx_word' id='word_1_173' title='bbox 3210 1273 3503 1330; x_wconf 88' lang='lat' dir='ltr'><strong>Christus:</strong></span> 
     </span>
    </p>
   </div>
   <div class='ocr_carea' id='block_1_29' title="bbox 1933 1363 3509 1437">
    <p class='ocr_par' dir='ltr' id='par_1_29' title="bbox 1933 1363 3509 1437">
     <span class='ocr_line' id='line_1_29' title="bbox 1933 1363 3509 1437; baseline 0.004 -22"><span class='ocrx_word' id='word_1_174' title='bbox 1933 1376 2058 1416; x_wconf 90' lang='lat' dir='ltr'><strong>cum</strong></span> <span class='ocrx_word' id='word_1_175' title='bbox 2084 1363 2246 1417; x_wconf 91' lang='lat' dir='ltr'><strong>etiam</strong></span> <span class='ocrx_word' id='word_1_176' title='bbox 2296 1380 2487 1421; x_wconf 89' lang='lat' dir='ltr'><strong>omnes</strong></span> <span class='ocrx_word' id='word_1_177' title='bbox 2528 1367 2782 1422; x_wconf 88' lang='lat' dir='ltr'><strong>homines</strong></span> <span class='ocrx_word' id='word_1_178' title='bbox 2817 1367 3069 1432; x_wconf 78' lang='lat' dir='ltr'><strong>exsolvit,</strong></span> <span class='ocrx_word' id='word_1_179' title='bbox 3103 1367 3337 1422; x_wconf 80' lang='lat' dir='ltr'><strong>vinculis</strong></span> <span class='ocrx_word' id='word_1_180' title='bbox 3380 1383 3509 1437; x_wconf 91' lang='lat' dir='ltr'><strong>pec-</strong></span> 
     </span>
    </p>
   </div>
   <div class='ocr_carea' id='block_1_30' title="bbox 1932 1459 3506 1529">
    <p class='ocr_par' dir='ltr' id='par_1_30' title="bbox 1932 1459 3506 1529">
     <span class='ocr_line' id='line_1_30' title="bbox 1932 1459 3506 1529; baseline 0.003 -20"><span class='ocrx_word' id='word_1_181' title='bbox 1932 1462 2178 1509; x_wconf 87' lang='lat' dir='ltr'><strong>catorum</strong></span> <span class='ocrx_word' id='word_1_182' title='bbox 2215 1471 2444 1511; x_wconf 88' lang='lat' dir='ltr'><strong>suorum</strong></span> <span class='ocrx_word' id='word_1_183' title='bbox 2474 1459 2819 1522; x_wconf 89' lang='lat' dir='ltr'><strong>constrictos,</strong></span> <span class='ocrx_word' id='word_1_184' title='bbox 2843 1466 2898 1513; x_wconf 89' lang='lat' dir='ltr'><strong>et</strong></span> <span class='ocrx_word' id='word_1_185' title='bbox 2928 1460 3375 1529; x_wconf 81' lang='lat' dir='ltr'><strong>transgressionis</strong></span> <span class='ocrx_word' id='word_1_186' title='bbox 3394 1473 3506 1514; x_wconf 64' lang='lat' dir='ltr'><strong>suae</strong></span> 
     </span>
    </p>
   </div>
   <div class='ocr_carea' id='block_1_31' title="bbox 1932 1539 3503 1617">
    <p class='ocr_par' dir='ltr' id='par_1_31' title="bbox 1932 1539 3503 1617">
     <span class='ocr_line' id='line_1_31' title="bbox 1932 1539 3503 1617; baseline 0.006 -25"><span class='ocrx_word' id='word_1_187' title='bbox 1932 1539 2239 1597; x_wconf 86' lang='lat' dir='ltr'><strong>rationibus</strong></span> <span class='ocrx_word' id='word_1_188' title='bbox 2274 1543 2568 1599; x_wconf 89' lang='lat' dir='ltr'><strong>reddendis</strong></span> <span class='ocrx_word' id='word_1_189' title='bbox 2594 1546 2882 1600; x_wconf 84' lang='lat' dir='ltr'><strong>obnoxios.</strong></span> <span class='ocrx_word' id='word_1_190' title='bbox 2929 1547 3118 1617; x_wconf 85' lang='lat' dir='ltr'><strong>Itaque</strong></span> <span class='ocrx_word' id='word_1_191' title='bbox 3151 1557 3207 1602; x_wconf 89' lang='lat' dir='ltr'><strong>et</strong></span> <span class='ocrx_word' id='word_1_192' title='bbox 3243 1550 3298 1602; x_wconf 91' lang='lat' dir='ltr'><strong>in</strong></span> <span class='ocrx_word' id='word_1_193' title='bbox 3323 1549 3503 1602; x_wconf 87' lang='lat' dir='ltr'><strong>Evan-</strong></span> 
     </span>
    </p>
   </div>
   <div class='ocr_carea' id='block_1_32' title="bbox 1932 1629 3503 1704">
    <p class='ocr_par' dir='ltr' id='par_1_32' title="bbox 1932 1629 3503 1704">
     <span class='ocr_line' id='line_1_32' title="bbox 1932 1629 3503 1704; baseline 0.006 -22"><span class='ocrx_word' id='word_1_194' title='bbox 1932 1629 2088 1698; x_wconf 88' lang='lat' dir='ltr'><strong>geliis</strong></span> <span class='ocrx_word' id='word_1_195' title='bbox 2112 1645 2214 1686; x_wconf 89' lang='lat' dir='ltr'><strong>nos</strong></span> <span class='ocrx_word' id='word_1_196' title='bbox 2244 1631 2591 1688; x_wconf 84' lang='lat' dir='ltr'><strong>debitoribus</strong></span> <span class='ocrx_word' id='word_1_197' title='bbox 2618 1641 2917 1704; x_wconf 89' lang='lat' dir='ltr'><strong>comparat,</strong></span> <span class='ocrx_word' id='word_1_198' title='bbox 2946 1633 3138 1690; x_wconf 89' lang='lat' dir='ltr'><strong>dicens</strong></span> <span class='ocrx_word' id='word_1_199' title='bbox 3163 1653 3176 1688; x_wconf 85' lang='lat'><strong>:</strong></span> <span class='ocrx_word' id='word_1_200' title='bbox 3211 1656 3227 1689; x_wconf 79' lang='grc' dir='ltr'><strong>ι</strong></span> <span class='ocrx_word' id='word_1_201' title='bbox 3263 1638 3378 1691; x_wconf 91' lang='lat' dir='ltr'><strong>Duo</strong></span> <span class='ocrx_word' id='word_1_202' title='bbox 3404 1637 3503 1691; x_wconf 82' lang='lat' dir='ltr'><strong>de-</strong></span> 
     </span>
    </p>
   </div>
   <div class='ocr_carea' id='block_1_33' title="bbox 252 1707 1827 1806">
    <p class='ocr_par' dir='ltr' id='par_1_33' title="bbox 252 1707 1827 1806">
     <span class='ocr_line' id='line_1_33' title="bbox 252 1707 1827 1806; baseline -0.001 -20"><span class='ocrx_word' id='word_1_203' title='bbox 252 1732 459 1801; x_wconf 83' lang='grc' dir='ltr'>λέγων·</span> <span class='ocrx_word' id='word_1_204' title='bbox 495 1750 517 1785; x_wconf 73' lang='grc' dir='ltr'><strong>ι</strong></span> <span class='ocrx_word' id='word_1_205' title='bbox 545 1733 647 1786; x_wconf 92' lang='grc' dir='ltr'>Δύο</span> <span class='ocrx_word' id='word_1_206' title='bbox 671 1707 1064 1804; x_wconf 72' lang='grc' dir='ltr'>χρεωφειλέται</span> <span class='ocrx_word' id='word_1_207' title='bbox 1093 1729 1233 1805; x_wconf 87' lang='grc' dir='ltr'>ἦσαν</span> <span class='ocrx_word' id='word_1_208' title='bbox 1261 1707 1533 1806; x_wconf 62' lang='grc' dir='ltr'>ἀνθρώπῳ</span> <span class='ocrx_word' id='word_1_209' title='bbox 1553 1707 1632 1786; x_wconf 79' lang='grc' dir='ltr'>ἐνί</span> <span class='ocrx_word' id='word_1_210' title='bbox 1655 1746 1667 1761; x_wconf 77' lang='grc'><strong>⁸</strong></span> <span class='ocrx_word' id='word_1_211' title='bbox 1696 1733 1725 1785; x_wconf 91' lang='lat'><strong>6</strong></span> <span class='ocrx_word' id='word_1_212' title='bbox 1748 1726 1827 1795; x_wconf 77' lang='grc' dir='ltr'>εἷς</span> 
     </span>
    </p>
   </div>
   <div class='ocr_carea' id='block_1_34' title="bbox 1932 1707 3504 1806">
    <p class='ocr_par' dir='ltr' id='par_1_34' title="bbox 1933 1717 3504 1790">
     <span class='ocr_line' id='line_1_34' title="bbox 1933 1717 3504 1790; baseline 0.006 -20"><span class='ocrx_word' id='word_1_213' title='bbox 1933 1717 2141 1773; x_wconf 91' lang='lat' dir='ltr'><strong>bitores</strong></span> <span class='ocrx_word' id='word_1_214' title='bbox 2198 1731 2355 1776; x_wconf 86' lang='lat' dir='ltr'><strong>erant</strong></span> <span class='ocrx_word' id='word_1_215' title='bbox 2411 1723 2629 1777; x_wconf 88' lang='lat' dir='ltr'><strong>cuidam</strong></span> <span class='ocrx_word' id='word_1_216' title='bbox 2678 1722 3008 1790; x_wconf 88' lang='lat' dir='ltr'><strong>feneratori;</strong></span> <span class='ocrx_word' id='word_1_217' title='bbox 3068 1740 3212 1780; x_wconf 89' lang='lat' dir='ltr'><strong>unus</strong></span> <span class='ocrx_word' id='word_1_218' title='bbox 3267 1726 3504 1780; x_wconf 84' lang='lat' dir='ltr'><strong>debebat</strong></span> 
     </span>
    </p>
   </div>
   <div class='ocr_carea' id='block_1_35' title="bbox 252 1822 1827 1897">
    <p class='ocr_par' dir='ltr' id='par_1_35' title="bbox 252 1822 1827 1897">
     <span class='ocr_line' id='line_1_35' title="bbox 252 1822 1827 1897; baseline 0 -21"><span class='ocrx_word' id='word_1_219' title='bbox 252 1822 488 1892; x_wconf 65' lang='grc' dir='ltr'>ὤφειλεν</span> <span class='ocrx_word' id='word_1_220' title='bbox 524 1824 670 1894; x_wconf 83' lang='grc' dir='ltr'>αὑτῷ</span> <span class='ocrx_word' id='word_1_221' title='bbox 696 1825 924 1897; x_wconf 80' lang='grc' dir='ltr'>δηνάρια</span> <span class='ocrx_word' id='word_1_222' title='bbox 954 1826 1305 1889; x_wconf 86' lang='grc' dir='ltr'>πεντακόσια,</span> <span class='ocrx_word' id='word_1_223' title='bbox 1334 1826 1364 1879; x_wconf 91' lang='lat'><strong>6</strong></span> <span class='ocrx_word' id='word_1_224' title='bbox 1391 1824 1448 1878; x_wconf 86' lang='grc' dir='ltr'>δὲ</span> <span class='ocrx_word' id='word_1_225' title='bbox 1479 1824 1664 1895; x_wconf 67' lang='grc' dir='ltr'>ἕτερος</span> <span class='ocrx_word' id='word_1_226' title='bbox 1696 1839 1827 1876; x_wconf 84' lang='grc' dir='ltr'>πεν-</span> 
     </span>
    </p>
   </div>
   <div class='ocr_carea' id='block_1_36' title="bbox 252 1915 1829 1988">
    <p class='ocr_par' dir='ltr' id='par_1_36' title="bbox 252 1915 1829 1988">
     <span class='ocr_line' id='line_1_36' title="bbox 252 1915 1829 1988; baseline -0.001 -19"><span class='ocrx_word' id='word_1_227' title='bbox 252 1919 513 1986; x_wconf 79' lang='grc' dir='ltr'>τήκοντα.</span> <span class='ocrx_word' id='word_1_228' title='bbox 551 1918 642 1988; x_wconf 83' lang='grc' dir='ltr'>Μή</span> <span class='ocrx_word' id='word_1_229' title='bbox 671 1918 900 1988; x_wconf 76' lang='grc' dir='ltr'>ἑχόντων</span> <span class='ocrx_word' id='word_1_230' title='bbox 928 1918 986 1971; x_wconf 74' lang='grc' dir='ltr'>δὲ</span> <span class='ocrx_word' id='word_1_231' title='bbox 1021 1917 1202 1972; x_wconf 78' lang='grc' dir='ltr'>αὐτῶν</span> <span class='ocrx_word' id='word_1_232' title='bbox 1243 1917 1557 1983; x_wconf 83' lang='grc' dir='ltr'>ἀποδοῦναι,</span> <span class='ocrx_word' id='word_1_233' title='bbox 1587 1915 1829 1988; x_wconf 80' lang='grc' dir='ltr'>ἀμφοτέ-</span> 
     </span>
    </p>
   </div>
   <div class='ocr_carea' id='block_1_37' title="bbox 253 2005 1829 2080">
    <p class='ocr_par' dir='ltr' id='par_1_37' title="bbox 253 2005 1829 2080">
     <span class='ocr_line' id='line_1_37' title="bbox 253 2005 1829 2080; baseline -0.001 -19"><span class='ocrx_word' id='word_1_234' title='bbox 253 2025 369 2079; x_wconf 82' lang='grc' dir='ltr'>ροις</span> <span class='ocrx_word' id='word_1_235' title='bbox 402 2009 718 2079; x_wconf 72' lang='grc' dir='ltr'>ἐχαρίσατο.</span> <span class='ocrx_word' id='word_1_236' title='bbox 777 2027 796 2061; x_wconf 77' lang='grc' dir='ltr'><strong>ι</strong></span> <span class='ocrx_word' id='word_1_237' title='bbox 849 2009 961 2063; x_wconf 75' lang='grc' dir='ltr'><strong>Καὶ</strong></span> <span class='ocrx_word' id='word_1_238' title='bbox 1019 2010 1155 2080; x_wconf 86' lang='grc' dir='ltr'>πρὸς</span> <span class='ocrx_word' id='word_1_239' title='bbox 1204 2010 1414 2073; x_wconf 84' lang='grc' dir='ltr'>τούτοις</span> <span class='ocrx_word' id='word_1_240' title='bbox 1468 2007 1547 2060; x_wconf 70' lang='grc' dir='ltr'><strong>ἔτι</strong></span> <span class='ocrx_word' id='word_1_241' title='bbox 1591 2006 1684 2060; x_wconf 82' lang='grc' dir='ltr'>τὸν</span> <span class='ocrx_word' id='word_1_242' title='bbox 1732 2005 1829 2075; x_wconf 84' lang='grc' dir='ltr'>τῆς</span> 
     </span>
    </p>
   </div>
   <div class='ocr_carea' id='block_1_38' title="bbox 251 2092 1827 2170">
    <p class='ocr_par' dir='ltr' id='par_1_38' title="bbox 251 2092 1827 2170">
     <span class='ocr_line' id='line_1_38' title="bbox 251 2092 1827 2170; baseline -0.001 -20"><span class='ocrx_word' id='word_1_243' title='bbox 251 2102 565 2170; x_wconf 71' lang='grc' dir='ltr'>προσευχῆς</span> <span class='ocrx_word' id='word_1_244' title='bbox 613 2099 744 2169; x_wconf 79' lang='grc' dir='ltr'>ήμῖν</span> <span class='ocrx_word' id='word_1_245' title='bbox 794 2098 1133 2153; x_wconf 87' lang='grc' dir='ltr'>διαπλάττων</span> <span class='ocrx_word' id='word_1_246' title='bbox 1177 2098 1370 2164; x_wconf 85' lang='grc' dir='ltr'>τύπον,</span> <span class='ocrx_word' id='word_1_247' title='bbox 1427 2116 1447 2150; x_wconf 78' lang='grc' dir='ltr'><strong>ι</strong></span> <span class='ocrx_word' id='word_1_248' title='bbox 1500 2097 1689 2160; x_wconf 76' lang='grc' dir='ltr'>Οὕτως</span> <span class='ocrx_word' id='word_1_249' title='bbox 1732 2092 1827 2149; x_wconf 82' lang='grc' dir='ltr'><strong>οὖν</strong></span> 
     </span>
    </p>
   </div>
   <div class='ocr_carea' id='block_1_39' title="bbox 253 2188 1828 2262">
    <p class='ocr_par' dir='ltr' id='par_1_39' title="bbox 253 2188 1828 2262">
     <span class='ocr_line' id='line_1_39' title="bbox 253 2188 1828 2262; baseline -0.003 -19"><span class='ocrx_word' id='word_1_250' title='bbox 253 2191 418 2260; x_wconf 80' lang='grc' dir='ltr'>ὑμεῖς</span> <span class='ocrx_word' id='word_1_251' title='bbox 453 2188 845 2260; x_wconf 85' lang='grc' dir='ltr'>προσεύχεσθε,</span> <span class='ocrx_word' id='word_1_252' title='bbox 880 2191 1014 2261; x_wconf 83' lang='grc' dir='ltr'>φησί</span> <span class='ocrx_word' id='word_1_253' title='bbox 1032 2208 1045 2222; x_wconf 68' lang='grc' dir='ltr'><strong>ι</strong></span> <span class='ocrx_word' id='word_1_254' title='bbox 1079 2190 1261 2262; x_wconf 89' lang='grc' dir='ltr'>Πάτερ</span> <span class='ocrx_word' id='word_1_255' title='bbox 1284 2190 1438 2261; x_wconf 85' lang='grc' dir='ltr'>ήμῶν</span> <span class='ocrx_word' id='word_1_256' title='bbox 1464 2192 1494 2243; x_wconf 98' lang='lat'><strong>6</strong></span> <span class='ocrx_word' id='word_1_257' title='bbox 1520 2190 1577 2241; x_wconf 82' lang='grc' dir='ltr'>ὲν</span> <span class='ocrx_word' id='word_1_258' title='bbox 1603 2191 1709 2250; x_wconf 82' lang='grc' dir='ltr'>τοῖς</span> <span class='ocrx_word' id='word_1_259' title='bbox 1734 2188 1828 2240; x_wconf 83' lang='grc' dir='ltr'>ού-</span> 
     </span>
    </p>
   </div>
   <div class='ocr_carea' id='block_1_40' title="bbox 254 2278 1827 2353">
    <p class='ocr_par' dir='ltr' id='par_1_40' title="bbox 254 2278 1827 2353">
     <span class='ocr_line' id='line_1_40' title="bbox 254 2278 1827 2353; baseline -0.003 -19"><span class='ocrx_word' id='word_1_260' title='bbox 254 2284 459 2353; x_wconf 81' lang='grc' dir='ltr'>ρανοῖς,</span> <span class='ocrx_word' id='word_1_261' title='bbox 496 2280 814 2352; x_wconf 77' lang='grc' dir='ltr'>ἁγιασθήτω</span> <span class='ocrx_word' id='word_1_262' title='bbox 845 2281 908 2334; x_wconf 83' lang='grc' dir='ltr'>τὸ</span> <span class='ocrx_word' id='word_1_263' title='bbox 933 2281 1105 2352; x_wconf 77' lang='grc' dir='ltr'>ὄνομά</span> <span class='ocrx_word' id='word_1_264' title='bbox 1141 2298 1259 2347; x_wconf 89' lang='grc' dir='ltr'>σου,</span> <span class='ocrx_word' id='word_1_265' title='bbox 1298 2280 1499 2334; x_wconf 70' lang='grc' dir='ltr'>ἐλθέτω</span> <span class='ocrx_word' id='word_1_266' title='bbox 1522 2281 1556 2349; x_wconf 91' lang='grc' dir='ltr'><strong>ή</strong></span> <span class='ocrx_word' id='word_1_267' title='bbox 1584 2278 1827 2349; x_wconf 85' lang='grc' dir='ltr'>βασιλεία</span> 
     </span>
    </p>
   </div>
   <div class='ocr_carea' id='block_1_41' title="bbox 254 2368 1827 2440">
    <p class='ocr_par' dir='ltr' id='par_1_41' title="bbox 254 2368 1827 2440">
     <span class='ocr_line' id='line_1_41' title="bbox 254 2368 1827 2440; baseline -0.001 -18"><span class='ocrx_word' id='word_1_268' title='bbox 254 2387 370 2431; x_wconf 85' lang='grc' dir='ltr'>σου,</span> <span class='ocrx_word' id='word_1_269' title='bbox 421 2368 713 2440; x_wconf 83' lang='grc' dir='ltr'>γενηθήτω</span> <span class='ocrx_word' id='word_1_270' title='bbox 765 2369 827 2422; x_wconf 80' lang='grc' dir='ltr'><strong>τὸ</strong></span> <span class='ocrx_word' id='word_1_271' title='bbox 885 2368 1097 2440; x_wconf 81' lang='grc' dir='ltr'>θέλημά</span> <span class='ocrx_word' id='word_1_272' title='bbox 1149 2387 1243 2424; x_wconf 86' lang='grc' dir='ltr'><strong>σου</strong></span> <span class='ocrx_word' id='word_1_273' title='bbox 1269 2370 1346 2434; x_wconf 82' lang='grc' dir='ltr'><strong>ὡς</strong></span> <span class='ocrx_word' id='word_1_274' title='bbox 1379 2370 1439 2423; x_wconf 76' lang='grc' dir='ltr'>ὲν</span> <span class='ocrx_word' id='word_1_275' title='bbox 1479 2368 1694 2440; x_wconf 79' lang='grc' dir='ltr'>οὐρανῷ</span> <span class='ocrx_word' id='word_1_276' title='bbox 1732 2369 1827 2422; x_wconf 80' lang='grc' dir='ltr'>καὶ</span> 
     </span>
    </p>
   </div>
   <div class='ocr_carea' id='block_1_42' title="bbox 252 2458 1826 2533">
    <p class='ocr_par' dir='ltr' id='par_1_42' title="bbox 252 2458 1826 2533">
     <span class='ocr_line' id='line_1_42' title="bbox 252 2458 1826 2533; baseline -0.001 -21"><span class='ocrx_word' id='word_1_277' title='bbox 252 2461 345 2514; x_wconf 73' lang='grc' dir='ltr'><strong>ἐπὶ</strong></span> <span class='ocrx_word' id='word_1_278' title='bbox 370 2462 468 2533; x_wconf 84' lang='grc' dir='ltr'>τῆς</span> <span class='ocrx_word' id='word_1_279' title='bbox 498 2461 621 2531; x_wconf 78' lang='grc' dir='ltr'>γῆς,</span> <span class='ocrx_word' id='word_1_280' title='bbox 666 2459 760 2513; x_wconf 84' lang='grc' dir='ltr'><strong>τὸν</strong></span> <span class='ocrx_word' id='word_1_281' title='bbox 790 2458 951 2531; x_wconf 76' lang='grc' dir='ltr'>ἄρτον</span> <span class='ocrx_word' id='word_1_282' title='bbox 984 2461 1142 2532; x_wconf 85' lang='grc' dir='ltr'>ήμῶν</span> <span class='ocrx_word' id='word_1_283' title='bbox 1166 2460 1256 2516; x_wconf 82' lang='grc' dir='ltr'><strong>τὸν</strong></span> <span class='ocrx_word' id='word_1_284' title='bbox 1287 2461 1558 2515; x_wconf 77' lang='grc' dir='ltr'>ἐπιούσιον</span> <span class='ocrx_word' id='word_1_285' title='bbox 1581 2460 1668 2524; x_wconf 74' lang='grc' dir='ltr'>δὸς</span> <span class='ocrx_word' id='word_1_286' title='bbox 1694 2461 1826 2530; x_wconf 84' lang='grc' dir='ltr'><strong>ήμίν</strong></span> 
     </span>
    </p>
   </div>
   <div class='ocr_carea' id='block_1_43' title="bbox 254 2550 1827 2623">
    <p class='ocr_par' dir='ltr' id='par_1_43' title="bbox 254 2550 1827 2623">
     <span class='ocr_line' id='line_1_43' title="bbox 254 2550 1827 2623; baseline -0.001 -20"><span class='ocrx_word' id='word_1_287' title='bbox 254 2551 515 2623; x_wconf 85' lang='grc' dir='ltr'>σήμερον,</span> <span class='ocrx_word' id='word_1_288' title='bbox 561 2551 656 2604; x_wconf 77' lang='grc' dir='ltr'><strong>καὶ</strong></span> <span class='ocrx_word' id='word_1_289' title='bbox 700 2550 838 2620; x_wconf 80' lang='grc' dir='ltr'>ἀφες</span> <span class='ocrx_word' id='word_1_290' title='bbox 876 2552 1008 2622; x_wconf 87' lang='grc' dir='ltr'>ήμῖν</span> <span class='ocrx_word' id='word_1_291' title='bbox 1040 2551 1108 2605; x_wconf 79' lang='grc' dir='ltr'><strong>τά</strong></span> <span class='ocrx_word' id='word_1_292' title='bbox 1146 2552 1490 2623; x_wconf 80' lang='grc' dir='ltr'>ὀφειλήματα</span> <span class='ocrx_word' id='word_1_293' title='bbox 1535 2550 1713 2623; x_wconf 83' lang='grc' dir='ltr'>ήμῶν,</span> <span class='ocrx_word' id='word_1_294' title='bbox 1750 2551 1827 2613; x_wconf 86' lang='grc' dir='ltr'>ὼς</span> 
     </span>
    </p>
   </div>
   <div class='ocr_carea' id='block_1_44' title="bbox 252 2641 1826 2715">
    <p class='ocr_par' dir='ltr' id='par_1_44' title="bbox 252 2641 1826 2715">
     <span class='ocr_line' id='line_1_44' title="bbox 252 2641 1826 2715; baseline -0.001 -19"><span class='ocrx_word' id='word_1_295' title='bbox 252 2645 346 2697; x_wconf 84' lang='grc' dir='ltr'>καὶ</span> <span class='ocrx_word' id='word_1_296' title='bbox 368 2645 533 2713; x_wconf 78' lang='grc' dir='ltr'>ἡμεῖς</span> <span class='ocrx_word' id='word_1_297' title='bbox 576 2643 810 2715; x_wconf 82' lang='grc' dir='ltr'>ἀφίεμεν</span> <span class='ocrx_word' id='word_1_298' title='bbox 842 2646 954 2707; x_wconf 82' lang='grc' dir='ltr'>τοῖς</span> <span class='ocrx_word' id='word_1_299' title='bbox 992 2644 1294 2713; x_wconf 79' lang='grc' dir='ltr'>ὀφειλέταις</span> <span class='ocrx_word' id='word_1_300' title='bbox 1315 2643 1492 2715; x_wconf 82' lang='grc' dir='ltr'>ἡμῶν.</span> <span class='ocrx_word' id='word_1_301' title='bbox 1523 2662 1541 2694; x_wconf 75' lang='grc' dir='ltr'><strong>ι</strong></span> <span class='ocrx_word' id='word_1_302' title='bbox 1576 2641 1826 2711; x_wconf 85' lang='grc' dir='ltr'>Πλαγίως</span> 
     </span>
    </p>
   </div>
   <div class='ocr_carea' id='block_1_45' title="bbox 251 2730 1824 2806">
    <p class='ocr_par' dir='ltr' id='par_1_45' title="bbox 251 2730 1824 2806">
     <span class='ocr_line' id='line_1_45' title="bbox 251 2730 1824 2806; baseline -0.003 -18"><span class='ocrx_word' id='word_1_303' title='bbox 251 2730 346 2788; x_wconf 78' lang='grc' dir='ltr'><strong>οὖν</strong></span> <span class='ocrx_word' id='word_1_304' title='bbox 392 2736 504 2806; x_wconf 84' lang='grc' dir='ltr'><strong>ἀρα</strong></span> <span class='ocrx_word' id='word_1_305' title='bbox 542 2735 636 2787; x_wconf 74' lang='grc' dir='ltr'>καὶ</span> <span class='ocrx_word' id='word_1_306' title='bbox 671 2734 1083 2805; x_wconf 73' lang='grc' dir='ltr'>αἰνιγματωδῶς</span> <span class='ocrx_word' id='word_1_307' title='bbox 1131 2736 1160 2787; x_wconf 92' lang='lat'><strong>6</strong></span> <span class='ocrx_word' id='word_1_308' title='bbox 1205 2734 1367 2804; x_wconf 85' lang='grc' dir='ltr'>νόμος</span> <span class='ocrx_word' id='word_1_309' title='bbox 1414 2733 1475 2786; x_wconf 84' lang='grc' dir='ltr'><strong>τὸ</strong></span> <span class='ocrx_word' id='word_1_310' title='bbox 1506 2732 1647 2785; x_wconf 80' lang='grc' dir='ltr'>θεῖον</span> <span class='ocrx_word' id='word_1_311' title='bbox 1692 2734 1824 2803; x_wconf 84' lang='grc' dir='ltr'>ήμῖν</span> 
     </span>
    </p>
   </div>
   <div class='ocr_carea' id='block_1_46' title="bbox 255 2822 1825 2896">
    <p class='ocr_par' dir='ltr' id='par_1_46' title="bbox 255 2822 1825 2896">
     <span class='ocr_line' id='line_1_46' title="bbox 255 2822 1825 2896; baseline -0.003 -17"><span class='ocrx_word' id='word_1_312' title='bbox 255 2824 522 2896; x_wconf 76' lang='grc' dir='ltr'>ὑπεδήλου</span> <span class='ocrx_word' id='word_1_313' title='bbox 565 2826 885 2896; x_wconf 82' lang='grc' dir='ltr'>μυστήριον,</span> <span class='ocrx_word' id='word_1_314' title='bbox 924 2825 1116 2893; x_wconf 74' lang='grc' dir='ltr'>ἄφεσιν</span> <span class='ocrx_word' id='word_1_315' title='bbox 1160 2822 1430 2876; x_wconf 86' lang='grc' dir='ltr'>ποιεῖσθαι</span> <span class='ocrx_word' id='word_1_316' title='bbox 1472 2823 1825 2893; x_wconf 86' lang='grc' dir='ltr'>προστάττων</span> 
     </span>
    </p>
   </div>
   <div class='ocr_carea' id='block_1_47' title="bbox 252 2908 1823 2988">
    <p class='ocr_par' dir='ltr' id='par_1_47' title="bbox 252 2908 1823 2988">
     <span class='ocr_line' id='line_1_47' title="bbox 252 2908 1823 2988; baseline -0.003 -17"><span class='ocrx_word' id='word_1_317' title='bbox 252 2917 348 2988; x_wconf 77' lang='grc' dir='ltr'>τὴν</span> <span class='ocrx_word' id='word_1_318' title='bbox 371 2917 439 2970; x_wconf 87' lang='grc' dir='ltr'>δι’</span> <span class='ocrx_word' id='word_1_319' title='bbox 491 2917 630 2970; x_wconf 78' lang='grc' dir='ltr'>ἐτῶν</span> <span class='ocrx_word' id='word_1_320' title='bbox 662 2916 823 2980; x_wconf 77' lang='grc' dir='ltr'>ἑπτὰ,</span> <span class='ocrx_word' id='word_1_321' title='bbox 861 2917 951 2970; x_wconf 79' lang='grc' dir='ltr'><strong>καὶ</strong></span> <span class='ocrx_word' id='word_1_322' title='bbox 979 2908 1099 2980; x_wconf 78' lang='grc' dir='ltr'>ταῖς</span> <span class='ocrx_word' id='word_1_323' title='bbox 1138 2915 1239 2985; x_wconf 78' lang='grc' dir='ltr'>τῆς</span> <span class='ocrx_word' id='word_1_324' title='bbox 1264 2914 1631 2986; x_wconf 77' lang='grc' dir='ltr'>χρηστότητος</span> <span class='ocrx_word' id='word_1_325' title='bbox 1663 2913 1823 2985; x_wconf 79' lang='grc' dir='ltr'><strong>ὲμὸι-</strong></span> 
     </span>
    </p>
   </div>
   <div class='ocr_carea' id='block_1_48' title="bbox 253 3004 1892 3101">
    <p class='ocr_par' dir='ltr' id='par_1_48' title="bbox 253 3004 1892 3101">
     <span class='ocr_line' id='line_1_48' title="bbox 253 3004 1892 3101; baseline -0.003 -38"><span class='ocrx_word' id='word_1_326' title='bbox 253 3010 409 3073; x_wconf 76' lang='grc' dir='ltr'>ϐάζει</span> <span class='ocrx_word' id='word_1_327' title='bbox 425 3007 657 3079; x_wconf 75' lang='grc' dir='ltr'>τρίϐοις,</span> <span class='ocrx_word' id='word_1_328' title='bbox 690 3008 989 3080; x_wconf 84' lang='grc' dir='ltr'>χρημάτων</span> <span class='ocrx_word' id='word_1_329' title='bbox 1015 3008 1223 3077; x_wconf 78' lang='grc' dir='ltr'>ἀμείνω</span> <span class='ocrx_word' id='word_1_330' title='bbox 1245 3004 1514 3059; x_wconf 83' lang='grc' dir='ltr'>ποιεῖσθαι</span> <span class='ocrx_word' id='word_1_331' title='bbox 1534 3005 1819 3101; x_wconf 51' lang='grc' dir='ltr'>διδάσκων,</span> <span class='ocrx_word' id='word_1_332' title='bbox 1848 3042 1892 3101; x_wconf 72' lang='lat' dir='ltr'>c</span> 
     </span>
    </p>
   </div>
   <div class='ocr_carea' id='block_1_49' title="bbox 250 3090 1823 3171">
    <p class='ocr_par' dir='ltr' id='par_1_49' title="bbox 250 3090 1823 3171">
     <span class='ocr_line' id='line_1_49' title="bbox 250 3090 1823 3171; baseline -0.004 -18"><span class='ocrx_word' id='word_1_333' title='bbox 250 3101 348 3171; x_wconf 80' lang='grc' dir='ltr'><strong>τήν</strong></span> <span class='ocrx_word' id='word_1_334' title='bbox 386 3101 475 3164; x_wconf 75' lang='grc' dir='ltr'>εἰς.</span> <span class='ocrx_word' id='word_1_335' title='bbox 508 3099 771 3169; x_wconf 75' lang='grc' dir='ltr'>ἀδελφοὺς</span> <span class='ocrx_word' id='word_1_336' title='bbox 820 3098 1119 3167; x_wconf 89' lang='grc' dir='ltr'>ἀγάπησιν,</span> <span class='ocrx_word' id='word_1_337' title='bbox 1162 3096 1551 3168; x_wconf 85' lang='grc' dir='ltr'>εὐμεταδότους</span> <span class='ocrx_word' id='word_1_338' title='bbox 1594 3112 1654 3149; x_wconf 89' lang='grc' dir='ltr'><strong>τε</strong></span> <span class='ocrx_word' id='word_1_339' title='bbox 1683 3090 1823 3148; x_wconf 77' lang='grc' dir='ltr'>εἶναι</span> 
     </span>
    </p>
   </div>
   <div class='ocr_carea' id='block_1_50' title="bbox 254 3187 1825 3259">
    <p class='ocr_par' dir='ltr' id='par_1_50' title="bbox 254 3187 1825 3259">
     <span class='ocr_line' id='line_1_50' title="bbox 254 3187 1825 3259; baseline -0.004 -13"><span class='ocrx_word' id='word_1_340' title='bbox 254 3194 346 3247; x_wconf 72' lang='grc' dir='ltr'><strong>καὶ</strong></span> <span class='ocrx_word' id='word_1_341' title='bbox 400 3193 752 3255; x_wconf 71' lang='grc' dir='ltr'>κοινωνικοὺς</span> <span class='ocrx_word' id='word_1_342' title='bbox 795 3190 1136 3249; x_wconf 84' lang='grc' dir='ltr'>ἀναπείθων.</span> <span class='ocrx_word' id='word_1_343' title='bbox 1185 3190 1280 3244; x_wconf 77' lang='grc' dir='ltr'>καὶ</span> <span class='ocrx_word' id='word_1_344' title='bbox 1323 3189 1488 3243; x_wconf 72' lang='grc' dir='ltr'>οἱονεὶ</span> <span class='ocrx_word' id='word_1_345' title='bbox 1541 3187 1825 3259; x_wconf 88' lang='grc' dir='ltr'>μελέτησίν</span> 
     </span>
    </p>
   </div>
   <div class='ocr_carea' id='block_1_51' title="bbox 251 3279 1824 3353">
    <p class='ocr_par' dir='ltr' id='par_1_51' title="bbox 251 3279 1824 3353">
     <span class='ocr_line' id='line_1_51' title="bbox 251 3279 1824 3353; baseline -0.004 -17"><span class='ocrx_word' id='word_1_346' title='bbox 251 3300 374 3336; x_wconf 78' lang='grc' dir='ltr'>τινα</span> <span class='ocrx_word' id='word_1_347' title='bbox 413 3284 513 3353; x_wconf 79' lang='grc' dir='ltr'>τῆς</span> <span class='ocrx_word' id='word_1_348' title='bbox 542 3284 621 3345; x_wconf 82' lang='grc' dir='ltr'><strong>εις</strong></span> <span class='ocrx_word' id='word_1_349' title='bbox 670 3282 915 3345; x_wconf 69' lang='grc' dir='ltr'>ἅπαντας</span> <span class='ocrx_word' id='word_1_350' title='bbox 948 3280 1334 3351; x_wconf 83' lang='grc' dir='ltr'>ἀφθονωτέρας</span> <span class='ocrx_word' id='word_1_351' title='bbox 1368 3279 1569 3345; x_wconf 75' lang='grc' dir='ltr'>αἰδοῦς,</span> <span class='ocrx_word' id='word_1_352' title='bbox 1613 3281 1713 3349; x_wconf 74' lang='grc' dir='ltr'>τὴν</span> <span class='ocrx_word' id='word_1_353' title='bbox 1745 3279 1824 3342; x_wconf 89' lang='grc' dir='ltr'><strong>είς</strong></span> 
     </span>
    </p>
   </div>
   <div class='ocr_carea' id='block_1_52' title="bbox 251 3371 1584 3444">
    <p class='ocr_par' dir='ltr' id='par_1_52' title="bbox 251 3371 1584 3444">
     <span class='ocr_line' id='line_1_52' title="bbox 251 3371 1584 3444; baseline -0.006 -13"><span class='ocrx_word' id='word_1_354' title='bbox 251 3375 477 3443; x_wconf 78' lang='grc' dir='ltr'>ἀδελφὸν</span> <span class='ocrx_word' id='word_1_355' title='bbox 517 3376 613 3428; x_wconf 74' lang='grc' dir='ltr'><strong>καὶ</strong></span> <span class='ocrx_word' id='word_1_356' title='bbox 653 3375 867 3443; x_wconf 89' lang='grc' dir='ltr'>γείτονα</span> <span class='ocrx_word' id='word_1_357' title='bbox 892 3373 1029 3437; x_wconf 80' lang='grc' dir='ltr'>τέως</span> <span class='ocrx_word' id='word_1_358' title='bbox 1056 3374 1162 3443; x_wconf 87' lang='grc' dir='ltr'><strong>ήμε</strong></span> <span class='ocrx_word' id='word_1_359' title='bbox 1172 3373 1371 3444; x_wconf 89' lang='grc' dir='ltr'>ρότητα</span> <span class='ocrx_word' id='word_1_360' title='bbox 1396 3371 1584 3435; x_wconf 89' lang='grc' dir='ltr'>τιθείς.</span> 
     </span>
    </p>
   </div>
   <div class='ocr_carea' id='block_1_53' title="bbox 321 3460 1823 3537">
    <p class='ocr_par' dir='ltr' id='par_1_53' title="bbox 321 3460 1823 3537">
     <span class='ocr_line' id='line_1_53' title="bbox 321 3460 1823 3537; baseline -0.001 -17"><span class='ocrx_word' id='word_1_361' title='bbox 321 3467 529 3520; x_wconf 69' lang='lat' dir='ltr'><strong>EAM.</strong></span> <span class='ocrx_word' id='word_1_362' title='bbox 573 3460 700 3519; x_wconf 81' lang='grc' dir='ltr'>Ὧδε</span> <span class='ocrx_word' id='word_1_363' title='bbox 735 3465 869 3537; x_wconf 61' lang='grc' dir='ltr'>ἔχει.</span> <span class='ocrx_word' id='word_1_364' title='bbox 910 3465 1297 3537; x_wconf 81' lang='grc' dir='ltr'>Συναινέσαιμι</span> <span class='ocrx_word' id='word_1_365' title='bbox 1339 3463 1447 3535; x_wconf 85' lang='grc' dir='ltr'><strong>γάρ</strong></span> <span class='ocrx_word' id='word_1_366' title='bbox 1480 3465 1823 3534; x_wconf 83' lang='grc' dir='ltr'>ἀριστοεπείν</span> 
     </span>
    </p>
   </div>
   <div class='ocr_carea' id='block_1_54' title="bbox 251 3559 620 3614">
    <p class='ocr_par' dir='ltr' id='par_1_54' title="bbox 251 3559 620 3614">
     <span class='ocr_line' id='line_1_54' title="bbox 251 3559 620 3614; baseline 0.005 -3"><span class='ocrx_word' id='word_1_367' title='bbox 251 3559 491 3612; x_wconf 65' lang='grc' dir='ltr'>ἐθέλοντι</span> <span class='ocrx_word' id='word_1_368' title='bbox 518 3576 620 3614; x_wconf 87' lang='grc' dir='ltr'>σοι.</span> 
     </span>
    </p>
   </div>
   <div class='ocr_carea' id='block_1_55' title="bbox 316 3646 1826 3722">
    <p class='ocr_par' dir='ltr' id='par_1_55' title="bbox 316 3646 1826 3722">
     <span class='ocr_line' id='line_1_55' title="bbox 316 3646 1826 3722; baseline -0.002 -18"><span class='ocrx_word' id='word_1_369' title='bbox 316 3649 481 3704; x_wconf 76' lang='grc' dir='ltr'><strong>ΚΥΡ.</strong></span> <span class='ocrx_word' id='word_1_370' title='bbox 506 3651 619 3704; x_wconf 77' lang='grc' dir='ltr'><strong>Καὶ</strong></span> <span class='ocrx_word' id='word_1_371' title='bbox 638 3649 700 3703; x_wconf 84' lang='grc' dir='ltr'>τὸ</span> <span class='ocrx_word' id='word_1_372' title='bbox 721 3648 802 3703; x_wconf 68' lang='grc' dir='ltr'>ἔτι</span> <span class='ocrx_word' id='word_1_373' title='bbox 831 3650 1037 3720; x_wconf 77' lang='grc' dir='ltr'>μεῖζον,</span> <span class='ocrx_word' id='word_1_374' title='bbox 1061 3649 1110 3703; x_wconf 82' lang='grc' dir='ltr'><strong>εί</strong></span> <span class='ocrx_word' id='word_1_375' title='bbox 1131 3648 1344 3722; x_wconf 87' lang='grc' dir='ltr'>μάθοις,</span> <span class='ocrx_word' id='word_1_376' title='bbox 1373 3646 1826 3719; x_wconf 84' lang='grc' dir='ltr'>καταθαυμάσαις</span> 
     </span>
    </p>
   </div>
   <div class='ocr_carea' id='block_1_56' title="bbox 251 3736 735 3807">
    <p class='ocr_par' dir='ltr' id='par_1_56' title="bbox 251 3736 735 3807">
     <span class='ocr_line' id='line_1_56' title="bbox 251 3736 735 3807; baseline 0.002 -13"><span class='ocrx_word' id='word_1_377' title='bbox 251 3740 337 3807; x_wconf 76' lang='grc' dir='ltr'><strong>ἀν,</strong></span> <span class='ocrx_word' id='word_1_378' title='bbox 369 3736 416 3795; x_wconf 78' lang='grc' dir='ltr'><strong>ὦ</strong></span> <span class='ocrx_word' id='word_1_379' title='bbox 446 3742 735 3796; x_wconf 81' lang='grc' dir='ltr'>Παλλάδιε.</span> 
     </span>
    </p>
   </div>
   <div class='ocr_carea' id='block_1_57' title="bbox 318 3830 863 3892">
    <p class='ocr_par' dir='ltr' id='par_1_57' title="bbox 318 3830 863 3892">
     <span class='ocr_line' id='line_1_57' title="bbox 318 3830 863 3892; baseline 0.002 -9"><span class='ocrx_word' id='word_1_380' title='bbox 318 3830 534 3885; x_wconf 76' lang='grc' dir='ltr'><strong>ΠΑΛΛ.</strong></span> <span class='ocrx_word' id='word_1_381' title='bbox 570 3830 644 3883; x_wconf 83' lang='grc' dir='ltr'><strong>Τὸ</strong></span> <span class='ocrx_word' id='word_1_382' title='bbox 675 3832 830 3884; x_wconf 86' lang='grc' dir='ltr'>ποῖον</span> <span class='ocrx_word' id='word_1_383' title='bbox 847 3848 863 3892; x_wconf 85' lang='lat'><strong>;</strong></span> 
     </span>
    </p>
   </div>
   <div class='ocr_carea' id='block_1_58' title="bbox 321 3917 1825 3994">
    <p class='ocr_par' dir='ltr' id='par_1_58' title="bbox 321 3917 1825 3994">
     <span class='ocr_line' id='line_1_58' title="bbox 321 3917 1825 3994; baseline -0.003 -18"><span class='ocrx_word' id='word_1_384' title='bbox 321 3922 487 3976; x_wconf 78' lang='grc' dir='ltr'><strong>ΚΥΡ.</strong></span> <span class='ocrx_word' id='word_1_385' title='bbox 514 3921 894 3994; x_wconf 80' lang='grc' dir='ltr'>Χρηστότητος</span> <span class='ocrx_word' id='word_1_386' title='bbox 920 3920 1030 3992; x_wconf 88' lang='grc' dir='ltr'>γὰρ</span> <span class='ocrx_word' id='word_1_387' title='bbox 1058 3921 1151 3975; x_wconf 63' lang='grc' dir='ltr'><strong>καί⁵</strong></span> <span class='ocrx_word' id='word_1_388' title='bbox 1179 3919 1530 3991; x_wconf 80' lang='grc' dir='ltr'>φιλαλληλίας</span> <span class='ocrx_word' id='word_1_389' title='bbox 1559 3919 1638 3982; x_wconf 86' lang='grc' dir='ltr'><strong>είς</strong></span> <span class='ocrx_word' id='word_1_390' title='bbox 1666 3917 1825 3972; x_wconf 81' lang='grc' dir='ltr'>τοῦτο</span> 
     </span>
    </p>
   </div>
   <div class='ocr_carea' id='block_1_59' title="bbox 251 4006 1819 4086">
    <p class='ocr_par' dir='ltr' id='par_1_59' title="bbox 251 4006 1819 4086">
     <span class='ocr_line' id='line_1_59' title="bbox 251 4006 1819 4086; baseline -0.006 -18"><span class='ocrx_word' id='word_1_391' title='bbox 251 4015 517 4086; x_wconf 81' lang='grc' dir='ltr'>προήκειν</span> <span class='ocrx_word' id='word_1_392' title='bbox 542 4013 690 4082; x_wconf 78' lang='grc' dir='ltr'>ήμᾶς</span> <span class='ocrx_word' id='word_1_393' title='bbox 717 4012 747 4064; x_wconf 91' lang='grc' dir='ltr'><strong>ὀ</strong></span> <span class='ocrx_word' id='word_1_394' title='bbox 772 4008 936 4082; x_wconf 88' lang='grc' dir='ltr'>νόμος</span> <span class='ocrx_word' id='word_1_395' title='bbox 969 4009 1238 4081; x_wconf 88' lang='grc' dir='ltr'>βούλεται,</span> <span class='ocrx_word' id='word_1_396' title='bbox 1269 4009 1345 4072; x_wconf 83' lang='grc' dir='ltr'><strong>ὡς</strong></span> <span class='ocrx_word' id='word_1_397' title='bbox 1374 4009 1524 4061; x_wconf 77' lang='grc' dir='ltr'>οὐδὲν</span> <span class='ocrx_word' id='word_1_398' title='bbox 1550 4006 1819 4078; x_wconf 79' lang='grc' dir='ltr'>ἡγεῖσθαι,</span> 
     </span>
    </p>
   </div>
   <div class='ocr_carea' id='block_1_60' title="bbox 248 4098 1826 4178">
    <p class='ocr_par' dir='ltr' id='par_1_60' title="bbox 248 4098 1826 4178">
     <span class='ocr_line' id='line_1_60' title="bbox 248 4098 1826 4178; baseline -0.006 -18"><span class='ocrx_word' id='word_1_399' title='bbox 248 4104 348 4178; x_wconf 83' lang='grc' dir='ltr'>τῆς</span> <span class='ocrx_word' id='word_1_400' title='bbox 380 4105 462 4167; x_wconf 85' lang='grc' dir='ltr'><strong>είς</strong></span> <span class='ocrx_word' id='word_1_401' title='bbox 485 4102 747 4173; x_wconf 80' lang='grc' dir='ltr'>ἀδελφοὺς</span> <span class='ocrx_word' id='word_1_402' title='bbox 773 4101 993 4177; x_wconf 85' lang='grc' dir='ltr'>ἀγάπης</span> <span class='ocrx_word' id='word_1_403' title='bbox 1024 4102 1085 4154; x_wconf 85' lang='grc' dir='ltr'><strong>τὸ</strong></span> <span class='ocrx_word' id='word_1_404' title='bbox 1116 4100 1449 4155; x_wconf 82' lang='grc' dir='ltr'>ίσοστατοῦν.</span> <span class='ocrx_word' id='word_1_405' title='bbox 1477 4098 1826 4153; x_wconf 86' lang='grc' dir='ltr'>Κατακολου-</span> 
     </span>
    </p>
   </div>
   <div class='ocr_carea' id='block_1_61' title="bbox 250 4189 1821 4263">
    <p class='ocr_par' dir='ltr' id='par_1_61' title="bbox 250 4189 1821 4263">
     <span class='ocr_line' id='line_1_61' title="bbox 250 4189 1821 4263; baseline -0.004 -15"><span class='ocrx_word' id='word_1_406' title='bbox 250 4193 359 4250; x_wconf 79' lang='grc' dir='ltr'>θεῖν</span> <span class='ocrx_word' id='word_1_407' title='bbox 405 4195 464 4249; x_wconf 81' lang='grc' dir='ltr'>δὲ</span> <span class='ocrx_word' id='word_1_408' title='bbox 511 4194 653 4249; x_wconf 75' lang='grc' dir='ltr'>οὕτω</span> <span class='ocrx_word' id='word_1_409' title='bbox 681 4193 944 4263; x_wconf 84' lang='grc' dir='ltr'>γεννικῶς</span> <span class='ocrx_word' id='word_1_410' title='bbox 984 4196 1105 4256; x_wconf 84' lang='grc' dir='ltr'>ταῖς</span> <span class='ocrx_word' id='word_1_411' title='bbox 1151 4192 1238 4247; x_wconf 76' lang='grc' dir='ltr'><strong>ἐπ’</strong></span> <span class='ocrx_word' id='word_1_412' title='bbox 1271 4192 1452 4255; x_wconf 78' lang='grc' dir='ltr'>αὐτοῖς</span> <span class='ocrx_word' id='word_1_413' title='bbox 1482 4189 1821 4261; x_wconf 87' lang='grc' dir='ltr'>δυσθυμίαις,</span> 
     </span>
    </p>
   </div>
   <div class='ocr_carea' id='block_1_62' title="bbox 249 4279 1825 4358">
    <p class='ocr_par' dir='ltr' id='par_1_62' title="bbox 249 4279 1825 4358">
     <span class='ocr_line' id='line_1_62' title="bbox 249 4279 1825 4358; baseline -0.004 -18"><span class='ocrx_word' id='word_1_414' title='bbox 249 4287 322 4351; x_wconf 80' lang='grc' dir='ltr'><strong>ὡς</strong></span> <span class='ocrx_word' id='word_1_415' title='bbox 379 4287 479 4340; x_wconf 80' lang='grc' dir='ltr'><strong>καὶ</strong></span> <span class='ocrx_word' id='word_1_416' title='bbox 520 4286 601 4357; x_wconf 68' lang='grc'><strong>(1)</strong></span> <span class='ocrx_word' id='word_1_417' title='bbox 638 4286 809 4358; x_wconf 82' lang='grc' dir='ltr'>ὀργῆς</span> <span class='ocrx_word' id='word_1_418' title='bbox 858 4283 1090 4357; x_wconf 78' lang='grc' dir='ltr'>ὁρᾶσθαι</span> <span class='ocrx_word' id='word_1_419' title='bbox 1122 4282 1467 4354; x_wconf 84' lang='grc' dir='ltr'>κρείττονας,</span> <span class='ocrx_word' id='word_1_420' title='bbox 1521 4281 1623 4334; x_wconf 79' lang='grc' dir='ltr'>κᾶν</span> <span class='ocrx_word' id='word_1_421' title='bbox 1660 4281 1709 4334; x_wconf 88' lang='grc' dir='ltr'><strong>εί</strong></span> <span class='ocrx_word' id='word_1_422' title='bbox 1749 4279 1825 4352; x_wconf 80' lang='grc' dir='ltr'><strong>μή</strong></span> 
     </span>
    </p>
   </div>
   <div class='ocr_carea' id='block_1_63' title="bbox 1928 1808 3503 1889">
    <p class='ocr_par' dir='ltr' id='par_1_63' title="bbox 1928 1808 3503 1889">
     <span class='ocr_line' id='line_1_63' title="bbox 1928 1808 3503 1889; baseline 0.006 -26"><span class='ocrx_word' id='word_1_423' title='bbox 1928 1808 2183 1866; x_wconf 87' lang='lat' dir='ltr'><strong>denarios</strong></span> <span class='ocrx_word' id='word_1_424' title='bbox 2228 1813 2578 1884; x_wconf 86' lang='lat' dir='ltr'><strong>quingentos,</strong></span> <span class='ocrx_word' id='word_1_425' title='bbox 2619 1815 2760 1870; x_wconf 90' lang='lat' dir='ltr'><strong>alter</strong></span> <span class='ocrx_word' id='word_1_426' title='bbox 2808 1818 3199 1889; x_wconf 78' lang='lat' dir='ltr'><strong>quinquaginta</strong></span> <span class='ocrx_word' id='word_1_427' title='bbox 3241 1835 3254 1871; x_wconf 91' lang='lat'><strong>:</strong></span> <span class='ocrx_word' id='word_1_428' title='bbox 3295 1826 3351 1873; x_wconf 92' lang='lat' dir='ltr'><strong>et</strong></span> <span class='ocrx_word' id='word_1_429' title='bbox 3378 1834 3503 1873; x_wconf 92' lang='lat' dir='ltr'><strong>cum</strong></span> 
     </span>
    </p>
   </div>
   <div class='ocr_carea' id='block_1_64' title="bbox 1926 1900 3497 1979">
    <p class='ocr_par' dir='ltr' id='par_1_64' title="bbox 1926 1900 3497 1979">
     <span class='ocr_line' id='line_1_64' title="bbox 1926 1900 3497 1979; baseline 0.006 -27"><span class='ocrx_word' id='word_1_430' title='bbox 1926 1915 2036 1953; x_wconf 91' lang='lat' dir='ltr'><strong>non</strong></span> <span class='ocrx_word' id='word_1_431' title='bbox 2064 1900 2331 1956; x_wconf 86' lang='lat' dir='ltr'><strong>haberent</strong></span> <span class='ocrx_word' id='word_1_432' title='bbox 2359 1904 2503 1959; x_wconf 90' lang='lat' dir='ltr'><strong>unde</strong></span> <span class='ocrx_word' id='word_1_433' title='bbox 2528 1905 2848 1972; x_wconf 84' lang='lat' dir='ltr'><strong>redderent,</strong></span> <span class='ocrx_word' id='word_1_434' title='bbox 2866 1908 3090 1963; x_wconf 88' lang='lat' dir='ltr'><strong>donavit</strong></span> <span class='ocrx_word' id='word_1_435' title='bbox 3111 1909 3358 1979; x_wconf 87' lang='lat' dir='ltr'><strong>utrisque</strong></span> <span class='ocrx_word' id='word_1_436' title='bbox 3381 1910 3448 1964; x_wconf 80' lang='lat'><strong>&quot;.</strong></span> <span class='ocrx_word' id='word_1_437' title='bbox 3477 1929 3497 1962; x_wconf 74' lang='grc' dir='ltr'><strong>ι</strong></span> 
     </span>
    </p>
   </div>
   <div class='ocr_carea' id='block_1_65' title="bbox 1923 1990 3503 2065">
    <p class='ocr_par' dir='ltr' id='par_1_65' title="bbox 1923 1990 3503 2065">
     <span class='ocr_line' id='line_1_65' title="bbox 1923 1990 3503 2065; baseline 0.004 -17"><span class='ocrx_word' id='word_1_438' title='bbox 1923 1990 2008 2048; x_wconf 85' lang='lat' dir='ltr'><strong>Ad</strong></span> <span class='ocrx_word' id='word_1_439' title='bbox 2030 1991 2165 2057; x_wconf 64' lang='lat' dir='ltr'><strong>haec,</strong></span> <span class='ocrx_word' id='word_1_440' title='bbox 2187 2008 2311 2047; x_wconf 90' lang='lat' dir='ltr'><strong>cum</strong></span> <span class='ocrx_word' id='word_1_441' title='bbox 2336 1993 2563 2048; x_wconf 87' lang='lat' dir='ltr'><strong>formam</strong></span> <span class='ocrx_word' id='word_1_442' title='bbox 2587 2010 2804 2065; x_wconf 83' lang='lat' dir='ltr'><strong>quoque</strong></span> <span class='ocrx_word' id='word_1_443' title='bbox 2828 1998 3020 2051; x_wconf 88' lang='lat' dir='ltr'><strong>orandi</strong></span> <span class='ocrx_word' id='word_1_444' title='bbox 3044 1999 3202 2054; x_wconf 90' lang='lat' dir='ltr'><strong>nobis</strong></span> <span class='ocrx_word' id='word_1_445' title='bbox 3228 2000 3503 2055; x_wconf 89' lang='lat' dir='ltr'><strong>traderet:</strong></span> 
     </span>
    </p>
   </div>
   <div class='ocr_carea' id='block_1_66' title="bbox 1935 2080 3502 2157">
    <p class='ocr_par' dir='ltr' id='par_1_66' title="bbox 1935 2080 3502 2157">
     <span class='ocr_line' id='line_1_66' title="bbox 1935 2080 3502 2157; baseline 0.008 -24"><span class='ocrx_word' id='word_1_446' title='bbox 1935 2100 1953 2132; x_wconf 79' lang='grc' dir='ltr'><strong>ι</strong></span> <span class='ocrx_word' id='word_1_447' title='bbox 1990 2080 2106 2146; x_wconf 92' lang='lat' dir='ltr'><strong>Sic,</strong></span> <span class='ocrx_word' id='word_1_448' title='bbox 2135 2081 2344 2152; x_wconf 85' lang='lat' dir='ltr'><strong>inquit,</strong></span> <span class='ocrx_word' id='word_1_449' title='bbox 2388 2098 2486 2137; x_wconf 89' lang='lat' dir='ltr'><strong>vos</strong></span> <span class='ocrx_word' id='word_1_450' title='bbox 2536 2093 2689 2138; x_wconf 91' lang='lat' dir='ltr'><strong>orate</strong></span> <span class='ocrx_word' id='word_1_451' title='bbox 2728 2104 2740 2138; x_wconf 88' lang='lat'>:</span> <span class='ocrx_word' id='word_1_452' title='bbox 2785 2086 2943 2141; x_wconf 88' lang='lat' dir='ltr'><strong>Pater</strong></span> <span class='ocrx_word' id='word_1_453' title='bbox 2979 2096 3187 2151; x_wconf 86' lang='lat' dir='ltr'><strong>noster,</strong></span> <span class='ocrx_word' id='word_1_454' title='bbox 3221 2089 3315 2157; x_wconf 88' lang='lat' dir='ltr'><strong>qui</strong></span> <span class='ocrx_word' id='word_1_455' title='bbox 3347 2104 3407 2143; x_wconf 89' lang='lat' dir='ltr'><strong>es</strong></span> <span class='ocrx_word' id='word_1_456' title='bbox 3444 2089 3502 2146; x_wconf 88' lang='lat' dir='ltr'><strong>in</strong></span> 
     </span>
    </p>
   </div>
   <div class='ocr_carea' id='block_1_67' title="bbox 1926 2172 3502 2249">
    <p class='ocr_par' dir='ltr' id='par_1_67' title="bbox 1926 2172 3502 2249">
     <span class='ocr_line' id='line_1_67' title="bbox 1926 2172 3502 2249; baseline 0.005 -24"><span class='ocrx_word' id='word_1_457' title='bbox 1926 2172 2101 2237; x_wconf 67' lang='lat' dir='ltr'><strong>caelis,</strong></span> <span class='ocrx_word' id='word_1_458' title='bbox 2132 2175 2504 2229; x_wconf 84' lang='lat' dir='ltr'><strong>sanctiﬁcetur</strong></span> <span class='ocrx_word' id='word_1_459' title='bbox 2544 2191 2745 2231; x_wconf 89' lang='lat' dir='ltr'><strong>nomen</strong></span> <span class='ocrx_word' id='word_1_460' title='bbox 2775 2184 2959 2244; x_wconf 90' lang='lat' dir='ltr'><strong>tuum;</strong></span> <span class='ocrx_word' id='word_1_461' title='bbox 2995 2177 3248 2233; x_wconf 84' lang='lat' dir='ltr'><strong>adveniat</strong></span> <span class='ocrx_word' id='word_1_462' title='bbox 3275 2194 3502 2249; x_wconf 88' lang='lat' dir='ltr'><strong>regnum</strong></span> 
     </span>
    </p>
   </div>
   <div class='ocr_carea' id='block_1_68' title="bbox 1924 2264 3500 2338">
    <p class='ocr_par' dir='ltr' id='par_1_68' title="bbox 1924 2264 3500 2338">
     <span class='ocr_line' id='line_1_68' title="bbox 1924 2264 3500 2338; baseline 0.004 -21"><span class='ocrx_word' id='word_1_463' title='bbox 1924 2270 2103 2331; x_wconf 90' lang='lat' dir='ltr'><strong>tuum,</strong></span> <span class='ocrx_word' id='word_1_464' title='bbox 2146 2264 2237 2319; x_wconf 88' lang='lat' dir='ltr'><strong>ﬁat</strong></span> <span class='ocrx_word' id='word_1_465' title='bbox 2262 2266 2517 2321; x_wconf 86' lang='lat' dir='ltr'><strong>voluntas</strong></span> <span class='ocrx_word' id='word_1_466' title='bbox 2559 2273 2652 2321; x_wconf 92' lang='lat' dir='ltr'><strong>tua</strong></span> <span class='ocrx_word' id='word_1_467' title='bbox 2680 2267 2822 2322; x_wconf 89' lang='lat' dir='ltr'><strong>sicut</strong></span> <span class='ocrx_word' id='word_1_468' title='bbox 2868 2268 2925 2322; x_wconf 92' lang='lat' dir='ltr'><strong>in</strong></span> <span class='ocrx_word' id='word_1_469' title='bbox 2967 2269 3109 2323; x_wconf 63' lang='lat' dir='ltr'><strong>caelo</strong></span> <span class='ocrx_word' id='word_1_470' title='bbox 3136 2277 3191 2323; x_wconf 89' lang='lat' dir='ltr'><strong>et</strong></span> <span class='ocrx_word' id='word_1_471' title='bbox 3228 2270 3284 2323; x_wconf 90' lang='lat' dir='ltr'><strong>in</strong></span> <span class='ocrx_word' id='word_1_472' title='bbox 3325 2278 3500 2338; x_wconf 87' lang='lat' dir='ltr'><strong>terra;</strong></span> 
     </span>
    </p>
   </div>
   <div class='ocr_carea' id='block_1_69' title="bbox 1924 2359 3502 2427">
    <p class='ocr_par' dir='ltr' id='par_1_69' title="bbox 1924 2359 3502 2427">
     <span class='ocr_line' id='line_1_69' title="bbox 1924 2359 3502 2427; baseline 0.003 -16"><span class='ocrx_word' id='word_1_473' title='bbox 1924 2372 2121 2426; x_wconf 90' lang='lat' dir='ltr'><strong>panem</strong></span> <span class='ocrx_word' id='word_1_474' title='bbox 2142 2365 2389 2414; x_wconf 88' lang='lat' dir='ltr'><strong>nostrum</strong></span> <span class='ocrx_word' id='word_1_475' title='bbox 2412 2359 2792 2427; x_wconf 88' lang='lat' dir='ltr'><strong>quotidianum</strong></span> <span class='ocrx_word' id='word_1_476' title='bbox 2820 2359 2890 2414; x_wconf 90' lang='lat' dir='ltr'><strong>da</strong></span> <span class='ocrx_word' id='word_1_477' title='bbox 2918 2360 3082 2415; x_wconf 92' lang='lat' dir='ltr'><strong>nobis</strong></span> <span class='ocrx_word' id='word_1_478' title='bbox 3108 2360 3301 2427; x_wconf 88' lang='lat' dir='ltr'><strong>hodie,</strong></span> <span class='ocrx_word' id='word_1_479' title='bbox 3334 2370 3389 2417; x_wconf 90' lang='lat' dir='ltr'><strong>et</strong></span> <span class='ocrx_word' id='word_1_480' title='bbox 3414 2362 3502 2417; x_wconf 86' lang='lat' dir='ltr'><strong>di-</strong></span> 
     </span>
    </p>
   </div>
   <div class='ocr_carea' id='block_1_70' title="bbox 1925 2448 3505 2519">
    <p class='ocr_par' dir='ltr' id='par_1_70' title="bbox 1925 2448 3505 2519">
     <span class='ocr_line' id='line_1_70' title="bbox 1925 2448 3505 2519; baseline 0.004 -17"><span class='ocrx_word' id='word_1_481' title='bbox 1925 2449 2080 2503; x_wconf 86' lang='lat' dir='ltr'><strong>mitte</strong></span> <span class='ocrx_word' id='word_1_482' title='bbox 2109 2448 2270 2519; x_wconf 73' lang='lat'><strong>275</strong></span> <span class='ocrx_word' id='word_1_483' title='bbox 2301 2449 2460 2504; x_wconf 89' lang='lat' dir='ltr'><strong>nobis</strong></span> <span class='ocrx_word' id='word_1_484' title='bbox 2482 2450 2668 2504; x_wconf 91' lang='lat' dir='ltr'><strong>debita</strong></span> <span class='ocrx_word' id='word_1_485' title='bbox 2701 2460 2910 2516; x_wconf 88' lang='lat' dir='ltr'><strong>nostra,</strong></span> <span class='ocrx_word' id='word_1_486' title='bbox 2939 2452 3081 2506; x_wconf 84' lang='lat' dir='ltr'><strong>sicut</strong></span> <span class='ocrx_word' id='word_1_487' title='bbox 3106 2461 3161 2507; x_wconf 83' lang='lat' dir='ltr'><strong>et</strong></span> <span class='ocrx_word' id='word_1_488' title='bbox 3181 2468 3281 2508; x_wconf 90' lang='lat' dir='ltr'><strong>nos</strong></span> <span class='ocrx_word' id='word_1_489' title='bbox 3311 2453 3505 2510; x_wconf 90' lang='lat' dir='ltr'><strong>dimit-</strong></span> 
     </span>
    </p>
   </div>
   <div class='ocr_carea' id='block_1_71' title="bbox 1928 2541 3503 2615">
    <p class='ocr_par' dir='ltr' id='par_1_71' title="bbox 1928 2541 3503 2615">
     <span class='ocr_line' id='line_1_71' title="bbox 1928 2541 3503 2615; baseline 0.004 -22"><span class='ocrx_word' id='word_1_490' title='bbox 1928 2541 2101 2595; x_wconf 89' lang='lat' dir='ltr'><strong>timus</strong></span> <span class='ocrx_word' id='word_1_491' title='bbox 2120 2541 2464 2597; x_wconf 86' lang='lat' dir='ltr'><strong>debitoribus</strong></span> <span class='ocrx_word' id='word_1_492' title='bbox 2484 2541 2691 2597; x_wconf 90' lang='lat' dir='ltr'><strong>nostris</strong></span> <span class='ocrx_word' id='word_1_493' title='bbox 2710 2543 2777 2596; x_wconf 81' lang='lat'><strong>&quot;.</strong></span> <span class='ocrx_word' id='word_1_494' title='bbox 2813 2562 2832 2595; x_wconf 76' lang='grc' dir='ltr'><strong>ι</strong></span> <span class='ocrx_word' id='word_1_495' title='bbox 2877 2542 3110 2614; x_wconf 87' lang='lat' dir='ltr'><strong>Oblique</strong></span> <span class='ocrx_word' id='word_1_496' title='bbox 3131 2544 3297 2615; x_wconf 80' lang='lat' dir='ltr'><strong>igitur</strong></span> <span class='ocrx_word' id='word_1_497' title='bbox 3326 2554 3381 2600; x_wconf 90' lang='lat' dir='ltr'><strong>et</strong></span> <span class='ocrx_word' id='word_1_498' title='bbox 3403 2561 3503 2615; x_wconf 91' lang='lat' dir='ltr'><strong>per</strong></span> 
     </span>
    </p>
   </div>
   <div class='ocr_carea' id='block_1_72' title="bbox 1922 2632 3499 2706">
    <p class='ocr_par' dir='ltr' id='par_1_72' title="bbox 1922 2632 3499 2706">
     <span class='ocr_line' id='line_1_72' title="bbox 1922 2632 3499 2706; baseline 0.003 -19"><span class='ocrx_word' id='word_1_499' title='bbox 1922 2632 2151 2703; x_wconf 66' lang='lat' dir='ltr'><strong>aznigma</strong></span> <span class='ocrx_word' id='word_1_500' title='bbox 2211 2634 2371 2689; x_wconf 91' lang='lat' dir='ltr'><strong>nobis</strong></span> <span class='ocrx_word' id='word_1_501' title='bbox 2409 2634 2497 2689; x_wconf 85' lang='lat' dir='ltr'><strong>lex</strong></span> <span class='ocrx_word' id='word_1_502' title='bbox 2534 2633 2780 2689; x_wconf 90' lang='lat' dir='ltr'><strong>divinum</strong></span> <span class='ocrx_word' id='word_1_503' title='bbox 2834 2638 3157 2706; x_wconf 79' lang='lat' dir='ltr'><strong>mysterium</strong></span> <span class='ocrx_word' id='word_1_504' title='bbox 3214 2637 3499 2704; x_wconf 88' lang='lat' dir='ltr'><strong>indicavit;</strong></span> 
     </span>
    </p>
   </div>
   <div class='ocr_carea' id='block_1_73' title="bbox 1922 2725 3499 2799">
    <p class='ocr_par' dir='ltr' id='par_1_73' title="bbox 1922 2725 3499 2799">
     <span class='ocr_line' id='line_1_73' title="bbox 1922 2725 3499 2799; baseline 0.002 -20"><span class='ocrx_word' id='word_1_505' title='bbox 1922 2739 2048 2779; x_wconf 89' lang='lat' dir='ltr'><strong>cum</strong></span> <span class='ocrx_word' id='word_1_506' title='bbox 2064 2725 2298 2795; x_wconf 90' lang='lat' dir='ltr'><strong>septimo</strong></span> <span class='ocrx_word' id='word_1_507' title='bbox 2316 2742 2533 2797; x_wconf 90' lang='lat' dir='ltr'><strong>quoque</strong></span> <span class='ocrx_word' id='word_1_508' title='bbox 2558 2742 2701 2781; x_wconf 85' lang='lat' dir='ltr'><strong>anno</strong></span> <span class='ocrx_word' id='word_1_509' title='bbox 2724 2727 3141 2783; x_wconf 88' lang='lat' dir='ltr'><strong>remissionnem</strong></span> <span class='ocrx_word' id='word_1_510' title='bbox 3166 2726 3284 2781; x_wconf 91' lang='lat' dir='ltr'><strong>ﬁeri</strong></span> <span class='ocrx_word' id='word_1_511' title='bbox 3305 2728 3499 2799; x_wconf 83' lang='lat' dir='ltr'><strong>jussit:</strong></span> 
     </span>
    </p>
   </div>
   <div class='ocr_carea' id='block_1_74' title="bbox 1925 2817 3504 2889">
    <p class='ocr_par' dir='ltr' id='par_1_74' title="bbox 1925 2817 3504 2889">
     <span class='ocr_line' id='line_1_74' title="bbox 1925 2817 3504 2889; baseline 0.003 -20"><span class='ocrx_word' id='word_1_512' title='bbox 1925 2824 1981 2869; x_wconf 91' lang='lat' dir='ltr'><strong>et</strong></span> <span class='ocrx_word' id='word_1_513' title='bbox 2012 2817 2174 2871; x_wconf 86' lang='lat' dir='ltr'><strong>simul</strong></span> <span class='ocrx_word' id='word_1_514' title='bbox 2203 2817 2271 2872; x_wconf 90' lang='lat' dir='ltr'><strong>ad</strong></span> <span class='ocrx_word' id='word_1_515' title='bbox 2305 2818 2665 2889; x_wconf 81' lang='lat' dir='ltr'><strong>benignitatis</strong></span> <span class='ocrx_word' id='word_1_516' title='bbox 2703 2821 2929 2874; x_wconf 88' lang='lat' dir='ltr'><strong>semitas</strong></span> <span class='ocrx_word' id='word_1_517' title='bbox 2961 2820 3192 2883; x_wconf 90' lang='lat' dir='ltr'><strong>inducit,</strong></span> <span class='ocrx_word' id='word_1_518' title='bbox 3219 2820 3350 2874; x_wconf 90' lang='lat' dir='ltr'><strong>dum</strong></span> <span class='ocrx_word' id='word_1_519' title='bbox 3372 2822 3504 2876; x_wconf 84' lang='lat' dir='ltr'><strong>cha-</strong></span> 
     </span>
    </p>
   </div>
   <div class='ocr_carea' id='block_1_75' title="bbox 1924 2912 3502 2987">
    <p class='ocr_par' dir='ltr' id='par_1_75' title="bbox 1924 2912 3502 2987">
     <span class='ocr_line' id='line_1_75' title="bbox 1924 2912 3502 2987; baseline 0.004 -21"><span class='ocrx_word' id='word_1_520' title='bbox 1924 2912 2143 2969; x_wconf 91' lang='lat' dir='ltr'><strong>ritatem</strong></span> <span class='ocrx_word' id='word_1_521' title='bbox 2176 2914 2231 2969; x_wconf 91' lang='lat' dir='ltr'><strong>in</strong></span> <span class='ocrx_word' id='word_1_522' title='bbox 2251 2914 2452 2969; x_wconf 83' lang='lat' dir='ltr'><strong>fratres</strong></span> <span class='ocrx_word' id='word_1_523' title='bbox 2481 2915 2690 2970; x_wconf 85' lang='lat' dir='ltr'><strong>divitiis</strong></span> <span class='ocrx_word' id='word_1_524' title='bbox 2719 2932 3040 2987; x_wconf 84' lang='lat' dir='ltr'><strong>praeponere</strong></span> <span class='ocrx_word' id='word_1_525' title='bbox 3069 2915 3249 2978; x_wconf 88' lang='lat' dir='ltr'><strong>docet,</strong></span> <span class='ocrx_word' id='word_1_526' title='bbox 3271 2915 3502 2972; x_wconf 88' lang='lat' dir='ltr'><strong>etfacile</strong></span> 
     </span>
    </p>
   </div>
   <div class='ocr_carea' id='block_1_76' title="bbox 1924 3005 3503 3079">
    <p class='ocr_par' dir='ltr' id='par_1_76' title="bbox 1924 3005 3503 3079">
     <span class='ocr_line' id='line_1_76' title="bbox 1924 3005 3503 3079; baseline 0.003 -19"><span class='ocrx_word' id='word_1_527' title='bbox 1924 3005 2049 3061; x_wconf 80' lang='lat' dir='ltr'><strong>aliis</strong></span> <span class='ocrx_word' id='word_1_528' title='bbox 2093 3007 2365 3077; x_wconf 89' lang='lat' dir='ltr'><strong>impertiri</strong></span> <span class='ocrx_word' id='word_1_529' title='bbox 2414 3015 2578 3077; x_wconf 89' lang='lat' dir='ltr'><strong>atque</strong></span> <span class='ocrx_word' id='word_1_530' title='bbox 2616 3009 3025 3063; x_wconf 88' lang='lat' dir='ltr'><strong>communicare</strong></span> <span class='ocrx_word' id='word_1_531' title='bbox 3076 3009 3270 3063; x_wconf 89' lang='lat' dir='ltr'><strong>suadet</strong></span> <span class='ocrx_word' id='word_1_532' title='bbox 3301 3017 3503 3079; x_wconf 85' lang='lat' dir='ltr'><strong>:atque</strong></span> 
     </span>
    </p>
   </div>
   <div class='ocr_carea' id='block_1_77' title="bbox 1925 3097 3499 3169">
    <p class='ocr_par' dir='ltr' id='par_1_77' title="bbox 1925 3097 3499 3169">
     <span class='ocr_line' id='line_1_77' title="bbox 1925 3097 3499 3169; baseline 0.003 -18"><span class='ocrx_word' id='word_1_533' title='bbox 1925 3097 2068 3152; x_wconf 88' lang='lat' dir='ltr'><strong>hanc</strong></span> <span class='ocrx_word' id='word_1_534' title='bbox 2095 3098 2316 3152; x_wconf 90' lang='lat' dir='ltr'><strong>interim</strong></span> <span class='ocrx_word' id='word_1_535' title='bbox 2342 3099 2394 3152; x_wconf 88' lang='lat' dir='ltr'><strong>in</strong></span> <span class='ocrx_word' id='word_1_536' title='bbox 2419 3097 2645 3153; x_wconf 85' lang='lat' dir='ltr'><strong>fratrem</strong></span> <span class='ocrx_word' id='word_1_537' title='bbox 2672 3106 2728 3153; x_wconf 93' lang='lat' dir='ltr'><strong>et</strong></span> <span class='ocrx_word' id='word_1_538' title='bbox 2752 3099 3064 3169; x_wconf 81' lang='lat' dir='ltr'><strong>proximum</strong></span> <span class='ocrx_word' id='word_1_539' title='bbox 3098 3098 3499 3156; x_wconf 87' lang='lat' dir='ltr'><strong>humanitatem</strong></span> 
     </span>
    </p>
   </div>
   <div class='ocr_carea' id='block_1_78' title="bbox 1924 3190 3499 3263">
    <p class='ocr_par' dir='ltr' id='par_1_78' title="bbox 1924 3190 3499 3263">
     <span class='ocr_line' id='line_1_78' title="bbox 1924 3190 3499 3263; baseline 0.003 -19"><span class='ocrx_word' id='word_1_540' title='bbox 1924 3190 2080 3260; x_wconf 90' lang='lat' dir='ltr'><strong>quasi</strong></span> <span class='ocrx_word' id='word_1_541' title='bbox 2105 3191 2556 3246; x_wconf 80' lang='lat' dir='ltr'><strong>exercitationem</strong></span> <span class='ocrx_word' id='word_1_542' title='bbox 2583 3192 2879 3262; x_wconf 89' lang='lat' dir='ltr'><strong>quamdam</strong></span> <span class='ocrx_word' id='word_1_543' title='bbox 2910 3194 3188 3262; x_wconf 88' lang='lat' dir='ltr'><strong>proponit,</strong></span> <span class='ocrx_word' id='word_1_544' title='bbox 3215 3209 3312 3263; x_wconf 90' lang='lat' dir='ltr'><strong>per</strong></span> <span class='ocrx_word' id='word_1_545' title='bbox 3333 3210 3499 3263; x_wconf 86' lang='lat' dir='ltr'><strong>quam</strong></span> 
     </span>
    </p>
   </div>
   <div class='ocr_carea' id='block_1_79' title="bbox 1923 3281 3498 3355">
    <p class='ocr_par' dir='ltr' id='par_1_79' title="bbox 1923 3281 3498 3355">
     <span class='ocr_line' id='line_1_79' title="bbox 1923 3281 3498 3355; baseline 0.003 -19"><span class='ocrx_word' id='word_1_546' title='bbox 1923 3281 1994 3336; x_wconf 86' lang='lat' dir='ltr'><strong>ad</strong></span> <span class='ocrx_word' id='word_1_547' title='bbox 2021 3282 2391 3337; x_wconf 87' lang='lat' dir='ltr'><strong>liberaliorem</strong></span> <span class='ocrx_word' id='word_1_548' title='bbox 2422 3282 2571 3338; x_wconf 89' lang='lat' dir='ltr'><strong>illam</strong></span> <span class='ocrx_word' id='word_1_549' title='bbox 2594 3299 2725 3355; x_wconf 89' lang='lat' dir='ltr'><strong>erga</strong></span> <span class='ocrx_word' id='word_1_550' title='bbox 2745 3298 2939 3339; x_wconf 87' lang='lat' dir='ltr'><strong>omnes</strong></span> <span class='ocrx_word' id='word_1_551' title='bbox 2954 3284 3207 3340; x_wconf 87' lang='lat' dir='ltr'><strong>homines</strong></span> <span class='ocrx_word' id='word_1_552' title='bbox 3238 3285 3498 3354; x_wconf 89' lang='lat' dir='ltr'><strong>pietatem</strong></span> 
     </span>
    </p>
   </div>
   <div class='ocr_carea' id='block_1_80' title="bbox 1923 3370 2296 3438">
    <p class='ocr_par' dir='ltr' id='par_1_80' title="bbox 1923 3370 2296 3438">
     <span class='ocr_line' id='line_1_80' title="bbox 1923 3370 2296 3438; baseline 0.008 -17"><span class='ocrx_word' id='word_1_553' title='bbox 1923 3370 2296 3438; x_wconf 83' lang='lat' dir='ltr'><strong>perveniatur.</strong></span> 
     </span>
    </p>
   </div>
   <div class='ocr_carea' id='block_1_81' title="bbox 1994 3459 3497 3535">
    <p class='ocr_par' dir='ltr' id='par_1_81' title="bbox 1994 3459 3497 3535">
     <span class='ocr_line' id='line_1_81' title="bbox 1994 3459 3497 3535; baseline 0.006 -22"><span class='ocrx_word' id='word_1_554' title='bbox 1994 3459 2190 3515; x_wconf 88' lang='lat' dir='ltr'><strong>PALL.</strong></span> <span class='ocrx_word' id='word_1_555' title='bbox 2229 3460 2321 3517; x_wconf 91' lang='lat' dir='ltr'><strong>Sic</strong></span> <span class='ocrx_word' id='word_1_556' title='bbox 2346 3478 2404 3518; x_wconf 89' lang='lat' dir='ltr'><strong>se</strong></span> <span class='ocrx_word' id='word_1_557' title='bbox 2433 3478 2524 3518; x_wconf 91' lang='lat' dir='ltr'><strong>res</strong></span> <span class='ocrx_word' id='word_1_558' title='bbox 2546 3462 2715 3518; x_wconf 88' lang='lat' dir='ltr'><strong>habet</strong></span> <span class='ocrx_word' id='word_1_559' title='bbox 2744 3482 2758 3516; x_wconf 89' lang='lat'><strong>:</strong></span> <span class='ocrx_word' id='word_1_560' title='bbox 2779 3463 2878 3519; x_wconf 91' lang='lat' dir='ltr'><strong>tibi</strong></span> <span class='ocrx_word' id='word_1_561' title='bbox 2899 3464 3048 3519; x_wconf 88' lang='lat' dir='ltr'><strong>enim</strong></span> <span class='ocrx_word' id='word_1_562' title='bbox 3069 3465 3273 3535; x_wconf 82' lang='lat' dir='ltr'><strong>optima</strong></span> <span class='ocrx_word' id='word_1_563' title='bbox 3293 3464 3497 3522; x_wconf 86' lang='lat' dir='ltr'><strong>dicenti</strong></span> 
     </span>
    </p>
   </div>
   <div class='ocr_carea' id='block_1_82' title="bbox 1922 3552 2211 3607">
    <p class='ocr_par' dir='ltr' id='par_1_82' title="bbox 1922 3552 2211 3607">
     <span class='ocr_line' id='line_1_82' title="bbox 1922 3552 2211 3607; baseline 0.007 -2"><span class='ocrx_word' id='word_1_564' title='bbox 1922 3552 2211 3607; x_wconf 88' lang='lat' dir='ltr'><strong>assentior.</strong></span> 
     </span>
    </p>
   </div>
   <div class='ocr_carea' id='block_1_83' title="bbox 1992 3643 3499 3721">
    <p class='ocr_par' dir='ltr' id='par_1_83' title="bbox 1992 3643 3499 3721">
     <span class='ocr_line' id='line_1_83' title="bbox 1992 3643 3499 3721; baseline 0.005 -22"><span class='ocrx_word' id='word_1_565' title='bbox 1992 3643 2148 3699; x_wconf 81' lang='lat' dir='ltr'><strong>CYR.</strong></span> <span class='ocrx_word' id='word_1_566' title='bbox 2183 3644 2369 3715; x_wconf 83' lang='lat' dir='ltr'><strong>Atqui,</strong></span> <span class='ocrx_word' id='word_1_567' title='bbox 2393 3647 2438 3702; x_wconf 88' lang='lat' dir='ltr'><strong>si</strong></span> <span class='ocrx_word' id='word_1_568' title='bbox 2468 3646 2545 3713; x_wconf 91' lang='lat' dir='ltr'><strong>id,</strong></span> <span class='ocrx_word' id='word_1_569' title='bbox 2582 3647 2728 3718; x_wconf 91' lang='lat' dir='ltr'><strong>quod</strong></span> <span class='ocrx_word' id='word_1_570' title='bbox 2755 3648 2933 3721; x_wconf 87' lang='lat' dir='ltr'><strong>majus</strong></span> <span class='ocrx_word' id='word_1_571' title='bbox 2955 3658 3065 3715; x_wconf 90' lang='lat' dir='ltr'><strong>est,</strong></span> <span class='ocrx_word' id='word_1_572' title='bbox 3094 3649 3376 3715; x_wconf 88' lang='lat' dir='ltr'><strong>didiceris,</strong></span> <span class='ocrx_word' id='word_1_573' title='bbox 3400 3647 3499 3706; x_wconf 65' lang='lat' dir='ltr'><strong>aii-</strong></span> 
     </span>
    </p>
   </div>
   <div class='ocr_carea' id='block_1_84' title="bbox 1922 3736 2477 3802">
    <p class='ocr_par' dir='ltr' id='par_1_84' title="bbox 1922 3736 2477 3802">
     <span class='ocr_line' id='line_1_84' title="bbox 1922 3736 2477 3802; baseline 0.007 -14"><span class='ocrx_word' id='word_1_574' title='bbox 1922 3736 2217 3802; x_wconf 89' lang='lat' dir='ltr'><strong>mirabere,</strong></span> <span class='ocrx_word' id='word_1_575' title='bbox 2249 3737 2477 3792; x_wconf 89' lang='lat' dir='ltr'><strong>Palladi.</strong></span> 
     </span>
    </p>
   </div>
   <div class='ocr_carea' id='block_1_85' title="bbox 1993 3827 2838 3895">
    <p class='ocr_par' dir='ltr' id='par_1_85' title="bbox 1993 3827 2838 3895">
     <span class='ocr_line' id='line_1_85' title="bbox 1993 3827 2838 3895; baseline 0.006 -14"><span class='ocrx_word' id='word_1_576' title='bbox 1993 3827 2192 3883; x_wconf 84' lang='lat' dir='ltr'><strong>PALL.</strong></span> <span class='ocrx_word' id='word_1_577' title='bbox 2224 3828 2366 3895; x_wconf 86' lang='lat' dir='ltr'><strong>Quid</strong></span> <span class='ocrx_word' id='word_1_578' title='bbox 2391 3830 2537 3887; x_wconf 90' lang='lat' dir='ltr'><strong>istud</strong></span> <span class='ocrx_word' id='word_1_579' title='bbox 2577 3832 2838 3888; x_wconf 86' lang='lat' dir='ltr'><strong>tandem?</strong></span> 
     </span>
    </p>
   </div>
   <div class='ocr_carea' id='block_1_86' title="bbox 2000 3920 3496 3996">
    <p class='ocr_par' dir='ltr' id='par_1_86' title="bbox 2000 3920 3496 3996">
     <span class='ocr_line' id='line_1_86' title="bbox 2000 3920 3496 3996; baseline 0.003 -22"><span class='ocrx_word' id='word_1_580' title='bbox 2000 3920 2157 3975; x_wconf 78' lang='lat' dir='ltr'><strong>CYR.</strong></span> <span class='ocrx_word' id='word_1_581' title='bbox 2182 3920 2264 3975; x_wconf 78' lang='lat' dir='ltr'><strong>Ad</strong></span> <span class='ocrx_word' id='word_1_582' title='bbox 2304 3938 2424 3977; x_wconf 89' lang='lat' dir='ltr'><strong>eam</strong></span> <span class='ocrx_word' id='word_1_583' title='bbox 2477 3923 2623 3977; x_wconf 90' lang='lat' dir='ltr'><strong>enim</strong></span> <span class='ocrx_word' id='word_1_584' title='bbox 2672 3924 2759 3978; x_wconf 83' lang='lat' dir='ltr'><strong>lex</strong></span> <span class='ocrx_word' id='word_1_585' title='bbox 2806 3923 3198 3996; x_wconf 84' lang='lat' dir='ltr'><strong>benignitatem</strong></span> <span class='ocrx_word' id='word_1_586' title='bbox 3240 3923 3496 3995; x_wconf 82' lang='lat' dir='ltr'><strong>progredi</strong></span> 
     </span>
    </p>
   </div>
   <div class='ocr_carea' id='block_1_87' title="bbox 1922 4012 3496 4085">
    <p class='ocr_par' dir='ltr' id='par_1_87' title="bbox 1922 4012 3496 4085">
     <span class='ocr_line' id='line_1_87' title="bbox 1922 4012 3496 4085; baseline 0.001 -17"><span class='ocrx_word' id='word_1_587' title='bbox 1922 4029 2024 4068; x_wconf 90' lang='lat' dir='ltr'><strong>nos</strong></span> <span class='ocrx_word' id='word_1_588' title='bbox 2045 4012 2183 4076; x_wconf 92' lang='lat' dir='ltr'><strong>vult,</strong></span> <span class='ocrx_word' id='word_1_589' title='bbox 2204 4019 2267 4066; x_wconf 91' lang='lat' dir='ltr'><strong>ut</strong></span> <span class='ocrx_word' id='word_1_590' title='bbox 2289 4013 2428 4066; x_wconf 90' lang='lat' dir='ltr'><strong>nihil</strong></span> <span class='ocrx_word' id='word_1_591' title='bbox 2449 4013 2707 4068; x_wconf 88' lang='lat' dir='ltr'><strong>charitati</strong></span> <span class='ocrx_word' id='word_1_592' title='bbox 2730 4015 2787 4067; x_wconf 90' lang='lat' dir='ltr'><strong>in</strong></span> <span class='ocrx_word' id='word_1_593' title='bbox 2822 4013 3022 4069; x_wconf 83' lang='lat' dir='ltr'><strong>fratres</strong></span> <span class='ocrx_word' id='word_1_594' title='bbox 3040 4014 3365 4085; x_wconf 63' lang='lat' dir='ltr'><strong>aequandum</strong></span> <span class='ocrx_word' id='word_1_595' title='bbox 3389 4030 3496 4084; x_wconf 89' lang='lat' dir='ltr'><strong>pu-</strong></span> 
     </span>
    </p>
   </div>
   <div class='ocr_carea' id='block_1_88' title="bbox 1924 4104 3494 4160">
    <p class='ocr_par' dir='ltr' id='par_1_88' title="bbox 1924 4104 3494 4160">
     <span class='ocr_line' id='line_1_88' title="bbox 1924 4104 3494 4160; baseline 0 0"><span class='ocrx_word' id='word_1_596' title='bbox 1924 4115 2102 4160; x_wconf 85' lang='lat' dir='ltr'><strong>temus</strong></span> <span class='ocrx_word' id='word_1_597' title='bbox 2132 4123 2144 4158; x_wconf 93' lang='lat'>:</span> <span class='ocrx_word' id='word_1_598' title='bbox 2171 4104 2310 4159; x_wconf 90' lang='lat' dir='ltr'><strong>adeo</strong></span> <span class='ocrx_word' id='word_1_599' title='bbox 2325 4105 2489 4159; x_wconf 89' lang='lat' dir='ltr'><strong>etiam</strong></span> <span class='ocrx_word' id='word_1_600' title='bbox 2512 4105 2578 4160; x_wconf 88' lang='lat' dir='ltr'><strong>iis</strong></span> <span class='ocrx_word' id='word_1_601' title='bbox 2594 4105 2788 4160; x_wconf 88' lang='lat' dir='ltr'><strong>cedere</strong></span> <span class='ocrx_word' id='word_1_602' title='bbox 2830 4120 2895 4159; x_wconf 89' lang='lat' dir='ltr'><strong>ac</strong></span> <span class='ocrx_word' id='word_1_603' title='bbox 2917 4105 3130 4160; x_wconf 87' lang='lat' dir='ltr'><strong>fortiter</strong></span> <span class='ocrx_word' id='word_1_604' title='bbox 3144 4105 3287 4159; x_wconf 89' lang='lat' dir='ltr'><strong>ferre</strong></span> <span class='ocrx_word' id='word_1_605' title='bbox 3301 4120 3494 4160; x_wconf 91' lang='lat' dir='ltr'><strong>eorum</strong></span> 
     </span>
    </p>
   </div>
   <div class='ocr_carea' id='block_1_89' title="bbox 1924 4196 3495 4267">
    <p class='ocr_par' dir='ltr' id='par_1_89' title="bbox 1924 4196 3495 4267">
     <span class='ocr_line' id='line_1_89' title="bbox 1924 4196 3495 4267; baseline 0.001 -16"><span class='ocrx_word' id='word_1_606' title='bbox 1924 4199 2256 4252; x_wconf 86' lang='lat' dir='ltr'><strong>inhumanos</strong></span> <span class='ocrx_word' id='word_1_607' title='bbox 2296 4205 2460 4265; x_wconf 88' lang='lat' dir='ltr'><strong>atque</strong></span> <span class='ocrx_word' id='word_1_608' title='bbox 2494 4211 2721 4265; x_wconf 90' lang='lat' dir='ltr'><strong>asperos</strong></span> <span class='ocrx_word' id='word_1_609' title='bbox 2763 4211 2968 4260; x_wconf 87' lang='lat' dir='ltr'><strong>mores,</strong></span> <span class='ocrx_word' id='word_1_610' title='bbox 3006 4204 3068 4249; x_wconf 91' lang='lat' dir='ltr'><strong>ut</strong></span> <span class='ocrx_word' id='word_1_611' title='bbox 3111 4196 3247 4249; x_wconf 91' lang='lat' dir='ltr'><strong>iram</strong></span> <span class='ocrx_word' id='word_1_612' title='bbox 3272 4212 3495 4267; x_wconf 82' lang='lat' dir='ltr'><strong>quoque</strong></span> 
     </span>
    </p>
   </div>
   <div class='ocr_carea' id='block_1_90' title="bbox 1923 4286 3491 4357">
    <p class='ocr_par' dir='ltr' id='par_1_90' title="bbox 1923 4286 3491 4357">
     <span class='ocr_line' id='line_1_90' title="bbox 1923 4286 3491 4357; baseline 0 -15"><span class='ocrx_word' id='word_1_613' title='bbox 1923 4289 2228 4350; x_wconf 89' lang='lat' dir='ltr'><strong>vincamus,</strong></span> <span class='ocrx_word' id='word_1_614' title='bbox 2251 4287 2503 4355; x_wconf 84' lang='lat' dir='ltr'><strong>quamvis</strong></span> <span class='ocrx_word' id='word_1_615' title='bbox 2527 4286 2606 4339; x_wconf 93' lang='lat' dir='ltr'><strong>illi</strong></span> <span class='ocrx_word' id='word_1_616' title='bbox 2633 4302 2744 4340; x_wconf 93' lang='lat' dir='ltr'><strong>non</strong></span> <span class='ocrx_word' id='word_1_617' title='bbox 2767 4286 3038 4355; x_wconf 87' lang='lat' dir='ltr'><strong>ejusmodi</strong></span> <span class='ocrx_word' id='word_1_618' title='bbox 3074 4286 3184 4339; x_wconf 90' lang='lat' dir='ltr'><strong>sint</strong></span> <span class='ocrx_word' id='word_1_619' title='bbox 3206 4302 3336 4357; x_wconf 89' lang='lat' dir='ltr'><strong>erga</strong></span> <span class='ocrx_word' id='word_1_620' title='bbox 3367 4303 3491 4354; x_wconf 88' lang='lat' dir='ltr'><strong>nos,</strong></span> 
     </span>
    </p>
   </div>
   <div class='ocr_carea' id='block_1_91' title="bbox 249 4371 1827 4449">
    <p class='ocr_par' dir='ltr' id='par_1_91' title="bbox 249 4371 1821 4449">
     <span class='ocr_line' id='line_1_91' title="bbox 249 4371 1821 4449; baseline -0.002 -18"><span class='ocrx_word' id='word_1_621' title='bbox 249 4379 491 4447; x_wconf 76' lang='grc' dir='ltr'>γένοιντο</span> <span class='ocrx_word' id='word_1_622' title='bbox 513 4378 651 4447; x_wconf 79' lang='grc' dir='ltr'>πρὸς</span> <span class='ocrx_word' id='word_1_623' title='bbox 671 4378 819 4449; x_wconf 74' lang='grc' dir='ltr'>ἡμᾶς</span> <span class='ocrx_word' id='word_1_624' title='bbox 840 4376 1057 4439; x_wconf 84' lang='grc' dir='ltr'>ὁποίους</span> <span class='ocrx_word' id='word_1_625' title='bbox 1078 4371 1217 4429; x_wconf 75' lang='grc' dir='ltr'>εἷναί</span> <span class='ocrx_word' id='word_1_626' title='bbox 1238 4392 1297 4428; x_wconf 87' lang='grc' dir='ltr'><strong>τε</strong></span> <span class='ocrx_word' id='word_1_627' title='bbox 1321 4374 1417 4427; x_wconf 80' lang='grc' dir='ltr'>καὶ</span> <span class='ocrx_word' id='word_1_628' title='bbox 1438 4372 1665 4445; x_wconf 79' lang='grc' dir='ltr'>ὁρᾶσθαι</span> <span class='ocrx_word' id='word_1_629' title='bbox 1694 4372 1821 4444; x_wconf 81' lang='grc' dir='ltr'>χρὴ.</span> 
     </span>
    </p>
   </div>
   <div class='ocr_carea' id='block_1_92' title="bbox 1932 4371 3492 4449">
    <p class='ocr_par' dir='ltr' id='par_1_92' title="bbox 1932 4374 3492 4448">
     <span class='ocr_line' id='line_1_92' title="bbox 1932 4374 3492 4448; baseline -0.001 -16"><span class='ocrx_word' id='word_1_630' title='bbox 1932 4378 2116 4448; x_wconf 88' lang='lat' dir='ltr'><strong>quales</strong></span> <span class='ocrx_word' id='word_1_631' title='bbox 2156 4391 2254 4431; x_wconf 92' lang='lat' dir='ltr'><strong>eos</strong></span> <span class='ocrx_word' id='word_1_632' title='bbox 2291 4390 2413 4430; x_wconf 90' lang='lat' dir='ltr'><strong>esse</strong></span> <span class='ocrx_word' id='word_1_633' title='bbox 2456 4390 2520 4429; x_wconf 89' lang='lat' dir='ltr'><strong>ac</strong></span> <span class='ocrx_word' id='word_1_634' title='bbox 2562 4374 2736 4430; x_wconf 90' lang='lat' dir='ltr'><strong>videri</strong></span> <span class='ocrx_word' id='word_1_635' title='bbox 2775 4374 3066 4430; x_wconf 87' lang='lat' dir='ltr'><strong>conveniat</strong></span> <span class='ocrx_word' id='word_1_636' title='bbox 3107 4374 3282 4444; x_wconf 88' lang='lat' dir='ltr'><strong>:quin</strong></span> <span class='ocrx_word' id='word_1_637' title='bbox 3325 4376 3492 4431; x_wconf 89' lang='lat' dir='ltr'><strong>etiam</strong></span> 
     </span>
    </p>
   </div>
   <div class='ocr_carea' id='block_1_93' title="bbox 249 4464 1820 4540">
    <p class='ocr_par' dir='ltr' id='par_1_93' title="bbox 249 4464 1820 4540">
     <span class='ocr_line' id='line_1_93' title="bbox 249 4464 1820 4540; baseline -0.004 -17"><span class='ocrx_word' id='word_1_638' title='bbox 249 4472 342 4523; x_wconf 71' lang='grc' dir='ltr'><strong>καὶ</strong></span> <span class='ocrx_word' id='word_1_639' title='bbox 383 4472 505 4531; x_wconf 85' lang='grc' dir='ltr'>ταῖς</span> <span class='ocrx_word' id='word_1_640' title='bbox 534 4468 975 4540; x_wconf 85' lang='grc' dir='ltr'>άφιλοστοργίαις</span> <span class='ocrx_word' id='word_1_641' title='bbox 1021 4467 1227 4521; x_wconf 73' lang='grc' dir='ltr'>ἕλοιντο</span> <span class='ocrx_word' id='word_1_642' title='bbox 1264 4465 1472 4518; x_wconf 86' lang='grc' dir='ltr'>λυπεῖν.</span> <span class='ocrx_word' id='word_1_643' title='bbox 1509 4466 1695 4534; x_wconf 82' lang='grc' dir='ltr'>Ἔχεις</span> <span class='ocrx_word' id='word_1_644' title='bbox 1725 4464 1820 4517; x_wconf 77' lang='grc' dir='ltr'>καὶ</span> 
     </span>
    </p>
   </div>
   <div class='ocr_carea' id='block_1_94' title="bbox 250 4556 1816 4633">
    <p class='ocr_par' dir='ltr' id='par_1_94' title="bbox 250 4556 1816 4633">
     <span class='ocr_line' id='line_1_94' title="bbox 250 4556 1816 4633; baseline -0.005 -16"><span class='ocrx_word' id='word_1_645' title='bbox 250 4561 402 4617; x_wconf 78' lang='grc' dir='ltr'>τοῦδε</span> <span class='ocrx_word' id='word_1_646' title='bbox 439 4561 533 4616; x_wconf 77' lang='grc' dir='ltr'><strong>τὸν</strong></span> <span class='ocrx_word' id='word_1_647' title='bbox 560 4561 729 4616; x_wconf 80' lang='grc' dir='ltr'>τύπον</span> <span class='ocrx_word' id='word_1_648' title='bbox 755 4564 813 4615; x_wconf 79' lang='grc' dir='ltr'><strong>ἐν</strong></span> <span class='ocrx_word' id='word_1_649' title='bbox 834 4562 947 4623; x_wconf 80' lang='grc' dir='ltr'>τοῖς</span> <span class='ocrx_word' id='word_1_650' title='bbox 986 4560 1292 4633; x_wconf 85' lang='grc' dir='ltr'>Ἀριθμοῖς·</span> <span class='ocrx_word' id='word_1_651' title='bbox 1327 4578 1345 4611; x_wconf 82' lang='grc' dir='ltr'><strong>ι</strong></span> <span class='ocrx_word' id='word_1_652' title='bbox 1373 4558 1483 4616; x_wconf 81' lang='grc' dir='ltr'><strong>Καὶ</strong></span> <span class='ocrx_word' id='word_1_653' title='bbox 1532 4556 1816 4612; x_wconf 87' lang='grc' dir='ltr'>ἀπέστειλε</span> 
     </span>
    </p>
   </div>
   <div class='ocr_carea' id='block_1_95' title="bbox 245 4650 1818 4726">
    <p class='ocr_par' dir='ltr' id='par_1_95' title="bbox 245 4650 1818 4726">
     <span class='ocr_line' id='line_1_95' title="bbox 245 4650 1818 4726; baseline -0.002 -18"><span class='ocrx_word' id='word_1_654' title='bbox 245 4656 375 4724; x_wconf 75' lang='grc' dir='ltr'>γὰρ,</span> <span class='ocrx_word' id='word_1_655' title='bbox 393 4654 580 4726; x_wconf 78' lang='grc' dir='ltr'>φησὶν,</span> <span class='ocrx_word' id='word_1_656' title='bbox 593 4654 623 4706; x_wconf 92' lang='lat'><strong>6</strong></span> <span class='ocrx_word' id='word_1_657' title='bbox 636 4654 839 4722; x_wconf 74' lang='grc' dir='ltr'>Μωσῆς</span> <span class='ocrx_word' id='word_1_658' title='bbox 869 4654 1132 4724; x_wconf 78' lang='grc' dir='ltr'>ἀγγέλους</span> <span class='ocrx_word' id='word_1_659' title='bbox 1162 4654 1227 4708; x_wconf 82' lang='grc' dir='ltr'>ὲκ</span> <span class='ocrx_word' id='word_1_660' title='bbox 1243 4652 1426 4723; x_wconf 80' lang='grc' dir='ltr'>Κάδης</span> <span class='ocrx_word' id='word_1_661' title='bbox 1446 4652 1581 4723; x_wconf 83' lang='grc' dir='ltr'>πρὸς</span> <span class='ocrx_word' id='word_1_662' title='bbox 1592 4650 1818 4721; x_wconf 81' lang='grc' dir='ltr'>βασιλέα</span> 
     </span>
    </p>
   </div>
   <div class='ocr_carea' id='block_1_96' title="bbox 259 4741 1813 4817">
    <p class='ocr_par' dir='ltr' id='par_1_96' title="bbox 259 4741 1813 4817">
     <span class='ocr_line' id='line_1_96' title="bbox 259 4741 1813 4817; baseline -0.003 -19"><span class='ocrx_word' id='word_1_663' title='bbox 259 4746 458 4817; x_wconf 78' lang='grc' dir='ltr'>Ἐδὼμ,</span> <span class='ocrx_word' id='word_1_664' title='bbox 494 4744 668 4813; x_wconf 83' lang='grc' dir='ltr'>λέγων</span> <span class='ocrx_word' id='word_1_665' title='bbox 688 4762 702 4775; x_wconf 80' lang='grc'><em>’</em></span> <span class='ocrx_word' id='word_1_666' title='bbox 754 4745 893 4799; x_wconf 86' lang='grc' dir='ltr'>Τάδε</span> <span class='ocrx_word' id='word_1_667' title='bbox 936 4744 1083 4813; x_wconf 85' lang='grc' dir='ltr'>λέγει</span> <span class='ocrx_word' id='word_1_668' title='bbox 1115 4746 1144 4797; x_wconf 89' lang='grc' dir='ltr'><strong>ό</strong></span> <span class='ocrx_word' id='word_1_669' title='bbox 1171 4741 1398 4812; x_wconf 79' lang='grc' dir='ltr'>ἀδελφός</span> <span class='ocrx_word' id='word_1_670' title='bbox 1430 4759 1524 4795; x_wconf 93' lang='grc' dir='ltr'><strong>σου</strong></span> <span class='ocrx_word' id='word_1_671' title='bbox 1563 4742 1813 4813; x_wconf 88' lang='grc' dir='ltr'>Ἰσραήλ·</span> 
     </span>
    </p>
   </div>
   <div class='ocr_carea' id='block_1_97' title="bbox 248 4831 1819 4906">
    <p class='ocr_par' dir='ltr' id='par_1_97' title="bbox 248 4831 1819 4906">
     <span class='ocr_line' id='line_1_97' title="bbox 248 4831 1819 4906; baseline -0.001 -21"><span class='ocrx_word' id='word_1_672' title='bbox 248 4834 318 4887; x_wconf 74' lang='grc' dir='ltr'><strong>Σὺ</strong></span> <span class='ocrx_word' id='word_1_673' title='bbox 347 4834 548 4906; x_wconf 73' lang='grc' dir='ltr'>ἐπίστῃ</span> <span class='ocrx_word' id='word_1_674' title='bbox 581 4831 758 4885; x_wconf 89' lang='grc' dir='ltr'>πάντα</span> <span class='ocrx_word' id='word_1_675' title='bbox 789 4832 880 4885; x_wconf 78' lang='grc' dir='ltr'><strong>τὸν</strong></span> <span class='ocrx_word' id='word_1_676' title='bbox 914 4832 1111 4903; x_wconf 85' lang='grc' dir='ltr'>μόχθον</span> <span class='ocrx_word' id='word_1_677' title='bbox 1142 4832 1232 4885; x_wconf 83' lang='grc' dir='ltr'><strong>τὸν</strong></span> <span class='ocrx_word' id='word_1_678' title='bbox 1264 4831 1493 4902; x_wconf 83' lang='grc' dir='ltr'>εὑρόντα</span> <span class='ocrx_word' id='word_1_679' title='bbox 1526 4831 1692 4902; x_wconf 79' lang='grc' dir='ltr'>ἡμᾶς,</span> <span class='ocrx_word' id='word_1_680' title='bbox 1723 4833 1819 4884; x_wconf 76' lang='grc' dir='ltr'>καὶ</span> 
     </span>
    </p>
   </div>
   <div class='ocr_carea' id='block_1_98' title="bbox 247 4920 1816 4995">
    <p class='ocr_par' dir='ltr' id='par_1_98' title="bbox 247 4920 1816 4995">
     <span class='ocr_line' id='line_1_98' title="bbox 247 4920 1816 4995; baseline 0.001 -21"><span class='ocrx_word' id='word_1_681' title='bbox 247 4920 557 4992; x_wconf 79' lang='grc' dir='ltr'>κατέϐησαν</span> <span class='ocrx_word' id='word_1_682' title='bbox 583 4922 630 4974; x_wconf 83' lang='lat' dir='ltr'><strong>oi</strong></span> <span class='ocrx_word' id='word_1_683' title='bbox 664 4921 899 4995; x_wconf 83' lang='grc' dir='ltr'>πατέρες</span> <span class='ocrx_word' id='word_1_684' title='bbox 925 4922 1083 4994; x_wconf 85' lang='grc' dir='ltr'>ήμῶν</span> <span class='ocrx_word' id='word_1_685' title='bbox 1107 4924 1188 4986; x_wconf 88' lang='grc' dir='ltr'><strong>είς</strong></span> <span class='ocrx_word' id='word_1_686' title='bbox 1225 4921 1519 4991; x_wconf 77' lang='grc' dir='ltr'>Αίγυπτον,</span> <span class='ocrx_word' id='word_1_687' title='bbox 1557 4923 1652 4977; x_wconf 76' lang='grc' dir='ltr'>καὶ</span> <span class='ocrx_word' id='word_1_688' title='bbox 1674 4940 1816 4995; x_wconf 85' lang='grc' dir='ltr'>παρ-</span> 
     </span>
    </p>
   </div>
   <div class='ocr_carea' id='block_1_99' title="bbox 246 5013 1817 5085">
    <p class='ocr_par' dir='ltr' id='par_1_99' title="bbox 246 5013 1817 5085">
     <span class='ocr_line' id='line_1_99' title="bbox 246 5013 1817 5085; baseline 0.004 -21"><span class='ocrx_word' id='word_1_689' title='bbox 246 5014 541 5085; x_wconf 76' lang='grc' dir='ltr'>ῳκήσαμεν</span> <span class='ocrx_word' id='word_1_690' title='bbox 562 5013 620 5066; x_wconf 76' lang='grc' dir='ltr'>ὲν</span> <span class='ocrx_word' id='word_1_691' title='bbox 645 5013 1127 5085; x_wconf 81' lang='grc' dir='ltr'>Αίγύπτιρήμέρας</span> <span class='ocrx_word' id='word_1_692' title='bbox 1151 5013 1386 5079; x_wconf 84' lang='grc' dir='ltr'>πλείους,</span> <span class='ocrx_word' id='word_1_693' title='bbox 1414 5014 1508 5068; x_wconf 78' lang='grc' dir='ltr'>καὶ</span> <span class='ocrx_word' id='word_1_694' title='bbox 1529 5014 1817 5070; x_wconf 79' lang='grc' dir='ltr'>ἐκάκωσαν</span> 
     </span>
    </p>
   </div>
   <div class='ocr_carea' id='block_1_100' title="bbox 249 5102 1815 5176">
    <p class='ocr_par' dir='ltr' id='par_1_100' title="bbox 249 5102 1815 5176">
     <span class='ocr_line' id='line_1_100' title="bbox 249 5102 1815 5176; baseline 0.001 -18"><span class='ocrx_word' id='word_1_695' title='bbox 249 5104 392 5173; x_wconf 75' lang='grc' dir='ltr'>ἡμᾶς</span> <span class='ocrx_word' id='word_1_696' title='bbox 443 5105 495 5157; x_wconf 80' lang='lat' dir='ltr'><strong>oi</strong></span> <span class='ocrx_word' id='word_1_697' title='bbox 545 5102 835 5173; x_wconf 78' lang='grc' dir='ltr'>Αἰγύπτιοι</span> <span class='ocrx_word' id='word_1_698' title='bbox 881 5105 977 5158; x_wconf 79' lang='grc' dir='ltr'><strong>καὶ</strong></span> <span class='ocrx_word' id='word_1_699' title='bbox 1022 5105 1149 5168; x_wconf 80' lang='grc' dir='ltr'>τοὺς</span> <span class='ocrx_word' id='word_1_700' title='bbox 1191 5104 1436 5176; x_wconf 80' lang='grc' dir='ltr'>πατέρας</span> <span class='ocrx_word' id='word_1_701' title='bbox 1486 5105 1680 5175; x_wconf 81' lang='grc' dir='ltr'>ήμῶν,</span> <span class='ocrx_word' id='word_1_702' title='bbox 1721 5107 1815 5160; x_wconf 78' lang='grc' dir='ltr'><strong>καὶ</strong></span> 
     </span>
    </p>
   </div>
   <div class='ocr_carea' id='block_1_101' title="bbox 246 5193 1816 5268">
    <p class='ocr_par' dir='ltr' id='par_1_101' title="bbox 246 5193 1816 5268">
     <span class='ocr_line' id='line_1_101' title="bbox 246 5193 1816 5268; baseline 0 -22"><span class='ocrx_word' id='word_1_703' title='bbox 246 5194 620 5267; x_wconf 77' lang='grc' dir='ltr'>ἀνεὸοήσαμεν</span> <span class='ocrx_word' id='word_1_704' title='bbox 646 5194 780 5266; x_wconf 85' lang='grc' dir='ltr'>πρὸς</span> <span class='ocrx_word' id='word_1_705' title='bbox 804 5193 1027 5266; x_wconf 83' lang='grc' dir='ltr'>Κύριον,</span> <span class='ocrx_word' id='word_1_706' title='bbox 1053 5196 1147 5268; x_wconf 68' lang='grc' dir='ltr'>κα).</span> <span class='ocrx_word' id='word_1_707' title='bbox 1175 5196 1461 5265; x_wconf 85' lang='grc' dir='ltr'>είσήκουσε</span> <span class='ocrx_word' id='word_1_708' title='bbox 1486 5194 1690 5266; x_wconf 86' lang='grc' dir='ltr'>Κύριος</span> <span class='ocrx_word' id='word_1_709' title='bbox 1716 5195 1816 5265; x_wconf 80' lang='grc' dir='ltr'>τῆς</span> 
     </span>
    </p>
   </div>
   <div class='ocr_carea' id='block_1_102' title="bbox 250 5283 1814 5359">
    <p class='ocr_par' dir='ltr' id='par_1_102' title="bbox 250 5283 1814 5359">
     <span class='ocr_line' id='line_1_102' title="bbox 250 5283 1814 5359; baseline 0.001 -21"><span class='ocrx_word' id='word_1_710' title='bbox 250 5290 425 5359; x_wconf 71' lang='grc' dir='ltr'>φωνῆς</span> <span class='ocrx_word' id='word_1_711' title='bbox 478 5286 670 5358; x_wconf 79' lang='grc' dir='ltr'>ήμῶν,</span> <span class='ocrx_word' id='word_1_712' title='bbox 717 5285 812 5338; x_wconf 70' lang='grc' dir='ltr'><strong>καὶ</strong></span> <span class='ocrx_word' id='word_1_713' title='bbox 861 5286 1189 5350; x_wconf 86' lang='grc' dir='ltr'>ἀποστείλας</span> <span class='ocrx_word' id='word_1_714' title='bbox 1238 5284 1493 5354; x_wconf 76' lang='grc' dir='ltr'>ἄγγελον,</span> <span class='ocrx_word' id='word_1_715' title='bbox 1546 5283 1814 5354; x_wconf 78' lang='grc' dir='ltr'>ἐξήγαγεν</span> 
     </span>
    </p>
   </div>
   <div class='ocr_carea' id='block_1_103' title="bbox 246 5371 1813 5444">
    <p class='ocr_par' dir='ltr' id='par_1_103' title="bbox 246 5371 1813 5444">
     <span class='ocr_line' id='line_1_103' title="bbox 246 5371 1813 5444; baseline -0.003 -14"><span class='ocrx_word' id='word_1_716' title='bbox 246 5371 384 5443; x_wconf 71' lang='grc' dir='ltr'>ἡμᾶς</span> <span class='ocrx_word' id='word_1_717' title='bbox 411 5374 471 5442; x_wconf 75' lang='grc' dir='ltr'>ἐξ</span> <span class='ocrx_word' id='word_1_718' title='bbox 496 5372 803 5442; x_wconf 80' lang='grc' dir='ltr'>Αίγύπτου,</span> <span class='ocrx_word' id='word_1_719' title='bbox 830 5373 924 5427; x_wconf 76' lang='grc' dir='ltr'>καὶ</span> <span class='ocrx_word' id='word_1_720' title='bbox 950 5372 1045 5427; x_wconf 83' lang='grc' dir='ltr'>νῦν</span> <span class='ocrx_word' id='word_1_721' title='bbox 1072 5375 1238 5444; x_wconf 73' lang='grc' dir='ltr'>ἐσμεν</span> <span class='ocrx_word' id='word_1_722' title='bbox 1264 5375 1321 5426; x_wconf 83' lang='grc' dir='ltr'>ὲν</span> <span class='ocrx_word' id='word_1_723' title='bbox 1347 5373 1530 5443; x_wconf 85' lang='grc' dir='ltr'>Κάδης</span> <span class='ocrx_word' id='word_1_724' title='bbox 1553 5372 1722 5438; x_wconf 86' lang='grc' dir='ltr'>πόλει,</span> <span class='ocrx_word' id='word_1_725' title='bbox 1748 5374 1813 5426; x_wconf 88' lang='grc' dir='ltr'><strong>ἐκ</strong></span> 
     </span>
    </p>
   </div>
   <div class='ocr_carea' id='block_1_104' title="bbox 307 5531 1504 5601">
    <p class='ocr_par' dir='ltr' id='par_1_104' title="bbox 307 5531 1504 5601">
     <span class='ocr_line' id='line_1_104' title="bbox 307 5531 1504 5601; baseline 0.003 -13"><span class='ocrx_word' id='word_1_726' title='bbox 307 5533 352 5566; x_wconf 78' lang='grc'><strong>⁸³</strong></span> <span class='ocrx_word' id='word_1_727' title='bbox 377 5532 519 5588; x_wconf 87' lang='lat' dir='ltr'><strong>Luc.</strong></span> <span class='ocrx_word' id='word_1_728' title='bbox 551 5548 655 5598; x_wconf 81' lang='lat' dir='ltr'><strong>vn,</strong></span> <span class='ocrx_word' id='word_1_729' title='bbox 692 5531 781 5597; x_wconf 72' lang='lat' dir='ltr'><strong>ﬂ,</strong></span> <span class='ocrx_word' id='word_1_730' title='bbox 810 5531 897 5587; x_wconf 69' lang='grc'><strong>42.</strong></span> <span class='ocrx_word' id='word_1_731' title='bbox 974 5533 1019 5564; x_wconf 74' lang='grc'>³⁸</span> <span class='ocrx_word' id='word_1_732' title='bbox 1048 5532 1323 5601; x_wconf 76' lang='lat' dir='ltr'><strong>Matth.vr,</strong></span> <span class='ocrx_word' id='word_1_733' title='bbox 1352 5535 1504 5593; x_wconf 73' lang='lat'><strong>9-15.</strong></span> 
     </span>
    </p>
   </div>
   <div class='ocr_carea' id='block_1_105' title="bbox 1922 4463 3496 4538">
    <p class='ocr_par' dir='ltr' id='par_1_105' title="bbox 1922 4463 3496 4538">
     <span class='ocr_line' id='line_1_105' title="bbox 1922 4463 3496 4538; baseline -0.004 -13"><span class='ocrx_word' id='word_1_734' title='bbox 1922 4471 2104 4525; x_wconf 85' lang='lat' dir='ltr'><strong>animo</strong></span> <span class='ocrx_word' id='word_1_735' title='bbox 2133 4483 2164 4522; x_wconf 93' lang='lat' dir='ltr'><strong>a</strong></span> <span class='ocrx_word' id='word_1_736' title='bbox 2184 4466 2387 4538; x_wconf 85' lang='lat' dir='ltr'><strong>pietate</strong></span> <span class='ocrx_word' id='word_1_737' title='bbox 2412 4480 2640 4536; x_wconf 86' lang='lat' dir='ltr'><strong>prorsus</strong></span> <span class='ocrx_word' id='word_1_738' title='bbox 2680 4464 2880 4529; x_wconf 88' lang='lat' dir='ltr'><strong>alieno,</strong></span> <span class='ocrx_word' id='word_1_739' title='bbox 2914 4463 3076 4519; x_wconf 91' lang='lat' dir='ltr'><strong>nobis</strong></span> <span class='ocrx_word' id='word_1_740' title='bbox 3125 4463 3371 4519; x_wconf 91' lang='lat' dir='ltr'><strong>dolorem</strong></span> <span class='ocrx_word' id='word_1_741' title='bbox 3409 4465 3496 4519; x_wconf 87' lang='lat' dir='ltr'><strong>in-</strong></span> 
     </span>
    </p>
   </div>
   <div class='ocr_carea' id='block_1_106' title="bbox 1920 4554 3493 4626">
    <p class='ocr_par' dir='ltr' id='par_1_106' title="bbox 1920 4554 3493 4626">
     <span class='ocr_line' id='line_1_106' title="bbox 1920 4554 3493 4626; baseline -0.004 -10"><span class='ocrx_word' id='word_1_742' title='bbox 1920 4576 2082 4616; x_wconf 87' lang='lat' dir='ltr'><strong>urere</strong></span> <span class='ocrx_word' id='word_1_743' title='bbox 2100 4565 2315 4615; x_wconf 88' lang='lat' dir='ltr'><strong>curent.</strong></span> <span class='ocrx_word' id='word_1_744' title='bbox 2332 4557 2513 4611; x_wconf 81' lang='lat' dir='ltr'><strong>Habes</strong></span> <span class='ocrx_word' id='word_1_745' title='bbox 2534 4556 2697 4626; x_wconf 85' lang='lat' dir='ltr'><strong>hujus</strong></span> <span class='ocrx_word' id='word_1_746' title='bbox 2719 4570 2937 4625; x_wconf 89' lang='lat' dir='ltr'><strong>quoque</strong></span> <span class='ocrx_word' id='word_1_747' title='bbox 2950 4555 3029 4611; x_wconf 90' lang='lat' dir='ltr'><strong>rei</strong></span> <span class='ocrx_word' id='word_1_748' title='bbox 3050 4554 3276 4625; x_wconf 88' lang='lat' dir='ltr'><strong>ﬁguram</strong></span> <span class='ocrx_word' id='word_1_749' title='bbox 3299 4555 3354 4609; x_wconf 93' lang='lat' dir='ltr'><strong>in</strong></span> <span class='ocrx_word' id='word_1_750' title='bbox 3376 4554 3493 4609; x_wconf 80' lang='lat' dir='ltr'><strong>Nu-</strong></span> 
     </span>
    </p>
   </div>
   <div class='ocr_carea' id='block_1_107' title="bbox 1920 4643 3494 4717">
    <p class='ocr_par' dir='ltr' id='par_1_107' title="bbox 1920 4643 3494 4717">
     <span class='ocr_line' id='line_1_107' title="bbox 1920 4643 3494 4717; baseline -0.003 -12"><span class='ocrx_word' id='word_1_751' title='bbox 1920 4651 2118 4705; x_wconf 89' lang='lat' dir='ltr'><strong>meris:</strong></span> <span class='ocrx_word' id='word_1_752' title='bbox 2149 4668 2166 4700; x_wconf 81' lang='grc' dir='ltr'><strong>ι</strong></span> <span class='ocrx_word' id='word_1_753' title='bbox 2188 4649 2257 4704; x_wconf 88' lang='lat' dir='ltr'><strong>Et</strong></span> <span class='ocrx_word' id='word_1_754' title='bbox 2293 4646 2475 4713; x_wconf 88' lang='lat' dir='ltr'><strong>misit,</strong></span> <span class='ocrx_word' id='word_1_755' title='bbox 2504 4646 2701 4716; x_wconf 89' lang='lat' dir='ltr'><strong>inquit,</strong></span> <span class='ocrx_word' id='word_1_756' title='bbox 2746 4646 2955 4717; x_wconf 79' lang='lat' dir='ltr'><strong>Moyses</strong></span> <span class='ocrx_word' id='word_1_757' title='bbox 2975 4644 3201 4699; x_wconf 89' lang='lat' dir='ltr'><strong>nuntios</strong></span> <span class='ocrx_word' id='word_1_758' title='bbox 3226 4660 3294 4699; x_wconf 87' lang='lat' dir='ltr'><strong>ex</strong></span> <span class='ocrx_word' id='word_1_759' title='bbox 3316 4643 3494 4701; x_wconf 82' lang='lat' dir='ltr'><strong>Gades</strong></span> 
     </span>
    </p>
   </div>
   <div class='ocr_carea' id='block_1_108' title="bbox 1920 4735 3495 4812">
    <p class='ocr_par' dir='ltr' id='par_1_108' title="bbox 1920 4735 3495 4812">
     <span class='ocr_line' id='line_1_108' title="bbox 1920 4735 3495 4812; baseline -0.002 -15"><span class='ocrx_word' id='word_1_760' title='bbox 1920 4742 1989 4797; x_wconf 89' lang='lat' dir='ltr'><strong>ad</strong></span> <span class='ocrx_word' id='word_1_761' title='bbox 2028 4756 2211 4812; x_wconf 89' lang='lat' dir='ltr'><strong>regem</strong></span> <span class='ocrx_word' id='word_1_762' title='bbox 2258 4740 2453 4805; x_wconf 85' lang='lat' dir='ltr'><strong>Edom,</strong></span> <span class='ocrx_word' id='word_1_763' title='bbox 2505 4739 2695 4795; x_wconf 90' lang='lat' dir='ltr'><strong>dicens</strong></span> <span class='ocrx_word' id='word_1_764' title='bbox 2742 4756 2756 4792; x_wconf 93' lang='lat'><strong>:</strong></span> <span class='ocrx_word' id='word_1_765' title='bbox 2804 4739 2929 4795; x_wconf 53' lang='lat' dir='ltr'><strong>Hac</strong></span> <span class='ocrx_word' id='word_1_766' title='bbox 2970 4736 3105 4793; x_wconf 90' lang='lat' dir='ltr'><strong>dicit</strong></span> <span class='ocrx_word' id='word_1_767' title='bbox 3146 4735 3314 4791; x_wconf 88' lang='lat' dir='ltr'><strong>frater</strong></span> <span class='ocrx_word' id='word_1_768' title='bbox 3361 4744 3495 4794; x_wconf 85' lang='lat' dir='ltr'><strong>tuus</strong></span> 
     </span>
    </p>
   </div>
   <div class='ocr_carea' id='block_1_109' title="bbox 1917 4828 3489 4899">
    <p class='ocr_par' dir='ltr' id='par_1_109' title="bbox 1917 4828 3489 4899">
     <span class='ocr_line' id='line_1_109' title="bbox 1917 4828 3489 4899; baseline -0.003 -10"><span class='ocrx_word' id='word_1_769' title='bbox 1917 4834 2084 4890; x_wconf 86' lang='lat' dir='ltr'><strong>Israel</strong></span> <span class='ocrx_word' id='word_1_770' title='bbox 2120 4833 2240 4887; x_wconf 89' lang='lat' dir='ltr'><strong>:Tu</strong></span> <span class='ocrx_word' id='word_1_771' title='bbox 2265 4834 2374 4888; x_wconf 90' lang='lat' dir='ltr'><strong>scis</strong></span> <span class='ocrx_word' id='word_1_772' title='bbox 2413 4848 2633 4889; x_wconf 91' lang='lat' dir='ltr'><strong>omnem</strong></span> <span class='ocrx_word' id='word_1_773' title='bbox 2677 4832 2944 4896; x_wconf 89' lang='lat' dir='ltr'><strong>laborem,</strong></span> <span class='ocrx_word' id='word_1_774' title='bbox 2994 4829 3089 4899; x_wconf 88' lang='lat' dir='ltr'><strong>qui</strong></span> <span class='ocrx_word' id='word_1_775' title='bbox 3121 4828 3331 4883; x_wconf 88' lang='lat' dir='ltr'><strong>invenit</strong></span> <span class='ocrx_word' id='word_1_776' title='bbox 3352 4843 3489 4899; x_wconf 87' lang='lat' dir='ltr'><strong>nos;</strong></span> 
     </span>
    </p>
   </div>
   <div class='ocr_carea' id='block_1_110' title="bbox 1915 4922 3491 4995">
    <p class='ocr_par' dir='ltr' id='par_1_110' title="bbox 1915 4922 3491 4995">
     <span class='ocr_line' id='line_1_110' title="bbox 1915 4922 3491 4995; baseline -0.001 -15"><span class='ocrx_word' id='word_1_777' title='bbox 1915 4933 1974 4980; x_wconf 90' lang='lat' dir='ltr'><strong>et</strong></span> <span class='ocrx_word' id='word_1_778' title='bbox 1995 4925 2397 4980; x_wconf 87' lang='lat' dir='ltr'><strong>descenderunt</strong></span> <span class='ocrx_word' id='word_1_779' title='bbox 2420 4934 2605 4995; x_wconf 89' lang='lat' dir='ltr'><strong>patres</strong></span> <span class='ocrx_word' id='word_1_780' title='bbox 2624 4925 2798 4982; x_wconf 89' lang='lat' dir='ltr'><strong>nostri</strong></span> <span class='ocrx_word' id='word_1_781' title='bbox 2821 4925 2875 4980; x_wconf 93' lang='lat' dir='ltr'><strong>in</strong></span> <span class='ocrx_word' id='word_1_782' title='bbox 2892 4923 3210 4995; x_wconf 64' lang='lat' dir='ltr'><strong>Egyptum,</strong></span> <span class='ocrx_word' id='word_1_783' title='bbox 3243 4932 3300 4977; x_wconf 86' lang='lat' dir='ltr'><strong>et</strong></span> <span class='ocrx_word' id='word_1_784' title='bbox 3320 4922 3491 4978; x_wconf 84' lang='lat' dir='ltr'><strong>adve-</strong></span> 
     </span>
    </p>
   </div>
   <div class='ocr_carea' id='block_1_111' title="bbox 1919 5012 3493 5089">
    <p class='ocr_par' dir='ltr' id='par_1_111' title="bbox 1919 5012 3493 5089">
     <span class='ocr_line' id='line_1_111' title="bbox 1919 5012 3493 5089; baseline -0.001 -18"><span class='ocrx_word' id='word_1_785' title='bbox 1919 5032 2004 5071; x_wconf 69' lang='lat' dir='ltr'><strong>nae</strong></span> <span class='ocrx_word' id='word_1_786' title='bbox 2025 5015 2231 5070; x_wconf 89' lang='lat' dir='ltr'><strong>fuimus</strong></span> <span class='ocrx_word' id='word_1_787' title='bbox 2256 5015 2312 5070; x_wconf 92' lang='lat' dir='ltr'><strong>in</strong></span> <span class='ocrx_word' id='word_1_788' title='bbox 2336 5015 2564 5089; x_wconf 66' lang='lat' dir='ltr'><strong>Egypto</strong></span> <span class='ocrx_word' id='word_1_789' title='bbox 2588 5016 2708 5073; x_wconf 90' lang='lat' dir='ltr'><strong>dies</strong></span> <span class='ocrx_word' id='word_1_790' title='bbox 2735 5015 3077 5085; x_wconf 89' lang='lat' dir='ltr'><strong>complures;</strong></span> <span class='ocrx_word' id='word_1_791' title='bbox 3108 5022 3165 5068; x_wconf 88' lang='lat' dir='ltr'><strong>et</strong></span> <span class='ocrx_word' id='word_1_792' title='bbox 3184 5012 3493 5070; x_wconf 79' lang='lat' dir='ltr'><strong>afﬂixerunt</strong></span> 
     </span>
    </p>
   </div>
   <div class='ocr_carea' id='block_1_112' title="bbox 1921 5105 3490 5179">
    <p class='ocr_par' dir='ltr' id='par_1_112' title="bbox 1921 5105 3490 5179">
     <span class='ocr_line' id='line_1_112' title="bbox 1921 5105 3490 5179; baseline -0.002 -15"><span class='ocrx_word' id='word_1_793' title='bbox 1921 5125 2023 5164; x_wconf 90' lang='lat' dir='ltr'><strong>nos</strong></span> <span class='ocrx_word' id='word_1_794' title='bbox 2057 5108 2316 5179; x_wconf 65' lang='lat' dir='ltr'><strong>Egyptii,</strong></span> <span class='ocrx_word' id='word_1_795' title='bbox 2358 5116 2415 5163; x_wconf 90' lang='lat' dir='ltr'><strong>et</strong></span> <span class='ocrx_word' id='word_1_796' title='bbox 2446 5117 2631 5178; x_wconf 86' lang='lat' dir='ltr'><strong>patres</strong></span> <span class='ocrx_word' id='word_1_797' title='bbox 2672 5115 2891 5163; x_wconf 92' lang='lat' dir='ltr'><strong>nostros</strong></span> <span class='ocrx_word' id='word_1_798' title='bbox 2919 5123 2932 5158; x_wconf 91' lang='lat'>:</span> <span class='ocrx_word' id='word_1_799' title='bbox 2958 5115 3015 5161; x_wconf 92' lang='lat' dir='ltr'><strong>et</strong></span> <span class='ocrx_word' id='word_1_800' title='bbox 3041 5105 3396 5161; x_wconf 84' lang='lat' dir='ltr'><strong>clamavimus</strong></span> <span class='ocrx_word' id='word_1_801' title='bbox 3419 5105 3490 5162; x_wconf 77' lang='lat' dir='ltr'><strong>ad</strong></span> 
     </span>
    </p>
   </div>
   <div class='ocr_carea' id='block_1_113' title="bbox 1921 5184 3492 5266">
    <p class='ocr_par' dir='ltr' id='par_1_113' title="bbox 1921 5184 3492 5266">
     <span class='ocr_line' id='line_1_113' title="bbox 1921 5184 3492 5266; baseline -0.004 -9"><span class='ocrx_word' id='word_1_802' title='bbox 1921 5202 2234 5266; x_wconf 85' lang='lat' dir='ltr'><strong>Dominum,</strong></span> <span class='ocrx_word' id='word_1_803' title='bbox 2258 5207 2315 5256; x_wconf 90' lang='lat' dir='ltr'><strong>et</strong></span> <span class='ocrx_word' id='word_1_804' title='bbox 2335 5184 2614 5255; x_wconf 75' lang='lat' dir='ltr'><strong>exaudivit</strong></span> <span class='ocrx_word' id='word_1_805' title='bbox 2636 5199 2902 5255; x_wconf 87' lang='lat' dir='ltr'><strong>Dominus</strong></span> <span class='ocrx_word' id='word_1_806' title='bbox 2928 5213 3119 5253; x_wconf 88' lang='lat' dir='ltr'><strong>vocem</strong></span> <span class='ocrx_word' id='word_1_807' title='bbox 3145 5204 3409 5263; x_wconf 83' lang='lat' dir='ltr'><strong>nostram,</strong></span> <span class='ocrx_word' id='word_1_808' title='bbox 3432 5204 3492 5252; x_wconf 90' lang='lat' dir='ltr'><strong>et</strong></span> 
     </span>
    </p>
   </div>
   <div class='ocr_carea' id='block_1_114' title="bbox 1921 5286 3489 5362">
    <p class='ocr_par' dir='ltr' id='par_1_114' title="bbox 1921 5286 3489 5362">
     <span class='ocr_line' id='line_1_114' title="bbox 1921 5286 3489 5362; baseline -0.003 -16"><span class='ocrx_word' id='word_1_809' title='bbox 1921 5293 2146 5348; x_wconf 90' lang='lat' dir='ltr'><strong>mittens</strong></span> <span class='ocrx_word' id='word_1_810' title='bbox 2170 5292 2442 5362; x_wconf 86' lang='lat' dir='ltr'><strong>angelum,</strong></span> <span class='ocrx_word' id='word_1_811' title='bbox 2486 5289 2677 5345; x_wconf 84' lang='lat' dir='ltr'><strong>eduxit</strong></span> <span class='ocrx_word' id='word_1_812' title='bbox 2713 5304 2814 5345; x_wconf 91' lang='lat' dir='ltr'><strong>nos</strong></span> <span class='ocrx_word' id='word_1_813' title='bbox 2860 5305 2929 5345; x_wconf 84' lang='lat' dir='ltr'><strong>ex</strong></span> <span class='ocrx_word' id='word_1_814' title='bbox 2975 5287 3225 5360; x_wconf 69' lang='lat' dir='ltr'><strong>Egypto.</strong></span> <span class='ocrx_word' id='word_1_815' title='bbox 3252 5286 3319 5341; x_wconf 88' lang='lat' dir='ltr'><strong>Et</strong></span> <span class='ocrx_word' id='word_1_816' title='bbox 3340 5301 3489 5341; x_wconf 83' lang='lat' dir='ltr'><strong>nunc</strong></span> 
     </span>
    </p>
   </div>
   <div class='ocr_carea' id='block_1_115' title="bbox 1921 5377 3483 5449">
    <p class='ocr_par' dir='ltr' id='par_1_115' title="bbox 1921 5377 3483 5449">
     <span class='ocr_line' id='line_1_115' title="bbox 1921 5377 3483 5449; baseline -0.004 -14"><span class='ocrx_word' id='word_1_817' title='bbox 1921 5395 2113 5435; x_wconf 89' lang='lat' dir='ltr'><strong>sumus</strong></span> <span class='ocrx_word' id='word_1_818' title='bbox 2134 5378 2191 5433; x_wconf 88' lang='lat' dir='ltr'><strong>in</strong></span> <span class='ocrx_word' id='word_1_819' title='bbox 2214 5379 2435 5433; x_wconf 88' lang='lat' dir='ltr'><strong>civitate</strong></span> <span class='ocrx_word' id='word_1_820' title='bbox 2452 5377 2627 5435; x_wconf 84' lang='lat' dir='ltr'><strong>Gades</strong></span> <span class='ocrx_word' id='word_1_821' title='bbox 2649 5393 2716 5434; x_wconf 83' lang='lat' dir='ltr'><strong>ex</strong></span> <span class='ocrx_word' id='word_1_822' title='bbox 2737 5387 2893 5449; x_wconf 88' lang='lat' dir='ltr'><strong>parte</strong></span> <span class='ocrx_word' id='word_1_823' title='bbox 2909 5377 3203 5437; x_wconf 88' lang='lat' dir='ltr'><strong>conﬁnium</strong></span> <span class='ocrx_word' id='word_1_824' title='bbox 3228 5382 3483 5429; x_wconf 88' lang='lat' dir='ltr'><strong>tuorum:</strong></span> 
     </span>
    </p>
   </div>
   <div class='ocr_carea' id='block_1_116' title="bbox 300 5670 1827 5747">
    <p class='ocr_par' dir='ltr' id='par_1_116' title="bbox 300 5670 1816 5747">
     <span class='ocr_line' id='line_1_116' title="bbox 300 5670 1816 5747; baseline -0.005 -14"><span class='ocrx_word' id='word_1_825' title='bbox 300 5674 380 5747; x_wconf 80' lang='grc' dir='ltr'><strong>(Ι)</strong></span> <span class='ocrx_word' id='word_1_826' title='bbox 407 5675 552 5734; x_wconf 85' lang='lat' dir='ltr'><strong>Cod.</strong></span> <span class='ocrx_word' id='word_1_827' title='bbox 578 5671 785 5738; x_wconf 77' lang='lat' dir='ltr'><strong>Vatic.,</strong></span> <span class='ocrx_word' id='word_1_828' title='bbox 818 5671 1231 5728; x_wconf 81' lang='grc' dir='ltr'>κατακολουθεῖν</span> <span class='ocrx_word' id='word_1_829' title='bbox 1256 5671 1312 5729; x_wconf 85' lang='grc' dir='ltr'>δὲ</span> <span class='ocrx_word' id='word_1_830' title='bbox 1340 5672 1480 5727; x_wconf 71' lang='grc' dir='ltr'>οὕτω</span> <span class='ocrx_word' id='word_1_831' title='bbox 1506 5674 1597 5728; x_wconf 71' lang='grc' dir='ltr'><strong>καί</strong></span> <span class='ocrx_word' id='word_1_832' title='bbox 1634 5670 1816 5746; x_wconf 77' lang='grc' dir='ltr'>φέρειν</span> 
     </span>
    </p>
   </div>
   <div class='ocr_carea' id='block_1_117' title="bbox 1932 5670 3006 5747">
    <p class='ocr_par' dir='ltr' id='par_1_117' title="bbox 1932 5670 3006 5745">
     <span class='ocr_line' id='line_1_117' title="bbox 1932 5670 3006 5745; baseline 0.001 -18"><span class='ocrx_word' id='word_1_833' title='bbox 1932 5673 2054 5739; x_wconf 68' lang='grc' dir='ltr'><strong>ςὶπ’</strong></span> <span class='ocrx_word' id='word_1_834' title='bbox 2092 5672 2275 5739; x_wconf 79' lang='grc' dir='ltr'>αὐτοῖς</span> <span class='ocrx_word' id='word_1_835' title='bbox 2295 5670 2611 5745; x_wconf 81' lang='grc' dir='ltr'>δυσθυμίας,</span> <span class='ocrx_word' id='word_1_836' title='bbox 2643 5671 2718 5739; x_wconf 85' lang='grc' dir='ltr'>ὡς</span> <span class='ocrx_word' id='word_1_837' title='bbox 2753 5672 2865 5743; x_wconf 86' lang='grc' dir='ltr'>καί,</span> <span class='ocrx_word' id='word_1_838' title='bbox 2898 5680 3006 5735; x_wconf 72' lang='lat' dir='ltr'><strong>etc.</strong></span> 
     </span>
    </p>
   </div>
  </div>
