3962 6296
489 266 587 323 571

1518 250 1572 326 ἒ.
1612 269 1893 327 CYRILLI
1928 268 2400 325 ALEXANDRINI
2436 270 2747 327 ARCHIEP.

3645 276 3745 333 572

491 384 846 440 transibimus
868 398 967 452 per
1008 391 1205 438 terram
1240 390 1410 448 tuam,
1450 398 1558 438 non
1591 386 1946 441 transibimus
1967 400 2051 456 pel

2170 385 2366 454 μέρους
2396 385 2502 436 τῶν
2534 385 2696 457 ὁρίων
2736 400 2849 437 σου.
2892 383 3352 452 Παρελευσόμεθα
3391 383 3480 436 διὰ
3512 385 3611 456 τῆς
3640 391 3744 458 γῆς

486 490 646 544 agros
668 482 811 538 tuos,
837 487 1017 543 neque
1041 473 1294 529 bibemus
1330 489 1522 544 aquam
1550 474 1618 529 de
1651 476 1906 531 cisternis
1928 476 2057 541 tuis,

484 568 572 622 via
596 567 744 636 regia
769 566 1101 637 gradiemur,
1125 583 1237 622 non
1253 567 1650 622 declinabimus
1669 567 1737 621 ad
1758 568 2058 635 dexteram,

484 674 661 728 neque
680 658 747 712 ad
768 658 1067 723 sinistram,
1100 674 1384 728 quousque
1418 660 1848 728 prreterierimus
1869 659 2060 713 termi-

482 765 585 805 nos
611 758 751 805 tuos.
778 751 845 805 Et
867 750 1005 805 dixit
1031 749 1098 804 ad
1135 764 1262 803 eum
1299 749 1469 803 Edom
1500 749 1656 803 :Non
1701 748 2060 819 pertransibis

484 857 583 912 per
603 841 951 911 me;alioqui
979 842 1033 895 in
1071 839 1217 894 bello
1259 839 1420 894 exibo
1468 839 1523 893 in
1568 853 1857 893 occursum
1882 845 2056 892 tuum.

485 933 763 987 Etdicunt
785 935 836 989 ei
863 933 959 987 filii
993 934 1157 993 Israel
1202 951 1216 986 :
1261 932 1436 1002 Pro'pc
1475 940 1717 987 montem
1748 931 2058 1002 praeteribi-

482 1037 636 1086 mus;
664 1022 811 1090 quod
835 1022 880 1076 si
908 1038 974 1076 ex
998 1038 1139 1091 aqua
1162 1030 1254 1076 tua
1278 1022 1585 1077 biberimus
1609 1037 1709 1091 ego
1739 1030 1795 1075 et
1811 1023 2057 1090 iumenta

481 1125 622 1173 mea,
655 1110 908 1164 dabimus
932 1110 1170 1179 pretium
1198 1108 1332 1176 tibi;
1369 1110 1464 1164 sed
1493 1126 1581 1165 res
1615 1109 1772 1180 parvi
1793 1109 2056 1163 momenti

479 1211 589 1266 est;
609 1216 776 1271 prope
801 1209 1039 1254 montem
1062 1200 1535 1272 pertransibimus.
1550 1201 1642 1256 Ille
1668 1215 1799 1255 vero
1819 1199 2054 1255 ait:Non

480 1291 840 1360 pertransibis
872 1307 971 1361 per
1008 1306 1115 1345 me.
1166 1292 1233 1345 Et
1259 1292 1392 1346 exiit
1423 1292 1597 1346 Edom
1645 1292 1702 1345 in
1759 1291 1922 1362 276
1959 1306 2055 1346 oc—

480 1389 703 1434 carsum
728 1380 807 1434 illi
846 1379 903 1433 in
943 1379 1293 1434 multitudine
1318 1381 1489 1451 gravi,
1519 1388 1575 1435 et
1617 1381 1673 1435 in
1703 1396 1867 1434 manu
1895 1379 2050 1447 forti;

479 1477 535 1522 et
561 1469 736 1523 noluit
768 1469 939 1523 Edom
984 1469 1301 1536 permittere
1342 1469 1552 1535 Israeli,
1603 1475 1661 1523 ut
1693 1468 2055 1538 pertransiret

480 1573 577 1626 per
602 1560 867 1615 terminos
910 1576 1073 1625 suos;
1113 1572 1169 1615 et
1213 1559 1509 1615 declinavit
1535 1560 1703 1614 Israel
1739 1559 1809 1614 ab
1830 1574 1898 1614 eo
1927 1559 1993 1612 ³⁷.
2026 1577 2044 1609 ι

479 1650 649 1706 Audis
678 1667 791 1717 eos,
818 1655 911 1723 qui
941 1654 1007 1709 de
1033 1670 1234 1726 genere
1265 1662 1422 1708 erant
1450 1650 1639 1719 Israel,
1664 1652 1733 1706 iis
1770 1651 2049 1716 aerumnis,

2171 491 2284 538 σου,
2313 476 2373 528 οὐ
2399 476 2787 547 διελευσόμεθα
2817 474 2881 528 δι’
2909 475 3116 547 ἀγρῶν,
3138 475 3261 528 οὐδὲ
3290 475 3359 528 δι’
3384 476 3742 547 ἀμπελώνων,

2166 567 2287 619 οὐδὲ
2339 567 2575 638 πιόμεθα
2624 567 2769 637 ὕδωρ
2823 568 2887 620 ἐκ
2935 566 3139 619 λάκκου
3182 582 3306 631 σου,
3346 566 3449 635 ὁδῷ
3491 565 3740 638 βασιλικῇ

2167 657 2570 729 πορευσόμεθα,
2601 658 2700 710 οὐκ
2740 656 3096 726 ἐκκλινοῦμεν
3137 655 3291 722 δεξιά
3320 655 3439 708 οὐδὲ
3465 654 3737 726 εὐώνυμα,

2165 745 2270 809 ἕως
2298 748 2362 801 ἂν
2393 747 2751 818 παρέλθωμεν
2782 745 2851 800 τὰ
2881 747 3008 818 ὄριά
3038 764 3150 800 σου.
3187 748 3296 800 Καὶ
3324 743 3445 800 εἷπε
3476 748 3613 817 πρὸς
3646 749 3740 801 αὐ-

2165 836 2255 889 τὸν
2291 837 2498 909 Ἐὂώμ·
2528 839 2603 891 Οὐ
2639 836 2883 910 διελεύσῃ
2906 837 2971 891 δι’
3006 836 3164 908 ἐμοῦ,
3196 840 3244 890 εί
3277 837 3333 891 δὲ
3366 839 3461 908 μὴ,
3497 840 3555 891 ἐν
3584 838 3739 891 πολέ-

2168 945 2253 998 μῳ
2293 928 2642 1000 ἐξελεύσομαι
2691 932 2770 993 είς
2817 929 3142 999 συνάντησίν
3182 947 3283 983 σοι.
3335 929 3445 982 Ka't
3492 929 3736 998 λέγουσιν

2164 1019 2312 1090 αὐτῷ
2340 1021 2389 1072 οἱ
2415 1021 2520 1073 υἱοὶ
2559 1021 2775 1090 Ἰσραήλ
2794 1037 2806 1049 ·
2839 1019 2998 1090 Παρὰ
3024 1019 3084 1072 τὸ
3109 1019 3233 1089 ὅρος
3258 1019 3730 1091 παρελευσόμεθα·

2163 1108 2258 1161 ἐὰν
2289 1108 2343 1161 δὲ
2374 1108 2467 1162 τοῦ
2498 1108 2686 1171 ὕδατός
2719 1125 2810 1160 σου
2842 1108 3055 1177 πίωμεν
3082 1108 3194 1176 ἐγώ
3239 1125 3299 1160 τε
3331 1109 3423 1160 καὶ
3456 1108 3525 1161 τὰ
3560 1108 3729 1178 κτήνη

2166 1215 2288 1267 μου,
2316 1197 2471 1251 δώσω
2515 1199 2681 1269 τιμήν
2710 1214 2792 1251 σοι
2812 1213 2826 1229 ο
2871 1197 3033 1251 Ἀλλά
3061 1198 3123 1251 τὸ
3153 1199 3383 1269 πρᾶγμα
3412 1198 3563 1251 οὐδέν
3591 1201 3726 1265 ἐστι,

2161 1290 2311 1353 παρά
2354 1290 2414 1343 τὸ
2463 1289 2589 1359 ὅρος
2640 1288 3105 1360 παρελευσόμεθα.
3145 1289 3203 1342 '0
3236 1288 3292 1342 δὲ
3325 1285 3510 1343 εἶπεν
3537 1288 3612 1343 Οὐ
3649 1289 3727 1342 δι-

2160 1380 2354 1451 ελεύσῃ
2398 1379 2464 1433 δι’
2507 1378 2663 1451 ἐμοῦ.
2699 1381 2809 1433 Kal.
2836 1379 3055 1451 ἐξῆλθεν
3099 1378 3275 1450 Ἐδὼμ
3298 1381 3379 1443 είς
3405 1379 3727 1450 συνάντησιν

2159 1470 2305 1540 αὐτῷ
2337 1473 2394 1525 ἐν
2434 1469 2574 1540 ὄχλῳ
2618 1469 2790 1541 βαρεῖ,
2821 1470 2913 1523 καὶ
2948 1471 3005 1523 ἐν
3033 1472 3178 1541 χειρὶ
3223 1470 3441 1541 ἰσχυρᾷ.
3482 1469 3593 1522 Καὶ
3626 1470 3727 1522 οὐκ

2156 1562 2421 1633 ⁴Ινλθέλησεν
2475 1561 2654 1632 Ἐδὼμ
2693 1559 2874 1616 δοῦναι
2913 1562 2993 1633 τῷ
3047 1561 3264 1632 Ἰσραὴλ
3308 1559 3595 1632 παρελθεῖν
3638 1559 3727 1613 διὰ

2158 1654 2262 1708 τῶν
2286 1654 2448 1726 ὁρίων
2479 1653 2662 1721 αὐτοῦ,
2693 1654 2786 1706 καὶ
2813 1654 3082 1720 ἐξέκλινεν
3121 1652 3337 1725 Ἰσραὴλ
3362 1651 3455 1704 ἀπ’
3485 1650 3667 1703 αὑτοῦ.
3701 1668 3721 1701 ι

479 1759 614 1813 quas
637 1744 691 1798 in
712 1745 943 1817 IEgypto
970 1749 1327 1817 pertulerant,
1356 1748 1663 1815 opportune
1695 1742 2051 1808 enumeratis,

2171 1746 2414 1809 Ἀκούεις
2441 1747 2621 1812 ὅπως,
2654 1747 2704 1800 οἱ
2741 1747 2838 1816 μὲν
2869 1747 2934 1811 ἐξ
2970 1747 3200 1818 αἵματος
3252 1745 3496 1818 Ἰσραὴλ,
3537 1744 3635 1809 τὰς
3668 1746 3727 1798 ἐν

478 1839 534 1884 et
558 1833 780 1902 superbi
812 1835 959 1890 illius
984 1836 1296 1891 dominatus
1338 1834 1517 1889 modis
1551 1833 1868 1903 frequenter
1890 1842 2055 1904 atque

478 1930 605 1992 apte
630 1927 1093 1990 commemoratis,
1121 1925 1469 1990 beneficium,
1507 1924 1651 1994 quod
1682 1924 1818 1979 nihil
1845 1924 2057 1980 incom-

479 2011 625 2065 modi
659 2013 900 2077 afferrct,
933 2024 1150 2085 petere;
1191 2014 1586 2085 propemodum
1610 2022 1894 2085 cognatam
1921 2030 2055 2085 gen-

478 2109 588 2155 tem
633 2105 954 2174 adjutricem
1003 2106 1105 2161 sibi
1172 2096 1469 2177 adjungere
1518 2106 1806 2161 studentes
1876 2106 2056 2176 (erant

475 2193 622 2247 enim
647 2209 711 2249 ex
736 2195 877 2250 Esau
919 2196 1085 2252 fratre
1109 2198 1329 2269 Iacob);
1375 2197 1469 2252 sed
1493 2214 1631 2267 quos
1656 2198 1723 2252 ad
1746 2198 2058 2253 misericor-

477 2285 621 2345 diam
647 2303 839 2343 eorum
866 2277 1198 2346 commoveri
1222 2306 1440 2361 aequum
1472 2290 1670 2355 fuerat,
1711 2298 1767 2345 et
1797 2291 1905 2346 illis
1926 2306 2054 2361 per-

477 2378 716 2445 mittere,
743 2389 889 2436 utea
922 2381 1184 2451 facercnt,
1222 2400 1344 2453 qua:
1380 2383 1484 2438 sibi
1511 2383 1667 2438 utilia
1690 2393 1747 2438 et
1769 2383 2054 2438 commoda

474 2474 594 2525 cisse
620 2473 847 2539 scirent,
880 2490 977 2529 eos
1000 2476 1168 2530 duros
1190 2475 1360 2530 fuisse
1403 2483 1460 2530 et
1494 2490 1736 2545 asperos,
1761 2485 1817 2531 et
1847 2492 1877 2530 a
1900 2492 2052 2530 com-

475 2565 827 2621 miseratione
876 2569 1104 2633 alicnos,
1134 2571 1378 2639 ipsarum
1403 2585 1586 2624 rerum
1613 2570 1793 2625 exitus
1806 2584 2055 2639 compro-

475 2652 626 2707 bavit
656 2671 668 2706 :
695 2656 985 2725 prohibent
1012 2659 1158 2713 enim
1184 2674 1279 2714 eos
1302 2676 1334 2715 a
1359 2661 1471 2723 via,
1491 2661 1739 2731 quamvis
1758 2662 1850 2717 ille
1874 2678 2052 2732 popu-

476 2746 562 2799 lus
585 2753 769 2814 apcrte
795 2747 1024 2815 diceret,
1051 2765 1110 2806 se
1154 2767 1337 2821 neque
1374 2751 1571 2818 vineis,
1600 2768 1777 2823 neque
1800 2769 2053 2824 agrorum

475 2836 749 2894 fructibus
792 2855 1022 2910 usquam
1071 2842 1331 2897 damnum
1377 2843 1697 2899 illaturum:
1734 2845 2051 2914 quinetiam

476 2927 649 2999 ipsam
690 2944 908 2999 quoque
956 2948 1153 3003 aquam
1200 2949 1311 2988 non
1335 2934 1453 2989 sine
1491 2936 1669 3005 pretio
1699 2938 2044 3009 hausturum.

474 3016 571 3072 ille
589 3034 741 3087 vero,
768 3020 871 3076 nisi
890 3023 958 3077 ab
979 3023 1064 3088 iis,
1089 3039 1208 3093 qua:
1232 3025 1511 3095 petebant,
1531 3026 1910 3090 abscederent,
1938 3042 2047 3080 non

2156 1836 2418 1908 Αἰγύπτῳ
2460 1837 2831 1909 ταλαιπωρίας
2880 1840 3164 1911 χρησίμως
3216 1837 3724 1909 ἀπαριθμούμενοι,

2156 1927 2252 1982 καὶ
2286 1928 2386 1999 τῆς
2429 1928 2741 1994 πλεονεξίας
2769 1932 2896 1993 τοὺς
2937 1933 3173 2002 τρόπους
3210 1930 3322 1984 ἄνω
3350 1945 3410 1981 τε
3444 1928 3537 1982 καὶ
3575 1928 3727 1982 κάτω

2158 2021 2522 2088 συντιθέντες,
2576 2023 2802 2086 ἀστείως
2838 2023 2936 2092 τὴν
2984 2022 3137 2076 οὐδὲν
3186 2021 3476 2075 ἀδικοῦσαν
3513 2019 3725 2073 αῐτοῦοι

2154 2106 2334 2177 χάριν,
2370 2110 2651 2179 μονονουχὶ
2675 2109 3017 2181 συλλήπτορα
3045 2110 3312 2164 ποιεῖσθαι
3339 2109 3728 2172 σπουδάζοντες

2154 2197 2244 2249 τὸν
2270 2198 2523 2272 ὁμογενῆ·
2547 2202 2640 2255 καὶ
2665 2202 2773 2272 γὰρ
2796 2197 2937 2272 ἦσαν
2959 2201 3020 2266 ἐξ
3052 2202 3223 2256 Ἠσαῦ
3248 2202 3466 2271 ἀδελφοὶ⁵
3505 2199 3724 2254 ’Ῑακώϐο

2155 2288 2204 2340 οί
2256 2287 2312 2341 δὲ
2378 2292 2551 2346 καίτοι
2597 2297 2964 2366 κατοικτεῖραι
3014 2293 3151 2357 δέον,
3229 2294 3439 2364 ὲφεῖναί
3490 2312 3550 2347 τε
3590 2294 3728 2366 δρᾷν

2155 2380 2291 2454 ὅπερ
2327 2383 2393 2437 ἂν
2435 2384 2622 2438 εἰδεῖεν
2648 2387 2925 2457 ,χρήσιμόν
2957 2402 3017 2439 τε
3055 2389 3147 2440 καὶ
3184 2385 3462 2454 ἐπωφελὲς
3504 2385 3728 2450 αὐτῶν,

2156 2474 2381 2546 σκληροί
2406 2493 2464 2529 τε
2486 2477 2575 2529 καὶ
2597 2478 2928 2548 ἀτεράμονες
2956 2478 3050 2531 καὶ
3070 2480 3355 2546 συναλγεῖν
3374 2478 3474 2530 οὐκ
3497 2476 3726 2542 ειδότες,

2152 2562 2221 2617 δι’
2251 2563 2428 2619 αὐτῶν
2451 2565 2736 2635 ἠλέγχοντο
2761 2566 2869 2620 τῶν
2899 2568 3258 2637 πραγμάτωνο
3281 2567 3585 2640 ἐξείργουσι
3609 2567 3731 2639 γὰρ

2151 2655 2273 2709 ὀδοῦ
2294 2697 2309 2719 ,
2365 2654 2540 2709 καίτοι
2580 2656 2827 2725 λέγοντος
2856 2658 3096 2728 ἐναργῶς
3127 2657 3220 2710 τοῦ
3248 2657 3399 2719 λαοῦ,
3450 2658 3586 2727 μήτε
3610 2659 3726 2727 ἀμ-

2152 2746 2353 2800 πελῶσι
2375 2788 2388 2809 ,
2422 2747 2557 2819 μήτε
2589 2747 2774 2817 ἀγρῶν
2823 2749 3146 2820 εὐκαρπίαις
3180 2748 3564 2802 κατασίνεσθαί
3597 2764 3723 2815 ποι,

2151 2838 2286 2892 ἀλλὰ
2329 2839 2422 2891 καὶ
2463 2838 2604 2909 ὕδωρ
2639 2840 2923 2910 ἀντλήσειν
2954 2843 3054 2894 οὐκ
3086 2839 3412 2911 ἀνάργυρον.
3467 2840 3524 2891 '0
3560 2839 3641 2905 δὲ,
3673 2839 3723 2892 εί

2153 2928 2226 2999 μὴ
2260 2927 2530 2997 βούλοιντο
2570 2928 2677 2983 τῶν
2708 2930 3037 3000 αἰτηθέντων
3060 2931 3380 3001 ,ἀποχωρεῖν
3401 2968 3415 2991 ,
3460 2929 3521 2981 οὐ
3553 2944 3725 3000 προσ-

2148 3019 2410 3089 ηπείλησε
2453 3021 2612 3092 μόνον
2648 3019 2749 3092 τὴν
2792 3021 3013 3091 ἔφοδον,
3044 3021 3158 3075 ἀλλ’
3195 3019 3263 3093 ἦν
3298 3022 3391 3074 καὶ
3430 3022 3487 3073 ἐν
3533 3022 3722 3086 ὅπλοις

482 3110 648 3165 modo
674 3127 731 3166 se
752 3128 848 3167 eos
872 3113 1193 3169 invasurum
1219 3117 1583 3171 comminatus
1604 3126 1721 3182 est;
1748 3117 1840 3171 sed
1861 3117 1970 3187 jam
1997 3115 2051 3170 in

2157 3111 2277 3182 ἤδη,
2309 3113 2403 3166 καὶ
2446 3115 2771 3183 πανστρατὶ,
2820 3112 3205 3187 παρετάττετο.
3248 3112 3357 3166 Ka‘t
3395 3111 3448 3164 τί
3488 3112 3550 3183 δὴ
3583 3110 3724 3182 πρὸς

475 3203 643 3258 armis
655 3210 859 3270 erat,et
882 3206 1151 3262 universis
1161 3207 1333 3277 copiis
1353 3209 1586 3272 eductis,
1611 3207 1779 3261 aciem
1798 3207 2055 3262 adversus

475 3311 570 3351 eos
597 3297 921 3353 instruebat.
948 3297 1089 3365 Quid
1112 3312 1278 3370 porro
1301 3300 1369 3355 ad
1396 3300 1511 3355 haec
1533 3299 1739 3355 Israel?
1759 3299 1891 3354 vicit
1913 3300 2055 3355 indi-

477 3389 755 3458 gnationis
799 3390 1302 3460 perturbationem;
1354 3391 1644 3453 declinavit
1669 3392 1817 3446 enim
1841 3391 1909 3446 ab
1936 3392 2049 3460 illo,

474 3479 674 3548 inquit,
700 3482 1107 3535 contentionem
1131 3481 1396 3535 adversus
1422 3480 1622 3536 fratres
1644 3481 1903 3536 nimirum
1927 3498 2051 3537 sus-

476 3571 660 3641 cipere
708 3573 907 3636 vitans,
936 3588 1000 3627 ac
1030 3573 1457 3643 propinquitatis
1494 3574 1670 3641 legem
1713 3590 1927 3630 summa
1954 3592 2049 3645 pa-

479 3662 668 3714 tientia
707 3670 1017 3715 vcneratus.
1048 3664 1131 3715 An
1167 3662 1282 3716 haec
1309 3678 1418 3717 non
1448 3663 1521 3717 ita
1547 3678 1605 3717 se
1629 3663 1831 3718 habere
1859 3665 2050 3734 putas?

547 3750 745 3805 PALL.
773 3751 850 3803 Ita
886 3765 1132 3824 prorsus.

545 3839 701 3895 CYR.
739 3839 909 3907 Igitur
939 3838 1369 3908 indignationem
1399 3841 1721 3908 reprimere,
1747 3850 1803 3895 et
1828 3843 1936 3897 iras
1952 3858 2048 3897 co-

482 3927 697 3991 hibere,
727 3943 790 3982 ac
812 3943 912 3999 pro
935 3929 1361 4000 uniuscujusque
1378 3926 1623 3999 ‘peccatis
1637 3946 1810 4000 poenae
1825 3934 2047 3988 modum

476 4019 760 4081 adhibere,
810 4028 1070 4090 prmterea
1133 4020 1201 4076 de
1262 4036 1592 4090 unoquoque
1642 4031 1791 4077 recta
1833 4032 1889 4079 et
1928 4041 2048 4094 quae

474 4111 698 4164 omnino
720 4110 1046 4180 reprehendi
1070 4127 1181 4167 non
1218 4112 1450 4182 possint,
1477 4127 1506 4166 a
1523 4112 1682 4166 nobis
1703 4113 1821 4168 fieri
1840 4116 2046 4186 judicia

474 4201 715 4261 fructum
742 4203 797 4257 id
832 4218 953 4258 esse
978 4220 1041 4259 ac
1064 4220 1263 4258 munus
1287 4205 1572 4259 charitatis
1597 4205 1650 4259 iu
1674 4206 1888 4273 fratres,
1913 4224 2046 4264 cen-

472 4294 703 4355 sendum
729 4302 833 4350 est.
1480 4298 1498 4313 ’

542 4388 738 4443 PALL.
775 4389 843 4443 Et
863 4387 1085 4458 quidem
1109 4391 1233 4462 jure
1256 4392 1487 4462 Optimo.

541 4476 698 4532 CYR.
729 4478 787 4531 In
814 4487 1070 4549 promptu
1096 4490 1180 4535 est
1206 4482 1373 4553 igitur
1402 4482 1615 4548 audire,
1642 4483 1687 4538 si
1711 4484 1863 4549 vciis,
1898 4501 2043 4541 nunc

473 4569 694 4639 quidem
716 4570 992 4625 dicentem
1035 4590 1048 4625 :
1084 4590 1101 4624 ι
1130 4572 1200 4628 Ει
1242 4590 1354 4629 non
1397 4576 1650 4631 irasceris
1692 4576 1818 4632 ﬁliis
1856 4578 2039 4647 populi

476 4662 556 4715 tui
579 4662 644 4715 ⁸³.
669 4681 687 4712 ι
708 4662 858 4725 Alias
883 4671 1066 4719 autem
1092 4682 1105 4718 :
1136 4684 1155 4717 ι
1199 4664 1256 4721 Si
1285 4666 1452 4723 fuerit
1475 4670 1850 4724 controversia
1900 4673 2043 4725 inter

2153 3201 2309 3256 τοῦτο
2333 3219 2347 3268 ;
2379 3202 2642 3271 κρείττων
2662 3198 2729 3275 ἦν
2756 3203 3119 3276 μικροψυχίας
3147 3204 3175 3257 ό
3207 3203 3424 3274 Ἰσραήλ
3442 3219 3456 3232 ·
3480 3200 3722 3267 ἐξέκλινε

2153 3292 2262 3363 γὰρ
2291 3293 2383 3346 ἀπ’
2416 3292 2602 3360 αὑτοῦ,
2640 3295 2791 3364 φησὶ,
2819 3294 2879 3347 τὸ
2905 3293 3042 3365 πρὸς
3070 3292 3331 3362 ἀδελφοὺς
3363 3291 3546 3363 δύσερι
3575 3309 3720 3363 παρ-

2154 3384 2478 3456 ωθούμενος,
2509 3386 2603 3439 καὶ
2638 3386 2736 3456 τῆς
2768 3384 3083 3456 ἀγχιστείας
3113 3384 3202 3437 τὸν
3229 3383 3412 3453 νόμον,
3440 3385 3557 3446 ταῖς
3580 3382 3723 3450 ἀγαν

2153 3474 2526 3542 ἀνεξικακίαις
2569 3475 2960 3549 ἐκτετιμηκώς.
3005 3476 3075 3529 Ἣ
3111 3475 3208 3545 οὐχ
3246 3467 3346 3528 ὧδε
3375 3471 3518 3544 ἔχειν
3558 3473 3723 3545 οἰήσῃ

2151 3571 2307 3623 ταυτί
2323 3587 2337 3637 ;

2224 3769 2431 3823 ΠΛΛΛ.
2461 3769 2570 3823 Καὶ
2596 3769 2757 3822 πάνυ.

2219 3860 2384 3913 ΚΥΡ.
2420 3858 2630 3912 Οὐκοῦν
2662 3851 2723 3912 τὶ)
2756 3859 2961 3928 θυμοὺς
3004 3857 3328 3911 ἀνακόπτειν
3367 3856 3461 3911 καὶ⁹
3500 3856 3716 3909 ἀνασει-

2152 3950 2335 4021 ράζειν
2382 3948 2570 4019 ὀργὰς,
2627 3949 2721 4003 καὶ
2768 3950 3082 4019 ἐπιμετρεῖν
3116 3947 3387 4016 ἀναλόγως
3427 3947 3522 4011 τὰς
3563 3945 3719 4010 δίκας

2145 4043 2258 4102 τοῖς
2287 4039 2517 4091 ἑκάστου
2558 4038 2901 4107 πταίσμασι,
2929 4040 3023 4091 καὶ
3061 4039 3167 4110 μὴν
3198 4040 3292 4091 καὶ
3321 4038 3381 4091 τὸ
3414 4038 3522 4090 δεῖν
3552 4037 3721 4108 ὀρθὰς

2147 4132 2240 4184 καὶ
2285 4129 2639 4199 ἅδιαϐλήτους
2680 4129 2956 4193 παντελῶς
3007 4116 3339 4199 πράττεσθαι
3383 4128 3518 4200 πρὸς
3560 4128 3722 4198 ἡμῶν

2146 4222 2241 4284 τὰς
2264 4221 2348 4290 ἐφ’
2374 4219 2587 4290 ἑκάστῳ
2609 4220 2840 4291 κρίσεις,
2869 4221 3088 4291 ἀγάπης
3110 4217 3246 4272 εἶναι
3269 4217 3595 4289 λογιούμεθα
3618 4221 3722 4290 τῆς

2146 4315 2224 4376 είς
2253 4312 2511 4381 ἀδελφοὺς
2540 4310 2749 4383 καρπόν
2780 4329 2839 4363 τε
2870 4312 2964 4365 καὶ
2992 4311 3357 4382 ἀποτέλεσμα.

2217 4405 2426 4457 ΠΑΛΛ.
2453 4403 2564 4458 Καὶ
2593 4402 2738 4474 μάλα
2765 4402 3011 4466 δικαίως,

2211 4495 2373 4549 ΚΥΡ.
2417 4495 2574 4566 Πάρα
2615 4495 2680 4564 δὴ
2737 4487 2828 4547 οὖν
2877 4493 3118 4547 ὲθέλοντί
3168 4510 3281 4555 σοι,
3340 4492 3717 4549 διαπείθεσθαι

2148 4585 2327 4647 πάλιν,
2359 4584 2486 4637 ποτὲ
2513 4584 2613 4655 μὲν
2636 4584 2906 4653 λέγοντος,
2938 4604 2954 4635 ι
2994 4584 3103 4637 Kai.
3124 4584 3185 4637 οὗ
3215 4587 3426 4655 μηνιεῖς
3446 4587 3557 4648 τοῖς
3580 4587 3719 4649 υἱοῖς

2146 4675 2237 4728 τοῦ
2264 4675 2392 4729 λαοῦ
2410 4685 2501 4737 σοι)
2521 4676 2705 4729 ὐποτέ
2724 4676 2780 4729 δὲ
2804 4673 2870 4730 αὖ
2893 4694 2906 4706 ·
2922 4696 2939 4726 ι
2965 4676 3090 4730 Ἐὰν
3116 4676 3172 4729 δέ
3197 4675 3419 4746 γένηται
3442 4677 3717 4746 ἀντιλογία

474 4752 743 4819 homines,
766 4762 823 4811 et
849 4758 1181 4811 accesserint
1197 4758 1263 4813 ad
1282 4759 1572 4830 judicium,
1588 4769 1643 4815 et
1658 4750 2043 4833 judicaverin't,

2157 4766 2252 4820 ἀνά
2281 4767 2443 4837 μέσον
2471 4766 2773 4836 ἀνθρώπων
2794 4808 2808 4833 ,
2854 4769 2949 4821 καὶ
2983 4766 3350 4838 προσέλθωσιν
3393 4769 3472 4831 είς
3510 4769 3714 4838 κρίσιν,

472 4841 849 4912 justifieabunt
865 4848 1095 4918 justum,
1127 4855 1189 4913 et,
1224 4850 1667 4906 eondemnabunt
1693 4852 1919 4922 impium
1951 4871 1963 4905 :
1992 4862 2048 4908 et

475 4931 602 4994 erit,
629 4933 674 4985 si
712 4932 879 4989 fuerit
910 4935 1107 5006 dignus
1150 4937 1344 5007 plagis,
1389 4939 1483 5008 qui
1529 4940 1864 5010 impietatem
1894 4940 2044 5005 fecit,

476 5031 791 5092 prosternes
812 5039 938 5080 eum
962 5043 1147 5083 coram
1162 5028 1459 5101 iudicibus,
1475 5038 1531 5084 et
1552 5029 1900 5100 ﬂagellabunt
1920 5047 2046 5086 eum

477 5125 658 5166 coram
700 5114 852 5184 ipsis,
900 5119 1202 5174 secundum
1248 5118 1582 5191 impietatem
1627 5122 1766 5192 ejus,
1815 5139 2045 5178 numero

479 5203 837 5276 quadraginta
860 5206 1211 5280 ﬂagellabunt
1234 5227 1395 5279 eum;
1425 5227 1535 5266 non
1572 5212 1805 5266 addent:
1831 5212 1978 5282 quod
2000 5213 2047 5267 si

478 5294 791 5351 addiderint
817 5296 1089 5369 ﬂagellare
1128 5317 1255 5356 eum
1290 5303 1431 5357 ultra
1466 5302 1563 5356 has
1607 5301 1792 5373 plagas
1839 5302 2044 5372 plures,

480 5383 860 5456 deturpabitur
882 5387 1050 5442 frater
1078 5396 1204 5444 tuus
1242 5405 1424 5445 coram
1464 5398 1518 5445 te
1549 5391 1613 5444 ²⁹.
1647 5408 1665 5440 ι

443 5739 468 5770 ,.

2149 4859 2243 4913 καὶ
2279 4857 2504 4929 κρίνωσι
2544 4858 2637 4913 καὶ
2687 4859 3014 4913 δικαιώσωσι
3055 4860 3144 4912 τὸν
3181 4857 3387 4912 δίκαιον
3438 4858 3530 4911 καὶ
3584 4876 3715 4911 κατ-

2148 4949 2353 5017 αγνῶσι
2380 4947 2474 5002 τοῦ
2519 4949 2766 5013 ἀσεϐοῦς,
2802 4950 2897 5003 καὶ
2925 4949 3018 5004 ἐὰν
3045 4947 3193 5014 ἄξιος
3286 4947 3504 5018 πληγῶν
3535 4950 3564 5001 ὁ
3591 4948 3714 5001 ἀσε-

2149 5038 2280 5105 6ῶν,
2323 5040 2417 5094 καὶ
2463 5040 2669 5107 καθιεὶς
2715 5039 2876 5095 αὑτὸν
2921 5041 3160 5094 ἐναντίον
3195 5039 3304 5093 τῶν
3355 5038 3588 5111 κριτῶν,
3621 5038 3716 5093 καὶ

2152 5127 2584 5196 μαστιγώσουσιν
2652 5129 2812 5183 αὐτὸν
2871 5129 3110 5183 ἐναντίον
3162 5128 3360 5195 αὑτοῦ,
3417 5128 3558 5183 κατά
3618 5128 3714 5198 τὴν

2150 5217 2402 5271 ἀσέϐειαν
2432 5217 2620 5285 αὑτοῦ,
2662 5218 2881 5291 ἀριθμῷ
2901 5220 3306 5290 τεσσαράκοντα
3339 5218 3712 5290 μαστιγώσου-

2153 5325 2238 5361 σιν
2283 5308 2477 5371 αὑτδν,
2532 5311 2592 5361 οὐ
2639 5309 3071 5382 προσθήσουσιν,
3117 5309 3210 5363 ἐὰν
3255 5310 3312 5363 δὲ
3365 5309 3712 5380 προσθήσουσι

2156 5398 2495 5469 μαστιγῶσαι
2524 5400 2705 5463 αὑτὸν,
2732 5399 2871 5470 ὑπὲρ
2896 5400 3098 5463 ταύτας
3120 5401 3218 5463 τὰς
3241 5400 3452 5472 πληγὰς
3478 5399 3707 5463 πλείους,

2151 5489 2522 5558 ἁσχημονήσει
2543 5489 2571 5541 ὁ
2592 5488 2817 5559 ἀδελφός
2848 5506 2941 5544 σου
2977 5489 3215 5545 ἐναντίον
3242 5507 3361 5545 σου.
3405 5509 3425 5544 ι

559 5662 602 5695 ³⁷
634 5661 795 5717 Num.
828 5678 916 5730 xx,
954 5663 1130 5719 1-4-21.
1209 5664 1255 5697 ³⁸
1283 5663 1469 5739 Ιιενίι,
1494 5679 1601 5733 nx,
1629 5667 1713 5722 l7.
1792 5669 1843 5737 ’⁸,
1864 5669 2022 5724 Deut.
2048 5683 2169 5723 xxv.
2200 5667 2312 5722 1-4.
