3962 6296
220 274 331 331 575

946 275 1030 329 ΟΕ
1067 272 1506 331 ADORATIUNE
1545 276 1610 330 IN
1651 276 1917 332 SPIRITU
1960 273 2048 328 ET
2091 270 2454 327 VEBITATE.
2495 265 2799 326 LlB.~VllI.

3386 268 3487 326 576

301 387 514 441 ΙΙΑΔΔ.
550 387 664 439 Καὶ
702 389 788 451 τίς
815 389 879 441 ἂν
911 388 1081 459 ὁρῷτο
1122 388 1281 442 πάλιν
1307 392 1440 460 ἡμῖν
1462 393 1489 444 6
1521 391 1694 459 λόγος,
1719 390 1804 443 τοῐ

1988 389 2183 444 PALL.
2220 387 2351 455 Quae
2388 394 2573 442 autem
2621 400 2813 440 rursus
2855 399 3118 456 apparere
3162 383 3322 439 nobis
3351 387 3493 440 ratio

228 480 423 551 χρῆναι
475 477 716 551 πληγαῖς
773 479 992 551 ἀριθμῷ
1035 481 1443 551 τεσσαράκοντα
1480 481 1669 551 μόναις
1713 498 1813 534 κα-

229 570 558 626 ταπαίεσθαι
591 572 723 635 τοὺς
758 573 1271 642 κατεγνωσμένουςς
1304 573 1549 643 αἰσχύνει
1578 572 1635 627 δὲ
1666 573 1814 637 ὅπως

232 661 401 723 τινας,
429 661 491 713 τὸ
524 660 665 730 ὑπὲρ
689 661 881 713 τούτου
914 661 1141 731 φράσον.

305 841 470 894 ΚΥΡ.
518 841 679 893 Κατά
728 838 957 902 πολλοὺς
1003 842 1135 911 ήμίν
1183 841 1419 912 τρόπους
1467 842 1528 895 τὸ
1577 840 1811 910 Χριστοῦ

239 932 542 1002 μυστήριον
584 934 1008 1001 σκιαγραφεῖται
1055 931 1237 996 καλῶς
1288 933 1376 985 διὰ
1424 933 1523 1002 τῆς
1579 933 1812 1003 ἀρχαίας

236 1018 479 1089 ἐντολῆς,
504 1019 600 1071 καὶ
620 1019 681 1071 τὸ
712 1020 978 1090 σωτήριον
1007 1020 1137 1090 ήμῖν
1170 1022 1334 1074 οἱονεὶ
1360 1021 1811 1093 πλαστουργεῖται

235 1108 424 1171 πάθος.
451 1110 513 1161 ὲν
534 1101 600 1176 ᾧ,
636 1109 731 1162 καὶ
758 1109 829 1163 δι’
857 1103 917 1163 οὗ
946 1109 1145 1174 παντὸς
1173 1110 1569 1181 ἀπηλλάγμεθα
1593 1110 1685 1162 τοῦ
1714 1128 1811 1163 κα-

233 1198 362 1252 κοῦν
397 1198 712 1268 ἰσχύοντος.
748 1199 840 1252 καὶ
868 1199 1185 1270 ἀνηκέστοις
1219 1202 1364 1271 ἡμᾶς
1397 1200 1629 1263 ἐνιέντος
1668 1216 1808 1270 συμ-

233 1291 427 1356 φοραῖς
447 1305 460 1317 ·
512 1289 605 1342 καὶ
638 1288 827 1359 ὥσπερ
854 1287 1078 1359 ἔναγχος
1119 1287 1275 1358 ἔφην,
1311 1288 1373 1341 τὸ
1405 1288 1473 1341 δι’
1499 1287 1636 1340 ἑπτὰ
1673 1286 1808 1340 ἐτῶν

232 1379 479 1432 ἀνεῖσθαι
517 1380 645 1442 τοὺς
668 1379 985 1449 ὠφληκότας
1007 1421 1020 1445 ,
1044 1379 1133 1433 τὸν
1162 1379 1261 1449 τῆς
1287 1380 1538 1433 ἀπάντων
1560 1379 1809 1447 ἀφέσεως

234 1472 426 1542 καιρὸν
466 1470 861 1525 ὑπαινίττεται.
892 1469 1301 1540 Δεδικαιώμεθα
1333 1471 1438 1540 γὰρ
1462 1471 1516 1523 ὲν
1548 1468 1768 1539 Χριστῷ
1789 1509 1803 1533 ,

234 1565 327 1617 καὶ
347 1564 709 1633 δεδιδάγμεθα
729 1564 909 1631 λέγειν
930 1565 988 1618 ἐν
1010 1565 1361 1634 προσευχαῖς,
1387 1562 1523 1633 πρὸς
1547 1562 1635 1615 τὸν
1651 1564 1708 1614 ἐν
1727 1565 1809 1614 οὐ·

235 1654 416 1722 ρινοῖς
438 1653 656 1722 Πατέρα
680 1653 772 1706 καὶ
799 1652 950 1716 Θεὸν,
977 1672 994 1704 ι
1011 1652 1181 1721 Ἄφες
1215 1654 1344 1724 ἡμῖν
1366 1653 1433 1707 τά
1466 1653 1807 1723 ὀφειλήματα

1916 481 2109 550 possit,
2129 493 2227 531 cur
2239 476 2411 548 plagis
2423 476 2581 547 277
2606 491 2836 529 numero
2847 475 3205 546 quadraginta
3228 474 3495 531 duntaxat

1915 569 2266 626 condemnati
2296 567 2543 624 medendi
2572 567 2715 621 sint?
2753 581 2927 636 quave
2954 565 3166 620 ratione
3196 566 3495 636 deturpen-

1915 669 2023 725 tur,
2052 661 2097 715 si
2123 660 2215 730 qui
2240 674 2404 729 supra
2427 660 2575 713 hunc
2603 673 2892 712 numerum
2917 656 3217 721 caedantur,
3252 658 3494 727 explices

1912 752 2098 805 velim.

1974 842 2129 897 CYR.
2159 840 2340 895 Multis
2365 839 2544 895 modis
2558 838 2763 894 Christi
2790 839 3113 910 mysterium
3137 847 3287 892 recte
3316 837 3489 893 veteri

1912 933 2169 987 mandato
2198 931 2358 986 nobis
2396 930 2779 995 adumbratur,
2815 939 2872 984 et
2909 929 3315 1012 quodammodo
3341 929 3494 983 eﬂin—

1910 1026 2057 1096 gitur
2073 1025 2252 1095 passio
2272 1025 2589 1089 Salvatoris,
2617 1025 2672 1078 iu
2696 1040 2803 1094 qua
2851 1032 2907 1079 et
2929 1039 3030 1093 per
3059 1040 3226 1093 quam
3249 1024 3319 1079 ab
3342 1026 3491 1081 omni

1912 1117 2053 1171 malo
2082 1116 2298 1173 liberati
2347 1131 2538 1170 sumus
2579 1115 2724 1185 quod
2750 1131 2852 1170 nos
2874 1130 3070 1169 vexare
3089 1123 3327 1184 poterat,
3358 1118 3494 1173 etin

1909 1220 2182 1259 aarumnas
2214 1204 2543 1259 insanabiles
2567 1204 3110 1275 conjecerat.Atque.
3137 1205 3281 1260 sicut
3304 1222 3488 1276 nuper

1910 1293 2043 1358 dixi,
2087 1294 2190 1347 hoc
2212 1294 2411 1363 ipsum,
2445 1293 2593 1364 quod
2626 1294 2858 1363 septimo
2898 1310 3119 1365 quoque
3142 1310 3286 1350 anno
3325 1296 3493 1351 ﬁebat

1909 1385 2218 1440 debitorum
2240 1387 2508 1452 remissio,
2543 1396 2757 1457 tempus
2792 1388 3183 1443 universorum
3210 1390 3491 1447 remissio-

1909 1475 1994 1530 nis
2020 1476 2242 1547 ﬁgurate
2269 1476 2578 1547 signiﬁcare
2645 1478 2662 1549 (
2694 1477 2977 1548 justiﬁcati
3018 1495 3253 1549 namque
3302 1495 3492 1536 sumus

1908 1563 1965 1618 in
2002 1564 2239 1629 Christo,
2267 1575 2324 1620 et
2364 1566 2657 1622 didicimus
2698 1567 2883 1622 dicere
2931 1568 2986 1622 in
3027 1569 3373 1626 orationibus
3416 1572 3489 1626 ad

1908 1655 2077 1708 Deum
2132 1666 2185 1710 et
2207 1657 2443 1721 Patrem,
2484 1657 2578 1726 qui
2604 1658 2660 1711 in
2704 1657 2858 1713 cmlis
2880 1666 3037 1721 εει-ιι
3064 1657 3284 1715 Dimitte
3328 1661 3492 1716 nobis

232 1743 405 1812 ήμῶν·
420 1763 438 1793 ι
464 1742 607 1796 οὕτω
629 1743 879 1808 κάνθάδε,
900 1744 959 1796 τὸ
978 1743 1136 1814 μέχρι
1158 1743 1381 1814 πληγῶν
1402 1744 1804 1814 τεσσαράκοντα

1906 1747 2090 1802 debita
2121 1758 2310 1804 nostra
2331 1750 2376 1781 ³⁰
2404 1748 2456 1821 ;)
2491 1769 2508 1801 ι
2543 1750 2624 1805 sic
2650 1752 2755 1806 hoc
2784 1766 3004 1822 quoque
3040 1752 3163 1806 loco
3187 1750 3335 1820 quod
3361 1767 3490 1806 ver-

233 1838 497 1906 προήκειν
546 1837 659 1899 τοῖς
707 1835 995 1902 παίουσιν,
1042 1836 1159 1907 ἡτοι
1209 1835 1527 1906 παιομένοις
1569 1835 1669 1898 τάς
1714 1834 1803 1888 διὰ

235 1928 515 1997 μαστίγων
562 1927 773 1992 αἰκίας,
823 1927 914 1981 τὸν
964 1927 1288 1999 τριπόθητον
1331 1928 1462 1999 ήμῖν
1516 1925 1617 1996 τῆς
1666 1925 1803 1997 μετά

235 2019 435 2089 σαρκὸς
459 2018 769 2089 οἰκονομίας
795 2018 889 2070 τοῦ
914 2018 1251 2085 Μονογενοῦς
1274 2016 1564 2086 ἀποφαίνει
1586 2017 1796 2089 καιρὸν,

231 2108 353 2160 καθ’
390 2108 451 2161 ὃν
484 2108 560 2178 τῷ
600 2108 828 2179 μώλωπι
870 2108 1035 2163 αὐτοῦ
1080 2110 1240 2179 ἡμεῖς
1278 2108 1535 2179 ίάθημεν,
1576 2107 1669 2160 καὶ
1708 2124 1803 2176 με·-

234 2199 566 2269 μαλάκισται
599 2200 697 2270 μὲν
732 2200 894 2264 αὐτὸς
925 2200 1012 2253 διά
1046 2199 1145 2262 τὰς
1178 2200 1448 2270 ἁμαρτίας
1482 2197 1670 2269 ill-“3V9
1700 2198 1802 2265 ἐμ·

234 2292 679 2363 παροινησάντων
716 2295 797 2355 είς
845 2292 1006 2345 αὑτὸν
1050 2292 1157 2344 τῶν
1208 2291 1266 2358 ἐξ
1311 2290 1546 2362 Ἰσραὴλ,
1584 2290 1678 2344 καὶ
1704 2289 1802 2352 τὰς

232 2381 374 2436 κατὰ
414 2382 600 2436 νώτων
632 2383 846 2454 πληγάς
879 2383 1263 2451 ἐπενεγκόντος
1302 2382 1569 2446 Πιλάτου,
1611 2379 1802 2450 ποινῆς

233 2475 285 2528 δὲ
310 2477 476 2544 ἡμεῖς
508 2475 605 2528 καὶ
641 2475 913 2537 κολάσεως
947 2474 1278 2546 ἑξῃρήμεθα.
1319 2474 1495 2527 Πάλαι
1529 2471 1635 2543 γὰρ
1664 2468 1803 2542 ἦσαν

234 2567 423 2621 πολλαὶ
445 2570 501 2620 ai
524 2567 786 2638 μάστιγες
811 2566 905 2620 τοῦ
929 2565 1277 2638 ἀμαρτωλοῦ,
1301 2563 1441 2619 κατά
1467 2565 1529 2617 τὸ
1555 2580 1803 2634 γεγραμ-

237 2659 413 2727 μένον,
449 2657 565 2712 ἀλλ*
598 2657 738 2728 ὑπὲρ
775 2655 931 2728 ήμῶν
956 2655 1261 2727 ἒμαστίχθη
1302 2655 1536 2727 Χριστός
1559 2672 1574 2686 ·
1614 2654 1803 2725 ὥσπερ

235 2748 340 2817 γὰρ
366 2747 507 2817 ὑπὲρ
542 2747 761 2801 πάντων
787 2747 1055 2802 ἀπέθανεν
1077 2786 1092 2811 ,
1124 2746 1266 2801 οὕτω
1294 2745 1386 2800 καὶ
1417 2745 1557 2812 ὑπὲρ
1588 2745 1803 2798 πάντων

236 2838 595 2909 ἐμαστιγοῦτο
635 2838 822 2903 πάλιν,
858 2834 938 2901 εἷς
973 2837 1048 2891 ὣν
1076 2838 1105 2889 ὁ
1141 2837 1356 2891 πάντων
1398 2834 1666 2901 ἀντάξιος.
1702 2834 1804 2888 Τὸν

235 2929 289 2982 δέ
324 2948 387 2997 γε
425 2929 1008 3002 τεσσαρακονθήμερον
1045 2928 1278 3001 ἀριθμὸν
1309 2929 1519 2992 είςοτὸν
1548 2926 1805 2989 πεντάκις

235 3021 374 3074 ὀκτὼ
401 3021 750 3093 κατατεμὼν,
789 3024 1059 3094 χρήσιμον
1087 3021 1341 3093 εὑρήσεις
1375 3024 1442 3092 τῇ
1480 3020 1572 3073 τοῦ
1602 3018 1800 3091 καιροῦ

240 3111 499 3183 σημασίᾳ,
528 3112 621 3165 τὸν
648 3113 806 3166 πέντε
831 3112 925 3166 καὶ
950 3111 1042 3165 τὸν
1081 3109 1229 3164 ὀκτὼ
1252 3150 1267 3174 ,
1296 3109 1659 3180 ἐπιδεδήμηκε
1694 3105 1800 3178 γὰρ

238 3203 264 3255 6
291 3202 602 3272 Μονογενὴς
635 3204 693 3256 ὲν
729 3201 967 3274 πέμπτῳ
992 3200 1169 3271 καιρῷ
1188 3240 1205 3264 ,
1232 3199 1372 3254 κατά
1403 3215 1466 3267 γε
1494 3198 1594 3269 τὴν
1627 3198 1803 3265 Εὐαγο

239 3293 457 3363 γελικὴν
484 3293 797 3365 παραϐολήν
815 3311 831 3327 ο
868 3292 1184 3367 Ἐμισθοῦτο
1215 3291 1323 3363 γάρ
1351 3308 1435 3354 τις
1464 3293 1542 3353 είς
1572 3290 1664 3343 τὸν
1692 3290 1801 3360 ἀμ-

239 3385 448 3439 πελῶνα
484 3387 612 3449 τοὺς
651 3387 887 3457 ἐργάτας
910 3404 923 3418 °
948 3376 1196 3456 ⁵ἐξελθὼν
1246 3386 1302 3439 δὲ
1339 3385 1468 3457 περ).
1507 3383 1605 3456 τὴν
1655 3382 1803 3454 ὥραν

239 3476 455 3548 πρώτην
473 3517 488 3540 ,
530 3476 722 3550 τρίτην
745 3495 804 3531 τε
837 3477 931 3531 καὶ
951 3477 1117 3548 ἓκτην
1135 3518 1148 3542 ,
1174 3477 1267 3529 καὶ
1294 3476 1520 3545 ἐννάτην
1544 3474 1637 3527 καὶ
1656 3472 1802 3526 ἐνδε-

240 3569 434 3638 κάτην·
464 3570 760 3641 ἐγήγερται
784 3569 841 3623 δὲ
875 3570 1016 3624 κατά
1040 3569 1146 3640 τὴν
1173 3567 1364 3639 ὀγδόην
1388 3609 1403 3634 ,
1443 3567 1536 3620 τοῦ
1573 3565 1801 3620 θανάτου

238 3659 539 3724 καταλύσας
564 3661 623 3713 τὸ
647 3661 866 3735 κράτος,
891 3663 984 3715 καὶ
1010 3662 1108 3732 τῆς
1130 3661 1456 3715 ἐπεισάκτου
1480 3659 1686 3730 φθορᾶς
1705 3655 1802 3728 τὴν

242 3750 448 3824 μητέρα
483 3752 796 3817 συνδιολλὺς
820 3752 966 3824 αὐτῷ
987 3792 1000 3815 ,
1026 3753 1169 3806 τοῦτ’
1193 3752 1363 3818 ἐστιν,
1391 3750 1666 3823 ἁμαρτίαν
1688 3791 1702 3812 ,
1735 3744 1800 3822 ἦς

239 3843 583 3914 ἀνῃρημένης
601 3882 616 3907 ,
645 3845 843 3916 ἀργεῖν
878 3844 1093 3915 ἀνάγκη
1126 3843 1220 3897 καὶ
1253 3843 1554 3914 μάστιγας,
1581 3842 1676 3895 καὶ
1704 3841 1801 3905 τὰς

237 3934 299 3987 δι’
336 3935 506 4004 αὐτὴν
542 3936 734 3999 ποινάς
774 3936 869 3990 καὶ
905 3935 1172 3998 κολάσεις.
1220 3937 1332 3989 Οὐκ
1359 3937 1423 4006 ἐᾷ
1450 3932 1738 4006 τοιγαροῦν
1775 3935 1804 3986 6

237 4024 393 4094 νόμος
438 4025 792 4097 ὑπερτρέχειν
832 4025 912 4079 ἔτι
939 4026 1038 4097 τὴν
1081 4025 1320 4096 μάστιγα
1349 4025 1440 4079 τὸν
1466 4042 1802 4096 τεσσαρακο-

238 4117 355 4170 στὸν
409 4118 670 4188 ἀριθμὸν,
734 4116 895 4190 μέχρι
934 4118 1032 4190 τῆς
1080 4118 1318 4189 Χριστοῦ
1372 4117 1671 4189 παρουσίας
1708 4116 1803 4170 καὶ

235 4210 391 4263 οἱονεί
416 4226 533 4273 πως
558 4210 709 4273 [στάς
735 4208 806 4263 τά
831 4209 1182 4280 κολαστήρια,
1207 4210 1299 4263 καὶ
1323 4209 1412 4262 τὸν
1432 4209 1529 4280 τῆς
1554 4208 1813 4278 ἀφέσεως,

238 4302 660 4373 κατασημαίνων
694 4303 904 4374 καιρόν.
936 4302 1047 4373 Τῆς
1073 4301 1182 4373 γὰρ
1207 4301 1462 4372 ἀληθείας
1488 4303 1537 4354 οἱ
1559 4302 1717 4355 τύποι
1741 4301 1802 4354 τὸ

1903 1839 2095 1894 berum
2118 1840 2403 1909 supplicia,
2432 1851 2539 1896 tam
2563 1842 2718 1897 caesis
2739 1858 2904 1912 quam
2935 1842 3295 1907 eaadentibus,
3315 1857 3492 1912 usque

1901 1930 1970 1984 ad
2024 1932 2513 2000 quadragenarium
2562 1932 2846 2001 plagarum
2907 1949 3201 1988 numerum
3263 1949 3491 2005 progre-

1902 2022 2146 2089 diuntur,
2179 2023 2231 2077 id
2279 2023 2425 2078 illius
2477 2024 2743 2094 unigeniti
2780 2024 2923 2089 Filii,
2970 2035 3255 2095 assumpta
3300 2042 3488 2089 carne,

1902 2114 2323 2184 dispensationis
2375 2124 2591 2185 tempus
2653 2116 2814 2173 nobis
2864 2118 3339 2186 exoptatissmtum
3397 2118 3480 2171 in-

1901 2204 2064 2270 dicat,
2090 2222 2199 2276 quo
2217 2215 2458 2276 tempore
2477 2207 2649 2261 livore
2676 2208 2797 2277 ejus
2831 2223 2932 2262 nos
2967 2208 3144 2263 sanati
3175 2222 3404 2273 sumus;
3429 2215 3491 2261 et

1902 2295 2018 2365 ipse
2044 2297 2267 2365 quidem
2292 2297 2599 2351 inﬁrmatus
2624 2305 2709 2351 est
2732 2305 2957 2367 propter
2981 2308 3204 2368 peccata
3234 2308 3419 2354 nostra
3443 2299 3493 2331 “

1901 2399 2024 2438 cum
2070 2385 2287 2455 injuriis
2331 2401 2457 2440 eum
2500 2386 2823 2451 affecerunt,
2871 2387 2963 2456 qui
3011 2403 3080 2442 ex
3118 2388 3283 2442 Israel
3313 2404 3495 2458 genus

1901 2476 2203 2541 ducebant,
2235 2483 2400 2545 atque
2446 2477 2503 2531 in
2536 2478 2656 2549 ejus
2683 2484 2897 2548 tergum
2936 2478 3146 2533 Pilatus
3171 2478 3358 2549 plagas
3397 2479 3492 2533 in-

1901 2566 2074 2633 ﬂixit;
2126 2582 2227 2622 nos
2257 2567 2502 2622 vicissim
2526 2584 2557 2622 a
2584 2568 2762 2638 poenis
2799 2576 2963 2639 atque
2993 2568 3264 2638 supplicio
3301 2583 3494 2625 sumus

1901 2659 2097 2728 erepti.
2136 2658 2276 2714 Olim
2303 2675 2537 2729 namque
2562 2660 2734 2714 multa
2750 2668 2907 2715 erant
2927 2659 3135 2731 ﬂagella
3158 2662 3487 2730 peccatoris,

1905 2762 1965 2806 ut
1983 2751 2246 2822 scriptum
2267 2761 2354 2807 est
2384 2752 2453 2818 ³³,
2478 2752 2573 2806 sed
2598 2766 2698 2822 pro
2720 2752 2880 2807 nobis
2903 2752 3204 2823 ﬁagellatus
3228 2760 3314 2807 est
3332 2751 3494 2807 Chri-

1873 2848 2023 2897 stus:
2052 2849 2113 2895 ut
2148 2844 2297 2897 enim
2328 2858 2429 2912 pro
2451 2842 2707 2897 omnibus
2739 2851 2993 2899 mortuus
3011 2851 3117 2910 est,
3141 2844 3215 2898 ita
3243 2859 3343 2914 pro
3365 2860 3482 2899 om-

1903 2931 2069 2987 nibus
2091 2947 2311 3002 quoque
2350 2931 2672 3003 ﬁagellatus,
2703 2948 2830 2987 cum
2871 2950 3013 2990 unus
3035 2935 3207 2989 instar
3238 2933 3486 2989 omnium

1904 3031 2070 3078 esset.
2115 3024 2416 3078 Numerum
2459 3040 2623 3093 porro
2660 3024 3025 3094 quadraginta
3064 3025 3303 3089 dierum,
3361 3026 3408 3080 si
3434 3025 3493 3078 in

1905 3110 2196 3180 quinquies
2218 3122 2340 3167 octo
2375 3112 2747 3178 distribueris,
2781 3113 3099 3183 quinariurn
3142 3112 3390 3181 reperies
3437 3123 3496 3169 et

1899 3201 2260 3265 octonarium,
2284 3210 2438 3271 aptos
2470 3217 2733 3257 numeros
2769 3203 2838 3257 ad
2866 3204 2985 3272 ejus
3014 3203 3278 3271 temporis
3317 3201 3495 3273 signi-

1900 3290 2207 3347 ﬁcationem
2251 3311 2265 3345 :
2311 3292 2535 3347 advenit
2579 3292 2727 3347 enim
2775 3294 2866 3348 ille
2917 3292 3244 3363 Unigenitus
3294 3293 3499 3364 quinto

1902 3389 2162 3452 tempore,
2181 3384 2336 3455 juxta
2368 3382 2515 3435 illam
2539 3383 2912 3453 evangelicam
2951 3382 3266 3452 parabolam
3297 3401 3309 3436 :
3345 3381 3492 3438 Con-

1900 3474 2056 3529 duxit
2077 3475 2223 3529 enim
2247 3474 2469 3543 quidam
2482 3474 2768 3543 operarios
2793 3473 2851 3528 in
2874 3475 3113 3538 vineam,
3141 3489 3268 3529 cum
3290 3475 3499 3530 exisset

1900 3567 2046 3622 circa
2089 3566 2281 3620 horam
2324 3565 2579 3635 primam,
2627 3566 2866 3629 tertiam,
2912 3571 3120 3620 sextam
3169 3579 3392 3635 quoque
3430 3579 3496 3619 ac

1900 3673 2095 3716 nonam
2123 3667 2181 3714 et
2225 3658 2568 3712 undecimam
2599 3657 2645 3689 ³³
2679 3675 2692 3711 :
2742 3657 3045 3713 resurrexit
3067 3664 3249 3713 autem
3300 3665 3499 3713 octavo

1900 3750 2008 3815 die,
2032 3749 2315 3804 destructo
2344 3749 2540 3803 mortis
2576 3748 2830 3818 imperio,
2859 3757 2915 3803 et
2939 3763 3065 3803 cum
3089 3764 3158 3804 eo
3203 3747 3494 3804 adventitii

1902 3844 2156 3901 interitus
2205 3850 2434 3913 parente
2479 3842 2643 3897 simul
2703 3842 3061 3912 interempto,
3112 3850 3358 3912 peccato,
3406 3841 3497 3897 in-

1901 3951 2085 4006 quam,
2128 3949 2238 4005 quo
2281 3934 2520 3998 sublato,
2554 3933 2789 3988 verbera
2822 3948 3040 4003 quoque
3090 3947 3155 3988 ac
3202 3947 3395 4003 poenas
3435 3940 3499 3987 et

1902 4024 2168 4094 supplicia
2218 4031 2443 4093 peccato
2474 4022 2662 4077 debita
2708 4037 2926 4078 cessare
2972 4036 3196 4077 necesse
3219 4028 3324 4078 est.
3370 4020 3495 4076 Fla-

1900 4118 2039 4186 gella
2064 4116 2231 4187 igitur
2260 4113 2767 4184 quadragenarium
2810 4113 2993 4167 adhuc
3018 4127 3314 4166 numerum
3333 4125 3496 4167 exce-

1902 4206 2032 4262 dere
2054 4222 2164 4261 non
2186 4205 2456 4275 permittit
2479 4205 2587 4269 lex,
2616 4204 2746 4272 quia
2770 4218 2945 4271 usque
2966 4206 3034 4257 ad
3055 4202 3262 4256 Christi
3287 4201 3498 4258 adven—-

1905 4306 2019 4352 tum
2043 4295 2311 4365 supplicia
2326 4311 2396 4350 ne
2416 4294 2561 4348 ultra
2584 4292 3071 4363 progrederemur,
3093 4290 3496 4360 quodammodo

240 4390 427 4453 κάλλος
478 4390 776 4446 ὡδίνουσιν.
850 4390 1039 4445 Ἰστέον
1092 4386 1157 4443 δὲ’
1200 4391 1281 4443 ὅτι
1344 4388 1721 4462 προσκρούσας
1776 4391 1804 4443 6

1904 4388 2065 4451 sistit,
2100 4402 2164 4441 ac
2188 4386 2349 4441 simul
2391 4385 2732 4440 remissionis
2784 4390 3005 4453 tempus
3053 4382 3499 4453 designatmam

249 4482 483 4555 Ἰσραὴλ,
512 4485 946 4556 τεσσαρακοστὸν
982 4483 1100 4547 ἔτος
1131 4482 1396 4536 ἐπλανᾶτο
1426 4481 1523 4553 τὴν
1562 4480 1764 4552 ἔρημον
1786 4498 1800 4513 ο

234 4574 377 4647 ὅρκῳ
398 4576 506 4648 γάρ
536 4574 750 4646 ὤμοσεν
778 4577 806 4629 6
829 4575 982 4638 Θεὸς,
1020 4576 1096 4647 μὴ
1125 4572 1361 4639 εἰσάξειν
1387 4572 1583 4636 αὐτοὺς
1604 4574 1682 4636 εἰς
1706 4572 1803 4642 τὴν

235 4667 336 4736 γῆν
381 4668 481 4739 τῆς
514 4668 864 4737 ἐπαγγελίας.
910 4669 1021 4722 Kal.
1047 4663 1117 4739 ἦν
1150 4668 1273 4737 ὄρος
1304 4660 1459 4728 οὗτος
1491 4665 1672 4727 αὐτοῖς
1707 4666 1806 4736 τῆς

235 4759 433 4829 ὀργῆς,
479 4758 871 4830 παρῳχηκότος
897 4758 953 4811 δὲ
991 4755 1087 4810 τοῦ
1119 4755 1312 4827 καιροῦ
1334 4795 1348 4820 ,
1382 4754 1597 4807 λέλυται
1633 4754 1730 4825 μὲν
1771 4755 1805 4824 ή

235 4849 406 4919 ὀργὴ,
450 4849 709 4919 διέϐησαν
739 4848 796 4901 δὲ
829 4848 921 4901 τὸν
969 4846 1235 4917 Ἰορδάνην
1282 4848 1331 4899 oi
1371 4845 1433 4909 ἐξ
1464 4844 1670 4907 αὐτῶν,
1714 4844 1809 4896 καὶ

237 4940 569 5012 εἰσέφρησαν
614 4941 695 5003 εἰς
735 4937 834 5009 τὴν
882 4940 1015 5009 γῆν,
1062 4938 1160 5009 οὐχ
1209 4935 1666 5009 ὑπερδραμούσης
1711 4936 1809 5005 τῆς

236 5032 655 5102 ἀγανακτήσεως
700 5030 761 5083 τὸ
806 5028 1240 5100 τεσσαρακοστὸν
1295 5028 1436 5092 ἔτος.
1485 5026 1666 5090 Τόπος
1715 5022 1819 5081 οὖν

236 5122 336 5193 ἄρα
364 5124 457 5175 καὶ
480 5121 635 5176 τοῦδε
667 5119 869 5190 σαφὴς,
892 5119 952 5173 τὸ
976 5120 1136 5190 μέχρι
1160 5117 1382 5190 πληγῶν
1399 5118 1803 5188 τεσσαράκοντα

237 5213 630 5268 καταπαίεσθαι
662 5211 842 5277 τινὰς,
873 5211 1122 5279 ἀφέσεως
1154 5211 1261 5282 γάρ
1289 5211 1318 5262 6
1345 5210 1483 5279 μετά
1507 5209 1662 5263 τοῦτο
1687 5226 1802 5262 και-

240 5304 354 5370 ρὸς,
379 5305 632 5360 διάϐασιν
662 5305 798 5375 ἡμῖν
835 5302 1100 5373 εἰσφέρων
1131 5302 1229 5373 τὴν
1268 5300 1361 5354 τοῦ
1406 5300 1665 5372 Ἰορδάνου
1705 5299 1801 5371 τὴν

240 5398 523 5468 μυστικὴν,
554 5394 652 5449 καὶ
699 5393 809 5465 μὴν
843 5393 938 5446 καί
964 5392 1241 5463 μαχαίρας
1274 5392 1533 5461 πετρίνας
1553 5431 1568 5453 ,
1596 5391 1624 5443 ὃ
1651 5393 1764 5444 ἐστι
1784 5429 1800 5455 ,

232 5486 320 5558 τὴν
348 5489 405 5543 ὲν
432 5487 717 5560 πνεύματι
744 5482 1069 5556 περιτομὴν,
1097 5484 1190 5537 καὶ
1219 5482 1321 5554 τὴν
1364 5481 1537 5553 Ἰησοῦ
1570 5499 1802 5553 στρατη-

1904 4476 2371 4547 pulelrritudinem
2386 4473 2635 4529 veritatis
2661 4473 2845 4543 ﬁgurae
2865 4471 3314 4528 continent.lllud
3328 4486 3497 4540 porro

1904 4567 2188 4624 sciendum
2209 4575 2294 4623 est
2331 4567 2609 4631 lsraelem,
2631 4563 2951 4637 zasquod
2973 4563 3144 4619 Deum
3154 4562 3496 4629 oﬁ'endisset,

1906 4657 2264 4729 quadraginta
2309 4670 2484 4712 annos
2520 4671 2620 4725 per
2656 4655 2939 4710 desertum
2978 4654 3294 4709 oberrasse:
3339 4654 3503 4725 jura-

1909 4760 2096 4808 mento
2121 4751 2271 4806 enim
2319 4749 2527 4821 juravit
2584 4749 2753 4815 Deus,
2798 4763 2911 4803 non
2953 4762 3012 4802 se
3054 4746 3499 4801 introducturum

1904 4859 2001 4899 eos
2018 4843 2075 4896 in
2121 4850 2332 4897 terram
2382 4840 2800 4912 promissionis;
2866 4840 3023 4907 isque
3073 4843 3193 4891 erat
3242 4834 3361 4891 illis
3399 4835 3497 4892 ira

1909 4934 2177 4990 terminus
2214 4931 2597 5004 praestitutus:
2625 4930 2935 5002 quoelapso
2960 4938 3222 4998 tempore,
3260 4927 3505 4984 cessavit.

1906 5025 2009 5091 ira,
2045 5041 2109 5082 ac
2135 5025 2435 5082 Iordanem
2467 5025 2693 5080 illorum
2715 5021 2922 5095 posteri
2946 5021 3304 5092 traiecerunt,
3335 5027 3396 5076 et
3436 5019 3507 5076 in

1898 5130 2100 5178 terram
2130 5121 2362 5193 ingressi
2383 5128 2532 5186 sunt,
2559 5136 2687 5177 cum
2723 5119 2815 5173 illa
2841 5114 3147 5186 indignatio
3186 5114 3331 5172 ultra
3353 5128 3495 5185 qua-

1899 5214 2267 5285 dragesimum
2281 5229 2485 5268 annum
2512 5228 2625 5267 non
2678 5216 2826 5266 esset
2849 5221 3089 5279 egressa.
3119 5205 3290 5277 Igitur
3328 5205 3497 5275 hujus

1898 5286 2229 5374 quoque-rei
2253 5302 2478 5359 evidens
2515 5300 2687 5371 ﬁgura
2714 5299 2836 5363 fuit,
2873 5296 3027 5368 quod
3070 5310 3250 5365 usque
3277 5292 3494 5361 adqua-

1898 5394 2147 5464 draginta
2162 5394 2346 5464 plagas
2373 5390 2540 5461 aliqui
2563 5390 2916 5445 credebantur
2940 5406 2956 5443 :
2976 5382 3312 5443 remissionis
3341 5380 3493 5436 enim

1901 5492 2114 5554 tempus
2137 5491 2274 5549 erat,
2302 5483 2449 5553 quod
2468 5489 2593 5554 post
2626 5497 2756 5539 eum
2786 5493 3084 5540 numerum
3112 5471 3489 5545 consequeba-

290 5679 332 5712 ³⁰
362 5681 553 5738 Matth.
586 5696 671 5743 vr,
706 5675 794 5732 l2.
870 5677 1039 5733 “15a.
1072 5692 1183 5743 tiu,
1219 5677 1269 5732 5.
1348 5677 1391 5708 ³³
1418 5675 1559 5732 Psal.
1602 5691 1745 5739 xxxi,
1792 5675 1870 5730 lO.
1953 5676 1995 5707 ³³
2030 5674 2219 5731 Matth.
2268 5691 2356 5737 xx.
2394 5674 2536 5730 1-16.
