3962 6296
441 261 549 317 575

1468 264 1524 320 S.
1567 263 1841 322 CYRlLLl
1880 264 2351 324 ALEXANDRINI
2390 270 2706 327 ARCHIEP.

3588 269 3694 325 576

439 388 552 444 tur,
586 377 875 433 transitum
925 378 1083 435 nobis
1111 381 1405 453 mysticum
1450 382 1705 439 Iordanis
1755 383 2012 451 aii‘erens,

2122 385 2280 454 γίανο
2314 388 2503 456 γέγονε
2533 389 2640 460 γὰρ
2668 391 2801 459 ἡμῖν
2847 386 3169 459 καθηγητὴς
3204 387 3233 440 6
3265 385 3523 460 Χριστὸς,
3556 385 3695 457 μετὰ

434 484 650 524 necnon
696 468 940 538 lapideos
994 472 1219 538 cultros,
1261 473 1315 527 id
1357 481 1477 538 est,
1522 474 1668 528 illam
1717 474 1774 528 in
1811 475 2008 544 spiritu

2116 478 2319 531 Μωσέα
2342 479 2432 532 καλ⁵
2457 481 2640 551 νόμον.

398 558 932 625 -circumcisionem,
960 568 1016 615 et
1050 561 1200 616 illam
1255 561 1382 617 Jesu
1424 562 1833 631 imperatoriam
1868 568 2240 632 potestatem:
2285 566 2395 621 dux
2449 569 2652 638 quippe
2690 567 2852 622 nobis
2900 567 3077 623 factus
3121 576 3208 623 est
3270 567 3523 624 Christus
3570 566 3695 635 post

436 652 657 723 Moysen
676 666 740 705 ac
767 652 965 722 legem.

508 740 715 796 PALL-
726 741 1032 797 Assentior.

504 832 663 887 CYR.
698 831 768 887 Ut
795 832 962 902 igitur
990 841 1141 889 recto
1163 840 1325 903 atque
1359 834 1677 903 incorrupto
1698 832 1928 905 judicio,
1967 833 2013 887 si

441 937 564 991 qua:
589 922 716 977 lites
752 922 1065 989 inciderint,
1098 923 1446 989 dirimentur,
1493 933 1551 979 et
1584 924 1799 995 injuriae
1852 933 2015 991 atque

435 1015 740 1083 iniquitatis
765 1030 965 1086 genera
988 1016 1274 1070 tollantur:
1305 1035 1323 1067 ι
1343 1016 1584 1082 Judices,
1605 1017 1802 1086 inquit,
1826 1025 1881 1070 et
1904 1031 2017 1070 ma-

434 1105 634 1176 gistros
666 1105 970 1162 constitues
999 1107 1098 1162 tibi
1139 1107 1196 1161 in
1230 1108 1485 1163 omnibus
1548 1107 1863 1162 civitatibus
1908 1106 2017 1161 tuis

435 1209 572 1263 quas
599 1194 862 1249 Dominus
885 1196 1030 1252 Deus
1061 1197 1155 1250 dat
1198 1198 1317 1263 tibi,
1343 1213 1441 1268 per
1473 1197 1683 1264 tribus;
1717 1204 1772 1251 et
1800 1196 2016 1267 judica-

433 1284 575 1338 bunt
598 1285 860 1354 populum
880 1287 1028 1356 justo
1060 1287 1299 1357 judicio:
1341 1305 1453 1343 non
1483 1288 1840 1344 declinabunt
1864 1286 2014 1357 judi-

434 1376 605 1440 cium,
659 1392 839 1447 neque
885 1388 1184 1449 agnoscent
1237 1380 1456 1444 faciem,
1508 1396 1687 1449 neque
1745 1379 2017 1448 accipient

433 1480 661 1519 munera
683 1484 695 1519 :
716 1482 947 1522 munera
964 1470 1112 1523 enim
1124 1479 1400 1525 excaecant
1414 1470 1602 1524 oculos
1615 1469 1942 1539 sapientum,
1961 1475 2018 1521 et

434 1556 688 1611 auferunt
701 1562 1260 1631 sermonesjustorum
1274 1562 1316 1593 "
1341 1581 1358 1612 ι
1377 1560 1614 1631 [Equum
1629 1560 1775 1613 enim
1791 1559 2019 1630 putabat

433 1647 540 1711 lex,
563 1656 619 1702 et
646 1649 842 1704 merito
871 1651 1185 1721 quicunque
1209 1652 1276 1706 ad
1305 1651 1509 1723 judicia
1526 1648 1829 1705 exercenda
1850 1649 2020 1703 collo-

434 1739 540 1792 cati
562 1748 765 1806 essent,
800 1757 897 1797 eos
934 1745 1177 1798 suilucri
1202 1753 1366 1812 atque
1399 1742 1766 1797 emolumenti
1796 1740 2015 1810 cupidi-

436 1835 546 1882 tate
592 1829 817 1885 minime
866 1833 1009 1901 capi,
1069 1847 1247 1901 neque
1290 1832 1523 1886 aliorum
1567 1830 1755 1901 gratiae
1803 1837 2017 1884 tantum

434 1920 701 1988 tribuere,
733 1932 794 1978 ut
825 1939 856 1977 a
897 1931 1047 1977 recto
1085 1923 1405 1993 integraque
1430 1921 1605 1975 oﬂieio
1639 1920 2012 1985 declinarent;

2180 740 2388 795 HAAA.
2419 741 2701 812 Πείθομαι.

2185 832 2351 886 ΚΥΡ.
2380 834 2495 886 ’Ἰνα
2523 834 2701 887 τοίνυν
2723 830 2899 903 ὀρθῶς
2918 850 2978 886 τε
3002 833 3095 886 καὶ
3120 832 3434 897 ἀδεκάστως
3456 835 3524 888 τὰ
3551 853 3665 908 παρ

2114 924 2458 992 εμπίπτοντα
2479 925 2825 996 διακρίνοιτο,
2855 924 2950 978 καὶ
2977 928 3025 977 οἱ
3052 925 3153 995 τῆς
3180 915 3494 991 πλεονεξίας
3516 930 3690 997 ἀφαν-

2118 1012 2313 1077 ίζοιντο
2344 1015 2553 1086 τρόποι,
2591 1033 2610 1066 ι
2651 1015 2877 1085 Κριτάς,
2919 1017 3083 1085 φησι,
3141 1017 3236 1069 καὶ
3281 1034 3692 1088 γραμματοεισ-

2115 1108 2351 1173 αγωγεῖς
2395 1108 2756 1176 καταστήσεις
2804 1106 3014 1177 σεαυτῷ
3052 1110 3110 1161 ὲν
3140 1109 3343 1174 πάσαις
3369 1113 3491 1174 ταῖς
3506 1113 3692 1166 πόλεσι

2118 1214 2233 1261 σου,
2263 1192 2351 1261 αἷς
2392 1198 2594 1269 Κύριος
2625 1200 2653 1251 6
2685 1197 2817 1260 Θεὸς
2832 1197 3012 1250 δίδωσί
3044 1214 3163 1262 σοι,
3195 1197 3337 1252 κατά
3376 1199 3546 1268 φυλὰς
3596 1202 3691 1254 καὶ

2116 1288 2364 1359 κρινοῦσι
2408 1288 2499 1342 τὸν
2543 1288 2668 1341 λαὸν
2708 1287 2922 1341 δικαίαν
2967 1289 3169 1358 κρίσιν.
3223 1291 3337 1345 Οὐκ
3381 1291 3689 1345 ἐκκλινοῦσι

2118 1381 2324 1451 κρίσιν,
2358 1381 2477 1434 οὐδὲ
2506 1381 2897 1449 ὲπιγνώσονται
2932 1381 3243 1451 πρόσωπον,
3274 1383 3395 1437 οὐδὲ
3424 1383 3689 1454 λήψονται

2115 1471 2265 1543 δῶρα
2285 1486 2299 1500 ·
2328 1471 2396 1523 τὰ
2424 1471 2531 1542 γὰρ
2558 1472 2709 1541 δῶρα
2737 1472 2993 1540 ἐκτυφλοῖ
3016 1471 3326 1542 ὀφθαλμοὺς
3355 1472 3533 1542 σοφῶν
3552 1514 3567 1537 ,
3592 1473 3691 1526 καὶ

2116 1559 2323 1631 ἐξαίρει
2355 1560 2548 1629 λόγους
2591 1562 2834 1616 δικαίων.
2883 1581 2902 1614 ι
2944 1562 3102 1632 ’ῼετο
3145 1561 3252 1634 γὰρ
3285 1562 3395 1615 δεῖν
3432 1564 3460 1616 6
3492 1562 3689 1633 νόμος,

2117 1653 2212 1707 καὶ
2249 1653 2396 1723 μάλα
2423 1653 2647 1717 εἰκότως
2674 1654 2800 1717 τοὺς
2831 1654 2988 1724 οἵπερ
3015 1651 3082 1708 ἂν
3104 1650 3213 1709 εἷεν
3242 1655 3323 1718 είς
3350 1654 3412 1707 τὸ
3448 1654 3692 1719 δικάζειν

2116 1742 2366 1813 ἠγμένοι,
2396 1744 2490 1796 καὶ
2522 1743 2617 1796 τοῦ
2640 1743 3073 1815 χρηματίζεσθαι
3099 1743 3275 1812 φιλεῖν
3308 1743 3538 1815 ὁρᾶσθαι
3567 1743 3692 1812 βελ-

2115 1832 2285 1895 τίους,
2321 1833 2415 1886 καὶ
2439 1835 2506 1904 τῇ
2536 1834 2673 1904 πρός
2705 1852 2856 1898 τινας
2891 1835 3030 1889 αἰδοῖ
3057 1835 3132 1907 μὴ
3164 1836 3560 1908 χαριζομένους
3595 1836 3692 1890 τοῦ

2117 1922 2296 1985 καλῶς
2326 1926 2422 1978 καὶ
2450 1924 2785 1995 ἀδιαόλήτως
2823 1926 3035 1997 ἔχοντος
3073 1926 3169 1997 τὴν
3214 1926 3556 1998 παράϐασιν,
3598 1928 3693 1980 καὶ

434 2012 529 2067 sed
568 2014 752 2082 potius
784 2015 933 2068 illam
971 2015 1028 2068 in
1072 2014 1299 2068 alteram
1351 2020 1563 2084 partem
1608 2011 2014 2067 inclinationem

2123 2014 2229 2085 μὴν
2263 2016 2357 2067 καὶ
2399 2016 2461 2069 τὸ
2505 2018 2867 2089 ἐτεροκλινὲς,
2900 2018 2977 2080 ὡς
3018 2018 3232 2071 ἀνόσιον
3269 2018 3690 2088 ἀποσειομένους

434 2105 604 2157 veluti
630 2104 896 2159 nefariam
932 2105 1251 2177 rejiciendo,
1286 2120 1351 2159 ac
1386 2105 1626 2174 singulas
1652 2120 1740 2158 res
1772 2103 2012 2174 legitime

432 2196 809 2265 ponderando,
860 2198 1065 2254 imitari
1106 2199 1263 2252 illum
1312 2198 1701 2252 universorum
1745 2196 2011 2266 judicem,

433 2286 713 2341 Christum
761 2288 1034 2353 videlicet,
1088 2303 1253 2359 quem
1288 2288 1406 2356 ipsa
1454 2302 1673 2357 quoque
1713 2286 1801 2340 lex
1827 2294 2015 2355 aperte

433 2380 840 2447 praenuntiavit,
875 2396 999 2435 cum
1042 2381 1221 2446 illum,
1256 2387 1449 2450 utpote
1503 2379 1599 2448 qui
1651 2379 1797 2432 Deus
1847 2383 2013 2439 esset,

434 2470 601 2524 etiam
642 2471 884 2542 judicem
939 2479 1283 2542 agnosceret.
1335 2470 1427 2525 Sic
1468 2470 1614 2524 enim
1658 2483 1847 2522 rursus
1890 2467 2012 2520 ait:

443 2579 462 2612 ι
487 2562 544 2616 Si
574 2578 707 2617 vero
739 2563 1018 2633 ingressus
1043 2562 1218 2617 fueris
1249 2562 1307 2615 in
1333 2570 1536 2616 terram
1565 2574 1728 2630 quam
1750 2557 2016 2613 Dominus

435 2653 583 2707 Deus
611 2663 737 2707 tuus
763 2654 855 2708 dat
900 2654 1001 2708 tibi
1052 2654 1110 2707 in
1160 2653 1585 2723 possessionem,
1621 2659 1677 2705 et
1704 2648 2017 2720 possederis

435 2761 580 2809 eam,
616 2752 673 2799 et
705 2745 1038 2801 habitaveris
1074 2746 1130 2800 in
1171 2761 1258 2810 ea,
1298 2753 1355 2799 et
1388 2743 1589 2798 dixeris
1618 2760 1631 2796 :
1672 2742 2015 2797 Constitnam

436 2836 572 2890 mihi
596 2836 919 2905 principem,
942 2844 1002 2890 ut
1026 2845 1083 2891 et
1109 2837 1230 2891 aliae
1263 2844 1454 2906 gentes
1519 2849 1640 2904 quae
1664 2840 1793 2889 sunt
1819 2833 1876 2886 in
1905 2833 2015 2887 cir-

436 2929 589 2983 cuitu
623 2943 772 2994 meo;
808 2929 1151 2983 constituens
1229 2926 1529 2983 constitues
1555 2925 1655 2979 tibi
1708 2924 2016 2995 principem

435 3036 601 3090 quem
631 3020 858 3090 elegerit
878 3021 1145 3075 Dominus
1169 3021 1315 3075 Deus
1341 3027 1500 3086 tuus;
1528 3020 1709 3090 ipsum
1736 3018 1803 3073 de
1830 3017 2014 3072 fratri-

437 3111 540 3166 bus
569 3110 677 3166 tuis
702 3110 1004 3166 constitues
1045 3125 1209 3181 super
1239 3118 1290 3165 te
1310 3111 1613 3181 principem
1638 3127 1651 3162 :
1677 3124 1787 3162 non
1815 3106 2018 3178 poteris

437 3203 773 3256 constituere
816 3217 983 3272 super
1014 3207 1066 3257 te
1098 3202 1404 3272 principem
1449 3201 1726 3255 hominem
1755 3199 2016 3270 alienige-

440 3306 586 3354 nam,
621 3291 749 3358 quia
772 3305 883 3346 non
909 3300 993 3346 est
1015 3290 1408 3346 frat‘ertuus”.
1440 3311 1458 3342 ›
1485 3289 1711 3360 Oportet
1742 3290 1887 3344 enim
1916 3304 2018 3343 nos

436 3397 469 3435 a
521 3383 786 3438 servitute
827 3391 1096 3438 creaturae
1138 3383 1323 3454 potius
1383 3399 1547 3455 quam
1589 3382 1852 3438 creatoris
1896 3381 1997 3435 Dei

2115 2104 2544 2171 ταλαντεύοντάς
2570 2126 2630 2161 τε
2665 2111 2941 2180 συννόμως
2965 2108 3173 2162 ἕκαστα
3199 2109 3306 2165 τῶν
3331 2109 3690 2181 πραγμάτων,

2116 2196 2209 2250 καὶ
2246 2197 2336 2249 τὸν
2368 2196 2474 2250 τῶν
2514 2198 2652 2251 ὅλων
2682 2199 3076 2269 ἀπομιμεῖσθαι
3105 2200 3329 2272 κριτὴν,
3369 2199 3512 2253 τοῦτ’
3555 2199 3691 2265 ἐστι,

2078 2336 2081 2339 .
2116 2288 2348 2357 Χριστὸν
2371 2329 2385 2351 ,
2423 2288 2483 2340 ὃν
2523 2289 2617 2342 καὶ
2650 2289 2814 2353 αὐτὸς
2862 2290 2891 2341 ὀ
2938 2290 3100 2361 νόμος
3150 2289 3693 2361 προαναπεφώνηκεν

2115 2379 2394 2450 ἐναργῶς,
2427 2380 2523 2433 καὶ
2563 2381 2756 2450 κριτὴν
2797 2380 2924 2433 ὄντα
2956 2379 3108 2444 εἰδὼς
3141 2382 3216 2444 ὡς
3256 2380 3408 2435 Θεόν.
3454 2382 3598 2450 Ἔφη
3635 2380 3694 2433 δὲ

2116 2471 2257 2526 οὕτω
2287 2473 2467 2525 πάλιν·
2512 2489 2531 2522 ι
2576 2471 2701 2526 Ἐὰν
2724 2473 2780 2525 δὲ
2800 2471 3045 2543 εἰσέλθῃς
3084 2472 3163 2531 είς
3193 2472 3292 2540 τὴν
3320 2471 3421 2540 γῆν
3440 2510 3454 2535 ,
3479 2471 3544 2541 ἣν
3574 2471 3695 2523 Κύ-

2120 2580 2233 2635 ριος
2271 2565 2299 2616 6
2344 2563 2477 2627 Θεός
2517 2580 2610 2616 σου
2653 2562 2834 2616 δίδωσί
2861 2578 2942 2615 σοι
2970 2563 3028 2616 ὲν
3054 2561 3239 2632 κλήρῳ
3262 2601 3276 2623 ,
3311 2562 3406 2614 καὶ
3437 2561 3696 2633 κληρονο-

2119 2657 2299 2727 μήσῃς
2331 2655 2521 2726 αὐτὴν,
2555 2655 2648 2708 καὶ
2680 2655 3012 2725 κατοικήσῃς
3039 2654 3126 2706 ἐπ’
3148 2653 3341 2724 αὐτῆς,
3371 2653 3467 2707 καί
3491 2653 3653 2725 εἴπῃς
3676 2695 3691 2716 ,

2115 2749 2456 2817 Καταστήσω
2494 2747 2582 2799 ἐπ’
2609 2745 2843 2818 ἐμαυτὸν
2871 2746 3106 2817 ἄρχοντα
3138 2743 3286 2798 καθὰ
3314 2745 3406 2798 καὶ
3430 2742 3499 2797 τὰ
3530 2744 3695 2798 λοιπὰ

2116 2837 2241 2909 ἔθνη
2264 2838 2331 2891 τὰ
2359 2837 2542 2909 κύκλῳ
2576 2855 2701 2909 μου,
2733 2837 3006 2891 καθιστῶν
3028 2837 3389 2906 καταστήσεις
3412 2837 3504 2889 ἐπὶ
3530 2852 3690 2890 σεαυο

2115 2926 2205 2980 τδν
2230 2925 2484 2998 ἄρχοντα,
2515 2926 2572 2979 ὃν
2601 2926 2665 2980 ἂν
2700 2924 2984 2996 ἐκλέξηται
3004 2924 3210 2996 Κύριος
3240 2927 3268 2979 6
3296 2924 3427 2988 Θεός
3450 2942 3567 2990 σου,
3600 2926 3696 2978 αύ-

2115 3019 2205 3074 τδν
2250 3022 2314 3073 ὲκ
2357 3018 2465 3073 τῶν
2501 3017 2745 3087 ἀδελφῶν
2786 3034 2879 3071 σου
2926 3018 3289 3086 καταστήσεις
3326 3017 3419 3070 ἐπὶ
3468 3017 3693 3070 σεαυτὸν

2115 3113 2353 3182 ἄρχοντα
2372 3124 2388 3141 ο
2416 3112 2476 3163 οὐ
2497 3110 2702 3182 δυνήσῃ
2732 3108 3076 3178 καταστῆσαι
3103 3108 3194 3161 ἐπὶ
3226 3108 3449 3161 σεαυτὸν
3482 3108 3693 3179 ἄνθρω-

2117 3220 2215 3257 πον
2248 3201 2543 3273 ἀλλότριον,
2579 3201 2659 3255 ὅτι
2690 3200 2789 3254 οὐκ
2826 3198 3054 3269 ἀδελφός
3100 3197 3194 3252 σού
3235 3200 3405 3254 ἐστιν.
3447 3217 3466 3251 ι
3506 3199 3580 3252 Οὐ
3614 3198 3694 3252 δεῖ

2118 3294 2228 3366 γὰρ
2265 3295 2412 3365 ἡμᾶς
2454 3296 2521 3365 τῇ
2565 3292 2741 3346 κτίσει
2786 3291 3071 3363 λατρεύειν
3111 3290 3260 3362 παρὰ
3298 3290 3389 3344 τὸν
3432 3289 3694 3344 κτίσαντα

2120 3386 2272 3449 Θεὸν,
2306 3385 2481 3448 ἱέντας
2513 3385 2586 3447 ὼς
2616 3384 2870 3438 ἐσωτάτω
2896 3386 3008 3446 τοῖς
3032 3383 3128 3452 τῆς
3152 3380 3410 3453 ἀληθείας
3437 3379 3694 3452 προσκλί-

438 3472 756 3544 longissime
794 3474 1153 3546 refugientes,
1183 3476 1252 3531 ad
1301 3476 1549 3531 veritatis
1575 3489 1856 3530 sermones
1888 3487 2014 3543 pro-

2118 3474 2307 3531 νεσθαι
2332 3474 2510 3542 λόγοις
2534 3474 2610 3544 (ι)
2630 3514 2646 3538 ,
2682 3473 2775 3527 καὶ
2796 3473 3106 3527 εἰσκαλέσαι
3141 3473 3237 3545 μὲν
3265 3471 3453 3543 ὥσπερ
3478 3473 3557 3536 είς
3589 3471 3695 3540 γῆν

440 3578 642 3633 pensos
660 3580 801 3629 esse,
828 3572 885 3618 et
925 3581 1213 3621 accurrere
1246 3566 1652 3636 quodammodo
1685 3567 1742 3620 in
1776 3572 2014 3620 sanctam

2119 3565 2221 3634 τὴν
2248 3563 2427 3632 ἁγίαν,
2463 3562 2608 3617 τοῦτ’
2641 3562 2780 3627 ἐστι,
2813 3563 2911 3634 τὴν
2933 3562 3264 3631 ἐπαγγελίαν
3298 3561 3391 3615 τοῦ
3430 3560 3563 3613 Θεοῦ
3597 3559 3695 3630 τὴν

443 3663 666 3719 terram,
696 3654 859 3723 279
878 3655 933 3708 id
951 3664 1054 3720 est,
1078 3656 1146 3709 ad
1183 3651 1728 3726 promissionemDei,
1747 3674 1845 3727 per
1860 3657 2014 3711 ﬁdem

2121 3655 2211 3709 διὰ
2247 3654 2479 3717 πίστεως
2514 3654 2613 3725 τῆς
2648 3655 2707 3707 ὲν
2746 3653 3001 3725 Χριστῷ’
3035 3653 3377 3723 καταστῆσαι
3429 3651 3487 3704 δὲ
3523 3650 3696 3713 οὕτως

439 3758 563 3812 quae
595 3751 680 3797 est
706 3744 763 3796 in
790 3742 1028 3807 Christo,
1066 3755 1229 3814 atque
1256 3746 1334 3799 ita
1362 3746 1701 3802 constituere
1729 3764 1895 3818 super
1923 3767 2014 3807 nos

2124 3747 2208 3818 ἐφ’
2233 3749 2446 3810 ἑαυτοῖς
2470 3746 2704 3818 ἄρχοντα
2731 3747 2826 3800 καὶ
2847 3745 3039 3818 κριτὴν
3057 3746 3147 3800 τὸν
3176 3746 3241 3798 ἐκ
3261 3743 3393 3798 Θεοῦ
3414 3739 3697 3812 πεφυκότα

440 3833 745 3903 principem
757 3848 822 3887 ac
843 3833 1085 3905 judicem
1110 3835 1266 3889 illum
1300 3837 1393 3904 qui
1429 3852 1494 3890 ex
1513 3837 1625 3891 Deo
1649 3847 1802 3895 ortus
1823 3843 2014 3908 est,Fi-

2124 3840 2275 3902 Υίὺν,
2294 3836 2397 3892 κᾶν
2417 3839 2465 3891 εί
2488 3840 2660 3891 νοοῖτο
2682 3835 2818 3906 μετά
2842 3836 3043 3908 σαρκός
3062 3853 3075 3868 ·
3099 3837 3249 3904 λέγει
3273 3851 3334 3888 τε
3356 3835 3485 3904 περὶ
3511 3833 3693 3905 ήμῶν

441 3923 599 3988 lium,
630 3923 881 3991 quamvis
909 3938 1033 3978 cum
1064 3939 1230 3979 carne
1260 3924 1618 3997 intelligatur,
1642 3929 1737 3998 qui
1771 3929 1840 3986 de
1866 3932 2014 3988 nobis

2132 3949 2148 3981 ι
2200 3928 2344 3998 Ἐγὼ
2370 3928 2428 3982 δὲ
2458 3926 2797 3997 κατεστάθην
2827 3925 3078 3995 βασιλεὺς
3106 3925 3197 3978 ὑπ’
3222 3924 3408 3989 αὐτοῦ,
3436 3926 3528 3977 έπι
3558 3922 3697 3974 Σιὼν

449 4016 583 4071 dicit
622 4033 635 4069 :
680 4035 699 4067 ι
736 4014 846 4086 Ego
869 4025 1049 4070 autem
1079 4017 1408 4072 constitutus
1441 4034 1560 4073 sum
1592 4036 1686 4076 rex
1716 4023 1784 4078 ab
1825 4040 1890 4080 eo
1921 4041 2013 4079 su-

446 4122 547 4179 per
571 4105 700 4160 Sion
732 4114 969 4161 montem
1000 4115 1247 4162 sanctum
1280 4109 1417 4178 ejus,
1448 4111 1750 4179 praedicans
1774 4130 2015 4186 praecep-

447 4207 562 4251 tum
594 4197 805 4251 Domini
833 4197 898 4250 “.
929 4214 943 4250 ι
985 4198 1163 4252 Alium
1202 4208 1382 4254 autem
1416 4200 1554 4255 ultra
1596 4202 1747 4257 illum
1790 4206 2016 4261 omnino

447 4288 795 4343 admittemus
834 4290 1129 4357 neminem,
1170 4307 1346 4362 neque
1378 4302 1689 4349 exlerornm
1727 4296 1858 4367 jugo
1894 4312 2014 4352 cer-

450 4379 621 4433 vicem
650 4380 1063 4437 submittemus:
1098 4399 1239 4438 unus
1275 4395 1359 4440 est
1378 4386 1523 4440 enim
1562 4387 1721 4442 nobis
1757 4389 2011 4460 magister

441 4467 768 4524 Christus".
809 4470 984 4525 Miseri
1008 4480 1188 4526 autem
1211 4472 1381 4529 Judaei
1404 4475 1604 4529 exclusi
1635 4486 1762 4530 sunt
1790 4485 2009 4546 propter

446 4555 845 4622 inﬁdelitatem,
868 4574 1043 4629 neque
1063 4559 1167 4614 sibi
1188 4560 1491 4631 principem
1527 4578 1590 4618 ac
1609 4564 1848 4635 judicem
1872 4579 2029 4619 acce-

2125 4022 2252 4093 ὅρος
2282 4020 2343 4074 τὸ
2381 4021 2534 4089 ἀγιον
2560 4019 2743 4082 αὑτοῦ,
2778 4018 3109 4088 διαγγέλλων
3138 4017 3200 4070 τὸ
3223 4017 3550 4087 πρόσταγμα
3584 4015 3701 4067 Κυ-

2131 4114 2269 4186 ρίου.
2299 4131 2317 4165 ι
2353 4111 2581 4182 Ἐτερόν
2617 4128 2681 4180 γε
2714 4111 2821 4180 μὴν
2852 4111 2938 4162 ἐπ’
2968 4107 3117 4178 αὐτῷ
3143 4106 3204 4159 τὸ
3234 4105 3473 4177 σύμπαν,
3505 4105 3701 4159 οὐδένα

2129 4202 2573 4275 παραδεξόμεθα,
2607 4201 2702 4255 καὶ
2726 4203 2837 4262 τοῖς
2869 4198 3089 4253 ὀθνείων
3132 4197 3318 4266 ζυγοῖς
3350 4197 3448 4267 οὐχ
3481 4195 3705 4248 ὑποίσο-

2132 4315 2231 4369 μεν
2260 4296 2352 4350 τὸν
2378 4294 2580 4364 αὐχένα
2603 4309 2616 4324 ·
2644 4287 2724 4356 εἷς
2746 4292 2854 4365 γὰρ
2880 4293 3009 4362 ἡμῖν
3039 4292 3155 4343 ἐστι
3176 4288 3492 4360 καθηγητὴς
3510 4288 3538 4339 ὁ
3561 4288 3702 4357 Χρι-

2129 4388 2271 4451 στός.
2331 4383 2572 4437 Ἰουδαῖοι
2604 4381 2713 4454 γὰρ
2748 4383 2798 4435 οἱ
2844 4381 3069 4444 τάλανες
3106 4378 3210 4444 ἔξω
3250 4379 3587 4450 μεμενήκασι
3631 4379 3701 4432 δι’

2129 4476 2403 4539 ἀπιστίαν,
2428 4475 2520 4529 καὶ
2537 4474 2737 4545 ἣκιστα
2762 4473 2864 4543 μὲν
2898 4474 2982 4542 ἐφ’
3014 4473 3227 4536 ἑαυτοῖς
3262 4472 3341 4534 είς
3377 4471 3612 4542 ἄρχοντά
3637 4487 3700 4523 τε

2128 4570 2222 4622 καὶ
2251 4568 2443 4639 κριτὴν
2484 4566 2838 4633 κατεδέξαντο
2882 4565 2976 4619 τὸν
3014 4565 3280 4635 Χριστὸν,
3311 4562 3407 4618 καί
3442 4580 3523 4617 τοι
3565 4579 3699 4616 κατ-

444 4645 1218 4719 peruntChristum,quamvis
1234 4652 1323 4706 ille
1347 4652 1414 4708 de
1442 4654 1581 4708 cmlo
1610 4655 1704 4709 Dei
1730 4654 1905 4708 Patris
1932 4668 2014 4709 vo-

2128 4659 2364 4730 ηγμένον
2393 4656 2453 4722 ἐξ
2479 4657 2710 4728 οὐρανοῦ
2730 4698 2744 4723 ,
2770 4656 2984 4728 θελήσει
3010 4673 3070 4708 τε
3095 4656 3187 4708 καὶ
3212 4653 3428 4723 εὐδοκία
3452 4653 3541 4705 τοῦ
3563 4650 3700 4705 Θεοῦ

433 4738 655 4807 {luntate
673 4755 737 4794 ac
758 4742 1097 4811 beneplacito
1113 4743 1502 4812 descendisset;
1520 4746 1615 4800 sed
1634 4746 1856 4814 insuper
1871 4745 2036 4801 homi-

444 4842 571 4882 nem
590 4829 969 4900 alienigenam,
993 4833 1208 4902 qui_sibi
1225 4835 1535 4905 imperaret,
1557 4837 2018 4905 elegerunt,illum

446 4918 773 4987 perditionis
788 4920 982 4987 ﬁlium,
1012 4924 1411 4980 Antichristum
1435 4925 1579 4989 dico,
1612 4935 1928 4982 extraneum
1963 4937 2019 4985 et

446 5010 826 5082 alienigenam,
851 5029 1027 5085 neque
1050 5032 1116 5071 ex
1138 5032 1336 5088 genere
1372 5016 1538 5070 Israel
1568 5025 1770 5082 ortum,
1798 5022 2015 5076 tametsi

447 5103 536 5157 lex
558 5112 748 5172 aperte
781 5106 1146 5181 prohibuerit,
1186 5128 1204 5159 ι
1239 5108 1357 5162 Non
1385 5108 1611 5177 poteris,
1638 5108 1835 5179 inquit,
1883 5125 2016 5166 con—

449 5193 679 5259 stituere
706 5212 870 5266 super
903 5200 1149 5270 teipsum
1180 5199 1456 5253 hominem
1485 5198 1865 5270 alienigenam,
1889 5203 2019 5272 quia

449 5303 559 5344 non
578 5300 662 5346 est
684 5289 855 5347 frater
877 5299 1004 5348 tuus
1029 5293 1109 5359 ⁸⁸;
1152 5312 1170 5345 ι
1203 5301 1259 5347 et
1289 5293 1466 5364 ipsum
1493 5308 1713 5363 quoque
1736 5293 2016 5350 Christum

2122 4751 2218 4806 καὶ
2243 4749 2472 4819 Πατρὸς,
2506 4748 2751 4819 καὶπρὸς
2774 4747 2983 4810 τούτοις
3007 4747 3087 4799 ὅτι
3120 4746 3213 4799 καὶ
3231 4744 3517 4815 ἄνθρωπον
3544 4742 3694 4794 ἀλλό-

2121 4855 2272 4911 τριον
2302 4838 2384 4906 ἐφ’
2414 4838 2627 4900 ἑαυτοῖς
2661 4837 3138 4907 κεχειροτονήκασι
3168 4833 3260 4887 τὸν
3291 4834 3390 4904 τῆς
3424 4830 3700 4911 ἀπωλείας

2125 4903 2265 4996 υίὺν,
2298 4903 2445 4982 τοῦτ’
2487 4928 2623 4991 ἐστι,
2660 4903 2760 4982 τδᾷ
2792 4903 3192 4999 ’Ᾰντίχριστον,
3236 4903 3468 4993 ἔκφυλόν
3508 4903 3701 4975 τε’καὶ

2123 5021 2409 5089 ἀλλογενῆ,
2449 5020 2542 5073 καὶ
2567 5020 2673 5073 οὐδ’
2703 5018 2762 5084 ἐξ
2794 5019 3025 5089 αἵματος
3074 5016 3322 5089 Ἰσραὴλ,
3353 5015 3444 5072 καί
3485 5031 3564 5067 τοι
3602 5013 3699 5066 τοῦ

2122 5114 2290 5184 νόμου
2335 5112 2635 5175 διειπόντος
2682 5111 2888 5180 σαφῶς,
2938 5129 2957 5161 ι
3005 5111 3080 5162 Οὐ
3113 5108 3318 5183 δυνήσῃ
3361 5105 3701 5175 καταστῆται

2123 5209 2216 5261 ἐπὶ
2263 5205 2492 5259 σεαυτὸν
2522 5203 2805 5276 ἄνθρωπον
2857 5200 3170 5271 ἀλλότριον,
3209 5199 3290 5253 ὅτι
3338 5199 3438 5250 οὐκ
3476 5195 3699 5263 ἀδελφός

2125 5296 2219 5350 σού
2244 5299 2411 5350 ὲττιν.
2447 5314 2465 5347 ι
2500 5295 2737 5348 Ἤκουον
2768 5292 2825 5344 δὲ
2857 5290 3107 5358 λέγοντος
3137 5289 3231 5342 καὶ
3261 5285 3426 5341 αὑτοῦ
3448 5284 3542 5337 τοῦ
3567 5285 3609 5337 Χ
3619 5301 3702 5357 ρι-

522 5443 568 5479 ³⁵
592 5444 751 5503 Dent.
782 5461 895 5512 xvr,
928 5446 1018 5512 18,
1060 5447 1146 5502 19.
1221 5448 1264 5480 ³⁵
1294 5448 1452 5502 Deut.
1476 5464 1606 5514 xvn,
1646 5449 1732 5515 M,
1760 5448 1844 5505 l5.
1925 5450 1970 5482 ³⁸
2001 5452 2014 5507 l

2118 5454 2142 5506 ί.
2170 5468 2227 5517 ιι,
2270 5451 2324 5506 6.
2401 5450 2444 5481 ³⁷
2475 5447 2665 5503 Matth.
2701 5461 2850 5511 xxnt,
2890 5444 2943 5498 8.
3019 5443 3065 5476 ³⁸
3096 5444 3253 5498 Deut.
3285 5457 3411 5508 xvu,
3448 5443 3532 5499 15.

524 5598 604 5669 (1)
635 5598 770 5653 Cod.
795 5601 972 5656 Vatic.
999 5619 1012 5653 :
1039 5604 1129 5656 Δεῖ
1158 5604 1267 5673 γὰρ
1319 5604 1464 5727 ῃμᾶς
1493 5603 1555 5684 τζ)
1587 5604 1781 5686 ,κτίσει
1812 5606 2088 5677 λατρεύειν
2132 5606 2282 5679 παρὰ
2311 5605 2401 5659 τὸν
2440 5603 2700 5658 κτίσαντα
2741 5600 2873 5660 Θεδν
2916 5603 3094 5666 ἱέντας
3139 5601 3429 5667 ἀπωτάτω,
3456 5600 3569 5663 τοῖς
3604 5603 3700 5670 τῆς

524 5668 709 5727 ηθιίας
750 5670 939 5727 προκλ.
973 5671 1172 5727 λόγοις.
1211 5689 1320 5727 auo
1390 5672 1626 5727 l‘CddIdlt
1667 5685 1953 5727 interpres.

454 5668 709 5740 ἀληθείας
750 5670 939 5740 προκλ.
973 5668 1183 5741 λόγοις,
1211 5668 1371 5746 quod'
1390 5672 1626 5728 reddidit
1667 5668 1953 5747 interpres.
