3962 6296
240 267 315 321 77
911 262 1000 321 DE
1038 262 1478 321 ADORATlONE
1517 262 1583 319 IN
1625 260 1891 319 SPIRITU
1933 263 2021 318 ET
2059 264 2425 320 VERITATE.
2470 261 2598 319 LIB.
2631 265 2762 320 Vill.

3376 267 3482 325 578
3530 276 3535 289 '

206 379 338 433 στοῦ
358 397 372 410 ·
412 398 431 432 ι
457 378 600 447 Ἐγὼ
620 376 861 449 ἐλήλυθα
881 380 938 432 ὲν
960 378 1038 450 τῷ
1058 379 1281 450 ὀνόματι
1306 379 1400 434 τοῦ
1432 378 1641 450 Πατρός
1679 394 1800 448 μου,

1908 378 2164 433 audirent
2217 377 2514 433 dicentem:
2566 397 2585 429 ι
2621 378 2735 449 Ego
2782 378 2907 433 veni
2939 378 2997 432 in
3029 377 3253 435 nomine
3303 381 3484 441 Patris

206 473 305 525 καὶ
331 472 397 526 οὐ
426 470 741 541 λαμϐάνετέ
776 488 866 542 με.
908 472 1034 525 Ἐάν
1060 471 1224 535 ἄλλος
1249 471 1378 543 ἔλθῃ
1399 472 1457 525 ὲν
1478 471 1555 542 τῷ
1581 471 1806 541 ὀνόματι

208 562 291 634 τῷ
320 563 461 633 ίδίῳ,
493 563 704 616 ἐκεῖνον
724 562 984 633 λήψεσθε.
1021 580 1039 612 ι
1078 562 1475 633 Ἐπιδεδήμηκε
1496 562 1603 633 γάρ
1626 565 1653 615 6
1674 564 1808 635 Χρι-

213 656 337 719 στὸς
367 657 449 719 εἰς
476 653 635 719 δόξαν
662 655 800 707 Θεοῦ
830 655 1063 726 Πατρός.
1092 655 1249 719 Ἥξει
1276 655 1333 708 δὲ
1360 654 1500 708 κατὰ
1529 654 1755 720 καιροὺς
1779 658 1806 709 6

208 747 312 815 τῆς
341 745 578 815 ἀνομίας
624 745 741 808 υίὸς
760 784 774 808 ,
802 744 903 798 οὐκ
931 746 1011 808 είς
1038 744 1195 811 δόξαν
1223 743 1356 798 Θεοῦ
1385 743 1617 816 Πατρὸς,
1651 745 1805 797 τοῦτο

208 835 320 905 γὰρ
350 830 506 904 οἶμαι
533 828 677 889 εἶναι
707 832 788 895 τὸ,
834 834 921 887 Ἐν
950 833 1028 904 τῷ
1054 832 1274 903 ὀνόματι
1306 831 1400 885 τοῦ
1430 832 1659 904 Πατρὸς,
1691 831 1803 885 ἀλλ’

214 927 324 992 ἰδία
372 923 587 993 κεφαλῇ
624 921 924 993 περιτιθεὶς
969 925 997 976 6
1039 922 1267 986 δείλαιος
1311 922 1370 975 τὸ
1408 922 1507 991 τῆς
1553 922 1804 993 θεότητος

210 1017 408 1085 δνομα.
438 1034 456 1065 ι
488 1012 775 1067 Καθιεῖται
794 1013 902 1084 γάρ
925 1014 1006 1078 είς
1032 1013 1122 1066 τὸν
1140 1006 1286 1067 οἷκον
1314 1013 1408 1067 τοῦ
1432 1013 1568 1067 Θεοῦ
1591 1014 1804 1068 ἀποδει-

211 1108 346 1171 κνὺς
368 1106 581 1173 ἑαυτὸν,
603 1106 686 1159 ὅτι
709 1106 824 1159 ἐστὶ
852 1105 1001 1169 Θεός.
1028 1125 1048 1159 ι
1086 1105 1224 1158 Ἀλλ’
1248 1104 1349 1159 οὐκ
1373 1104 1437 1160 ἂν
1465 1104 1615 1175 αὐτῷ
1636 1123 1801 1178 προσ-

213 1199 548 1267 κυνήσουσιν
607 1196 876 1262 Ἰουδαῖοι,
926 1189 1035 1250 οὐδ’
1071 1197 1136 1250 ἂν
1183 1195 1258 1261 ὼς
1301 1193 1537 1268 Χριστὸν
1569 1198 1803 1269 παραδέ-

217 1285 409 1350 ξαιντό
444 1304 577 1341 ποτε
619 1285 915 1357 τηροῦντες
958 1287 1048 1340 τὸν
1091 1286 1285 1356 νόμον·
1330 1285 1390 1351 ἐξ
1424 1287 1651 1357 αἵματος
1692 1286 1800 1357 γάρ

226 1378 447 1450 Ἰσραὴλ
475 1370 746 1448 ἀναφῦναι
783 1377 1038 1449 Χριστὸν,
1076 1379 1501 1449 προμεμήνυκεν
1533 1379 1798 1449 ἐναργῶς.

217 1472 279 1525 υἱ
303 1472 387 1535 δὲ,
423 1468 698 1525 καὶτοῦτο
723 1469 977 1540 μεθέντες
1007 1469 1081 1532 ὡς
1110 1469 1299 1535 ἕωλον,
1328 1470 1615 1541 ἄνθρωπον
1648 1471 1803 1525 ἀλλό-

218 1571 373 1631 τριον
401 1560 498 1614 καὶ
523 1558 788 1629 ἁλλογενῆ
823 1557 1234 1630 παραδέξονται.

284 1649 502 1703 ΠΔΔΛ.
531 1646 744 1703 Οὐκοῦν
767 1648 973 1701 ἔδονται
1000 1646 1099 1718 τῆς
1132 1644 1338 1701 ἑαυτῶν
1366 1646 1488 1700 ὁδοῦ
1514 1647 1639 1711 τοὺς
1670 1664 1801 1718 καρ·

1908 467 2038 533 mei,
2078 476 2134 521 et
2159 481 2270 521 non
2290 466 2671 536 aceipitisme:
2708 466 2753 521 si
2774 466 2916 521 alius
2935 469 3152 523 venerit
3178 469 3234 524 in
3259 472 3482 527 nomine

1908 573 2028 623 suo,
2063 558 2218 611 illum
2256 556 2540 627 accipietis
2572 556 2653 622 ³⁹;
2687 575 2705 607 ι
2743 556 2961 611 advenit
2981 560 3126 612 enim
3156 559 3407 618 Christus
3426 564 3479 619 in

1906 649 2134 721 gloriam
2173 649 2270 704 Dei
2304 649 2507 713 Patris,
2539 648 2594 703 id
2636 648 2784 703 enim
2814 665 2934 704 esse
2957 657 3111 719 puto,
3159 651 3219 705 In
3251 655 3475 710 nomine

1905 740 2116 807 Patris;
2150 741 2336 796 veniet
2363 748 2547 794 autem
2572 740 2686 795 suis
2710 739 3051 809 temporibus
3079 741 3171 796 ille
3203 742 3348 799 ﬁlius
3375 747 3481 800 ini-

1905 832 2152 902 quitatis,
2183 847 2293 886 non
2323 831 2380 885 in
2424 831 2654 902 gloriam
2684 830 2780 885 Dei
2811 829 3006 896 Patris,
3034 832 3130 886 sed
3180 848 3279 887 suo
3312 837 3477 905 capiti

1904 924 2073 979 miser
2101 924 2343 993 imponet
2371 922 2676 977 divinitatis
2699 938 2920 976 nomen.
2960 943 2977 973 ι
3002 922 3388 979 Sedebitenim
3423 928 3481 983 in

1904 1013 2069 1068 domo
2107 1013 2203 1067 Dei
2236 1012 2532 1068 ostendens
2587 1012 2826 1082 seipsum
2875 1012 3024 1082 quod
3063 1014 3135 1068 sit
3180 1015 3327 1071 Deus
3352 1017 3417 1070 ‘°.
3452 1035 3473 1069 ι

1906 1103 2010 1158 Sed
2032 1120 2315 1173 nunquam
2354 1103 2506 1158 illum
2528 1104 2703 1159 Judaei
2731 1111 2924 1158 essent
2965 1104 3270 1171 adoraturi,
3301 1122 3480 1178 neque

1904 1205 1966 1251 ut
2004 1196 2283 1252 Christum
2310 1196 2641 1267 suscepturi,
2668 1196 2714 1252 si
2742 1197 2919 1266 legem
2949 1197 3326 1264 observarent,
3356 1216 3480 1269 qua:

1902 1289 2191 1345 manifeste
2244 1290 2646 1359 pronuntiavit,
2694 1289 2811 1344 fore
2859 1298 2920 1343 ut
2950 1304 3016 1343 ex
3051 1289 3267 1344 Israelis
3309 1289 3479 1361 stir'pe

1901 1378 2158 1435 Christus
2186 1379 2449 1433 oriretur.
2497 1380 2603 1435 Sed
2629 1379 2728 1447 illi,
2757 1379 2811 1435 id
2847 1394 3065 1450 quoque
3091 1387 3350 1450 tanquam
3378 1396 3478 1435 ve-

1903 1483 1992 1529 tus
2039 1490 2104 1529 ac
2132 1473 2383 1545 putidum
2440 1472 2772 1543 rejicientcs,
2811 1470 3090 1525 hominem
3116 1471 3379 1537 alienum,
3420 1482 3478 1528 et

1900 1566 2261 1636 alienigenam
2282 1565 2573 1635 recipient.
3292 1572 3295 1575 '

1968 1657 2166 1713 PALL.
2190 1657 2360 1727 Igitur
2382 1656 2549 1712 edent
2582 1655 2793 1710 fructus
2844 1654 2948 1710 viae
2984 1670 3095 1710 suae
3137 1654 3203 1721 δι,
3244 1661 3300 1709 et
3337 1655 3475 1709 adeo

214 1741 373 1804 ποὺς,
415 1738 641 1810 καὶτῆς
682 1736 913 1809 αίσχρᾶς
956 1733 1355 1817 είκαιοόουλίας
1388 1736 1512 1807 ¹τὴν
1564 1736 1791 1807 ίσοπαλῆ

1905 1750 2075 1820 turpis
2105 1749 2161 1803 in
2189 1749 2423 1804 consilio
2438 1748 2718 1835 capiendo
2744 1746 3075 1802 temeritatis
3120 1746 3314 1818 dignas
3352 1762 3474 1816 pa:-

216 1831 544 1903 κομιοῦνται
578 1829 755 1902 δίκην.

280 1922 453 1977 ΚΥΡ.
525 1919 602 1976 Εὖ
665 1918 839 1994 ἔφης·
884 1921 914 1974 6
970 1920 1161 1991 γάρτοι
1220 1919 1287 1973 τὰ
1357 1919 1541 1974 δίκαια
1599 1920 1799 1992 κρίνων

216 2013 372 2079 Θεὸς,
402 2014 648 2084 διανεμεῖ
677 2013 743 2085 δὴ
778 2013 996 2075 πάντως
1025 2012 1241 2082 ἑκάστῳ
1265 2013 1408 2065 κατὰ
1431 2012 1492 2066 τὸ
1512 2012 1673 2083 ἔργον
1698 2013 1797 2065 αὐ-

367 2107 481 2160 Καὶ
529 2098 632 2159 ὦδε
670 2105 771 2175 μὲν
799 2106 932 2176 ἡμῖν
973 2104 1143 2175 έχέτω
1185 2105 1362 2169 ταυτὶ,
1408 2105 1504 2158 καὶ
1539 2103 1797 2177 ἀποχρῶν

217 2196 360 2251 tam
387 2199 416 2251 6
444 2196 623 2265 λόγος.
667 2194 835 2265 ’Δτὰρ
866 2195 928 2266 δὴ
956 2197 1066 2258 τοῖς
1114 2197 1194 2260 είς
1241 2195 1302 2250 τὸ
1335 2195 1542 2267 κρίνειν
1581 2195 1797 2266 ἐτέρους

220 2289 502 2360 ἠγμένοις,
530 2290 626 2342 καὶ
657 2288 739 2351 είς
781 2288 873 2340 τὸν
914 2290 1027 2352 τοῖς
1073 2287 1351 2351 δικάζουσι
1380 2287 1658 2361 πρέποντα
1690 2287 1796 2341 θῶ-

220 2394 333 2446 κον,
363 2378 635 2449 ἐπεφώνει
666 2378 829 2432 πάλιν
869 2380 897 2433 6
931 2379 1089 2449 νόμος
1113 2395 1127 2409 ·
1169 2397 1187 2430 ι
1220 2381 1294 2433 Οὐ
1319 2380 1598 2453 παραδέξῃ
1627 2380 1797 2451 ἀκοὴν

232 2470 495 2540 ματαίαν,
528 2487 547 2520 ι
582 2467 727 2521 τοῦτ’
757 2466 892 2532 ἔστι,
924 2467 1080 2536 λόγον
1108 2467 1277 2539 ψευδῆ
1310 2469 1405 2522 καὶ
1438 2468 1796 2536 συκοφαντίας

218 2561 478 2631 έμπλεω·
516 2580 534 2613 ι
566 2560 639 2613 Οὐ
682 2558 1028 2631 προστεθήσῃ
1091 2558 1230 2630 μετὰ
1287 2558 1522 2629 πλήθους
1553 2559 1795 2612 ἐκκλῖναι

222 2652 363 2724 μετὰ
391 2652 680 2715 πλειόνων,
709 2649 852 2704 ὥστε
882 2650 1130 2704 ἐκκλῖναι
1172 2649 1372 2719 κρίσιν.
1403 2669 1421 2701 ι
1468 2650 1580 2703 Καὶ
1631 2649 1795 2703 πάλιν

222 2744 341 2814 μεθ’
370 2744 540 2815 ἔτερα
559 2760 573 2774 ·
609 2761 627 2794 ι
661 2742 734 2794 Οὐ
756 2741 1101 2813 διαστρέψεις
1129 2744 1306 2812 κρῖμα
1338 2741 1570 2811 πένητος
1597 2742 1655 2794 ἐν
1685 2740 1798 2813 κρί-

1904 1858 2004 1898 nas
2037 1841 2300 1897 referent.

1974 1933 2132 1989 CYR.
2160 1934 2329 1989 Recte
2360 1934 2462 1997 ais,
2487 1947 2613 1986 nam
2641 1931 2690 1986 is
2741 1931 2836 2000 qui
2864 1936 3014 1985 recta
3048 1930 3262 2001 judicat
3305 1930 3469 1997 Deus,

1904 2024 2199 2080 distribuet
2256 2039 2485 2094 prorsus
2509 2020 2807 2091 unicuique
2830 2021 2986 2091 juxta
3009 2035 3149 2088 opus
3184 2034 3364 2073 suum.
3396 2018 3476 2073 Ac

1904 2116 1973 2171 de
2005 2115 2093 2170 bis
2137 2115 2361 2187 quidem
2406 2114 2675 2168 hactenus
2740 2111 2949 2166 dictum
2986 2110 3076 2164 sit.
3125 2110 3235 2164 Eos
3263 2119 3471 2175 autem,

1904 2207 1998 2278 qui
2034 2206 2102 2261 ad
2136 2204 2463 2278 judicandos
2517 2211 2744 2257 caeteros
2786 2199 3071 2255 constituti
3116 2206 3263 2262 sunt,
3319 2207 3376 2252 et
3414 2198 3473 2253 in

1898 2300 2166 2372 judicium
2195 2298 2324 2354 sede
2381 2294 2656 2358 collocati,
2703 2290 3085 2362 alloquebatur
3127 2290 3325 2343 iterum
3350 2288 3470 2343 lex:

1912 2391 2065 2446 «Non
2101 2388 2338 2459 accipies
2361 2386 2607 2442 auditum
2650 2398 2851 2439 vanum
2882 2381 2949 2446 δ’,
2975 2399 2993 2430 ι
3027 2379 3080 2433 id
3115 2388 3219 2445 est,
3261 2391 3472 2433 sermo-

1901 2497 2029 2538 nem
2063 2480 2284 2543 l'alsum,
2323 2485 2379 2533 et
2408 2475 2694 2532 calumniae
2717 2474 2939 2543 plenum
2969 2487 2983 2522 :
3019 2488 3037 2520 r
3066 2469 3187 2524 Non
3210 2468 3475 2539 adjungas

1902 2581 1955 2628 te
1978 2570 2341 2634 multitudini,
2363 2575 2425 2622 ut
2452 2567 2696 2622 declines
2751 2578 2875 2618 cum
2915 2559 3169 2631 pluribus
3202 2559 3269 2614 ad
3299 2558 3471 2613 decli-

1902 2665 2140 2720 nandum
2162 2661 2433 2734 judicium
2459 2660 2543 2725 ’⁵³;
2581 2678 2598 2709 ι
2640 2656 2803 2726 280
2849 2662 2905 2709 et
2950 2667 3143 2708 rursus
3179 2658 3302 2721 post
3330 2665 3471 2703 non-

1900 2754 2051 2810 nulla
2086 2753 2225 2808 alia:
2263 2750 2425 2806 «Non
2472 2753 2754 2817 pervertcs
2789 2741 3058 2814 judicium
3103 2738 3364 2811 pauperis
3415 2737 3472 2792 in

2320 2859 2333 2895 :
2390 2840 2459 2894 ab
2500 2837 2651 2894 omni
2702 2834 2874 2889 verbo
2940 2833 3146 2903 injusto
3229 2828 3472 2883 abstine-

224 2850 306 2887 σει
350 2833 541 2898 αὐτοῦ,
568 2834 677 2888 άπὸ
708 2833 915 2897 παντὸς
948 2834 1196 2905 ῥήματος
1226 2832 1409 2885 ἀδίκου
1434 2832 1737 2904 ἀποστήσῃ.
1770 2851 1789 2884 ι
1896 2844 2105 2916 judicio
2170 2858 2271 2898 suo

222 2923 435 2998 Πρέποι
467 2927 576 2997 γὰρ
622 2927 689 2981 ἂν
717 2928 801 2980 δτι
844 2925 1079 2997 μάλιστά
1111 2941 1196 2995 γε,
1225 2925 1288 2977 τὸ
1328 2924 1691 2995 ἀνεπίληπτον
1737 2927 1795 2979 tv

1905 2934 1987 2991 bis
2022 2935 2086 2989 “.
2113 2954 2130 2986 ι
2170 2934 2306 2988 Nam
2345 2946 2515 3002 penes
2563 2943 2701 2999 quos
2728 2933 2814 2981 est
2857 2921 3141 2994 iudicandi
3204 2927 3468 2990 potestas,

222 3016 400 3087 λόγοις
448 3021 565 3082 τοῖς
611 3018 707 3072 τοῦ
764 3017 1004 3083 δικάζειν
1057 3016 1309 3090 κυρίοις,
1366 3016 1459 3070 καὶ
1515 3015 1796 3087 ὀρθοεπεῖν

1905 3038 2090 3079 eorum
2140 3021 2451 3077 orationem
2491 3033 2614 3074 esse
2668 3015 2904 3069 alienam
2946 3028 2977 3066 a
3032 3008 3473 3081 reprehensione

220 3110 433 3180 ἀνάγκη
465 3109 559 3164 τὸν
606 3111 693 3180 ἐφ’
718 3110 934 3180 ἑκάστῳ
964 3108 1075 3162 τῶν
1105 3107 1597 3180 κατηγορουμένων
1622 3107 1797 3179 ψηφο-

1905 3114 2133 3169 maxime
2166 3110 2445 3175 convenit,
2488 3116 2542 3164 et
2565 3116 2717 3163 recte
2763 3103 2914 3173 loqui
2952 3117 3180 3158 necesse
3229 3109 3314 3154 est
3343 3115 3472 3154 eum
3547 3125 3552 3135 -

224 3203 335 3272 ρεῖν
362 3200 650 3270 ὀφείλοντα
700 3200 762 3254 τὸ
800 3198 878 3270 τῷ
925 3197 1193 3272 νομοθέτῃ
1229 3196 1439 3252 δοκοῦν.
1507 3197 1796 3268 Ἐπενήνε-

1905 3204 2115 3275 quiest
2176 3202 2258 3257 de.
2304 3213 2639 3270 unoquoque
2710 3194 2943 3251 crimine
3012 3191 3343 3246 sententiam
3403 3206 3473 3244 ex

226 3293 425 3348 κταιόὲ
454 3293 740 3365 χρησίμως
762 3292 956 3357 καὶτὸ,
1009 3311 1028 3344 ι
1069 3290 1286 3361 Πένητα
1309 3291 1411 3343 οὐκ
1454 3289 1695 3361 ὲλεήσεις
1739 3290 1796 3342 tv

1905 3293 2222 3366 legislatoris
2255 3292 2478 3347 decreto
2501 3291 2735 3344 laturus.
2773 3285 2914 3342 Illud
2946 3298 3167 3354 quoque
3213 3297 3324 3336 non
3369 3281 3472 3337 abs

223 3388 422 3457 κρίσει.
437 3387 765 3457 »Πρόχειρον
782 3386 889 3459 γάρ
904 3384 1072 3456 τιχρῆ
1081 3400 1155 3453 μα
1173 3385 1263 3437 καὶ
1283 3382 1538 3455 προαλὲς,
1561 3382 1713 3453 παρά
1734 3399 1797 3451 γε

1905 3401 1957 3441 re
1983 3385 2335 3456 subjunctum
2367 3389 2453 3437 est
2492 3399 2505 3434 :
2549 3400 2566 3431 ι
2591 3378 2853 3449 Pauperis
2889 3391 3001 3430 non
3028 3374 3384 3429 misereberis
3411 3373 3472 3429 in

221 3481 329 3540 rei;
355 3477 602 3548 κρίνουσι
637 3475 700 3529 τὸ
722 3475 806 3529 ἐπ’
832 3476 997 3546 ἄμφω
1033 3473 1275 3545 βλέπειν,
1314 3475 1402 3527 ὅτε
1430 3473 1507 3544 μὴ
1546 3471 1799 3537 πλούσιος

1905 3476 2241 3548 ῇυᾶὶοἰο⁸³ςι
2288 3489 2438 3540 nam,
2486 3472 2582 3527 ubi
2624 3485 2756 3525 reus
2810 3467 3035 3523 minime
3081 3464 3235 3519 dives
3280 3464 3468 3529 fuerit,

223 3570 251 3620 6
277 3567 618 3641 κρινόμενος,
645 3567 740 3620 καὶ
769 3566 1169 3637 εὐκατάτροχον
1197 3564 1400 3636 κομιδῆ
1422 3563 1558 3635 πρὸς
1578 3564 1797 3616 πλεονε-

225 3659 362 3725 ξίαν,
394 3660 537 3731 ἀνὴρ
566 3658 726 3730 πενία
765 3656 1216 3729 κατηχθισμένος·
1249 3655 1361 3727 ἔχει
1385 3654 1441 3709 δὲ
1480 3654 1580 3707 οὐκ
1608 3654 1799 3709 ἀνικά-

224 3769 326 3815 νως
375 3750 490 3804 ἐσθ’
520 3752 611 3804 ὅτε
660 3751 756 3804 καὶ
792 3750 927 3820 πρός
955 3766 1019 3818 γε
1046 3748 1109 3802 τὸ
1158 3746 1416 3801 δύνασθαι
1457 3744 1549 3798 τὸν
1596 3745 1689 3799 τοῦ
1724 3744 1801 3799 δι-

226 3842 381 3895 καίου
435 3841 870 3895 καταϐιάσασθαι
925 3840 1106 3909 λόγον,
1141 3838 1322 3894 καλῶν
1366 3839 1448 3902 είς
1495 3836 1645 3890 ἔλεον
1674 3836 1802 3899 τοὺς

226 3932 333 3986 τῶν
385 3931 715 3995 δικαζόντων
767 3931 1172 4003 ἁπαλωτέρους.
1208 3929 1473 4000 Ἐξείργει
1519 3927 1583 3999 δὴ
1638 3925 1731 3982 οὖν
1773 3929 1803 3982 6

232 4022 393 4093 νόμος
450 4021 545 4074 καὶ
597 4020 693 4076 τοῦ
757 4019 1191 4075 πλεονεκτεῖσθαι
1244 4018 1355 4071 δεῖν
1402 4018 1496 4072 καὶ
1524 4018 1618 4072 τοῦ
1668 4035 1803 4071 κατ-

231 4113 523 4185 οικτείρειν
554 4114 679 4178 τοὺς
708 4115 767 4167 ὲν
790 4112 967 4185 ἐνδείᾳ
998 4113 1090 4166 καὶ
1112 4110 1409 4183 ἀθλιότητι,
1431 4110 1533 4181 τῆς
1561 4111 1804 4165 δικαιοκ-

236 4206 412 4277 ρισίας
441 4206 504 4259 τὸ
533 4205 725 4270 κάλλος
749 4204 931 4278 τηρῶν
959 4202 1368 4275 ἀπαράφθορον,
1390 4204 1484 4257 καὶ
1503 4204 1600 4275 τῆς
1631 4202 1804 4272 ἰσότη-

230 4314 316 4361 τος
361 4299 631 4371 πρύτανιν
679 4300 926 4370 πανταχῆ
958 4298 1049 4351 τὸν
1084 4296 1372 4361 δικάζοντα
1427 4294 1595 4359 τιθείς
1616 4312 1631 4327 ο
1664 4313 1684 4346 ι
1713 4292 1803 4349 Δι-

131 4417 134 4425 ν
230 4392 399 4454 καίως
449 4389 558 4464 γὰρ
592 4390 653 4445 τὸ
689 4390 896 4445 δίκαιον
937 4388 1179 4452 διώξεις,
1207 4408 1226 4441 ι
1272 4389 1454 4459 φησίν.
1498 4388 1586 4451 Ὠς
1615 4386 1676 4440 τό
1716 4403 1799 4439 τοι

227 4481 428 4538 λυποῦν
460 4483 552 4536 τὸν
581 4483 766 4554 νόμον,
795 4483 900 4536 κᾶν
929 4482 983 4535 εί
1006 4499 1059 4535 τι
1112 4481 1219 4535 τῶν
1264 4480 1482 4549 ἀγαθῶν
1531 4479 1796 4549 ὑπάρχειν

229 4575 378 4646 δοκῇ,
410 4577 566 4629 νοοῖτ’
592 4575 658 4629 ἂν
682 4573 906 4638 είκότως
928 4574 1027 4626 οὐκ
1052 4570 1441 4643 ἀπλημμελέςί
1469 4571 1656 4623 «Ἔστι
1686 4568 1796 4639 γὰρ

226 4667 434 4731 δίκαιος
465 4667 832 4738 ἀπολλύμενος
861 4667 917 4719 tv
943 4664 1134 4735 δικαίῳ
1166 4661 1352 4730 αὐτοῦ,
1380 4680 1398 4713 ι
1428 4660 1570 4715 κατὰ
1606 4660 1668 4713 τὺ
1698 4676 1794 4728 γε-

227 4759 566 4831 γραμμένον.
595 4759 770 4811 Δεῖται
801 4756 865 4827 δὴ
900 4752 994 4809 οὖν
1036 4753 1316 4824 εὐτεχνίας
1345 4751 1407 4805 τὸ
1440 4749 1662 4819 ἀγαθὸν,
1701 4748 1796 4802 καὶ

229 4851 287 4904 τὸ
313 4849 674 4922 ὲποικτείρειν
703 4850 803 4903 οὐκ
834 4849 891 4900 tv
920 4844 1115 4917 καιρῷ,
1154 4844 1253 4915 τῆς
1286 4846 1367 4907 είς
1398 4843 1560 4915 νόμον
1586 4840 1797 4904 ἀδικίας

228 4942 324 4996 οὐκ
372 4942 440 4996 ἂν
489 4941 746 5010 διαφύγοι
791 4939 1028 5010 γραφήν.
1070 4936 1211 5000 Τοὺς
1274 4935 1372 5007 μὲν
1408 4929 1501 4989 οὖν
1556 4933 1796 5004 μετρίοις

228 5032 761 5103 ἑγκατειλημμένους
815 5028 1123 5100 αἰτιάμασι,
1181 5029 1301 5091 ταῖς
1375 5025 1464 5080 διὰ
1520 5024 1797 5093 μαστίγων

230 5122 430 5186 αἰκίαις
484 5120 794 5193 ἐπανορθοῖ.
838 5120 948 5174 Θέα
1003 5118 1060 5172 δὲ
1114 5119 1262 5182 ὅπως
1315 5117 1679 5188 δουλοπρεπὲς
1737 5115 1798 5169 τὸ

230 5214 413 5287 χρῆμα
454 5215 552 5269 καὶ
599 5211 956 5282 ἀνελεύθερον
984 5209 1201 5281 κομιδῆ,
1245 5209 1341 5263 καὶ
1371 5210 1444 5280 μή
1475 5225 1556 5262 τοι
1589 5208 1799 5277 θαυμά-

233 5322 323 5377 σῃς
342 5325 354 5338 ·
384 5307 610 5379 πνεῦμα
635 5305 745 5378 γὰρ
788 5301 858 5377 ἦν
894 5306 953 5357 tv
981 5304 1165 5366 αὐτοῖς
1191 5301 1455 5364 δουλείας.
1496 5299 1596 5354 Διὰ
1639 5299 1796 5353 τοῦτο

230 5398 426 5472 πληγαὶ
459 5401 561 5474 μὲν
596 5398 785 5453 οὐκέτι
840 5399 953 5460 τοῖς
998 5394 1088 5450 διὰ
1143 5392 1380 5467 Χριστοῦ
1431 5393 1794 5464 θεσπίσμασιν

287 5612 330 5645 ³⁸
358 5608 518 5665 Joan.
555 5623 619 5673 ν,
652 5604 744 5659 45.
807 5604 853 5636 ⁸ο
890 5603 939 5658 ll
964 5601 1158 5657 Thess.
1186 5616 1247 5673 II,
1274 5601 1336 5673 ‘4.
1409 5601 1451 5634 εί
1480 5602 1642 5658 Prov.
1676 5619 1715 5665 ι,
1753 5602 1840 5655 Si.

220 5679 264 5714 “
286 5681 455 5738 Deut.
499 5670 617 5744 xvi,
652 5676 742 5728 20.
828 5675 872 5706 "
894 5673 1080 5728 Eccle.
1105 5686 1199 5736 vn,
1229 5670 1314 5725 l6.

1896 3568 2137 3641 proclive
2170 3583 2235 3622 ac
2256 3566 2415 3625 facile
2462 3572 2567 3628 est,
2594 3571 2656 3617 ut
2674 3560 2893 3633 judices
2923 3557 2981 3612 in
3020 3554 3286 3611 utramvis
3341 3571 3471 3625 par-

1901 3672 2009 3718 tem
2036 3667 2393 3731 spectent;et
2442 3656 2660 3728 injuriae
2691 3650 2979 3724 expositus
3017 3656 3103 3704 est
3147 3645 3469 3710 admodum,

1898 3751 1993 3822 qui
2027 3749 2210 3820 inopia
2226 3747 2728 3819 premiturzneque
2753 3741 2996 3798 vicissim
3019 3737 3071 3793 id
3106 3752 3301 3810 parum
3329 3736 3475 3790 valet

1901 3841 2180 3898 interdum
2207 3839 2276 3893 ad
2294 3837 2521 3909 justitiaa
2534 3836 2804 3890 rationem
2827 3829 3163 3895 violandam,
3190 3827 3335 3898 quod
3355 3841 3471 3891 eos,

1900 3931 1997 4002 qui
2022 3940 2151 3987 sunt
2174 3929 2231 3984 in
2250 3928 2550 4000 judicando
2579 3924 2884 3989 molliores,
2917 3922 2987 3977 ad
3029 3916 3472 3976 misericordiam

1899 4022 2090 4078 ﬂectit.
2115 4020 2379 4076 Prohibet
2411 4020 2597 4089 itaque
2629 4018 2739 4082 lex,
2771 4031 2841 4070 ne
2866 4022 2962 4070 aut
2999 4020 3259 4083 potentes
3282 4007 3473 4079 oppri-

1899 4122 2072 4179 mant,
2113 4121 2207 4167 aut
2240 4109 2650 4165 misericordia’
2673 4111 3079 4176 prosequantur
3116 4115 3212 4155 eos
3267 4098 3362 4167 qui
3418 4096 3474 4151 in

1900 4212 2219 4277 paupertate
2247 4210 2303 4256 et
2344 4198 2568 4254 miseria
2622 4202 2945 4258 versantur;
2979 4192 3035 4245 in
3078 4205 3189 4260 quo
3208 4187 3347 4259 justi
3380 4187 3473 4256 ju—

1904 4275 2037 4351 dicii
2067 4291 2537 4365 pulchritudinem
2583 4293 2765 4342 servat
2812 4284 3207 4351 incorruptam,
3253 4275 3476 4346 etjudi-

1904 4402 2023 4444 cem
2044 4364 2369 4456 atqualitatis
2390 4382 2659 4436 arbitrum
2673 4364 2878 4446 ubique
2902 4374 3065 4433 facit;
3089 4391 3107 4422 ι
3123 4371 3277 4426 Juste
3300 4369 3471 4433 enim,

1906 4477 2053 4549 quod
2093 4478 2303 4548 justum
2347 4480 2462 4538 est,
2530 4467 2912 4542 persequeris,
2942 4485 2960 4517 ι
3017 4464 3197 4533 inquit
3231 4461 3305 4528 ‘5;
3343 4474 3472 4513 nam

1901 4571 2109 4625 violare
2135 4569 2333 4638 legem,
2358 4563 2608 4636 quamvis
2628 4559 2838 4630 aliquid
2861 4552 3131 4631 ejusmodi
3150 4550 3261 4619 'sit,
3295 4560 3357 4606 ut
3378 4551 3476 4605 be-

1901 4679 1972 4718 ne
1993 4661 2113 4717 ﬁeri
2133 4659 2405 4723 videatur,
2442 4665 2624 4711 tamen
2653 4669 2773 4708 esse
2799 4668 2828 4706 a
2846 4658 3069 4722 peccato
3097 4646 3320 4701 minime
3344 4643 3475 4698 alic-

1901 4770 2055 4819 num,
2081 4751 2226 4806 haud
2246 4729 2520 4805 immerito
2548 4744 2903 4816 intelligitur:
2942 4761 2960 4792 ‹
2984 4741 3081 4795 Est
3102 4738 3247 4794 enim
3268 4738 3469 4807 justus,

1904 4844 1998 4915 qui
2025 4841 2170 4914 perit
2207 4841 2262 4895 in
2287 4839 2498 4912 justitia
2515 4854 2632 4901 sua,
2662 4856 2679 4887 ι
2712 4835 2855 4889 sicut
2877 4831 3140 4900 scriptum
3164 4834 3249 4881 cst
3283 4827 3349 4879 ⁸⁷.
3372 4824 3476 4895 lgi-

1906 4914 1995 4991 tur
2022 4934 2268 5006 probitas
2281 4930 2503 4988 solertia
2520 4943 2659 4998 opus
2686 4925 2883 4979 habet:
2912 4934 3038 4974 nam
3054 4916 3198 4973 istud
3227 4914 3471 4984 quidem,

1904 5027 2094 5081 nonin
2145 5033 2394 5094 tempore
2439 5015 2821 5077 misericordia
2867 5007 3223 5073 commoveri,
3266 5006 3472 5060 crimen

1902 5116 2119 5171 violatae
2148 5114 2283 5185 legis
2306 5125 2587 5180 nunquam
2622 5104 2867 5175 effugiet.
2894 5102 3002 5155 Eos
3048 5099 3236 5171 igitur,
3263 5095 3356 5167 qui
3391 5097 3472 5150 le-

1904 5207 2149 5262 vioribus
2173 5212 2429 5260 tenentur
2457 5201 2652 5271 culpis,
2686 5194 3013 5271 verberibus
3062 5190 3307 5261 corrigit.
3336 5187 3474 5243 Vide

1901 5308 2085 5355 autem
2131 5312 2296 5368 quam
2321 5294 2539 5350 servilis
2568 5291 2641 5345 sit
2670 5266 2888 5351 ea~res,
2936 5294 2993 5341 et
3034 5285 3211 5339 libero
3252 5278 3472 5333 homine

1901 5389 2310 5461 indignissima:
2340 5399 2517 5454 neque
2549 5396 2682 5437 vero
2723 5380 2824 5435 tibi
2866 5378 2921 5433 id
2951 5377 3149 5431 mirum
3180 5369 3469 5424 videatur:

1910 5599 1950 5631 "'
1979 5593 2150 5651 Exod.
2178 5606 2330 5658 mu,
2368 5589 2420 5644 1.
2482 5587 2529 5620 ⁸³
2561 5585 2698 5643 ibid.
2730 5586 2785 5641 2.
2845 5584 2891 5617 ³⁸
2907 5579 3043 5637 ibid.
3066 5577 3119 5632 6.
3178 5571 3222 5604 “
3245 5566 3378 5625 ibid.
3410 5564 3467 5622 '5.
