3962 6296
475 305 578 362 579

1493 299 1549 354 ε.
1591 298 1866 356 evrum
1908 295 2379 355 ALEXANDRINI
2418 278 2735 350 Ancnmp.

3623 302 3727 357 580

476 417 757 473 servitutis
776 429 1014 484 namque
1044 411 1271 484 spiritus
1300 412 1355 467 in
1384 412 1493 468 illis
1524 422 1661 469 erat.
1709 413 1792 469 Ob
1816 429 2042 484 eamque

2150 401 2386 474 ἕπονται,
2441 409 2582 463 καθά
2630 408 2725 462 καὶ
2779 406 2855 474 τῷ
2913 407 3078 460 πάλαι
3122 406 3287 478 νόμῳ.
3346 410 3642 482 Πρόκειται
3673 413 3727 468 δὲ

474 523 698 564 causam
723 506 927 563 Christi
966 506 1255 577 praeceptis
1303 518 1414 558 non
1463 503 1698 573 amplius
1753 504 1921 575 plaga:
1946 503 2044 558 ad-

472 602 678 672 juncta:
699 607 848 662 sunt,
878 606 939 653 ut
961 597 1018 652 in
1038 597 1156 667 lege
1180 595 1377 661 veteri,
1413 594 1509 650 sed
1533 595 1716 665 potius
1754 612 1818 651 ea
1843 610 2040 666 propo-

475 694 581 748 sita
601 735 616 758 ,
640 709 760 763 quae
780 692 986 747 liberos
1008 691 1227 755 decent,
1248 688 1486 743 illustria
1508 686 1781 758 dignaque
1798 687 2042 757 praemia,

474 797 534 842 et
558 785 926 856 spiritualium
951 784 1226 838 bonorum
1267 779 1556 852 primitiae,
1584 789 1749 849 atque
1773 780 2017 851 pollicita
2046 818 2048 822 μ

479 879 677 941 tiones,
715 883 770 930 et
815 874 1188 930 beatitudines
1211 879 1361 927 recte
1407 870 1567 925 factis
1616 870 2046 925 convenientes:

476 981 655 1035 neque
678 965 860 1021 adhuc
883 964 1066 1029 minae,
1091 963 1185 1018 sed
1210 959 1625 1015 adhortationes
1636 959 1821 1029 potius
1843 958 1911 1013 ad
1934 958 2049 1013 vir-

2156 501 2353 572 μᾶλλον
2383 500 2451 554 τὰ
2481 498 2789 569 ἐλευθέροις
2813 497 3111 568 πρέποντα,
3154 497 3410 570 λαμπραὶ
3451 501 3545 554 καὶ
3584 502 3730 567 cii-.6-

2150 592 2344 663 ληπτοι
2381 591 2600 661 δωρεαὶ,
2648 593 2745 645 καὶ
2787 588 3173 661 πνευματικῶν
3209 590 3429 660 ἀγαθῶν
3482 593 3727 664 ἀπαρχαί

2153 704 2212 741 τε
2243 687 2335 739 καὶ
2372 684 2715 755 ὑποσχέσεις,
2742 684 2837 737 καὶ
2868 686 3209 756 μακαρισμοὶ
3228 688 3341 749 τοῖς
3369 686 3727 757 κατορθώμα-

2156 795 2210 831 σι
2242 777 2564 853 πρέποντες,
2619 776 2714 828 καὶ
2758 774 2956 846 ἀπειλὴ
3002 774 3100 845 μὲν
3150 777 3356 844 οὐκέτι,
3394 778 3726 850 προκλήσεις

2150 868 2207 921 δὲ
2251 868 2451 939 μᾶλλον
2490 867 2576 921 ἐπ’
2606 867 2827 938 ἀρετήν.
2869 867 3127 931 Οἰκέταις
3175 869 3273 940 μὲν
3315 869 3422 941 γὰρ
3466 869 3541 930 ὡς
3577 868 3726 922 οἰκέ-

2150 975 2250 1030 της
2290 958 2385 1012 καὶ
2426 956 2809 1028 συνομὸδουλος
2857 956 3178 1028 προσελάλει
3225 959 3452 1031 Μωσῆς,
3476 946 3587 1022 τοῖς
3626 959 3734 1029 ἀρ-

479 1064 673 1111 tutem.
698 1056 835 1111 Cum
859 1055 1059 1126 priscis
1109 1052 1258 1108 enim
1291 1050 1402 1105 illis
1425 1049 1742 1105 hominibus
1789 1056 2042 1119 tanquam

2153 1049 2475 1121 χαιοτέροις,
2511 1046 2747 1118 Χριστὸς
2784 1047 2841 1100 δὲ
2873 1049 3010 1112 υἱοῖς
3045 1049 3120 1112 ὡς
3154 1049 3300 1113 Υἱὸς,
3342 1050 3434 1103 καὶ
3474 1050 3548 1113 ὼς
3571 1049 3725 1103 ἁδελ-

475 1162 601 1203 cum
626 1146 864 1212 famulis,
901 1153 963 1200 ut
984 1143 1220 1199 famulus
1252 1153 1416 1211 atque
1461 1155 1759 1194 conservus
1777 1139 2046 1210 loqueba-

2154 1145 2274 1212 φοῖς
2306 1141 2446 1195 κατὰ
2474 1140 2687 1205 θέσιν,ὁ
2721 1138 2937 1210 ἀληθῶς
2967 1140 3060 1192 καὶ
3081 1142 3303 1212 γνήσιος
3334 1142 3398 1195 ἐκ
3428 1141 3562 1194 Θεοῦ
3606 1141 3720 1193 Πα-

479 1246 569 1293 tur
599 1238 837 1311 Moyses;
864 1237 1118 1292 Christus
1155 1248 1288 1288 vero
1317 1247 1444 1288 cum
1491 1229 1640 1294 filiis,
1668 1237 1727 1285 ut
1761 1231 1952 1297 Filius,
1993 1238 2049 1285 et
2152 1233 2302 1305 τρός.

479 1342 737 1399 tanquam
782 1342 907 1382 cum
945 1325 1212 1380 fratribus
1252 1339 1351 1393 per
1385 1320 1759 1390 adoptionem,
1794 1325 1862 1386 is,
1894 1323 1987 1393 qui
2024 1338 2152 1379 vere
2187 1332 2241 1379 et
2286 1339 2579 1396 germanus
2610 1332 2730 1380 erat
2760 1340 2828 1380 ex
2862 1325 2978 1381 Deo
3013 1326 3171 1382 Patre
3203 1326 3398 1384 Filius.

547 1422 744 1478 PALL.
765 1422 935 1476 Recte
959 1435 1017 1475 se
1041 1419 1209 1473 habet
1232 1417 1429 1472 oratio.

546 1515 700 1570 CYR.
728 1514 902 1568 Morte
932 1512 1101 1583 igitur
1123 1511 1458 1566 homicidam
1486 1512 1665 1584 punit,
1682 1524 1746 1564 ac
1779 1524 1940 1580 poena
1965 1516 2050 1562 ta-

2226 1419 2439 1472 ΠΑΛΛ.
2489 1418 2692 1489 Ὀρθῶς
2725 1419 2858 1488 ἔχει.

2227 1511 2391 1564 ΚΥΡ.
2431 1510 2656 1581 Θανάτῳ
2694 1527 2758 1579 γε
2804 1510 2911 1582 μὴν
2938 1510 3029 1564 τὸν
3061 1513 3348 1581 φονεύοντα
3377 1513 3583 1585 ζημιοῖ,
3623 1517 3719 1569 καὶ

476 1605 644 1661 lionis
671 1604 995 1659 effrenatam
1033 1601 1319 1657 audaciam
1365 1602 1608 1664 cohibet,
1640 1599 1800 1669 281
1841 1594 1898 1651 et
1939 1612 2042 1651 non

2150 1604 2270 1663 ταῖς
2310 1600 2416 1654 τῶν
2468 1602 2597 1655 ἴσων
2642 1602 2974 1670 ἐπαγωγαῖς,
3006 1602 3066 1654 τὸ
3093 1602 3344 1673 ἀχάλινον
3370 1603 3720 1676 ἀνασειρὰζει

476 1697 764 1753 ferendum
809 1695 1057 1750 furorem
1098 1692 1574 1748 animadversione
1618 1690 1855 1745 maxima
1875 1695 1933 1744 et
1953 1704 2042 1743 ex-

2150 1694 2369 1766 θράσος,
2402 1695 2497 1748 καὶ
2527 1694 2616 1748 τὸν
2647 1694 2832 1748 οὐκέτι
2871 1693 3104 1766 φορητὸν
3139 1695 3358 1761 κολάζει
3384 1694 3552 1766 θυμὸν
3582 1697 3721 1766 ἀφο-

480 1799 655 1844 tremo
681 1786 949 1858 supplicio
986 1784 1205 1856 plectit;
1231 1785 1386 1855 prius
1407 1793 1592 1838 autem
1631 1782 1925 1853 diligenter
1944 1794 2041 1834 ex-

474 1879 681 1933 aminat
717 1894 827 1949 quo
879 1878 1064 1933 animo
1118 1876 1341 1942 fecerit;
1382 1890 1466 1942 ac,
1515 1875 1561 1929 si
1595 1880 1790 1944 sponte
1829 1871 1902 1927 sit
1944 1870 2042 1925 ad-

477 1973 705 2026 missum
731 1970 960 2034 crimen,
986 1968 1201 2022 nullum
1226 1965 1618 2022 misericordiae
1648 1966 1832 2019 locum
1872 1963 2043 2017 relin-

474 2064 616 2133 quit,
642 2078 820 2133 neque
846 2059 1282 2116 benevolentiam
1300 2059 1535 2130 turpiter
1553 2058 1907 2129 languescere
1923 2070 2045 2125 per-

474 2155 679 2220 mittit,
711 2152 1099 2224 intempestiva
1134 2151 1488 2206 miseratione
1510 2149 1762 2213 fractam,
1793 2157 1954 2217 atque
1987 2146 2043 2200 in

474 2248 544 2302 iis
570 2246 755 2311 rebus,
802 2246 857 2300 in
892 2245 1095 2316 quibus
1118 2243 1346 2298 minime
1375 2248 1615 2312 oportet,
1639 2239 1707 2294 ad
1738 2237 2042 2293 molliorem

470 2339 730 2394 affectum
758 2337 1058 2393 detractam
1084 2353 1099 2402 ;
1138 2335 1213 2389 ita
1243 2334 1390 2389 enim
1431 2333 1597 2387 dixit:
1631 2351 1648 2381 ι
1669 2329 1825 2397 Quod
1848 2328 1890 2384 si
1919 2328 2043 2398 quis

469 2445 762 2501 aggressus
784 2429 949 2484 fuerit
983 2428 1205 2484 fratrem
1252 2440 1434 2487 suum,
1483 2423 1550 2478 ad
1578 2418 2043 2485 interﬁciendum

470 2536 599 2575 eum
624 2522 769 2584 dolo,
788 2531 843 2576 et
866 2520 1210 2590 confugerit;
1238 2518 1306 2572 ab
1328 2516 1487 2570 altari
1515 2529 1637 2569 meo
1659 2513 1895 2582 accipies
1916 2524 2041 2565 eum

477 2622 535 2667 ut
580 2612 879 2667 interﬁcias
921 2612 985 2664 ".
1014 2631 1031 2661 ›
1068 2609 1165 2664 Sin
1211 2616 1396 2663 autem
1448 2607 1567 2676 ejus
1612 2603 2039 2667 incommodum,

468 2702 568 2771 qui
589 2700 844 2771 injuriam
867 2715 899 2753 a
919 2712 1239 2769 percussore
1262 2711 1456 2766 passus
1475 2702 1581 2760 est,
1610 2692 1876 2762 tantisper
1900 2691 2041 2747 dun-

474 2799 622 2846 taxat
652 2788 1006 2860 processerit,
1033 2795 1096 2841 ut
1115 2786 1424 2857 langueret,
1454 2799 1630 2856 paenae
1672 2783 1897 2838 modum
1942 2781 2042 2837 ad-

471 2882 719 2947 metitur,
765 2888 823 2935 et
863 2879 1124 2935 damnum
1176 2878 1310 2933 illud
1354 2876 1591 2947 pecunia
1635 2874 1899 2929 luendum
1921 2889 2042 2929 esse

470 2972 739 3029 decernit.
766 2971 845 3026 lta
868 2971 1017 3026 enim
1039 2983 1235 3025 rursus
1286 2969 1392 3023 ait:
1431 2986 1448 3018 ι
1478 2965 1633 3034 Quod
1678 2965 1724 3021 si
1748 2964 2041 3019 conviciati

2151 1787 2298 1857 ρήτῳ
2316 1785 2440 1856 δίκῃ
2473 1785 2566 1839 καὶ
2602 1788 2714 1849 τοῖς
2745 1787 2823 1849 είς
2856 1783 3008 1855 λῆξιν
3036 1785 3178 1840 ίοῦσι
3205 1787 3399 1849 κακοῦ,
3435 1787 3718 1859 προϐασα-

2145 1878 2307 1942 νίζων
2337 1873 2396 1931 εὖ
2433 1878 2577 1949 μάλα
2635 1878 2727 1931 τοῦ
2769 1877 3088 1950 δεδρακότος
3125 1879 3215 1932 τὸν
3259 1880 3489 1933 σκοπόν⁶
3537 1881 3632 1934 καὶ
3669 1881 3721 1935 ει

2149 1965 2246 2035 μὲν
2274 1964 2520 2018 ἑκούσιον
2558 1966 2641 2035 εἴη
2669 1965 2729 2018 τὺ
2762 1965 3172 2038 πλημμεληθὲν,
3200 1968 3410 2041 ἀναιρεῖ
3433 1971 3525 2024 τὸν
3547 1968 3719 2024 ἔλεον.

2156 2057 2505 2125 Ἀσχημονεῖν
2547 2057 2602 2109 δὲ
2640 2058 2740 2111 οὐκ
2774 2059 2839 2129 ἐᾷ
2865 2061 2962 2129 τὴν
2990 2059 3362 2133 φιλαλληλίαν,
3410 2062 3719 2134 θρυπτομέ-

2144 2165 2241 2218 νην
2267 2148 2367 2202 οὐκ
2401 2150 2458 2202 ὲν
2484 2148 2679 2221 καιρῷ,
2720 2149 2815 2203 καὶ
2864 2151 2947 2221 ἐφ’
2978 2149 3060 2215 οἷς
3104 2152 3306 2222 ἥκιστα
3363 2154 3496 2225 χρὴ,
3551 2172 3722 2209 κατα-

2146 2240 2436 2311 σπωμένην
2466 2240 2655 2311 ὥσπερ
2687 2241 2778 2294 ἐπὶ
2819 2241 2879 2295 τὸ
2924 2241 3369 2316 μαλθακώτερον.
3421 2248 3562 2318 Ἔφη
3609 2246 3722 2319 γὰρ

2143 2332 2314 2396 οὕτως
2336 2349 2348 2362 ·
2378 2351 2397 2384 ι
2421 2330 2544 2386 Ἐὰν
2569 2331 2622 2384 δέ
2653 2349 2734 2395 τις
2772 2331 3024 2404 ἐπίθηται
3049 2334 3125 2403 τῷ
3147 2335 3374 2406 πλησίον
3403 2338 3724 2392 ἀποκτεῖναι

2145 2425 2304 2478 αὑτὸν
2344 2424 2500 2495 δόλῳ,
2530 2425 2623 2477 καὶ
2671 2423 2989 2495 καταφύγῃ,⁴
3031 2425 3140 2478 ἀπὸ
3176 2426 3269 2478 τοῦ
3330 2425 3724 2498 θυσιαστηρίου

2148 2531 2249 2583 μου
2277 2513 2439 2585 λήψῃ,
2470 2511 2631 2565 αὐτὸν
2661 2511 2988 2566 θανατῶσαι.
3021 2532 3040 2565 ι
3064 2514 3198 2566 Εἰδὲ
3230 2513 3389 2585 μέχρι
3415 2514 3507 2568 τοῦ
3534 2518 3721 2589 ἀρρω-

2146 2605 2337 2675 στῆσαι
2377 2602 2536 2674 μόνον
2576 2602 2807 2674 προήκει
2849 2601 2927 2673 τῷ
2961 2603 3174 2657 παίοντι
3221 2605 3313 2658 τοῦ
3358 2603 3724 2677 βεϐιασμένου

2142 2696 2205 2749 τὸ
2235 2694 2438 2758 πάθοςο
2468 2696 2759 2765 ἐπιμετρεῖ
2797 2694 2897 2765 τὴν
2936 2694 3112 2765 δίκην,
3146 2696 3239 2749 καὶ
3284 2695 3447 2768 μέχρι
3492 2700 3723 2768 χρημά-

2142 2804 2250 2840 των
2290 2786 2616 2858 προστάττει
2651 2785 2904 2854 γενέσθαι
2951 2785 3010 2838 τὸ
3045 2785 3261 2855 βλάϐος.
3292 2789 3436 2860 Ἔφη
3475 2789 3584 2860 γὰρ
3617 2785 3721 2842 ὦδε

2146 2879 2307 2932 πάλιν
2326 2895 2339 2908 θ
2379 2898 2398 2930 ι
2429 2877 2555 2931 Ἐὰν
2589 2877 2646 2930 δὲ
2695 2876 3036 2948 λοιδορῶνται
3069 2876 3162 2931 δύο
3186 2878 3395 2950 ἄνδρες,
3421 2881 3513 2933 καὶ
3537 2879 3717 2933 πατά-

2148 2970 2213 3043 ξῃ
2242 2988 2326 3034 τις
2362 2970 2455 3023 τὸν
2496 2969 2721 3040 πλησίον
2754 2968 2908 3039 λίθῳ,
2941 2968 2974 3039 ἢ
3006 2971 3222 3040 πυγμῇ,
3261 2971 3353 3025 καὶ
3399 2970 3472 3042 μὴ
3508 2972 3720 3028 ἀποθάμ

470 3065 678 3120 fuerint
709 3064 821 3119 duo
848 3062 979 3128 viri,
1005 3070 1061 3117 et
1083 3061 1423 3131 percusserit
1463 3059 1587 3130 quis
1618 3058 1930 3129 proximum
1954 3056 2036 3110 la-

2150 3078 2227 3131 νῃ,
2260 3057 2558 3130 κατακλιθῇ
2594 3058 2650 3111 δὲ
2676 3058 2768 3110 ἐπὶ
2788 3057 2993 3127 κοίτης,
3027 3058 3120 3111 ἐάν
3150 3058 3723 3134 ἐξαναστάςὸἄνθρω-

471 3157 620 3229 pidc,
643 3164 741 3211 aut
764 3169 966 3225 pugno,
1001 3160 1057 3207 et.
1086 3153 1177 3206 ille
1201 3161 1455 3206 mortuus
1470 3167 1581 3205 non
1602 3150 1791 3214 fuerit,
1820 3149 1917 3205 sed
1940 3148 2038 3203 de-

471 3246 726 3303 cubuerit
762 3246 819 3299 in
844 3242 1093 3309 lcct0;vsi
1120 3256 1422 3313 exsurgens
1446 3242 1613 3296 homo
1659 3240 1750 3294 ille
1794 3238 2041 3294 ambula-

470 3337 616 3392 verit
658 3335 794 3390 foris
836 3333 894 3387 in
939 3332 1112 3402 virga,
1160 3331 1422 3386 immunis
1467 3331 1906 3401 eritpercussor,
1930 3329 2039 3384 nisi

472 3427 617 3497 quod
642 3441 742 3496 pro
770 3423 1074 3479 cessatione
1105 3422 1224 3493 ejus
1261 3422 1558 3492 persolvet,
1586 3429 1642 3476 et
1690 3436 1957 3491 expensas
1984 3421 2041 3475 in

471 3518 802 3573 medicinam
841 3515 1010 3571 factas
1036 3516 1102 3568 ⁸⁸.
1126 3535 1143 3566 ι
1179 3514 1359 3584 Atque
1410 3515 1528 3569 haac
1574 3513 1796 3584 quidem
1830 3514 1919 3568 lex
1955 3514 2044 3584 ju-

471 3608 566 3664 bet
597 3626 612 3674 ;
640 3607 887 3662 Salvator
919 3613 1124 3670 autem,
1170 3605 1265 3674 qui
1311 3604 1568 3674 perfecta:
1603 3605 1825 3660 virtutis
1865 3605 2041 3676 legem

474 3698 887 3771 promulgaret:
931 3714 950 3747 ι
983 3694 1041 3750 Si
1085 3695 1230 3764 quis,
1269 3694 1470 3764 inquit,
1515 3702 1569 3749 te
1612 3695 1948 3765 percusserit
1985 3695 2041 3749 in

474 3791 755 3844 dexteram
804 3787 1101 3850 maxillam,
1146 3793 1301 3840 verte
1348 3786 1427 3839 illi
1459 3793 1515 3840 et
1559 3785 1787 3839 alteram
1816 3786 1884 3839 ".
1917 3805 1935 3837 ›
1965 3787 2041 3841 De

475 3879 648 3936 servis
663 3893 881 3948 quoque
909 3878 1027 3932 haac
1047 3877 1271 3931 statuit:
1313 3895 1331 3927 ‹
1348 3874 1508 3942 Quod
1529 3874 1574 3931 si
1605 3876 1731 3945 quis
1754 3891 2044 3946 percusse-

476 3973 551 4026 rit
597 3984 815 4025 servum
863 3984 1045 4034 suum,
1098 3977 1192 4025 aut
1238 3968 1494 4024 ancillam
1538 3983 1692 4023 suam
1742 3968 1960 4035 baculo,
1985 3977 2042 4024 et

474 4067 729 4114 mortuus
753 4057 1040 4113 fueritsub
1056 4056 1313 4112 manibus
1351 4059 1493 4129 ejus,
1520 4057 1790 4128 supplicio
1824 4059 1881 4113 in
1913 4074 2040 4115 eum

475 4150 974 4216 animadvertetur;
1023 4149 1109 4205 sin
1148 4156 1336 4203 autem
1399 4149 1767 4219 supervixerit
1811 4164 1923 4205 uno
1952 4151 2041 4206 die

472 4239 559 4295 vel
583 4238 820 4303 duobus,
844 4253 956 4293 non
982 4237 1452 4292 animadvertetur
1493 4238 1550 4291 in
1570 4253 1727 4305 eum;
1756 4247 2042 4309 argentum

472 4331 623 4388 enim
672 4331 846 4401 ipsius
872 4339 957 4386 est
992 4331 1058 4384 ³¹.
1088 4349 1106 4380 ι
1153 4330 1436 4384 Summam
1480 4329 1645 4401 igitur
1687 4330 1823 4384 iram
1867 4339 2042 4386 morte

2147 3167 2244 3213 πος
2273 3150 2620 3221 περιπατήσῃ
2650 3147 2753 3212 ἔξω
2781 3149 2875 3201 ἐπὶ
2904 3148 3119 3220 ῥάϐδου,
3148 3150 3321 3214 ἀθῶος
3366 3151 3515 3204 ἔσται
3548 3154 3576 3205 ὁ
3609 3142 3727 3208 παέ

2145 3239 2333 3306 τάξας,
2390 3240 2529 3311 πλὴν
2565 3239 2666 3311 τῆς
2720 3240 2937 3312 ἀργίας
2968 3241 3133 3294 αὐτοῦ
3196 3243 3462 3307 ἀποτίσει,
3509 3243 3603 3298 καὶ
3652 3247 3723 3300 τά

2149 3331 2378 3402 ἰατρεῖα.
2403 3350 2420 3383 ι
2454 3331 2560 3384 Καὶ
2590 3329 2744 3383 ταυτὶ
2780 3331 2877 3400 μὲν
2913 3331 2942 3383 ὁ
2973 3331 3151 3402 νόμος.
3190 3331 3327 3385 Ἀλλ’
3355 3333 3382 3386 ὅ
3404 3351 3466 3403 γε
3507 3337 3723 3409 Σωτὴρ,

2143 3421 2204 3474 τὸ
2218 3421 2434 3485 τελείως
2459 3421 2662 3490 ἀγαθὸν
2700 3423 2989 3496 εἰσφέρων·
3019 3441 3038 3473 ι
3064 3423 3152 3494 Τῷ
3170 3425 3379 3479 παίοντί
3402 3443 3511 3489 es,»
3532 3432 3721 3500 φησὶν,

2155 3534 2173 3564 ι
2186 3515 2276 3566 ἐπὶ
2290 3512 2389 3584 τὴν
2409 3512 2585 3577 δεξιειν
2606 3514 3087 3586 σιαγόναβτρέψοιύ
3103 3516 3250 3587 αύτῷ
3270 3519 3362 3573 καὶ
3382 3520 3480 3590 τὴν
3497 3522 3681 3593 ἄλλην.
3699 3543 3719 3571 ι

2149 3605 2387 3657 υἱκετῶν
2416 3604 2472 3656 δὲ
2501 3605 2628 3677 πέρι
2653 3606 2933 3674 νομοθετεῖ
2956 3608 3103 3661 τάδε’
3131 3628 3150 3660 ‹
3172 3609 3297 3664 Ἐάν
3320 3610 3375 3665 δέ
3404 3630 3487 3677 τις
3508 3616 3726 3687 πατάξῃ

2146 3694 2238 3748 τὸν
2271 3695 2435 3749 παῖδα
2478 3695 2663 3757 αὐτοῦ,
2710 3696 2742 3766 ἢ
2782 3697 2880 3768 τὴν
2920 3699 3212 3769 παιδίσκην
3243 3700 3406 3755 αὐτοῦ
3434 3704 3490 3755 ὲν
3517 3705 3721 3776 ῥάϐδῳ,

2149 3788 2243 3840 καὶ
2271 3786 2514 3858 ἀποθάνῃ
2551 3787 2655 3841 ὑπὸ
2696 3787 2795 3852 τὰς
2838 3790 3024 3859 χεῖρας
3061 3789 3245 3857 αὐτοῦ,
3277 3792 3398 3864 δίκῃ
3435 3795 3724 3869 ἐκδικηθῆ-

2151 3893 2324 3942 σεται,
2358 3877 2453 3931 ἐὰν
2489 3876 2547 3931 δὲ
2589 3876 2852 3951 διαϐιώσῃ
2885 3879 3098 3953 ἡμέραν
3141 3882 3268 3952 μίαν
3295 3882 3327 3953 ἢ
3356 3884 3467 3949 δύο,
3503 3887 3602 3940 οὐκ
3633 3891 3725 3943 ὲκ-

2149 3965 2523 4037 δικηθήσεται⁹
2554 3967 2617 4021 τὸ
2638 3968 2746 4040 γὰρ
2773 3969 3033 4040 ἀργύριον
3062 3973 3225 4026 αὑτοῦ
3256 3975 3422 4030 ἐστιν.
3451 3995 3468 4026 ι
3496 3977 3725 4052 Θανάτῳ

2153 4058 2252 4129 μὲν
2277 4055 2368 4112 οὖν
2405 4061 2629 4130 τιμᾶται
2659 4060 2757 4130 τήν
2788 4061 3021 4117 εἰσάπαν
3044 4064 3212 4135 ὀργήν
3232 4082 3245 4096 ο
3271 4067 3331 4119 οὐ
3359 4068 3465 4139 γὰρ
3489 4070 3611 4124 ἐπεί
3638 4090 3724 4126 τοι

2150 4151 2452 4220 γεγόναμεν
2486 4152 2549 4203 ὲκ
2582 4150 2890 4218 πλεονεξίας
2917 4153 3194 4218 δεσπόται,
3221 4157 3318 4209 καὶ
3347 4156 3494 4229 ζωῆς
3525 4162 3725 4236 ἀπείρο

2148 4257 2267 4308 γειν
2307 4240 2475 4310 αὐτῆς
2512 4240 2697 4312 ἐφῆκε,
2720 4241 2871 4308 Θεὸς,
2907 4243 3032 4305 τοὺς
3060 4244 3165 4296 ὑπὸ
3196 4247 3352 4315 χεῖρα
3401 4248 3495 4302 καὶ
3532 4251 3722 4320 ζυγόν.

2150 4330 2581 4384 Συναναπλέκειν
2625 4331 2680 4384 δὲ
2710 4333 2829 4395 ταῖς
2876 4333 3066 4404 ὀργαῖς
3108 4336 3391 4392 ἀναπείθει
3427 4339 3518 4394 τὸν
3548 4342 3723 4409 ἔλεον,

474 4421 709 4476 multat:
762 4421 1136 4491 nequeenim,
1193 4420 1344 4490 quia,
1400 4436 1526 4474 cum
1571 4422 1695 4492 plus
1735 4436 2040 4491 possemus,

2150 4421 2338 4492 ποινήν
2359 4420 2662 4493 καθορίζων
2701 4422 2797 4476 τοῦ
2837 4425 3152 4492 φονεύοντος
3186 4427 3286 4500 τὴν
3328 4431 3583 4503 ἐσχάτην.
3617 4455 3634 4487 ι
3657 4437 3721 4491 Εἰ
3796 4482 3799 4487 λ

473 4514 681 4570 domini
708 4512 837 4568 facti
864 4529 1074 4578 sumus,
1104 4513 1251 4578 ideo,
1299 4512 1475 4583 quiin
1521 4522 1710 4568 nostra
1750 4523 2039 4584 potestate,

472 4614 531 4660 ct
562 4605 666 4659 sub
683 4605 817 4674 jugo
837 4612 1025 4658 nostro
1043 4613 1191 4668 sunt,
1216 4620 1313 4660 eos
1335 4604 1502 4659 etiam
1533 4612 1590 4659 ut
1633 4605 1743 4658 vita
1794 4605 2042 4675 privare-

472 4708 615 4758 mus,
641 4692 892 4763 permisit
916 4693 1089 4757 Deus;
1128 4692 1223 4747 sed
1247 4709 1371 4748 cum
1401 4694 1482 4748 ira
1523 4694 1959 4748 misericordiam
1985 4702 2044 4747 ut

473 4786 802 4841 misceamus
823 4785 1036 4851 suadet,
1066 4794 1310 4840 extremo
1335 4785 1604 4856 supplicio
1630 4786 1683 4839 in
1710 4785 2043 4840 homicidam

474 4875 795 4930 constituto.
843 4894 861 4929 ι
893 4874 989 4930 Sin
1032 4886 1215 4932 autem
1260 4876 1646 4946 supervixerit,
1686 4875 1884 4945 inquit,
1932 4889 2044 4931 uno

474 4961 565 5018 die
588 4972 682 5017 aut
704 4963 940 5029 duobus,
991 4965 1184 5019 nonin
1228 4979 1356 5019 eum
1409 4963 1907 5029 animadvertetur;
1955 4979 2044 5017 ar-

474 5058 699 5119 gentum
735 5051 907 5120 ipsius
929 5060 1031 5106 est.
1060 5071 1077 5104 ι
1120 5051 1520 5122 Propemodum
1549 5051 1695 5105 enim
1725 5050 1894 5106 dicit:
1924 5052 2042 5106 Non

476 5140 836 5211 percutientis
866 5143 945 5197 ira
967 5141 1223 5198 effectum
1247 5149 1351 5206 est,
1387 5139 1533 5210 quod
1560 5155 1842 5211 percusso,
1896 5151 2044 5212 post-

475 5244 712 5299 eaquam
761 5238 846 5286 est
873 5248 904 5286 a
929 5232 1190 5304 languore
1237 5241 1519 5301 utcunque
1558 5238 1857 5294 recreatus,
1893 5233 2041 5288 acci-

476 5317 591 5385 dit;
632 5335 809 5391 neque
836 5321 981 5377 enim
1006 5323 1297 5394 quisquam
1326 5322 1592 5377 voluisset
1620 5338 1838 5377 servum
1881 5340 2040 5378 suum

477 5407 750 5477 amittere,
782 5427 944 5480 quem
968 5413 1261 5468 coemisset
1287 5422 1514 5483 argento
1539 5421 1593 5467 et
1637 5414 1867 5483 pecunia
1915 5414 2042 5469 data

475 5510 865 5569 comparasset.
892 5501 1022 5567 Sed,
1077 5501 1122 5558 si
1148 5512 1344 5573 praeter
1383 5504 1721 5559 voluntatem
1762 5506 2041 5562 hominem

2147 4506 2204 4560 δὲ
2234 4507 2480 4579 διαόιῲη,
2513 4509 2697 4580 φησὶν,
2731 4511 2940 4584 ἡμέραν
2992 4514 3120 4582 μίαν
3150 4514 3183 4588 ἦ
3211 4516 3324 4582 δύο,
3358 4520 3458 4574 οὐκ
3503 4523 3721 4595 ἐκδικη-

2146 4599 2392 4670 θήσεται,
2424 4601 2485 4654 τὸ
2525 4602 2789 4675 ἀργύριον
2832 4605 2996 4660 αὐτοῦ
3032 4610 3197 4664 ἐστιν.
3224 4628 3242 4661 ι
3278 4612 3576 4686 Μονονουχὶ
3609 4618 3721 4690 γάρ

2149 4705 2330 4758 φησιν,
2365 4691 2441 4743 Οὐ
2478 4693 2575 4762 τῆς
2614 4694 2707 4748 τοῦ
2749 4696 3002 4762 παίοντος
3035 4698 3194 4771 ἔργον
3220 4700 3391 4773 ὀργῆς
3413 4704 3474 4757 τὸ
3500 4704 3576 4777 τῷ
3616 4725 3720 4762 πα-

2149 4779 2292 4832 θόντι
2329 4782 2693 4854 συμὸεϐηκὸς,
2731 4787 2869 4856 μετά
2900 4805 2962 4856 γε
3001 4790 3060 4844 τὸ
3102 4777 3445 4866 εὐρωστῆσαί
3468 4814 3604 4860 πως.
3641 4801 3715 4853 Οὐ

2148 4872 2257 4943 γὰρ
2285 4870 2350 4925 ἂν
2390 4873 2622 4946 ἠθέλησέ
2653 4894 2736 4941 τις
2768 4880 3062 4935 ἀποϐαλεῖν
3097 4884 3186 4935 τὸν
3219 4883 3346 4938 ἴδιον
3376 4887 3611 4957 οἰκέτην,
3659 4888 3719 4942 ὃν

2147 4963 2430 5035 ἀργυρίοις
2481 4965 2730 5037 ἐπρίατο,
2784 4971 2879 5023 καὶ
2931 4973 3188 5043 χρήματα
3231 4975 3376 5041 δοὺς,
3431 4979 3714 5051 ἐκτήσατο.

2162 5054 2439 5119 ’Δκούσιος
2470 5057 2526 5110 δὲ
2572 5060 2620 5112 εί
2661 5059 2872 5129 γένοιτο
2906 5066 3122 5132 φονεὺς,
3178 5066 3409 5137 ζημιοῦν
3459 5072 3719 5142 ἀειφυγίᾳ

2143 5145 2343 5200 δικαιοῖ
2376 5148 2536 5202 πάλιν
2555 5151 2583 5204 ὀ
2614 5152 2774 5222 νόμος
2807 5154 2988 5231 αὐτὸν,
3015 5159 3311 5231 συμμέτρῳ
3346 5160 3714 5235 φιλανθρωπίᾳ

2147 5236 2388 5307 κεράσας
2432 5239 2533 5309 τὴν
2576 5240 2813 5307 κόλασιν,
2848 5244 2941 5296 καὶ
2986 5245 3047 5299 τὸ
3090 5246 3424 5319 άνεθελήτως
3464 5250 3713 5322 πλημμεο

2147 5324 2330 5395 ληθὲν,
2365 5327 2466 5379 οὐκ
2515 5328 2573 5379 ἐν
2630 5329 2720 5401 ίσῃ
2775 5332 2940 5403 μοίρᾳ
2984 5336 3097 5399 τοῖς
3127 5336 3450 5404 ὲθελουσίοις
3479 5336 3537 5395 εὖ
3570 5341 3711 5412 μάλα

2146 5416 2334 5480 τιθείς.
2370 5418 2559 5482 Πόλεις
2587 5419 2641 5472 δὲ
2674 5422 3028 5493 ἀφορίζεσθαι
3056 5431 3205 5498 τρεῖς
3230 5431 3615 5504 προστέταχεν,
3648 5432 3711 5497 ἃς

2148 5509 2239 5561 καὶ
2267 5507 2376 5561 τῶν
2402 5510 2848 5584 Φυγαδευτηρίων
2877 5517 3149 5589 ὠνόμασε,
3183 5523 3494 5578 συνελαύνει
3527 5541 3585 5576 τε
3619 5523 3712 5577 οὓς·

549 5695 595 5726 ⁸⁸
624 5694 797 5750 Exod.
833 5712 940 5760 xm,
975 5696 1059 5751 M.
1139 5697 1179 5729 δῖ’
1209 5696 1374 5751 Exod.
1400 5714 1545 5762 xvm,
1592 5698 1674 5753 19.
1752 5700 1798 5732 ⁸⁵
1827 5701 2015 5757 Matth.

2150 5704 2232 5759 59.
2312 5704 2352 5736 ἰ
2378 5704 2546 5761 Exod.
2580 5723 2690 5776 xxi,
2721 5709 2807 5775 20,
2835 5711 2921 5765 ει.
