3962 6296
182 290 277 349 581

868 284 970 343 DE
1008 285 1449 344 ADORATIONE
1488 287 1556 343 IN
1597 285 1868 344 SPIBITU
1908 286 1994 343 ET
2029 284 2400 345 VERITATE.
2441 286 2570 344 LIB.
2600 284 2734 344 Vill.

3346 285 3452 345 53?.

182 423 287 469 τως
337 403 459 456 ἐκεῖ
508 399 637 465 τοὺς
682 400 774 455 ἐπ’
806 402 1083 466 ἀκουσίως
1111 402 1415 473 πταίσμασι
1458 401 1773 472 φεύγοντας.

1884 402 2171 467 occiderit,
2196 417 2324 456 eum
2350 401 2432 456 lex
2466 415 2658 456 rursus
2679 408 2946 471 perpetuo
2972 400 3170 456 exsilio
3210 402 3453 458 multau-

184 496 294 551 Καὶ
319 491 517 565 καιρὺν
556 491 811 561 ἀφέσεως
846 491 1017 565 ὁρίζει
1053 493 1216 548 πάλιν
1254 493 1489 554 καὶτοῖς
1516 485 1619 548 ὧδε
1680 509 1780 546 πε-

185 586 456 657 πραχόσιν
506 583 732 649 ἀθλίως,
772 584 964 655 ἱερέως
1005 582 1235 638 θάνατον
1259 583 1353 637 τοῦ
1378 583 1777 655 ὑπερκειμένου

188 678 280 732 καὶ
302 674 659 749 προῦχοντος.
697 674 907 746 Γράφει
933 674 991 729 δὲ
1024 673 1198 738 οὕτως
1222 676 1282 727 ὲν
1311 676 1426 738 τοῖς
1466 673 1772 745 Ἀριθμοῖς·

195 790 214 823 ι
249 769 373 824 Ἐὰν
400 769 459 821 δὲ
496 765 764 837 ἐξαπίνης
790 767 852 820 οὐ
878 765 946 819 δι’
966 765 1168 837 ἔχθραν
1207 764 1321 837 ὤσῃ
1350 764 1532 832 αὑτὸν,
1563 764 1598 836 ἢ
1618 767 1777 836 επιρο

193 861 321 934 ρίψῃ
348 864 439 915 ἐπ’
481 861 647 914 αὑτὸν
678 862 789 914 πᾶν
833 858 1046 924 σκεῦος,
1080 860 1179 913 οὐκ
1208 858 1269 924 ὲξ
1299 858 1513 930 ἑνέδρου
1547 858 1579 930 ἢ
1613 858 1776 912 παντὶ

192 956 344 1025 λίθῳ,
377 958 439 1008 ὲν
471 948 516 1023 ᾧ
547 953 901 1008 ἀποθανεῖται
954 955 1012 1006 ἑν
1073 952 1223 1025 αὐτῷ
1274 955 1375 1008 οὐκ
1443 952 1619 1018 εἰδὼς,
1682 952 1776 1006 καὶ

195 1048 433 1119 ἐπιπέσῃ
493 1047 581 1100 ἐπ’
638 1047 825 1115 αὐτὸν,
876 1046 970 1101 καὶ
1015 1046 1261 1119 ἀποθάνῃ
1293 1088 1305 1110 ,
1358 1045 1520 1111 αὐτὸς
1567 1045 1625 1098 δὲ
1674 1045 1776 1099 οὐκ

199 1139 397 1211 ἐχθρὸς
416 1139 589 1193 αὐτοῦ
616 1134 707 1209 ἦν,
726 1138 845 1192 οὐδὲ
872 1136 1052 1208 ζητῶν
1077 1138 1465 1207 κακοποιῆσαι,
1487 1137 1580 1192 καὶ
1600 1138 1777 1208 κρινεῖ

197 1232 228 1299 ή
263 1229 577 1298 Συναγωγή
614 1227 722 1282 ἀνά
769 1228 934 1299 μέσον
984 1227 1080 1282 τοῦ
1119 1227 1479 1295 πατάξαντος,
1533 1227 1627 1281 καὶ
1670 1227 1776 1281 ἀνά

195 1320 358 1390 μέσον
386 1319 486 1373 τοῦ
516 1319 944 1391 ἀγχιπεύοντος
975 1318 1038 1371 τὸ
1075 1314 1216 1391 αἷμα
1266 1318 1409 1374 κατά
1431 1319 1500 1373 τὰ
1532 1320 1775 1390 κρίματα

192 1411 385 1477 ταῦτα,
412 1412 514 1465 καὶ
564 1412 829 1478 ὲξελεῖται
869 1413 904 1483 ἡ
953 1412 1250 1483 Συναγωγὴ
1296 1413 1387 1465 τὸν
1437 1412 1773 1481 φονεύσαντα

194 1504 303 1559 ἀπὸ
328 1503 425 1558 τοῦ
466 1503 883 1575 ἀγχιστεύοντος
933 1505 995 1559 τὸ
1046 1500 1206 1575 αἷμα.
1247 1506 1358 1558 Καὶ
1390 1505 1774 1575 ἀποκαταστὴ-

199 1613 382 1651 σουσιν
413 1596 580 1650 αὐτὸν
611 1599 646 1669 ἡ
684 1597 983 1668 Συναγωγή
1015 1598 1094 1662 είς
1127 1598 1224 1668 τὴν
1273 1598 1429 1652 πόλιν
1468 1596 1563 1650 τοῦ
1598 1613 1774 1667 φυγα-

188 1690 498 1761 δευτηρίου,
540 1681 603 1743 οῦ
640 1689 948 1760 κατέφυγε·
987 1690 1078 1744 καὶ
1126 1691 1445 1761 κατοικήσει
1506 1692 1622 1743 ἐκεῖ
1667 1690 1772 1752 ἕως

188 1781 254 1834 ἀν
306 1780 558 1853 ἀποθάνῃ
604 1782 633 1836 ό
689 1783 868 1853 ίερεὺς
910 1783 1103 1853 μέγας,
1137 1781 1198 1836 δν
1244 1782 1466 1854 ἔχρισαν
1499 1783 1659 1837 αὑτὸν
1690 1782 1769 1854 τῷ

188 1873 355 1943 ἐλαίῳ
398 1873 481 1944 τῷ
526 1874 687 1944 ἁγίῳ.
714 1894 734 1927 ι
765 1871 899 1930 Εἶτα
953 1876 1071 1946 μεθ’
1098 1876 1263 1947 ἕτερα
1285 1891 1300 1906 ·
1338 1893 1357 1927 ι
1386 1877 1495 1929 Καὶ
1546 1878 1680 1947 μετά
1706 1876 1769 1930 τὸ

187 1964 480 2019 ἀποθανεῖν
517 1966 611 2020 τὸν
644 1967 795 2038 ἱερέα
824 1968 912 2021 τὸν
963 1967 1155 2038 μέγαν,
1188 1967 1587 2039 ὲπαναστρέψει
1620 1970 1649 2022 ὁ
1679 1984 1769 2037 φο-

188 2056 383 2121 νεύσας
412 2060 496 2122 είς
522 2057 622 2131 τὴν
654 2061 759 2132 γῆν
782 2062 880 2131 τῆς
910 2059 1293 2131 κατασχέσεως
1318 2060 1505 2114 αὐτοῦ.
1530 2079 1548 2114 ι

1880 492 2012 548 dum
2034 501 2242 559 censet,
2270 507 2334 548 ac
2356 492 2641 548 moderata
2662 492 2955 547 clementia
2997 508 3215 562 pinnam
3247 501 3457 564 tempe-

1880 595 1986 651 rat,
2010 593 2086 651 et,
2111 585 2270 657 quod
2291 594 2495 656 praeter
2516 580 2859 639 voluntatem
2883 583 3186 640 admissum
3207 594 3313 650 est,
3341 602 3454 641 non

1879 679 2042 750 282
2064 678 2260 734 eodem
2282 678 2406 734 loco
2452 677 2640 743 habet,
2686 693 2798 747 quo
2835 677 3148 733 voluntaria
3194 679 3450 745 crimina,

1879 770 2045 842 idque
2064 772 2382 843 aequissimo
2406 773 2533 844 jure
2570 770 2721 825 facit.
2772 769 2949 825 Urbes
2986 778 3172 825 autem
3210 780 3321 828 tres
3358 773 3454 828 de-

1878 862 2030 916 cerni
2049 862 2231 932 jussit,
2256 877 2394 931 quas
2412 860 2599 925 etiam,
2639 858 2860 931 Refugii
2899 860 2969 925 ³⁸,
2997 860 3250 927 vocavit;
3276 877 3453 932 eoque

1877 953 2157 1023 compellit
2185 969 2303 1017 eos,
2344 953 2439 1023 qui
2480 953 2553 1008 ob
2593 951 2826 1007 crimina
2853 967 2965 1007 non
3012 952 3321 1008 voluntarie
3351 955 3451 1009 ad-

1877 1045 2043 1101 missa
2095 1046 2430 1100 exsularent.
2472 1045 2557 1100 ~Ac
2591 1045 2774 1099 denuo
2840 1053 3057 1114 tempus
3110 1045 3455 1103 remissionis

1875 1139 2187 1208 praescribit
2214 1138 2283 1194 iis
2336 1138 2524 1203 etiam,
2574 1138 2669 1208 qui
2715 1137 3032 1209 hujusmodi
3074 1137 3279 1193 infelici
3327 1140 3455 1195 vita:

1875 1230 2193 1284 conditione
2238 1238 2562 1285 uterentur:
2595 1230 2730 1283 illud
2754 1229 3039 1294 nimirum,
3069 1245 3183 1300 quo
3201 1246 3450 1287 summus

1875 1336 1939 1376 ac
1963 1322 2453 1391 praestantissimus
2480 1322 2742 1377 sacerdos
2776 1330 3107 1376 moreretur.
3135 1323 3225 1377 Sic
3266 1333 3450 1377 autem

1875 1415 2068 1471 scribit
2091 1416 2148 1469 in
2174 1415 2464 1471 Numeris:
2502 1435 2518 1466 ι
2542 1414 2599 1471 Si
2626 1416 2923 1485 derepente
2949 1431 3058 1470 non
3086 1424 3316 1486 propter
3341 1416 3449 1471 ini-

1873 1508 2110 1563 micitias
2147 1508 2427 1578 impulerit
2445 1523 2595 1573 eum,
2626 1519 2722 1563 aut
2743 1508 3043 1578 conjecerit
3065 1508 3120 1562 in
3140 1523 3267 1562 eum
3290 1523 3450 1563 omne

1873 1616 1991 1664 vas,
2020 1615 2131 1654 non
2154 1615 2222 1654 ex
2241 1600 2486 1665 insidiis,
2514 1608 2611 1654 aut
2642 1599 2791 1653 omni
2839 1600 3045 1670 lapide,
3097 1600 3154 1653 in
3182 1615 3293 1669 quo
3328 1615 3449 1653 mo-

1874 1692 2050 1746 rietur
2074 1691 2130 1745 in
2156 1691 2298 1761 ipso,
2324 1692 2598 1756 nesciens,
2650 1698 2707 1746 et
2756 1691 3022 1747 ceciderit
3061 1706 3227 1761 super
3245 1692 3448 1762 ipsum,

1874 1793 1931 1839 et
1954 1790 2208 1837 mortuus
2230 1782 2420 1844 fuerit,
2439 1790 2495 1837 et
2519 1783 2636 1852 ipse
2652 1797 2765 1837 non
2793 1792 2916 1837 erat
2961 1782 3243 1847 inimicus,
3269 1796 3451 1853 neque

1873 1890 2001 1931 eum
2027 1874 2309 1944 quaerebat
2337 1873 2620 1928 offendere
2651 1874 2959 1944 :judieabit
2999 1874 3283 1946 Synagoga
3306 1875 3451 1929 inter

1874 1967 2292 2039 pereutientem,
2333 1973 2391 2019 et
2411 1979 2540 2018 eum
2568 1963 2662 2034 qui
2710 1964 2994 2033 proximus
3039 1975 3124 2019 est
3175 1965 3450 2035 sanguini,

1869 2064 2023 2134 juxta
2046 2060 2162 2113 haec
2182 2056 2386 2128 judicia
2409 2075 2420 2109 :
2444 2063 2500 2110 et
2528 2064 2689 2110 eruet
2717 2055 2999 2128 Synagoga
3037 2072 3164 2113 eum
3188 2059 3281 2127 qui
3306 2058 3455 2112 oeci-

188 2151 354 2217 derit,
378 2152 451 2207 ab
482 2167 552 2207 eo
590 2152 685 2223 qui
718 2152 1009 2222 proximus
1037 2160 1125 2208 est
1166 2152 1453 2223 sanguini;
1481 2161 1537 2208 et
1567 2155 1868 2212 constituet
1901 2168 2027 2210 eum
2066 2150 2346 2222 Synagoga
2384 2149 2441 2202 in
2480 2148 2675 2205 urbem
2717 2148 2936 2219 refugii,
2960 2163 3071 2217 quo
3102 2148 3366 2219 confugit,
3393 2154 3455 2205 et

191 2242 465 2297 habitabit
493 2241 592 2305 ibi,
613 2256 899 2313 quousque
921 2242 1192 2297 moriatur
1224 2241 1483 2297 sacerdos
1506 2260 1755 2316 magnus,
1798 2232 2283 2317 quem‘unxerunt
2322 2240 2446 2293 oleo
2493 2247 2684 2293 sancto
2726 2239 2791 2291 ⁵³.
2814 2258 2831 2289 ι
2868 2236 3078 2293 Deinde
3137 2249 3261 2309 post
3305 2240 3446 2295 alia:

201 2354 217 2387 ι
244 2330 311 2389 Et
337 2344 699 2405 posteaquam
752 2342 1008 2390 mortuus
1046 2334 1214 2390 fuerit
1237 2334 1498 2391 sacerdos
1514 2351 1767 2409 magnus,
1808 2345 2121 2395 revertetur
2148 2331 2425 2387 homicida
2477 2330 2533 2385 in
2558 2339 2762 2385 terram
2814 2330 3184 2400 possessionis
3210 2346 3323 2386 suae
3345 2332 3443 2385 ⁸⁸.»

258 2427 470 2480 ΗΑΛΛ.
509 2426 679 2490 Λύσις
706 2423 801 2481 οὖν
834 2429 943 2499 ἄρα
961 2428 1061 2499 τῆς
1079 2428 1366 2499 ἀειφυγίας
1387 2430 1592 2496 αὐτοῖς,
1616 2432 1644 2484 ό
1671 2431 1766 2485 τοῦ

196 2518 581 2593 προλεχθέντος
601 2521 734 2590 ἡμῖν
763 2520 964 2591 ἀρτίως
989 2519 1179 2591 ἱερέως
1205 2521 1454 2587 Θάνατος.

259 2610 426 2666 ΚΥΡ.
466 2611 662 2682 Σχῆμα
710 2611 869 2665 τοῦτο
891 2614 1002 2677 τοῖς
1030 2612 1242 2679 τύποις.
1292 2615 1561 2671 Ὠδίνουσι
1598 2616 1656 2670 δὲ
1709 2616 1769 2669 τὸ

199 2701 286 2758 τοῦ
312 2701 558 2799 Χρισιτοῦ
587 2704 884 2775 μυστήριον
914 2704 970 2758 al
1001 2704 1172 2760 σκιαί.

260 2793 473 2848 ΠΔΛΔΖ
513 2794 652 2849 Τίνα
676 2794 902 2866 τρόπον;

262 2884 428 2939 ΚΥΡ.
469 2885 587 2938 Οὐκ
610 2884 889 2951 ἀπίθανον,
929 2878 976 2939 ὦ
1019 2884 1312 2955 Παλλάδιε,
1361 2889 1423 2941 τό
1464 2904 1528 2957 γε
1565 2888 1772 2943 οἴεσθαι

199 2978 350 3050 τυχὸν
371 2978 501 3042 τοὺς
528 2980 650 3042 ταῖς
670 2978 967 3050 ἁμαρτίαις
985 2979 1544 3052 ὲγκατειλημμένους,
1582 2999 1772 3052 φονευ-

198 3070 288 3135 τάς
310 3068 504 3143 ὥσπερ
532 3070 687 3135 τινάς
712 3071 814 3141 τῆς
842 3071 978 3136 ίδίας
1010 3072 1277 3145 ὑπάρχειν
1298 3072 1496 3145 ψυχῆς,
1522 3075 1614 3128 καὶ
1641 3092 1771 3128 κατ-

201 3164 475 3235 ολισθῆσαι
523 3166 605 3228 είς
661 3162 820 3219 τοῦτο
862 3165 1237 3239 ταλαιπωρίας
1280 3167 1379 3220 οὐκ
1422 3168 1768 3237 ἐθελουσίως,

199 3253 657 3327 ὲκεεόιασμένους
676 3254 732 3309 δὲ
759 3255 948 3327 ὥσπερ
997 3260 1077 3322 εἰς
1118 3258 1452 3329 παράϐασιν,
1479 3261 1573 3314 καὶ
1606 3263 1685 3325 εἰς
1713 3262 1774 3315 τὸ

199 3346 569 3418 προσκροῦσαι
600 3347 740 3419 Θεῷ,
766 3349 854 3403 διὰ
876 3350 937 3403 τὸ
967 3350 1244 3419 ἐγκεῖσθαι
1272 3352 1371 3423 τὴν
1394 3351 1630 3407 διάνοιαν
1676 3353 1770 3406 τοῦ

196 3439 481 3509 ἀνθρώπου
514 3441 605 3495 ἐπὶ
627 3440 695 3494 τά
734 3441 947 3515 πονηρά
975 3444 1040 3496 ἐκ
1061 3443 1329 3515 νεότητος,
1353 3445 1446 3498 καὶ
1476 3445 1564 3499 διά
1593 3446 1685 3501 τὸν
1715 3448 1772 3501 ὲν

198 3532 303 3594 τοῖς
350 3530 542 3601 μέλεσι
576 3532 676 3602 τῆς
730 3532 931 3603 σαρκὸς
984 3516 1082 3605 τῆς
1113 3534 1405 3588 ἀτιθάσσου
1441 3535 1770 3607 φιληδονίας,

196 3624 605 3694 τυραννήσαντα
631 3624 814 3695 νόμον.
846 3626 995 3698 Φυγῇ
1024 3629 1310 3701 τοιγαροῦν
1332 3632 1399 3703 τῇ
1430 3629 1537 3684 ἀπὸ
1565 3631 1771 3703 κόσμου

196 3718 284 3770 καὶ
310 3715 564 3789 σώματος
592 3720 627 3790 ὴ
650 3718 810 3773 ἀθλία
828 3717 971 3791 ψυχὴ
1003 3720 1097 3774 τοῦ
1124 3719 1410 3795 ἀνθρώπου
1453 3720 1769 3795 ζημιοῦται,

194 3810 286 3863 καὶ
318 3809 509 3883 ὥσπερ
534 3812 613 3874 είς
649 3811 802 3865 πόλιν
858 3813 981 3867 τινὰ
1036 3814 1468 3887 φυγαδευτηρίου
1518 3817 1630 3880 τοῖς
1677 3814 1771 3870 τοῦ

197 3902 424 3957 θανάτου
450 3907 640 3975 μυχοῖς
664 3904 979 3977 ὲνιζήσασα,
1006 3910 1251 3980 μακροὺς
1276 3908 1501 3963 διετέλει
1521 3910 1769 3984 χρόνους,

195 3992 379 4065 ἀνείθη
421 3994 481 4048 δὲ
541 3994 695 4065 μόλις
735 3996 1097 4061 ἀποθανόντος
1136 3998 1373 4070 Χριστοῦ
1410 3998 1505 4052 τοῦ
1532 4000 1771 4071 μεγάλου

196 4085 405 4156 ἱερέως,
435 4084 497 4149 δς
522 4087 614 4139 τὸν
639 4086 781 4158 ὑπὲρ
804 4088 1024 4143 πάντων
1051 4089 1281 4145 θάνατον
1326 4090 1581 4157 ἀνατλὰς,
1603 4109 1772 4146 κατα-

204 4178 504 4248 πεφοίτηκε
544 4178 645 4249 μὲν
670 4181 749 4243 είς
786 4179 934 4251 ᾅδου,
968 4179 1141 4246 πύλας
1165 4182 1221 4235 δὲ
1251 4181 1428 4254 ἧνοιξε
1457 4185 1569 4247 τοῖς
1597 4184 1769 4250 κάτω,

195 4271 284 4324 καὶ
308 4270 527 4339 δεσμῶν
554 4271 726 4342 ὴφίει,
763 4291 783 4324 ι
802 4272 975 4342 λέγων
994 4276 1107 4337 τοῖς
1127 4274 1186 4327 ὲν
1206 4274 1441 4346 δεσμοῖς,
1472 4274 1769 4343 Ἐξέλθετε,

195 4360 425 4426 καὶτοῖς
456 4362 516 4415 ὲν
538 4361 616 4433 τῷ
649 4362 850 4430 σκότει,
895 4363 1417 4419 ’Λνακαλύπτεσθεα

261 4454 475 4507 ΠΔΛΛ.
528 4452 616 4518 Ὦς
650 4453 825 4525 σαφὴς
846 4457 875 4509 ὁ
898 4454 1075 4525 λόγος.
1698 4503 1717 4515 ρ

259 4544 432 4599 ΚΥΡ.
473 4545 551 4597 (ὶὺ
585 4544 708 4598 καθ’
745 4546 841 4600 ἕνα
863 4546 920 4599 δὲ
966 4547 1167 4618 τρόπον
1201 4546 1506 4617 εὐδοκιμεῖν
1546 4547 1775 4601 ἀναπεί-

192 4634 300 4689 θων
342 4636 475 4699 τοὺς
535 4636 923 4708 ἀρχαιοτέρους
965 4639 994 4691 ὁ
1044 4637 1226 4708 νόμος,
1261 4637 1375 4691 ἀλλ’
1404 4632 1462 4691 εὖ
1504 4637 1776 4692 συντεθεῖ-

195 4723 319 4778 σθαι
344 4724 435 4778 διὰ
465 4723 706 4790 πάντων,
755 4726 850 4780 καὶ
866 4726 941 4790 ὡς
973 4725 1173 4796 ἄριστα
1205 4725 1375 4797 ἔχειν,
1407 4727 1493 4779 ἵνα
1589 4727 1777 4798 ἄρτιος

192 4816 219 4867 ό
246 4815 342 4869 τοῦ
368 4814 509 4869 Θεοῦ
549 4815 853 4888 ἄνθρωπος,
878 4817 1016 4888 πρὸς
1046 4819 1156 4872 πᾶν
1180 4817 1339 4888 ἔργον
1388 4817 1590 4886 ἀγαθὸν
1615 4817 1778 4891 ἐξηρ-

191 4907 449 4979 τημὲνος,
488 4909 583 4962 καὶ
621 4909 869 4974 συνόδους
888 4909 1134 4980 γαμικάς
1176 4908 1609 4982 καταῤῥυθμίζει
1635 4911 1773 4981 πρὸς

192 5001 250 5053 τὸ
298 5000 522 5071 σεμνὸν.
568 5003 664 5057 καὶ
708 5002 785 5066 ὡς
819 5002 888 5056 ἂν
932 5004 1248 5074 ἀμωμήτως
1276 5004 1570 5073 πράττοιτο
1615 5002 1773 5057 τιτιυτλ⁵

192 5094 341 5164 παρά
386 5110 450 5145 τε
492 5092 614 5163 Θεῷ
669 5093 765 5147 καὶ
805 5092 1138 5164 ἀνθρώποις,
1167 5094 1490 5165 καθίστησιν
1521 5095 1769 5166 ἐναργές.

194 5184 458 5255 Πορνείαν
501 5184 604 5255 μὲν
652 5180 750 5240 οῦν
794 5186 887 5241 καὶ
936 5184 1278 5258 ἀκαθαρσίαν
1306 5184 1543 5258 ἐξορίζει
1576 5202 1773 5240 παντε-

193 5272 319 5333 λῶς.
374 5276 770 5348 ἀρρενομιξίαν
815 5275 873 5331 δὲ
931 5277 1027 5331 καὶ
1068 5293 1335 5348 μοιχειαν,
1365 5278 1442 5343 ᾡς
1500 5277 1773 5333 ἀπωτάτω

197 5367 447 5432 ποιεῖται,
489 5365 664 5436 λέγων
706 5368 766 5419 ὲν
816 5367 895 5438 τῷ
940 5368 1242 5440 Λευιτικῷ’
1304 5388 1324 5423 ι
1354 5370 1464 5424 Καὶ
1509 5371 1645 5444 πρὸς
1671 5371 1772 5442 τὴν
1802 5443 1813 5453 ¹

198 5458 428 5520 γυναῖκα
451 5457 545 5512 τοῦ
593 5459 824 5531 πλησίον
857 5476 951 5514 σου
989 5461 1052 5513 οὐ
1080 5459 1271 5525 δώσεις
1296 5461 1484 5533 κοίτην
1520 5463 1771 5534 σπέρμα-

200 5542 286 5609 τός
311 5563 428 5615 σου,
457 5549 822 5622 ὲκμιανθῆναι
859 5550 994 5621 πρὸς
1038 5552 1230 5623 αὐτὴν,
1284 5553 1379 5607 καὶ
1432 5554 1573 5625 μετά
1609 5554 1773 5627 ἀρσε-

278 5708 322 5740 ⁸¹
340 5733 498 5789 Deut.
522 5751 595 5798 iv.
625 5734 718 5790 ιι.
773 5734 818 5766 ιι
838 5734 998 5791 Num.
1022 5752 1180 5797 xxxv,
1205 5733 1393 5787 22-25.
1454 5732 1500 5765 ιε
1526 5731 1661 5785 ibid.
1695 5733 1784 5787 es.

1938 2430 2136 2487 PALL.
2163 2427 2314 2482 Finis
2338 2426 2508 2497 igitur
2529 2425 2711 2480 exsilii
2736 2423 2847 2479 illis
2876 2424 2988 2478 erit
3014 2438 3165 2479 mors
3189 2426 3451 2482 δείξει-ἀοι

1866 2526 1963 2590 tis,
1990 2537 2155 2594 quem
2199 2519 2364 2574 modo
2390 2518 2650 2572 diximus.

1937 2615 2428 2685 CYR.Figurarum
2459 2611 2681 2682 quidem
2703 2613 2945 2668 exterior
2970 2614 3193 2668 habitus
3207 2613 3452 2682 ejusmo-

1863 2709 1925 2771 di
1945 2704 2163 2763 est.Sed
2187 2704 2631 2774 complectuntur
2646 2704 2856 2758 umbra:
2876 2704 3086 2759 Christi
3101 2703 3448 2774 mysterium.

1939 2798 2137 2856 PALL.
2165 2798 2286 2865 Quo
2312 2796 2535 2853 tandem
2573 2795 2771 2850 modo?

1934 2893 2091 2950 ΟΥΕ.
2117 2892 2236 2947 Non
2260 2900 2346 2947 est
2369 2891 2757 2961 improbabile,
2813 2890 3043 2955 Palladi,
3085 2900 3281 2960 putare
3328 2889 3447 2945 for-

1869 2986 2033 3042 tassis
2079 3000 2195 3049 eos,
2228 2984 2323 3055 qui
2370 2983 2614 3054 peccatis
2655 2982 2924 3057 implicati
2971 2991 3119 3047 sunt,
3165 2999 3279 3038 suae
3321 2982 3451 3037 ani-

1872 3093 1975 3133 ma:
2011 3077 2162 3132 velut
2184 3075 2489 3131 homicidas
2512 3089 2654 3139 esse,
2680 3083 2846 3144 atque
2890 3074 2958 3129 ad
3004 3090 3125 3129 eam
3173 3075 3453 3129 miseriam

1873 3187 1986 3245 non
2015 3178 2213 3240 sponte
2253 3169 2531 3237 delapsos,
2556 3166 2653 3222 sed
2698 3166 2767 3221 ad
2814 3167 2992 3237 legem
3036 3167 3348 3220 violandam
3396 3175 3454 3221 et

1874 3264 2047 3319 Deum
2072 3260 2465 3316 offendendum
2517 3266 2741 3313 coactos
2767 3273 2893 3313 esse
2916 3258 3352 3327 .quodammodo
3395 3270 3452 3314 et

1875 3354 2158 3423 impulsos,
2184 3366 2251 3407 eo
2274 3349 2422 3421 quod
2445 3365 2619 3421 prona
2643 3349 2715 3403 sit
2738 3363 2897 3403 mens
2942 3348 3185 3403 hominis
3218 3349 3285 3403 ad
3309 3350 3450 3405 mala

1873 3443 2245 3513 exjuventute
2267 3441 2335 3504 ",
2369 3447 2425 3493 et
2470 3437 2752 3492 indomita:
2792 3438 3255 3507 concupiscentiae
3279 3438 3366 3493 lex
3393 3439 3450 3493 in

1872 3534 2137 3591 membris
2158 3532 2341 3588 carnis
2361 3516 2697 3585 dominetur.
2725 3530 2898 3601 Igitur
2923 3530 3115 3601 procul
3155 3546 3183 3584 a
3240 3531 3449 3584 mundo

1872 3633 1928 3682 et
1949 3642 1980 3680 a
2003 3639 2232 3694 corpore
2257 3621 2497 3677 hominis
2519 3623 2703 3676 anima
2727 3621 2920 3677 infelix
2951 3622 3147 3676 exsilio
3171 3622 3449 3678 multaba-

1874 3729 1987 3785 tur,
2013 3724 2180 3787 atque
2202 3717 2261 3771 in
2281 3715 2486 3771 abditis
2509 3716 2707 3771 mortis
2755 3731 2819 3771 ac
2863 3715 3242 3787 penetralibus
3289 3716 3452 3781 locis,

1876 3816 2139 3879 tanquam
2176 3808 2234 3862 in
2264 3804 2403 3862 urbe
2448 3807 2685 3878 quadam
2735 3806 2932 3878 refugii
2976 3806 3247 3872 residens,
3288 3808 3453 3879 longo

1872 3911 2117 3974 tempore
2141 3900 2563 3972 perseverabat;
2594 3909 2817 3956 mortuo
2841 3909 3028 3955 autem
3055 3898 3285 3956 Christo
3330 3915 3453 3956 ma~

1872 4010 1980 4066 gno
2003 3994 2308 4059 sacerdote,
2349 3993 2443 4048 vix
2488 3992 2711 4048 tandem
2758 3992 2984 4048 dimissa
3020 4001 3125 4047 est.
3170 3991 3297 4059 Qui,
3326 4008 3453 4048 cum

1873 4100 1976 4155 pro
2040 4084 2298 4140 omnibus
2377 4083 2699 4153 pertulisset
2757 4091 3035 4146 mortem,
3096 4080 3165 4135 ad
3236 4082 3454 4136 inferna

1873 4176 2178 4240 descendit,
2203 4183 2365 4244 atque
2398 4182 2585 4243 portas
2636 4172 2827 4227 inferis
2872 4171 3110 4240 aperuit,
3148 4186 3453 4241 eorumque

1873 4268 2092 4323 vincula
2130 4265 2420 4330 relaxavit,
2471 4264 2706 4317 «dicens
2752 4262 2857 4326 eis,
2912 4262 3007 4331 qui
3055 4262 3451 4317 vinctierant:

1880 4360 2066 4424 Exite;
2092 4368 2147 4413 et
2187 4358 2255 4411 iis
2280 4355 2373 4425 qui
2400 4356 2458 4409 in
2478 4354 2725 4409 tenebris
2753 4371 2765 4406 :
2792 4353 3130 4408 Revelamini
3157 4355 3225 4409 “.
3248 4373 3267 4405 ι

1947 4447 2145 4504 PALL.
2174 4446 2382 4517 Aperta
2405 4459 2535 4499 sane
2555 4441 2847 4512 expositio.

1944 4541 2102 4598 (ΠΒ.
2132 4539 2425 4602 Cancrum,
2454 4537 2586 4606 quia
2609 4533 2775 4605 283
2800 4534 2889 4589 lex
2912 4548 3025 4588 non
3053 4549 3166 4589 uno
3187 4534 3453 4590 duntaxat

1882 4649 2087 4707 genere
2113 4630 2336 4686 virtutis
2361 4629 2619 4697 antiquos
2642 4627 2767 4682 illos
2790 4626 3163 4682 commendari
3212 4626 3451 4692 volebat,

1875 4726 1973 4783 sed
1997 4724 2061 4781 ad
2088 4722 2272 4778 omnia
2299 4721 2637 4789 compositos
2659 4735 2804 4784 esse,
2843 4728 2900 4774 et
2951 4718 3159 4788 optime
3205 4725 3448 4789 paratos,

1877 4827 1939 4874 ut
1968 4815 2244 4888 perfectus
2264 4821 2412 4869 esset
2435 4812 2603 4867 homo
2624 4813 2748 4877 Dei,
2774 4812 2842 4867 ad
2865 4826 3030 4866 omne
3072 4826 3211 4881 opus
3243 4811 3452 4868 bonum

1878 4918 2105 4981 paratus
2127 4908 2195 4972 ",
2221 4905 2347 4961 ideo
2372 4905 2689 4975 nuptiarum
2734 4904 3179 4975 conjunctionem
3217 4906 3285 4960 ad
3328 4921 3453 4963 mo-

1880 5016 2004 5056 rum
2058 4999 2405 5054 honestatem
2447 4995 2754 5067 componit:
2801 5003 2857 5050 et
2904 5011 3014 5065 qua
3064 4998 3277 5053 ratione
3338 4998 3455 5056 haec

1879 5094 1999 5150 ﬁeri
2023 5095 2098 5149 ita
2117 5092 2355 5164 possint,
2378 5098 2437 5145 ut
2460 5088 2891 5160 reprehensione
2922 5097 3042 5143 tum
3064 5091 3211 5161 apud
3256 5091 3453 5159 Deum,

1877 5194 1994 5243 tum
2042 5201 2174 5240 vero
2220 5182 2365 5255 apud
2403 5182 2654 5235 homines
2699 5187 2945 5245 careant,
3001 5185 3245 5253 exponit.
3284 5185 3455 5255 igitur

1877 5277 2301 5334 fornicationem
2324 5271 2803 5329 etimmunditiam
2827 5288 3057 5343 prorsus
3090 5277 3298 5347 rejicit;
3333 5292 3453 5332 ma-

1878 5370 2154 5425 sculorum
2182 5381 2314 5422 vero
2338 5364 2693 5420 concubitum
2718 5372 2773 5420 et
2793 5364 3132 5423 adulterium
3156 5382 3318 5437 quam
3335 5368 3454 5424 lon-

1877 5462 2098 5534 gissime
2123 5458 2360 5528 repellit,
2384 5457 2574 5512 dicens
2599 5456 2658 5509 in
2680 5452 2959 5513 Levitico:
2996 5477 3014 5508 ι
3033 5459 3101 5513 Et
3124 5457 3191 5511 ad
3226 5473 3454 5515 uxorem

1877 5551 2112 5623 proximi
2141 5550 2219 5604 tui
2248 5564 2360 5603 non
2382 5548 2540 5604 dabis
2564 5550 2885 5606 cucubitum
2907 5548 3130 5605 seminis
3153 5547 3256 5615 tui,
3281 5557 3344 5604 ut
3366 5549 3455 5606 in—

1864 5734 1909 5765 “
1929 5732 2128 5787 Gcncs.
2152 5748 2265 5797 vm,
2305 5733 2393 5787 21.
2474 5734 2520 5766 ⁸⁸
2542 5733 2643 5789 lsa.
2678 5751 2820 5801 xux,
2849 5735 2901 5792 9.
2980 5736 3024 5768 "
3051 5734 3096 5789 ll
3120 5733 3262 5790 Tim.
3283 5749 3344 5802 ιι,
3364 5710 3457 5792 ﬁt.
