3962 6296
1465 267 1522 324 S.
1564 266 1841 324 CYRILL!
1880 262 2350 324 ALEXANDRINI
2388 266 2706 324 ABCHIEP.

3594 281 3703 341 εει

447 390 696 465 quineris
709 388 834 446 cum
846 403 911 445 ea
924 405 940 456 ;
958 395 1016 444 et
1039 399 1163 442 cum
1180 386 1422 441 masculo
1436 402 1547 442 non
1572 387 1813 471 dormies
1828 403 2014 443 concu-

2131 403 2220 450 νος
2247 387 2309 440 οὐ
2351 388 2662 459 κοιμηθήσῃ
2710 387 2896 458 κοίτην
2930 389 3265 456 γυναικείαν·
3287 392 3564 466 βδέλυγμα,
3593 408 3705 472 γάρ

445 464 565 540 bitu
581 483 816 537 femineo
831 498 846 548 ;
863 477 1199 535 exsecrabile
1212 478 1358 532 enim
1372 478 1529 533 est".
1543 497 1562 530 ι
1584 464 1900 549 Hujusmodi
1910 520 1926 544 ,
1941 479 2030 533 in-

326 598 337 613 -
444 572 794 643 quit,llagitia
813 586 910 624 sua
932 577 1126 638 sponte
1144 568 1400 623 damnata
1420 577 1570 634 sunt,
1595 578 1652 625 et
1672 585 1940 625 summam
1957 571 2032 626 iis

444 664 666 735 ﬂagitiis
687 662 988 718 fmditatem
1006 661 1186 715 inesse
1207 660 1563 730 perspicuum
1586 670 1669 717 est
1691 678 1705 728 ;
1733 677 1836 717 nec
1854 662 2028 732 pluri-

384 748 387 751 ’
443 756 549 810 bus
567 753 751 809 verbis
764 768 904 823 Opus
927 752 1037 806 erit
1058 762 1119 807 ut
1137 752 1259 807 illos
1281 752 1373 821 qui
1395 751 1462 805 ad
1485 766 1606 806 eam
1630 753 2029 823 turpitudinem

443 855 802 912 venerunt,ut
818 845 922 915 ipsi
939 852 1138 915 sponte
1154 844 1291 898 adeo
1308 843 1452 914 turpi
1465 843 2028 914 etdel‘ormiopinione

443 936 1054 1007 laborarentipsamque
1078 946 1334 991 naturam
1360 943 1708 992 accusantem
1735 936 2023 1001 haberent,

443 1043 820 1098 coarguamus.
846 1026 1123 1097 Hisigitur
1143 1025 1548 1096 praetermissis,
1566 1042 1688 1097 qua:
1706 1022 1945 1098 legitime
1969 1035 2027 1082 et

444 1118 748 1173 secundum
774 1119 1046 1172 rationem
1074 1116 1231 1182 ﬁunt,
1267 1116 1564 1181 examinat,
1591 1116 1780 1172 dicens
1802 1116 1858 1170 in
1878 1118 2024 1172 Deu-

445 1210 790 1265 teronomio:
833 1228 853 1259 «
878 1208 934 1263 Si
970 1209 1098 1279 quis
1143 1209 1425 1279 acceperit
1460 1223 1710 1272 uxorem,
1755 1216 1813 1262 et
1854 1208 2022 1263 coha-

446 1302 711 1356 bitaverit
742 1316 868 1355 cum
890 1316 978 1366 ea,
1002 1308 1059 1355 et
1092 1301 1223 1367 erit,
1247 1302 1293 1356 si
1319 1302 1411 1356 illa
1456 1316 1567 1356 non
1586 1300 1863 1356 invenerit
1895 1316 2020 1371 gra-

445 1394 575 1448 tiam
606 1394 663 1447 in
686 1403 983 1463 conspectu
1009 1394 1153 1463 ejus,
1198 1393 1327 1462 quia
1356 1392 1568 1451 invenit
1589 1392 1643 1446 in
1660 1406 1725 1446 ea
1766 1407 1881 1447 rem
1907 1400 2023 1446 tur-

441 1500 601 1554 pem;
630 1484 840 1539 scribet
861 1483 913 1539 ei
954 1483 1202 1539 libellum
1250 1484 1491 1554 repudii,
1514 1493 1572 1539 et
1616 1484 1771 1539 dabit
1814 1484 1870 1538 in
1901 1499 2019 1539 ma-

442 1592 551 1631 nus
581 1576 722 1645 ejus,
744 1575 1069 1636 etdimittet
1086 1591 1209 1631 eam
1231 1591 1263 1630 e
1293 1576 1457 1630 domo
1495 1590 1627 1630 sua:
1653 1583 1709 1630 et
1734 1575 1778 1629 si
1828 1574 2020 1629 abiens

442 1666 610 1722 fuerit
634 1667 794 1722 alteri
817 1667 960 1732 viro,
988 1676 1046 1722 et
1065 1668 1247 1723 oderit
1267 1684 1390 1723 eam
1420 1668 1507 1722 vir
1527 1668 1773 1731 ultimus,
1800 1675 1857 1722 et
1880 1667 2022 1722 scri-

442 1758 676 1827 pseritei
699 1758 946 1813 libellum
972 1759 1210 1829 repudii,
1235 1769 1290 1815 et
1314 1758 1533 1815 dederit
1554 1760 1612 1813 in
1645 1775 1843 1814 manus
1869 1760 2012 1829 ejus,
2049 1737 2091 1792 Β

443 1856 503 1901 et
532 1847 810 1904 dimiserit
833 1866 956 1905 eam
987 1866 1019 1904 c
1058 1850 1221 1905 domo
1272 1866 1391 1915 sua,
1416 1857 1512 1904 aut
1546 1858 1808 1904 mortuus
1851 1848 2037 1905 fuerit.

441 1939 528 1992 vir
552 1940 669 2010 ejus
692 1940 938 2005 ultimus,
962 1940 1061 2010 qui
1083 1940 1299 2009 accepit
1320 1956 1442 1995 eam
1483 1941 1593 1995 sibi
1616 1956 1876 2007 uxorem;
1907 1956 2018 2003 non

442 2030 646 2099 poterit
669 2032 777 2096 vir,
806 2032 900 2101 qui
928 2032 1087 2101 prius
1121 2031 1335 2086 dimisit
1371 2047 1516 2097 eam,
1542 2032 1724 2087 denuo
1768 2031 2021 2101 accipere

442 2123 547 2178 sibi
580 2125 636 2180 in
663 2141 916 2190 uxorem,
944 2137 1305 2197 posteaquam
1343 2128 1555 2197 polluta
1590 2135 1706 2194 est;
1759 2128 1892 2198 quia
1920 2143 2017 2182 ex-

440 2214 710 2271 secrabile
732 2216 896 2271 estin
918 2227 1219 2288 conspectu
1270 2218 1488 2273 Domini
1538 2219 1637 2273 Dei
1664 2219 1777 2286 tui;
1810 2229 1867 2274 et
1907 2234 2020 2273 non

441 2305 701 2374 polluetis
755 2317 985 2374 terram,
1009 2326 1173 2380 quam
1203 2310 1470 2365 Dominus
1507 2312 1653 2366 Deus
1706 2322 1889 2366 vester
1926 2312 2020 2369 dat

439 2397 599 2453 vobis
622 2398 677 2453 in
702 2401 1107 2468 possessionem
1133 2403 1198 2455 ".
1227 2421 1244 2453 ι
1277 2402 1434 2467 Nam,
1463 2418 1584 2474 qua:
1603 2404 1767 2475 justis
1795 2404 1863 2460 de
1884 2420 2017 2467 cau-

440 2490 517 2545 sis
537 2506 567 2544 a
592 2492 712 2545 viro
737 2492 1013 2563 disjuncta
1041 2504 1145 2558 est,
1174 2502 1229 2549 et
1253 2495 1482 2549 alterius
1526 2495 1629 2549 viri
1661 2496 2014 2550 concubitum

441 2595 623 2650 passa,
671 2597 793 2637 eam
832 2584 1131 2654 legitimam
1158 2584 1264 2639 sibi
1290 2600 1517 2639 uxorem
1556 2586 1845 2650 asciscere,
1870 2586 2015 2641 haud

445 2679 625 2724 tutum
664 2680 767 2736 est,
795 2672 906 2726 imo
926 2688 1060 2727 vero
1098 2674 1516 2728 stultissimum:
1539 2691 1686 2739 nam,
1746 2694 1763 2725 ι
1785 2674 1886 2741 Qui
1915 2676 2014 2730 ha-

442 2760 539 2815 bet
582 2760 906 2825 adulteram,
945 2763 1142 2832 inquit,
1181 2764 1380 2818 stultuS
1426 2772 1599 2819 estet
1648 2764 1849 2835 impius
1887 2767 1950 2821 ‘°.
1987 2786 2006 2816 ο

443 2849 516 2907 Ut
546 2859 732 2905 autem
760 2851 1020 2921 prohibet
1067 2853 1258 2919 neiis,
1316 2870 1438 2923 qua:
1484 2855 1778 2925 perspicue
1832 2856 2014 2927 turpia

441 2951 591 3007 sunt,
609 2950 665 2997 et
687 2942 806 2997 sine
839 2945 1219 2999 controversia
1241 2945 1592 3011 damnantur,
1638 2947 2009 3015 oblectemur;

2132 478 2299 534 ἐστιν.
2354 496 2373 530 ι
2430 479 2687 546 Δὺτόθεν,
2723 481 2878 549 φησι,
2905 480 2975 533 τὰ
3018 482 3245 538 τοιαῦτα
3268 484 3330 538 τὺ
3376 490 3706 562 κατακεκρί-

2135 569 2260 623 σθαι
2287 573 2454 634 νοσεῖ,
2483 571 2581 625 καὶ
2623 571 2758 624 πολὺ
2796 572 2859 624 τὸ
2912 572 3146 638 δυσῶδες
3169 576 3463 648 ἐντετηκὸς
3490 580 3702 645 αὐτοῖς,

2129 661 2530 733 ἀταλαιπώρως
2562 661 2893 733 εὑρίσκεται,
2930 665 3025 718 καὶ
3059 666 3273 734 μακροῦ
3318 669 3454 740 πρὸς
3478 671 3703 742 ἔλεγχον

2127 754 2190 807 οὐ
2235 752 2418 823 δεήσει
2464 752 2622 821 λόγου
2667 755 2781 817 τοῖς
2812 755 2889 817 είς
2919 754 3080 808 τοῦτο
3105 756 3389 829 βδελυρίας
3417 761 3702 831 ἠγμένοις,

2125 841 2202 906 ὡς
2245 841 2457 896 οἴκοθεν
2505 842 2650 913 ἔχειν
2700 844 2929 915 αίσχρᾲν
2953 844 3096 899 οὕτω
3122 848 3219 901 καὶ
3251 850 3459 922 ἀκαλλῆ
3495 853 3592 924 τὴν
3614 854 3701 908 δό-

2128 932 2245 999 ξαν,
2279 935 2375 987 καὶ
2406 936 2540 1004 παρ’
2573 935 2746 1005 αὐτῆς
2776 935 2875 1005 τῆς
2915 937 3130 1004 φύσεως
3171 940 3273 1011 τὴν
3301 944 3543 1014 γραφήν.
3577 945 3701 999 Τοι-

2125 1025 2234 1096 γάρ
2280 1041 2359 1078 τοι
2412 1026 2607 1097 παρεὶς
2637 1027 2704 1081 τὰ
2733 1026 2977 1092 τοιαῦτα,
3007 1029 3077 1083 τὰ
3120 1031 3400 1102 συννόμως
3421 1034 3695 1107 δρώμενα,

2125 1116 2221 1171 καὶ
2247 1116 2348 1170 οὐκ
2371 1114 2476 1181 ἔξω
2507 1116 2666 1186 λόγου
2715 1118 3014 1189 βασανίζει,
3044 1121 3217 1190 λέγων
3250 1123 3309 1176 ἐν
3336 1124 3414 1195 τῷ
3438 1128 3698 1199 Δευτερο-

2123 1207 2294 1278 νομίῳ
2316 1221 2330 1235 ⁸
2365 1225 2385 1258 σ
2426 1208 2550 1262 Ἐὰν
2577 1209 2636 1263 δέ
2676 1226 2762 1273 τις
2794 1210 2932 1282 λάϐῃ
2983 1214 3216 1280 γυναῖκα
3250 1216 3345 1268 καὶ
3397 1219 3695 1291 συνοικήσῃ

2128 1298 2266 1368 αὐτῇ
2285 1315 2299 1329 ο
2327 1299 2422 1352 καὶ
2443 1298 2615 1362 ἔσται,
2640 1297 2735 1353 ἐὰν
2768 1300 2842 1369 μὴ
2866 1300 3003 1372 εὕρῃ
3025 1300 3186 1373 χάριν
3211 1304 3652 1377 ἐνσντίον.αὐτοΰ
3674 1327 3690 1340 ·

2121 1391 2205 1445 ὅτι
2258 1382 2417 1460 εὗρεν
2450 1392 2509 1444 ἐν
2544 1392 2682 1463 αὐτῇ
2721 1392 2968 1463 ἄσχημον
3002 1396 3262 1466 πρᾶγμα,
3305 1397 3505 1469 γράψει
3546 1402 3688 1472 αὑτῇ

2123 1484 2328 1553 βιϐλίον
2359 1482 2715 1548 ἀποστασίου,
2753 1484 2848 1537 καὶ
2901 1484 3168 1540 ἀποδώσει
3225 1489 3306 1552 είς
3345 1489 3445 1555 τὰς
3498 1495 3691 1565 χεῖρας

2121 1575 2313 1646 αὐτῆς,
2346 1576 2440 1629 καὶ
2482 1576 2772 1630 ἀποστελεῖ
2802 1576 2971 1648 αὐτὴν
3029 1579 3094 1631 ἐκ
3133 1578 3234 1649 τῆς
3273 1581 3451 1646 οἰκίας
3496 1584 3683 1637 αὐτοῦ’

2121 1668 2212 1721 καὶ
2234 1666 2328 1720 ἐὰν
2352 1666 2662 1733 ἀπελθοῦσα
2690 1668 2913 1739 γένηται
2950 1668 3104 1740 ἀνδρὶ
3133 1670 3324 1742 ἑτέρῳ,
3355 1673 3451 1726 καὶ
3480 1676 3685 1747 μισήσῃ

2117 1759 2284 1829 αὐτὴν
2313 1758 2453 1830 ἀνὴρ
2480 1759 2509 1811 6
2535 1758 2782 1831 ἔσχατος,
2816 1760 2911 1815 καὶ
2951 1761 3142 1833 γράψῃ
3170 1764 3307 1835 αὐτῇ
3332 1765 3534 1835 βιϐλίον
3555 1768 3688 1821 ἀπο-

2122 1850 2364 1915 στασίου,
2390 1850 2485 1904 κα)⁸
2505 1849 2653 1925 δὼσῃ
2674 1853 2755 1916 εἰς
2796 1852 2894 1917 τὰς
2945 1855 3134 1925 χεῖρας
3158 1855 3347 1927 αὐτῆς,
3369 1857 3465 1910 καῖ
3490 1858 3684 1923 ἐξαπο-

2122 1942 2306 2016 στείλῃ
2343 1943 2512 2015 αὐτὴν
2552 1944 2619 1997 ἐκ
2643 1942 2742 2014 τῆς
2770 1945 2946 2009 οίκίας
2979 1945 3169 2009 αὑτοῦ,
3198 1947 3230 2018 ἢ
3260 1951 3356 2001 καὶ
3379 1932 3624 2021 ἀποθάνῃ
3656 1953 3685 2004 6

2118 2032 2257 2105 ἀνὴρ
2298 2034 2465 2103 αὐτῆς
2493 2037 2520 2088 6
2546 2034 2793 2106 ἔσχατος,
2839 2036 2897 2099 ὃς
2938 2036 3130 2090 ἔλαϐεν
3167 2036 3334 2109 αὐτὴν
3380 2038 3559 2110 ἐαυτῷ
3587 2057 3687 2109 γυ-

2119 2126 2303 2188 ναῖκα,
2331 2125 2393 2178 οὺ
2425 2126 2717 2196 δυνήσεται
2744 2127 2772 2178 6
2794 2127 2932 2198 ἀνὴρ
2953 2129 2982 2181 6
3009 2129 3273 2200 πρότερον
3296 2129 3684 2195 ἐξαποπεῦιας

2118 2216 2308 2285 αὐτὴν,
2340 2217 2754 2288 ἐπαναστρέψας
2780 2217 2968 2271 λαϐεῖν
3016 2220 3186 2290 αὐτὴν
3226 2220 3399 2291 ἐαυτῷ
3427 2224 3682 2291 γυναῖκα,

2122 2306 2260 2379 μετά
2307 2306 2368 2359 τὸ
2408 2306 2696 2378 μιανθῆναι
2725 2306 2915 2379 αὐτὴν,
2944 2308 3325 2380 ὃτιβδέλυγμά
3350 2313 3499 2364 ἐστιν
3527 2311 3687 2364 ἐναν-

2117 2396 2229 2450 τίον
2273 2396 2477 2467 Κυρίου
2515 2396 2606 2449 τοῦ
2634 2397 2765 2450 Θεοῦ
2799 2414 2917 2460 σου,
2949 2399 3042 2450 καὶ
3065 2399 3127 2451 οὐ
3173 2400 3399 2468 μιάνητε
3426 2401 3525 2470 τὴν
3554 2401 3681 2471 γῆν,

2117 2486 2184 2555 ἢν
2229 2485 2434 2555 Κύριος
2480 2487 2508 2538 6
2552 2486 2684 2550 Θεὸς
2730 2486 2883 2558 ὑμῶν
2911 2487 3123 2540 δίδωσιν
3167 2488 3294 2558 ὑμῖν
3324 2491 3382 2541 ἐν
3414 2488 3620 2560 κλήρῳ.
3656 2508 3678 2540 ι

2118 2577 2229 2647 Τὴν
2257 2576 2364 2648 γὰρ
2401 2579 2488 2631 ἐπ’
2514 2578 2715 2642 αἰτίαις
2735 2577 2977 2646 εὐλόγοις
3002 2579 3194 2650 ἀνδρὸς
3218 2580 3685 2652 διεσχοινισμένην

2116 2668 2212 2720 καὶ
2248 2666 2554 2721 ἁνατλᾶσαν
2584 2667 2737 2739 ὓϐριν
2766 2668 2864 2739 τήν
2894 2669 2981 2738 ὑφ’
3004 2669 3194 2740 ἑτέρῳ,
3242 2671 3467 2740 γνήσιον
3511 2671 3685 2723 ποιεῖ-

2118 2757 2239 2811 σθαι
2269 2757 2534 2823 σύνοικον,
2568 2759 2669 2812 οὐκ
2713 2759 2973 2829 ἀσφαλὲς,
3006 2760 3203 2831 μᾶλλον
3233 2760 3289 2813 δὲ
3329 2762 3422 2815 καὶ
3446 2760 3680 2815 είσάπαν

2120 2848 2348 2921 ἀμαθές.
2382 2868 2401 2901 ι
2424 2850 2482 2903 '0
2512 2849 2621 2921 γὰρ
2651 2850 2917 2921 κατέχων,
2955 2851 3109 2922 φησὶ,
3151 2852 3448 2924 μοιχαλίδα.
3490 2854 3680 2924 ἄφρων

2116 2942 2212 2995 καὶ
2236 2941 2491 3013 ἀσεϐής.)
2540 2942 2750 3014 ’Ὠσπερ
2790 2943 2848 2997 δέ
2893 2944 3199 3013 ἀποφάσκει
3262 2947 3375 3007 τοῖς
3425 2943 3681 3014 ἐμφανῶς

441 3033 531 3088 sic
553 3049 747 3088 rursus
791 3049 903 3088 non
926 3036 1201 3104 permittit
1245 3044 1308 3090 ut
1348 3037 1600 3101 honesta,
1635 3047 1893 3108 tanquam
1924 3040 2009 3094 in-

2116 3032 2361 3104 αίσχροῖς
2398 3032 2493 3086 καὶ
2528 3033 2911 3104 ἀναμφιϐόλως
2950 3034 3432 3105 κατεγνωσμένοις,
3487 3033 3548 3088 τὸ
3584 3037 3685 3102 ἐφ-

442 3124 671 3179 honesta
693 3125 824 3189 sint,
852 3141 1175 3182 accusemus
1199 3145 1212 3181 :
1264 3143 1363 3198 par
1386 3128 1534 3182 enim
1594 3137 1879 3198 peccatum
1902 3138 2006 3196 est,

444 3213 500 3268 id
526 3214 888 3270 adamandum
918 3226 1137 3288 putare,
1174 3217 1320 3288 quod
1344 3217 1510 3289 284
1538 3216 1726 3289 fugere
1757 3228 2006 3289 praestat;

441 3314 498 3361 et
522 3306 592 3361 ad
623 3307 757 3361 illud
810 3310 964 3363 nullo
1004 3308 1208 3364 ali'ectu
1260 3310 1598 3380 permoveri,
1634 3310 1782 3380 quod
1836 3311 2011 3367 vitare

443 3404 603 3467 turpe
640 3405 744 3452 est.
792 3417 810 3448 ι
836 3397 929 3453 Vae
976 3398 1144 3463 enim,
1177 3397 1273 3463 ait,
1307 3398 1401 3469 qui
1444 3398 1628 3453 dicitis
1668 3398 1827 3453 dulce
1859 3415 2009 3454 ama-

441 3505 585 3554 rum,
613 3496 669 3543 et
690 3505 939 3543 amarum
972 3489 1165 3556 dulce;
1215 3489 1421 3544 bonum
1444 3489 1672 3554 malum,
1712 3499 1770 3545 et
1806 3491 2045 3545 malum’

442 3580 795 3651 bonum;qui
844 3581 1053 3650 ponitis
1109 3582 1287 3636 lucem
1316 3582 1591 3648 tenebras,
1654 3591 1709 3637 et
1756 3583 2009 3638 tenebras

440 3671 624 3741 lucem
659 3672 724 3724 ⁸¹.
748 3691 766 3722 ι
799 3671 970 3741 Igitur
998 3672 1272 3726 asciscere
1297 3671 1479 3726 denuo
1520 3672 1861 3741 repudiatam
1898 3688 2008 3727 non

440 3763 805 3831 sinit;neque
848 3772 1032 3817 tamen
1076 3762 1321 3817 vicissim
1364 3764 1656 3832 permittit,
1708 3771 1803 3830 ut,
1844 3765 2013 3819 rebus

441 3853 685 3909 nondum
708 3852 1102 3917 condemnatis,
1121 3852 1356 3921 quadam
1382 3853 1725 3924 vituperandi
1753 3855 2012 3910 facilitate

443 3944 699 4015 injuriam
723 3943 1053 3999 inferamus:
1080 3944 1159 3999 sic
1186 3944 1334 3999 enim
1358 3944 1438 3998 ait
1458 3959 1689 3998 rursus:
1724 3963 1741 3994 ι
1760 3942 1917 4010 Quod
1961 3944 2008 3998 si

441 4037 568 4106 quis
614 4037 890 4106 acceperit
933 4050 1180 4103 uxorem,
1212 4043 1269 4090 et
1320 4036 1653 4090 habitaverit
1688 4050 1813 4090 cum
1842 4050 1928 4099 ea,
1955 4042 2013 4090 et

439 4126 619 4181 oderit
640 4142 781 4192 eam,
812 4136 869 4182 et
895 4127 1138 4197 imponat
1181 4127 1234 4183 ei
1263 4127 1573 4182 occasionis
1602 4126 1791 4191 verba,
1820 4134 1877 4181 et
1911 4125 2011 4181 de-

442 4220 630 4274 tulerit
652 4235 771 4274 eam
807 4219 875 4274 de
905 4220 1051 4274 malo
1094 4219 1337 4284 nomine,
1391 4227 1446 4273 et
1480 4218 1713 4274 dixerit:
1772 4218 2011 4274 Uxorem

440 4311 583 4365 hanc
618 4311 825 4380 accepi,
860 4319 916 4365 et
937 4310 1203 4366 accedens
1232 4309 1300 4364 ad
1329 4324 1473 4373 eam,
1516 4324 1627 4363 non
1669 4310 1853 4363 inveni
1895 4309 2013 4379 ejus

2114 3123 2336 3194 ήδεσθαι
2364 3123 2494 3191 δεῖν,
2517 3124 2658 3178 οὕτω
2676 3124 2740 3195 δὴ
2758 3125 2918 3179 πάλιν
2943 3126 3041 3179 οὐκ
3069 3127 3133 3197 ἐᾷ
3160 3125 3229 3179 τὰ
3265 3127 3435 3197 σεμνᾶ
3462 3125 3684 3180 διαϐάλ-

2109 3214 2244 3278 λειν,
2295 3215 2372 3279 ὡς
2420 3216 2651 3286 ἄσεμνα.
2702 3218 2789 3270 Ἐν
2843 3216 2941 3287 ίσῳ
2968 3217 3076 3288 γὰρ
3120 3217 3496 3288 πλημμελείας
3533 3218 3682 3290 λόγῳ

2110 3306 2353 3360 κείσεται
2375 3306 2435 3360 τὸ
2457 3307 2843 3378 φιλοστοργίας
2890 3308 3095 3375 ἀξιοῦν,
3126 3308 3156 3361 ὃ
3195 3309 3415 3378 φεύγειν
3435 3308 3679 3379 ἄμεινον,

2110 3398 2207 3452 καὶ
2236 3398 2296 3450 τὸ
2330 3397 2620 3461 διαθέσεως
2652 3400 2999 3469 ἀποστερεῖν,
3026 3399 3055 3452 6
3085 3400 3463 3471 παραιτεῖσθαι
3492 3399 3679 3469 φόϐος.

2121 3508 2141 3541 ι
2169 3489 2306 3543 Οὐαὶ
2337 3488 2464 3561 γὰρ,
2491 3491 2675 3560 φησιν,
2709 3491 2758 3543 οί
2802 3490 3047 3559 λέγοντες
3069 3491 3129 3544 τὸ
3151 3492 3320 3560 γλυκὺ
3346 3476 3565 3564 πικρὸν,
3583 3493 3683 3545 καὶ

2113 3582 2173 3636 τὸ
2206 3580 2401 3653 πικρὸν
2425 3580 2596 3650 γλυκύ
2614 3598 2626 3611 ·
2658 3580 2721 3635 τὸ
2748 3582 2912 3637 καλὸν
2951 3584 3207 3655 πονηρὸν,
3224 3585 3332 3637 «καὶ
3356 3584 3418 3637 τὸ
3444 3583 3681 3654 πονηρὸν

2112 3672 2303 3726 καλόν·
2358 3674 2407 3725 oi
2457 3672 2694 3736 τιθέντες
2730 3672 2791 3725 τὸ
2845 3672 2961 3742 φῶς
2999 3658 3206 3738 σκότος,
3250 3674 3343 3728 καὶ
3382 3675 3443 3728 τὸ
3492 3673 3683 3738 σκότος

2112 3762 2245 3832 φῶς.
2262 3782 2279 3815 ι
2311 3762 2517 3816 Οὐκοῦν
2534 3762 2888 3818 εἰσποιεῖσθαι
2913 3763 3012 3834 μὲν
3034 3766 3114 3828 είς
3144 3760 3300 3830 αὖθις
3319 3765 3416 3835 τὴν
3444 3781 3681 3834 γεγενη-

2114 3851 2279 3922 μένην
2312 3852 2677 3924 ἁπόπεμπτον
2731 3854 2830 3907 οὐκ
2881 3854 2967 3925 ἐᾷ,
3020 3853 3144 3908 οὔτε
3202 3854 3305 3927 μὴν
3334 3856 3515 3926 ἐφίησι
3564 3858 3682 3921 τοῖς

2110 3944 2262 3998 οὔπω
2289 3946 2757 4016 κατεγνωσμένοις
2794 3944 2864 3998 τὰ
2899 3946 2963 3998 ἐκ
2987 3945 3297 4015 φιλολογίας
3322 3947 3682 4018 ἐπιφέρεσθαι

2114 4035 2306 4107 βλάϐη.
2338 4037 2482 4106 Ἔφη
2506 4036 2562 4088 δὲ
2586 4036 2728 4089 οὕτω
2750 4035 2929 4089 πάλιν·
2959 4054 2977 4087 ι
3002 4035 3127 4091 Ἐὰν
3147 4035 3204 4089 δέ
3230 4053 3313 4099 τις
3328 4035 3465 4110 λάϐῃ
3494 4041 3681 4106 γυναῖ-

2111 4145 2204 4194 κα,
2236 4129 2331 4181 καὶ
2356 4128 2648 4199 συνοικήσῃ
2675 4127 2830 4198 αὐτῇ,
2857 4126 2952 4179 καὶ
2982 4128 3183 4197 μισήσῃ
3215 4127 3404 4197 αὐτὴν,
3433 4129 3526 4182 καὶ
3555 4131 3681 4182 ἐπι-

2111 4217 2176 4288 θῇ
2206 4218 2342 4288 αὐτῇ
2384 4217 2843 4288 προφασιστικοὺς
2874 4215 3083 4284 λόγους,
3111 4216 3205 4269 καὶ
3248 4215 3552 4288 κατενέγκῃ
3579 4217 3683 4269 αὑ·

2110 4308 2209 4378 τῆς
2255 4308 2425 4377 ὄνομα
2454 4307 2707 4377 πονηρὸν,
2754 4308 2846 4359 καὶ
2882 4306 3038 4378 λέγῃ,
3069 4306 3181 4377 Τὴν
3205 4308 3436 4374 γυναῖκα
3469 4305 3680 4377 ταύτην

440 4402 766 4473 virginalia:
798 4409 854 4456 et
870 4403 1146 4473 accipiens
1166 4412 1321 4472 pater
1341 4401 1539 4471 puella:
1563 4408 1619 4456 et
1643 4410 1840 4465 mater,
1875 4415 2005 4470 pro-

2116 4397 2331 4468 εῖληφα,
2361 4396 2456 4449 καλ⁵
2497 4395 2809 4466 προσελθὼν
2839 4396 2978 4468 αὐτῇ
3015 4398 3115 4467 οὐχ
3151 4396 3361 4468 εὕρηκα
3399 4396 3568 4468 αὐτῆς
3606 4398 3682 4451 τὰ

454 4494 668 4550 ducent
695 4495 983 4566 virginalia
1015 4494 1209 4565 puella:
1237 4493 1308 4548 ad
1340 4502 1590 4548 senatum
1649 4493 1707 4547 in
1754 4502 1968 4562 portam
1994 4532 2010 4557 ,

438 4594 496 4639 ct
535 4585 683 4640 dicet
747 4594 903 4655 pater
963 4585 1159 4653 puellae
1200 4583 1267 4638 ad
1318 4594 1599 4639 senatum:
1651 4583 1843 4638 Filiam
1871 4583 2015 4637 hanc

447 4688 626 4727 meam
652 4673 778 4728 dedi
809 4673 1019 4751 homini
1058 4673 1189 4727 huic
1218 4688 1481 4740 uxorem;
1536 4682 1591 4728 et
1623 4688 1746 4727 cum
1774 4672 1852 4726 illi
1887 4671 2014 4726 odio

438 4775 607 4830 esset,
648 4764 936 4835 nuncipse
960 4750 1194 4835 imponit
1216 4766 1295 4819 illi
1323 4766 1627 4820 occasionis
1678 4764 1870 4827 verba,
1924 4763 2010 4817 di-

436 4871 602 4911 cens:
642 4856 760 4910 Non
791 4857 976 4911 inveni
1006 4856 1129 4912 ﬁlia:
1167 4865 1274 4912 tuae
1298 4856 1610 4928 virginalia:
1650 4864 1705 4910 et
1725 4870 1852 4910 ecce
1881 4853 1999 4907 vir-

438 4942 639 5011 ginalia
664 4942 786 4997 ﬁlia:
823 4959 977 4999 meae.
1023 4944 1089 5000 Et
1132 4945 1484 5014 explicabunt
1509 4944 1732 5014 pallium
1778 4944 1835 4997 in
1867 4958 1999 4997 con—

439 5040 627 5099 spectu
660 5040 880 5087 senatus
912 5034 1150 5089 civitatis
1190 5035 1369 5101 illius;
1414 5033 1722 5101 etaccipict
1780 5042 2002 5088 senatus

436 5121 843 5185 civitatisillius
865 5123 1144 5207 hominem
1180 5126 1352 5199 illum,
1376 5134 1432 5179 et
1458 5124 1828 5178 verberabunt
1849 5140 1997 5190 eum,

436 5218 601 5279 atque
645 5212 955 5285 multabunt
1009 5222 1230 5270 centum
1289 5214 1468 5279 siclis;
1516 5225 1573 5267 et
1618 5212 1824 5267 dabunt
1862 5214 2003 5284 patri

438 5299 876 5369 adolescentulze,
912 5306 1041 5375 quia
1065 5306 1295 5377 protulit
1333 5320 1533 5359 nomen
1583 5303 1785 5357 malum
1837 5320 2002 5374 super

437 5387 651 5460 virgine
667 5390 1006 5458 Israelitide;
1037 5402 1093 5447 et
1120 5395 1292 5464 ipsius
1317 5395 1425 5449 erit
1461 5398 1632 5458 uxor;
1659 5408 1770 5448 non
1802 5394 2004 5463 poterit

436 5478 718 5538 dimittere
753 5498 873 5537 eam
898 5495 1166 5553 perpetuo
1201 5494 1445 5555 tempore
1473 5485 1537 5538 ".
1564 5504 1581 5536 ι
1616 5484 1786 5539 Audis
1810 5485 2000 5555 igitur,

547 5651 594 5683 "
623 5652 800 5711 Levit.
838 5672 988 5722 xvm,
1032 5656 1216 5737 20-32.
1262 5719 1272 5728 ,
1310 5660 1355 5692 ⁵⁸
1379 5660 1540 5714 Deut.
1564 5676 1707 5726 xxxv,
1736 5661 1853 5715 l-l.

1955 5662 1999 5691 ‘°
2039 5661 2197 5716 Prov.
2222 5677 2369 5724 xvnt,
2395 5659 2483 5715 22.

2109 4487 2406 4559 παρθένια·
2431 4487 2527 4540 καὶ
2558 4485 2737 4539 λαϐὼν
2765 4488 2794 4540 6
2820 4488 3003 4558 πατὴρ
3027 4488 3123 4559 τῆς
3149 4487 3337 4551 παιδὸς
3363 4488 3458 4541 καὶ
3498 4489 3531 4559 ἡ
3572 4490 3683 4558 μή-

2115 4596 2241 4650 τηρ,
2277 4577 2544 4642 ἐξοίσουσι
2591 4578 2661 4631 τὰ
2707 4578 2975 4649 παρθένια
3018 4578 3120 4648 τῆς
3169 4578 3352 4643 παιδὸς
3396 4579 3533 4651 πρὸς
3576 4580 3680 4649 τὴν

2107 4678 2396 4750 γερουσίαν
2428 4677 2519 4730 ἐπὶ
2542 4677 2639 4748 τὴν
2672 4677 2869 4749 πύλην,
2887 4679 2982 4732 καὶ
3010 4679 3128 4748 ἐρεῖ
3154 4680 3183 4732 6
3213 4678 3394 4749 πατὴρ
3422 4678 3521 4748 τῆς
3552 4695 3680 4730 παις

2107 4779 2195 4843 δὸς
2217 4782 2281 4851 τῇ
2309 4779 2599 4851 γερουσίᾳ’
2633 4778 2743 4850 Τὴν
2771 4778 3047 4851 θυγατέρα
3095 4795 3197 4849 μου
3228 4779 3429 4849 ταύτην
3469 4778 3680 4831 δέδωκα

2105 4881 2184 4952 τῷ
2213 4880 2484 4953 ἀνθρώπῳ
2511 4878 2684 4953 τούτῲ
2705 4884 2957 4952 γυναῖκα,
2994 4882 3091 4937 καὶ
3122 4884 3356 4953 μισήσας
3377 4880 3545 4950 αὐτὴν
3574 4879 3677 4935 νῦν

2105 4978 2278 5047 οὗτος,
2327 4982 2633 5053 ἐπιτίθησιν
2663 4984 2799 5054 αὐτῇ
2840 4984 3303 5053 προφασιστικοὺς
3355 4981 3562 5049 λόγους,
3589 4980 3682 5034 λέ-

2114 5099 2250 5149 γων,
2304 5082 2417 5153 Οὐχ
2451 5082 2663 5155 εὕρηκα
2707 5086 2773 5155 τῇ
2814 5083 3043 5155 θυγατρί
3092 5100 3186 5136 σου
3234 5081 3527 5153 παρθένιαο
3581 5084 3684 5135 καὶ

2109 5180 2282 5235 ταῦτα
2305 5182 2374 5235 τὰ
2403 5182 2674 5253 παρθένια
2704 5182 2803 5252 τῆς
2831 5181 3103 5253 θυγατρός
3142 5196 3262 5251 μου.
3293 5182 3405 5234 Καὶ
3440 5180 3685 5236 ἀναπτύ-

2112 5278 2258 5344 ξουσι
2286 5280 2581 5352 τὺ’ἱμὰτιον
2601 5281 2838 5334 ἐναντίον
2868 5281 2965 5352 τῆς
2994 5282 3280 5353 γερουσίας
3312 5282 3410 5352 τῆς
3446 5280 3681 5345 πόλεως,

2111 5380 2203 5433 καὶ
2233 5379 2463 5452 λήψεται
2494 5381 2527 5449 ἡ
2569 5378 2826 5451 γερουσία
2858 5362 2957 5449 τῆς
2986 5378 3193 5442 πόλεως
3222 5378 3435 5448 ἐκείνης
3472 5376 3561 5430 τὸν
3585 5377 3685 5431 ἀν·-

2112 5482 2327 5552 θρωπον
2346 5484 2567 5546 ἐκεῖνον,
2605 5480 2700 5534 καὶ
2729 5477 3106 5533 παιδεύσουσιν
3137 5478 3321 5545 αὐτὸν,
3352 5477 3443 5530 καὶ
3466 5474 3681 5547 ζημιώ-

2583 5661 2624 5692 ⁶¹
2651 5659 2752 5715 lsa.
2794 5675 2847 5722 ν,
2869 5657 2956 5713 ιο.
3038 5657 3081 5690 ⁸³
3106 5656 3262 5711 Deut.
3293 5670 3424 5722 xm,
3490 5649 3672 5724 l3—l9_
