  <div class='ocr_page' id='page_1' title='image "/cluster/home/n/w/nwhite01/storage/ocr_20150623/68/pst.000005712694/306.png"; bbox 0 0 3962 6296; ppageno 0'>
   <div class='ocr_carea' id='block_1_1' title="bbox 197 283 304 344">
    <p class='ocr_par' dir='ltr' id='par_1_1' title="bbox 197 283 304 344">
     <span class='ocr_line' id='line_1_1' title="bbox 197 283 304 344; baseline 0 -2"><span class='ocrx_word' id='word_1_1' title='bbox 197 283 304 344; x_wconf 68' lang='lat'><strong>$35</strong></span> 
     </span>
    </p>
   </div>
   <div class='ocr_carea' id='block_1_2' title="bbox 879 257 2730 330">
    <p class='ocr_par' dir='ltr' id='par_1_2' title="bbox 879 257 2730 330">
     <span class='ocr_line' id='line_1_2' title="bbox 879 257 2730 330; baseline -0.008 0"><span class='ocrx_word' id='word_1_2' title='bbox 879 273 969 330; x_wconf 79' lang='lat' dir='ltr'><strong>DE</strong></span> <span class='ocrx_word' id='word_1_3' title='bbox 1003 267 1445 329; x_wconf 68' lang='lat' dir='ltr'><strong>ADORA&#39;I‘IGNE</strong></span> <span class='ocrx_word' id='word_1_4' title='bbox 1483 265 1550 322; x_wconf 87' lang='lat' dir='ltr'><strong>IN</strong></span> <span class='ocrx_word' id='word_1_5' title='bbox 1585 261 1855 321; x_wconf 69' lang='lat' dir='ltr'><strong>SHMTU</strong></span> <span class='ocrx_word' id='word_1_6' title='bbox 1895 261 1984 318; x_wconf 86' lang='lat' dir='ltr'><strong>ET</strong></span> <span class='ocrx_word' id='word_1_7' title='bbox 2023 257 2388 316; x_wconf 76' lang='lat' dir='ltr'><strong>VERITATE.</strong></span> <span class='ocrx_word' id='word_1_8' title='bbox 2431 261 2558 315; x_wconf 82' lang='lat' dir='ltr'><strong>LIB.</strong></span> <span class='ocrx_word' id='word_1_9' title='bbox 2599 261 2730 316; x_wconf 77' lang='lat' dir='ltr'><strong>Vill.</strong></span> 
     </span>
    </p>
   </div>
   <div class='ocr_carea' id='block_1_3' title="bbox 3349 258 3456 320">
    <p class='ocr_par' dir='ltr' id='par_1_3' title="bbox 3349 258 3456 320">
     <span class='ocr_line' id='line_1_3' title="bbox 3349 258 3456 320; baseline -0.028 -1"><span class='ocrx_word' id='word_1_10' title='bbox 3349 258 3456 320; x_wconf 79' lang='lat'><strong>586</strong></span> 
     </span>
    </p>
   </div>
   <div class='ocr_carea' id='block_1_4' title="bbox 196 371 1794 453">
    <p class='ocr_par' dir='ltr' id='par_1_4' title="bbox 196 377 1784 453">
     <span class='ocr_line' id='line_1_4' title="bbox 196 377 1784 453; baseline -0.014 0"><span class='ocrx_word' id='word_1_11' title='bbox 196 413 380 453; x_wconf 82' lang='grc' dir='ltr'>σουσιν</span> <span class='ocrx_word' id='word_1_12' title='bbox 405 392 574 448; x_wconf 74' lang='grc' dir='ltr'>αὐτὸν</span> <span class='ocrx_word' id='word_1_13' title='bbox 603 389 804 446; x_wconf 67' lang='grc' dir='ltr'>ἑκατὸν</span> <span class='ocrx_word' id='word_1_14' title='bbox 835 386 1076 452; x_wconf 79' lang='grc' dir='ltr'><strong>σίκλους,</strong></span> <span class='ocrx_word' id='word_1_15' title='bbox 1107 385 1204 438; x_wconf 73' lang='grc' dir='ltr'>καὶ</span> <span class='ocrx_word' id='word_1_16' title='bbox 1229 383 1461 435; x_wconf 83' lang='grc' dir='ltr'>δώσουσι</span> <span class='ocrx_word' id='word_1_17' title='bbox 1499 379 1577 450; x_wconf 80' lang='grc' dir='ltr'>τῷ</span> <span class='ocrx_word' id='word_1_18' title='bbox 1617 377 1784 449; x_wconf 77' lang='grc' dir='ltr'>πατρὶ</span> 
     </span>
    </p>
   </div>
   <div class='ocr_carea' id='block_1_5' title="bbox 1894 371 3462 453">
    <p class='ocr_par' dir='ltr' id='par_1_5' title="bbox 1894 371 3462 449">
     <span class='ocr_line' id='line_1_5' title="bbox 1894 371 3462 449; baseline 0.003 -21"><span class='ocrx_word' id='word_1_19' title='bbox 1894 373 2350 444; x_wconf 79' lang='lat' dir='ltr'><strong>quemadmodum</strong></span> <span class='ocrx_word' id='word_1_20' title='bbox 2373 372 2754 442; x_wconf 85' lang='lat' dir='ltr'><strong>haudimpune</strong></span> <span class='ocrx_word' id='word_1_21' title='bbox 2779 371 2980 428; x_wconf 90' lang='lat' dir='ltr'><strong>dimitti</strong></span> <span class='ocrx_word' id='word_1_22' title='bbox 3016 389 3046 427; x_wconf 93' lang='lat' dir='ltr'><strong>a</strong></span> <span class='ocrx_word' id='word_1_23' title='bbox 3087 375 3462 449; x_wconf 88' lang='lat' dir='ltr'><strong>conciliojus-</strong></span> 
     </span>
    </p>
   </div>
   <div class='ocr_carea' id='block_1_6' title="bbox 197 472 1784 561">
    <p class='ocr_par' dir='ltr' id='par_1_6' title="bbox 197 472 1784 561">
     <span class='ocr_line' id='line_1_6' title="bbox 197 472 1784 561; baseline -0.014 -18"><span class='ocrx_word' id='word_1_24' title='bbox 197 489 296 561; x_wconf 81' lang='grc' dir='ltr'>τῆς</span> <span class='ocrx_word' id='word_1_25' title='bbox 324 485 590 548; x_wconf 75' lang='grc' dir='ltr'><strong>νεάνιδος,</strong></span> <span class='ocrx_word' id='word_1_26' title='bbox 624 483 709 536; x_wconf 85' lang='grc' dir='ltr'>ὃτι</span> <span class='ocrx_word' id='word_1_27' title='bbox 741 479 1034 551; x_wconf 72' lang='grc' dir='ltr'><strong>ἐξήνεγκεν</strong></span> <span class='ocrx_word' id='word_1_28' title='bbox 1063 475 1238 546; x_wconf 74' lang='grc' dir='ltr'>ὄνομα</span> <span class='ocrx_word' id='word_1_29' title='bbox 1264 473 1497 544; x_wconf 80' lang='grc' dir='ltr'>πονηρὸν</span> <span class='ocrx_word' id='word_1_30' title='bbox 1526 472 1618 525; x_wconf 51' lang='lat' dir='ltr'><strong>hri.</strong></span> <span class='ocrx_word' id='word_1_31' title='bbox 1645 487 1784 540; x_wconf 86' lang='grc' dir='ltr'>παρ-</span> 
     </span>
    </p>
   </div>
   <div class='ocr_carea' id='block_1_7' title="bbox 199 561 1788 648">
    <p class='ocr_par' dir='ltr' id='par_1_7' title="bbox 199 561 1788 648">
     <span class='ocr_line' id='line_1_7' title="bbox 199 561 1788 648; baseline -0.013 -13"><span class='ocrx_word' id='word_1_32' title='bbox 199 582 350 636; x_wconf 81' lang='grc' dir='ltr'>θένον</span> <span class='ocrx_word' id='word_1_33' title='bbox 381 574 736 648; x_wconf 84' lang='grc' dir='ltr'>Ἰσραηλῖτιν,</span> <span class='ocrx_word' id='word_1_34' title='bbox 775 571 868 625; x_wconf 77' lang='grc' dir='ltr'>καὶ</span> <span class='ocrx_word' id='word_1_35' title='bbox 911 567 1078 623; x_wconf 85' lang='grc' dir='ltr'>αὑτοῦ</span> <span class='ocrx_word' id='word_1_36' title='bbox 1120 568 1274 620; x_wconf 70' lang='grc' dir='ltr'>ἔσται</span> <span class='ocrx_word' id='word_1_37' title='bbox 1311 567 1470 635; x_wconf 82' lang='grc' dir='ltr'>γυνή.</span> <span class='ocrx_word' id='word_1_38' title='bbox 1515 565 1590 616; x_wconf 86' lang='grc' dir='ltr'><strong>Οὐ</strong></span> <span class='ocrx_word' id='word_1_39' title='bbox 1635 561 1788 633; x_wconf 67' lang='grc' dir='ltr'>δυνήα</span> 
     </span>
    </p>
   </div>
   <div class='ocr_carea' id='block_1_8' title="bbox 201 654 1787 734">
    <p class='ocr_par' dir='ltr' id='par_1_8' title="bbox 201 654 1787 734">
     <span class='ocr_line' id='line_1_8' title="bbox 201 654 1787 734; baseline -0.013 -9"><span class='ocrx_word' id='word_1_40' title='bbox 201 688 352 725; x_wconf 82' lang='grc' dir='ltr'>σεται</span> <span class='ocrx_word' id='word_1_41' title='bbox 381 665 766 733; x_wconf 70' lang='grc' dir='ltr'><strong>ἐξαποστεῖλαι</strong></span> <span class='ocrx_word' id='word_1_42' title='bbox 787 661 958 734; x_wconf 79' lang='grc' dir='ltr'>αὐτὴν</span> <span class='ocrx_word' id='word_1_43' title='bbox 973 661 1064 714; x_wconf 79' lang='grc' dir='ltr'>τὸν</span> <span class='ocrx_word' id='word_1_44' title='bbox 1075 659 1290 714; x_wconf 74' lang='grc' dir='ltr'>ἅπαντα</span> <span class='ocrx_word' id='word_1_45' title='bbox 1310 656 1517 728; x_wconf 86' lang='grc' dir='ltr'>χρόνον.</span> <span class='ocrx_word' id='word_1_46' title='bbox 1549 675 1568 706; x_wconf 84' lang='grc'><strong>›</strong></span> <span class='ocrx_word' id='word_1_47' title='bbox 1595 654 1787 724; x_wconf 87' lang='grc' dir='ltr'>Συνίης</span> 
     </span>
    </p>
   </div>
   <div class='ocr_carea' id='block_1_9' title="bbox 201 744 1789 826">
    <p class='ocr_par' dir='ltr' id='par_1_9' title="bbox 201 744 1789 826">
     <span class='ocr_line' id='line_1_9' title="bbox 201 744 1789 826; baseline -0.011 -10"><span class='ocrx_word' id='word_1_48' title='bbox 201 758 293 816; x_wconf 73' lang='grc' dir='ltr'><strong>οὖν</strong></span> <span class='ocrx_word' id='word_1_49' title='bbox 320 762 470 822; x_wconf 79' lang='grc' dir='ltr'>ὅπως</span> <span class='ocrx_word' id='word_1_50' title='bbox 496 759 599 811; x_wconf 80' lang='grc' dir='ltr'>οὐκ</span> <span class='ocrx_word' id='word_1_51' title='bbox 635 753 870 826; x_wconf 76' lang='grc' dir='ltr'>ἀζήμιον</span> <span class='ocrx_word' id='word_1_52' title='bbox 899 748 1177 813; x_wconf 75' lang='grc' dir='ltr'><strong>παντελῶς</strong></span> <span class='ocrx_word' id='word_1_53' title='bbox 1216 745 1650 802; x_wconf 78' lang='grc' dir='ltr'><strong>ἀπαλλάττεσθαι</strong></span> <span class='ocrx_word' id='word_1_54' title='bbox 1676 744 1789 799; x_wconf 76' lang='grc' dir='ltr'>δεῖν</span> 
     </span>
    </p>
   </div>
   <div class='ocr_carea' id='block_1_10' title="bbox 204 839 1787 921">
    <p class='ocr_par' dir='ltr' id='par_1_10' title="bbox 204 839 1787 921">
     <span class='ocr_line' id='line_1_10' title="bbox 204 839 1787 921; baseline -0.011 -15"><span class='ocrx_word' id='word_1_55' title='bbox 204 852 289 906; x_wconf 81' lang='grc' dir='ltr'><strong>τοῦ</strong></span> <span class='ocrx_word' id='word_1_56' title='bbox 315 851 616 921; x_wconf 78' lang='grc' dir='ltr'><strong>συνεδρίου,</strong></span> <span class='ocrx_word' id='word_1_57' title='bbox 651 846 989 919; x_wconf 82' lang='grc' dir='ltr'>προστέταχε</span> <span class='ocrx_word' id='word_1_58' title='bbox 1023 842 1115 896; x_wconf 79' lang='grc' dir='ltr'>τὸν</span> <span class='ocrx_word' id='word_1_59' title='bbox 1141 842 1342 902; x_wconf 78' lang='grc' dir='ltr'><strong>ἀδίκως</strong></span> <span class='ocrx_word' id='word_1_60' title='bbox 1367 839 1787 909; x_wconf 77' lang='grc' dir='ltr'>ὀλιγωρήσαντα</span> 
     </span>
    </p>
   </div>
   <div class='ocr_carea' id='block_1_11' title="bbox 204 923 1790 1010">
    <p class='ocr_par' dir='ltr' id='par_1_11' title="bbox 204 923 1790 1010">
     <span class='ocr_line' id='line_1_11' title="bbox 204 923 1790 1010; baseline -0.009 -16"><span class='ocrx_word' id='word_1_61' title='bbox 204 941 296 1010; x_wconf 70' lang='grc' dir='ltr'>τῆς</span> <span class='ocrx_word' id='word_1_62' title='bbox 335 940 495 992; x_wconf 73' lang='grc' dir='ltr'>οὔπω</span> <span class='ocrx_word' id='word_1_63' title='bbox 526 933 1006 1005; x_wconf 76' lang='grc' dir='ltr'><strong>κατεγνωσμένης.</strong></span> <span class='ocrx_word' id='word_1_64' title='bbox 1037 931 1249 1002; x_wconf 86' lang='grc' dir='ltr'>Χρῆναι</span> <span class='ocrx_word' id='word_1_65' title='bbox 1295 928 1404 1000; x_wconf 84' lang='grc' dir='ltr'><strong>γάρ</strong></span> <span class='ocrx_word' id='word_1_66' title='bbox 1442 923 1596 998; x_wconf 70' lang='grc' dir='ltr'>οἶμαι</span> <span class='ocrx_word' id='word_1_67' title='bbox 1639 943 1790 996; x_wconf 82' lang='grc' dir='ltr'>περι-</span> 
     </span>
    </p>
   </div>
   <div class='ocr_carea' id='block_1_12' title="bbox 203 1016 1789 1100">
    <p class='ocr_par' dir='ltr' id='par_1_12' title="bbox 203 1016 1789 1100">
     <span class='ocr_line' id='line_1_12' title="bbox 203 1016 1789 1100; baseline -0.011 -15"><span class='ocrx_word' id='word_1_68' title='bbox 203 1033 354 1085; x_wconf 79' lang='grc' dir='ltr'>έπειν</span> <span class='ocrx_word' id='word_1_69' title='bbox 381 1027 442 1084; x_wconf 82' lang='grc' dir='ltr'>εὖ</span> <span class='ocrx_word' id='word_1_70' title='bbox 473 1029 619 1100; x_wconf 84' lang='grc' dir='ltr'>μάλα</span> <span class='ocrx_word' id='word_1_71' title='bbox 647 1027 711 1080; x_wconf 80' lang='grc' dir='ltr'>τὸ</span> <span class='ocrx_word' id='word_1_72' title='bbox 735 1024 938 1093; x_wconf 79' lang='grc' dir='ltr'>ἀγαθὸν</span> <span class='ocrx_word' id='word_1_73' title='bbox 965 1021 1063 1092; x_wconf 79' lang='grc' dir='ltr'>(ί),</span> <span class='ocrx_word' id='word_1_74' title='bbox 1092 1021 1186 1074; x_wconf 79' lang='grc' dir='ltr'>καὶ</span> <span class='ocrx_word' id='word_1_75' title='bbox 1211 1019 1286 1092; x_wconf 72' lang='grc' dir='ltr'>μὴ</span> <span class='ocrx_word' id='word_1_76' title='bbox 1308 1018 1581 1089; x_wconf 80' lang='grc' dir='ltr'>άψικὰρως</span> <span class='ocrx_word' id='word_1_77' title='bbox 1613 1016 1789 1070; x_wconf 76' lang='grc' dir='ltr'>ἵεσθαι</span> 
     </span>
    </p>
   </div>
   <div class='ocr_carea' id='block_1_13' title="bbox 204 1107 1790 1191">
    <p class='ocr_par' dir='ltr' id='par_1_13' title="bbox 204 1107 1790 1191">
     <span class='ocr_line' id='line_1_13' title="bbox 204 1107 1790 1191; baseline -0.01 -18"><span class='ocrx_word' id='word_1_78' title='bbox 204 1123 334 1191; x_wconf 77' lang='grc' dir='ltr'>πρὸς</span> <span class='ocrx_word' id='word_1_79' title='bbox 367 1120 428 1173; x_wconf 81' lang='grc' dir='ltr'>τὸ</span> <span class='ocrx_word' id='word_1_80' title='bbox 475 1117 665 1171; x_wconf 82' lang='grc' dir='ltr'><strong>δοκοῦν</strong></span> <span class='ocrx_word' id='word_1_81' title='bbox 718 1115 780 1168; x_wconf 84' lang='grc' dir='ltr'>τὸ</span> <span class='ocrx_word' id='word_1_82' title='bbox 815 1112 1011 1182; x_wconf 82' lang='grc' dir='ltr'>σεμνὸν</span> <span class='ocrx_word' id='word_1_83' title='bbox 1048 1110 1125 1174; x_wconf 83' lang='grc' dir='ltr'><strong>ὡς</strong></span> <span class='ocrx_word' id='word_1_84' title='bbox 1167 1111 1404 1180; x_wconf 76' lang='grc' dir='ltr'>ἄσεμνον</span> <span class='ocrx_word' id='word_1_85' title='bbox 1438 1107 1790 1176; x_wconf 70' lang='grc' dir='ltr'><strong>συκοφαντεῖν</strong></span> 
     </span>
    </p>
   </div>
   <div class='ocr_carea' id='block_1_14' title="bbox 202 1197 1791 1284">
    <p class='ocr_par' dir='ltr' id='par_1_14' title="bbox 202 1197 1791 1284">
     <span class='ocr_line' id='line_1_14' title="bbox 202 1197 1791 1284; baseline -0.009 -19"><span class='ocrx_word' id='word_1_86' title='bbox 202 1213 543 1284; x_wconf 64' lang='grc' dir='ltr'>ᾑρημένους·</span> <span class='ocrx_word' id='word_1_87' title='bbox 578 1207 875 1278; x_wconf 80' lang='grc' dir='ltr'>πειρᾶσθαι</span> <span class='ocrx_word' id='word_1_88' title='bbox 923 1203 996 1258; x_wconf 77' lang='grc' dir='ltr'><strong>δὲ’</strong></span> <span class='ocrx_word' id='word_1_89' title='bbox 1032 1202 1233 1275; x_wconf 76' lang='grc' dir='ltr'>μᾶλλον</span> <span class='ocrx_word' id='word_1_90' title='bbox 1276 1199 1460 1263; x_wconf 85' lang='grc' dir='ltr'>αίδοῦς</span> <span class='ocrx_word' id='word_1_91' title='bbox 1489 1197 1692 1263; x_wconf 79' lang='grc' dir='ltr'><strong>ἀξιοῦν,</strong></span> <span class='ocrx_word' id='word_1_92' title='bbox 1729 1197 1791 1250; x_wconf 66' lang='lat' dir='ltr'><strong>rb</strong></span> 
     </span>
    </p>
   </div>
   <div class='ocr_carea' id='block_1_15' title="bbox 203 1289 1792 1372">
    <p class='ocr_par' dir='ltr' id='par_1_15' title="bbox 203 1289 1792 1372">
     <span class='ocr_line' id='line_1_15' title="bbox 203 1289 1792 1372; baseline -0.009 -16"><span class='ocrx_word' id='word_1_93' title='bbox 203 1305 365 1356; x_wconf 76' lang='grc' dir='ltr'>παντὶ</span> <span class='ocrx_word' id='word_1_94' title='bbox 397 1300 762 1372; x_wconf 76' lang='grc' dir='ltr'>προσκεῖσθαι</span> <span class='ocrx_word' id='word_1_95' title='bbox 807 1295 982 1365; x_wconf 74' lang='grc' dir='ltr'>καλῷ,</span> <span class='ocrx_word' id='word_1_96' title='bbox 1013 1295 1110 1348; x_wconf 73' lang='grc' dir='ltr'>καὶ</span> <span class='ocrx_word' id='word_1_97' title='bbox 1142 1296 1254 1358; x_wconf 74' lang='grc' dir='ltr'>τοῖς</span> <span class='ocrx_word' id='word_1_98' title='bbox 1303 1291 1547 1363; x_wconf 79' lang='grc' dir='ltr'>ἀρίστοις</span> <span class='ocrx_word' id='word_1_99' title='bbox 1593 1290 1674 1352; x_wconf 88' lang='grc' dir='ltr'><strong>είς</strong></span> <span class='ocrx_word' id='word_1_100' title='bbox 1707 1289 1792 1343; x_wconf 80' lang='grc' dir='ltr'><strong>εὐ·</strong></span> 
     </span>
    </p>
   </div>
   <div class='ocr_carea' id='block_1_16' title="bbox 205 1381 1792 1466">
    <p class='ocr_par' dir='ltr' id='par_1_16' title="bbox 205 1381 1792 1466">
     <span class='ocr_line' id='line_1_16' title="bbox 205 1381 1792 1466; baseline -0.009 -18"><span class='ocrx_word' id='word_1_101' title='bbox 205 1396 413 1466; x_wconf 63' lang='grc' dir='ltr'>ςημίαν</span> <span class='ocrx_word' id='word_1_102' title='bbox 467 1391 876 1445; x_wconf 78' lang='grc' dir='ltr'><strong>συνδιαιτᾶσθαι</strong></span> <span class='ocrx_word' id='word_1_103' title='bbox 923 1387 1116 1458; x_wconf 85' lang='grc' dir='ltr'>φιλεῖν.</span> <span class='ocrx_word' id='word_1_104' title='bbox 1183 1386 1243 1439; x_wconf 90' lang='lat'><strong>&#39;0</strong></span> <span class='ocrx_word' id='word_1_105' title='bbox 1284 1384 1394 1456; x_wconf 85' lang='grc' dir='ltr'><strong>γάρ</strong></span> <span class='ocrx_word' id='word_1_106' title='bbox 1438 1400 1516 1436; x_wconf 88' lang='grc' dir='ltr'><strong>τοι</strong></span> <span class='ocrx_word' id='word_1_107' title='bbox 1567 1381 1668 1446; x_wconf 82' lang='grc' dir='ltr'><strong>τὰς</strong></span> <span class='ocrx_word' id='word_1_108' title='bbox 1702 1381 1792 1436; x_wconf 84' lang='grc' dir='ltr'><strong>διά</strong></span> 
     </span>
    </p>
   </div>
   <div class='ocr_carea' id='block_1_17' title="bbox 203 1474 1788 1559">
    <p class='ocr_par' dir='ltr' id='par_1_17' title="bbox 203 1474 1788 1559">
     <span class='ocr_line' id='line_1_17' title="bbox 203 1474 1788 1559; baseline -0.009 -18"><span class='ocrx_word' id='word_1_109' title='bbox 203 1490 369 1559; x_wconf 67' lang='grc' dir='ltr'>μέσου</span> <span class='ocrx_word' id='word_1_110' title='bbox 398 1485 510 1539; x_wconf 86' lang='grc' dir='ltr'><strong>τῶν</strong></span> <span class='ocrx_word' id='word_1_111' title='bbox 563 1481 906 1553; x_wconf 82' lang='grc' dir='ltr'>πραγμάτων</span> <span class='ocrx_word' id='word_1_112' title='bbox 934 1478 1166 1549; x_wconf 89' lang='grc' dir='ltr'>άκηδίας</span> <span class='ocrx_word' id='word_1_113' title='bbox 1195 1477 1272 1546; x_wconf 75' lang='grc' dir='ltr'><strong>(Ξ)</strong></span> <span class='ocrx_word' id='word_1_114' title='bbox 1312 1477 1374 1529; x_wconf 85' lang='grc' dir='ltr'><strong>ού</strong></span> <span class='ocrx_word' id='word_1_115' title='bbox 1409 1474 1788 1546; x_wconf 81' lang='grc' dir='ltr'>προσιέμενος,</span> 
     </span>
    </p>
   </div>
   <div class='ocr_carea' id='block_1_18' title="bbox 202 1564 1787 1645">
    <p class='ocr_par' dir='ltr' id='par_1_18' title="bbox 202 1564 1787 1645">
     <span class='ocr_line' id='line_1_18' title="bbox 202 1564 1787 1645; baseline -0.008 -14"><span class='ocrx_word' id='word_1_116' title='bbox 202 1580 289 1631; x_wconf 74' lang='grc' dir='ltr'><strong>τὸν</strong></span> <span class='ocrx_word' id='word_1_117' title='bbox 325 1577 411 1645; x_wconf 69' lang='grc' dir='ltr'><strong>ἐφ’</strong></span> <span class='ocrx_word' id='word_1_118' title='bbox 442 1572 523 1637; x_wconf 76' lang='grc' dir='ltr'>οἷς</span> <span class='ocrx_word' id='word_1_119' title='bbox 571 1574 636 1629; x_wconf 78' lang='grc' dir='ltr'>ἂν</span> <span class='ocrx_word' id='word_1_120' title='bbox 672 1575 884 1642; x_wconf 77' lang='grc' dir='ltr'>γένοιτο</span> <span class='ocrx_word' id='word_1_121' title='bbox 917 1570 1098 1633; x_wconf 86' lang='grc' dir='ltr'>καλῶς</span> <span class='ocrx_word' id='word_1_122' title='bbox 1135 1567 1508 1639; x_wconf 83' lang='grc' dir='ltr'>άποπεραίνει</span> <span class='ocrx_word' id='word_1_123' title='bbox 1566 1564 1787 1619; x_wconf 85' lang='grc' dir='ltr'>σκοπόν.</span> 
     </span>
    </p>
   </div>
   <div class='ocr_carea' id='block_1_19' title="bbox 205 1658 1790 1736">
    <p class='ocr_par' dir='ltr' id='par_1_19' title="bbox 205 1658 1790 1736">
     <span class='ocr_line' id='line_1_19' title="bbox 205 1658 1790 1736; baseline -0.009 -11"><span class='ocrx_word' id='word_1_124' title='bbox 205 1674 327 1725; x_wconf 83' lang='grc' dir='ltr'><strong>Ὀτι</strong></span> <span class='ocrx_word' id='word_1_125' title='bbox 379 1671 436 1724; x_wconf 77' lang='grc' dir='ltr'>δὲ</span> <span class='ocrx_word' id='word_1_126' title='bbox 488 1665 628 1723; x_wconf 76' lang='grc' dir='ltr'>εἶναι</span> <span class='ocrx_word' id='word_1_127' title='bbox 677 1666 946 1736; x_wconf 83' lang='grc' dir='ltr'>προσήκει</span> <span class='ocrx_word' id='word_1_128' title='bbox 1001 1662 1274 1726; x_wconf 85' lang='grc' dir='ltr'>τοιούτους</span> <span class='ocrx_word' id='word_1_129' title='bbox 1324 1662 1470 1732; x_wconf 76' lang='grc' dir='ltr'>ἡμᾶς</span> <span class='ocrx_word' id='word_1_130' title='bbox 1528 1658 1790 1730; x_wconf 80' lang='grc' dir='ltr'>ὑπεδήλου</span> 
     </span>
    </p>
   </div>
   <div class='ocr_carea' id='block_1_20' title="bbox 206 1736 1794 1826">
    <p class='ocr_par' dir='ltr' id='par_1_20' title="bbox 206 1740 1788 1826">
     <span class='ocr_line' id='line_1_20' title="bbox 206 1740 1788 1826; baseline 0.005 -29"><span class='ocrx_word' id='word_1_131' title='bbox 206 1761 368 1814; x_wconf 62' lang='grc' dir='ltr'>πάλιν</span> <span class='ocrx_word' id='word_1_132' title='bbox 443 1761 474 1811; x_wconf 75' lang='grc' dir='ltr'>ὁ</span> <span class='ocrx_word' id='word_1_133' title='bbox 546 1758 712 1826; x_wconf 82' lang='grc' dir='ltr'>νόμος</span> <span class='ocrx_word' id='word_1_134' title='bbox 779 1753 1080 1822; x_wconf 78' lang='grc' dir='ltr'>ύποφωνῶν</span> <span class='ocrx_word' id='word_1_135' title='bbox 1112 1768 1126 1783; x_wconf 79' lang='lat'><strong><em>°</em></strong></span> <span class='ocrx_word' id='word_1_136' title='bbox 1172 1770 1190 1803; x_wconf 74' lang='grc' dir='ltr'><strong>ι</strong></span> <span class='ocrx_word' id='word_1_137' title='bbox 1242 1740 1369 1804; x_wconf 78' lang='grc' dir='ltr'>Ἐάν</span> <span class='ocrx_word' id='word_1_138' title='bbox 1415 1741 1788 1820; x_wconf 70' lang='grc' dir='ltr'>οἰκοδομήσῃς</span> 
     </span>
    </p>
   </div>
   <div class='ocr_carea' id='block_1_21' title="bbox 1894 1736 2246 1826">
    <p class='ocr_par' dir='ltr' id='par_1_21' title="bbox 1894 1736 2246 1794">
     <span class='ocr_line' id='line_1_21' title="bbox 1894 1736 2246 1794; baseline 0.006 -4"><span class='ocrx_word' id='word_1_139' title='bbox 1894 1736 2028 1792; x_wconf 89' lang='lat' dir='ltr'><strong>lario</strong></span> <span class='ocrx_word' id='word_1_140' title='bbox 2094 1747 2190 1794; x_wconf 92' lang='lat' dir='ltr'><strong>tuo</strong></span> <span class='ocrx_word' id='word_1_141' title='bbox 2233 1757 2246 1792; x_wconf 91' lang='lat'><strong>:</strong></span> 
     </span>
    </p>
   </div>
   <div class='ocr_carea' id='block_1_22' title="bbox 203 1840 1786 1918">
    <p class='ocr_par' dir='ltr' id='par_1_22' title="bbox 203 1840 1786 1918">
     <span class='ocr_line' id='line_1_22' title="bbox 203 1840 1786 1918; baseline -0.006 -13"><span class='ocrx_word' id='word_1_142' title='bbox 203 1853 381 1905; x_wconf 72' lang='grc' dir='ltr'>οἰκίαν</span> <span class='ocrx_word' id='word_1_143' title='bbox 433 1850 649 1918; x_wconf 71' lang='grc' dir='ltr'>καινὴν,</span> <span class='ocrx_word' id='word_1_144' title='bbox 687 1849 932 1915; x_wconf 77' lang='grc' dir='ltr'>ποιήσεις</span> <span class='ocrx_word' id='word_1_145' title='bbox 983 1843 1252 1914; x_wconf 77' lang='grc' dir='ltr'>στεφάνην</span> <span class='ocrx_word' id='word_1_146' title='bbox 1285 1840 1362 1913; x_wconf 82' lang='grc' dir='ltr'><strong>τῷ</strong></span> <span class='ocrx_word' id='word_1_147' title='bbox 1407 1840 1616 1912; x_wconf 78' lang='grc' dir='ltr'>δώματι</span> <span class='ocrx_word' id='word_1_148' title='bbox 1671 1857 1786 1896; x_wconf 85' lang='grc' dir='ltr'>σου.</span> 
     </span>
    </p>
   </div>
   <div class='ocr_carea' id='block_1_23' title="bbox 202 1930 1789 2011">
    <p class='ocr_par' dir='ltr' id='par_1_23' title="bbox 202 1930 1789 2011">
     <span class='ocr_line' id='line_1_23' title="bbox 202 1930 1789 2011; baseline -0.008 -14"><span class='ocrx_word' id='word_1_149' title='bbox 202 1944 310 1997; x_wconf 72' lang='grc' dir='ltr'><strong>Καὶ</strong></span> <span class='ocrx_word' id='word_1_150' title='bbox 346 1942 410 1995; x_wconf 78' lang='grc' dir='ltr'>οὐ</span> <span class='ocrx_word' id='word_1_151' title='bbox 445 1942 693 2011; x_wconf 77' lang='grc' dir='ltr'>ποιήσεις</span> <span class='ocrx_word' id='word_1_152' title='bbox 742 1937 901 2008; x_wconf 78' lang='grc' dir='ltr'>φόνον</span> <span class='ocrx_word' id='word_1_153' title='bbox 948 1937 1007 1989; x_wconf 78' lang='grc' dir='ltr'>ὲν</span> <span class='ocrx_word' id='word_1_154' title='bbox 1059 1937 1126 2006; x_wconf 75' lang='grc' dir='ltr'><strong>τῇ</strong></span> <span class='ocrx_word' id='word_1_155' title='bbox 1163 1933 1310 2006; x_wconf 83' lang='grc' dir='ltr'>οίκίᾳ</span> <span class='ocrx_word' id='word_1_156' title='bbox 1352 1949 1468 1997; x_wconf 89' lang='grc' dir='ltr'>σου,</span> <span class='ocrx_word' id='word_1_157' title='bbox 1517 1930 1612 1985; x_wconf 70' lang='grc' dir='ltr'><strong>ἐὰν</strong></span> <span class='ocrx_word' id='word_1_158' title='bbox 1647 1931 1789 2004; x_wconf 80' lang='grc' dir='ltr'>πέσῃ</span> 
     </span>
    </p>
   </div>
   <div class='ocr_carea' id='block_1_24' title="bbox 209 2020 1792 2096">
    <p class='ocr_par' dir='ltr' id='par_1_24' title="bbox 209 2020 1792 2096">
     <span class='ocr_line' id='line_1_24' title="bbox 209 2020 1792 2096; baseline -0.01 -7"><span class='ocrx_word' id='word_1_159' title='bbox 209 2039 238 2089; x_wconf 75' lang='grc' dir='ltr'>ὁ</span> <span class='ocrx_word' id='word_1_160' title='bbox 293 2034 480 2087; x_wconf 84' lang='grc' dir='ltr'>πεσὼν</span> <span class='ocrx_word' id='word_1_161' title='bbox 533 2033 621 2084; x_wconf 61' lang='grc' dir='ltr'><strong>ἐπ’</strong></span> <span class='ocrx_word' id='word_1_162' title='bbox 665 2028 850 2083; x_wconf 86' lang='grc' dir='ltr'>αὑτοῦ.</span> <span class='ocrx_word' id='word_1_163' title='bbox 905 2046 926 2080; x_wconf 68' lang='grc' dir='ltr'><strong>ι</strong></span> <span class='ocrx_word' id='word_1_164' title='bbox 967 2027 1174 2096; x_wconf 81' lang='grc' dir='ltr'>Ὠσπερ</span> <span class='ocrx_word' id='word_1_165' title='bbox 1205 2025 1314 2094; x_wconf 89' lang='grc' dir='ltr'><strong>γάρ</strong></span> <span class='ocrx_word' id='word_1_166' title='bbox 1365 2024 1514 2077; x_wconf 77' lang='grc' dir='ltr'>ἐστιν</span> <span class='ocrx_word' id='word_1_167' title='bbox 1543 2020 1792 2093; x_wconf 76' lang='grc' dir='ltr'>ἀκαλλὴς</span> 
     </span>
    </p>
   </div>
   <div class='ocr_carea' id='block_1_25' title="bbox 203 2111 1792 2192">
    <p class='ocr_par' dir='ltr' id='par_1_25' title="bbox 203 2111 1792 2192">
     <span class='ocr_line' id='line_1_25' title="bbox 203 2111 1792 2192; baseline -0.012 -10"><span class='ocrx_word' id='word_1_168' title='bbox 203 2129 346 2182; x_wconf 79' lang='grc' dir='ltr'>οἰκία</span> <span class='ocrx_word' id='word_1_169' title='bbox 414 2125 622 2185; x_wconf 75' lang='grc' dir='ltr'>ταινίας</span> <span class='ocrx_word' id='word_1_170' title='bbox 669 2123 872 2192; x_wconf 81' lang='grc' dir='ltr'><strong>ἐρήμη,</strong></span> <span class='ocrx_word' id='word_1_171' title='bbox 929 2118 1022 2172; x_wconf 75' lang='grc' dir='ltr'>καὶ</span> <span class='ocrx_word' id='word_1_172' title='bbox 1082 2115 1189 2169; x_wconf 89' lang='grc' dir='ltr'><strong>τῶν</strong></span> <span class='ocrx_word' id='word_1_173' title='bbox 1259 2112 1657 2185; x_wconf 83' lang='grc' dir='ltr'>ύστεροδομίων</span> <span class='ocrx_word' id='word_1_174' title='bbox 1691 2111 1792 2164; x_wconf 78' lang='grc' dir='ltr'>οὐκ</span> 
     </span>
    </p>
   </div>
   <div class='ocr_carea' id='block_1_26' title="bbox 205 2201 1788 2288">
    <p class='ocr_par' dir='ltr' id='par_1_26' title="bbox 205 2201 1788 2288">
     <span class='ocr_line' id='line_1_26' title="bbox 205 2201 1788 2288; baseline -0.013 -13"><span class='ocrx_word' id='word_1_175' title='bbox 205 2217 660 2288; x_wconf 70' lang='grc' dir='ltr'>ἐπενηνεγμένων</span> <span class='ocrx_word' id='word_1_176' title='bbox 713 2213 852 2283; x_wconf 74' lang='grc' dir='ltr'>αὐτῇ</span> <span class='ocrx_word' id='word_1_177' title='bbox 881 2252 898 2277; x_wconf 93' lang='grc'><strong>,</strong></span> <span class='ocrx_word' id='word_1_178' title='bbox 937 2210 1030 2264; x_wconf 82' lang='grc' dir='ltr'>τὸν</span> <span class='ocrx_word' id='word_1_179' title='bbox 1082 2207 1264 2270; x_wconf 75' lang='grc' dir='ltr'>αὑτὸν,</span> <span class='ocrx_word' id='word_1_180' title='bbox 1331 2201 1506 2275; x_wconf 74' lang='grc' dir='ltr'>οἶμαι,</span> <span class='ocrx_word' id='word_1_181' title='bbox 1551 2204 1788 2275; x_wconf 86' lang='grc' dir='ltr'>τρόπον,</span> 
     </span>
    </p>
   </div>
   <div class='ocr_carea' id='block_1_27' title="bbox 205 2293 1791 2376">
    <p class='ocr_par' dir='ltr' id='par_1_27' title="bbox 205 2293 1791 2376">
     <span class='ocr_line' id='line_1_27' title="bbox 205 2293 1791 2376; baseline -0.011 -13"><span class='ocrx_word' id='word_1_182' title='bbox 205 2310 468 2364; x_wconf 78' lang='grc' dir='ltr'>ἀπίθανον</span> <span class='ocrx_word' id='word_1_183' title='bbox 496 2305 694 2376; x_wconf 82' lang='grc' dir='ltr'>κομιδῆ</span> <span class='ocrx_word' id='word_1_184' title='bbox 725 2305 834 2357; x_wconf 81' lang='grc' dir='ltr'>πᾶν</span> <span class='ocrx_word' id='word_1_185' title='bbox 860 2302 1020 2373; x_wconf 78' lang='grc' dir='ltr'>ἔργον</span> <span class='ocrx_word' id='word_1_186' title='bbox 1052 2302 1184 2370; x_wconf 81' lang='grc' dir='ltr'>ἡμῖν</span> <span class='ocrx_word' id='word_1_187' title='bbox 1214 2297 1440 2366; x_wconf 85' lang='grc' dir='ltr'>ἀγαθὸν,</span> <span class='ocrx_word' id='word_1_188' title='bbox 1470 2296 1518 2348; x_wconf 85' lang='grc' dir='ltr'>εἰ</span> <span class='ocrx_word' id='word_1_189' title='bbox 1547 2296 1622 2367; x_wconf 83' lang='grc' dir='ltr'><strong>μὴ</strong></span> <span class='ocrx_word' id='word_1_190' title='bbox 1652 2293 1791 2366; x_wconf 83' lang='grc' dir='ltr'>πρὸς</span> 
     </span>
    </p>
   </div>
   <div class='ocr_carea' id='block_1_28' title="bbox 209 2386 1790 2475">
    <p class='ocr_par' dir='ltr' id='par_1_28' title="bbox 209 2386 1790 2475">
     <span class='ocr_line' id='line_1_28' title="bbox 209 2386 1790 2475; baseline -0.013 -16"><span class='ocrx_word' id='word_1_191' title='bbox 209 2405 376 2475; x_wconf 80' lang='grc' dir='ltr'>πέρας</span> <span class='ocrx_word' id='word_1_192' title='bbox 409 2403 598 2470; x_wconf 75' lang='grc' dir='ltr'>ἄγοιτο</span> <span class='ocrx_word' id='word_1_193' title='bbox 624 2399 686 2452; x_wconf 83' lang='grc' dir='ltr'>τὸ</span> <span class='ocrx_word' id='word_1_194' title='bbox 715 2397 923 2468; x_wconf 83' lang='grc' dir='ltr'>πρέπον</span> <span class='ocrx_word' id='word_1_195' title='bbox 949 2392 1118 2464; x_wconf 82' lang='grc' dir='ltr'>αύτῷ·</span> <span class='ocrx_word' id='word_1_196' title='bbox 1156 2393 1250 2446; x_wconf 77' lang='grc' dir='ltr'>καὶ</span> <span class='ocrx_word' id='word_1_197' title='bbox 1281 2390 1342 2443; x_wconf 85' lang='grc' dir='ltr'><strong>ού</strong></span> <span class='ocrx_word' id='word_1_198' title='bbox 1379 2389 1539 2460; x_wconf 84' lang='grc' dir='ltr'>μέχρι</span> <span class='ocrx_word' id='word_1_199' title='bbox 1561 2386 1790 2454; x_wconf 88' lang='grc' dir='ltr'>τούτων,</span> 
     </span>
    </p>
   </div>
   <div class='ocr_carea' id='block_1_29' title="bbox 205 2477 1788 2564">
    <p class='ocr_par' dir='ltr' id='par_1_29' title="bbox 205 2477 1788 2564">
     <span class='ocr_line' id='line_1_29' title="bbox 205 2477 1788 2564; baseline -0.013 -14"><span class='ocrx_word' id='word_1_200' title='bbox 205 2495 316 2550; x_wconf 72' lang='grc' dir='ltr'>ἀλλ’</span> <span class='ocrx_word' id='word_1_201' title='bbox 347 2494 544 2564; x_wconf 62' lang='grc' dir='ltr'>ἕψεται</span> <span class='ocrx_word' id='word_1_202' title='bbox 561 2493 676 2554; x_wconf 85' lang='grc' dir='ltr'>τοῖς</span> <span class='ocrx_word' id='word_1_203' title='bbox 712 2486 1014 2560; x_wconf 77' lang='grc' dir='ltr'>ῥᾳθυμοῦσι</span> <span class='ocrx_word' id='word_1_204' title='bbox 1039 2485 1135 2538; x_wconf 71' lang='grc' dir='ltr'>καὶ</span> <span class='ocrx_word' id='word_1_205' title='bbox 1161 2482 1426 2546; x_wconf 84' lang='grc' dir='ltr'>κίνδυνος.</span> <span class='ocrx_word' id='word_1_206' title='bbox 1453 2478 1629 2536; x_wconf 77' lang='grc' dir='ltr'>,Τοῦτο</span> <span class='ocrx_word' id='word_1_207' title='bbox 1659 2477 1788 2550; x_wconf 82' lang='grc' dir='ltr'>γάρ,</span> 
     </span>
    </p>
   </div>
   <div class='ocr_carea' id='block_1_30' title="bbox 216 2571 1794 2658">
    <p class='ocr_par' dir='ltr' id='par_1_30' title="bbox 216 2571 1794 2658">
     <span class='ocr_line' id='line_1_30' title="bbox 216 2571 1794 2658; baseline -0.011 -17"><span class='ocrx_word' id='word_1_208' title='bbox 216 2585 387 2658; x_wconf 73' lang='grc' dir='ltr'>οἶμαι,</span> <span class='ocrx_word' id='word_1_209' title='bbox 423 2587 542 2639; x_wconf 72' lang='grc' dir='ltr'>ἐστι</span> <span class='ocrx_word' id='word_1_210' title='bbox 575 2584 636 2637; x_wconf 83' lang='grc' dir='ltr'>τὸ</span> <span class='ocrx_word' id='word_1_211' title='bbox 651 2579 991 2636; x_wconf 80' lang='grc' dir='ltr'>κατολισθεῖν</span> <span class='ocrx_word' id='word_1_212' title='bbox 1024 2579 1088 2630; x_wconf 82' lang='grc' dir='ltr'>ὲκ</span> <span class='ocrx_word' id='word_1_213' title='bbox 1109 2577 1208 2646; x_wconf 78' lang='grc' dir='ltr'>τῆς</span> <span class='ocrx_word' id='word_1_214' title='bbox 1240 2575 1417 2653; x_wconf 78' lang='grc' dir='ltr'>οἰκίας</span> <span class='ocrx_word' id='word_1_215' title='bbox 1453 2573 1594 2626; x_wconf 91' lang='grc' dir='ltr'>τινά.</span> <span class='ocrx_word' id='word_1_216' title='bbox 1615 2591 1632 2624; x_wconf 76' lang='grc' dir='ltr'><strong>ι</strong></span> <span class='ocrx_word' id='word_1_217' title='bbox 1658 2571 1794 2625; x_wconf 78' lang='grc' dir='ltr'><strong>Οὐαὶ</strong></span> 
     </span>
    </p>
   </div>
   <div class='ocr_carea' id='block_1_31' title="bbox 212 2660 1786 2748">
    <p class='ocr_par' dir='ltr' id='par_1_31' title="bbox 212 2660 1786 2748">
     <span class='ocr_line' id='line_1_31' title="bbox 212 2660 1786 2748; baseline -0.013 -17"><span class='ocrx_word' id='word_1_218' title='bbox 212 2680 369 2748; x_wconf 77' lang='grc' dir='ltr'>γάρ,›</span> <span class='ocrx_word' id='word_1_219' title='bbox 392 2678 612 2746; x_wconf 73' lang='grc' dir='ltr'>φησ¹ιν,‹</span> <span class='ocrx_word' id='word_1_220' title='bbox 645 2675 694 2726; x_wconf 89' lang='grc' dir='ltr'><strong>οί</strong></span> <span class='ocrx_word' id='word_1_221' title='bbox 725 2671 1001 2732; x_wconf 84' lang='grc' dir='ltr'>ποιοῦντες</span> <span class='ocrx_word' id='word_1_222' title='bbox 1019 2668 1080 2722; x_wconf 85' lang='grc' dir='ltr'>τὸ</span> <span class='ocrx_word' id='word_1_223' title='bbox 1101 2667 1262 2740; x_wconf 76' lang='grc' dir='ltr'>ἔργον</span> <span class='ocrx_word' id='word_1_224' title='bbox 1285 2663 1492 2734; x_wconf 82' lang='grc' dir='ltr'>Κυρίου</span> <span class='ocrx_word' id='word_1_225' title='bbox 1517 2660 1786 2734; x_wconf 73' lang='grc' dir='ltr'>ἀμελῶς.»</span> 
     </span>
    </p>
   </div>
   <div class='ocr_carea' id='block_1_32' title="bbox 214 2755 1794 2839">
    <p class='ocr_par' dir='ltr' id='par_1_32' title="bbox 214 2755 1794 2839">
     <span class='ocr_line' id='line_1_32' title="bbox 214 2755 1794 2839; baseline -0.011 -14"><span class='ocrx_word' id='word_1_226' title='bbox 214 2772 307 2825; x_wconf 78' lang='grc' dir='ltr'>Διά</span> <span class='ocrx_word' id='word_1_227' title='bbox 334 2768 548 2839; x_wconf 82' lang='grc' dir='ltr'>μυρίων</span> <span class='ocrx_word' id='word_1_228' title='bbox 570 2763 664 2821; x_wconf 75' lang='grc' dir='ltr'>οὖν</span> <span class='ocrx_word' id='word_1_229' title='bbox 695 2766 834 2818; x_wconf 80' lang='grc' dir='ltr'>ὅσων</span> <span class='ocrx_word' id='word_1_230' title='bbox 867 2765 895 2816; x_wconf 88' lang='grc' dir='ltr'>ὁ</span> <span class='ocrx_word' id='word_1_231' title='bbox 928 2763 1089 2833; x_wconf 87' lang='grc' dir='ltr'>νόμος</span> <span class='ocrx_word' id='word_1_232' title='bbox 1119 2762 1264 2832; x_wconf 77' lang='grc' dir='ltr'>ἡμᾶς</span> <span class='ocrx_word' id='word_1_233' title='bbox 1295 2757 1620 2828; x_wconf 83' lang='grc' dir='ltr'>ἀποκομίζει</span> <span class='ocrx_word' id='word_1_234' title='bbox 1656 2755 1794 2827; x_wconf 81' lang='grc' dir='ltr'>πρὸς</span> 
     </span>
    </p>
   </div>
   <div class='ocr_carea' id='block_1_33' title="bbox 213 2847 1793 2932">
    <p class='ocr_par' dir='ltr' id='par_1_33' title="bbox 213 2847 1793 2932">
     <span class='ocr_line' id='line_1_33' title="bbox 213 2847 1793 2932; baseline -0.009 -16"><span class='ocrx_word' id='word_1_235' title='bbox 213 2863 270 2916; x_wconf 80' lang='grc' dir='ltr'><strong>τὺ</strong></span> <span class='ocrx_word' id='word_1_236' title='bbox 296 2860 596 2932; x_wconf 72' lang='grc' dir='ltr'>συμφέρον.</span> <span class='ocrx_word' id='word_1_237' title='bbox 633 2857 739 2912; x_wconf 76' lang='grc' dir='ltr'><strong>Καὶ</strong></span> <span class='ocrx_word' id='word_1_238' title='bbox 770 2856 976 2927; x_wconf 81' lang='grc' dir='ltr'>τροφὴν</span> <span class='ocrx_word' id='word_1_239' title='bbox 1007 2856 1106 2926; x_wconf 73' lang='grc' dir='ltr'>μὲν</span> <span class='ocrx_word' id='word_1_240' title='bbox 1144 2852 1296 2906; x_wconf 76' lang='grc' dir='ltr'>οὔπω</span> <span class='ocrx_word' id='word_1_241' title='bbox 1327 2850 1662 2923; x_wconf 85' lang='grc' dir='ltr'>παρατίθησι</span> <span class='ocrx_word' id='word_1_242' title='bbox 1693 2847 1793 2920; x_wconf 72' lang='grc' dir='ltr'>τὴν</span> 
     </span>
    </p>
   </div>
   <div class='ocr_carea' id='block_1_34' title="bbox 213 2940 1791 3026">
    <p class='ocr_par' dir='ltr' id='par_1_34' title="bbox 213 2940 1791 3026">
     <span class='ocr_line' id='line_1_34' title="bbox 213 2940 1791 3026; baseline -0.011 -15"><span class='ocrx_word' id='word_1_243' title='bbox 213 2944 662 3026; x_wconf 74' lang='grc' dir='ltr'>ἀνδροπρεπῆ’τε</span> <span class='ocrx_word' id='word_1_244' title='bbox 688 2949 784 3002; x_wconf 75' lang='grc' dir='ltr'><strong>καὶ</strong></span> <span class='ocrx_word' id='word_1_245' title='bbox 821 2947 1214 3018; x_wconf 82' lang='grc' dir='ltr'>στερεωτέραν,</span> <span class='ocrx_word' id='word_1_246' title='bbox 1245 2944 1477 3013; x_wconf 83' lang='grc' dir='ltr'>γάλακτι</span> <span class='ocrx_word' id='word_1_247' title='bbox 1505 2941 1564 2996; x_wconf 84' lang='grc' dir='ltr'>δὲ</span> <span class='ocrx_word' id='word_1_248' title='bbox 1599 2940 1791 3018; x_wconf 84' lang='grc' dir='ltr'>ὥσπερ</span> 
     </span>
    </p>
   </div>
   <div class='ocr_carea' id='block_1_35' title="bbox 215 3031 1792 3116">
    <p class='ocr_par' dir='ltr' id='par_1_35' title="bbox 215 3031 1792 3116">
     <span class='ocr_line' id='line_1_35' title="bbox 215 3031 1792 3116; baseline -0.01 -17"><span class='ocrx_word' id='word_1_249' title='bbox 215 3045 434 3116; x_wconf 81' lang='grc' dir='ltr'>νηπίους</span> <span class='ocrx_word' id='word_1_250' title='bbox 469 3043 630 3104; x_wconf 77' lang='grc' dir='ltr'>ὂντας</span> <span class='ocrx_word' id='word_1_251' title='bbox 678 3039 1020 3108; x_wconf 82' lang='grc' dir='ltr'>παιδοκομεῖ,</span> <span class='ocrx_word' id='word_1_252' title='bbox 1060 3036 1186 3099; x_wconf 78' lang='grc' dir='ltr'>τοὺς</span> <span class='ocrx_word' id='word_1_253' title='bbox 1237 3034 1630 3106; x_wconf 79' lang='grc' dir='ltr'>ἀρχαιοτέρους</span> <span class='ocrx_word' id='word_1_254' title='bbox 1677 3031 1792 3084; x_wconf 88' lang='grc' dir='ltr'>δια-</span> 
     </span>
    </p>
   </div>
   <div class='ocr_carea' id='block_1_36' title="bbox 213 3124 1790 3206">
    <p class='ocr_par' dir='ltr' id='par_1_36' title="bbox 213 3124 1790 3206">
     <span class='ocr_line' id='line_1_36' title="bbox 213 3124 1790 3206; baseline -0.009 -16"><span class='ocrx_word' id='word_1_255' title='bbox 213 3135 450 3199; x_wconf 68' lang='grc' dir='ltr'>ᾱσάζων</span> <span class='ocrx_word' id='word_1_256' title='bbox 498 3131 641 3186; x_wconf 85' lang='grc' dir='ltr'><strong>κατά</strong></span> <span class='ocrx_word' id='word_1_257' title='bbox 690 3130 863 3202; x_wconf 80' lang='grc' dir='ltr'>βραχὺ</span> <span class='ocrx_word' id='word_1_258' title='bbox 907 3129 1043 3201; x_wconf 68' lang='grc' dir='ltr'>πρὸς</span> <span class='ocrx_word' id='word_1_259' title='bbox 1074 3127 1135 3181; x_wconf 84' lang='grc' dir='ltr'>τὸ</span> <span class='ocrx_word' id='word_1_260' title='bbox 1183 3125 1419 3206; x_wconf 83' lang='grc' dir='ltr'>Χριστοῦ</span> <span class='ocrx_word' id='word_1_261' title='bbox 1469 3124 1790 3197; x_wconf 79' lang='grc' dir='ltr'>μυστήριον.</span> 
     </span>
    </p>
   </div>
   <div class='ocr_carea' id='block_1_37' title="bbox 220 3210 1794 3295">
    <p class='ocr_par' dir='ltr' id='par_1_37' title="bbox 220 3210 1794 3295">
     <span class='ocr_line' id='line_1_37' title="bbox 220 3210 1794 3295; baseline -0.009 -14"><span class='ocrx_word' id='word_1_262' title='bbox 220 3228 332 3282; x_wconf 85' lang='grc' dir='ltr'><strong>Ὀτι</strong></span> <span class='ocrx_word' id='word_1_263' title='bbox 363 3226 475 3295; x_wconf 79' lang='grc' dir='ltr'>γὰρ</span> <span class='ocrx_word' id='word_1_264' title='bbox 509 3221 878 3293; x_wconf 79' lang='grc' dir='ltr'>πνευματικὸς</span> <span class='ocrx_word' id='word_1_265' title='bbox 921 3221 949 3274; x_wconf 86' lang='grc' dir='ltr'>ὁ</span> <span class='ocrx_word' id='word_1_266' title='bbox 995 3220 1178 3290; x_wconf 85' lang='grc' dir='ltr'>νόμος,</span> <span class='ocrx_word' id='word_1_267' title='bbox 1212 3219 1307 3272; x_wconf 74' lang='grc' dir='ltr'>καὶ</span> <span class='ocrx_word' id='word_1_268' title='bbox 1345 3218 1467 3271; x_wconf 76' lang='grc' dir='ltr'>ὅσον</span> <span class='ocrx_word' id='word_1_269' title='bbox 1513 3216 1610 3287; x_wconf 82' lang='grc' dir='ltr'>μὲν</span> <span class='ocrx_word' id='word_1_270' title='bbox 1659 3210 1794 3288; x_wconf 85' lang='grc' dir='ltr'>ἧκεν</span> 
     </span>
    </p>
   </div>
   <div class='ocr_carea' id='block_1_38' title="bbox 216 3307 1795 3383">
    <p class='ocr_par' dir='ltr' id='par_1_38' title="bbox 216 3307 1795 3383">
     <span class='ocr_line' id='line_1_38' title="bbox 216 3307 1795 3383; baseline -0.008 -9"><span class='ocrx_word' id='word_1_271' title='bbox 216 3323 290 3383; x_wconf 80' lang='grc' dir='ltr'><strong>είς</strong></span> <span class='ocrx_word' id='word_1_272' title='bbox 320 3320 478 3372; x_wconf 72' lang='grc' dir='ltr'>σκιὰν</span> <span class='ocrx_word' id='word_1_273' title='bbox 510 3319 606 3371; x_wconf 75' lang='grc' dir='ltr'>καὶ</span> <span class='ocrx_word' id='word_1_274' title='bbox 636 3317 861 3377; x_wconf 85' lang='grc' dir='ltr'>τύπους,</span> <span class='ocrx_word' id='word_1_275' title='bbox 894 3313 1055 3367; x_wconf 80' lang='grc' dir='ltr'>οἱονεί</span> <span class='ocrx_word' id='word_1_276' title='bbox 1085 3330 1200 3375; x_wconf 89' lang='grc' dir='ltr'><strong>πως</strong></span> <span class='ocrx_word' id='word_1_277' title='bbox 1229 3313 1330 3364; x_wconf 85' lang='grc' dir='ltr'>οὐκ</span> <span class='ocrx_word' id='word_1_278' title='bbox 1361 3309 1650 3381; x_wconf 67' lang='grc' dir='ltr'>ἐδώδιμος,</span> <span class='ocrx_word' id='word_1_279' title='bbox 1669 3307 1795 3363; x_wconf 74' lang='grc' dir='ltr'>οὕτε</span> 
     </span>
    </p>
   </div>
   <div class='ocr_carea' id='block_1_39' title="bbox 221 3400 1793 3485">
    <p class='ocr_par' dir='ltr' id='par_1_39' title="bbox 221 3400 1793 3485">
     <span class='ocr_line' id='line_1_39' title="bbox 221 3400 1793 3485; baseline -0.008 -20"><span class='ocrx_word' id='word_1_280' title='bbox 221 3416 322 3485; x_wconf 74' lang='grc' dir='ltr'>μὴν</span> <span class='ocrx_word' id='word_1_281' title='bbox 355 3413 652 3479; x_wconf 83' lang='grc' dir='ltr'>ἀναγκαῖος</span> <span class='ocrx_word' id='word_1_282' title='bbox 685 3411 764 3471; x_wconf 85' lang='grc' dir='ltr'><strong>είς</strong></span> <span class='ocrx_word' id='word_1_283' title='bbox 798 3402 1174 3476; x_wconf 79' lang='grc' dir='ltr'>πνευματικὴν</span> <span class='ocrx_word' id='word_1_284' title='bbox 1217 3402 1284 3456; x_wconf 81' lang='grc' dir='ltr'>ἂν</span> <span class='ocrx_word' id='word_1_285' title='bbox 1315 3402 1526 3471; x_wconf 84' lang='grc' dir='ltr'>γένοιτο</span> <span class='ocrx_word' id='word_1_286' title='bbox 1562 3400 1793 3473; x_wconf 83' lang='grc' dir='ltr'>τροφὴν,</span> 
     </span>
    </p>
   </div>
   <div class='ocr_carea' id='block_1_40' title="bbox 217 3487 1796 3564">
    <p class='ocr_par' dir='ltr' id='par_1_40' title="bbox 217 3487 1796 3564">
     <span class='ocr_line' id='line_1_40' title="bbox 217 3487 1796 3564; baseline -0.01 -9"><span class='ocrx_word' id='word_1_287' title='bbox 217 3503 366 3558; x_wconf 79' lang='grc' dir='ltr'>ἔσται</span> <span class='ocrx_word' id='word_1_288' title='bbox 393 3502 452 3555; x_wconf 79' lang='grc' dir='ltr'>δὲ</span> <span class='ocrx_word' id='word_1_289' title='bbox 478 3498 741 3562; x_wconf 77' lang='grc' dir='ltr'>τοιοῦτος,</span> <span class='ocrx_word' id='word_1_290' title='bbox 779 3497 828 3549; x_wconf 82' lang='grc' dir='ltr'><strong>εί</strong></span> <span class='ocrx_word' id='word_1_291' title='bbox 861 3495 990 3564; x_wconf 88' lang='grc' dir='ltr'>γοῦν</span> <span class='ocrx_word' id='word_1_292' title='bbox 1025 3491 1454 3564; x_wconf 84' lang='grc' dir='ltr'>μεταπλάττοιτο</span> <span class='ocrx_word' id='word_1_293' title='bbox 1483 3489 1618 3560; x_wconf 83' lang='grc' dir='ltr'>πρὸς</span> <span class='ocrx_word' id='word_1_294' title='bbox 1660 3487 1796 3542; x_wconf 85' lang='grc' dir='ltr'>θεω-</span> 
     </span>
    </p>
   </div>
   <div class='ocr_carea' id='block_1_41' title="bbox 220 3580 1792 3666">
    <p class='ocr_par' dir='ltr' id='par_1_41' title="bbox 220 3580 1792 3666">
     <span class='ocr_line' id='line_1_41' title="bbox 220 3580 1792 3666; baseline -0.01 -17"><span class='ocrx_word' id='word_1_295' title='bbox 220 3595 336 3666; x_wconf 90' lang='grc' dir='ltr'>ρίαν</span> <span class='ocrx_word' id='word_1_296' title='bbox 375 3591 780 3661; x_wconf 79' lang='grc' dir='ltr'>εύαγγελικὴν,</span> <span class='ocrx_word' id='word_1_297' title='bbox 825 3587 922 3642; x_wconf 60' lang='grc' dir='ltr'><strong>καὶ⁸</strong></span> <span class='ocrx_word' id='word_1_298' title='bbox 957 3588 1037 3649; x_wconf 85' lang='grc' dir='ltr'><strong>είς</strong></span> <span class='ocrx_word' id='word_1_299' title='bbox 1087 3585 1148 3637; x_wconf 79' lang='grc' dir='ltr'>τὸ</span> <span class='ocrx_word' id='word_1_300' title='bbox 1190 3580 1426 3654; x_wconf 86' lang='grc' dir='ltr'>Χριστοῦ</span> <span class='ocrx_word' id='word_1_301' title='bbox 1473 3581 1792 3652; x_wconf 85' lang='grc' dir='ltr'>μυστήριον,</span> 
     </span>
    </p>
   </div>
   <div class='ocr_carea' id='block_1_42' title="bbox 219 3672 1796 3757">
    <p class='ocr_par' dir='ltr' id='par_1_42' title="bbox 219 3672 1796 3757">
     <span class='ocr_line' id='line_1_42' title="bbox 219 3672 1796 3757; baseline -0.01 -17"><span class='ocrx_word' id='word_1_302' title='bbox 219 3689 470 3757; x_wconf 80' lang='grc' dir='ltr'>συνήσεις</span> <span class='ocrx_word' id='word_1_303' title='bbox 490 3680 553 3738; x_wconf 80' lang='grc' dir='ltr'>εὖ</span> <span class='ocrx_word' id='word_1_304' title='bbox 583 3683 727 3754; x_wconf 89' lang='grc' dir='ltr'>μάλα</span> <span class='ocrx_word' id='word_1_305' title='bbox 756 3678 1094 3752; x_wconf 75' lang='grc' dir='ltr'>γεγραφότος</span> <span class='ocrx_word' id='word_1_306' title='bbox 1119 3675 1216 3729; x_wconf 72' lang='grc' dir='ltr'><strong>ὡδὶ</strong></span> <span class='ocrx_word' id='word_1_307' title='bbox 1244 3673 1338 3728; x_wconf 84' lang='grc' dir='ltr'><strong>τοῦ</strong></span> <span class='ocrx_word' id='word_1_308' title='bbox 1362 3672 1635 3756; x_wconf 71' lang='grc' dir='ltr'>πανσύφου</span> <span class='ocrx_word' id='word_1_309' title='bbox 1667 3673 1796 3726; x_wconf 90' lang='grc' dir='ltr'><strong>Μω-</strong></span> 
     </span>
    </p>
   </div>
   <div class='ocr_carea' id='block_1_43' title="bbox 223 3761 1794 3846">
    <p class='ocr_par' dir='ltr' id='par_1_43' title="bbox 223 3761 1794 3846">
     <span class='ocr_line' id='line_1_43' title="bbox 223 3761 1794 3846; baseline -0.01 -14"><span class='ocrx_word' id='word_1_310' title='bbox 223 3779 349 3840; x_wconf 80' lang='grc' dir='ltr'>σέως</span> <span class='ocrx_word' id='word_1_311' title='bbox 366 3777 498 3846; x_wconf 73' lang='grc' dir='ltr'>περὶ</span> <span class='ocrx_word' id='word_1_312' title='bbox 516 3774 703 3828; x_wconf 84' lang='grc' dir='ltr'>αὑτοῦ.</span> <span class='ocrx_word' id='word_1_313' title='bbox 737 3773 881 3842; x_wconf 83' lang='grc' dir='ltr'>Ἔφη</span> <span class='ocrx_word' id='word_1_314' title='bbox 912 3768 1020 3841; x_wconf 85' lang='grc' dir='ltr'><strong>γὰρ</strong></span> <span class='ocrx_word' id='word_1_315' title='bbox 1056 3769 1114 3820; x_wconf 83' lang='grc' dir='ltr'>ὲν</span> <span class='ocrx_word' id='word_1_316' title='bbox 1143 3765 1222 3838; x_wconf 83' lang='grc' dir='ltr'><strong>τῷ</strong></span> <span class='ocrx_word' id='word_1_317' title='bbox 1259 3761 1548 3834; x_wconf 72' lang='grc' dir='ltr'>Λευιτικῷο</span> <span class='ocrx_word' id='word_1_318' title='bbox 1582 3780 1601 3814; x_wconf 84' lang='grc'>‹</span> <span class='ocrx_word' id='word_1_319' title='bbox 1629 3762 1794 3817; x_wconf 82' lang='grc' dir='ltr'>Ὅταν</span> 
     </span>
    </p>
   </div>
   <div class='ocr_carea' id='block_1_44' title="bbox 217 3854 1794 3939">
    <p class='ocr_par' dir='ltr' id='par_1_44' title="bbox 217 3854 1794 3939">
     <span class='ocr_line' id='line_1_44' title="bbox 217 3854 1794 3939; baseline -0.011 -16"><span class='ocrx_word' id='word_1_320' title='bbox 217 3871 270 3922; x_wconf 79' lang='grc' dir='ltr'>δὲ</span> <span class='ocrx_word' id='word_1_321' title='bbox 289 3867 542 3939; x_wconf 74' lang='grc' dir='ltr'>εἰσέλθῃς</span> <span class='ocrx_word' id='word_1_322' title='bbox 563 3868 643 3930; x_wconf 86' lang='grc' dir='ltr'><strong>είς</strong></span> <span class='ocrx_word' id='word_1_323' title='bbox 668 3865 763 3937; x_wconf 75' lang='grc' dir='ltr'>τὴν</span> <span class='ocrx_word' id='word_1_324' title='bbox 783 3866 907 3934; x_wconf 83' lang='grc' dir='ltr'>γῆν,</span> <span class='ocrx_word' id='word_1_325' title='bbox 933 3863 998 3934; x_wconf 77' lang='grc' dir='ltr'>ἢν</span> <span class='ocrx_word' id='word_1_326' title='bbox 1024 3859 1225 3932; x_wconf 80' lang='grc' dir='ltr'>Κύριος</span> <span class='ocrx_word' id='word_1_327' title='bbox 1252 3861 1280 3911; x_wconf 85' lang='grc' dir='ltr'>ὁ</span> <span class='ocrx_word' id='word_1_328' title='bbox 1306 3857 1437 3920; x_wconf 89' lang='grc' dir='ltr'>Θεός</span> <span class='ocrx_word' id='word_1_329' title='bbox 1465 3872 1558 3908; x_wconf 90' lang='grc' dir='ltr'><strong>σου</strong></span> <span class='ocrx_word' id='word_1_330' title='bbox 1581 3854 1794 3908; x_wconf 85' lang='grc' dir='ltr'>δίδωσιν</span> 
     </span>
    </p>
   </div>
   <div class='ocr_carea' id='block_1_45' title="bbox 220 3947 1791 4031">
    <p class='ocr_par' dir='ltr' id='par_1_45' title="bbox 220 3947 1791 4031">
     <span class='ocr_line' id='line_1_45' title="bbox 220 3947 1791 4031; baseline -0.011 -17"><span class='ocrx_word' id='word_1_331' title='bbox 220 3960 366 4031; x_wconf 78' lang='grc' dir='ltr'>ὑμῖν,</span> <span class='ocrx_word' id='word_1_332' title='bbox 397 3959 494 4012; x_wconf 80' lang='grc' dir='ltr'><strong>καὶ</strong></span> <span class='ocrx_word' id='word_1_333' title='bbox 534 3955 980 4026; x_wconf 78' lang='grc' dir='ltr'>καταφυτεύσητε</span> <span class='ocrx_word' id='word_1_334' title='bbox 1019 3954 1124 4006; x_wconf 83' lang='grc' dir='ltr'><strong>πᾶν</strong></span> <span class='ocrx_word' id='word_1_335' title='bbox 1169 3950 1326 4017; x_wconf 80' lang='grc' dir='ltr'>ξύλον</span> <span class='ocrx_word' id='word_1_336' title='bbox 1360 3947 1656 4020; x_wconf 86' lang='grc' dir='ltr'>βρώσιμον,</span> <span class='ocrx_word' id='word_1_337' title='bbox 1693 3962 1791 3998; x_wconf 84' lang='grc' dir='ltr'>πε-</span> 
     </span>
    </p>
   </div>
   <div class='ocr_carea' id='block_1_46' title="bbox 221 4035 1792 4121">
    <p class='ocr_par' dir='ltr' id='par_1_46' title="bbox 221 4035 1792 4121">
     <span class='ocr_line' id='line_1_46' title="bbox 221 4035 1792 4121; baseline -0.01 -17"><span class='ocrx_word' id='word_1_338' title='bbox 221 4051 591 4121; x_wconf 82' lang='grc' dir='ltr'>ρικαθαριεῖτε</span> <span class='ocrx_word' id='word_1_339' title='bbox 619 4048 718 4116; x_wconf 72' lang='grc' dir='ltr'><strong>τὴν</strong></span> <span class='ocrx_word' id='word_1_340' title='bbox 747 4043 1086 4116; x_wconf 83' lang='grc' dir='ltr'>ἀκαθαρσίαν</span> <span class='ocrx_word' id='word_1_341' title='bbox 1119 4040 1304 4096; x_wconf 84' lang='grc' dir='ltr'>αὐτοῦ·</span> <span class='ocrx_word' id='word_1_342' title='bbox 1335 4043 1364 4094; x_wconf 84' lang='grc' dir='ltr'>ὁ</span> <span class='ocrx_word' id='word_1_343' title='bbox 1393 4038 1600 4111; x_wconf 81' lang='grc' dir='ltr'>καρπὸς</span> <span class='ocrx_word' id='word_1_344' title='bbox 1629 4035 1792 4090; x_wconf 82' lang='grc' dir='ltr'>αὐτοῦ</span> 
     </span>
    </p>
   </div>
   <div class='ocr_carea' id='block_1_47' title="bbox 218 4127 1790 4212">
    <p class='ocr_par' dir='ltr' id='par_1_47' title="bbox 218 4127 1790 4212">
     <span class='ocr_line' id='line_1_47' title="bbox 218 4127 1790 4212; baseline -0.01 -17"><span class='ocrx_word' id='word_1_345' title='bbox 218 4142 337 4212; x_wconf 83' lang='grc' dir='ltr'>τρία</span> <span class='ocrx_word' id='word_1_346' title='bbox 361 4143 461 4210; x_wconf 75' lang='grc' dir='ltr'>ἐτη</span> <span class='ocrx_word' id='word_1_347' title='bbox 494 4139 646 4192; x_wconf 79' lang='grc' dir='ltr'>ἔσται</span> <span class='ocrx_word' id='word_1_348' title='bbox 671 4138 800 4207; x_wconf 86' lang='grc' dir='ltr'>ύμῖν</span> <span class='ocrx_word' id='word_1_349' title='bbox 828 4131 1298 4205; x_wconf 82' lang='grc' dir='ltr'>άπερικάθαρτος,</span> <span class='ocrx_word' id='word_1_350' title='bbox 1330 4130 1389 4183; x_wconf 81' lang='grc' dir='ltr'><strong>ού</strong></span> <span class='ocrx_word' id='word_1_351' title='bbox 1426 4127 1790 4200; x_wconf 74' lang='grc' dir='ltr'>βρωθήσεται.</span> 
     </span>
    </p>
   </div>
   <div class='ocr_carea' id='block_1_48' title="bbox 216 4215 1790 4301">
    <p class='ocr_par' dir='ltr' id='par_1_48' title="bbox 216 4215 1790 4301">
     <span class='ocr_line' id='line_1_48' title="bbox 216 4215 1790 4301; baseline -0.011 -15"><span class='ocrx_word' id='word_1_352' title='bbox 216 4233 319 4286; x_wconf 71' lang='grc' dir='ltr'><strong>Καὶ</strong></span> <span class='ocrx_word' id='word_1_353' title='bbox 346 4229 430 4301; x_wconf 83' lang='grc' dir='ltr'>τῷ</span> <span class='ocrx_word' id='word_1_354' title='bbox 466 4229 578 4282; x_wconf 72' lang='grc' dir='ltr'>ἔτει</span> <span class='ocrx_word' id='word_1_355' title='bbox 615 4226 692 4292; x_wconf 84' lang='grc' dir='ltr'><strong>τῷ</strong></span> <span class='ocrx_word' id='word_1_356' title='bbox 724 4226 971 4298; x_wconf 85' lang='grc' dir='ltr'>τετάρτῳ</span> <span class='ocrx_word' id='word_1_357' title='bbox 1001 4223 1154 4276; x_wconf 78' lang='grc' dir='ltr'>ἔσται</span> <span class='ocrx_word' id='word_1_358' title='bbox 1194 4220 1302 4282; x_wconf 76' lang='grc' dir='ltr'>πᾶς</span> <span class='ocrx_word' id='word_1_359' title='bbox 1329 4221 1358 4272; x_wconf 83' lang='grc' dir='ltr'><strong>ὁ</strong></span> <span class='ocrx_word' id='word_1_360' title='bbox 1390 4216 1600 4288; x_wconf 79' lang='grc' dir='ltr'>καρπὸς</span> <span class='ocrx_word' id='word_1_361' title='bbox 1627 4215 1790 4270; x_wconf 85' lang='grc' dir='ltr'>αὐτοῦ</span> 
     </span>
    </p>
   </div>
   <div class='ocr_carea' id='block_1_49' title="bbox 217 4308 1793 4394">
    <p class='ocr_par' dir='ltr' id='par_1_49' title="bbox 217 4308 1793 4394">
     <span class='ocr_line' id='line_1_49' title="bbox 217 4308 1793 4394; baseline -0.012 -16"><span class='ocrx_word' id='word_1_362' title='bbox 217 4323 383 4394; x_wconf 65' lang='grc' dir='ltr'>ἅγιος,</span> <span class='ocrx_word' id='word_1_363' title='bbox 420 4321 632 4384; x_wconf 80' lang='grc' dir='ltr'>αἱνετὺς</span> <span class='ocrx_word' id='word_1_364' title='bbox 652 4319 731 4390; x_wconf 81' lang='grc' dir='ltr'>τῷ</span> <span class='ocrx_word' id='word_1_365' title='bbox 751 4317 960 4389; x_wconf 78' lang='grc' dir='ltr'>Κυρίῳ.</span> <span class='ocrx_word' id='word_1_366' title='bbox 1001 4315 1090 4369; x_wconf 86' lang='grc' dir='ltr'><strong>Ἐν</strong></span> <span class='ocrx_word' id='word_1_367' title='bbox 1120 4313 1178 4367; x_wconf 84' lang='grc' dir='ltr'>δὲ</span> <span class='ocrx_word' id='word_1_368' title='bbox 1203 4311 1281 4383; x_wconf 79' lang='grc' dir='ltr'>τῷ</span> <span class='ocrx_word' id='word_1_369' title='bbox 1309 4310 1418 4364; x_wconf 72' lang='grc' dir='ltr'>ἔτει</span> <span class='ocrx_word' id='word_1_370' title='bbox 1444 4309 1524 4381; x_wconf 85' lang='grc' dir='ltr'>τῷ</span> <span class='ocrx_word' id='word_1_371' title='bbox 1557 4308 1793 4379; x_wconf 83' lang='grc' dir='ltr'>πέμπτῳ</span> 
     </span>
    </p>
   </div>
   <div class='ocr_carea' id='block_1_50' title="bbox 1887 463 3462 535">
    <p class='ocr_par' dir='ltr' id='par_1_50' title="bbox 1887 463 3462 535">
     <span class='ocr_line' id='line_1_50' title="bbox 1887 463 3462 535; baseline 0.003 -16"><span class='ocrx_word' id='word_1_372' title='bbox 1887 465 2044 530; x_wconf 90' lang='lat' dir='ltr'><strong>serit,</strong></span> <span class='ocrx_word' id='word_1_373' title='bbox 2073 465 2327 534; x_wconf 87' lang='lat' dir='ltr'><strong>quisquis</strong></span> <span class='ocrx_word' id='word_1_374' title='bbox 2349 464 2548 535; x_wconf 82' lang='lat' dir='ltr'><strong>injuria</strong></span> <span class='ocrx_word' id='word_1_375' title='bbox 2591 463 2835 518; x_wconf 90' lang='lat' dir='ltr'><strong>nondum</strong></span> <span class='ocrx_word' id='word_1_376' title='bbox 2864 465 3282 522; x_wconf 74' lang='lat' dir='ltr'><strong>condemnatam</strong></span> <span class='ocrx_word' id='word_1_377' title='bbox 3325 484 3462 524; x_wconf 83' lang='lat' dir='ltr'><strong>con-</strong></span> 
     </span>
    </p>
   </div>
   <div class='ocr_carea' id='block_1_51' title="bbox 1889 554 3464 627">
    <p class='ocr_par' dir='ltr' id='par_1_51' title="bbox 1889 554 3464 627">
     <span class='ocr_line' id='line_1_51' title="bbox 1889 554 3464 627; baseline 0.004 -17"><span class='ocrx_word' id='word_1_378' title='bbox 1889 555 2242 625; x_wconf 86' lang='lat' dir='ltr'><strong>tempsisset?</strong></span> <span class='ocrx_word' id='word_1_379' title='bbox 2273 555 2371 610; x_wconf 83' lang='lat' dir='ltr'><strong>Est</strong></span> <span class='ocrx_word' id='word_1_380' title='bbox 2392 554 2543 609; x_wconf 88' lang='lat' dir='ltr'><strong>enim</strong></span> <span class='ocrx_word' id='word_1_381' title='bbox 2569 555 2837 624; x_wconf 84' lang='lat' dir='ltr'><strong>probitas,</strong></span> <span class='ocrx_word' id='word_1_382' title='bbox 2865 572 2986 611; x_wconf 85' lang='lat' dir='ltr'><strong>mea</strong></span> <span class='ocrx_word' id='word_1_383' title='bbox 3013 562 3306 627; x_wconf 80' lang='lat' dir='ltr'><strong>sententia,</strong></span> <span class='ocrx_word' id='word_1_384' title='bbox 3331 561 3464 618; x_wconf 88' lang='lat' dir='ltr'><strong>dili-</strong></span> 
     </span>
    </p>
   </div>
   <div class='ocr_carea' id='block_1_52' title="bbox 1887 646 3466 719">
    <p class='ocr_par' dir='ltr' id='par_1_52' title="bbox 1887 646 3466 719">
     <span class='ocr_line' id='line_1_52' title="bbox 1887 646 3466 719; baseline 0.006 -17"><span class='ocrx_word' id='word_1_385' title='bbox 1887 646 2208 719; x_wconf 86' lang='lat' dir='ltr'><strong>gentissime</strong></span> <span class='ocrx_word' id='word_1_386' title='bbox 2261 647 2679 718; x_wconf 85' lang='lat' dir='ltr'><strong>amplectenda,</strong></span> <span class='ocrx_word' id='word_1_387' title='bbox 2706 662 2885 717; x_wconf 86' lang='lat' dir='ltr'><strong>neque</strong></span> <span class='ocrx_word' id='word_1_388' title='bbox 2917 649 3028 704; x_wconf 91' lang='lat' dir='ltr'><strong>cito</strong></span> <span class='ocrx_word' id='word_1_389' title='bbox 3076 647 3329 709; x_wconf 82' lang='lat' dir='ltr'><strong>satietate</strong></span> <span class='ocrx_word' id='word_1_390' title='bbox 3375 669 3466 711; x_wconf 81' lang='lat' dir='ltr'><strong>ca-</strong></span> 
     </span>
    </p>
   </div>
   <div class='ocr_carea' id='block_1_53' title="bbox 1888 728 3462 810">
    <p class='ocr_par' dir='ltr' id='par_1_53' title="bbox 1888 728 3462 810">
     <span class='ocr_line' id='line_1_53' title="bbox 1888 728 3462 810; baseline 0.007 -18"><span class='ocrx_word' id='word_1_391' title='bbox 1888 746 2014 809; x_wconf 90' lang='lat' dir='ltr'><strong>ptos</strong></span> <span class='ocrx_word' id='word_1_392' title='bbox 2036 739 2088 794; x_wconf 89' lang='lat' dir='ltr'><strong>id</strong></span> <span class='ocrx_word' id='word_1_393' title='bbox 2114 739 2270 809; x_wconf 88' lang='lat' dir='ltr'><strong>sequi</strong></span> <span class='ocrx_word' id='word_1_394' title='bbox 2316 747 2554 809; x_wconf 83' lang='lat' dir='ltr'><strong>oportet,</strong></span> <span class='ocrx_word' id='word_1_395' title='bbox 2579 728 2727 810; x_wconf 87' lang='lat' dir='ltr'><strong>quod</strong></span> <span class='ocrx_word' id='word_1_396' title='bbox 2768 739 2985 794; x_wconf 87' lang='lat' dir='ltr'><strong>libitum</strong></span> <span class='ocrx_word' id='word_1_397' title='bbox 3020 741 3209 809; x_wconf 89' lang='lat' dir='ltr'><strong>fuerit,</strong></span> <span class='ocrx_word' id='word_1_398' title='bbox 3257 763 3320 802; x_wconf 90' lang='lat' dir='ltr'><strong>ac</strong></span> <span class='ocrx_word' id='word_1_399' title='bbox 3348 764 3462 806; x_wconf 87' lang='lat' dir='ltr'><strong>rem</strong></span> 
     </span>
    </p>
   </div>
   <div class='ocr_carea' id='block_1_54' title="bbox 1889 829 3464 905">
    <p class='ocr_par' dir='ltr' id='par_1_54' title="bbox 1889 829 3464 905">
     <span class='ocr_line' id='line_1_54' title="bbox 1889 829 3464 905; baseline 0.007 -21"><span class='ocrx_word' id='word_1_400' title='bbox 1889 829 2202 894; x_wconf 85' lang='lat' dir='ltr'><strong>honestam,</strong></span> <span class='ocrx_word' id='word_1_401' title='bbox 2256 838 2518 900; x_wconf 84' lang='lat' dir='ltr'><strong>tanquam</strong></span> <span class='ocrx_word' id='word_1_402' title='bbox 2571 831 2918 887; x_wconf 83' lang='lat' dir='ltr'><strong>inhonestam</strong></span> <span class='ocrx_word' id='word_1_403' title='bbox 2953 834 3318 905; x_wconf 85' lang='lat' dir='ltr'><strong>calumniari;</strong></span> <span class='ocrx_word' id='word_1_404' title='bbox 3371 843 3464 896; x_wconf 85' lang='lat' dir='ltr'><strong>sed</strong></span> 
     </span>
    </p>
   </div>
   <div class='ocr_carea' id='block_1_55' title="bbox 1890 921 3466 994">
    <p class='ocr_par' dir='ltr' id='par_1_55' title="bbox 1890 921 3466 994">
     <span class='ocr_line' id='line_1_55' title="bbox 1890 921 3466 994; baseline 0.005 -18"><span class='ocrx_word' id='word_1_405' title='bbox 1890 921 2078 990; x_wconf 88' lang='lat' dir='ltr'><strong>potius</strong></span> <span class='ocrx_word' id='word_1_406' title='bbox 2100 921 2448 986; x_wconf 87' lang='lat' dir='ltr'><strong>enitendum,</strong></span> <span class='ocrx_word' id='word_1_407' title='bbox 2491 929 2553 976; x_wconf 93' lang='lat' dir='ltr'><strong>ut</strong></span> <span class='ocrx_word' id='word_1_408' title='bbox 2582 922 2839 978; x_wconf 88' lang='lat' dir='ltr'><strong>omnibus</strong></span> <span class='ocrx_word' id='word_1_409' title='bbox 2861 925 3141 994; x_wconf 69' lang='lat' dir='ltr'><strong>praeclaris</strong></span> <span class='ocrx_word' id='word_1_410' title='bbox 3184 929 3350 983; x_wconf 90' lang='lat' dir='ltr'><strong>rebus</strong></span> <span class='ocrx_word' id='word_1_411' title='bbox 3370 931 3466 986; x_wconf 81' lang='lat' dir='ltr'><strong>ad-</strong></span> 
     </span>
    </p>
   </div>
   <div class='ocr_carea' id='block_1_56' title="bbox 1894 1014 3470 1086">
    <p class='ocr_par' dir='ltr' id='par_1_56' title="bbox 1894 1014 3470 1086">
     <span class='ocr_line' id='line_1_56' title="bbox 1894 1014 3470 1086; baseline 0.006 -18"><span class='ocrx_word' id='word_1_412' title='bbox 1894 1014 2129 1078; x_wconf 83' lang='lat' dir='ltr'><strong>haerere,</strong></span> <span class='ocrx_word' id='word_1_413' title='bbox 2177 1023 2235 1069; x_wconf 90' lang='lat' dir='ltr'><strong>et</strong></span> <span class='ocrx_word' id='word_1_414' title='bbox 2274 1030 2400 1070; x_wconf 89' lang='lat' dir='ltr'><strong>cum</strong></span> <span class='ocrx_word' id='word_1_415' title='bbox 2450 1015 2519 1070; x_wconf 89' lang='lat' dir='ltr'><strong>iis</strong></span> <span class='ocrx_word' id='word_1_416' title='bbox 2562 1031 2684 1086; x_wconf 86' lang='lat' dir='ltr'><strong>quae</strong></span> <span class='ocrx_word' id='word_1_417' title='bbox 2710 1016 2777 1071; x_wconf 87' lang='lat' dir='ltr'><strong>ad</strong></span> <span class='ocrx_word' id='word_1_418' title='bbox 2801 1016 3020 1074; x_wconf 88' lang='lat' dir='ltr'><strong>laudem</strong></span> <span class='ocrx_word' id='word_1_419' title='bbox 3066 1022 3470 1079; x_wconf 75' lang='lat' dir='ltr'><strong>conciliandam</strong></span> 
     </span>
    </p>
   </div>
   <div class='ocr_carea' id='block_1_57' title="bbox 1891 1104 3471 1184">
    <p class='ocr_par' dir='ltr' id='par_1_57' title="bbox 1891 1104 3471 1184">
     <span class='ocr_line' id='line_1_57' title="bbox 1891 1104 3471 1184; baseline 0.008 -25"><span class='ocrx_word' id='word_1_420' title='bbox 1891 1112 2020 1159; x_wconf 85' lang='lat' dir='ltr'><strong>sunt</strong></span> <span class='ocrx_word' id='word_1_421' title='bbox 2042 1104 2518 1174; x_wconf 68' lang='lat' dir='ltr'><strong>praestantissima,</strong></span> <span class='ocrx_word' id='word_1_422' title='bbox 2557 1108 3013 1166; x_wconf 88' lang='lat' dir='ltr'><strong>consuetudinem</strong></span> <span class='ocrx_word' id='word_1_423' title='bbox 3067 1111 3294 1179; x_wconf 89' lang='lat' dir='ltr'><strong>habere,</strong></span> <span class='ocrx_word' id='word_1_424' title='bbox 3343 1116 3471 1184; x_wconf 91' lang='lat' dir='ltr'><strong>plu-</strong></span> 
     </span>
    </p>
   </div>
   <div class='ocr_carea' id='block_1_58' title="bbox 1891 1194 3472 1271">
    <p class='ocr_par' dir='ltr' id='par_1_58' title="bbox 1891 1194 3472 1271">
     <span class='ocr_line' id='line_1_58' title="bbox 1891 1194 3472 1271; baseline 0.009 -24"><span class='ocrx_word' id='word_1_425' title='bbox 1891 1195 2014 1248; x_wconf 92' lang='lat' dir='ltr'><strong>rimi</strong></span> <span class='ocrx_word' id='word_1_426' title='bbox 2038 1194 2345 1262; x_wconf 88' lang='lat' dir='ltr'><strong>faciamus;</strong></span> <span class='ocrx_word' id='word_1_427' title='bbox 2383 1211 2511 1251; x_wconf 88' lang='lat' dir='ltr'><strong>nam</strong></span> <span class='ocrx_word' id='word_1_428' title='bbox 2560 1198 2655 1268; x_wconf 90' lang='lat' dir='ltr'><strong>qui</strong></span> <span class='ocrx_word' id='word_1_429' title='bbox 2699 1199 2943 1265; x_wconf 74' lang='lat' dir='ltr'><strong>taedium,</strong></span> <span class='ocrx_word' id='word_1_430' title='bbox 2993 1202 3140 1271; x_wconf 90' lang='lat' dir='ltr'><strong>quod</strong></span> <span class='ocrx_word' id='word_1_431' title='bbox 3186 1205 3242 1257; x_wconf 91' lang='lat' dir='ltr'><strong>in</strong></span> <span class='ocrx_word' id='word_1_432' title='bbox 3287 1206 3472 1262; x_wconf 87' lang='lat' dir='ltr'><strong>medio</strong></span> 
     </span>
    </p>
   </div>
   <div class='ocr_carea' id='block_1_59' title="bbox 1891 1287 3470 1366">
    <p class='ocr_par' dir='ltr' id='par_1_59' title="bbox 1891 1287 3470 1366">
     <span class='ocr_line' id='line_1_59' title="bbox 1891 1287 3470 1366; baseline 0.009 -26"><span class='ocrx_word' id='word_1_433' title='bbox 1891 1287 2171 1342; x_wconf 86' lang='lat' dir='ltr'><strong>actionum</strong></span> <span class='ocrx_word' id='word_1_434' title='bbox 2194 1303 2360 1343; x_wconf 87' lang='lat' dir='ltr'><strong>cursu</strong></span> <span class='ocrx_word' id='word_1_435' title='bbox 2399 1303 2518 1344; x_wconf 90' lang='lat' dir='ltr'><strong>sese</strong></span> <span class='ocrx_word' id='word_1_436' title='bbox 2543 1289 2843 1360; x_wconf 82' lang='lat' dir='ltr'><strong>interponit</strong></span> <span class='ocrx_word' id='word_1_437' title='bbox 2868 1292 3093 1348; x_wconf 89' lang='lat' dir='ltr'><strong>minime</strong></span> <span class='ocrx_word' id='word_1_438' title='bbox 3117 1294 3376 1364; x_wconf 84' lang='lat' dir='ltr'><strong>admittit,</strong></span> <span class='ocrx_word' id='word_1_439' title='bbox 3401 1298 3470 1366; x_wconf 90' lang='lat' dir='ltr'><strong>is,</strong></span> 
     </span>
    </p>
   </div>
   <div class='ocr_carea' id='block_1_60' title="bbox 1892 1382 3470 1461">
    <p class='ocr_par' dir='ltr' id='par_1_60' title="bbox 1892 1382 3470 1461">
     <span class='ocr_line' id='line_1_60' title="bbox 1892 1382 3470 1461; baseline 0.008 -28"><span class='ocrx_word' id='word_1_440' title='bbox 1892 1395 2253 1450; x_wconf 88' lang='lat' dir='ltr'><strong>quascunque</strong></span> <span class='ocrx_word' id='word_1_441' title='bbox 2288 1396 2380 1435; x_wconf 91' lang='lat' dir='ltr'><strong>res</strong></span> <span class='ocrx_word' id='word_1_442' title='bbox 2425 1382 2664 1452; x_wconf 87' lang='lat' dir='ltr'><strong>agendas</strong></span> <span class='ocrx_word' id='word_1_443' title='bbox 2689 1387 3016 1455; x_wconf 81' lang='lat' dir='ltr'><strong>susceperit,</strong></span> <span class='ocrx_word' id='word_1_444' title='bbox 3055 1389 3284 1457; x_wconf 89' lang='lat' dir='ltr'><strong>optime,</strong></span> <span class='ocrx_word' id='word_1_445' title='bbox 3321 1392 3470 1461; x_wconf 91' lang='lat' dir='ltr'><strong>quod</strong></span> 
     </span>
    </p>
   </div>
   <div class='ocr_carea' id='block_1_61' title="bbox 1892 1465 3473 1553">
    <p class='ocr_par' dir='ltr' id='par_1_61' title="bbox 1892 1465 3473 1553">
     <span class='ocr_line' id='line_1_61' title="bbox 1892 1465 3473 1553; baseline 0.008 -27"><span class='ocrx_word' id='word_1_446' title='bbox 1892 1471 2000 1526; x_wconf 86' lang='lat' dir='ltr'><strong>sibi</strong></span> <span class='ocrx_word' id='word_1_447' title='bbox 2016 1471 2326 1541; x_wconf 80' lang='lat' dir='ltr'><strong>proposuit,</strong></span> <span class='ocrx_word' id='word_1_448' title='bbox 2350 1472 2619 1527; x_wconf 84' lang='lat' dir='ltr'><strong>absolvet.</strong></span> <span class='ocrx_word' id='word_1_449' title='bbox 2651 1465 2784 1530; x_wconf 84' lang='lat' dir='ltr'><strong>Esse</strong></span> <span class='ocrx_word' id='word_1_450' title='bbox 2815 1483 3002 1532; x_wconf 84' lang='lat' dir='ltr'><strong>autem</strong></span> <span class='ocrx_word' id='word_1_451' title='bbox 3020 1495 3123 1534; x_wconf 89' lang='lat' dir='ltr'><strong>nos</strong></span> <span class='ocrx_word' id='word_1_452' title='bbox 3150 1481 3285 1536; x_wconf 86' lang='lat' dir='ltr'><strong>tales</strong></span> <span class='ocrx_word' id='word_1_453' title='bbox 3309 1497 3473 1553; x_wconf 89' lang='lat' dir='ltr'><strong>opor-</strong></span> 
     </span>
    </p>
   </div>
   <div class='ocr_carea' id='block_1_62' title="bbox 1893 1557 3469 1628">
    <p class='ocr_par' dir='ltr' id='par_1_62' title="bbox 1893 1557 3469 1628">
     <span class='ocr_line' id='line_1_62' title="bbox 1893 1557 3469 1628; baseline 0.006 -12"><span class='ocrx_word' id='word_1_454' title='bbox 1893 1571 2051 1626; x_wconf 86' lang='lat' dir='ltr'><strong>tere,</strong></span> <span class='ocrx_word' id='word_1_455' title='bbox 2111 1563 2202 1617; x_wconf 87' lang='lat' dir='ltr'><strong>lex</strong></span> <span class='ocrx_word' id='word_1_456' title='bbox 2249 1562 2442 1618; x_wconf 87' lang='lat' dir='ltr'><strong>eadem</strong></span> <span class='ocrx_word' id='word_1_457' title='bbox 2501 1579 2694 1620; x_wconf 89' lang='lat' dir='ltr'><strong>rursus</strong></span> <span class='ocrx_word' id='word_1_458' title='bbox 2727 1557 2994 1622; x_wconf 83' lang='lat' dir='ltr'><strong>indicavit</strong></span> <span class='ocrx_word' id='word_1_459' title='bbox 3042 1569 3317 1626; x_wconf 85' lang='lat' dir='ltr'><strong>clamans:</strong></span> <span class='ocrx_word' id='word_1_460' title='bbox 3371 1571 3469 1628; x_wconf 71' lang='lat' dir='ltr'><strong>«Si</strong></span> 
     </span>
    </p>
   </div>
   <div class='ocr_carea' id='block_1_63' title="bbox 1891 1639 3470 1724">
    <p class='ocr_par' dir='ltr' id='par_1_63' title="bbox 1891 1639 3470 1724">
     <span class='ocr_line' id='line_1_63' title="bbox 1891 1639 3470 1724; baseline 0.009 -20"><span class='ocrx_word' id='word_1_461' title='bbox 1891 1650 2249 1708; x_wconf 63' lang='lat' dir='ltr'><strong>aedificaveris</strong></span> <span class='ocrx_word' id='word_1_462' title='bbox 2291 1639 2516 1709; x_wconf 88' lang='lat' dir='ltr'><strong>domum</strong></span> <span class='ocrx_word' id='word_1_463' title='bbox 2573 1671 2806 1724; x_wconf 87' lang='lat' dir='ltr'><strong>novam,</strong></span> <span class='ocrx_word' id='word_1_464' title='bbox 2857 1657 3026 1715; x_wconf 83' lang='lat' dir='ltr'><strong>facies</strong></span> <span class='ocrx_word' id='word_1_465' title='bbox 3080 1675 3340 1716; x_wconf 87' lang='lat' dir='ltr'><strong>coronam</strong></span> <span class='ocrx_word' id='word_1_466' title='bbox 3377 1678 3470 1718; x_wconf 38' lang='lat' dir='ltr'><strong>so.-</strong></span> 
     </span>
    </p>
   </div>
   <div class='ocr_carea' id='block_1_64' title="bbox 2310 1743 3468 1818">
    <p class='ocr_par' dir='ltr' id='par_1_64' title="bbox 2310 1743 3468 1818">
     <span class='ocr_line' id='line_1_64' title="bbox 2310 1743 3468 1818; baseline 0.011 -24"><span class='ocrx_word' id='word_1_467' title='bbox 2310 1748 2366 1795; x_wconf 90' lang='lat' dir='ltr'><strong>et</strong></span> <span class='ocrx_word' id='word_1_468' title='bbox 2408 1757 2519 1796; x_wconf 90' lang='lat' dir='ltr'><strong>non</strong></span> <span class='ocrx_word' id='word_1_469' title='bbox 2569 1743 2738 1800; x_wconf 81' lang='lat' dir='ltr'><strong>facies</strong></span> <span class='ocrx_word' id='word_1_470' title='bbox 2787 1743 2992 1802; x_wconf 68' lang='lat' dir='ltr'><strong>caedem</strong></span> <span class='ocrx_word' id='word_1_471' title='bbox 3037 1749 3094 1802; x_wconf 86' lang='lat' dir='ltr'><strong>in</strong></span> <span class='ocrx_word' id='word_1_472' title='bbox 3136 1749 3300 1805; x_wconf 88' lang='lat' dir='ltr'><strong>domo</strong></span> <span class='ocrx_word' id='word_1_473' title='bbox 3355 1758 3468 1818; x_wconf 88' lang='lat' dir='ltr'><strong>tua,</strong></span> 
     </span>
    </p>
   </div>
   <div class='ocr_carea' id='block_1_65' title="bbox 1895 1827 3475 1901">
    <p class='ocr_par' dir='ltr' id='par_1_65' title="bbox 1895 1827 3475 1901">
     <span class='ocr_line' id='line_1_65' title="bbox 1895 1827 3475 1901; baseline 0.012 -21"><span class='ocrx_word' id='word_1_474' title='bbox 1895 1827 1942 1881; x_wconf 92' lang='lat' dir='ltr'><strong>si</strong></span> <span class='ocrx_word' id='word_1_475' title='bbox 1996 1827 2270 1898; x_wconf 89' lang='lat' dir='ltr'><strong>quispiam</strong></span> <span class='ocrx_word' id='word_1_476' title='bbox 2340 1831 2590 1888; x_wconf 89' lang='lat' dir='ltr'><strong>cadendo</strong></span> <span class='ocrx_word' id='word_1_477' title='bbox 2655 1835 2921 1892; x_wconf 81' lang='lat' dir='ltr'><strong>ceciderit</strong></span> <span class='ocrx_word' id='word_1_478' title='bbox 2985 1834 3054 1895; x_wconf 88' lang='lat' dir='ltr'><strong>ab</strong></span> <span class='ocrx_word' id='word_1_479' title='bbox 3122 1854 3189 1897; x_wconf 86' lang='lat' dir='ltr'><strong>eo</strong></span> <span class='ocrx_word' id='word_1_480' title='bbox 3239 1843 3303 1897; x_wconf 83' lang='lat'><strong>&quot;.</strong></span> <span class='ocrx_word' id='word_1_481' title='bbox 3335 1861 3353 1894; x_wconf 78' lang='grc' dir='ltr'><strong>ι</strong></span> <span class='ocrx_word' id='word_1_482' title='bbox 3401 1843 3475 1901; x_wconf 90' lang='lat' dir='ltr'><strong>Ut</strong></span> 
     </span>
    </p>
   </div>
   <div class='ocr_carea' id='block_1_66' title="bbox 1895 1919 3472 2006">
    <p class='ocr_par' dir='ltr' id='par_1_66' title="bbox 1895 1919 3472 2006">
     <span class='ocr_line' id='line_1_66' title="bbox 1895 1919 3472 2006; baseline 0.011 -34"><span class='ocrx_word' id='word_1_483' title='bbox 1895 1919 2044 1974; x_wconf 88' lang='lat' dir='ltr'><strong>enim</strong></span> <span class='ocrx_word' id='word_1_484' title='bbox 2110 1921 2308 1978; x_wconf 90' lang='lat' dir='ltr'><strong>domus</strong></span> <span class='ocrx_word' id='word_1_485' title='bbox 2377 1939 2585 1980; x_wconf 89' lang='lat' dir='ltr'><strong>corona</strong></span> <span class='ocrx_word' id='word_1_486' title='bbox 2649 1936 2881 1995; x_wconf 87' lang='lat' dir='ltr'><strong>carens,</strong></span> <span class='ocrx_word' id='word_1_487' title='bbox 2945 1939 3004 1985; x_wconf 91' lang='lat' dir='ltr'><strong>et</strong></span> <span class='ocrx_word' id='word_1_488' title='bbox 3058 1931 3292 2006; x_wconf 79' lang='lat' dir='ltr'><strong>fastigiis</strong></span> <span class='ocrx_word' id='word_1_489' title='bbox 3362 1951 3472 1990; x_wconf 87' lang='lat' dir='ltr'><strong>non</strong></span> 
     </span>
    </p>
   </div>
   <div class='ocr_carea' id='block_1_67' title="bbox 1896 2007 3473 2098">
    <p class='ocr_par' dir='ltr' id='par_1_67' title="bbox 1896 2007 3473 2098">
     <span class='ocr_line' id='line_1_67' title="bbox 1896 2007 3473 2098; baseline 0.011 -32"><span class='ocrx_word' id='word_1_490' title='bbox 1896 2013 2208 2084; x_wconf 89' lang='lat' dir='ltr'><strong>impositis,</strong></span> <span class='ocrx_word' id='word_1_491' title='bbox 2254 2007 2516 2074; x_wconf 76' lang='lat' dir='ltr'><strong>deformis</strong></span> <span class='ocrx_word' id='word_1_492' title='bbox 2581 2019 2707 2088; x_wconf 86' lang='lat' dir='ltr'><strong>est;</strong></span> <span class='ocrx_word' id='word_1_493' title='bbox 2764 2022 2845 2077; x_wconf 89' lang='lat' dir='ltr'><strong>sic</strong></span> <span class='ocrx_word' id='word_1_494' title='bbox 2899 2023 3087 2078; x_wconf 87' lang='lat' dir='ltr'><strong>itidem</strong></span> <span class='ocrx_word' id='word_1_495' title='bbox 3155 2027 3318 2098; x_wconf 73' lang='lat'><strong>285</strong></span> <span class='ocrx_word' id='word_1_496' title='bbox 3371 2030 3473 2083; x_wconf 85' lang='lat' dir='ltr'><strong>ab-</strong></span> 
     </span>
    </p>
   </div>
   <div class='ocr_carea' id='block_1_68' title="bbox 1896 2108 3471 2186">
    <p class='ocr_par' dir='ltr' id='par_1_68' title="bbox 1896 2108 3471 2186">
     <span class='ocr_line' id='line_1_68' title="bbox 1896 2108 3471 2186; baseline 0.006 -23"><span class='ocrx_word' id='word_1_497' title='bbox 1896 2108 2124 2163; x_wconf 89' lang='lat' dir='ltr'><strong>surdum</strong></span> <span class='ocrx_word' id='word_1_498' title='bbox 2175 2124 2306 2164; x_wconf 87' lang='lat' dir='ltr'><strong>sane</strong></span> <span class='ocrx_word' id='word_1_499' title='bbox 2355 2111 2440 2166; x_wconf 85' lang='lat' dir='ltr'><strong>est</strong></span> <span class='ocrx_word' id='word_1_500' title='bbox 2498 2125 2662 2167; x_wconf 87' lang='lat' dir='ltr'><strong>omne</strong></span> <span class='ocrx_word' id='word_1_501' title='bbox 2712 2122 2966 2169; x_wconf 90' lang='lat' dir='ltr'><strong>nostrum</strong></span> <span class='ocrx_word' id='word_1_502' title='bbox 3008 2131 3147 2186; x_wconf 90' lang='lat' dir='ltr'><strong>opus</strong></span> <span class='ocrx_word' id='word_1_503' title='bbox 3215 2117 3422 2172; x_wconf 89' lang='lat' dir='ltr'><strong>bonum</strong></span> <span class='ocrx_word' id='word_1_504' title='bbox 3453 2158 3471 2184; x_wconf 87' lang='lat'><strong>,</strong></span> 
     </span>
    </p>
   </div>
   <div class='ocr_carea' id='block_1_69' title="bbox 1896 2193 3476 2279">
    <p class='ocr_par' dir='ltr' id='par_1_69' title="bbox 1896 2193 3476 2279">
     <span class='ocr_line' id='line_1_69' title="bbox 1896 2193 3476 2279; baseline 0.008 -26"><span class='ocrx_word' id='word_1_505' title='bbox 1896 2201 2003 2254; x_wconf 90' lang='lat' dir='ltr'><strong>nisi</strong></span> <span class='ocrx_word' id='word_1_506' title='bbox 2033 2201 2100 2255; x_wconf 90' lang='lat' dir='ltr'><strong>ad</strong></span> <span class='ocrx_word' id='word_1_507' title='bbox 2131 2197 2295 2257; x_wconf 79' lang='lat' dir='ltr'><strong>finem</strong></span> <span class='ocrx_word' id='word_1_508' title='bbox 2327 2193 2431 2257; x_wconf 83' lang='lat' dir='ltr'><strong>sibi</strong></span> <span class='ocrx_word' id='word_1_509' title='bbox 2455 2204 2874 2259; x_wconf 87' lang='lat' dir='ltr'><strong>convenientem</strong></span> <span class='ocrx_word' id='word_1_510' title='bbox 2895 2207 3264 2276; x_wconf 85' lang='lat' dir='ltr'><strong>perducatur;</strong></span> <span class='ocrx_word' id='word_1_511' title='bbox 3292 2224 3476 2279; x_wconf 85' lang='lat' dir='ltr'><strong>neque</strong></span> 
     </span>
    </p>
   </div>
   <div class='ocr_carea' id='block_1_70' title="bbox 1897 2284 3476 2373">
    <p class='ocr_par' dir='ltr' id='par_1_70' title="bbox 1897 2284 3476 2373">
     <span class='ocr_line' id='line_1_70' title="bbox 1897 2284 3476 2373; baseline 0.007 -27"><span class='ocrx_word' id='word_1_512' title='bbox 1897 2308 2030 2348; x_wconf 89' lang='lat' dir='ltr'><strong>vero</strong></span> <span class='ocrx_word' id='word_1_513' title='bbox 2068 2293 2172 2349; x_wconf 88' lang='lat' dir='ltr'><strong>bac</strong></span> <span class='ocrx_word' id='word_1_514' title='bbox 2213 2284 2269 2348; x_wconf 83' lang='lat' dir='ltr'><strong>in</strong></span> <span class='ocrx_word' id='word_1_515' title='bbox 2307 2311 2369 2350; x_wconf 91' lang='lat' dir='ltr'><strong>re</strong></span> <span class='ocrx_word' id='word_1_516' title='bbox 2397 2296 2614 2367; x_wconf 84' lang='lat' dir='ltr'><strong>jactura</strong></span> <span class='ocrx_word' id='word_1_517' title='bbox 2661 2297 2946 2364; x_wconf 86' lang='lat' dir='ltr'><strong>consistet,</strong></span> <span class='ocrx_word' id='word_1_518' title='bbox 2989 2299 3088 2354; x_wconf 88' lang='lat' dir='ltr'><strong>sed</strong></span> <span class='ocrx_word' id='word_1_519' title='bbox 3135 2301 3476 2373; x_wconf 78' lang='lat' dir='ltr'><strong>negligentes</strong></span> 
     </span>
    </p>
   </div>
   <div class='ocr_carea' id='block_1_71' title="bbox 1896 2385 3475 2464">
    <p class='ocr_par' dir='ltr' id='par_1_71' title="bbox 1896 2385 3475 2464">
     <span class='ocr_line' id='line_1_71' title="bbox 1896 2385 3475 2464; baseline 0.007 -24"><span class='ocrx_word' id='word_1_520' title='bbox 1896 2385 2063 2440; x_wconf 85' lang='lat' dir='ltr'><strong>etiam</strong></span> <span class='ocrx_word' id='word_1_521' title='bbox 2093 2385 2402 2456; x_wconf 86' lang='lat' dir='ltr'><strong>periculum</strong></span> <span class='ocrx_word' id='word_1_522' title='bbox 2434 2398 2806 2459; x_wconf 88' lang='lat' dir='ltr'><strong>consequetur</strong></span> <span class='ocrx_word' id='word_1_523' title='bbox 2838 2408 2852 2444; x_wconf 89' lang='lat'><strong>:</strong></span> <span class='ocrx_word' id='word_1_524' title='bbox 2885 2390 2990 2446; x_wconf 89' lang='lat' dir='ltr'><strong>hoc</strong></span> <span class='ocrx_word' id='word_1_525' title='bbox 3015 2392 3165 2446; x_wconf 90' lang='lat' dir='ltr'><strong>enim</strong></span> <span class='ocrx_word' id='word_1_526' title='bbox 3205 2401 3311 2457; x_wconf 87' lang='lat' dir='ltr'><strong>est,</strong></span> <span class='ocrx_word' id='word_1_527' title='bbox 3350 2395 3475 2464; x_wconf 88' lang='lat' dir='ltr'><strong>opi—</strong></span> 
     </span>
    </p>
   </div>
   <div class='ocr_carea' id='block_1_72' title="bbox 1897 2477 3472 2555">
    <p class='ocr_par' dir='ltr' id='par_1_72' title="bbox 1897 2477 3472 2555">
     <span class='ocr_line' id='line_1_72' title="bbox 1897 2477 3472 2555; baseline 0.006 -25"><span class='ocrx_word' id='word_1_528' title='bbox 1897 2491 2019 2542; x_wconf 91' lang='lat' dir='ltr'><strong>nor,</strong></span> <span class='ocrx_word' id='word_1_529' title='bbox 2047 2477 2158 2532; x_wconf 88' lang='lat' dir='ltr'><strong>labi</strong></span> <span class='ocrx_word' id='word_1_530' title='bbox 2187 2477 2429 2549; x_wconf 88' lang='lat' dir='ltr'><strong>aliquem</strong></span> <span class='ocrx_word' id='word_1_531' title='bbox 2459 2495 2528 2533; x_wconf 91' lang='lat' dir='ltr'><strong>ex</strong></span> <span class='ocrx_word' id='word_1_532' title='bbox 2561 2479 2746 2535; x_wconf 89' lang='lat' dir='ltr'><strong>domo.</strong></span> <span class='ocrx_word' id='word_1_533' title='bbox 2789 2499 2808 2531; x_wconf 75' lang='grc' dir='ltr'><strong>ι</strong></span> <span class='ocrx_word' id='word_1_534' title='bbox 2851 2482 2943 2537; x_wconf 61' lang='lat' dir='ltr'><strong>Vae</strong></span> <span class='ocrx_word' id='word_1_535' title='bbox 2979 2483 3150 2548; x_wconf 91' lang='lat' dir='ltr'><strong>enim,</strong></span> <span class='ocrx_word' id='word_1_536' title='bbox 3192 2503 3209 2535; x_wconf 82' lang='grc'><strong>›</strong></span> <span class='ocrx_word' id='word_1_537' title='bbox 3271 2484 3472 2555; x_wconf 89' lang='lat' dir='ltr'><strong>inquit,</strong></span> 
     </span>
    </p>
   </div>
   <div class='ocr_carea' id='block_1_73' title="bbox 1905 2567 3477 2646">
    <p class='ocr_par' dir='ltr' id='par_1_73' title="bbox 1905 2567 3477 2646">
     <span class='ocr_line' id='line_1_73' title="bbox 1905 2567 3477 2646; baseline 0.008 -28"><span class='ocrx_word' id='word_1_538' title='bbox 1905 2585 1924 2618; x_wconf 71' lang='grc' dir='ltr'><strong>ι</strong></span> <span class='ocrx_word' id='word_1_539' title='bbox 1957 2569 2050 2636; x_wconf 87' lang='lat' dir='ltr'><strong>qui</strong></span> <span class='ocrx_word' id='word_1_540' title='bbox 2075 2567 2258 2624; x_wconf 87' lang='lat' dir='ltr'><strong>facitis</strong></span> <span class='ocrx_word' id='word_1_541' title='bbox 2299 2586 2437 2640; x_wconf 91' lang='lat' dir='ltr'><strong>opus</strong></span> <span class='ocrx_word' id='word_1_542' title='bbox 2458 2571 2556 2626; x_wconf 91' lang='lat' dir='ltr'><strong>Dei</strong></span> <span class='ocrx_word' id='word_1_543' title='bbox 2597 2572 2941 2643; x_wconf 83' lang='lat' dir='ltr'><strong>negligenter</strong></span> <span class='ocrx_word' id='word_1_544' title='bbox 2959 2573 3024 2628; x_wconf 77' lang='lat'><strong>“.</strong></span> <span class='ocrx_word' id='word_1_545' title='bbox 3068 2595 3087 2626; x_wconf 74' lang='grc' dir='ltr'><strong>ι</strong></span> <span class='ocrx_word' id='word_1_546' title='bbox 3120 2573 3477 2646; x_wconf 87' lang='lat' dir='ltr'><strong>Quampluri-</strong></span> 
     </span>
    </p>
   </div>
   <div class='ocr_carea' id='block_1_74' title="bbox 1897 2659 3476 2740">
    <p class='ocr_par' dir='ltr' id='par_1_74' title="bbox 1897 2659 3476 2740">
     <span class='ocr_line' id='line_1_74' title="bbox 1897 2659 3476 2740; baseline 0.006 -27"><span class='ocrx_word' id='word_1_547' title='bbox 1897 2659 2003 2715; x_wconf 91' lang='lat' dir='ltr'><strong>mis</strong></span> <span class='ocrx_word' id='word_1_548' title='bbox 2039 2659 2208 2731; x_wconf 86' lang='lat' dir='ltr'><strong>igitur</strong></span> <span class='ocrx_word' id='word_1_549' title='bbox 2240 2662 2348 2716; x_wconf 90' lang='lat' dir='ltr'><strong>viis</strong></span> <span class='ocrx_word' id='word_1_550' title='bbox 2382 2663 2471 2717; x_wconf 90' lang='lat' dir='ltr'><strong>lex</strong></span> <span class='ocrx_word' id='word_1_551' title='bbox 2508 2662 2578 2717; x_wconf 89' lang='lat' dir='ltr'><strong>ad</strong></span> <span class='ocrx_word' id='word_1_552' title='bbox 2615 2663 2671 2718; x_wconf 91' lang='lat' dir='ltr'><strong>id</strong></span> <span class='ocrx_word' id='word_1_553' title='bbox 2729 2663 2876 2734; x_wconf 88' lang='lat' dir='ltr'><strong>quod</strong></span> <span class='ocrx_word' id='word_1_554' title='bbox 2919 2666 3163 2736; x_wconf 88' lang='lat' dir='ltr'><strong>expedit,</strong></span> <span class='ocrx_word' id='word_1_555' title='bbox 3201 2683 3303 2722; x_wconf 91' lang='lat' dir='ltr'><strong>nos</strong></span> <span class='ocrx_word' id='word_1_556' title='bbox 3345 2685 3476 2740; x_wconf 83' lang='lat' dir='ltr'><strong>per-</strong></span> 
     </span>
    </p>
   </div>
   <div class='ocr_carea' id='block_1_75' title="bbox 1897 2749 3476 2830">
    <p class='ocr_par' dir='ltr' id='par_1_75' title="bbox 1897 2749 3476 2830">
     <span class='ocr_line' id='line_1_75' title="bbox 1897 2749 3476 2830; baseline 0.006 -24"><span class='ocrx_word' id='word_1_557' title='bbox 1897 2749 2053 2807; x_wconf 92' lang='lat' dir='ltr'><strong>ducit</strong></span> <span class='ocrx_word' id='word_1_558' title='bbox 2079 2770 2093 2805; x_wconf 92' lang='lat'><strong>:</strong></span> <span class='ocrx_word' id='word_1_559' title='bbox 2118 2761 2175 2808; x_wconf 91' lang='lat' dir='ltr'><strong>et</strong></span> <span class='ocrx_word' id='word_1_560' title='bbox 2213 2769 2396 2809; x_wconf 90' lang='lat' dir='ltr'><strong>escam</strong></span> <span class='ocrx_word' id='word_1_561' title='bbox 2428 2755 2651 2824; x_wconf 88' lang='lat' dir='ltr'><strong>quidem</strong></span> <span class='ocrx_word' id='word_1_562' title='bbox 2690 2757 2936 2812; x_wconf 90' lang='lat' dir='ltr'><strong>nondum</strong></span> <span class='ocrx_word' id='word_1_563' title='bbox 2975 2757 3204 2830; x_wconf 89' lang='lat' dir='ltr'><strong>apponit</strong></span> <span class='ocrx_word' id='word_1_564' title='bbox 3231 2760 3353 2816; x_wconf 87' lang='lat' dir='ltr'><strong>viro</strong></span> <span class='ocrx_word' id='word_1_565' title='bbox 3388 2757 3476 2816; x_wconf 77' lang='lat' dir='ltr'><strong>di~</strong></span> 
     </span>
    </p>
   </div>
   <div class='ocr_carea' id='block_1_76' title="bbox 1898 2844 3478 2922">
    <p class='ocr_par' dir='ltr' id='par_1_76' title="bbox 1898 2844 3478 2922">
     <span class='ocr_line' id='line_1_76' title="bbox 1898 2844 3478 2922; baseline 0.008 -27"><span class='ocrx_word' id='word_1_566' title='bbox 1898 2857 2058 2912; x_wconf 85' lang='lat' dir='ltr'><strong>gnam</strong></span> <span class='ocrx_word' id='word_1_567' title='bbox 2085 2847 2142 2897; x_wconf 86' lang='lat' dir='ltr'><strong>et</strong></span> <span class='ocrx_word' id='word_1_568' title='bbox 2177 2844 2430 2908; x_wconf 87' lang='lat' dir='ltr'><strong>solidam,</strong></span> <span class='ocrx_word' id='word_1_569' title='bbox 2477 2846 2574 2900; x_wconf 89' lang='lat' dir='ltr'><strong>sed</strong></span> <span class='ocrx_word' id='word_1_570' title='bbox 2605 2846 2746 2902; x_wconf 92' lang='lat' dir='ltr'><strong>lacte</strong></span> <span class='ocrx_word' id='word_1_571' title='bbox 2779 2849 3184 2918; x_wconf 89' lang='lat' dir='ltr'><strong>quodammodo</strong></span> <span class='ocrx_word' id='word_1_572' title='bbox 3218 2859 3478 2922; x_wconf 87' lang='lat' dir='ltr'><strong>tanquam</strong></span> 
     </span>
    </p>
   </div>
   <div class='ocr_carea' id='block_1_77' title="bbox 1897 2929 3477 3013">
    <p class='ocr_par' dir='ltr' id='par_1_77' title="bbox 1897 2929 3477 3013">
     <span class='ocr_line' id='line_1_77' title="bbox 1897 2929 3477 3013; baseline 0.008 -27"><span class='ocrx_word' id='word_1_573' title='bbox 1897 2929 2080 2988; x_wconf 90' lang='lat' dir='ltr'><strong>adhuc</strong></span> <span class='ocrx_word' id='word_1_574' title='bbox 2105 2933 2362 3001; x_wconf 84' lang='lat' dir='ltr'><strong>infantes,</strong></span> <span class='ocrx_word' id='word_1_575' title='bbox 2399 2935 2652 2991; x_wconf 89' lang='lat' dir='ltr'><strong>homines</strong></span> <span class='ocrx_word' id='word_1_576' title='bbox 2688 2937 2816 2992; x_wconf 90' lang='lat' dir='ltr'><strong>illos</strong></span> <span class='ocrx_word' id='word_1_577' title='bbox 2843 2941 3063 2995; x_wconf 87' lang='lat' dir='ltr'><strong>veteres</strong></span> <span class='ocrx_word' id='word_1_578' title='bbox 3102 2943 3299 3006; x_wconf 91' lang='lat' dir='ltr'><strong>nutrit,</strong></span> <span class='ocrx_word' id='word_1_579' title='bbox 3339 2958 3477 3013; x_wconf 86' lang='lat' dir='ltr'><strong>pau-</strong></span> 
     </span>
    </p>
   </div>
   <div class='ocr_carea' id='block_1_78' title="bbox 1899 3021 3477 3098">
    <p class='ocr_par' dir='ltr' id='par_1_78' title="bbox 1899 3021 3477 3098">
     <span class='ocr_line' id='line_1_78' title="bbox 1899 3021 3477 3098; baseline 0.008 -23"><span class='ocrx_word' id='word_1_580' title='bbox 1899 3021 2052 3076; x_wconf 89' lang='lat' dir='ltr'><strong>latim</strong></span> <span class='ocrx_word' id='word_1_581' title='bbox 2079 3024 2390 3094; x_wconf 88' lang='lat' dir='ltr'><strong>provehens</strong></span> <span class='ocrx_word' id='word_1_582' title='bbox 2415 3025 2483 3081; x_wconf 91' lang='lat' dir='ltr'><strong>ad</strong></span> <span class='ocrx_word' id='word_1_583' title='bbox 2522 3025 2731 3082; x_wconf 89' lang='lat' dir='ltr'><strong>Cbristi</strong></span> <span class='ocrx_word' id='word_1_584' title='bbox 2757 3029 3100 3098; x_wconf 85' lang='lat' dir='ltr'><strong>mysterium.</strong></span> <span class='ocrx_word' id='word_1_585' title='bbox 3132 3031 3266 3086; x_wconf 89' lang='lat' dir='ltr'><strong>Esse</strong></span> <span class='ocrx_word' id='word_1_586' title='bbox 3294 3040 3477 3088; x_wconf 90' lang='lat' dir='ltr'><strong>autem</strong></span> 
     </span>
    </p>
   </div>
   <div class='ocr_carea' id='block_1_79' title="bbox 1821 3088 3478 3190">
    <p class='ocr_par' dir='ltr' id='par_1_79' title="bbox 1821 3088 3478 3190">
     <span class='ocr_line' id='line_1_79' title="bbox 1821 3088 3478 3190; baseline 0.007 -26"><span class='ocrx_word' id='word_1_587' title='bbox 1821 3088 1862 3147; x_wconf 78' lang='lat' dir='ltr'><strong>C</strong></span> <span class='ocrx_word' id='word_1_588' title='bbox 1894 3088 2470 3181; x_wconf 48' lang='lat' dir='ltr'><strong>legem—spiritualem,</strong></span> <span class='ocrx_word' id='word_1_589' title='bbox 2498 3123 2574 3180; x_wconf 91' lang='lat' dir='ltr'><strong>et,</strong></span> <span class='ocrx_word' id='word_1_590' title='bbox 2613 3113 2759 3184; x_wconf 92' lang='lat' dir='ltr'><strong>quod</strong></span> <span class='ocrx_word' id='word_1_591' title='bbox 2794 3088 2863 3169; x_wconf 68' lang='lat' dir='ltr'><strong>ad</strong></span> <span class='ocrx_word' id='word_1_592' title='bbox 2904 3115 3155 3172; x_wconf 87' lang='lat' dir='ltr'><strong>umbram</strong></span> <span class='ocrx_word' id='word_1_593' title='bbox 3188 3127 3245 3174; x_wconf 88' lang='lat' dir='ltr'><strong>et</strong></span> <span class='ocrx_word' id='word_1_594' title='bbox 3276 3120 3478 3190; x_wconf 85' lang='lat' dir='ltr'><strong>ﬁguras</strong></span> 
     </span>
    </p>
   </div>
   <div class='ocr_carea' id='block_1_80' title="bbox 1894 3200 3479 3280">
    <p class='ocr_par' dir='ltr' id='par_1_80' title="bbox 1894 3200 3479 3280">
     <span class='ocr_line' id='line_1_80' title="bbox 1894 3200 3479 3280; baseline 0.008 -25"><span class='ocrx_word' id='word_1_595' title='bbox 1894 3202 2112 3266; x_wconf 88' lang='lat' dir='ltr'><strong>attinet,</strong></span> <span class='ocrx_word' id='word_1_596' title='bbox 2141 3203 2546 3272; x_wconf 87' lang='lat' dir='ltr'><strong>quodammodo</strong></span> <span class='ocrx_word' id='word_1_597' title='bbox 2594 3200 2741 3260; x_wconf 87' lang='lat' dir='ltr'><strong>haud</strong></span> <span class='ocrx_word' id='word_1_598' title='bbox 2790 3208 3150 3274; x_wconf 83' lang='lat' dir='ltr'><strong>esculentam,</strong></span> <span class='ocrx_word' id='word_1_599' title='bbox 3197 3224 3376 3280; x_wconf 91' lang='lat' dir='ltr'><strong>neque</strong></span> <span class='ocrx_word' id='word_1_600' title='bbox 3408 3214 3479 3268; x_wconf 91' lang='lat' dir='ltr'><strong>ad</strong></span> 
     </span>
    </p>
   </div>
   <div class='ocr_carea' id='block_1_81' title="bbox 1895 3293 3476 3370">
    <p class='ocr_par' dir='ltr' id='par_1_81' title="bbox 1895 3293 3476 3370">
     <span class='ocr_line' id='line_1_81' title="bbox 1895 3293 3476 3370; baseline 0.007 -22"><span class='ocrx_word' id='word_1_601' title='bbox 1895 3293 2239 3363; x_wconf 82' lang='lat' dir='ltr'><strong>Spiritualem</strong></span> <span class='ocrx_word' id='word_1_602' title='bbox 2289 3295 2475 3350; x_wconf 92' lang='lat' dir='ltr'><strong>cibum</strong></span> <span class='ocrx_word' id='word_1_603' title='bbox 2510 3297 2735 3364; x_wconf 90' lang='lat' dir='ltr'><strong>utilem;</strong></span> <span class='ocrx_word' id='word_1_604' title='bbox 2789 3299 3060 3369; x_wconf 89' lang='lat' dir='ltr'><strong>ejusmodi</strong></span> <span class='ocrx_word' id='word_1_605' title='bbox 3106 3311 3288 3356; x_wconf 89' lang='lat' dir='ltr'><strong>autem</strong></span> <span class='ocrx_word' id='word_1_606' title='bbox 3335 3303 3476 3370; x_wconf 89' lang='lat' dir='ltr'><strong>fore,</strong></span> 
     </span>
    </p>
   </div>
   <div class='ocr_carea' id='block_1_82' title="bbox 1895 3385 3478 3461">
    <p class='ocr_par' dir='ltr' id='par_1_82' title="bbox 1895 3385 3478 3461">
     <span class='ocr_line' id='line_1_82' title="bbox 1895 3385 3478 3461; baseline 0.008 -22"><span class='ocrx_word' id='word_1_607' title='bbox 1895 3385 1943 3439; x_wconf 88' lang='lat' dir='ltr'><strong>si</strong></span> <span class='ocrx_word' id='word_1_608' title='bbox 1979 3387 2048 3439; x_wconf 90' lang='lat' dir='ltr'><strong>ad</strong></span> <span class='ocrx_word' id='word_1_609' title='bbox 2076 3387 2596 3456; x_wconf 83' lang='lat' dir='ltr'><strong>contemplationem</strong></span> <span class='ocrx_word' id='word_1_610' title='bbox 2627 3391 3022 3461; x_wconf 87' lang='lat' dir='ltr'><strong>evangelicam,</strong></span> <span class='ocrx_word' id='word_1_611' title='bbox 3069 3399 3126 3448; x_wconf 90' lang='lat' dir='ltr'><strong>et</strong></span> <span class='ocrx_word' id='word_1_612' title='bbox 3169 3393 3237 3447; x_wconf 91' lang='lat' dir='ltr'><strong>ad</strong></span> <span class='ocrx_word' id='word_1_613' title='bbox 3271 3393 3478 3451; x_wconf 88' lang='lat' dir='ltr'><strong>Christi</strong></span> 
     </span>
    </p>
   </div>
   <div class='ocr_carea' id='block_1_83' title="bbox 1897 3477 3476 3556">
    <p class='ocr_par' dir='ltr' id='par_1_83' title="bbox 1897 3477 3476 3556">
     <span class='ocr_line' id='line_1_83' title="bbox 1897 3477 3476 3556; baseline 0.009 -27"><span class='ocrx_word' id='word_1_614' title='bbox 1897 3477 2217 3548; x_wconf 89' lang='lat' dir='ltr'><strong>mysterium</strong></span> <span class='ocrx_word' id='word_1_615' title='bbox 2266 3477 2653 3547; x_wconf 89' lang='lat' dir='ltr'><strong>transferatur,</strong></span> <span class='ocrx_word' id='word_1_616' title='bbox 2685 3489 2874 3551; x_wconf 88' lang='lat' dir='ltr'><strong>aperte</strong></span> <span class='ocrx_word' id='word_1_617' title='bbox 2904 3481 3196 3556; x_wconf 82' lang='lat' dir='ltr'><strong>intelliges,</strong></span> <span class='ocrx_word' id='word_1_618' title='bbox 3243 3502 3369 3541; x_wconf 92' lang='lat' dir='ltr'><strong>cum</strong></span> <span class='ocrx_word' id='word_1_619' title='bbox 3407 3495 3476 3550; x_wconf 76' lang='lat' dir='ltr'><strong>ad</strong></span> 
     </span>
    </p>
   </div>
   <div class='ocr_carea' id='block_1_84' title="bbox 1896 3567 3482 3647">
    <p class='ocr_par' dir='ltr' id='par_1_84' title="bbox 1896 3567 3482 3647">
     <span class='ocr_line' id='line_1_84' title="bbox 1896 3567 3482 3647; baseline 0.008 -25"><span class='ocrx_word' id='word_1_620' title='bbox 1896 3567 2045 3623; x_wconf 91' lang='lat' dir='ltr'><strong>hunc</strong></span> <span class='ocrx_word' id='word_1_621' title='bbox 2066 3568 2291 3624; x_wconf 89' lang='lat' dir='ltr'><strong>modum</strong></span> <span class='ocrx_word' id='word_1_622' title='bbox 2326 3569 2418 3625; x_wconf 90' lang='lat' dir='ltr'><strong>ille</strong></span> <span class='ocrx_word' id='word_1_623' title='bbox 2445 3571 2883 3641; x_wconf 89' lang='lat' dir='ltr'><strong>sapientissimus</strong></span> <span class='ocrx_word' id='word_1_624' title='bbox 2905 3575 3117 3647; x_wconf 81' lang='lat' dir='ltr'><strong>Moyses</strong></span> <span class='ocrx_word' id='word_1_625' title='bbox 3149 3577 3218 3632; x_wconf 83' lang='lat' dir='ltr'><strong>de</strong></span> <span class='ocrx_word' id='word_1_626' title='bbox 3246 3589 3310 3634; x_wconf 87' lang='lat' dir='ltr'><strong>ea</strong></span> <span class='ocrx_word' id='word_1_627' title='bbox 3339 3579 3482 3634; x_wconf 72' lang='lat' dir='ltr'><strong>scri—</strong></span> 
     </span>
    </p>
   </div>
   <div class='ocr_carea' id='block_1_85' title="bbox 1894 3658 3478 3742">
    <p class='ocr_par' dir='ltr' id='par_1_85' title="bbox 1894 3658 3478 3742">
     <span class='ocr_line' id='line_1_85' title="bbox 1894 3658 3478 3742; baseline 0.006 -28"><span class='ocrx_word' id='word_1_628' title='bbox 1894 3659 2089 3729; x_wconf 87' lang='lat' dir='ltr'><strong>pserit.</strong></span> <span class='ocrx_word' id='word_1_629' title='bbox 2124 3658 2215 3714; x_wconf 83' lang='lat' dir='ltr'><strong>Ait</strong></span> <span class='ocrx_word' id='word_1_630' title='bbox 2249 3660 2400 3716; x_wconf 90' lang='lat' dir='ltr'><strong>enim</strong></span> <span class='ocrx_word' id='word_1_631' title='bbox 2424 3661 2482 3717; x_wconf 92' lang='lat' dir='ltr'><strong>in</strong></span> <span class='ocrx_word' id='word_1_632' title='bbox 2508 3661 2758 3719; x_wconf 87' lang='lat' dir='ltr'><strong>Levitico</strong></span> <span class='ocrx_word' id='word_1_633' title='bbox 2793 3682 2805 3718; x_wconf 92' lang='lat'>:</span> <span class='ocrx_word' id='word_1_634' title='bbox 2852 3684 2870 3716; x_wconf 68' lang='grc'><strong>(</strong></span> <span class='ocrx_word' id='word_1_635' title='bbox 2913 3665 3053 3722; x_wconf 91' lang='lat' dir='ltr'><strong>Cum</strong></span> <span class='ocrx_word' id='word_1_636' title='bbox 3087 3684 3222 3723; x_wconf 87' lang='lat' dir='ltr'><strong>vero</strong></span> <span class='ocrx_word' id='word_1_637' title='bbox 3246 3669 3478 3742; x_wconf 82' lang='lat' dir='ltr'><strong>ingressi</strong></span> 
     </span>
    </p>
   </div>
   <div class='ocr_carea' id='block_1_86' title="bbox 1893 3739 3480 3827">
    <p class='ocr_par' dir='ltr' id='par_1_86' title="bbox 1893 3739 3480 3827">
     <span class='ocr_line' id='line_1_86' title="bbox 1893 3739 3480 3827; baseline 0.008 -21"><span class='ocrx_word' id='word_1_638' title='bbox 1893 3739 2113 3808; x_wconf 71' lang='lat' dir='ltr'><strong>fueritis</strong></span> <span class='ocrx_word' id='word_1_639' title='bbox 2154 3745 2212 3807; x_wconf 87' lang='lat' dir='ltr'><strong>in</strong></span> <span class='ocrx_word' id='word_1_640' title='bbox 2233 3751 2438 3809; x_wconf 83' lang='lat' dir='ltr'><strong>terram</strong></span> <span class='ocrx_word' id='word_1_641' title='bbox 2488 3770 2655 3827; x_wconf 87' lang='lat' dir='ltr'><strong>quam</strong></span> <span class='ocrx_word' id='word_1_642' title='bbox 2698 3756 2966 3814; x_wconf 89' lang='lat' dir='ltr'><strong>Dominus</strong></span> <span class='ocrx_word' id='word_1_643' title='bbox 3004 3758 3152 3815; x_wconf 87' lang='lat' dir='ltr'><strong>Deus</strong></span> <span class='ocrx_word' id='word_1_644' title='bbox 3206 3739 3336 3817; x_wconf 79' lang='lat' dir='ltr'><strong>tuus</strong></span> <span class='ocrx_word' id='word_1_645' title='bbox 3384 3761 3480 3817; x_wconf 86' lang='lat' dir='ltr'><strong>dat</strong></span> 
     </span>
    </p>
   </div>
   <div class='ocr_carea' id='block_1_87' title="bbox 1895 3842 3481 3919">
    <p class='ocr_par' dir='ltr' id='par_1_87' title="bbox 1895 3842 3481 3919">
     <span class='ocr_line' id='line_1_87' title="bbox 1895 3842 3481 3919; baseline 0.007 -23"><span class='ocrx_word' id='word_1_646' title='bbox 1895 3842 2074 3905; x_wconf 84' lang='lat' dir='ltr'><strong>vobis,</strong></span> <span class='ocrx_word' id='word_1_647' title='bbox 2101 3849 2155 3897; x_wconf 88' lang='lat' dir='ltr'><strong>et</strong></span> <span class='ocrx_word' id='word_1_648' title='bbox 2173 3844 2557 3914; x_wconf 55' lang='lat' dir='ltr'><strong>plantaveri’tis</strong></span> <span class='ocrx_word' id='word_1_649' title='bbox 2577 3861 2739 3902; x_wconf 89' lang='lat' dir='ltr'><strong>omne</strong></span> <span class='ocrx_word' id='word_1_650' title='bbox 2764 3843 2974 3919; x_wconf 84' lang='lat' dir='ltr'><strong>lignum</strong></span> <span class='ocrx_word' id='word_1_651' title='bbox 2996 3850 3361 3916; x_wconf 88' lang='lat' dir='ltr'><strong>esculentum,</strong></span> <span class='ocrx_word' id='word_1_652' title='bbox 3383 3866 3481 3906; x_wconf 84' lang='lat' dir='ltr'><strong>ex-</strong></span> 
     </span>
    </p>
   </div>
   <div class='ocr_carea' id='block_1_88' title="bbox 1893 3935 3478 4013">
    <p class='ocr_par' dir='ltr' id='par_1_88' title="bbox 1893 3935 3478 4013">
     <span class='ocr_line' id='line_1_88' title="bbox 1893 3935 3478 4013; baseline 0.006 -25"><span class='ocrx_word' id='word_1_653' title='bbox 1893 3935 2226 4006; x_wconf 76' lang='lat' dir='ltr'><strong>purgabitis,</strong></span> <span class='ocrx_word' id='word_1_654' title='bbox 2253 3936 2632 4008; x_wconf 90' lang='lat' dir='ltr'><strong>impuritatem</strong></span> <span class='ocrx_word' id='word_1_655' title='bbox 2679 3939 2826 4011; x_wconf 85' lang='lat' dir='ltr'><strong>ejus;</strong></span> <span class='ocrx_word' id='word_1_656' title='bbox 2882 3939 3096 3998; x_wconf 89' lang='lat' dir='ltr'><strong>fructus</strong></span> <span class='ocrx_word' id='word_1_657' title='bbox 3141 3942 3262 4013; x_wconf 90' lang='lat' dir='ltr'><strong>ejus</strong></span> <span class='ocrx_word' id='word_1_658' title='bbox 3300 3943 3478 3998; x_wconf 91' lang='lat' dir='ltr'><strong>tribus</strong></span> 
     </span>
    </p>
   </div>
   <div class='ocr_carea' id='block_1_89' title="bbox 1895 4027 3480 4102">
    <p class='ocr_par' dir='ltr' id='par_1_89' title="bbox 1895 4027 3480 4102">
     <span class='ocr_line' id='line_1_89' title="bbox 1895 4027 3480 4102; baseline 0.008 -22"><span class='ocrx_word' id='word_1_659' title='bbox 1895 4027 2056 4084; x_wconf 89' lang='lat' dir='ltr'><strong>annis</strong></span> <span class='ocrx_word' id='word_1_660' title='bbox 2110 4028 2220 4082; x_wconf 90' lang='lat' dir='ltr'><strong>erit</strong></span> <span class='ocrx_word' id='word_1_661' title='bbox 2263 4030 2421 4086; x_wconf 88' lang='lat' dir='ltr'><strong>vobis</strong></span> <span class='ocrx_word' id='word_1_662' title='bbox 2468 4030 2832 4086; x_wconf 89' lang='lat' dir='ltr'><strong>immundus:</strong></span> <span class='ocrx_word' id='word_1_663' title='bbox 2868 4049 2980 4088; x_wconf 82' lang='lat' dir='ltr'><strong>non</strong></span> <span class='ocrx_word' id='word_1_664' title='bbox 3016 4037 3374 4102; x_wconf 88' lang='lat' dir='ltr'><strong>comedetur;</strong></span> <span class='ocrx_word' id='word_1_665' title='bbox 3419 4046 3480 4092; x_wconf 87' lang='lat' dir='ltr'><strong>et</strong></span> 
     </span>
    </p>
   </div>
   <div class='ocr_carea' id='block_1_90' title="bbox 1895 4121 3474 4195">
    <p class='ocr_par' dir='ltr' id='par_1_90' title="bbox 1895 4121 3474 4195">
     <span class='ocr_line' id='line_1_90' title="bbox 1895 4121 3474 4195; baseline 0.006 -22"><span class='ocrx_word' id='word_1_666' title='bbox 1895 4134 2042 4174; x_wconf 91' lang='lat' dir='ltr'><strong>anno</strong></span> <span class='ocrx_word' id='word_1_667' title='bbox 2075 4129 2274 4190; x_wconf 88' lang='lat' dir='ltr'><strong>quarto</strong></span> <span class='ocrx_word' id='word_1_668' title='bbox 2301 4122 2409 4176; x_wconf 88' lang='lat' dir='ltr'><strong>erit</strong></span> <span class='ocrx_word' id='word_1_669' title='bbox 2437 4123 2619 4177; x_wconf 89' lang='lat' dir='ltr'><strong>omnis</strong></span> <span class='ocrx_word' id='word_1_670' title='bbox 2648 4121 2861 4177; x_wconf 89' lang='lat' dir='ltr'><strong>fructus</strong></span> <span class='ocrx_word' id='word_1_671' title='bbox 2907 4125 3028 4195; x_wconf 83' lang='lat' dir='ltr'><strong>ejus</strong></span> <span class='ocrx_word' id='word_1_672' title='bbox 3070 4134 3316 4192; x_wconf 88' lang='lat' dir='ltr'><strong>sanctus,</strong></span> <span class='ocrx_word' id='word_1_673' title='bbox 3352 4128 3474 4182; x_wconf 76' lang='lat' dir='ltr'><strong>lau-</strong></span> 
     </span>
    </p>
   </div>
   <div class='ocr_carea' id='block_1_91' title="bbox 1893 4209 3476 4283">
    <p class='ocr_par' dir='ltr' id='par_1_91' title="bbox 1893 4209 3476 4283">
     <span class='ocr_line' id='line_1_91' title="bbox 1893 4209 3476 4283; baseline 0.006 -19"><span class='ocrx_word' id='word_1_674' title='bbox 1893 4209 2095 4265; x_wconf 87' lang='lat' dir='ltr'><strong>dabilis</strong></span> <span class='ocrx_word' id='word_1_675' title='bbox 2149 4211 2416 4278; x_wconf 88' lang='lat' dir='ltr'><strong>Domino;</strong></span> <span class='ocrx_word' id='word_1_676' title='bbox 2462 4223 2609 4266; x_wconf 85' lang='lat' dir='ltr'><strong>anno</strong></span> <span class='ocrx_word' id='word_1_677' title='bbox 2671 4220 2856 4267; x_wconf 85' lang='lat' dir='ltr'><strong>autem</strong></span> <span class='ocrx_word' id='word_1_678' title='bbox 2920 4215 3116 4283; x_wconf 87' lang='lat' dir='ltr'><strong>quinto</strong></span> <span class='ocrx_word' id='word_1_679' title='bbox 3173 4217 3476 4274; x_wconf 89' lang='lat' dir='ltr'><strong>comedetis</strong></span> 
     </span>
    </p>
   </div>
   <div class='ocr_carea' id='block_1_92' title="bbox 1893 4300 3472 4379">
    <p class='ocr_par' dir='ltr' id='par_1_92' title="bbox 1893 4300 3472 4379">
     <span class='ocr_line' id='line_1_92' title="bbox 1893 4300 3472 4379; baseline 0.006 -25"><span class='ocrx_word' id='word_1_680' title='bbox 1893 4300 2134 4356; x_wconf 86' lang='lat' dir='ltr'><strong>fructum</strong></span> <span class='ocrx_word' id='word_1_681' title='bbox 2181 4303 2320 4372; x_wconf 88' lang='lat' dir='ltr'><strong>ejus.</strong></span> <span class='ocrx_word' id='word_1_682' title='bbox 2361 4303 2648 4373; x_wconf 87' lang='lat' dir='ltr'><strong>Appositio</strong></span> <span class='ocrx_word' id='word_1_683' title='bbox 2689 4305 2847 4360; x_wconf 89' lang='lat' dir='ltr'><strong>vobis</strong></span> <span class='ocrx_word' id='word_1_684' title='bbox 2882 4312 3047 4360; x_wconf 88' lang='lat' dir='ltr'><strong>erunt</strong></span> <span class='ocrx_word' id='word_1_685' title='bbox 3090 4305 3304 4362; x_wconf 90' lang='lat' dir='ltr'><strong>fructus</strong></span> <span class='ocrx_word' id='word_1_686' title='bbox 3333 4307 3472 4379; x_wconf 88' lang='lat' dir='ltr'><strong>ejus.</strong></span> 
     </span>
    </p>
   </div>
   <div class='ocr_carea' id='block_1_93' title="bbox 217 4393 1794 4485">
    <p class='ocr_par' dir='ltr' id='par_1_93' title="bbox 217 4400 1794 4485">
     <span class='ocr_line' id='line_1_93' title="bbox 217 4400 1794 4485; baseline -0.011 -15"><span class='ocrx_word' id='word_1_687' title='bbox 217 4415 453 4485; x_wconf 78' lang='grc' dir='ltr'>φάγεσθε</span> <span class='ocrx_word' id='word_1_688' title='bbox 483 4414 579 4470; x_wconf 82' lang='grc' dir='ltr'>τὸν</span> <span class='ocrx_word' id='word_1_689' title='bbox 608 4411 823 4484; x_wconf 76' lang='grc' dir='ltr'>καρπὸν</span> <span class='ocrx_word' id='word_1_690' title='bbox 866 4407 1052 4464; x_wconf 85' lang='grc' dir='ltr'>αὐτοῦ.</span> <span class='ocrx_word' id='word_1_691' title='bbox 1085 4405 1378 4478; x_wconf 82' lang='grc' dir='ltr'>Πρόσθεμα</span> <span class='ocrx_word' id='word_1_692' title='bbox 1407 4403 1534 4473; x_wconf 78' lang='grc' dir='ltr'>ύμῖν</span> <span class='ocrx_word' id='word_1_693' title='bbox 1566 4400 1637 4453; x_wconf 84' lang='grc' dir='ltr'><strong>τά</strong></span> <span class='ocrx_word' id='word_1_694' title='bbox 1674 4416 1794 4468; x_wconf 63' lang='grc' dir='ltr'>γενέ</span> 
     </span>
    </p>
   </div>
   <div class='ocr_carea' id='block_1_94' title="bbox 1894 4393 3476 4485">
    <p class='ocr_par' dir='ltr' id='par_1_94' title="bbox 1897 4393 3476 4464">
     <span class='ocr_line' id='line_1_94' title="bbox 1897 4393 3476 4464; baseline 0.004 -16"><span class='ocrx_word' id='word_1_695' title='bbox 1897 4393 2011 4464; x_wconf 84' lang='lat' dir='ltr'><strong>Ego</strong></span> <span class='ocrx_word' id='word_1_696' title='bbox 2038 4393 2306 4450; x_wconf 76' lang='lat' dir='ltr'><strong>Daminus</strong></span> <span class='ocrx_word' id='word_1_697' title='bbox 2349 4395 2495 4450; x_wconf 88' lang='lat' dir='ltr'><strong>Deus</strong></span> <span class='ocrx_word' id='word_1_698' title='bbox 2529 4401 2713 4451; x_wconf 90' lang='lat' dir='ltr'><strong>vester</strong></span> <span class='ocrx_word' id='word_1_699' title='bbox 2754 4395 2817 4450; x_wconf 79' lang='lat'><strong>&quot;.</strong></span> <span class='ocrx_word' id='word_1_700' title='bbox 2855 4416 2874 4448; x_wconf 79' lang='grc'><strong><em>›</em></strong></span> <span class='ocrx_word' id='word_1_701' title='bbox 2925 4396 3112 4453; x_wconf 89' lang='lat' dir='ltr'><strong>Hortis</strong></span> <span class='ocrx_word' id='word_1_702' title='bbox 3139 4398 3288 4452; x_wconf 92' lang='lat' dir='ltr'><strong>enim</strong></span> <span class='ocrx_word' id='word_1_703' title='bbox 3318 4399 3476 4454; x_wconf 88' lang='lat' dir='ltr'><strong>ferti-</strong></span> 
     </span>
    </p>
   </div>
   <div class='ocr_carea' id='block_1_95' title="bbox 217 4489 1792 4578">
    <p class='ocr_par' dir='ltr' id='par_1_95' title="bbox 217 4489 1792 4578">
     <span class='ocr_line' id='line_1_95' title="bbox 217 4489 1792 4578; baseline -0.013 -17"><span class='ocrx_word' id='word_1_704' title='bbox 217 4509 431 4578; x_wconf 77' lang='grc' dir='ltr'>νήματα</span> <span class='ocrx_word' id='word_1_705' title='bbox 452 4502 641 4558; x_wconf 82' lang='grc' dir='ltr'>αὑτοῦ.</span> <span class='ocrx_word' id='word_1_706' title='bbox 682 4499 826 4570; x_wconf 86' lang='grc' dir='ltr'><strong>Ἐγὼ</strong></span> <span class='ocrx_word' id='word_1_707' title='bbox 849 4499 1102 4571; x_wconf 71' lang='grc' dir='ltr'>Κύριοςκό</span> <span class='ocrx_word' id='word_1_708' title='bbox 1123 4496 1255 4559; x_wconf 82' lang='grc' dir='ltr'>Θεὸς</span> <span class='ocrx_word' id='word_1_709' title='bbox 1275 4497 1304 4548; x_wconf 83' lang='grc' dir='ltr'><strong>ύ</strong></span> <span class='ocrx_word' id='word_1_710' title='bbox 1313 4493 1449 4565; x_wconf 83' lang='grc' dir='ltr'>μῶν.</span> <span class='ocrx_word' id='word_1_711' title='bbox 1482 4509 1501 4544; x_wconf 85' lang='grc'><strong>›</strong></span> <span class='ocrx_word' id='word_1_712' title='bbox 1529 4489 1792 4561; x_wconf 72' lang='grc' dir='ltr'>Παραδείο</span> 
     </span>
    </p>
   </div>
   <div class='ocr_carea' id='block_1_96' title="bbox 217 4580 1807 4669">
    <p class='ocr_par' dir='ltr' id='par_1_96' title="bbox 217 4580 1807 4669">
     <span class='ocr_line' id='line_1_96' title="bbox 217 4580 1807 4669; baseline -0.013 -16"><span class='ocrx_word' id='word_1_713' title='bbox 217 4616 327 4662; x_wconf 86' lang='grc' dir='ltr'>σοις</span> <span class='ocrx_word' id='word_1_714' title='bbox 353 4598 457 4669; x_wconf 77' lang='grc' dir='ltr'>μὲν</span> <span class='ocrx_word' id='word_1_715' title='bbox 480 4595 592 4666; x_wconf 82' lang='grc' dir='ltr'>γὰρ</span> <span class='ocrx_word' id='word_1_716' title='bbox 616 4596 730 4658; x_wconf 87' lang='grc' dir='ltr'>τοῖς</span> <span class='ocrx_word' id='word_1_717' title='bbox 751 4590 1156 4664; x_wconf 81' lang='grc' dir='ltr'>εύερνεστάτοις</span> <span class='ocrx_word' id='word_1_718' title='bbox 1177 4590 1209 4658; x_wconf 81' lang='grc' dir='ltr'><strong>ἡ</strong></span> <span class='ocrx_word' id='word_1_719' title='bbox 1232 4587 1476 4648; x_wconf 88' lang='grc' dir='ltr'>Μωσέως</span> <span class='ocrx_word' id='word_1_720' title='bbox 1493 4584 1627 4653; x_wconf 82' lang='grc' dir='ltr'>ἡμῖν</span> <span class='ocrx_word' id='word_1_721' title='bbox 1650 4580 1807 4634; x_wconf 75' lang='grc' dir='ltr'>ἐοικε⁷</span> 
     </span>
    </p>
   </div>
   <div class='ocr_carea' id='block_1_97' title="bbox 214 4675 1790 4759">
    <p class='ocr_par' dir='ltr' id='par_1_97' title="bbox 214 4675 1790 4759">
     <span class='ocr_line' id='line_1_97' title="bbox 214 4675 1790 4759; baseline -0.01 -17"><span class='ocrx_word' id='word_1_722' title='bbox 214 4687 535 4759; x_wconf 77' lang='grc' dir='ltr'>Συγγραφὴ,</span> <span class='ocrx_word' id='word_1_723' title='bbox 565 4685 817 4755; x_wconf 84' lang='grc' dir='ltr'>πολυειδῆ</span> <span class='ocrx_word' id='word_1_724' title='bbox 835 4682 1220 4753; x_wconf 80' lang='grc' dir='ltr'>θεσπισμάτων</span> <span class='ocrx_word' id='word_1_725' title='bbox 1243 4678 1505 4732; x_wconf 82' lang='grc' dir='ltr'>ὠδίνουσα</span> <span class='ocrx_word' id='word_1_726' title='bbox 1531 4675 1790 4746; x_wconf 82' lang='grc' dir='ltr'>βλάστην,</span> 
     </span>
    </p>
   </div>
   <div class='ocr_carea' id='block_1_98' title="bbox 214 4765 1788 4850">
    <p class='ocr_par' dir='ltr' id='par_1_98' title="bbox 214 4765 1788 4850">
     <span class='ocr_line' id='line_1_98' title="bbox 214 4765 1788 4850; baseline -0.01 -17"><span class='ocrx_word' id='word_1_727' title='bbox 214 4783 304 4833; x_wconf 72' lang='grc' dir='ltr'>καὶ</span> <span class='ocrx_word' id='word_1_728' title='bbox 330 4781 510 4844; x_wconf 82' lang='grc' dir='ltr'>ξύλοις</span> <span class='ocrx_word' id='word_1_729' title='bbox 533 4778 723 4850; x_wconf 87' lang='grc' dir='ltr'>ῶσπερ</span> <span class='ocrx_word' id='word_1_730' title='bbox 748 4777 1083 4845; x_wconf 86' lang='grc' dir='ltr'>κατάκομος,</span> <span class='ocrx_word' id='word_1_731' title='bbox 1103 4774 1214 4835; x_wconf 81' lang='grc' dir='ltr'>τοῖς</span> <span class='ocrx_word' id='word_1_732' title='bbox 1235 4769 1320 4839; x_wconf 73' lang='grc' dir='ltr'><strong>ἐφ’</strong></span> <span class='ocrx_word' id='word_1_733' title='bbox 1341 4767 1557 4837; x_wconf 79' lang='grc' dir='ltr'>ἑκάστῳ</span> <span class='ocrx_word' id='word_1_734' title='bbox 1582 4765 1788 4835; x_wconf 86' lang='grc' dir='ltr'>νόμοις.</span> 
     </span>
    </p>
   </div>
   <div class='ocr_carea' id='block_1_99' title="bbox 224 4856 1795 4940">
    <p class='ocr_par' dir='ltr' id='par_1_99' title="bbox 224 4856 1795 4940">
     <span class='ocr_line' id='line_1_99' title="bbox 224 4856 1795 4940; baseline -0.011 -15"><span class='ocrx_word' id='word_1_735' title='bbox 224 4870 364 4925; x_wconf 75' lang='grc' dir='ltr'>Ἀλλ’</span> <span class='ocrx_word' id='word_1_736' title='bbox 404 4873 492 4940; x_wconf 69' lang='grc' dir='ltr'><strong>ἐφ’</strong></span> <span class='ocrx_word' id='word_1_737' title='bbox 521 4869 737 4939; x_wconf 78' lang='grc' dir='ltr'>ἑκάστῳ</span> <span class='ocrx_word' id='word_1_738' title='bbox 777 4866 918 4937; x_wconf 81' lang='grc' dir='ltr'>ξύλῳ</span> <span class='ocrx_word' id='word_1_739' title='bbox 948 4863 1284 4936; x_wconf 81' lang='grc' dir='ltr'>καθαριεῐτε,</span> <span class='ocrx_word' id='word_1_740' title='bbox 1315 4858 1502 4931; x_wconf 80' lang='grc' dir='ltr'>φησὶν,</span> <span class='ocrx_word' id='word_1_741' title='bbox 1530 4856 1628 4928; x_wconf 79' lang='grc' dir='ltr'>τὴν</span> <span class='ocrx_word' id='word_1_742' title='bbox 1659 4856 1795 4909; x_wconf 82' lang='grc' dir='ltr'>ἀκα-</span> 
     </span>
    </p>
   </div>
   <div class='ocr_carea' id='block_1_100' title="bbox 215 4948 1794 5035">
    <p class='ocr_par' dir='ltr' id='par_1_100' title="bbox 215 4948 1794 5035">
     <span class='ocr_line' id='line_1_100' title="bbox 215 4948 1794 5035; baseline -0.011 -20"><span class='ocrx_word' id='word_1_743' title='bbox 215 4961 447 5035; x_wconf 82' lang='grc' dir='ltr'>θαρσίαν</span> <span class='ocrx_word' id='word_1_744' title='bbox 480 4959 669 5026; x_wconf 85' lang='grc' dir='ltr'>αὐτοῦ,</span> <span class='ocrx_word' id='word_1_745' title='bbox 705 4957 848 5013; x_wconf 89' lang='grc' dir='ltr'>τοῦτ’</span> <span class='ocrx_word' id='word_1_746' title='bbox 878 4957 1023 5022; x_wconf 78' lang='grc' dir='ltr'>ἐστι,</span> <span class='ocrx_word' id='word_1_747' title='bbox 1065 4954 1125 5008; x_wconf 73' lang='lat' dir='ltr'><strong>rb</strong></span> <span class='ocrx_word' id='word_1_748' title='bbox 1160 4954 1258 5024; x_wconf 84' lang='grc' dir='ltr'>τῆς</span> <span class='ocrx_word' id='word_1_749' title='bbox 1309 4948 1549 5020; x_wconf 86' lang='grc' dir='ltr'>ιστορίας</span> <span class='ocrx_word' id='word_1_750' title='bbox 1590 4949 1794 5001; x_wconf 74' lang='grc' dir='ltr'>εἰκαῖον</span> 
     </span>
    </p>
   </div>
   <div class='ocr_carea' id='block_1_101' title="bbox 214 5035 1794 5124">
    <p class='ocr_par' dir='ltr' id='par_1_101' title="bbox 214 5035 1794 5124">
     <span class='ocr_line' id='line_1_101' title="bbox 214 5035 1794 5124; baseline -0.011 -17"><span class='ocrx_word' id='word_1_751' title='bbox 214 5054 533 5124; x_wconf 76' lang='grc' dir='ltr'>ἀποτεμεῖς,</span> <span class='ocrx_word' id='word_1_752' title='bbox 557 5053 650 5104; x_wconf 75' lang='grc' dir='ltr'>καὶ</span> <span class='ocrx_word' id='word_1_753' title='bbox 675 5049 737 5103; x_wconf 86' lang='grc' dir='ltr'>τὸ</span> <span class='ocrx_word' id='word_1_754' title='bbox 753 5049 916 5102; x_wconf 80' lang='grc' dir='ltr'>οἱονεὶ</span> <span class='ocrx_word' id='word_1_755' title='bbox 939 5045 1171 5114; x_wconf 82' lang='grc' dir='ltr'>ξυλῶδες</span> <span class='ocrx_word' id='word_1_756' title='bbox 1198 5040 1468 5113; x_wconf 88' lang='grc' dir='ltr'>περιελεῖς</span> <span class='ocrx_word' id='word_1_757' title='bbox 1493 5035 1586 5093; x_wconf 85' lang='grc' dir='ltr'><strong>τοῦ</strong></span> <span class='ocrx_word' id='word_1_758' title='bbox 1616 5037 1794 5110; x_wconf 78' lang='grc' dir='ltr'>γράμ-</span> 
     </span>
    </p>
   </div>
   <div class='ocr_carea' id='block_1_102' title="bbox 217 5128 1791 5216">
    <p class='ocr_par' dir='ltr' id='par_1_102' title="bbox 217 5128 1791 5216">
     <span class='ocr_line' id='line_1_102' title="bbox 217 5128 1791 5216; baseline -0.013 -15"><span class='ocrx_word' id='word_1_759' title='bbox 217 5162 406 5216; x_wconf 83' lang='grc' dir='ltr'>ματος,</span> <span class='ocrx_word' id='word_1_760' title='bbox 437 5143 526 5198; x_wconf 79' lang='grc' dir='ltr'><strong>ὲπ’</strong></span> <span class='ocrx_word' id='word_1_761' title='bbox 571 5141 742 5213; x_wconf 77' lang='grc' dir='ltr'>αὐτὴν</span> <span class='ocrx_word' id='word_1_762' title='bbox 788 5139 845 5194; x_wconf 71' lang='grc' dir='ltr'>δὲ</span> <span class='ocrx_word' id='word_1_763' title='bbox 892 5136 1043 5210; x_wconf 72' lang='grc' dir='ltr'>ἣξεις</span> <span class='ocrx_word' id='word_1_764' title='bbox 1075 5135 1168 5190; x_wconf 89' lang='grc' dir='ltr'><strong>τοῦ</strong></span> <span class='ocrx_word' id='word_1_765' title='bbox 1211 5131 1379 5204; x_wconf 83' lang='grc' dir='ltr'>φυτοῦ</span> <span class='ocrx_word' id='word_1_766' title='bbox 1411 5132 1509 5201; x_wconf 80' lang='grc' dir='ltr'>τὴν</span> <span class='ocrx_word' id='word_1_767' title='bbox 1541 5128 1791 5200; x_wconf 83' lang='grc' dir='ltr'>καρδίαν,</span> 
     </span>
    </p>
   </div>
   <div class='ocr_carea' id='block_1_103' title="bbox 212 5223 1795 5306">
    <p class='ocr_par' dir='ltr' id='par_1_103' title="bbox 212 5223 1795 5306">
     <span class='ocr_line' id='line_1_103' title="bbox 212 5223 1795 5306; baseline -0.011 -15"><span class='ocrx_word' id='word_1_768' title='bbox 212 5235 356 5290; x_wconf 83' lang='grc' dir='ltr'>τοῦτ’</span> <span class='ocrx_word' id='word_1_769' title='bbox 371 5237 510 5298; x_wconf 76' lang='grc' dir='ltr'>ἐστι,</span> <span class='ocrx_word' id='word_1_770' title='bbox 523 5235 618 5306; x_wconf 82' lang='grc' dir='ltr'><strong>τοῦ</strong></span> <span class='ocrx_word' id='word_1_771' title='bbox 633 5230 1059 5301; x_wconf 85' lang='grc' dir='ltr'>τεθεσπισμένου</span> <span class='ocrx_word' id='word_1_772' title='bbox 1078 5227 1169 5281; x_wconf 84' lang='grc' dir='ltr'>τὸν</span> <span class='ocrx_word' id='word_1_773' title='bbox 1185 5226 1293 5280; x_wconf 75' lang='grc' dir='ltr'>ἔσω</span> <span class='ocrx_word' id='word_1_774' title='bbox 1309 5223 1645 5297; x_wconf 80' lang='grc' dir='ltr'>περιεργάσῃ</span> <span class='ocrx_word' id='word_1_775' title='bbox 1659 5239 1795 5293; x_wconf 87' lang='grc' dir='ltr'>καρ-</span> 
     </span>
    </p>
   </div>
   <div class='ocr_carea' id='block_1_104' title="bbox 213 5314 1788 5400">
    <p class='ocr_par' dir='ltr' id='par_1_104' title="bbox 213 5314 1788 5400">
     <span class='ocr_line' id='line_1_104' title="bbox 213 5314 1788 5400; baseline -0.01 -17"><span class='ocrx_word' id='word_1_776' title='bbox 213 5327 314 5383; x_wconf 77' lang='grc' dir='ltr'>πὸν</span> <span class='ocrx_word' id='word_1_777' title='bbox 328 5327 429 5400; x_wconf 76' lang='grc'><strong>(5),</strong></span> <span class='ocrx_word' id='word_1_778' title='bbox 449 5327 546 5381; x_wconf 72' lang='grc' dir='ltr'>καὶ</span> <span class='ocrx_word' id='word_1_779' title='bbox 565 5324 697 5380; x_wconf 77' lang='grc' dir='ltr'>αὐτὸ</span> <span class='ocrx_word' id='word_1_780' title='bbox 722 5324 921 5394; x_wconf 76' lang='grc' dir='ltr'>ποιήσῃ</span> <span class='ocrx_word' id='word_1_781' title='bbox 944 5321 1202 5393; x_wconf 77' lang='grc' dir='ltr'>τροφήν.‹</span> <span class='ocrx_word' id='word_1_782' title='bbox 1227 5316 1366 5371; x_wconf 82' lang='grc' dir='ltr'><strong>Ἀλλ’</strong></span> <span class='ocrx_word' id='word_1_783' title='bbox 1388 5316 1562 5380; x_wconf 80' lang='grc' dir='ltr'>ἔσται,</span> <span class='ocrx_word' id='word_1_784' title='bbox 1577 5314 1788 5385; x_wconf 75' lang='grc' dir='ltr'>ιφησὶν,</span> 
     </span>
    </p>
   </div>
   <div class='ocr_carea' id='block_1_105' title="bbox 1899 4484 3478 4558">
    <p class='ocr_par' dir='ltr' id='par_1_105' title="bbox 1899 4484 3478 4558">
     <span class='ocr_line' id='line_1_105' title="bbox 1899 4484 3478 4558; baseline 0.003 -19"><span class='ocrx_word' id='word_1_785' title='bbox 1899 4484 2125 4540; x_wconf 87' lang='lat' dir='ltr'><strong>lissimis</strong></span> <span class='ocrx_word' id='word_1_786' title='bbox 2155 4484 2329 4557; x_wconf 84' lang='lat' dir='ltr'><strong>Moysi</strong></span> <span class='ocrx_word' id='word_1_787' title='bbox 2355 4484 2643 4556; x_wconf 88' lang='lat' dir='ltr'><strong>Scriptura</strong></span> <span class='ocrx_word' id='word_1_788' title='bbox 2664 4485 2865 4542; x_wconf 90' lang='lat' dir='ltr'><strong>similis</strong></span> <span class='ocrx_word' id='word_1_789' title='bbox 2889 4486 3054 4542; x_wconf 89' lang='lat' dir='ltr'><strong>nobis</strong></span> <span class='ocrx_word' id='word_1_790' title='bbox 3090 4486 3334 4552; x_wconf 90' lang='lat' dir='ltr'><strong>videtur,</strong></span> <span class='ocrx_word' id='word_1_791' title='bbox 3355 4503 3478 4558; x_wconf 71' lang='lat' dir='ltr'><strong>quae</strong></span> 
     </span>
    </p>
   </div>
   <div class='ocr_carea' id='block_1_106' title="bbox 1900 4578 3476 4652">
    <p class='ocr_par' dir='ltr' id='par_1_106' title="bbox 1900 4578 3476 4652">
     <span class='ocr_line' id='line_1_106' title="bbox 1900 4578 3476 4652; baseline 0.003 -19"><span class='ocrx_word' id='word_1_792' title='bbox 1900 4578 2188 4648; x_wconf 83' lang='lat' dir='ltr'><strong>multiplex</strong></span> <span class='ocrx_word' id='word_1_793' title='bbox 2246 4587 2647 4650; x_wconf 71' lang='lat' dir='ltr'><strong>praeceptorum</strong></span> <span class='ocrx_word' id='word_1_794' title='bbox 2698 4595 2926 4652; x_wconf 86' lang='lat' dir='ltr'><strong>germen</strong></span> <span class='ocrx_word' id='word_1_795' title='bbox 2972 4580 3376 4652; x_wconf 89' lang='lat' dir='ltr'><strong>complectitur,</strong></span> <span class='ocrx_word' id='word_1_796' title='bbox 3419 4588 3476 4637; x_wconf 89' lang='lat' dir='ltr'><strong>et</strong></span> 
     </span>
    </p>
   </div>
   <div class='ocr_carea' id='block_1_107' title="bbox 1903 4671 3476 4744">
    <p class='ocr_par' dir='ltr' id='par_1_107' title="bbox 1903 4671 3476 4744">
     <span class='ocr_line' id='line_1_107' title="bbox 1903 4671 3476 4744; baseline 0.001 -18"><span class='ocrx_word' id='word_1_797' title='bbox 1903 4679 2160 4742; x_wconf 88' lang='lat' dir='ltr'><strong>tanquam</strong></span> <span class='ocrx_word' id='word_1_798' title='bbox 2197 4671 2494 4726; x_wconf 83' lang='lat' dir='ltr'><strong>arboribus</strong></span> <span class='ocrx_word' id='word_1_799' title='bbox 2526 4671 2714 4728; x_wconf 89' lang='lat' dir='ltr'><strong>densis</strong></span> <span class='ocrx_word' id='word_1_800' title='bbox 2757 4681 2955 4730; x_wconf 89' lang='lat' dir='ltr'><strong>ornata</strong></span> <span class='ocrx_word' id='word_1_801' title='bbox 2998 4680 3105 4738; x_wconf 88' lang='lat' dir='ltr'><strong>est,</strong></span> <span class='ocrx_word' id='word_1_802' title='bbox 3128 4672 3364 4744; x_wconf 84' lang='lat' dir='ltr'><strong>legibus,</strong></span> <span class='ocrx_word' id='word_1_803' title='bbox 3387 4673 3476 4728; x_wconf 89' lang='lat' dir='ltr'><strong>in-</strong></span> 
     </span>
    </p>
   </div>
   <div class='ocr_carea' id='block_1_108' title="bbox 1898 4763 3478 4835">
    <p class='ocr_par' dir='ltr' id='par_1_108' title="bbox 1898 4763 3478 4835">
     <span class='ocr_line' id='line_1_108' title="bbox 1898 4763 3478 4835; baseline 0.001 -17"><span class='ocrx_word' id='word_1_804' title='bbox 1898 4779 2084 4834; x_wconf 92' lang='lat' dir='ltr'><strong>quam,</strong></span> <span class='ocrx_word' id='word_1_805' title='bbox 2110 4763 2179 4820; x_wconf 93' lang='lat' dir='ltr'><strong>de</strong></span> <span class='ocrx_word' id='word_1_806' title='bbox 2212 4778 2432 4835; x_wconf 89' lang='lat' dir='ltr'><strong>quaque</strong></span> <span class='ocrx_word' id='word_1_807' title='bbox 2453 4779 2512 4819; x_wconf 90' lang='lat' dir='ltr'><strong>re</strong></span> <span class='ocrx_word' id='word_1_808' title='bbox 2535 4764 2872 4821; x_wconf 90' lang='lat' dir='ltr'><strong>constitutis.</strong></span> <span class='ocrx_word' id='word_1_809' title='bbox 2900 4765 3006 4821; x_wconf 88' lang='lat' dir='ltr'><strong>Sed</strong></span> <span class='ocrx_word' id='word_1_810' title='bbox 3043 4764 3478 4834; x_wconf 87' lang='lat' dir='ltr'><strong>uniuscujusque</strong></span> 
     </span>
    </p>
   </div>
   <div class='ocr_carea' id='block_1_109' title="bbox 1898 4856 3474 4930">
    <p class='ocr_par' dir='ltr' id='par_1_109' title="bbox 1898 4856 3474 4930">
     <span class='ocr_line' id='line_1_109' title="bbox 1898 4856 3474 4930; baseline -0.001 -19"><span class='ocrx_word' id='word_1_811' title='bbox 1898 4856 2133 4921; x_wconf 84' lang='lat' dir='ltr'><strong>arboris,</strong></span> <span class='ocrx_word' id='word_1_812' title='bbox 2179 4856 2380 4927; x_wconf 86' lang='lat' dir='ltr'><strong>inquit,</strong></span> <span class='ocrx_word' id='word_1_813' title='bbox 2418 4857 2797 4930; x_wconf 87' lang='lat' dir='ltr'><strong>expurgabitis</strong></span> <span class='ocrx_word' id='word_1_814' title='bbox 2836 4857 3234 4930; x_wconf 89' lang='lat' dir='ltr'><strong>impuritatem,</strong></span> <span class='ocrx_word' id='word_1_815' title='bbox 3279 4856 3336 4912; x_wconf 92' lang='lat' dir='ltr'><strong>id</strong></span> <span class='ocrx_word' id='word_1_816' title='bbox 3369 4865 3474 4921; x_wconf 83' lang='lat' dir='ltr'><strong>est,</strong></span> 
     </span>
    </p>
   </div>
   <div class='ocr_carea' id='block_1_110' title="bbox 1896 4948 3478 5021">
    <p class='ocr_par' dir='ltr' id='par_1_110' title="bbox 1896 4948 3478 5021">
     <span class='ocr_line' id='line_1_110' title="bbox 1896 4948 3478 5021; baseline -0.001 -17"><span class='ocrx_word' id='word_1_817' title='bbox 1896 4949 2046 5019; x_wconf 73' lang='grc' dir='ltr'>(ιιιοά</span> <span class='ocrx_word' id='word_1_818' title='bbox 2064 4949 2118 5003; x_wconf 89' lang='lat' dir='ltr'><strong>in</strong></span> <span class='ocrx_word' id='word_1_819' title='bbox 2143 4949 2377 5005; x_wconf 89' lang='lat' dir='ltr'><strong>historia</strong></span> <span class='ocrx_word' id='word_1_820' title='bbox 2393 4950 2639 5021; x_wconf 87' lang='lat' dir='ltr'><strong>ineptum</strong></span> <span class='ocrx_word' id='word_1_821' title='bbox 2656 4961 2762 5018; x_wconf 87' lang='lat' dir='ltr'><strong>est,</strong></span> <span class='ocrx_word' id='word_1_822' title='bbox 2789 4950 3109 5018; x_wconf 90' lang='lat' dir='ltr'><strong>abscindes;</strong></span> <span class='ocrx_word' id='word_1_823' title='bbox 3135 4949 3394 5021; x_wconf 81' lang='lat' dir='ltr'><strong>quodque</strong></span> <span class='ocrx_word' id='word_1_824' title='bbox 3421 4948 3478 5003; x_wconf 93' lang='lat' dir='ltr'><strong>in</strong></span> 
     </span>
    </p>
   </div>
   <div class='ocr_carea' id='block_1_111' title="bbox 1897 5041 3475 5114">
    <p class='ocr_par' dir='ltr' id='par_1_111' title="bbox 1897 5041 3475 5114">
     <span class='ocr_line' id='line_1_111' title="bbox 1897 5041 3475 5114; baseline -0.002 -17"><span class='ocrx_word' id='word_1_825' title='bbox 1897 5042 2079 5097; x_wconf 86' lang='lat' dir='ltr'><strong>littera</strong></span> <span class='ocrx_word' id='word_1_826' title='bbox 2141 5043 2307 5098; x_wconf 91' lang='lat' dir='ltr'><strong>veluti</strong></span> <span class='ocrx_word' id='word_1_827' title='bbox 2363 5043 2702 5100; x_wconf 88' lang='lat' dir='ltr'><strong>corticosum</strong></span> <span class='ocrx_word' id='word_1_828' title='bbox 2730 5086 2746 5111; x_wconf 92' lang='lat'><strong>,</strong></span> <span class='ocrx_word' id='word_1_829' title='bbox 2786 5043 3171 5110; x_wconf 88' lang='lat' dir='ltr'><strong>circumcides,</strong></span> <span class='ocrx_word' id='word_1_830' title='bbox 3201 5050 3368 5114; x_wconf 86' lang='lat' dir='ltr'><strong>atque</strong></span> <span class='ocrx_word' id='word_1_831' title='bbox 3409 5041 3475 5096; x_wconf 89' lang='lat' dir='ltr'><strong>ad</strong></span> 
     </span>
    </p>
   </div>
   <div class='ocr_carea' id='block_1_112' title="bbox 1898 5134 3480 5206">
    <p class='ocr_par' dir='ltr' id='par_1_112' title="bbox 1898 5134 3480 5206">
     <span class='ocr_line' id='line_1_112' title="bbox 1898 5134 3480 5206; baseline 0 -18"><span class='ocrx_word' id='word_1_832' title='bbox 1898 5134 2078 5204; x_wconf 88' lang='lat' dir='ltr'><strong>ipsum</strong></span> <span class='ocrx_word' id='word_1_833' title='bbox 2106 5150 2202 5190; x_wconf 90' lang='lat' dir='ltr'><strong>cor</strong></span> <span class='ocrx_word' id='word_1_834' title='bbox 2231 5135 2449 5190; x_wconf 90' lang='lat' dir='ltr'><strong>arboris</strong></span> <span class='ocrx_word' id='word_1_835' title='bbox 2484 5138 2799 5206; x_wconf 81' lang='lat' dir='ltr'><strong>pervenies,</strong></span> <span class='ocrx_word' id='word_1_836' title='bbox 2832 5136 2889 5191; x_wconf 90' lang='lat' dir='ltr'><strong>id</strong></span> <span class='ocrx_word' id='word_1_837' title='bbox 2915 5145 3020 5202; x_wconf 91' lang='lat' dir='ltr'><strong>est,</strong></span> <span class='ocrx_word' id='word_1_838' title='bbox 3060 5136 3314 5192; x_wconf 90' lang='lat' dir='ltr'><strong>intimum</strong></span> <span class='ocrx_word' id='word_1_839' title='bbox 3338 5150 3480 5205; x_wconf 76' lang='lat' dir='ltr'><strong>prac-</strong></span> 
     </span>
    </p>
   </div>
   <div class='ocr_carea' id='block_1_113' title="bbox 1897 5225 3474 5300">
    <p class='ocr_par' dir='ltr' id='par_1_113' title="bbox 1897 5225 3474 5300">
     <span class='ocr_line' id='line_1_113' title="bbox 1897 5225 3474 5300; baseline -0.003 -20"><span class='ocrx_word' id='word_1_840' title='bbox 1897 5226 2042 5295; x_wconf 91' lang='lat' dir='ltr'><strong>cepti</strong></span> <span class='ocrx_word' id='word_1_841' title='bbox 2078 5225 2315 5281; x_wconf 90' lang='lat' dir='ltr'><strong>fructum</strong></span> <span class='ocrx_word' id='word_1_842' title='bbox 2340 5227 2796 5297; x_wconf 87' lang='lat' dir='ltr'><strong>perscrutaberis,</strong></span> <span class='ocrx_word' id='word_1_843' title='bbox 2833 5236 2999 5300; x_wconf 86' lang='lat' dir='ltr'><strong>atque</strong></span> <span class='ocrx_word' id='word_1_844' title='bbox 3022 5227 3078 5284; x_wconf 89' lang='lat' dir='ltr'><strong>in</strong></span> <span class='ocrx_word' id='word_1_845' title='bbox 3107 5227 3293 5283; x_wconf 88' lang='lat' dir='ltr'><strong>cibum</strong></span> <span class='ocrx_word' id='word_1_846' title='bbox 3321 5239 3474 5278; x_wconf 89' lang='lat' dir='ltr'><strong>assu-</strong></span> 
     </span>
    </p>
   </div>
   <div class='ocr_carea' id='block_1_114' title="bbox 1897 5317 3472 5394">
    <p class='ocr_par' dir='ltr' id='par_1_114' title="bbox 1897 5317 3472 5394">
     <span class='ocr_line' id='line_1_114' title="bbox 1897 5317 3472 5394; baseline -0.003 -24"><span class='ocrx_word' id='word_1_847' title='bbox 1897 5333 2034 5371; x_wconf 86' lang='lat' dir='ltr'><strong>mes.</strong></span> <span class='ocrx_word' id='word_1_848' title='bbox 2093 5337 2110 5368; x_wconf 74' lang='grc'><strong>(</strong></span> <span class='ocrx_word' id='word_1_849' title='bbox 2145 5317 2250 5373; x_wconf 88' lang='lat' dir='ltr'><strong>Sed</strong></span> <span class='ocrx_word' id='word_1_850' title='bbox 2274 5317 2400 5382; x_wconf 91' lang='lat' dir='ltr'><strong>erit,</strong></span> <span class='ocrx_word' id='word_1_851' title='bbox 2436 5337 2453 5368; x_wconf 74' lang='grc' dir='ltr'><strong>ι</strong></span> <span class='ocrx_word' id='word_1_852' title='bbox 2483 5317 2683 5388; x_wconf 91' lang='lat' dir='ltr'><strong>inquit,</strong></span> <span class='ocrx_word' id='word_1_853' title='bbox 2719 5338 2737 5372; x_wconf 75' lang='grc' dir='ltr'><strong>ι</strong></span> <span class='ocrx_word' id='word_1_854' title='bbox 2771 5321 2894 5394; x_wconf 88' lang='lat' dir='ltr'><strong>ejus</strong></span> <span class='ocrx_word' id='word_1_855' title='bbox 2924 5320 3140 5378; x_wconf 85' lang='lat' dir='ltr'><strong>fructus</strong></span> <span class='ocrx_word' id='word_1_856' title='bbox 3166 5318 3341 5374; x_wconf 89' lang='lat' dir='ltr'><strong>tribus</strong></span> <span class='ocrx_word' id='word_1_857' title='bbox 3368 5331 3472 5367; x_wconf 74' lang='lat'><strong>9::-</strong></span> 
     </span>
    </p>
   </div>
   <div class='ocr_carea' id='block_1_115' title="bbox 285 5433 2086 5512">
    <p class='ocr_par' dir='ltr' id='par_1_115' title="bbox 285 5433 2086 5512">
     <span class='ocr_line' id='line_1_115' title="bbox 285 5433 2086 5512; baseline -0.01 -7"><span class='ocrx_word' id='word_1_858' title='bbox 285 5445 335 5480; x_wconf 84' lang='grc'>⁶⁸</span> <span class='ocrx_word' id='word_1_859' title='bbox 385 5447 547 5504; x_wconf 83' lang='lat' dir='ltr'><strong>Deut.</strong></span> <span class='ocrx_word' id='word_1_860' title='bbox 577 5462 710 5512; x_wconf 78' lang='lat' dir='ltr'><strong>xm,</strong></span> <span class='ocrx_word' id='word_1_861' title='bbox 747 5445 801 5499; x_wconf 89' lang='lat'><strong>8.</strong></span> <span class='ocrx_word' id='word_1_862' title='bbox 876 5443 922 5476; x_wconf 77' lang='lat'><strong>“</strong></span> <span class='ocrx_word' id='word_1_863' title='bbox 945 5443 1060 5499; x_wconf 84' lang='lat' dir='ltr'><strong>Jer.</strong></span> <span class='ocrx_word' id='word_1_864' title='bbox 1097 5453 1280 5504; x_wconf 73' lang='lat' dir='ltr'><strong>xcvm,</strong></span> <span class='ocrx_word' id='word_1_865' title='bbox 1317 5437 1404 5492; x_wconf 75' lang='lat' dir='ltr'><strong>l0.</strong></span> <span class='ocrx_word' id='word_1_866' title='bbox 1482 5435 1526 5469; x_wconf 80' lang='grc'><strong><em>⁸⁸</em></strong></span> <span class='ocrx_word' id='word_1_867' title='bbox 1548 5433 1727 5490; x_wconf 88' lang='lat' dir='ltr'><strong>Levit.</strong></span> <span class='ocrx_word' id='word_1_868' title='bbox 1759 5450 1869 5500; x_wconf 77' lang='lat' dir='ltr'><strong>xix,</strong></span> <span class='ocrx_word' id='word_1_869' title='bbox 1895 5434 2086 5490; x_wconf 65' lang='lat'><strong>23—25.</strong></span> 
     </span>
    </p>
   </div>
   <div class='ocr_carea' id='block_1_116' title="bbox 393 5624 1963 5695">
    <p class='ocr_par' dir='ltr' id='par_1_116' title="bbox 393 5624 1963 5695">
     <span class='ocr_line' id='line_1_116' title="bbox 393 5624 1963 5695; baseline -0.006 -7"><span class='ocrx_word' id='word_1_870' title='bbox 393 5632 472 5688; x_wconf 84' lang='lat' dir='ltr'><strong>Ita</strong></span> <span class='ocrx_word' id='word_1_871' title='bbox 506 5632 633 5688; x_wconf 86' lang='lat' dir='ltr'><strong>cod.</strong></span> <span class='ocrx_word' id='word_1_872' title='bbox 677 5624 885 5695; x_wconf 78' lang='lat' dir='ltr'><strong>Vatic.;</strong></span> <span class='ocrx_word' id='word_1_873' title='bbox 938 5627 1128 5683; x_wconf 87' lang='lat' dir='ltr'><strong>Sirleti</strong></span> <span class='ocrx_word' id='word_1_874' title='bbox 1182 5624 1366 5681; x_wconf 83' lang='lat' dir='ltr'><strong>autem</strong></span> <span class='ocrx_word' id='word_1_875' title='bbox 1414 5624 1646 5688; x_wconf 78' lang='grc' dir='ltr'>ἀδικίας,</span> <span class='ocrx_word' id='word_1_876' title='bbox 1685 5633 1963 5695; x_wconf 90' lang='lat' dir='ltr'><strong>corrupte.</strong></span> 
     </span>
    </p>
   </div>
   <div class='ocr_carea' id='block_1_117' title="bbox 284 5554 1695 5776">
    <p class='ocr_par' dir='ltr' id='par_1_117' title="bbox 284 5554 1695 5776">
     <span class='ocr_line' id='line_1_117' title="bbox 311 5554 1695 5640; baseline -0.01 -21"><span class='ocrx_word' id='word_1_877' title='bbox 311 5563 366 5634; x_wconf 77' lang='lat' dir='ltr'><strong>l)</strong></span> <span class='ocrx_word' id='word_1_878' title='bbox 394 5562 486 5618; x_wconf 91' lang='lat' dir='ltr'><strong>Sic</strong></span> <span class='ocrx_word' id='word_1_879' title='bbox 511 5563 726 5626; x_wconf 79' lang='lat' dir='ltr'><strong>Vatic.;</strong></span> <span class='ocrx_word' id='word_1_880' title='bbox 753 5559 876 5615; x_wconf 91' lang='lat' dir='ltr'><strong>cod.</strong></span> <span class='ocrx_word' id='word_1_881' title='bbox 900 5556 1124 5638; x_wconf 39' lang='lat' dir='ltr'><strong>Sirleti,</strong></span> <span class='ocrx_word' id='word_1_882' title='bbox 1141 5556 1202 5610; x_wconf 78' lang='grc' dir='ltr'><strong>τὸ</strong></span> <span class='ocrx_word' id='word_1_883' title='bbox 1238 5554 1453 5627; x_wconf 84' lang='grc' dir='ltr'>ἀληθές,</span> <span class='ocrx_word' id='word_1_884' title='bbox 1479 5555 1695 5640; x_wconf 66' lang='lat' dir='ltr'><strong>veritas.</strong></span> 
     </span>
     <span class='ocr_line' id='line_1_118' title="bbox 393 5625 1695 5695; baseline -0.011 -7"><span class='ocrx_word' id='word_1_885' title='bbox 393 5632 472 5688; x_wconf 84' lang='lat' dir='ltr'><strong>Ita</strong></span> <span class='ocrx_word' id='word_1_886' title='bbox 506 5632 633 5688; x_wconf 87' lang='lat' dir='ltr'><strong>cod.</strong></span> <span class='ocrx_word' id='word_1_887' title='bbox 677 5631 885 5695; x_wconf 79' lang='lat' dir='ltr'><strong>Vatic.;</strong></span> <span class='ocrx_word' id='word_1_888' title='bbox 938 5627 1128 5683; x_wconf 78' lang='lat' dir='ltr'><strong>Sirleti</strong></span> <span class='ocrx_word' id='word_1_889' title='bbox 1182 5635 1366 5681; x_wconf 91' lang='lat' dir='ltr'><strong>autem</strong></span> <span class='ocrx_word' id='word_1_890' title='bbox 1414 5625 1646 5688; x_wconf 78' lang='grc' dir='ltr'>ἀδικιας,</span> <span class='ocrx_word' id='word_1_891' title='bbox 1685 5638 1695 5674; x_wconf 71' lang='grc' dir='ltr'><strong>ι</strong></span> 
     </span>
     <span class='ocr_line' id='line_1_119' title="bbox 284 5565 1294 5776; baseline -0.013 -15"><span class='ocrx_word' id='word_1_892' title='bbox 284 5565 534 5776; x_wconf 50' lang='grc' dir='ltr'>ἶὲζβοά.</span> <span class='ocrx_word' id='word_1_893' title='bbox 570 5701 779 5765; x_wconf 85' lang='lat' dir='ltr'><strong>Sirleti,</strong></span> <span class='ocrx_word' id='word_1_894' title='bbox 810 5699 1032 5760; x_wconf 80' lang='grc' dir='ltr'>σκοπόν,</span> <span class='ocrx_word' id='word_1_895' title='bbox 1060 5712 1294 5766; x_wconf 80' lang='lat' dir='ltr'><strong>scapum.</strong></span> 
     </span>
    </p>
   </div>
   <div class='ocr_carea' id='block_1_118' title="bbox 309 5635 1294 5776">
    <p class='ocr_par' dir='ltr' id='par_1_118' title="bbox 309 5635 1294 5776">
     <span class='ocr_line' id='line_1_120' title="bbox 309 5635 1294 5695; baseline -0.007 -8"><span class='ocrx_word' id='word_1_896' title='bbox 309 5635 346 5687; x_wconf 71' lang='grc' dir='ltr'><strong>Ξ</strong></span> <span class='ocrx_word' id='word_1_897' title='bbox 393 5635 472 5688; x_wconf 83' lang='lat' dir='ltr'><strong>Ita</strong></span> <span class='ocrx_word' id='word_1_898' title='bbox 506 5635 633 5688; x_wconf 90' lang='lat' dir='ltr'><strong>cod.</strong></span> <span class='ocrx_word' id='word_1_899' title='bbox 677 5635 885 5695; x_wconf 76' lang='lat' dir='ltr'><strong>Vatic.;</strong></span> <span class='ocrx_word' id='word_1_900' title='bbox 938 5635 1128 5683; x_wconf 86' lang='lat' dir='ltr'><strong>Sirleti</strong></span> <span class='ocrx_word' id='word_1_901' title='bbox 1182 5635 1294 5681; x_wconf 68' lang='lat' dir='ltr'><strong>aute</strong></span> 
     </span>
     <span class='ocr_line' id='line_1_121' title="bbox 309 5635 1294 5776; baseline -0.013 -15"><span class='ocrx_word' id='word_1_902' title='bbox 309 5635 534 5776; x_wconf 48' lang='lat' dir='ltr'><strong>Sgﬁod.</strong></span> <span class='ocrx_word' id='word_1_903' title='bbox 570 5701 779 5765; x_wconf 85' lang='lat' dir='ltr'><strong>Sirleti,</strong></span> <span class='ocrx_word' id='word_1_904' title='bbox 810 5699 1032 5760; x_wconf 80' lang='grc' dir='ltr'>σκοπόν,</span> <span class='ocrx_word' id='word_1_905' title='bbox 1060 5712 1294 5766; x_wconf 80' lang='lat' dir='ltr'><strong>scapum.</strong></span> 
     </span>
    </p>
   </div>
   <div class='ocr_carea' id='block_1_119' title="bbox 417 5785 1282 5872">
    <p class='ocr_par' dir='ltr' id='par_1_119' title="bbox 417 5785 1282 5872">
     <span class='ocr_line' id='line_1_122' title="bbox 417 5785 1282 5872; baseline -0.014 -13"><span class='ocrx_word' id='word_1_906' title='bbox 417 5785 420 5788; x_wconf 79' lang='grc'><strong>’</strong></span> <span class='ocrx_word' id='word_1_907' title='bbox 541 5796 812 5858; x_wconf 67' lang='grc' dir='ltr'>Ρηιιοι.</span> <span class='ocrx_word' id='word_1_908' title='bbox 861 5791 976 5872; x_wconf 71' lang='grc' dir='ltr'>σει.</span> <span class='ocrx_word' id='word_1_909' title='bbox 1021 5787 1282 5849; x_wconf 79' lang='lat' dir='ltr'><strong>LXVIII.</strong></span> 
     </span>
    </p>
   </div>
   <div class='ocr_carea' id='block_1_120' title="bbox 3047 5769 3115 5830">
    <p class='ocr_par' dir='ltr' id='par_1_120' title="bbox 3047 5769 3115 5830">
     <span class='ocr_line' id='line_1_123' title="bbox 3047 5769 3115 5830; baseline -0.029 0"><span class='ocrx_word' id='word_1_910' title='bbox 3047 5769 3115 5830; x_wconf 84' lang='lat'><strong>19</strong></span> 
     </span>
    </p>
   </div>
  </div>
