3962 6296
517 239 622 309 887

1548 232 1605 300 S.
1647 229 1924 300 CYRlLLl
1964 236 2438 302 ALEXANDRJNI
2475 236 2794 306 ARCillEP.

3692 257 3795 318 588

518 373 608 428 nis
637 371 975 433 immundus,
1021 380 1131 420 non
1161 362 1608 420 manducabitur.
1644 382 1662 416 ι
1705 365 1926 420 Annum
1951 365 2103 435 ponit

2216 385 2234 418 ι
2265 367 2292 420 6
2315 369 2527 440 καρπὸς
2542 370 2732 437 αὑτοῦ,
2753 372 2879 444 τρία
2905 373 2999 445 ἐτη
3025 373 3487 447 άπερικὰθαρτος·
3503 380 3566 432 οὑ
3587 379 3794 452 βρωθῆ-

518 482 618 537 pro
647 474 929 535 tempore;
956 459 1063 514 tria
1095 460 1243 514 enim
1270 458 1451 529 prima
1483 467 1732 529 tempora
1767 458 1923 514 fuere
1979 457 2107 528 qui-

519 557 621 610 bus
653 553 834 608 adhuc
877 551 964 606 lex
1002 559 1122 605 erat
1171 550 1410 618 impura,
1449 549 1703 605 historiae
1735 549 2108 605 crassitudine

519 653 876 717 praegravata,
904 653 959 698 et
987 643 1239 698 umbram
1266 649 1528 711 tanquam
1565 641 1816 697 inutilem
1846 641 2108 696 corticem

517 733 971 805 circumpositam
1014 731 1276 788 habebat.
1317 731 1448 786 Tria
1483 747 1650 801 porro
1699 739 1948 802 tempora
1989 747 2112 788 esse

517 826 627 890 aio,
671 840 783 895 quo
826 825 1058 897 Moyses,
1089 839 1200 895 quo
1225 825 1413 890 Josue,
1450 839 1561 894 quo
1582 821 1806 880 Iudices
1849 823 2107 893 fuerunt;

518 925 777 987 quartum
802 924 991 987 postea
1016 915 1139 980 fuit,
1168 931 1278 986 quo
1303 916 1539 971 illustris
1557 916 1950 987 prophetarum
1974 917 2109 971 cho-

520 1024 614 1064 rus
639 1016 868 1063 exortus
891 1017 1004 1076 est;
1032 1018 1148 1064 tum
1168 1007 1388 1063 fructus
1425 1009 1562 1080 legis
1586 1017 1811 1064 sanctus
1829 1016 1913 1064 est
1930 1008 2108 1064 factus

518 1109 575 1156 et
589 1100 882 1156 laudabilis
909 1118 921 1152 :
939 1100 1104 1172 286
1118 1116 1246 1155 nam
1263 1117 1292 1155 a
1310 1101 1596 1172 prophetis
1617 1102 1840 1167 sanctis,
1852 1117 1973 1171 qua:
1988 1101 2108 1173 lege

519 1193 970 1258 continebantur,
1003 1192 1259 1264 abrogari
1284 1200 1412 1247 sunt
1435 1201 1614 1265 empta
1639 1210 1654 1259 ;
1690 1203 1746 1248 et
1770 1208 1839 1248 ne
1863 1208 2106 1248 comme~

519 1285 724 1339 morari
758 1285 981 1354 quidem
1005 1300 1071 1339 ea
1119 1300 1243 1361 quae
1265 1285 1320 1340 in
1347 1285 1562 1340 umbris
1593 1292 1776 1350 erant,
1804 1294 2106 1356 contraque

519 1376 725 1432 veritas
748 1376 1036 1448 praedicari
1059 1376 1263 1447 palam,
1287 1386 1343 1432 et
1365 1375 1570 1432 Christi
1597 1378 1868 1432 adventus
1899 1386 2104 1449 myste-

519 1469 663 1523 rium
701 1468 1095 1525 commendari.
1147 1467 1260 1524 Hos
1291 1469 1539 1540 proxime
1566 1469 1715 1525 illico
1761 1479 1984 1524 secutus
2021 1473 2105 1524 est

521 1560 612 1616 ille
650 1577 984 1631 praecursor,
1017 1561 1261 1620 clamans
1291 1577 1355 1617 ac
1383 1561 1577 1617 dicens
1603 1579 1615 1615 :
1669 1581 1686 1614 ι
1715 1561 2106 1618 Paenitentiam

2214 476 2419 514 σεται.)
2455 461 2528 516 Τὸ
2555 462 2675 527 ἔτος
2703 464 2920 538 τίθησιν
2954 467 3032 530 είς
3057 467 3270 540 καιρόνο
3299 471 3484 542 καιροὶ
3507 472 3618 544 γὰρ
3649 473 3794 545 πρῶ-

2210 562 2294 602 τοι
2324 549 2581 619 γεγόνασι
2609 556 2757 624 τρεῖς
2780 595 2796 621 ,
2826 554 2947 609 καθ’
2975 555 3069 620 οὒς
3097 553 3166 628 ἦν
3189 555 3219 611 6
3241 559 3406 630 νόμος
3428 562 3795 634 ἁπερικάθαρ-

2209 655 2301 703 τος
2331 638 2434 706 ἔτι,
2465 639 2544 712 τῷ
2573 642 2676 714 τῆς
2710 645 2952 716 ἱστορίας
2992 647 3157 717 πάχει
3199 649 3667 723 κατηχθισμένος,
3704 651 3794 708 καὶ

2210 728 2402 803 ὥσπερ
2448 735 2656 788 εἰκαῖον
2706 736 2974 807 συρφετὸν
3023 737 3412 809 περικείμενος
3461 741 3562 814 τὴν
3612 743 3790 800 σκιάν.

2211 823 2452 893 Χρόνους
2475 824 2530 878 δὲ
2550 829 2700 898 τρεῖς
2722 823 2859 882 εἷναί
2881 847 3044 901 φημι,
3067 829 3160 884 τὸν
3185 832 3450 898 Μωσέως,
3469 833 3563 890 τὸν
3597 837 3789 907 Ἰησοῦ,

2211 915 2303 969 τὸν
2325 916 2566 986 Κριτῶν·
2603 919 2792 990 καιρὸς
2841 923 2956 991 μετ’
2996 921 3240 986 ἐκείνους
3261 923 3519 994 τέταρτος
3546 921 3636 996 ἦν,
3671 925 3790 981 καθ’

2210 1005 2268 1059 ὃν
2317 1006 2346 1058 6
2383 1007 2635 1079 λαμπρὸς
2686 1010 2794 1064 τῶν
2841 1012 3013 1082 ἁγίων
3048 1014 3348 1086 προφητῶν
3391 1015 3564 1085 ἀνέφυ
3612 1018 3788 1090 χορός.

2211 1098 2346 1151 Τότε
2378 1098 2602 1168 γέγονεν
2626 1102 2655 1155 6
2677 1101 2772 1156 τοῦ
2813 1102 2982 1174 νόμου
3021 1105 3232 1176 καρπὸς
3260 1105 3416 1174 ἅγιός
3438 1124 3497 1160 τε
3528 1109 3622 1162 καὶ
3650 1111 3794 1162 alve-

2210 1189 2319 1252 τός.
2347 1187 2590 1262 Ἤρξατο
2607 1190 2716 1264 γὰρ
2745 1192 2810 1246 ὲκ
2835 1192 3134 1265 προφητῶν
3161 1193 3353 1263 ἁγίων,
3381 1194 3692 1250 ἀθετεῖσθαι
3720 1197 3792 1251 τὰ

2211 1283 2269 1334 ὲν
2300 1283 2470 1355 νόμῳ,
2500 1285 2597 1338 καὶ
2630 1285 2753 1340 οὐδὲ
2779 1286 3140 1360 ὀνομάζεσθαι
3169 1288 3239 1340 τὰ
3273 1287 3347 1354 ὡς
3373 1289 3433 1343 ὲν
3465 1291 3662 1352 σκιαῖς,
3690 1305 3792 1359 κη-

2213 1376 2503 1448 ρύττεσθαι
2535 1377 2594 1432 δὲ
2628 1377 2879 1450 φανερῶς
2926 1379 2960 1449 ἡ
2999 1378 3256 1450 ἀλήθεια,
3298 1379 3392 1432 καὶ
3425 1380 3526 1450 τῆς
3552 1378 3789 1452 Χριστοῦ

2211 1468 2516 1540 παρουσίας
2560 1469 2904 1523 ἐπαινεῖσθαι
2951 1470 3012 1523 τὺ
3077 1471 3391 1542 μυστήριον.
3438 1470 3548 1525 Καὶ
3591 1471 3793 1538 γείτων

2211 1560 2372 1625 εὐθὺς
2400 1560 2428 1612 6
2464 1561 2768 1633 πρόδρομος
2805 1556 2896 1634 ἦν,
2929 1563 3323 1633 ἀνακεκραγώς
3361 1580 3422 1616 τε
3461 1563 3552 1616 καὶ
3592 1561 3786 1630 λέγων

518 1653 694 1724 agite;
721 1653 1187 1726 apprOpinquavit
1219 1653 1370 1708 enim
1410 1669 1638 1725 regnum
1683 1653 2032 1708 caelorum".
2079 1671 2098 1706 ›

2217 1669 2235 1702 ι
2261 1653 2590 1706 Μετανοεῖτε
2611 1669 2625 1682 ·
2663 1654 2865 1726 ήγγικε
2885 1653 3048 1726 γὰρή
3081 1654 3328 1724 βασιλεία
3352 1653 3461 1709 τῶν
3476 1653 3737 1726 οὐρανῶν.
3766 1671 3784 1705 ι

519 1747 690 1819 Igitur
710 1757 904 1818 quarto
931 1759 1198 1818 tempore,
1225 1762 1348 1817 qua:
1390 1747 1446 1800 in
1470 1747 1589 1818 lege
1627 1745 1829 1801 tradita
1862 1745 2102 1812 fuerant,

2209 1743 2416 1799 οὐκοῦν
2439 1745 2496 1799 ὲν
2517 1745 2765 1818 τετάρτῳ
2793 1746 2974 1818 χρόνῳ
3011 1746 3147 1818 πρὸς
3178 1746 3354 1818 ἀρχὰς
3386 1745 3481 1800 τοῦ
3511 1744 3792 1801 διακαθαίο

519 1841 812 1912 expurgari
843 1849 1162 1912 cmperunt;
1190 1849 1420 1911 eratque
1439 1841 1552 1913 jam
1576 1848 1801 1896 sanctus
1833 1840 2103 1912 quodam-

518 1933 686 1988 modo
733 1935 852 2005 ejus
886 1934 1100 1990 fructus
1138 1952 1149 1986 :
1203 1942 1585 1989 verumtamen
1635 1933 1830 2003 quinto
1857 1941 2106 2004 tempore

520 2023 589 2079 ad
621 2023 807 2079 cibum
853 2025 955 2080 fuit
1001 2035 1182 2096 aptus,
1218 2041 1329 2096 quo
1355 2035 1602 2096 tempore
1631 2023 1836 2080 Christi
1876 2025 2106 2097 contigit

517 2114 808 2182 adventus,
845 2117 1170 2172 testiﬁcatus
1193 2133 1225 2173 a
1250 2116 1369 2188 lege
1386 2124 1442 2171 et
1466 2115 1770 2187 prophetis.
1803 2116 2105 2186 Propterea

520 2199 743 2278 inquit:
785 2227 802 2259 ι
838 2209 958 2264 Erit
995 2208 1210 2264 fructus
1244 2209 1365 2281 ejus
1396 2208 1668 2281 appositio
1689 2208 1868 2264 vobis.
1914 2229 1931 2260 ι
1968 2209 2104 2264 Nam

518 2309 720 2369 praeter
759 2301 1106 2374 evangelicas
1131 2301 1575 2373 praedicationes,
1616 2301 1732 2373 ipsa
1757 2317 1976 2372 quoque
2022 2303 2103 2359 le-

516 2390 656 2460 galis
675 2391 918 2449 eruditio
955 2391 1024 2447 ad
1053 2391 1579 2462 contemplationem
1619 2390 1966 2460 spiritualem
1989 2401 2102 2445 tra-

517 2480 702 2550 ducta,
770 2484 1034 2542 studiosis
1092 2485 1388 2540 utilissima
1425 2493 1531 2550 est,
1595 2483 1832 2552 ideoque
1885 2481 2105 2536 dicebat

517 2571 769 2631 Salvator
803 2593 816 2627 :
858 2595 876 2629 ι
919 2575 1112 2631 Omnis
1155 2577 1337 2631 scriba
1371 2577 1568 2637 doctus
1612 2575 1668 2629 in
1729 2588 1897 2644 regno
1931 2573 2101 2628 caelo-

517 2680 665 2730 rum,
702 2666 898 2721 similis
922 2675 1006 2722 est
1045 2667 1255 2722 homini
1291 2667 1473 2732 diviti,
1512 2666 1606 2737 qui
1643 2665 1852 2738 profert
1877 2665 1945 2721 de
1981 2665 2104 2720 the-

511 2763 683 2809 Sauro
738 2769 838 2810 suo
888 2770 1032 2810 nova
1080 2766 1137 2811 et
1188 2764 1378 2811 vetera
1431 2757 1518 2809 ⁶¹¹ε
1563 2775 1580 2807 ι
1636 2770 1777 2810 nova
1820 2755 2102 2826 appellans

512 2843 850 2915 evangelica,
887 2854 1074 2902 vetera
1094 2855 1299 2912 autem,
1323 2861 1446 2916 quae
1468 2846 1527 2902 in
1549 2847 1667 2917 lege
1691 2845 2050 2901 continentur
2084 2864 2096 2899 :

510 2947 634 3004 quae
654 2932 814 2990 nobis
838 2934 990 2988 illam
1035 2935 1090 2989 in
1120 2933 1342 2990 Christo
1367 2935 1737 3006 cognitionem
1780 2950 1892 2989 non
1926 2935 2100 2991 inele-

507 3033 704 3096 ganter
731 3027 1050 3093 conciliant,
1072 3042 1235 3097 quem
1274 3028 1434 3082 decet
1461 3027 1654 3096 gloria,
1705 3026 1884 3082 honor
1905 3034 1961 3082 et
1999 3027 2099 3082 ad-

2208 1835 2399 1907 ρεσθαι
2426 1835 2494 1890 τὰ
2526 1839 2584 1892 ὲν
2611 1838 2762 1911 νόμῳ
2789 1839 3006 1910 γέγονε,
3041 1841 3138 1896 καὶ
3165 1836 3236 1912 ἦν
3254 1841 3354 1912 ἠδη
3379 1857 3495 1904 πως
3521 1841 3551 1893 6
3581 1836 3792 1909 καρπὸς

2207 1928 2381 1997 ἆγιος.
2414 1928 2583 2001 Πλὴν,
2602 1931 2660 1984 ὲν
2680 1931 2918 2004 πέμπτῳ
2943 1932 3244 2004 βρώσιμος,
3267 1933 3389 1987 καθ’
3411 1924 3472 1986 ὃν
3495 1933 3528 2004 ἡ
3553 1927 3791 2002 Χριστοῦ

2207 2021 2478 2093 παρουσία
2512 2025 2931 2097 μαρτυρουμένη
2956 2026 3046 2082 διά
3063 2041 3122 2080 τε
3141 2025 3236 2079 τοῦ
3256 2026 3424 2097 νόμου
3448 2025 3542 2078 καὶ
3564 2021 3653 2076 διὰ
3684 2020 3792 2076 τῶν

2207 2113 2522 2186 προφητῶν.
2549 2116 2649 2170 Διὰ
2665 2115 2823 2170 τοῦτό
2846 2134 3032 2189 φησιν,
3061 2138 3078 2170 ι
3107 2118 3301 2172 Ἔσται
3339 2121 3368 2171 6
3389 2116 3600 2188 καρπὸς
3621 2111 3790 2168 αὐτοῦ

2206 2203 2495 2276 πρόσθεμα
2524 2205 2673 2276 ὑμῖν.
2702 2225 2720 2256 ι
2748 2203 2894 2278 Πρὸς
2915 2206 3024 2279 γὰρ
3073 2208 3186 2270 τοῖς
3215 2206 3592 2274 εὐαηελικοίς
3621 2201 3796 2274 κηρύ-

2205 2312 2380 2368 γμασι
2410 2298 2504 2350 καὶ
2533 2299 2568 2368 ἡ
2603 2297 2801 2368 νομικὴ
2831 2297 3112 2358 παίδευσις
3153 2297 3289 2369 πρὸς
3315 2297 3546 2368 θεωρίαν
3574 2293 3794 2365 ἠγμένη

2206 2388 2584 2457 πνευματικὴν
2603 2391 2716 2451 τοῖς
2748 2389 3069 2459 φιλομαθὲσι
3089 2388 3512 2460 χρειωδεστάτη·
3543 2387 3639 2440 καὶ
3664 2384 3796 2455 γοῦν

2204 2477 2442 2550 ἔφασκεν
2463 2481 2715 2552 όΣωτὴρ,
2733 2481 2815 2534 ὅτι
2841 2499 2860 2533 ι
2892 2481 3008 2544 Πᾶς
3037 2479 3400 2553 γραμματεὺς
3430 2479 3795 2549 μαθητευθεὶς

2204 2572 2268 2641 τῇ
2321 2569 2570 2642 βασιλείᾳ
2615 2572 2722 2625 τῶν
2764 2571 3032 2644 οὐρανῶν,
3081 2571 3267 2642 ὅμοιός
3313 2572 3461 2624 ἐστιν
3515 2569 3797 2642 ἀνθρώπῳ

2203 2659 2484 2732 πλουσίῳ,
2535 2661 2685 2725 ὅστις
2743 2662 2993 2718 ἐκϐάλλει
3040 2664 3103 2716 ὲκ
3169 2661 3263 2716 τοῦ
3305 2660 3584 2732 θησαυροῦ
3621 2660 3794 2715 αὐτοῦ

2203 2750 2364 2804 καινὰ
2398 2753 2749 2820 καὶζπαλαιά·
2776 2773 2794 2806 ι
2822 2755 2981 2809 καινὰ
3010 2753 3205 2822 λέγων,
3234 2754 3304 2806 τὰ
3336 2752 3664 2821 Εὑαγγέλια,
3695 2756 3795 2808 καὶ

2204 2842 2411 2897 παλαιὰ
2438 2843 2516 2907 δὲ,
2557 2844 2626 2898 τὰ
2662 2848 2718 2898 ὲν
2747 2846 2918 2917 νόμῳ,
2961 2845 3056 2917 τὴν
3083 2848 3142 2899 ὲν
3166 2843 3388 2916 Χριστῷ
3425 2845 3624 2914 γνῶσιν
3653 2847 3794 2915 ⁴ἡμῖν

2200 2937 2303 2989 οὐκ
2334 2935 2574 3004 ἀγεννῶς
2625 2939 3070 3009 συνεισφέροντα·
3115 2937 3265 3008 αὐτῷ
3307 2938 3340 3007 ὴ
3380 2936 3508 3000 δόξα
3547 2937 3627 3000 είς
3663 2937 3792 3002 τοὺς

2202 3027 2407 3092 αίῶνας
2438 3028 2549 3082 τῶν
2580 3029 2814 3094 αἰώνων,
2863 3030 3060 3102 Ἀμήν.

510 3117 727 3185 oratio,
769 3134 896 3174 cum
935 3120 1131 3186 Patre,
1183 3119 1279 3190 qui
1333 3117 1452 3174 sine
1493 3117 1767 3190 principio
1787 3128 1892 3186 est,
1923 3128 1980 3176 et
2017 3134 2141 3175 cum
2179 3119 2547 3187 sanctissimo,
2597 3129 2652 3176 et
2692 3121 2859 3188 bono,
2913 3129 2970 3178 et
3002 3119 3316 3178 viviﬁcante
3354 3119 3584 3192 Spiritu,
3631 3129 3791 3175 nunc

507 3218 568 3268 οι
591 3226 830 3282 semper,
865 3220 922 3268 et
954 3211 1011 3267 in
1033 3212 1235 3268 sacula
1274 3210 1624 3266 saeculorum.
1656 3213 1851 3268 Amen.

584 3329 630 3360 “
689 3327 1093 3394 Matth.lv,l7.
1175 3327 1218 3358 ⁸⁷
1253 3325 1450 3382 Matth.
1501 3341 1618 3392 xm,
1672 3324 1762 3380 52.

534 3512 3778 3552 W

1089 3691 1487 3818 ΠΕΡΙ
1587 3684 1931 3814 ΤΗΣ
2033 3638 2296 3810 EN
2347 3633 3226 3817 ΠΝΕΥΜΑΤΙ

1721 3916 1916 4008 ΚΑΙ
1963 3916 2450 4009 ΑΛΗΘΕΙΑ

925 4112 2146 4236 ΠΡΟΣΚΥΝΗΣΕΩΣ
2261 4116 2537 4228 ΚΑΙ
2649 4107 3392 4231 ΛΑΤΡΕΙΑΣ

1359 4320 1364 4326 “
1677 4337 2044 4426 ΛΟΓΟΣ
2118 4326 2655 4424 ΕΝΝΑΤΟΣ.

587 4603 767 4719 DE
882 4602 1814 4722 ADORATIONE
1961 4609 2141 4723 ET
2258 4607 2738 4728 CULTU
2847 4613 2998 4727 IN
3117 4612 3705 4784 SPIBITU

1667 4847 1836 4952 ET
1943 4849 2256 4954 VhRI
2281 4847 2604 4960 ΓΑΤΕ

1780 5071 2082 5149 LIBER
2155 5074 2364 5154 NON
2381 5075 2536 5153 US.

501 5399 664 5479 287
697 5398 775 5460 De
817 5409 1000 5461 sancto
1035 5405 1561 5488 tabernaculatquod
1603 5406 1797 5464 Christi
1839 5408 2087 5464 Ecclesiae

2209 5409 2335 5478 Περὶ
2377 5409 2488 5481 τῆς
2524 5411 2700 5488 ἁγία-ς
2741 5411 2984 5488 σκηνῆς
3007 5453 3024 5478 ,
3073 5415 3164 5468 ὅτι
3202 5415 3403 5488 *τύπος
3442 5414 3524 5488 ἦν
3562 5412 3672 5484 τῆς
3707 5413 3774 5467 ἐν

1103 5486 1255 5548 typus
1286 5480 1468 5548 fuerit.

575 5567 875 5625 Charitatis
901 5569 1091 5641 igitur,
1119 5579 1177 5624 et
1211 5571 1332 5641 ejus
1375 5587 1498 5640 qua.
1531 5571 1586 5625 in
1639 5572 1833 5637 Deum,
1872 5582 1928 5627 et
1965 5587 2088 5642 quae

504 5659 561 5724 lu
588 5658 787 5719 fratres
813 5661 1146 5731 ostenditur,
1179 5661 1410 5733 insignia
1437 5662 1700 5732 ιιι-ποιῆτε
1720 5672 1868 5730 sunt,
1899 5673 1954 5720 et
1986 5664 2084 5719 ha-

2645 5481 2878 5550 Χριστῷ
2925 5485 3305 5552 Ἐκκλησίας.

2279 5573 2526 5645 Ἀγάπης
2563 5574 2660 5644 μὲν
2702 5568 2796 5629 οὖν
2825 5577 2907 5638 είς
2938 5574 3072 5630 Θεόν
3109 5593 3167 5632 τε
3199 5579 3292 5633 καὶ
3324 5577 3586 5647 ἀδελφοὺς
3614 5592 3768 5646 περι-

2191 5667 2332 5738 φανῆ
2351 5666 2420 5724 τὰ
2438 5667 2754 5739 αὐχήματα,
2783 5669 2878 5724 καὶ
2903 5669 3332 5743 αποπεραίνεται
3361 5671 3461 5744 μὲν
3483 5672 3549 5728 δι’
3570 5672 3770 5740 ἀμφοῖν
