3962 6296
230 229 338 288 589

992 216 1082 284 bs
1116 217 1560 286 ADOBATiONE
1599 217 1665 286 iN
1706 216 1972 286 satam)
2016 224 2104 284 ET
2145 220 2508 286 \‘EltlTATE.
2552 217 2678 286 LIB.
2706 215 2797 287 1x.

3401 222 3503 290 ἔξω

229 343 463 414 ὀνόμος.
486 341 754 404 Εὐκλείας
782 356 847 410 γε
876 343 981 413 μὴν
1006 344 1087 408 εἰς
1121 342 1280 397 τοῦτο
1305 343 1656 414 κατηντηκὼς
1686 343 1810 398 amt

1934 359 2055 399 rum
2092 353 2324 414 utraque
2356 344 2444 398 lex
2489 344 2774 414 perﬁcitur
2808 361 2820 398 :
2859 359 2942 410 ac,
2979 344 3229 415 quisquis
3268 346 3335 400 ad
3376 354 3505 401 eum

231 439 315 495 τις
343 429 466 498 οὖν,
495 431 750 503 λαμπρός
782 448 842 484 τε
879 432 971 486 καὶ
1005 430 1359 500 ἀξιάγαστος,
1393 433 1487 485 καὶ
1518 433 1574 486 ἐν
1602 435 1715 496 τοῖς
1745 433 1826 486 ὅτι

240 525 477 598 μάλιστα
515 523 767 592 γνησίοις
812 522 1238 589 κατατετάξεται
1261 565 1274 588 ,
1325 524 1559 594 Χριστοῦ
1595 521 1825 593 βοῶντος

239 617 330 671 καὶ
353 615 680 684 λέγοντος,ξι
701 608 800 678 Εὖ,
832 613 982 666 δοῦλε
1014 613 1185 683 ἀγαθὲ
1216 614 1311 667 καὶ
1337 614 1515 679 πιστὲ,
1546 613 1637 667 ἐπὶ
1667 613 1823 683 ὀλίγα

237 705 301 783 ἧς
326 710 544 775 πιστὸς,
565 709 658 762 ἐπὶ
682 707 895 761 πολλῶν
919 725 977 760 σε
1007 710 1354 778 καταστήσω·
1387 706 1591 760 εἴσελθε
1618 707 1700 770 είς
1723 708 1822 778 τὴν

237 804 412 876 χαρὰν
449 801 546 855 τοῦ
587 800 795 873 Κυρίου
832 816 947 854 σου.
989 817 1008 852 ι
1045 797 1426 852 Είσελεύσεται
1465 797 1575 870 γὰρ
1618 799 1682 870 δὴ
1728 799 1823 854 καὶ

242 895 384 967 μάλα
413 894 654 966 ἑτοίμως
680 893 764 957 είς
813 891 913 962 τὴν
941 890 1259 962 ἐπουράνιον
1313 891 1666 963 Ἰερουσαλὴμ
1684 935 1699 958 ,
1727 891 1822 945 καὶ

236 989 354 1049 ταῖς
383 983 498 1038 ἀνω
528 986 717 1055 μοναίς
763 983 1177 1053 ὲνδιαιτήσεται,
1227 983 1340 1044 τοῖς
1383 982 1522 1052 ὑπὲρ
1566 981 1689 1035 νοῦν
1725 981 1820 1035 καὶ

239 1077 392 1144 λόγον
415 1074 696 1147 ἐντρυφῶν
721 1072 964 1143 ἀγαθοῖς.
989 1072 1265 1125 Τοιουτονί
1286 1089 1337 1126 τι
1362 1072 1457 1126 καὶ
1481 1074 1510 1126 ὁ
1534 1072 1819 1143 προφήτης

244 1169 476 1231 Ἡσαΐας
505 1168 690 1238 φησίν·
731 1185 749 1218 ι
781 1167 842 1220 Οί
873 1161 1140 1236 ὀφθαλμοί
1167 1181 1259 1218 σου
1287 1155 1526 1234 ὄψονται,
1549 1165 1817 1235 Ἰερουσα-

235 1259 367 1332 λὴμ,
400 1259 587 1320 πόλεις
621 1256 904 1318 πλουσίας,
942 1255 1179 1325 σκηνὰς,
1207 1255 1262 1308 αἳ
1293 1255 1354 1310 οὐ
1398 1255 1470 1325 μὴ
1507 1253 1814 1318 σεισθῶσιν,

234 1352 354 1406 οὐδὲ
387 1351 463 1422 μὴ
492 1349 790 1418 κιηθῶσιν
831 1350 877 1400 οἱ
907 1347 1173 1401 πάσσαλοι
1201 1349 1300 1416 τῆς
1330 1346 1562 1416 σκηνῆς,
1599 1347 1719 1400 οὐδὲ
1747 1346 1818 1400 τά

237 1441 445 1514 σχοινία
465 1441 638 1510 αὐτῆς
661 1439 724 1493 0-5
760 1440 832 1510 μὴ
857 1437 1215 1510 διαρραγῶσι.
1257 1453 1278 1489 ι
1311 1437 1556 1506 Παράγει
1589 1438 1685 1507 μὲν
1705 1437 1814 1509 γάρ

235 1532 294 1586 τὸ
342 1532 526 1602 σχῆμα
568 1529 659 1583 τοῦ
711 1530 917 1598 κόσμου
957 1527 1173 1592 τούτου,
1227 1525 1367 1579 κατά
1410 1525 1509 1590 τάς
1567 1527 1810 1596 Γραφάς.

1927 437 2114 508 gloriae
2153 435 2383 507 gradum
2413 433 2750 505 pervenerit,
2780 435 3010 490 illustris
3037 437 3142 492 erit
3171 444 3227 491 et
3259 437 3504 492 admira-

1928 527 2074 593 bilis,
2105 535 2160 583 et
2187 529 2334 582 inter
2372 526 2724 584 ﬁdelissimos
2755 526 2851 581 Dei
2881 541 3071 582 servos
3099 529 3501 594 numerabitur,

1927 635 2052 674 cum
2076 619 2330 674 clamabit
2348 618 2620 684 Christus,
2645 633 2709 672 ac
2725 617 2902 672 dicet:
2936 637 2953 668 ι
2975 617 3144 688 Euge,
3174 635 3330 676 serve
3359 620 3502 677 bone

1924 711 1980 766 et
2029 707 2225 776 ﬁdelis,
2256 711 2312 765 in
2342 726 2514 781 pauca
2564 709 2718 765 fuisti
2766 709 2978 776 ﬁdelis,
3037 726 3201 780 supra
3243 714 3412 768 multa
3448 722 3502 769 te

1924 800 2290 866 constituam;
2328 800 2473 855 intra
2508 799 2565 854 in
2603 799 2865 870 gaudium
2900 798 3120 854 Domini
3149 800 3230 854 tui
3254 800 3319 854 9°.
3360 822 3379 853 ι
3409 803 3500 857 ln-

1921 891 2202 962 gredietur
2231 891 2400 956 enim.
2430 899 2489 946 et
2534 890 2757 961 quidem
2796 889 3073 961 expedite,
3116 891 3174 945 in
3218 891 3367 946 illam
3394 907 3506 948 οω-

1920 982 2114 1039 lestem
2147 983 2478 1050 Jerusalem,
2517 991 2574 1038 et
2611 983 2670 1038 in
2709 982 2964 1054 supernis
2994 983 3102 1038 illis
3125 983 3505 1038 mansionibus

1921 1073 2102 1146 deget,
2134 1083 2190 1130 et
2228 1074 2390 1130 bonis
2431 1081 2553 1145 quae
2597 1090 2819 1132 omnem
2872 1075 3252 1146 intelligentia:
3293 1076 3502 1130 oratio-

1919 1167 2114 1236 nisque
2165 1166 2480 1222 facultatem
2526 1175 2816 1238 superant,
2853 1167 3186 1238 perfruetur.
3217 1165 3498 1238 Ejusmodi

1917 1257 2084 1327 288
2137 1257 2418 1327 quidpiam
2467 1255 2637 1312 etiam
2699 1258 2969 1328 propheta
3021 1253 3190 1312 Isaias
3248 1257 3430 1327 inquit
3481 1274 3498 1314 :

1925 1367 1943 1399 ι
1975 1346 2130 1403 Oculi
2167 1349 2246 1402 tui
2269 1349 2536 1404 videbunt
2564 1348 2888 1414 Jerusalem,
2917 1349 3168 1404 civitates
3190 1350 3499 1419 opulentas,

1914 1438 2269 1493 tabernacula
2299 1455 2420 1508 quae
2465 1454 2812 1510 nequaquam
2864 1439 3272 1504 concutientur,
3319 1453 3500 1510 neque

1914 1529 2284 1584 movebuntur
2309 1531 2495 1601 paxilli
2525 1530 2886 1595 tabernaculi,
2921 1545 3102 1600 neque
3137 1529 3296 1585 funes
3325 1531 3500 1608 ipsius

246 1622 598 1695 Ἐδραιοτάτη
643 1621 698 1673 δὲ
751 1618 952 1688 σφόδρα
989 1617 1085 1670 καὶ
1133 1615 1465 1686 ἀκράδαντος
1511 1615 1728 1678 πάντως
1776 1617 1810 1686 ἠ

1917 1621 2336 1691 disrumpentur
2376 1622 2461 1688 69;
2524 1636 2542 1672 ι
2602 1620 2850 1691 praeterit
2893 1619 3040 1674 enim
3103 1618 3276 1688 ﬁgura
3331 1619 3498 1690 hujus

236 1686 352 1767 tibv-
374 1686 650 1781 ἐσομένων
679 1710 850 1771 ἐλπίς.
885 1686 1054 1760 Ἄλλά
1094 1707 1296 1761 τούτων
1329 1707 1582 1761 ἁπάντων
1611 1705 1808 1777 λυομέ-

1915 1711 2108 1766 mundi
2135 1686 2210 1777 3°,
2244 1719 2307 1766 ut
2353 1686 2652 1782 Scriptura:
2699 1711 2926 1776 dicunt;
2961 1709 3052 1764 illa
3080 1686 3212 1764 vero
3252 1723 3376 1779 spes
3404 1686 3494 1763 ιιι-

235 1822 358 1869 νων,
389 1803 532 1857 καθά
568 1803 662 1856 καὶ
697 1801 786 1854 τοῦ
827 1800 1076 1870 Σωτῆρος
1108 1799 1479 1870 διισχυρίσατο
1521 1796 1804 1868 μαθητὴς,

236 1897 514 1965 ποταμοὺς
557 1893 638 1945 δεῖ
665 1891 952 1961 εὑρεθῆναι
989 1890 1164 1960 ἡμᾶς,
1195 1889 1384 1956 ἁγίους
1423 1889 1515 1942 καὶ
1549 1886 1810 1957 ἀμώμους

233 1987 354 2040 κατ’
381 1984 614 2038 ἐνώπιον
653 1981 851 2042 αὑτοῦ,
891 1981 1287 2050 πνευματικαῖς
1335 1977 1432 2048 μὲν
1459 1977 1672 2041 θυσίαις
1709 1993 1809 2029 κα-

231 2077 661 2149 ταγεραίροντας
697 2073 772 2135 ὡς
810 2071 1043 2142 Σωτῆρα
1086 2069 1177 2124 καὶ
1214 2069 1530 2139 Λυτρωτὴν,
1571 2069 1721 2140 ίεράν
1753 2068 1811 2123 δὲ

232 2171 325 2224 καὶ
357 2167 676 2227 ἀπόλεκτον,
719 2161 812 2216 καὶ
843 2165 957 2224 τοῖς
997 2160 1370 2228 εὐαγγελικοῖς
1409 2159 1808 2230 συμϐαίνουσαν

231 2261 411 2328 νόμοις
453 2253 874 2325 ἐπιτηδεύοντας
945 2250 1253 2305 πολιτείανο
1312 2249 1562 2321 καθάπερ
1618 2249 1810 2320 ἀμέλει

231 2353 340 2412 τοῖς
380 2345 760 2418 ἀρχαιοτέροις
798 2345 827 2397 ὁ
871 2343 1032 2412 νόμος
1072 2340 1171 2413 τὴν
1207 2339 1348 2393 οὕτω
1386 2342 1591 2411 σεπτήν
1627 2358 1684 2393 τε
1717 2341 1811 2395 καὶ
1853 2375 1859 2387 .

230 2441 556 2511 ἁξιάληπτον
600 2433 958 2502 ὲσκιαγράφει
985 2432 1153 2503 ζωήν·
1187 2428 1557 2502 μηλοσφαγεῖν
1591 2432 1812 2484 ὲπιτάτ..

231 2551 358 2594 των,
400 2529 500 2582 καὶ
536 2527 640 2590 τάς
681 2526 748 2578 δι’
792 2523 1040 2595 αἱμάτων
1091 2521 1364 2575 ποιεῖσθαι
1411 2522 1807 2592 προσαγωγὰς,

229 2625 466 2685 δεκάτας
489 2638 550 2674 τε
583 2619 675 2673 καὶ
708 2615 962 2687 ἀπαρχὰς
990 2613 1250 2686 ἀφιεροῦν
1279 2613 1357 2684 τῷ
1386 2613 1526 2684 Θεῷ,
1555 2614 1648 2668 καὶ
1675 2615 1810 2683 πρὸς

235 2714 439 2778 τούτοις
458 2712 538 2765 ἔτι
556 2709 904 2782 χαριστήρια.
929 2705 1096 2776 Πλὴν,
1118 2704 1216 2758 οὐκ
1234 2704 1339 2769 ἔξω
1357 2703 1513 2771 ταυτὶ
1532 2705 1628 2775 τῆς
1649 2705 1810 2772 ἁγίας

236 2803 569 2879 πράττεσθαι
597 2801 704 2854 δεῖν
730 2797 1036 2868 ἐνομοθέτει
1064 2796 1287 2869 σκηνῆς.
1327 2797 1646 2850 Ἀπόλεκτον
1669 2797 1725 2850 δὲ
1752 2797 1812 2850 τὸ

233 2897 296 2949 ὲκ
328 2891 459 2948 Λευτ
484 2891 642 2960 γένος
678 2888 912 2943 ἀνετίθει
956 2886 1034 2956 τῷ
1080 2886 1218 2958 Θεῷ,
1243 2885 1411 2940 τύπον
1439 2889 1569 2957 ἡμῖν
1613 2888 1708 2941 καὶ
1732 2889 1811 2952 είς

1910 1810 2166 1857 turorum
2209 1803 2481 1857 bonorum
2533 1801 2847 1856 ﬁrmissima
2887 1810 3007 1868 est,
3055 1815 3235 1871 neque
3273 1800 3493 1857 concuti

1912 1894 2022 1948 ullo
2049 1893 2211 1948 modo
2261 1901 2458 1962 potest.
2511 1883 2638 1957 Sed,
2679 1907 2806 1948 cum
2867 1892 2985 1946 haec
3022 1893 3207 1947 omnia
3267 1893 3491 1948 solvan-

1926 1994 2016 2038 tur
2049 1987 2132 2054 (ut
2187 1984 2484 2039 Salvatoris
2533 1983 2707 2037 nostri
2758 1998 2977 2052 quoque
3006 1982 3308 2052 discipulus
3351 1982 3495 2038 aﬂir—

1915 2075 2132 2146 mavit),
2167 2075 2358 2144 quales
2388 2090 2490 2130 nos
2527 2073 2759 2129 inveniri
2795 2081 3013 2144 oportet
3053 2076 3097 2106 '“
3121 2115 3134 2139 ,
3183 2085 3402 2132 sanctos
3437 2085 3494 2131 et

1911 2166 2288 2221 immaculatos
2325 2166 2382 2221 in
2407 2173 2704 2235 conspectu
2734 2167 2886 2236 ejus;
2933 2165 3128 2220 hostiis
3168 2182 3295 2221 eum
3326 2167 3490 2236 spiri-

1913 2259 2156 2314 tualibus
2188 2267 2250 2313 ut
2289 2258 2628 2314 Salvatorem
2665 2273 2729 2313 ac
2759 2257 3184 2327 Redemptorem
3217 2273 3491 2312 veneran-

1913 2355 2015 2412 tes,
2065 2363 2128 2403 ac
2160 2363 2370 2403 sacram
2409 2355 2466 2402 et
2491 2347 2763 2418 egregiam
2791 2347 3292 2410 conversationem,
3327 2362 3494 2402 evan.

1911 2441 2206 2509 gelicisque
2248 2439 2461 2510 legibus
2503 2447 2898 2510 congruentem
2931 2442 3225 2507 sequentes
3259 2454 3271 2490 :
3302 2439 3487 2508 cujus-

1913 2530 2059 2584 modi
2089 2530 2308 2583 vivendi
2343 2544 2516 2598 genus
2556 2527 2694 2583 adeo
2723 2527 3096 2582 venerandum
3133 2537 3188 2582 et
3217 2527 3365 2582 omni
3394 2528 3490 2582 ad;-

1913 2621 2206 2674 miratione
2247 2620 2476 2689 dignum
2527 2620 2613 2675 lex
2669 2619 2867 2690 priscis
2909 2619 3019 2674 illis
3047 2619 3364 2673 hominibus
3388 2619 3489 2673 ad-

1913 2711 2210 2776 umbravit,
2249 2727 2374 2766 cum
2410 2712 2650 2783 pecudes
2695 2711 2928 2776 caedere,
2962 2717 3018 2766 et
3052 2718 3307 2766 cruentas
3333 2711 3488 2766 obla-

1914 2802 2093 2857 tiones
2119 2801 2351 2867 oﬁ‘erre,
2386 2803 2630 2858 decimas
2659 2810 2946 2873 praeterea,
2979 2807 3036 2857 et
3078 2800 3352 2872 primitias
3378 2801 3489 2856 Deo

1909 2907 2258 2957 “consecrare,
2298 2899 2529 2950 munera
2567 2893 2827 2963 denique,
2880 2893 3081 2963 quibus
3126 2893 3195 2948 de
3253 2892 3490 2962 acceptis

233 2989 373 3060 ἡμᾶς
413 2983 611 3046 αὐτοὺς
648 2981 708 3034 τὸ
744 2983 932 3051 χρῆμα
963 2980 1151 3044 τιθείς.
1199 2977 1528 3050 Κεκλήμεθα
1560 2978 1668 3051 γὰρ
1713 2970 1806 3032 καὶ

1913 2986 2195 3042 beneﬁciis
2229 2987 2417 3056 gratim
2461 2994 2776 3056 agerentur,
2825 2985 3021 3039 afferre
3059 2984 3301 3054 juberet.
3363 2985 3490 3038 Hte‘c

233 3081 386 3151 ἠμῖς
417 3075 571 3148 παρά
595 3091 658 3143 γε
689 3075 806 3132 ταῖς
829 3071 994 3134 θείαις
1021 3070 1265 3140 Γραφαῐς
1296 3087 1313 3120 ι
1348 3071 1502 3137 γένος
1527 3069 1802 3136 ἐκλεκτὸν,

235 3170 499 3243 βασίλειον
526 3167 846 3238 ἱεράτευμα,
877 3163 1028 3226 ἔθνος
1057 3164 1228 3232 ἅγιον,
1254 3163 1381 3226 λαὸς
1404 3165 1482 3224 είς
1515 3163 1804 3235 περιποίη-

235 3276 336 3314 σιν.
369 3278 388 3309 ι
429 3255 820 3324 Εἰσελαύνομεν
848 3253 904 3306 δὲ
936 3253 1030 3306 καὶ
1055 3254 1133 3316 είς
1157 3251 1356 3324 σκηνὴν
1387 3251 1487 3323 τὴν
1513 3252 1805 3323 ἀληθεστέ-

231 3368 353 3422 ραν,
380 3351 448 3417 ἣν
488 3346 690 3418 ἔπηξεν
730 3348 756 3398 ὁ
789 3343 990 3415 Κύριος
1027 3341 1121 3396 καὶ
1167 3343 1266 3395 οὐκ
1303 3342 1620 3414 ἄνθρωπος,
1661 3343 1804 3397 τοῦτ’

231 3441 345 3494 ἐστι
411 3438 511 3509 τὴν
566 3435 907 3506 Ἐκκλησίαν,
953 3436 1014 3489 οὐ
1052 3434 1139 3488 διά
1186 3434 1400 3505 μόσχων
1458 3435 1552 3488 καὶ
1587 3435 1804 3504 τράγων

232 3529 701 3603 ἐκμειλισσόμενοι
723 3529 813 3581 τὸν
834 3527 940 3580 τῶν
964 3526 1098 3580 ὅλων
1124 3526 1326 3596 Δημιου
1337 3525 1482 3598 ργὸν,
1511 3526 1624 3579 ἀλλ’
1647 3527 1722 3590 ὡς
1744 3529 1802 3580 ὲν

230 3620 363 3694 ὀρθῇ
416 3637 475 3672 τε
523 3618 619 3671 καὶ
665 3618 950 3688 ἀμωμήτῳ
1008 3617 1189 3670 πίστει
1233 3617 1657 3687 διαπρέποντες,
1707 3616 1802 3670 καὶ

231 3710 623 3780 πνευματικαῖς
674 3707 1071 3778 καρποφορίαις
1136 3705 1337 3777 νοητῶς
1398 3704 1800 3770 εὐωδιάζοντες.

237 3812 256 3847 Ι
288 3799 576 3863 Τοιαύταις
605 3799 714 3870 γὰρ
739 3797 803 3869 δὴ
828 3796 1037 3861 θυσίαις
1062 3796 1438 3868 εὐαρεστεῖται
1471 3795 1624 3863 Θεὸς,
1658 3815 1677 3849 ι
1707 3797 1802 3849 καὶ

231 3894 352 3958 τοὺς
390 3890 832 3964 προσκυνοῦντας
865 3889 1046 3954 αὑτὸν,
1077 3891 1133 3942 ὲν
1160 3888 1427 3959 πνεύματι
1449 3889 1544 3942 καὶ
1576 3889 1803 3962 ἀληθείᾳ

230 3985 308 4040 δεῖ
326 3987 676 4057 προσκυνεῖν,
702 3981 844 4036 κατά
863 3983 959 4052 τὴν
977 3981 1068 4035 τοῦ
1100 3981 1352 4052 Σωτῆρος
1380 3983 1584 4053 φωνήν.

1909 3087 2090 3132 tamen
2130 3078 2333 3142 omnia,
2368 3093 2438 3132 ne
2467 3085 2620 3130 extra
2651 3085 2901 3132 sanctum
2935 3075 3349 3129 tabernaculum
3387 3075 3486 3130 ﬁe-

1905 3176 2050 3230 rent,
2084 3167 2389 3222 constituit.
2423 3165 2697 3220 Sclectum
2749 3178 2914 3234 porro
2956 3163 3274 3218 Levitarum
3313 3177 3488 3235 genus

1905 3261 2015 3315 Deo
2053 3259 2285 3323 dicavit;
2320 3273 2426 3328 qua
2465 3257 2689 3326 quidem
2739 3255 2796 3309 in
2849 3261 2909 3310 re
2953 3255 3115 3310 nobis
3153 3254 3379 3326 ﬁguram
3415 3248 3482 3310 ad

1903 3365 2003 3404 nos
2029 3350 2174 3419 ipsos
2199 3347 2563 3418 pertinentem
2591 3343 2743 3398 dedit
2777 3361 2788 3396 :
2823 3358 2950 3397 nam
2997 3343 3052 3398 in
3100 3344 3303 3400 divinis
3341 3343 3486 3399 Scri-

1907 3442 2087 3513 pturis
2125 3455 2226 3494 nos
2253 3451 2472 3508 quoque
2505 3449 2697 3490 sumus
2737 3453 2755 3485 ¢
2800 3449 2974 3505 genus
3012 3435 3271 3500 electum,
3305 3436 3484 3506 regale

1909 3528 2296 3595 sacerdotium,
2318 3541 2450 3600 gens
2478 3532 2687 3589 sancta,
2715 3524 2951 3594 populus
2980 3523 3359 3594 acquisitionis
3382 3526 3428 3556 τ’
3457 3544 3476 3576 ι

1910 3621 2206 3693 appellati;
2246 3620 2341 3691 qui
2389 3618 2556 3674 etiam
2598 3617 2785 3672 verius
2833 3616 3283 3682 tabernaculum,
3335 3619 3482 3687 quod

1911 3713 2029 3768 ﬁxit
2059 3713 2224 3778 Deus,
2255 3721 2312 3768 et
2348 3727 2457 3765 non
2501 3710 2668 3765 homo
2707 3708 2774 3773 ⁷³,
2815 3706 2870 3761 id
2915 3715 2998 3761 est
3033 3706 3355 3772 Ecclesiam,
3396 3707 3483 3762 in-

1907 3805 2224 3875 gredimur;
2259 3819 2370 3858 non
2395 3801 2543 3872 quod
2576 3799 2962 3854 universarum
2997 3813 3184 3852 rerum
3216 3797 3483 3854 Condito-

1906 3911 2023 3950 rem
2049 3896 2234 3952 vitulis
2275 3902 2332 3950 et
2378 3894 2546 3948 hircis
2573 3893 2874 3963 placemus,
2907 3889 3004 3945 sed
3039 3901 3187 3946 recta
3217 3891 3484 3946 immacu-s

1905 3988 2123 4058 lataque
2158 3988 2264 4042 ﬁde
2297 3988 2469 4043 simus
2531 3984 2732 4050 ornati,
2784 3998 2848 4039 ac
2886 3983 3202 4053 spirituaies
3247 3985 3483 4040 oblatioa

235 4095 345 4148 nes,
393 4077 755 4152 intelligentia
800 4077 1124 4145 sublimibri,
1177 4079 1234 4133 in
1280 4077 1508 4133 odorem
1573 4081 1860 4138 suavitatis
1933 4083 2364 4140 incendamus:
2417 4083 2643 4137 Talibus
2694 4081 2841 4135 enim
2888 4078 3088 4134 hostiis
3139 4090 3486 4149 promeretur

233 4175 374 4232 Deus
397 4175 447 4206 ⁷⁵
471 4193 486 4228 :
528 4193 546 4227 ι
581 4181 638 4228 et
663 4187 761 4228 eos
788 4172 883 4242 qui
920 4171 1152 4228 adorant
1179 4187 1328 4238 eum,
1357 4181 1417 4226 ut
1446 4172 1696 4229 Salvator
1717 4182 1905 4230 noster
1943 4175 2101 4240 dixit,
2155 4177 2212 4230 in
2267 4175 2466 4246 spiritu
2501 4183 2558 4228 et
2577 4172 2809 4226 veritate
2837 4169 3068 4222 adorare
3094 4177 3311 4237 oportet
3339 4171 3406 4224 '4’.

295 4271 507 4325 ΠΑΛΛ.
559 4267 762 4340 Ὀρθῶς
796 4267 950 4338 ἔφης.
986 4269 1094 4322 Καὶ
1136 4266 1349 4330 θυσίαις
1390 4267 1488 4337 μὲν
1515 4271 1635 4332 ταῖς
1665 4269 1804 4341 ὑπὲρ

1978 4271 2174 4326 PALL.
2207 4272 2376 4325 Recte
2402 4282 2532 4323 sane
2564 4267 2721 4321 dicis.
2749 4265 2953 4318 Verum
2982 4262 3176 4316 hostiis
3223 4264 3480 4332 equidem

231 4365 388 4432 νόμον
411 4362 494 4414 ὃτι
515 4359 790 4431 προσῆκεν
811 4359 957 4428 ἡμᾶς
979 4357 1303 4427 εὐδοκιμεῖν,
1327 4356 1494 4427 φαίην
1517 4357 1582 4411 ἂν
1606 4358 1800 4427 ἕγωγεδ

232 4456 568 4528 συνθήσομαι
606 4455 731 4522 γάρ.
764 4451 933 4522 Πλὴν,
974 4453 1152 4506 ἐκεῖνο
1179 4451 1406 4523 φράσον·
1455 4449 1545 4523 ἆρ’
1583 4454 1683 4508 οὐκ
1726 4457 1806 4520 είς

229 4548 395 4604 τύπον
426 4548 556 4617 ἡμῖν
577 4546 676 4615 τῆς
705 4544 763 4612 ἐξ
803 4543 972 4598 ὲθνῶν
1013 4542 1340 4612 Ἐκκλησίας
1368 4544 1400 4605 ή
1437 4542 1641 4598 παλαιά
1666 4545 1806 4599 κατά

229 4638 325 4711 τὴν
349 4639 556 4708 ἔρημον
574 4635 898 4706 διεπήγνυτο
922 4633 1115 4704 σκηνὴ,
1145 4634 1244 4703 τῆς
1274 4626 1805 4706 ἁληθεστέραξάμυ-

227 4729 351 4804 δρόν
378 4745 494 4793 πως
532 4728 612 4781 ἔτι
639 4728 702 4781 τὸ
728 4728 921 4790 κάλλος
946 4725 1308 4795 ἐκφαίνουσας

296 4993 464 5052 ΚΥΡ.
499 4995 648 5050 Πάνυ
711 4994 812 5065 μὲν
869 4988 985 5048 οῦνι
1050 4993 1228 5064 Ἔφην
1270 4992 1329 5046 δὲ
1387 4995 1483 5048 καὶ
1544 4994 1747 5066 ἀρτίως
1783 5034 1800 5063 ,

230 5075 311 5145 στί
379 5089 475 5142 καὶ
515 5088 578 5142 τὸ
621 5087 820 5158 ἄριστα
853 5085 962 5138 δεῖν
1014 5083 1268 5154 είλῆφθαι
1310 5084 1443 5156 πρὸς
1490 5085 1641 5155 ίεράς
1697 5087 1803 5142 λει.

226 5182 484 5254 τουργίας
538 5180 665 5244 τοὺς
717 5178 778 5244 ἐξ
833 5177 1060 5246 αἵματος
1098 5175 1265 5241 Λευῖ,
1306 5169 1400 5230 καὶ
1433 5178 1800 5249 ’κεκλημένων

228 5273 288 5327 ὲν
339 5274 521 5328 πίστει
582 5269 720 5335 πρὸς
771 5268 925 5340 ίεράν
981 5269 1075 5322 καὶ
1121 5267 1421 5339 ἀμώμητον
1475 5269 1642 5338 ζωὴν,
1697 5289 1802 5343 φη-

233 5367 294 5438 μὶ
334 5366 398 5436 δὴ
442 5363 542 5435 τὴν
591 5363 651 5415 ὲν
692 5359 944 5432 Χριστῷ,
983 5359 1150 5424 τύπος
1205 5359 1272 5413 ἂν
1329 5358 1417 5430 είη
1474 5361 1655 5416 πάλιν.

1900 4379 2021 4436 quae
2052 4363 2160 4418 sint
2187 4361 2453 4432 legalibus
2481 4359 2590 4413 illis
2619 4355 3048 4428 praestantiores,
3070 4369 3173 4408 nos
3202 4369 3482 4410 commem

1901 4452 2019 4508 dari
2042 4463 2300 4522 oportere
2322 4449 2547 4504 minime
2575 4444 2895 4511 abnuerim;
2939 4443 3039 4500 tibi
3070 4444 3218 4498 enim
3243 4444 3481 4501 libenter

1900 4544 2190 4600 assentior.
2235 4541 2343 4598 Sed
2382 4551 2564 4596 tamen
2591 4536 2727 4592 illud
2771 4537 3012 4606 explices
3035 4535 3222 4601 velim,
3261 4553 3328 4590 an
3367 4554 3478 4593 non

1903 4637 1959 4692 in
1991 4636 2167 4707 ﬁgura
2214 4634 2473 4691 Ecclesia:
2518 4648 2585 4687 ex
2621 4631 2880 4703 gentibus
2913 4640 3073 4685 vetus
3112 4629 3245 4684 illud
3294 4629 3478 4684 laberi-

1903 4729 2160 4783 n‘aculum
2193 4742 2292 4797 per
2333 4739 2581 4780 eremum
2615 4723 2688 4778 sit
2723 4721 2912 4787 ﬁxum,
2938 4720 3085 4791 quod
3114 4720 3262 4774 illius
3293 4721 3478 4775 'verio-

1904 4820 1982 4875 ris
2021 4819 2397 4876 obscuriorem
2431 4815 2834 4887 quodammodo
2876 4813 3057 4869 adhuc
3089 4812 3323 4882 speciem
3367 4828 3480 4883 prae

1903 4925 1972 4966 se.
1995 4909 2199 4964 ferret?

1973 4999 2129 5057 CYR.
2154 4999 2384 5055 Maxime
2411 5005 2545 5053 vero
2576 5014 2590 5051 :
2621 4995 2732 5052 dixi
2765 4994 2932 5049 etiam
2963 4991 3126 5062 paulo
3154 4998 3301 5055 ante,
3331 4990 3386 5044 in
3413 5007 3479 5045 co

1904 5093 2052 5164 quod
2091 5093 2159 5148 ad
2211 5109 2366 5148 sacra
2412 5091 2674 5161 obsequia
2722 5089 2762 5143 ii
2807 5087 2911 5142 rite
2945 5084 3260 5140 assumendi
3297 5092 3474 5148 erant,

1905 5187 2002 5256 qui
2033 5185 2103 5240 de
2130 5200 2331 5256 genere
2360 5183 2494 5238 Levi
2533 5182 2641 5237 orti
2679 5187 2884 5244 essent,
2916 5192 3112 5233 rursus
3147 5191 3339 5232 eorum
3380 5176 3474 5244 qui

1903 5275 1974 5331 ad
2018 5291 2232 5331 sacram
2287 5272 2803 5341 immaculatamque
2847 5267 3054 5335 vitam,
3107 5268 3370 5323 nimirum
3416 5266 3472 5320 in

1906 5365 2147 5432 Christo,
2175 5365 2354 5422 vocati
2413 5372 2618 5429 essent,
2677 5361 2844 5434 289
2905 5362 3133 5434 ﬁguram
3184 5352 3474 5413 contineri.

294 5543 336 5574 ⁸⁸
359 5541 553 5596 Matth.
611 5554 735 5602 xxv,
790 5537 880 5591 21.
953 5541 996 5573 ⁸³
1039 5539 1142 5594 lsa.
1169 5553 1372 5608 ixxxni,
1409 5536 1499 5591 9.0.
1575 5537 1622 5571 '°
1650 5538 1820 5594 lCor.
1855 5556 1948 5608 vn,
1977 5539 2066 5595 51.
2143 5541 2186 5572 ⁷¹
2215 5540 2260 5595 ll
2283 5541 2398 5596 Pet.
2437 5555 2516 5601 ιιι,
2563 5523 2659 5595 11.’
2733 5539 2821 5596 "l
2859 5539 2975 5597 Pet.
3007 5553 3064 5601 ιι,
3095 5534 3146 5589 9.
3221 5529 3268 5563 "
3300 5526 3452 5585 Hebr

227 5623 332 5680 tm,
365 5612 418 5666 2.
501 5611 548 5642 "
582 5608 750 5663 Hebr.
775 5625 888 5677 xm,
926 5610 1012 5666 l6;
1088 5607 1306 5663 "Joant
1340 5622 1414 5674 ιγ,
1440 5609 1532 5662 24.
