3962 6296
490 245 585 310 35!

1517 242 1570 305 S.
1613 251 1888 308 CYRILLI
1926 243 2397 309 ALEXANDRINI
2439 238 2758 304 ARCHIEP.

3652 247 3754 304 339.

557 347 753 426 PALL.
799 369 963 424 Visne
996 366 1160 438 igitur
1191 367 1440 422 nonnihil
1482 367 1549 423 de
1593 379 1783 423 sancto
1812 369 2068 424 taberna-

2249 367 2456 423 ΠΑΛΛ,
2499 365 2686 419 Βούλει
2736 363 2800 435 δὴ
2849 357 2940 418 οὖν
2987 362 3141 431 όλίγα
3190 360 3326 416 ἄττα
3381 363 3509 433 περί
3553 381 3614 416 τε
3654 355 3755 436 τῆς

484 461 631 526 culo,
659 460 811 515 etde
850 460 1006 530 legali
1039 456 1346 513 sacerdotio
1400 459 1669 526 dicamus,
1722 461 1796 516 ita
1840 468 1901 516 ut
1942 477 2071 530 quae

485 553 826 608 sanctissime
856 558 984 605 sunt
1014 557 1244 618 utraque
1281 549 1350 605 de
1392 566 1453 606 re
1489 551 1718 618 sancita,
1749 562 1937 608 nostra
1973 568 2068 606 ex—

485 645 670 716 quirat
698 642 912 699 oratio?

550 799 707 854 CYR.
744 798 852 852 Est
882 797 1106 867 quidem
1149 811 1212 852 ea
1266 813 1356 854 res
1404 799 1549 854 haud
1581 799 1759 854 facilis
1795 817 1808 852 :
1837 799 2072 854 maxima

484 905 720 959 namque
748 889 908 944 nobis
940 901 1110 960 opera
1133 898 1190 944 et
1217 889 1427 957 labore,
1452 891 1681 958 Palladi,
1703 891 1771 945 ad
1804 891 1921 945 haec
1953 898 2071 944 tum

483 979 858 1049 intelligenda,
885 986 1001 1034 tum
1042 981 1208 1036 etiam
1232 981 1577 1046 disserenda,
1605 998 1744 1051 opus
1779 983 1905 1037 erit.
1939 981 2068 1046 Sed,

484 1070 529 1124 si
555 1071 631 1126 ita
659 1071 896 1134 videtur,
929 1072 1026 1127 Dei
1059 1073 1262 1128 auxilio
1311 1073 1458 1137 freti,
1490 1074 1869 1146 aggrediamur
1907 1091 1918 1125 :
1970 1089 2072 1127 au-

486 1163 616 1218 disti
648 1163 796 1218 enim
827 1165 979 1219 illum
1017 1171 1208 1234 aperte
1239 1165 1514 1221 dicentem
1562 1184 1574 1217 :
1617 1185 1635 1216 ί
1665 1165 1802 1231 Quis
1826 1165 1981 1220 dedit
2011 1181 2074 1220 os

486 1257 824 1312 homini?et
851 1259 976 1327 quis
1007 1257 1138 1311 fecit
1194 1266 1408 1312 mutum
1472 1266 1529 1312 et
1584 1257 1836 1322 surdum,
1872 1257 2070 1312 viden-

488 1357 599 1404 tem
629 1357 684 1403 et
709 1364 913 1405 caecum
936 1350 960 1402 τ’
983 1364 1167 1404 nonne
1199 1365 1301 1420 cgo
1329 1349 1594 1404 Dominus
1629 1349 1811 1406 Deus?
1836 1350 1901 1404 Et
1926 1364 2073 1404 nunc

487 1441 646 1506 vade,
683 1448 739 1497 et
780 1457 881 1514 ego
905 1442 1148 1514 aperiam
1179 1457 1240 1497 os
1267 1450 1422 1496 tuum
1448 1443 1514 1495 ⁷⁸.
1557 1461 1576 1492 ι

559 1689 753 1744 PALL.
790 1691 959 1761 Perge
988 1691 1175 1761 igitur,
1209 1698 1268 1744 et
1310 1691 1464 1744 illum
1519 1690 1800 1760 sapientiae
1849 1689 2073 1760 largito-

491 1794 608 1832 rem
641 1779 709 1833 ad
738 1795 858 1834 eam
889 1795 1007 1834 rem
1039 1779 1347 1851 adjutorem
1387 1779 1608 1834 adhibe.

556 1915 712 1969 CYR.
755 1915 982 1986 Pergam
1017 1915 1296 1984 equidem,
1337 1925 1501 1986 atque
1535 1917 1648 1987 jam
1681 1915 1967 1986 aggrediar
2007 1911 2074 1971 ad

487 2006 801 2070 dicendum,
838 2021 902 2060 ac
935 2004 1003 2060 de
1050 2006 1221 2060 sacris
1255 2005 1477 2060 Litteris
1512 2004 1806 2076 diligenter
1829 2005 2078 2060 testimo-

488 2097 577 2150 nia
606 2096 878 2167 colligam.
915 2096 1212 2152 Descendit
1252 2096 1422 2168 igitur
1453 2096 1593 2168 ignis
1620 2096 1802 2166 specie
1830 2095 1886 2150 in
1915 2111 2074 2150 mon-

489 2200 597 2246 tem
633 2189 764 2244 Sina
786 2189 933 2244 Deus
969 2189 1062 2244 ille
1091 2189 1478 2244 universorum
1516 2187 1789 2253 conditor,
1818 2188 2076 2258 legesque

487 2281 611 2336 tulit
663 2280 868 2351 quibus
913 2281 1110 2336 liceret
1165 2281 1411 2353 singulas
1461 2280 1708 2335 actiones
1756 2279 1825 2333 ad
1869 2288 2075 2335 rectam

486 2389 784 2443 veramque
817 2389 1067 2428 normam
1104 2372 1366 2444 dirigere.
1401 2371 1631 2438 Deinde,
1673 2379 1734 2425 ut
1773 2371 1894 2426 illos
1920 2387 1951 2425 a
1985 2387 2078 2425 ve-

487 2467 590 2520 teri
619 2483 811 2522 errore
857 2467 1199 2532 abduceret,
1237 2474 1402 2536 atque
1425 2481 1456 2520 a
1491 2465 1630 2519 falso
1664 2464 1817 2518 cultu
1867 2463 2074 2533 longis-

484 2557 622 2633 sime
666 2567 996 2624 removeret,
1061 2558 1280 2613 locutus
1329 2565 1415 2612 est
1477 2556 1544 2610 ad
1603 2554 1846 2626 Moysen,
1880 2555 1975 2623 qui
2008 2569 2075 2608 eo

490 2663 733 2718 tempore
806 2648 1081 2703 mediator
1130 2655 1268 2702 erat.
1314 2667 1333 2698 ‹
1378 2647 1506 2702 Haec
1560 2645 1752 2711 dices,
1800 2665 1818 2697 ι
1857 2645 2071 2715 inquit,

493 2756 512 2789 ι
538 2736 729 2792 domui
765 2737 958 2804 Jacob,
990 2747 1048 2792 et
1069 2737 1426 2792 annuntiabis
1453 2737 1580 2792 ﬁliis
1614 2738 1780 2792 lsrael
1819 2755 1832 2790 :
1861 2739 1972 2794 Vos
1995 2739 2076 2792 vi-

485 2830 646 2886 distis
707 2830 854 2898 quod
881 2845 912 2884 e
952 2830 1093 2885 coelo
1134 2830 1354 2884 locutus
1389 2831 1491 2884 sim
1523 2830 1680 2885 vobis
1713 2849 1725 2884 :
1763 2847 1874 2885 non
1901 2830 2073 2886 facie-

491 2925 556 2978 tis
588 2921 744 2975 vobis
764 2921 900 2975 deos
924 2927 1236 2992 argenteos,
1273 2929 1330 2974 et
1353 2920 1487 2976 deos
1509 2936 1708 2976 aureos
1729 2938 1841 2976 non
1863 2921 2075 2976 facietis

482 3010 640 3065 vobis
678 3011 811 3081 ipsis
835 3012 900 3064 '”.
936 3031 954 3063 ι
983 3011 1127 3066 Deos
1151 3011 1300 3066 enim
1324 3009 1461 3066 falso
1498 3012 1722 3067 nomine
1773 3013 2075 3084 appellatos

481 3103 664 3158 colere
695 3119 806 3158 non
838 3102 1227 3172 permittebat;
1268 3101 1366 3156 sed
1391 3101 1443 3157 ei
1464 3102 1567 3157 soli
1598 3102 1867 3159 inhaerere
1893 3105 2070 3174 jubet,

482 3193 577 3264 qui
628 3194 696 3248 de
737 3193 954 3262 superis
993 3193 1130 3249 locis
1169 3209 1232 3248 ac
1276 3193 1344 3248 de
1386 3193 1526 3248 coelo
1568 3202 1817 3261 venerat,
1867 3196 2073 3266 quique

483 3301 676 3341 revera
765 3285 937 3341 rebus
995 3284 1270 3340 universis
1327 3284 1752 3353 dominabatur,
1807 3287 2073 3358 cujusque

483 3376 743 3448 splendor
769 3392 880 3432 non
913 3376 1186 3432 materiali
1224 3378 1406 3449 specie
1455 3386 1619 3448 atque
1670 3379 1855 3434 colore
1893 3379 2072 3435 conti-

483 3467 759 3534 nebatur;
796 3466 893 3523 sed
928 3467 986 3522 in
1018 3483 1085 3522 eo
1123 3467 1271 3538 quod
1304 3483 1466 3522 suum
1497 3485 1620 3526 esse
1660 3470 1860 3526 ccelum
1884 3479 2073 3527 osten-

482 3557 670 3614 debat.
715 3559 850 3615 Erat
893 3566 1078 3615 autem
1114 3558 1523 3630 quodammodo
1567 3563 1961 3628 necessarium,
1989 3571 2070 3629 ut,

484 3653 686 3726 quibus
709 3654 925 3724 jussum
961 3659 1101 3718 erat,
1153 3668 1183 3706 a
1213 3653 1389 3707 veteri
1431 3654 1712 3724 impietate
1750 3655 2071 3727 nefarioque

485 3744 637 3798 cultu
673 3743 963 3808 recedere,
1017 3741 1056 3795 ii
1111 3742 1686 3806 adconsuetudinem
1716 3747 1878 3802 aliam
1922 3749 2072 3806 illico

484 3834 806 3900 transirent,
847 3849 910 3888 ac
963 3835 1060 3889 Dei
1100 3835 1248 3890 illius
1308 3837 1402 3905 qui
1465 3839 1768 3894 secundum
1815 3849 2068 3896 naturam

488 3931 633 3986 Deus
654 3936 759 3993 est,
799 3927 1030 3994 cultum,
1076 3935 1337 3998 tanquam
1370 3931 1560 4003 iugum
1602 3932 1900 4004 quoddam,
1939 3936 2070 3990 sub-

484 4022 632 4075 irent
663 4037 676 4072 :
705 4019 922 4073 animus
951 4018 1152 4091 quippe
1178 4021 1321 4077 liber
1353 4039 1418 4079 ac
1443 4023 1658 4080 solutus
1681 4027 1929 4082 cohiberi
1952 4044 2066 4084 non

484 4119 688 4182 potest,
733 4107 1101 4183 facillimeque
1149 4113 1218 4169 ad
1247 4113 1642 4172 absurdissima
1668 4134 1897 4189 quaeque
1922 4136 2066 4190 prae-

482 4217 615 4274 ceps
643 4202 818 4258 fertur
848 4220 858 4256 :
892 4203 1059 4270 idem,
1109 4205 1154 4260 si
1193 4216 1375 4262 metus
1404 4216 1568 4278 atque
1615 4209 1930 4266 sollicitudo
1958 4212 2067 4267 im-

483 4293 709 4359 mineat,
752 4291 904 4349 nullo
937 4295 1156 4365 negotio
1185 4295 1254 4350 ad
1279 4303 1492 4351 rectum
1535 4297 1640 4353 iter
1685 4302 1964 4365 accurrit,
2011 4311 2068 4356 et

2181 459 2342 527 ἀγίας
2378 458 2584 528 σκηνῆς
2602 499 2616 522 ,
2646 458 2859 527 καὶτῆς
2887 454 3030 510 κατὰ
3059 455 3225 526 νόμον
3264 453 3568 526 ἱερωσύνης
3591 453 3757 524 λέγω·

2183 568 2316 621 μεν,
2357 551 2738 622 βασανίζοντος
2785 550 2917 620 ἡμῖν
2958 548 3053 601 τοῦ
3103 547 3264 615 λόγου
3305 547 3375 600 τά
3426 547 3512 599 ἐπ’
3554 549 3756 620 ἀμφοῖν

2178 644 2340 708 ὁσίως
2368 642 2770 713 τεθεσπισμένα
2795 658 2809 708 ;

2251 798 2418 852 ΚΥΡ.
2465 799 2579 851 Οὐκ
2621 797 2831 869 ἀτραχυ
2864 795 2962 866 μὲν
2990 794 3052 847 τὸ
3083 794 3291 867 χρῆμα·
3331 795 3496 851 πόνου
3522 796 3654 870 γὰρ,
3682 795 3757 852 οῖ-

2183 907 2304 962 μαι,
2335 888 2517 961 δεήσει
2554 886 2790 959 μακροῦ,
2831 887 2926 939 καὶ
2953 886 3174 958 ἱδρῶτος
3202 887 3356 957 ἡμῖν,
3387 881 3433 942 ὦ
3469 889 3756 957 Παλλάδιε,

2181 981 2317 1052 πρός
2357 996 2417 1032 τε
2453 979 2514 1031 τὸ
2559 977 2818 1032 δύνασθαι
2864 977 3103 1031 συνιέναι
3143 978 3334 1043 ταυτὶ,
3385 979 3480 1032 καὶ
3521 980 3628 1052 μὴν
3668 983 3760 1035 καὶ

2181 1072 2407 1142 φράσαι.
2456 1069 2641 1140 Ἀτάρ,
2675 1070 2810 1122 εῐτοι
2845 1069 3012 1132 δοκεῖ,
3043 1069 3161 1138 Θεῷ
3200 1069 3416 1125 πίσυνοι
3443 1071 3760 1144 λδιαστεξχωε

2184 1180 2306 1234 μεν·
2341 1161 2596 1216 διεπύθου
2633 1160 2742 1231 γὰρ
2797 1160 3050 1229 λέγοντος
3093 1160 3374 1230 ἐναργῶς,
3409 1181 3428 1214 ι
3472 1163 3568 1228 Τίς
3595 1163 3760 1217 ἔδωκε

2183 1256 2357 1326 στόμα
2411 1253 2714 1324 ἀνθρώπῳς
2769 1253 2861 1307 καὶ
2913 1252 2994 1315 τίς
3052 1252 3277 1324 ἐποίησε
3332 1253 3618 1324 δύσκωφον
3669 1256 3763 1309 καὶ

2180 1347 2394 1416 κωφὸν,
2445 1345 2710 1415 βλέποντα
2758 1345 2854 1398 καὶ
2897 1344 3130 1413 τυφλόν;
3177 1346 3276 1398 οὐκ
3322 1346 3433 1415 ἐγὼ
3481 1348 3687 1418 Κύριος
3735 1350 3762 1401 ὁ

2181 1439 2340 1502 Θεός;
2398 1439 2495 1493 καὶ
2533 1437 2628 1492 νῦν
2675 1437 2908 1510 πορεύου
2963 1437 3055 1490 καὶ
3100 1435 3210 1504 ἐγὼ
3249 1438 3448 1505 ἀνοίξω
3486 1441 3549 1492 τὸ
3583 1439 3759 1511 στόμα

2182 1546 2296 1582 σου.
2340 1548 2360 1582 Ι

2253 1684 2462 1736 ΠΑΛΛ.
2503 1683 2606 1737 Ἴθι
2638 1683 2702 1754 δὴ
2726 1679 2841 1746 οὖν,
2869 1681 3213 1754 συλλήπτορα
3243 1675 3336 1736 καὶ
3359 1683 3497 1754 πρός
3519 1698 3582 1751 γε
3613 1680 3762 1738 τουτὶ

2178 1772 2269 1826 τὸν
2291 1773 2390 1844 τῆς
2419 1773 2614 1842 σοφίας
2657 1773 2980 1844 ποιούμενος
3010 1775 3264 1846 χορηγόν.

2247 1909 2415 1962 ΚΥΡ.
2448 1907 2658 1962 Οὐκοῦν
2709 1903 2824 1979 εἶμί
2865 1925 2980 1972 τοι,
3021 1908 3114 1962 καὶ
3166 1907 3229 1979 δὴ
3278 1909 3374 1962 καὶ
3423 1908 3555 1980 ἐρῶ,
3591 1909 3660 1963 τὰ
3703 1908 3766 1976 ἐξ

2181 2000 2341 2073 ἱερῶν
2392 2001 2742 2072 Γραμμάτων
2787 1996 2846 2055 εὖ
2895 2001 3041 2073 μάλα
3083 2002 3441 2070 συνενεγκών.
3486 2001 3766 2073 Κατέθορε

2182 2094 2280 2165 μὲν
2325 2093 2434 2164 γάρ
2481 2097 2539 2147 ὲν
2587 2093 2716 2147 εῖδει
2765 2093 2939 2164 πυρὸς
2977 2093 3070 2146 ἐπὶ
3112 2092 3235 2164 ὅρος
3287 2093 3350 2146 τό
3394 2094 3526 2148 Σινά
3560 2093 3696 2157 Θεὸς
3737 2094 3768 2146 ό

2180 2188 2398 2241 πάντων
2425 2185 2781 2258 δημιουργός,
2816 2185 2912 2238 καὶ
2962 2185 3159 2256 νόμους
3198 2185 3389 2249 ἐτίθει,
3422 2183 3546 2238 καθ’
3573 2183 3670 2248 οὓς
3696 2180 3767 2256 ἦν

2177 2281 2386 2332 ἕκαστα
2426 2277 2535 2330 τῶν
2579 2277 2868 2346 πρακτέων
2916 2275 3289 2347 ἀποφέρεσθαι
3334 2276 3468 2346 πρὸς
3521 2276 3584 2330 τὸ
3629 2277 3765 2331 εὐθὺ

2178 2371 2271 2424 καὶ
2319 2368 2622 2441 ἀκιὸδήλως
2654 2367 2796 2438 ἔχον.
2845 2363 2978 2421 Είτα
3011 2369 3108 2438 τῆς
3161 2368 3531 2440 ἀρχαιοτέρας
3562 2369 3770 2431 αὐτοὺς

2177 2461 2528 2532 άποκομίζων
2563 2458 2792 2530 πλάνης,
2830 2461 2925 2514 καὶ
2967 2460 3066 2530 τῆς
3106 2460 3164 2512 ἐν
3197 2460 3459 2530 Αἰγύπτῳ
3492 2459 3770 2528 ψευδολα-

2175 2553 2361 2624 τρείας
2407 2551 2484 2616 ὡς
2533 2550 2809 2605 ἀπωτάτω
2847 2551 3053 2616 τιθεὶς,
3087 2551 3413 2622 προσελάλει
3461 2553 3635 2624 Μωσῇ
3688 2553 3773 2624 τῷ

2175 2643 2430 2714 τηνικάδε
2455 2642 2814 2715 μεσιτεύοντι.
2852 2661 2872 2694 ‹
2897 2643 3034 2697 Τάδε
3068 2645 3271 2716 ἐρεῖς.»
3304 2645 3464 2714 φησὶ,
3491 2644 3599 2714 «τῷ
3628 2647 3771 2715 οἴκῳ

2189 2735 2408 2801 Ἰακὼϐ,
2453 2735 2549 2789 καὶ
2591 2735 2912 2804 ἀναγγελεῖς
2954 2738 3070 2800 τοῖς
3111 2738 3246 2800 υἱοῖς
3290 2737 3527 2808 Ἰσραήλο
3573 2736 3770 2808 Ὑμεῖς

2176 2829 2480 2901 ἑωράκατε,
2515 2829 2596 2882 ὅτι
2629 2830 2695 2882 έκ
2729 2827 2823 2882 τοῦ
2854 2828 3084 2899 οὐρανοῦ
3118 2827 3393 2897 λελάληκα
3419 2828 3555 2899 πρὸς
3592 2829 3766 2900 ὑμᾶς,

2177 2920 2239 2974 οὑ
2271 2921 2528 2992 ποιήσετε
2559 2921 2774 2985 ἑαυτοῖς
2809 2920 2965 2984 θεοὺς
2996 2919 3294 2993 ἀργυροῦς,
3330 2921 3426 2974 καὶ
3449 2919 3607 2985 θεοὺς
3634 2938 3772 2992 χρυ-

2179 3011 2306 3077 σοῦς
2347 3013 2406 3066 ού
2452 3014 2708 3084 ποιήσετε
2758 3013 2888 3084 ὑμῖν
2942 3013 3178 3077 ἑαυτοῖς.
3235 3031 3254 3066 ι
3295 3013 3449 3077 Θεοῖς
3497 3013 3595 3084 μὲν
3645 3014 3766 3085 γὰρ

2177 3108 2277 3160 οὐκ
2308 3103 2460 3177 ἠφίει
2499 3109 2615 3170 τοῖς
2642 3105 3017 3178 ψευδωνύμοις
3049 3097 3354 3178 λατρεύειν.
3397 3107 3770 3178 Προσκεῖσθαι

2173 3197 2230 3252 δὲ
2259 3198 2370 3252 δεῖν
2412 3198 2692 3253 ἐπιτάττει
2726 3198 2874 3270 μόνῳ
2895 3197 2974 3268 τῷ
2997 3197 3207 3253 ἀνωθεν
3235 3199 3422 3270 ἥκοντι
3454 3199 3548 3253 καὶ
3579 3199 3637 3266 ἐξ
3666 3201 3770 3253 οὺ-

2177 3285 2365 3358 ρανοῦ,
2412 3288 2509 3341 καὶ
2558 3286 2637 3358 τῷ
2685 3288 2827 3341 κατά
2875 3287 3095 3342 πάντων
3136 3286 3414 3362 οὐσιῳδῶς
3459 3289 3769 3362 ἀνημμένῳ

2172 3353 2235 3430 τὸ
2282 3378 2486 3448 κράτος
2505 3419 2520 3444 ,
2551 3353 2653 3431 οὐκ
2701 3379 2758 3431 έν
2808 3378 3086 3448 εύχροίαις
3133 3353 3288 3432 eis;
3307 3379 3483 3449 ἔχοντι
3513 3353 3581 3433 τό
3605 3353 3770 3452 περιί-

2173 3469 2363 3538 φανὲς,
2397 3469 2512 3523 ἀλλ’
2542 3471 2600 3523 ὲν
2635 3469 2716 3540 τῷ
2747 3469 3015 3524 δεικνύειν
3061 3458 3191 3524 ίδιον
3233 3470 3360 3524 ὄντα
3391 3471 3480 3526 τὸν
3507 3472 3763 3546 οὐρανόν.

2172 3557 2281 3616 Ἦν
2311 3562 2370 3616 δέ
2402 3582 2519 3627 πως
2562 3562 2808 3634 ἀνάγκη,
2839 3564 2968 3628 τοὺς
3008 3565 3106 3636 τῆς
3143 3563 3376 3636 ἀρχαίας
3411 3566 3767 3639 ἀνοσιότητος

2173 3654 2268 3706 καὶ
2315 3652 2544 3726 βεϐήλου
2594 3654 2852 3726 λατρείας
2905 3657 3210 3727 άποφοιτᾷν
3269 3658 3761 3729 ἐπιτεταγμένους,

2171 3748 2258 3817 ἐφ’
2287 3748 2481 3820 ἑτέραν
2513 3748 2677 3813 εὐθὺς
2724 3749 3117 3821 μεταχωρῆσαι
3164 3749 3474 3821 συνήθειαν,
3512 3753 3606 3805 καὶ
3643 3751 3763 3808 ῶσ-

2171 3856 2278 3911 περ
2311 3839 2436 3894 τινά
2479 3841 2648 3910 ζυγὸν
2676 3841 2928 3895 ὑπελθεῖν
2956 3841 3057 3913 τὴν
3101 3841 3207 3895 ὑπὸ
3234 3843 3355 3915 Θεῷ
3382 3843 3460 3915 τῷ
3487 3845 3628 3900 κατά
3657 3845 3766 3916 φύ-

2172 3950 2278 3997 σιν,
2311 3934 2591 4007 λατρείαν.
2629 3935 2937 4006 Ἀνειμένος
2965 3935 3072 4006 γὰρ
3115 3934 3262 4002 νοῦς,
3305 3936 3631 4002 ἀκάθεκτος,
3663 3941 3765 3993 καὶ

2169 4024 2305 4078 πολὺ
2337 4024 2457 4079 λίαν
2490 4025 2709 4096 ἕτοιμος
2737 4026 2818 4090 είς
2853 4026 3159 4097 ἀποφορὰν,
3188 4027 3289 4098 τὴν
3327 4029 3408 4089 είς
3437 4031 3546 4084 πᾶν
3573 4027 3763 4086 ὁτιοῦν

2169 4118 2278 4173 τῶν
2306 4118 2702 4172 έκτοπωτάτων
2730 4118 3001 4190 δειμάτων
3041 4134 3100 4171 τε
3143 4120 3237 4172 καὶ
3268 4121 3548 4191 φροντίδος
3580 4123 3763 4195 ἐπηρ-

2165 4227 2232 4284 τη
2243 4211 2436 4281 μένων,
2467 4209 2871 4283 ἀταλαιπώρως
2894 4211 3092 4281 κομιδῆ
3117 4212 3321 4266 διάττει
3347 4213 3483 4284 πρὸς
3510 4215 3571 4268 τὸ
3593 4217 3762 4282 εὐθὺ,

2167 4302 2261 4356 καὶ
2291 4300 2547 4356 ἀπονεύει
2590 4301 2726 4373 πρὸς
2754 4301 2815 4355 τὺ
2842 4302 3139 4374 συμφέρον.
3186 4303 3405 4376 Ἐπειδὴ
3432 4305 3488 4358 δὲ
3525 4305 3591 4360 δι’
3617 4306 3764 4363 Tios

478 4385 548 4440 ad
607 4385 660 4439 id
698 4381 843 4454 quod
893 4383 1028 4442 utile
1069 4395 1156 4442 est
1197 4389 1555 4445 convertitur.
1607 4391 1878 4458 Quoniam
1933 4408 2064 4449 vero

2178 4394 2437 4464 πρόσιμεν
2465 4393 2545 4464 τῷ
2576 4393 2770 4466 Πατρί·
2815 4413 2834 4446 ‹
2869 4394 3057 4460 Οὐδεὶς
3089 4395 3199 4466 γὰρ
3245 4395 3464 4468 ἔρχεται
3493 4399 3632 4465 πρὸς
3663 4400 3762 4454 τὸν

480 4489 579 4543 per
625 4469 823 4528 Filium
856 4469 1168 4530 recedimus
1208 4477 1278 4531 ad
1314 4478 1533 4534 Patrem
1576 4496 1588 4532 :
1636 4500 1653 4531 ι
1702 4481 1875 4537 Nemo
1913 4480 2062 4536 enim

2178 4484 2444 4555 Πατέρα.»
2481 4485 2701 4556 φησὶνμ
2729 4486 2776 4539 εί
2811 4485 2886 4558 μή
2905 4484 2971 4540 δι’
2993 4485 3182 4557 ἐμοῦ.»
3214 4488 3415 4543 Λοιπὸν
3435 4490 3762 4560 ἀναγκαίως

477 4565 630 4619 venit
652 4564 721 4619 ad
749 4560 966 4619 Patrem
989 4605 1002 4630 ,
1036 4583 1053 4614 ι
1094 4563 1301 4634 inquit,
1333 4586 1351 4618 ‹
1377 4568 1484 4623 nisi
1509 4584 1607 4638 per
1646 4585 1733 4625 me
1773 4571 1853 4636 7“;
1883 4591 1899 4622 ι
1939 4572 2063 4627 ideo

476 4667 702 4707 necesse
731 4650 837 4706 fuit
861 4659 923 4706 ut
943 4651 1122 4723 ipsum
1147 4669 1246 4724 per
1267 4652 1465 4710 Filium
1503 4671 1804 4725 accessum,
1823 4668 1878 4714 et
1903 4661 2058 4717 obla-

473 4741 710 4808 tionum,
761 4758 882 4813 qua:
927 4758 1024 4813 per
1057 4743 1238 4813 ipsum
1284 4745 1580 4802 offerenda:
1628 4759 1815 4815 erant,
1858 4751 2060 4823 ﬁguras

472 4831 593 4904 lege
620 4834 880 4899 sanciret,
906 4833 1096 4890 dicens
1123 4852 1136 4888 ε
1176 4854 1195 4886 ‹
1221 4836 1408 4891 Altare
1431 4855 1498 4892 ex
1524 4849 1668 4893 terra
1700 4841 1867 4897 facies
1893 4844 2052 4908 mihi,

473 4923 638 4993 200
654 4932 711 4978 et
731 4924 1090 4979 immolabitis
1108 4940 1274 4995 super
1299 4924 1418 4995 ipso
1443 4925 1761 4983 holocausta
1777 4937 1833 4984 et
1848 4931 2055 4988 hostias

475 5025 704 5080 vestras,
736 5032 867 5072 oves
895 5025 951 5072 et
986 5018 1156 5073 boves
1187 5024 1399 5072 vestros
1419 5016 1477 5070 in
1506 5019 1655 5072 omni
1690 5020 1811 5075 loco
1862 5023 1916 5076 in
1944 5039 2056 5094 quo

471 5120 743 5162 vocavero
781 5123 983 5162 nomen
1035 5123 1220 5164 meum
1273 5106 1348 5162 ibi
1380 5124 1392 5159 :
1423 5116 1479 5163 et
1525 5110 1742 5164 veniam
1785 5112 1852 5166 ad
1895 5122 1969 5179 te,
2003 5123 2059 5169 et

471 5197 799 5253 benedicam
847 5199 967 5254 tibi.
1009 5199 1065 5255 Si
1095 5209 1280 5256 autem
1313 5201 1381 5257 de
1409 5201 1685 5272 lapidibus
1711 5203 1882 5260 altare
1905 5205 2056 5262 fece-

472 5291 549 5347 ris
580 5290 738 5356 mihi,
779 5308 890 5347 non
922 5292 1222 5349 aedilicabis
1255 5311 1351 5352 eos
1395 5305 1608 5362 sectos;
1645 5297 1856 5351 cultum
1905 5298 2054 5354 enim

472 5390 627 5440 tuum
661 5385 897 5457 iniecisti
948 5401 1115 5458 super
1169 5386 1351 5457 ipsos,
1393 5397 1450 5444 et
1489 5389 1764 5458 inquinati
1795 5393 2046 5447 sunt".i

471 5475 776 5534 Terrenum
801 5480 951 5536 enim
982 5479 1177 5546 altare,
1209 5481 1390 5551 ipsum
1417 5481 1740 5538 Emmanuel
1771 5484 2011 5555 appellat
2037 5504 2048 5537 :

2165 4576 2262 4648 τὴν
2299 4577 2367 4630 δι’
2399 4575 2531 4629 Υἱοῦ
2565 4577 2826 4648 πρόσοδον
2847 4577 2940 4632 καὶ
2981 4579 3082 4648 τῆς
3105 4579 3162 4632 ὲν
3191 4579 3341 4650 αὐτῷ
3369 4584 3760 4654 καρποφορίας

2165 4667 2293 4732 τοὺς
2326 4666 2553 4735 τύπους,
2586 4667 2936 4739 ἐθεσμοθέτει
2966 4668 3162 4737 λέγων’
3207 4689 3225 4721 ι
3258 4669 3656 4744 Θυσιαστήριον
3687 4674 3760 4729 ἑκ

2164 4759 2268 4830 γῆς
2315 4762 2564 4829 ποιήσεις
2595 4776 2716 4831 μοι,
2754 4761 2850 4815 καὶ
2877 4760 3072 4815 θύσετε
3107 4761 3196 4814 ἐπ’
3239 4761 3388 4832 αὐτῷ
3416 4762 3486 4816 τά
3523 4764 3756 4819 ὁλοκαυ-

2163 4850 2415 4922 τώματα,
2451 4853 2545 4906 καὶ
2577 4853 2675 4916 τὰς
2707 4853 2900 4917 θυσίας
2925 4853 3102 4924 ὑμῶν,
3128 4853 3197 4907 τὰ
3223 4854 3471 4925 πρόϐατα
3501 4856 3594 4910 καὶ
3620 4857 3756 4923 τοὺς

2165 4941 2294 5012 βόας
2343 4942 2517 5012 ὑμῶν,
2568 4944 2625 4996 ὲν
2677 4945 2842 4998 παντὶ
2903 4945 3056 5016 τόπῳ
3106 4939 3151 5014 ᾧ
3198 4945 3263 4999 ἂν
3315 4948 3643 5018 ὲπονομάσω
3691 4949 3757 5002 τὺ

2163 5033 2336 5104 όνομά
2359 5051 2459 5103 μου
2494 5034 2628 5087 ἐκεῖ·
2665 5036 2759 5089 καὶ
2803 5035 2918 5108 ἥξω
2951 5037 3088 5109 πρὸς
3120 5037 3198 5103 σὲ,
3229 5039 3321 5091 καὶ
3350 5039 3633 5110 εὐλογήσω
3665 5059 3751 5095 σε.

2175 5123 2300 5176 Ἐάν
2330 5121 2386 5176 δὲ
2417 5123 2482 5176 ὲκ
2513 5123 2678 5179 λίθων
2716 5123 3105 5199 θυσιαστήριον
3132 5130 3294 5198 ποιῇς
3327 5146 3436 5200 μοι,
3464 5130 3564 5182 οὐκ
3596 5130 3752 5184 οἰκο-

2159 5214 2421 5284 δομήσεις
2467 5215 2669 5280 αὐτοὺς
2718 5215 2982 5288 τμητούςο
3023 5217 3084 5271 τὸ
3121 5217 3227 5291 γάρ
3275 5218 3600 5290 ἐγχειρίδιόν
3651 5234 3751 5272 σου

2161 5300 2531 5371 ὲπιόἐϐληκας
2557 5305 2644 5355 ἐπ’
2673 5303 2826 5368 αὐτὸ,
2873 5306 2966 5358 καὶ
2997 5306 3320 5376 μεμίανται.
3361 5323 3380 5359 ι
3421 5307 3611 5378 Γήῖνον
3644 5306 3753 5377 μὲν

2159 5391 2267 5464 γὰρ
2301 5392 2557 5463 ὀνομάζει
2601 5394 2987 5468 θυσιαστήριον
3036 5397 3129 5451 τὸν
3183 5397 3551 5470 Ἐμμανουήλο
3588 5416 3606 5448 ι
3648 5397 3750 5452 Γέ-

2158 5501 2282 5553 γονε
2308 5485 2418 5555 γάρ
2446 5485 2584 5558 σὰρξ
2618 5488 2646 5538 ὁ
2673 5487 2867 5558 Λόγος.
2893 5507 2910 5540 ι
2948 5488 3026 5559 Γῆ
3049 5487 3109 5541 δὲ
3130 5489 3194 5543 ὲκ
3220 5491 3323 5562 γῆς
3351 5491 3384 5563 ή
3408 5489 3606 5562 σαρκός
3624 5491 3749 5544 ἐστι

543 5648 588 5678 ’⁸
613 5655 784 5713 Exod.
820 5675 892 5727 tv,
931 5659 1016 5727 l1,
1047 5662 1131 5718 l2.
1211 5662 1255 5693 "
1281 5662 1451 5720 Exod.
1485 5679 1573 5728 xx,
1609 5663 1810 5731 22,25.
1869 5667 1934 5741 _"
1954 5666 2111 5724 Joan.
2136 5683 2242 5734 xw,
2279 5667 2329 5722 6.
2409 5668 2454 5700 "
2519 5666 2691 5724 Exod.
2749 5683 2843 5738 xx,
2893 5667 2986 5740 24,
3021 5668 3113 5724 25.
