3962 6296
951 271 1035 326 DE
1072 269 1516 326 ADORATIONE
1554 270 1621 325 IN
1663 268 1933 325 SPIRITU
1979 268 2064 322 ET
2107 265 2469 322 \‘ERITATE.
2512 267 2637 321 LIB.
2682 267 2772 322 IX.

3348 260 3454 327 595

201 385 376 453 φύσις.
436 385 528 436 Ἐν
557 383 782 455 Χριστῷ
809 385 873 456 δή
903 382 996 439 οὖν
1026 389 1060 457 ή
1099 388 1252 442 πᾶσα
1298 387 1646 459 καρποφορία
1683 386 1777 441 καὶ

1896 404 1902 435 ι
1955 382 2192 438 Verbum
2240 384 2387 437 enim
2439 399 2566 438 caro
2615 383 2818 438 factum
2856 391 2942 439 est
2964 383 3028 437 ⁸⁸.
3075 401 3093 433 ι
3141 379 3308 437 Terra
3355 397 3456 436 au-

207 480 346 530 πᾶσα
380 478 725 548 προσαγωγή
755 495 766 506 ·
821 479 954 548 φησὶ
987 478 1096 550 γὰρ
1135 478 1320 544 αὐτὸς,
1353 497 1372 531 ι
1411 479 1594 550 Χωρὶς
1621 478 1778 551 ἐμοῦ,

205 568 260 619 οὐ
293 566 528 620 δύνασθε
585 570 760 620 ποιεῖν
807 567 982 622 οὐδέν.
1039 587 1057 618 ι
1099 569 1310 640 Ὠσπερ
1355 569 1464 641 γὰρ
1513 569 1581 622 δι’
1615 567 1780 623 αὐτοῦ

206 659 297 728 τὴν
338 657 711 728 προσαγωγὴν
740 660 1073 730 ἐσχήκαμεν,
1108 657 1251 713 οὕτω
1289 659 1384 712 καὶ
1431 660 1582 713 πᾶσα
1619 657 1782 713 θυσία

207 750 362 819 δεκτὴ
409 749 479 801 δι’
537 749 736 812 αὐτοῦ,
791 749 898 802 τῶν
945 749 1042 820 τὴν
1092 750 1276 804 πίστιν
1336 749 1778 820 εἱσδεδεγμένων.

221 839 654 908 Ἐπαγγέλλεται
683 841 739 900 δὲ
784 845 895 904 τοῖς
923 841 984 894 τὸ
1027 843 1092 896 ἐκ
1123 842 1226 912 γῆς
1277 843 1456 896 ἱστᾶσι
1486 842 1780 912 θυσιαστή-

210 949 351 1003 ριον,
398 931 584 1001 ἄφιξίν
627 948 686 991 τε
720 933 813 992 καὶ
835 932 1105 1000 εὐλογίαν.
1141 951 1159 985 ι
1198 932 1348 998 Ἥξω
1385 934 1494 1006 γὰρ
1517 973 1532 997 ,
1576 953 1594 986 ι
1623 934 1778 1002 φησὶ,

215 1041 230 1071 ι
269 1022 406 1093 πρὸς
451 1023 533 1087 σὲ,
560 1023 654 1076 καὶ
684 1023 964 1094 εὐλογήσω
995 1042 1075 1078 σε.
1122 1044 1139 1076 ι
1162 1024 1636 1097 Παραδεξαμένοις
1672 1023 1783 1098 γὰρ

212 1112 338 1181 ἡμῖν
357 1111 449 1164 διὰ
487 1111 584 1164 τοῦ
629 1113 906 1181 πανσόφου
947 1113 1189 1178 Μωσέως
1221 1117 1320 1186 τῆς
1358 1114 1617 1185 ἀληθείας
1655 1116 1782 1179 τοὺς

213 1203 436 1266 τύπους,
453 1203 547 1254 καὶ
565 1202 702 1274 αῦτη
733 1202 874 1257 κατὰ
894 1207 1116 1275 καιροὺς
1139 1205 1452 1274 ἐπέλαμψεν
1479 1209 1510 1277 ή
1534 1206 1778 1278 ἀλήθεια,

210 1293 352 1346 τοῦτ’
387 1293 508 1346 ἐστι
554 1296 789 1366 Χριστὸς
810 1334 825 1359 ,
856 1295 924 1349 δι’
952 1289 1014 1353 οὗ
1048 1298 1141 1356 καὶ
1181 1298 1240 1348 ὲν
1265 1290 1310 1366 ᾧ
1339 1297 1434 1367 τήν
1460 1296 1665 1352 ἄνωθεν
1694 1298 1784 1349 εὐ-

213 1385 396 1453 λογίαν
425 1385 522 1438 καὶ
549 1387 704 1455 παρὰ
731 1387 945 1458 [ἰατρὸς
967 1389 1780 1460 πεπλουτήκαμεν,κατεσφραο

215 1478 463 1549 γισμένοι
517 1478 654 1549 πρὸς
724 1481 998 1534 υἱοθεσίαν
1053 1483 1111 1535 ὲν
1167 1481 1307 1551 ἁγίῳ
1366 1479 1677 1550 Πνεῦματι,
1725 1482 1784 1534 ἐν

217 1569 436 1638 Χριστῷ
461 1567 519 1621 δὲ
542 1569 606 1639 δή
633 1569 794 1623 πάλιν
837 1571 932 1624 καὶ
958 1569 1116 1624 τοῦτο
1141 1570 1569 1644 διαπεραίνεται.
1606 1589 1624 1623 ι
1661 1571 1784 1648 Ἐὰν

216 1657 269 1710 δὲ
305 1657 690 1730 θυσιαστήριον
721 1661 785 1712 ὲκ
814 1659 975 1714 λίθων
1008 1664 1168 1731 ποιῇς
1195 1679 1305 1732 μοι,
1345 1681 1362 1714 ι
1399 1660 1586 1732 φησὶν,
1619 1679 1638 1712 ι
1684 1661 1785 1714 οὐκ

217 1749 596 1819 οἰκοδομήσεις
649 1751 846 1814 αὐτοὺς
898 1752 1156 1822 τμητούς.
1215 1772 1234 1804 ι
1295 1755 1410 1807 Οὐκ
1459 1755 1524 1825 ὲᾷ
1584 1754 1788 1824 σιδήρῳ

219 1837 755 1908 λατατιτρώσκεσθαι
779 1841 905 1904 τοὺς
924 1842 1332 1912 ἀφιερωμένους
1353 1842 1427 1913 τῷ
1447 1841 1565 1912 Θεῷ
1585 1842 1786 1906 λίθους.

219 1927 377 1990 Λίθος
421 1927 536 2000 γὰρ
584 1924 653 1999 ἦν
695 1921 990 1996 ἐκλεκτὸς,
1034 1933 1459 2003 ἀκρογωνιαῖος,
1485 1931 1733 2005 ἔντιμος,
1762 1935 1791 1987 ὁ

217 2020 474 2090 Χριστὸς,
507 2022 749 2092 ἄτρωτος
779 2023 876 2094 μὲν
899 2024 1214 2097 ἁμαρτίαις,
1241 2025 1343 2089 τὰς
1367 2026 1422 2078 δὲ
1448 2027 1513 2080 ὲκ
1543 2026 1789 2081 διαϐόλου

220 2113 429 2183 πληγὰς
467 2113 662 2167 παθεῖν
705 2117 806 2169 οὐκ
836 2116 1012 2183 εἰδὼς,
1042 2120 1102 2171 οὐ
1145 2121 1543 2190 μεμερισμένος
1580 2120 1698 2191 Θεῷ
1731 2137 1790 2173 τε

220 2205 311 2255 καὶ
335 2203 548 2274 κόσμῳ,
583 2207 677 2258 καὶ
707 2208 752 2258 εἱ
794 2208 983 2275 γέγονε
1007 2207 1164 2280 σὰρξ,
1195 2209 1310 2263 ἀλλ’
1335 2211 1455 2274 ὅλος
1495 2209 1570 2264 ῶν
1613 2212 1791 2280 ἅγιος,

218 2294 277 2345 οὐ
325 2294 706 2366 διαιρούμενος
752 2299 831 2360 εἰς
883 2299 1015 2352 Θεὸν
1074 2300 1212 2371 ίδίᾳ,
1258 2305 1353 2355 καὶ
1387 2303 1467 2364 είς
1509 2301 1793 2374 ἄνθρωπον

223 2386 404 2450 ῷικῶς
445 2386 586 2457 μετὰ
637 2387 734 2460 τὴν
787 2389 1022 2461 ἄρρητον
1069 2391 1294 2458 ἕνωσιν,
1340 2394 1459 2464 ήτοι
1510 2394 1607 2465 τὴν
1657 2395 1792 2465 πρὸς

223 2479 399 2548 σάρκα
451 2478 689 2543 σύνοδον,
720 2479 833 2534 ἀλλ’
860 2475 942 2545 εἷς
977 2482 1237 2554 ὑπάρχων
1261 2483 1414 2548 Θεὸς,
1448 2485 1542 2537 καὶ
1579 2483 1792 2554 ἄνθρωο

235 2587 330 2631 πος
355 2571 384 2622 ὁ
420 2569 606 2634 αὑτός.
646 2571 990 2641 Μεμέρισται
1013 2575 1121 2644 γὰρ
1145 2574 1395 2645 οὐδαμῶς
1415 2614 1429 2640 ,
1469 2575 1614 2628 καθά
1637 2576 1729 2629 καὶ
1766 2578 1795 2629 ὁ

228 2662 387 2728 σοφὸς
414 2661 621 2731 γράφει
650 2661 877 2727 Παῦλος,

294 2838 505 2892 ΠΑΛΛ.
540 2840 615 2894 Τὸ
640 2841 703 2894 ἐκ
726 2842 828 2912 γῆς
856 2837 950 2899 οὖν
983 2841 1092 2913 ἄρα
1121 2841 1504 2914 θυσιαστήριον
1523 2886 1538 2910 ,
1570 2847 1663 2900 καὶ
1689 2847 1796 2918 μὴν

228 2931 318 2982 καὶ
355 2930 406 2983 οἱ
457 2930 704 3001 ἀπλῆγες
749 2932 919 2998 λίθοι,
978 2935 1300 3004 σημαίνουσι
1355 2937 1620 3005 Χριστὸν,
1657 2940 1798 2994 κατὰ

227 3022 348 3082 τοὺς
373 3021 479 3092 ήδη
512 3024 944 3095 προειρημένους
979 3025 1252 3094 τρόπουςδ

297 3112 464 3168 ΚΥΡ.
495 3112 652 3166 Οὕτω
682 3115 847 3184 φημίο
879 3116 1248 3184 πνευματικὸς
1272 3116 1423 3188 γὰρὸ
1450 3117 1796 3188 νόμος,κατὰ

227 3203 320 3264 τὰς
349 3202 596 3272 Γραφάς.
650 3204 866 3274 Ἐπειδὴ
895 3204 953 3257 δὲ
983 3206 1042 3257 τὸ
1080 3206 1317 3277 Χριστοῦ
1348 3211 1668 3279 μυστήριον,
1701 3211 1796 3264 καὶ

225 3293 323 3363 τὴν
368 3293 436 3346 δι’
486 3293 653 3356 αὐτοῦ
712 3295 972 3364 πρόσοδον
1030 3297 1444 3368 αἰνιγματωδῶς
1494 3299 1795 3364 ὑπετύπου,

227 3381 347 3439 me
366 3381 453 3452 δὴ,
498 3383 622 3435 τότε
665 3385 760 3436 καὶ
798 3384 900 3454 τῆς
941 3385 1269 3456 Ἑκκλησίας
1313 3389 1693 3458 προαναδεῖξαι
1738 3391 1799 3444 τὺ

226 3473 412 3540 σχῆμα
446 3471 578 3534 Θεὸς
624 3473 936 3528 ἐσκέπτετο.
980 3476 1184 3530 Μωσέα
1226 3476 1324 3548 μὲν
1361 3473 1452 3532 οὖν
1482 3480 1663 3533 ἐκάλει
1706 3483 1798 3536 καὶ

229 3563 325 3613 σὺν
375 3562 526 3632 αὐτῷ
570 3563 663 3618 τὸν
717 3565 923 3634 Ἰησοῦν
967 3568 1060 3620 ὲπὶ
1109 3569 1168 3622 τὸ
1219 3569 1344 3640 ὅρος
1384 3572 1444 3625 τὸ
1492 3573 1642 3627 Σινᾶ.
1690 3575 1800 3628 Καὶ

228 3651 386 3714 σὺνες
410 3652 686 3718 ἐντεῦθεν,
710 3655 792 3708 ὅτι
827 3657 920 3708 καὶ
944 3659 1127 3722 αὐτοῖς
1155 3661 1268 3722 τοῖς
1297 3661 1473 3730 ἁγίοις
1498 3664 1800 3733 προφήταις

225 3743 291 3796 δι’
313 3743 448 3796 Υἱοῦ
473 3745 730 3816 προσιτὸς
759 3748 786 3800 ὁ
818 3747 1027 3819 Πατήρ
1061 3749 1473 3821 ἀναθρώσκουσι
1502 3753 1608 3826 γὰρ
1634 3754 1799 3826 ἀλλή-

228 3835 340 3898 λοις
368 3838 581 3909 Μωσῆς
609 3855 668 3890 τε
710 3840 803 3892 καὶ
841 3840 1064 3911 Ἰησοῦς.
1095 3842 1406 3915 Γέγραπται
1455 3846 1596 3916 γὰρ,
1642 3866 1660 3899 ι
1690 3849 1800 3902 Καὶ

229 3926 460 3998 ἑλάλησε
490 3929 694 4000 Κύριος
720 3930 858 4000 πρὸς
882 3933 1091 4002 Μωσῆν
1117 3933 1310 4003 λέγων·
1336 3930 1501 3989 Εἶπον
1529 3940 1640 4000 τοῖς
1667 3941 1800 4003 υἱοῖς

241 4018 476 4090 Ἰσραὴλ,
511 4021 608 4072 καὶ
635 4020 828 4075 λάϐετε
861 4041 951 4092 μοι
983 4024 1237 4097 ἀπαρχὰς
1269 4029 1421 4100 παρὰ
1451 4029 1697 4097 πάντων,
1719 4026 1800 4094 οἷς

230 4114 291 4165 ἂν
320 4113 452 4186 δόξῃ
488 4117 556 4185 τῇ
597 4116 828 4188 καρδίᾳ,
859 4117 1094 4188 λήψεσθε
1124 4121 1221 4184 τὰς
1255 4122 1508 4193 ἀπαρχάς
1547 4141 1665 4194 μου,
1706 4125 1801 4192 καὶ

229 4203 364 4274 αὕτη
422 4207 573 4260 ἐστὶν
615 4208 648 4278 ή
703 4209 956 4280 ἀπαρχὴ,
1012 4212 1079 4280 ήν
1128 4211 1359 4282 λήψεσθε
1411 4215 1543 4285 παρ’
1585 4216 1796 4282 αὐτῶν,

230 4299 452 4366 χρυσίον
495 4298 592 4350 καὶ
629 4299 912 4372 ἀργύριον,
947 4301 1148 4371 χαλκὸν
1177 4305 1271 4356 καὶ
1305 4304 1632 4371 ὑακίνθινον,
1668 4324 1801 4378 πορ-

1821 3049 1864 3107 C

1885 483 1992 529 tem
2025 491 2056 529 e
2083 481 2245 539 terra,
2273 474 2388 544 ipsa
2417 474 2601 528 carnis
2628 482 2824 528 natura
2869 481 2971 528 est.
3004 473 3064 528 ln
3097 471 3318 528 Christo
3353 473 3458 545 igi-

1884 575 1972 621 tur
1996 567 2174 622 omnis
2203 567 2430 632 oblatio,
2461 575 2517 620 et
2543 566 2722 620 omnis
2747 580 3001 620 accessus
3033 574 3118 620 est
3143 583 3156 630 ;
3197 566 3275 621 ait
3310 567 3456 619 enim

1884 656 1998 726 ipse
2031 674 2043 709 :
2085 677 2102 708 ι
2146 656 2275 714 Siue
2309 673 2397 712 me
2425 657 2563 712 nihil
2594 657 2824 727 potestis
2846 656 3028 717 facere
3053 655 3119 709 δι.
3156 675 3171 706 ι
3212 656 3282 712 Ut
3310 655 3460 710 enim

1882 763 1981 816 per
2015 747 2193 818 ipsum
2243 764 2525 804 accessum
2558 748 2875 814 habuimus,
2915 747 2994 809 sic
3036 748 3217 806 omnis
3239 764 3459 818 quoque

1883 838 2060 893 hostia
2084 855 2278 898 eorum
2335 840 2431 911 qui
2478 841 2639 895 ﬁdem
2666 848 3052 916 perceperunt,
3089 848 3309 917 accepta
3338 856 3460 909 gra—

1883 942 2046 1005 taque
2092 949 2192 1006 per
2241 933 2419 1003 ipsum
2464 941 2567 989 est.
2612 933 2910 989 Pollicetur
2947 941 3130 994 autetn
3182 932 3252 994 iis
3309 931 3403 1002 qui
3431 948 3462 984 ο

1884 1038 2031 1085 terra
2063 1026 2235 1086 altare
2266 1025 2686 1091 constituerent,
2713 1040 2772 1084 se
2801 1033 3115 1089 venturum,
3143 1034 3201 1079 et
3228 1024 3334 1080 illis
3364 1024 3462 1078 be—

1883 1116 2230 1176 nedicturum
2253 1158 2264 1170 .
2291 1135 2309 1167 ι
2341 1116 2567 1176 Veniam
2595 1116 2767 1180 enim,
2793 1135 2810 1167 ι
2845 1115 3046 1186 inquit,
3074 1135 3092 1166 ι
3133 1123 3190 1170 et
3230 1113 3462 1168 benedi-

1883 1223 2001 1265 cam
2035 1208 2153 1268 tibi,
2207 1228 2224 1259 ›
2256 1207 2392 1262 Cum
2439 1208 2587 1263 enim
2627 1223 2726 1278 per
2766 1207 3231 1278 sapientissimum
3282 1207 3464 1266 virum

1884 1299 2104 1371 Moysen
2134 1300 2384 1355 veritatis
2408 1299 2610 1370 ﬁguras
2643 1300 3066 1370 accepissemus,
3093 1298 3210 1369 ipsa
3243 1296 3466 1353 tandem

1883 1391 2087 1446 veritas
2119 1390 2358 1456 affulsit,
2416 1391 2471 1446 id
2513 1400 2598 1446 est
2643 1389 2935 1454 Christus,
2972 1405 3071 1460 per
3107 1405 3270 1460 quem
3310 1397 3365 1443 et
3409 1388 3466 1443 in

1885 1495 1994 1550 quo
2017 1495 2254 1551 superna
2290 1481 2385 1536 illa
2420 1480 2802 1537 benedictione
2851 1482 3014 1536 etiam
3055 1497 3085 1536 a
3117 1482 3276 1536 Patre
3307 1479 3462 1535 ditati

1885 1587 2094 1637 sumus,
2127 1573 2401 1644 obsignati
2451 1574 2508 1628 in
2539 1573 2747 1644 Spiritu
2790 1581 2980 1628 sancto
3015 1573 3070 1628 in
3113 1573 3465 1643 adoptionem

1888 1662 2124 1718 ﬁliorum
2154 1664 2199 1695 “
2235 1683 2246 1717 :
2282 1665 2430 1734 quod
2478 1665 2658 1735 ipsum
2695 1665 2862 1720 etiam
2901 1665 2958 1718 in
2995 1665 3214 1720 Christo
3241 1664 3462 1734 perﬁci-

1891 1765 1998 1809 tur.
2049 1774 2066 1806 ι
2099 1754 2157 1810 Si
2193 1765 2381 1810 autem
2419 1757 2593 1810 altare
2616 1771 2684 1810 ex
2711 1755 2988 1827 lapidibus
3014 1754 3214 1812 feceris
3251 1755 3407 1819 mihi,
3441 1775 3458 1805 ι

1891 1847 2086 1916 inquit,
2121 1865 2138 1896 ι
2162 1862 2271 1900 non
2311 1845 2616 1900 aadilicabis
2637 1860 2733 1899 eos
2756 1852 2952 1900 sectos.
2992 1865 3011 1896 ι
3050 1846 3170 1900 Non
3199 1844 3469 1915 permittit

1889 1936 2002 1991 Deo
2051 1944 2400 1991 consecratos
2454 1934 2664 2004 lapides
2705 1933 2853 1988 ferro
2910 1933 3081 2000 caedi;
3133 1933 3270 2002 lapis
3317 1934 3467 1987 enim

1889 2035 2007 2082 erat
2048 2026 2277 2092 electus,
2337 2024 2634 2095 angularis,
2674 2023 2971 2094 pretiosus,
3023 2021 3279 2077 Christus
3301 2063 3330 2096 ,_
3369 2022 3465 2091 qui

1891 2131 2068 2186 neque
2104 2115 2345 2186 peccatis
2373 2114 2672 2180 vulnerari,
2709 2129 2887 2184 neque
2925 2113 3127 2168 diaboli
3154 2113 3337 2183 plagas
3368 2127 3465 2166 ex-

1891 2210 2074 2279 cipere
2102 2215 2321 2276 posset;
2370 2221 2473 2260 nec
2517 2205 2630 2260 Deo
2675 2213 2732 2260 et
2763 2204 2969 2259 mundo
3016 2204 3226 2258 divisus
3273 2210 3463 2266 esset;

1892 2313 2040 2362 nam,
2067 2297 2171 2352 etsi
2197 2312 2328 2352 caro
2358 2295 2534 2351 factus
2577 2304 2682 2362 est,
2725 2304 2872 2351 totus
2899 2303 3086 2350 tamen
3111 2303 3195 2350 est
3221 2303 3464 2358 sanctus,

1892 2386 1988 2456 qui
2016 2395 2141 2458 post
2170 2386 2316 2440 illam
2345 2386 2672 2442 ineffabilem
2713 2388 2993 2452 unionem,
3022 2403 3120 2442 seu
3155 2402 3279 2442 cum
3303 2402 3467 2442 carne

1893 2493 2266 2550 congressum,
2295 2493 2403 2533 non
2441 2479 2498 2533 in
2523 2480 2695 2534 Deum
2718 2488 2802 2535 est
2826 2480 3117 2550 separatim
3156 2479 3467 2534 hominem-

1895 2587 2001 2642 que
2042 2588 2290 2628 seorsum
2317 2571 2547 2638 divisus,
2575 2573 2671 2628 sed
2710 2589 2854 2628 unus
2894 2580 3197 2643 permanet,
3229 2572 3374 2640 Deus
3411 2581 3469 2627 et

1895 2661 2061 2718 homo
2099 2661 2266 2720 idem.
2300 2662 2488 2732 Neque
2523 2662 2669 2718 enim
2710 2663 2822 2733 ullo
2852 2662 3014 2734 modo
3041 2661 3250 2733 divisus
3277 2671 3381 2730 est,
3409 2671 3470 2718 ut

1897 2753 2092 2811 scribit
2117 2754 2311 2818 beatus
2339 2753 2544 2816 Paulus
2570 2755 2636 2808 ⁸³.

1968 2842 2165 2903 PALL.
2194 2845 2366 2915 Igitur
2398 2845 2570 2915 altare
2598 2843 2664 2907 de
2695 2852 2839 2906 terra
2862 2852 3260 2912 constructum,
3287 2852 3342 2897 et
3367 2843 3470 2907 mi:

1898 2930 2044 2985 nime
2087 2932 2254 2986 dolati
2280 2933 2518 3002 lapides,
2553 2933 2637 2996 iis,
2670 2949 2808 3006 quos
2849 2933 3278 3006 dixistiLmodis,
3308 2933 3470 2988 Chri-

1897 3031 2041 3078 stum
2069 3023 2414 3094 signiﬁcant?

1969 3116 2126 3178 CYR.
2175 3117 2260 3188 lta’
2303 3119 2480 3186 sentio
2533 3135 2546 3171 :
2594 3117 2862 3188 lextenim
2901 3117 3203 3187 spiritualis
3247 3124 3363 3179 est,
3411 3123 3472 3174 ut

1898 3207 2196 3276 Scriptura:
2231 3208 2474 3274 tradunt,
2520 3208 2710 3279 Igitur,
2750 3214 3104 3277 posteaquam
3129 3205 3332 3263 Christi
3357 3222 3473 3277 my-

1897 3299 2150 3362 sterium,
2198 3307 2254 3354 ct
2295 3298 2449 3353 illum
2502 3315 2599 3369 per
2635 3313 2764 3353 eum
2805 3313 3086 3359 accessum
3130 3297 3470 3367 muigmatice

1897 3389 2302 3460 praeﬁguravit,
2350 3397 2466 3444 tum
2522 3405 2653 3444 vero
2698 3388 2865 3443 etiam
2923 3387 3179 3442 Ecclesiae
3238 3386 3469 3442 formam

1897 3479 2040 3540 Deus
2073 3481 2232 3551 longe
2279 3488 2406 3535 ante
2448 3479 2740 3535 ostendere
2783 3477 3088 3534 constituit.
3119 3477 3341 3550 Moysen
3366 3477 3468 3548 igi-

1899 3579 2009 3636 tur,
2053 3581 2109 3627 et
2134 3588 2258 3626 cum
2297 3588 2363 3627 eo
2395 3572 2579 3628 Jesum
2622 3571 2690 3626 ad
2716 3579 2984 3638 _montem
3029 3569 3162 3626 Sina
3199 3569 3466 3636 evocavit.

1898 3663 2076 3733 Atque
2121 3663 2252 3719 hinc
2307 3643 2580 3735 intelligas
2627 3663 2812 3730 velim,
2847 3663 2980 3736 ipsis
3011 3676 3229 3733 quoque
3268 3660 3472 3730 sanctis

1899 3753 2184 3824 prophetis
2240 3771 2339 3826 per
2393 3755 2593 3810 Filium
2643 3762 2833 3826 patere
2903 3753 2974 3810 ad
3022 3753 3472 3823 Patremacces-

1901 3861 2022 3900 sum
2079 3864 2091 3898 :
2149 3847 2310 3900 simul
2365 3846 2513 3901 enim
2574 3845 2880 3904 ascendunt
2928 3844 3140 3917 Moyses
3191 3852 3246 3900 et
3285 3842 3461 3899 Iesus.

1900 3935 2057 4006 291
2079 3936 2352 4007 Scriptum
2380 3946 2465 3997 est
2489 3937 2636 4004 enim
2665 3955 2678 3991 :
2715 3957 2731 3989 ι
2761 3937 2830 3992 Et
2855 3937 3074 4005 locutus
3097 3943 3180 4002 est
3211 3935 3475 3989 Dominus

1901 4025 1967 4078 ad
2013 4025 2254 4098 Moysen,
2301 4027 2490 4096 dicens
2528 4045 2540 4080 :
2574 4027 2673 4081 Dic
2716 4027 2844 4082 ﬁliis
2893 4027 3061 4090 Israel
3092 4045 3103 4079 :
3132 4027 3199 4080 Et
3239 4027 3472 4095 accipite

1901 4119 2034 4189 mihi
2059 4119 2328 4188 primitias
2357 4119 2426 4172 ab
2456 4117 2732 4182 omnibus,
2761 4131 2995 4186 quorum
3031 4115 3187 4170 cordi
3224 4115 3470 4180 libuerit,

1900 4209 1970 4262 ab
1997 4208 2065 4261 iis
2095 4206 2376 4276 accipietis
2400 4203 2674 4274 primitias
2701 4219 2850 4269 meas
2878 4222 2890 4256 :
2921 4211 2978 4258 et
3014 4204 3098 4257 hae
3123 4210 3252 4258 sunt
3277 4203 3470 4273 primi-

1904 4299 1993 4367 tiae
2038 4313 2174 4367 quas
2215 4296 2496 4365 accipietis
2538 4295 2607 4349 ab
2646 4294 2797 4365 ipsis,
2831 4309 3025 4348 aurum
3071 4302 3126 4348 et
3164 4301 3471 4364 argentum,

230 4387 406 4458 φύραν
434 4391 531 4442 καὶ
572 4390 826 4445 κόκκινον
851 4392 1092 4459 διπλοῦν,
1127 4395 1218 4448 καὶ
1249 4395 1447 4466 βυσσὸν
1479 4377 1793 4468 κεκλωσμέ-

1903 4403 1977 4442 aes
2004 4393 2059 4441 et
2087 4385 2462 4456 hyacinthum,
2498 4399 2798 4455 purpuram
2838 4391 2893 4437 et
2931 4381 3214 4437 coccinum
3249 4382 3472 4452 duplex,

231 4493 354 4546 νην,
384 4480 480 4531 καὶ
512 4480 706 4550 τρίχας
744 4482 992 4551 αἱγείας,
1020 4485 1115 4546 καὶ
1161 4486 1407 4557 δέρματα
1459 4487 1627 4556 κριῶν
1668 4489 1804 4559 ἠρυ-

232 4567 656 4640 θροδανωμένα,
716 4575 810 4628 καὶ
866 4574 1113 4646 δέρματα
1171 4576 1483 4642 ὑακίνθινα,
1532 4577 1626 4630 καὶ
1673 4577 1804 4642 ξύλα

231 4662 483 4731 ἄσηπτα,
537 4665 630 4718 καὶ
681 4665 863 4730 λίθους
914 4667 1165 4739 σαρδίου,
1204 4669 1299 4735 καὶ
1351 4668 1532 4732 λίθους
1579 4671 1658 4732 εἱς
1705 4669 1802 4740 τὴν

231 4751 468 4823 γλυφὴν,
497 4754 580 4817 εἱς
628 4754 724 4825 τὴν
762 4756 1033 4827 ἐπωμίδα,
1067 4757 1161 4811 καὶ
1193 4759 1273 4822 εἱς
1312 4757 1402 4811 τὸν
1434 4757 1664 4828 ποδήρη,
1709 4758 1802 4811 καὶ

231 4844 478 4913 ποιήσεις
510 4861 600 4913 μοι
647 4844 925 4916 ἁγίασμα,
957 4846 1052 4900 καὶ
1077 4845 1388 4918 ὀφθήσομαι
1421 4848 1477 4901 ἐν
1513 4847 1661 4916 ὑμῖν.
1694 4846 1804 4899 Καὶ

233 4935 482 5005 ποιήσεις
524 4953 615 5006 μοι
657 4937 801 4991 κατὰ
846 4937 1023 4997 πάντα
1070 4939 1173 5007 ὅσα
1211 4939 1276 4994 ἄν
1319 4957 1401 4993 σοι
1441 4938 1599 5004 δείξω
1633 4941 1690 4991 ὲν
1728 4936 1804 5007 τῷ

231 5025 346 5096 δρει
370 5027 433 5080 τὸ
459 5028 811 5100 παράδειγμα
837 5031 939 5102 τῆς
965 5031 1192 5105 σκηνῆς,
1229 5031 1324 5097 καὶ
1351 5031 1412 5084 τὸ
1455 5029 1805 5101 παράδειγμα

234 5117 450 5171 πάντων
474 5117 586 5172 τῶν
615 5119 829 5173 σκευῶν
860 5120 1048 5189 αὐτῆς,
1070 5119 1244 5184 οὕτως
1273 5120 1540 5191 ποιήσεις.
1577 5137 1595 5170 ι
1645 5119 1806 5190 Ὁρᾷς

233 5209 377 5272 ὅπως
423 5211 517 5263 ἐπὶ
558 5211 619 5264 τὸ
664 5211 864 5282 χρῆναι
907 5214 1279 5284 καρποφορεῖν
1320 5212 1382 5265 τὸ
1427 5210 1704 5275 λυσιτελές
1747 5227 1807 5264 τε

235 5299 324 5352 καὶ
379 5301 826 5372 χρειωδέστατον,
875 5305 954 5367 εἱς
994 5303 1320 5375 Ἐκκλησίας
1369 5302 1629 5356 σύστασιν
1665 5319 1799 5374 προ-

1899 4488 1956 4536 et
1980 4481 2203 4551 byssum
2229 4485 2432 4542 netam,
2461 4485 2516 4532 et
2547 4476 2688 4546 pilos
2718 4491 3028 4547 caprarum,
3053 4485 3110 4531 et
3134 4474 3304 4546 pelles
3326 4475 3474 4532 arie-

1903 4578 2017 4625 tum
2049 4569 2379 4638 rubricatas,
2404 4575 2460 4622 et
2489 4567 2658 4638 pelles
2683 4567 3086 4638 hyacinthinus,
3114 4572 3170 4621 et
3194 4565 3340 4636 ligna
3364 4565 3472 4620 im-

1879 4659 2205 4730 ‘putribilia,
2229 4664 2284 4712 et
2309 4657 2518 4727 lapides
2545 4657 2777 4722 sardios,
2805 4666 2860 4712 et
2885 4657 3093 4727 lapides
3132 4656 3198 4710 ad
3225 4654 3470 4726 sculptu-

1901 4766 2040 4815 ram,
2081 4749 2149 4803 ad
2188 4747 2641 4818 superhumerale
2681 4755 2738 4802 et
2769 4747 2836 4802 ad
2872 4747 3113 4801 tunicam
3145 4745 3394 4811 talarem,
3418 4758 3474 4806 et

1901 4841 2068 4896 facies
2091 4840 2227 4894 mihi
2255 4839 2650 4905 sanctuarium,
2674 4850 2731 4896 et
2758 4837 3033 4910 apparebo
3063 4835 3220 4890 vobis
3253 4853 3265 4889 :
3295 4840 3352 4889 et
3389 4834 3472 4889 fa-

1901 4931 2014 4988 cies
2035 4932 2171 4986 mihi
2203 4933 2359 5003 juxta
2386 4931 2572 4985 omnia
2596 4943 2936 5000 quacunque
2958 4932 3336 4982 monstravero
3373 4925 3472 4981 tibi

1902 5027 1956 5082 in
2006 5035 2192 5081 monte
2231 5025 2509 5094 exemplar
2545 5022 2905 5087 tabernaculi,
2941 5028 2996 5076 et
3035 5021 3316 5092 exemplar
3353 5037 3475 5078 om-

1902 5120 2053 5174 nium
2087 5133 2340 5173 vasorum
2379 5116 2572 5186 ipsius,
2606 5115 2685 5170 sic
2726 5114 2896 5168 facies
2917 5113 2982 5166 ⁸⁸.
3019 5132 3036 5165 ›
3085 5112 3254 5169 Vides
3305 5120 3366 5168 ut
3406 5112 3473 5166 ad

1903 5227 1970 5266 ca
2013 5227 2135 5282 quae
2160 5209 2228 5264 ad
2258 5208 2687 5264 exstructionem
2714 5205 2972 5259 Ecclesia:
2996 5204 3391 5268 conducerent,
3418 5209 3475 5257 et

1907 5304 2029 5358 usui
2059 5302 2296 5357 maximo
2328 5300 2511 5354 futura
2546 5302 2730 5351 essent
2766 5295 3067 5360 offerenda,
3095 5295 3346 5349 hortetur
3372 5305 3473 5361 po-

215 5374 421 5456 ’τρέπει
452 5391 639 5457 λαοὺς,
668 5395 1138 5464 προσκομίζοντας
1168 5394 1368 5466 ἱλαρῶς
1394 5394 1462 5448 τὰ
1494 5394 1614 5447 κατ’
1646 5394 1793 5464 ἰσχύν

1909 5392 2065 5462 pulos
2089 5389 2336 5444 hilariter
2374 5403 2474 5458 pro
2517 5385 2679 5440 modo
2704 5385 2929 5451 virium,
2961 5393 3017 5441 et
3044 5399 3112 5440 ex
3142 5381 3308 5438 animi
3345 5395 3474 5436 seu-

239 5496 290 5531 τε
321 5483 411 5535 καὶ
459 5483 724 5554 γνὼμηνς
761 5487 836 5538 Οὐ
871 5486 980 5555 γάρ
1031 5502 1111 5538 τοι
1163 5483 1361 5555 χρυσὸν
1391 5483 1573 5553 ἐζήτει
1620 5484 1799 5554 μόνον,

1909 5483 2078 5538 tentia
2111 5479 2492 5534 conferentes?
2514 5477 2701 5546 Neque
2725 5479 2872 5532 enim
2899 5489 3091 5532 aurum
3116 5473 3285 5548 modo
3323 5485 3475 5543 qua-

305 5661 584 5730 “.loanJ,
619 5664 705 5718 Η.
787 5662 828 5693 ⁸⁸
870 5662 1132 5727 Joan.xv,
1292 5662 1334 5693 ¹⁴²
1361 5661 1615 5729 Ephesi,
1655 5661 1704 5714 5.
1785 5661 1793 5690 ²

1907 5658 2030 5713 Cor.
2088 5675 2156 5723 χι.
2201 5642 2438 5710 “Exod.
2485 5671 2602 5716 ny,
2644 5653 2756 5726 l‘-9_.
