3962 6296
531 342 637 399 595

1527 338 1582 394 S.
1623 338 1895 394 CYRILLI
1933 336 2401 403 ALEXANDRIM
2439 335 2755 392 ARCHIEP.

3681 335 3780 398 596

527 457 707 525 rebat,
735 463 831 513 aut
862 472 926 514 ea
960 454 1190 512 fortasse
1253 469 1373 525 qua:
1403 456 1564 526 vulgo
1595 455 1936 526 suppeditari
1963 454 2100 509 dim-

2209 457 2376 528 ἧγουν
2407 455 2473 508 τὰ
2504 455 2719 524 πολλοῖς
2743 440 3075 526 δυσπόριστα
3105 455 3290 533 τυχὸν,
3313 455 3451 510 ἀλλά
3477 457 3572 513 καὶ
3590 461 3783 532 τρίχας

528 549 633 603 cile
663 555 906 620 possent,
941 545 1036 602 sed
1072 545 1235 600 etiam
1281 544 1420 614 pilos
1451 560 1744 616 caprarum
1783 553 1838 599 et
1871 546 2106 600 arietum

525 639 719 710 pelles,
761 646 822 693 ut
863 635 1181 692 ostenderet
1229 635 1487 706 exiguum
1535 650 1601 691 ac
1644 635 1752 690 vile
1797 650 2018 700 munus,
2059 635 2105 690 si

527 730 667 784 nihil
704 731 750 784 is
795 729 889 799 qui
921 727 1125 791 oﬂ'erre
1147 725 1478 790 decreverit,
1505 725 1857 796 praestantius
1885 725 2104 789 habeat,

526 819 750 872 minime
787 832 820 872 a
861 816 974 871 Deo
1017 815 1225 884 respui,
1251 824 1416 884 atque
1449 803 1614 869 etiam
1654 812 1891 868 fortasse
1943 812 2111 875 rebus

524 926 646 982 qua:
671 911 728 962 in
753 908 993 962 maximo
1017 907 1196 976 pretio
1223 915 1371 971 sunt,
1395 906 1624 976 aequari,
1652 914 1748 959 aut
1775 903 1949 976 magis
1973 919 2109 975 quo—

523 1019 630 1073 que
657 1001 895 1066 laudari,
921 1007 984 1054 ut
1012 1007 1163 1054 certe
1186 998 1442 1059 Christus
1473 998 1622 1062 fecit,
1649 1013 1774 1052 cum
1808 998 1955 1052 haud
1987 998 2107 1052 sine

522 1093 889 1147 admiratione
912 1091 1132 1146 viduam
1160 1091 1309 1145 illam
1343 1092 1578 1160 excepit,
1607 1107 1728 1160 quae
1753 1089 2108 1161 Jerosolymis

523 1185 582 1238 in
628 1184 1079 1255 gazOphylacium
1119 1183 1377 1253 exiguum
1418 1181 1553 1255 illud
1591 1182 1836 1251 quidem,
1867 1189 1923 1237 et
1959 1183 2107 1252 quod

522 1276 782 1330 facillime
822 1274 1128 1344 comparari
1153 1280 1357 1344 posset,
1389 1273 1595 1338 intulit,
1621 1273 1718 1327 sed
1751 1288 2006 1344 magnum
2039 1273 2107 1330 iis

522 1366 757 1422 fortasse
803 1366 898 1436 qui
933 1367 989 1420 in
1033 1380 1245 1421 summa
1280 1365 1464 1435 inopia
1497 1372 1811 1429 versantur,
1837 1379 1976 1434 quos
2008 1381 2105 1419 ve-

522 1456 753 1512 risimile
795 1463 880 1511 est
926 1455 1092 1511 etiam
1136 1453 1528 1524 vilissimarum
1573 1468 1758 1507 rerum
1809 1453 2105 1508 amissione

520 1548 728 1601 vexari.
754 1546 1007 1617 Acceptis
1029 1562 1160 1615 ergo
1186 1546 1469 1620 primitiis,
1504 1563 1522 1596 ι
1551 1543 1935 1600 Sanctuarium
1967 1544 2103 1599 mihi

531 1638 777 1704 «facies,»
819 1639 1051 1709 inquit,¢
1079 1645 1136 1693 et
1157 1637 1437 1708 apparebo
1456 1637 1612 1692 vobis
1639 1654 1654 1690 :
1684 1655 1700 1686 ι
1726 1637 1916 1694 illucet
1954 1636 2102 1702 enim

524 1726 580 1781 in
636 1728 877 1784 Ecclesia
923 1728 1212 1794 Christus,
1263 1736 1321 1782 et
1378 1728 1447 1783 iis
1502 1727 1597 1798 qui
1631 1728 1687 1782 in
1741 1743 1806 1783 ea
1857 1734 2100 1792 manent,

2211 547 2457 616 αἰγείας,
2502 548 2595 600 καὶ
2641 546 2812 618 κριῶν
2859 546 3141 618 δέρματα,
3187 547 3402 612 δεικνὺς
3453 551 3536 604 ὅτι
3583 551 3678 608 καὶ
3724 554 3785 615 τὰ

2209 635 2382 708 βραχύ
2416 655 2474 690 τε
2506 638 2598 690 καὶ
2628 636 2863 704 εὐτελὲς,
2901 639 2951 709 εἱ¹
2998 636 3164 708 μηδὲν
3204 637 3315 706 ἔχοι
3344 638 3730 712 λαμπρότερον
3747 619 3784 698 ’ὁ

2207 731 2576 799 καρποφορεῖν
2625 727 2933 800 ᾑρημένος,
2967 728 3068 780 οὐκ
3110 727 3419 800 ἀπόϐλητον
3451 729 3530 802 τῷ
3749 734 3784 804 ἢ

2206 819 2346 888 τάχα
2390 836 2491 890 που
2532 819 2624 872 καὶ
2669 821 2726 872 tv
2777 819 2876 887 ἴσῳ
2921 820 3034 882 τοῖς
3081 819 3459 888 τιμιωτάτοις,
3495 820 3529 892 ἢ
3584 811 3684 876 καῖ
3729 827 3786 876 tv

2208 908 2415 978 ἐπαίνῳ
2446 910 2670 979 μείζονι,
2702 910 2951 980 καθάπερ
2987 910 3179 979 ἀμέλει
3210 910 3308 964 καὶ
3343 912 3371 962 ὁ
3413 912 3648 981 Χριστὸς
3686 913 3787 965 οὐκ

2206 999 2558 1071 ἀθαύμαστον
2596 1002 2748 1070 ἠφίει
2783 1002 2885 1071 τὴν
2927 1003 2985 1055 tv
3017 1004 3127 1064 τοῖς
3166 1001 3558 1072 Ἱεροσολύμοις
3586 1005 3784 1075 χήραν,

2205 1089 2282 1160 τῷ
2328 1090 2712 1164 γαζοφυλακίῳ
2761 1089 3143 1162 προσάγουσαν
3184 1087 3358 1159 βραχύ
3400 1107 3452 1141 τι
3483 1090 3578 1142 καὶ
3620 1089 3784 1142 εὐπό-

2207 1169 2391 1252 ρισαεδν
2430 1182 2624 1252 κομιδῆ
2645 1223 2659 1246 ,
2694 1183 2835 1252 μέγα
2872 1181 2916 1234 δ’
2965 1181 3094 1244 ἴσως
3127 1183 3238 1243 τοῖς
3271 1183 3330 1233 tv
3360 1182 3564 1253 ἐσχάτῃ
3598 1179 3779 1250 πενίᾳ,

2205 1271 2297 1336 οὓς
2325 1273 2390 1345 δὴ
2422 1275 2516 1337 καὶ
2546 1272 2908 1344 κατατρύχειν
2949 1272 3096 1336 εἰκὸς
3133 1272 3226 1326 καὶ
3261 1273 3370 1326 τῶν
3399 1273 3538 1341 ἄγαν
3565 1269 3780 1324 εὐτελεο

2209 1365 2419 1417 στὰτων
2460 1364 2560 1435 τὴν
2607 1351 2951 1435 ἀπεμπολήν.
3001 1363 3326 1435 Δηφθεισῶν
3357 1363 3415 1433 δὲ
3457 1361 3565 1416 τῶν
3601 1363 3780 1432 ἀπαρτ

2205 1454 2338 1527 χῶν,
2373 1473 2390 1505 ι
2435 1455 2710 1524 Ἀγίασμά
2738 1471 2827 1526 μοι
2861 1455 3125 1524 ποιήσεις,
3163 1473 3182 1506 ι
3222 1455 3374 1524 φησὶ,
3423 1473 3442 1506 ε
3480 1454 3576 1508 καὶ
3603 1452 3776 1524 όφθήτ

2207 1563 2372 1616 σομαι
2421 1548 2479 1599 ἐν
2528 1548 2676 1616 ὑμῖν.
2730 1565 2746 1596 ι
2789 1544 3162 1614 Ἐπιφαίνεται
3213 1545 3319 1616 γὰρ
3366 1547 3424 1598 tv
3480 1544 3778 1615 Ἐκκλησία

2205 1635 2454 1706 Χριστὸς,
2491 1637 2585 1689 καὶ
2631 1635 2931 1704 ἐπιλάμπει
2967 1637 3080 1697 τοῖς
3132 1637 3190 1688 tv
3235 1635 3371 1706 αὐτῇ
3393 1675 3406 1696 ,
3439 1635 3580 1688 κατά
3617 1651 3680 1702 γε
3715 1634 3779 1686 τὸ

2207 1727 2264 1780 tv
2295 1727 2574 1797 Ψαλμοῖς,
2607 1747 2625 1778 (
2678 1726 2809 1790 Θεὸς
2862 1726 3086 1796 Κύριος,
3128 1725 3222 1778 καὶ
3260 1726 3529 1794 ὲπέφανεν
3560 1728 3710 1796 ἡμῖν.
3751 1745 3776 1790 ι

523 1819 766 1890 aﬂ'ulget,
795 1827 856 1874 ut
891 1828 976 1876 est
1012 1822 1068 1876 in
1096 1819 1329 1882 Psalmis
1355 1837 1368 1872 :
1406 1839 1422 1870 ι
1453 1795 1598 1875 Deus
1629 1821 1914 1884 Dominus,
1945 1827 2000 1874 et
2031 1820 2098 1874 il-

2219 1819 2494 1889 Ἐπιτήρει
2540 1817 2596 1870 δὲ
2638 1819 2821 1880 ὅπως,
2869 1817 3047 1870 καίτοι
3123 1816 3518 1890 καταϐεϐηκὼς
3577 1819 3671 1871 ἐπὶ
3715 1819 3783 1880 τὸ,

525 1911 661 1964 luxit
688 1912 847 1967 nobis
868 1913 934 1966 ".
967 1933 986 1965 ι
1021 1913 1159 1982 Illud
1193 1923 1377 1968 autem
1409 1913 1672 1967 observes
1693 1911 1883 1980 velim,
1905 1926 2100 1981 quam-

524 2005 608 2059 vis
642 2006 731 2059 ille
770 2006 912 2076 ignis
956 2006 1136 2076 specie
1176 2005 1550 2061 descendisset
1594 2005 1649 2058 in
1692 2014 1954 2067 montem,
1983 2011 2038 2058 et
2069 2019 2100 2057 a

524 2097 727 2168 populo
751 2098 1009 2153 universo
1039 2099 1189 2153 visus
1211 2105 1357 2154 esset
1387 2097 1486 2169 (sic
1511 2097 1656 2151 enim
1681 2095 1946 2166 scriptum
1971 2094 2100 2165 est);

525 2197 706 2242 tamen
737 2189 820 2244 sic
843 2205 967 2243 eum
1003 2189 1208 2255 dicere,
1231 2189 1521 2260 Apparebo
1543 2189 1720 2254 vobis,
1744 2196 2101 2258 posteaquam

522 2287 862 2334 exstructum
899 2279 1067 2337 fuerit
1105 2281 1502 2346 sanctuarium,
1534 2280 1689 2350 quasi
1729 2279 1974 2333 nondum
2001 2293 2099 2348 ap-

522 2371 833 2438 paruisset:
866 2387 1006 2442 pene
1052 2372 1202 2426 enim
1243 2381 1429 2441 aperte
1475 2372 1714 2426 clamare
1752 2371 1973 2424 videtur
2020 2369 2101 2423 vi-

522 2461 708 2518 siones
743 2463 863 2522 illas
895 2479 1036 2519 verae
1074 2464 1221 2518 illius
1265 2464 1358 2519 Dei
1389 2463 1618 2517 visionis
1643 2462 1866 2517 umbras
1895 2462 2095 2526 fuisse;

519 2565 709 2614 veram
741 2562 925 2606 autem
961 2553 1332 2607 ostensionem
1360 2553 1537 2620 ipsum
1563 2568 1619 2605 se
1645 2550 1925 2605 Christum
1954 2563 2096 2613 esse,

521 2637 580 2692 in
611 2655 720 2710 quo
756 2641 934 2710 ipsum
973 2657 1192 2711 quoque
1223 2641 1439 2701 Patrem
1466 2639 1870 2708 conspeximus.
1913 2638 2097 2707 Itaque

519 2728 770 2794 Iudaeos,
811 2730 906 2799 qui
944 2723 1010 2786 se
1048 2731 1459 2799 arbitrabantur
1494 2746 1677 2784 rerum
1716 2731 2098 2785 universarum

520 2821 696 2880 Deum
725 2821 781 2892 in
817 2830 1002 2876 monte
1041 2821 1170 2875 Sina
1207 2837 1335 2876 vere
1376 2822 1748 2894 conspexisse,
1779 2821 2099 2877 stultissime

521 2911 578 2968 id
615 2912 719 2982 sibi
757 2911 1095 2989 persuasisse
1133 2913 1402 2989 coarguit,
1437 2912 1626 2968 dicens
1660 2931 1672 2966 :
1713 2934 1729 2963 ι
1764 2915 1951 2983 Neque
1999 2928 2096 2968 vo-

521 3018 642 3057 cem
666 2988 806 3073 'eju‘s
848 3003 1100 3076 audistis,
1131 2988 1294 3076 292
1329 3021 1509 3076 neque
1545 3008 1783 3076 speciem
1809 3009 1928 3078 ejus
1954 3005 2097 3060 vidi-

521 3092 640 3156 stis,
667 3101 724 3147 et
748 3108 1059 3148 sermonem
1087 3095 1207 3165 ejus
1230 3111 1344 3170 non.
1370 3095 1587 3150 habetis
1611 3095 1666 3149 in
1688 3096 1846 3150 vobis
1871 3111 2098 3168 manen—

522 3190 663 3248 tem,
708 3183 859 3253 quia,
901 3199 1066 3254 quem
1107 3185 1198 3240 ille
1242 3185 1413 3250 misit,
1458 3185 1588 3240 huic
1631 3201 1729 3240 vos
1769 3201 1879 3240 non
1922 3186 2102 3241 credi-

523 3270 593 3324 tis
619 3270 686 3322 ”.
721 3290 739 3321 ι
771 3270 885 3341 Ego
931 3272 1208 3344 apparebo
1257 3273 1312 3327 in
1357 3270 1534 3338 vobis,
1578 3275 1778 3345 inquit,
1825 3285 2106 3337 exstructo

523 3363 838 3417 sanetuario
869 3380 887 3415 ;
910 3361 963 3418 id
987 3371 1170 3429 autem
1199 3361 1373 3435 ﬁgura
1403 3372 1524 3421 erat
1553 3365 1834 3436 Ecclesiae,
1862 3365 1929 3420 ad
1959 3367 2107 3430 illius

520 3467 775 3521 supernae
819 3452 1238 3526 similitudinem
1280 3453 1454 3508 factae.
1505 3455 1593 3508 Ait
1636 3455 1784 3509 enim
1818 3474 1829 3509 :
1868 3475 1886 3507 ι
1916 3456 2107 3514 Facies

521 3545 657 3606 mihi
689 3546 846 3617 juxta
883 3546 1066 3619 omnia
1091 3529 1457 3616 quaecunque
1503 3554 1882 3603 monstravere
1911 3548 2006 3603 tibi
2048 3550 2104 3604 in

521 3645 739 3701 monte,
787 3637 868 3691 sic
912 3636 1100 3694 facies.
1155 3656 1173 3689 ι
1227 3637 1522 3702 Ostensum
1574 3647 1660 3701 est
1707 3640 1852 3695 enim
1895 3640 2103 3710 aliquid

520 3728 685 3784 beato
709 3730 900 3801 Moysi,
928 3729 1105 3800 ﬁgura
1133 3731 1417 3796 nimirum,
1445 3740 1506 3787 ut
1533 3733 1694 3792 modo
1722 3734 1856 3799 dixi,
1886 3745 2104 3790 sancta-

523 3836 648 3876 rum
691 3820 1098 3885 Ecclesiarum,
1148 3827 1206 3875 et
1251 3821 1368 3892 ipse
1411 3823 1501 3878 ille
1545 3825 1696 3879 varie
1744 3833 2000 3896 tanquam
2048 3827 2103 3900 in

522 3911 719 3966 umbra
752 3911 1096 3978 elformatus,
1127 3913 1222 3982 qui
1254 3929 1357 3984 pro
1387 3914 1549 3970 nobis
1588 3923 1674 3970 est
1710 3915 1873 3972 homo
1905 3916 2100 3972 factus.

520 4003 600 4059 De
633 4003 863 4074 singulis
903 4013 1088 4077 autem
1127 4008 1532 4077 exemplaribus
1560 4009 1608 4076 si.
1639 4009 1824 4066 dicere
1859 4011 2098 4067 volueri-

522 4110 665 4159 mus,
699 4095 948 4168 prolixus
974 4097 1082 4152 erit
1127 4105 1182 4154 et
1212 4097 1411 4168 longus
1440 4115 1642 4166 sermo,
1666 4109 1722 4157 et
1751 4101 1932 4174 nimiae
1963 4103 2096 4158 sub-

521 4184 736 4243 tilitatis
782 4186 995 4257 plenus.
1042 4186 1148 4243 Sed
1180 4188 1439 4257 quoniam
1482 4189 1742 4246 nonnulla
1783 4197 1911 4244 sunt
1975 4206 2096 4266 quae

2206 1912 2329 1981 ὅρος
2355 1911 2410 1962 ἐν
2446 1909 2573 1961 εἴδει
2602 1908 2790 1979 πυρὸς,
2817 1906 3003 1977 ὀφθείς
3024 1924 3084 1960 τε
3113 1907 3188 1978 τῷ
3220 1907 3334 1981 λαῷ
3368 1908 3550 1960 παντίι
3576 1908 3782 1979 γέγρα-

2209 2019 2340 2073 πται
2378 2001 2484 2072 γὰρ
2526 2001 2726 2064 οὕτως,
2755 2001 2830 2064 ὡς
2863 1999 3015 2053 ούπω
3057 2001 3279 2068 φανεὶς,
3315 1999 3376 2052 τὸ
3417 1999 3779 2070 Ὀφθὴσομαι,

2208 2092 2394 2164 φησὶν,
2425 2095 2484 2145 tv
2515 2093 2663 2164 ὑμῖν,
2698 2091 3066 2164 ἐγηγερμένον
3091 2090 3188 2144 τοῦ
3212 2090 3568 2163 ἁγιάσματος.
3603 2091 3781 2157 Μόνον

2205 2184 2316 2256 γὰρ
2335 2185 2455 2255 οὐχὶ
2479 2182 2855 2254 διακεκραγὼς
2886 2185 3082 2254 ὁρᾶται
3119 2182 3335 2256 σαφῶς,
3366 2185 3446 2237 ὅτι
3475 2183 3623 2235 σκιαὶ
3656 2181 3784 2261 μὲν,

2207 2277 2264 2330 at
2309 2275 2568 2329 ὀπτασίαι
2616 2276 2822 2328 ἐκεῖναι
2872 2273 2973 2344 τῆς
3015 2272 3248 2344 ἀληθοῦς
3292 2273 3559 2347 θεοπτίας.
3610 2274 3675 2326 Ἠ

2206 2367 2412 2437 ἀληθὴς
2441 2367 2736 2433 ἀνάδειξις,
2775 2370 2802 2420 ὁ
2836 2366 3089 2437 Χριστὸς,
3125 2369 3181 2433 ὲν
3277 2365 3370 2417 καὶ
3410 2365 3572 2417 αὑτὸν
3592 2364 3784 2417 τεθεά-

2209 2458 2352 2529 μεθα
2391 2459 2480 2510 τὸν
2532 2459 2772 2529 Πατέρα.
2823 2458 2933 2510 Καὶ
2977 2458 3108 2526 γοῦν
3158 2457 3444 2519 Ἰουδαίους
3499 2457 3788 2536 οίομένους

2204 2549 2285 2602 ὅτι
2326 2547 2611 2602 τεθέανται
2645 2548 2786 2601 κατὰ
2824 2549 2886 2602 τὸ
2921 2549 3120 2619 ἀληθὲς
3153 2550 3210 2600 tv
3238 2547 3315 2618 τῷ
3356 2547 3470 2619 ὄρει
3514 2549 3646 2602 Σινᾶ
3688 2551 3788 2604 τὸν

2203 2638 2312 2691 τῶν
2343 2638 2478 2691 ὅλων
2511 2638 2675 2704 Θεὸν,
2711 2637 3017 2693 ἀνούστατα
3045 2637 3451 2708 διατιθεμένους
3502 2638 3782 2710 διήλεγχε,

2203 2730 2408 2798 λέγων·
2451 2747 2472 2782 ι
2524 2729 2661 2786 Οὔτε
2696 2731 2878 2802 φωνὴν
2928 2730 3090 2784 αὐτοῦ
3120 2731 3430 2801 ἀκηκόατε,
3475 2730 3600 2785 οὗτε
3640 2731 3787 2800 εἶδος

2203 2822 2368 2876 αὐτοῦ
2403 2821 2684 2892 ἑωράκατε
2705 2863 2720 2888 ,
2762 2823 2858 2876 καὶ
2893 2822 2983 2876 τὸν
3015 2822 3170 2890 λόγον
3196 2823 3360 2879 αύτοῦ
3395 2823 3496 2876 οὐκ
3539 2823 3694 2894 ἔχετε
3723 2825 3788 2892 ὲν
3871 2849 3873 2852 ⁴

2207 2915 2334 2986 ὑμῖν
2384 2912 2646 2983 μένοντα,
2702 2912 2781 2967 ὅτι
2841 2913 2901 2969 ὃν
2952 2913 3272 2968 ἀπέστειλεν
3325 2917 3552 2980 ἐκεῖνος,
3600 2915 3785 2986 τούτῳ,

2205 3005 2366 3075 ὑμεῖς
2395 3005 2456 3058 οὐ
2497 3003 2802 3060 πιστεύετε.
2831 3023 2848 3057 ι
2884 3005 3092 3059 Οὐκοῦν
3125 3006 3432 3079 ὀφθήσομαι
3453 3049 3468 3073 ,
3505 3008 3690 3080 φησὶν,
3722 3011 3785 3078 tv.

2205 3095 2332 3166 ὑμῖν
2391 3096 2762 3167 ὲγηγερμένου
2823 3095 2916 3149 τοῦ
2975 3096 3333 3168 ἀγιάσματος.
3383 3098 3551 3152 Τοῦτο
3597 3099 3655 3153 δὲ
3710 3093 3786 3170 ἦν

2217 3188 2543 3259 Ἑκκλησίας
2593 3187 2797 3254 τύπος,
2839 3187 2961 3243 καθ’
3005 3189 3298 3261 ὁμοιότητα
3342 3190 3638 3260 γενομένης
3679 3191 3782 3260 τῆς

2201 3280 2332 3335 ἀνω.
2374 3280 2485 3346 Καὶ
2512 3279 2618 3351 γάρ
2643 3297 2726 3333 τοι
2778 3281 2932 3351 φησὶ,
2969 3301 2987 3334 ι
3030 3281 3279 3353 Ποιήσεις
3314 3299 3402 3353 μοι
3436 3281 3576 3336 κατά
3598 3283 3782 3344 πάντα

2201 3373 2301 3426 ὅσα
2327 3371 2562 3442 δεικνύω,
2577 3390 2658 3426 σοι
2683 3376 2739 3426 ἐν
2760 3373 2836 3444 τῷ
2856 3374 2993 3445 ὄρει,
3017 3373 3160 3428 οὕτω
3186 3376 3450 3446 ποιήσεις.
3477 3394 3494 3427 ι
3514 3374 3780 3445 Παρεδεί-

2201 3463 2306 3537 χθη
2343 3464 2450 3535 γάρ
2490 3481 2574 3518 τοι
2615 3463 2692 3535 τῷ
2732 3466 2985 3538 μακαρίῳ
3019 3467 3189 3538 Μωσῇ
3249 3464 3438 3530 τύπος,
3485 3465 3559 3528 ὡς
3617 3465 3777 3536 ἔφην,

2201 3557 2310 3614 τῶν
2344 3557 2516 3626 ἁγίων
2561 3556 2922 3630 Ἐκκλησιῶν,
2952 3559 3047 3611 καὶ
3075 3558 3370 3621 πολυειδῶς
3409 3557 3571 3621 αὐτὸς
3613 3558 3692 3620 ὡς
3723 3558 3780 3610 tv

2204 3651 2333 3720 σκιᾷ
2369 3647 2734 3720 πλαττόμενος
2777 3651 2804 3703 ό
2845 3648 2912 3707 δι’
2948 3650 3096 3720 ἡμᾶς
3136 3648 3425 3719 γενόμενος
3466 3647 3779 3718 ἄνθρωπος.

2214 3742 2332 3810 Ἐφ’
2363 3742 2577 3812 ἑκάστῳ
2606 3759 2669 3810 γε
2715 3741 2822 3811 μὴν
2864 3725 2972 3794 τῶν
3015 3741 3476 3813 παραδειγμάτων
3506 3741 3678 3806 πολὺς
3712 3741 3779 3796 ἂν

2202 3829 2410 3897 γένοιτο
2447 3828 2539 3885 καὶ
2584 3827 2794 3898 μακρὸς
2840 3829 2868 3880 ὁ
2910 3828 3066 3896 λόγος
3083 3819 3102 3893 ,’
3128 3829 3221 3881 καὶ
3274 3828 3628 3898 ῐσχνομυθίας
3675 3829 3778 3899 έμ-

2201 3920 2400 3984 πλεως.
2446 3919 2664 3991 Ἐπειδὴ
2692 3919 2748 3973 δέ
2778 3922 2894 3974 ἐστι
2926 3919 2995 3974 τὰ
3023 3920 3122 3991 μὲν
3160 3919 3266 3975 ἴδιά
3288 3937 3346 3974 τε
3376 3921 3470 3980 καὶ
3498 3920 3781 3991 πρέποντα

2202 4013 2267 4082 τῇ
2303 4011 2408 4064 τῶν
2433 4011 2734 4079 γεγονότων
2780 4013 3116 4081 κατασκευῇ,
3162 4012 3225 4065 τὰ
3251 4011 3308 4064 δὲ
3357 4012 3492 4083 πρὸς
3535 4011 3635 4082 τὴν
3668 4011 3786 4084 τῶν,

2203 4101 2574 4172 θεωρημάτων
2606 4102 2934 4160 ἀπονένευκε
2969 4100 3178 4171 χρείαν,
3216 4101 3377 4172 φέρε,
3415 4101 3664 4177 λέγωμεν
3708 4102 3777 4155 τὰ

2202 4191 2282 4254 εἷς
2314 4206 2377 4258 γε
2408 4189 2563 4242 τοῦτο
2585 4188 2861 4259 λυσιτελῆ,
2892 4189 3146 4261 μεθέντες
3175 4188 3243 4242 τά
3275 4189 3459 4260 ἕτερα.
3625 4181 3635 4185 ’
3779 4179 3782 4182 ’

521 4280 743 4350 proprie
782 4279 851 4345 ad
888 4280 1108 4360 illorum
1149 4296 1378 4352 operum
1424 4283 1894 4339 constructionem
1929 4285 2228 4354 pertinent,
2293 4284 2399 4338 alia
2446 4299 2580 4339 vero
2622 4284 2689 4339 ad
2734 4284 3212 4360 contemplationis
3272 4299 3432 4339 usum
3497 4295 3773 4356 spectant,

519 4392 640 4446 age,
677 4393 799 4447 qua:
828 4376 896 4442 ad
931 4393 1054 4448 eam
1095 4393 1210 4445 rem
1251 4379 1407 4433 utilia
1444 4391 1592 4446 sunt,
1617 4380 1686 4436 de
1726 4381 1798 4448 iis
1831 4381 2099 4452 dicamus,
2139 4381 2459 4456 omittamus
2485 4389 2704 4454 caetera.

589 4470 787 4526 PALL.
827 4471 947 4526 Non
973 4471 1105 4532 satis
1125 4471 1273 4542 quod
1300 4471 1440 4550 dicis
1465 4472 1729 4545 intelligo.

587 4561 747 4619 CYR.
789 4561 1028 4618 Adverte
1065 4561 1235 4632 igitur
1266 4563 1412 4633 quod
1450 4563 1702 4622 dicturus
1727 4581 1846 4620 sum
1877 4584 1889 4618 :
1929 4565 2092 4622 intel-

517 4656 658 4729 liges
682 4655 852 4720 enim,
885 4661 943 4712 et
972 4653 1196 4724 quidem
1231 4655 1512 4727 perfacile,
1541 4665 1603 4712 ut
1644 4657 1858 4727 opinor.
1894 4659 2092 4716 Arcam

520 4746 640 4803 fieri
673 4745 839 4818 jussit
865 4743 933 4800 de
960 4743 1122 4815 lignis
1158 4744 1612 4816 imputribilibus,
1669 4756 1728 4809 et
1763 4747 2095 4803 intrinsecus

515 4847 575 4896 et
597 4838 941 4894 extrinsecus
975 4849 1113 4898 auro
1145 4835 1352 4902 mundo
1378 4843 1577 4891 tectam
1600 4836 1668 4900 '7,
1693 4852 1816 4906 quae
1842 4837 2093 4892 contine-

518 4942 604 4987 ret
639 4932 750 4996 illa,
785 4945 906 5000 quae
931 4927 1272 4984 vocabantur
1306 4926 1640 4994 testimonia,
1676 4927 1731 4982 id
1761 4935 1846 4982 est
1893 4926 2094 5003 legem,

519 5029 582 5077 ut
630 5022 688 5075 in
729 5020 930 5076 tabulis
972 5019 1369 5091 parturientem
1401 5035 1418 5076 ι
1448 5033 1628 5088 neque
1670 5033 1802 5074 vero
1842 5017 1934 5074 hic
1971 5005 2099 5074 ﬁnis

517 5113 638 5184 ejus
677 5111 1067 5168 exstructionis
1108 5109 1250 5176 fuit;
1291 5124 1418 5163 nam
1457 5116 1514 5164 et
1553 5115 1741 5166 vectes
1777 5107 1897 5164 ﬁeri
1939 5108 2096 5180 jubet

518 5219 714 5259 rursus
753 5218 821 5258 ex
848 5202 1010 5274 lignis
1049 5200 1484 5274 imputribilibus
1513 5215 1667 5279 aeque
1699 5200 2012 5265 deauratos,
2041 5208 2097 5255 et

517 5310 715 5352 aureos
746 5295 1002 5374 annulos,
1025 5304 1082 5352 et
1107 5293 1388 5373 versatilia,
1419 5293 1882 5363 circumquaque;
1918 5291 2094 5363 longi-

519 5388 767 5444 tudinem
817 5402 1059 5458 quoque,
1103 5403 1168 5445 ac
1211 5381 1584 5463 latitudinem,
1620 5393 1676 5440 et
1721 5383 2093 5448 altitudinem,

516 5489 722 5550 quanta
750 5480 934 5536 futura
961 5489 1110 5536 esset
1151 5480 1207 5536 in
1249 5495 1317 5537 eo
1353 5465 1596 5550 Opificio,
1657 5477 1925 5539 deﬁnivit.
1984 5476 2092 5537 Ve-

518 5585 664 5633 rum,
691 5572 738 5625 si
762 5572 889 5642 quis
926 5570 1063 5632 velit
1096 5570 1412 5641 huiusmodi
1466 5586 1555 5626 res
1584 5569 1812 5642 mystice
1838 5576 1895 5624 et
1923 5582 2088 5623 accu-

2125 4477 2170 4534 D
2265 4477 2469 4542 ΠΑΛΛ.
2501 4475 2576 4529 Οὐ
2615 4476 2836 4548 συνίημι
2871 4476 2900 4530 ὃ
2933 4476 3054 4548 φής.

2273 4565 2437 4620 ΚΥΡ.
2469 4564 2660 4637 Ἀθρει
2691 4566 2754 4638 δὴ
2787 4561 2881 4621 οὖν
2906 4566 2934 4620 ὃ
2961 4583 3124 4638 φημιο
3154 4566 3414 4638 συνήσεις
3437 4569 3568 4641 γὰρ,
3598 4569 3770 4644 οἶμαι.

2201 4658 2294 4711 καὶ
2343 4655 2463 4710 λίαν
2507 4657 2765 4728 ἀμογητί’
2815 4657 3050 4712 κιϐωτὸν
3097 4658 3352 4728 γενέσθαι
3409 4664 3774 4734 προστέταχεν

2199 4749 2264 4801 ἐκ
2311 4746 2482 4814 ξύλων
2510 4747 2800 4817 ἁσήπτων,
2832 4749 3034 4804 ἔσωθέν
3078 4767 3136 4804 τε
3192 4751 3287 4804 καὶ
3329 4749 3528 4817 ἔξωθεν
3567 4755 3773 4826 χρυσίῳ

2201 4837 2427 4910 καθαρῷ
2460 4837 3007 4911 διαπεπυκασμένην,
3043 4841 3137 4894 καὶ
3178 4841 3248 4896 τὰ
3281 4843 3590 4915 καλούμενα
3632 4863 3770 4917 μαρ-

2199 4928 2382 5002 τύρια,
2406 4928 2551 4992 τοῦτ’
2579 4928 2716 4998 ἐστι,
2751 4930 2843 4984 τὸν
2870 4930 3032 5000 νόμον
3049 4931 3125 4994 ὡς
3153 4935 3210 4987 ὲν
3238 4931 3429 5000 πλαξὶν
3459 4934 3768 5000 ὠδίνουσαν,

2201 5021 2296 5074 καὶ
2336 5021 2398 5075 οὗ
2446 5020 2609 5092 μέχρι
2640 5021 2846 5077 τούτων
2879 5022 2948 5076 τὸ.
2987 5023 3077 5076 ἐπ’
3107 5023 3295 5096 αύτήν·
3331 5024 3634 5097 ἀναφορέας
3665 5027 3769 5098 γὰρ

2199 5112 2263 5183 δὴ
2307 5113 2560 5181 γενέσθαι
2594 5113 2921 5185 προστάττει
2974 5113 3136 5168 πάλιν
3183 5113 3241 5182 ἐξ
3287 5115 3547 5186 ἀσήπτων
3581 5117 3767 5182 ξύλων,

2200 5202 2260 5256 tv
2291 5202 2389 5272 ῐσῳ
2421 5201 2874 5274 κεχρυσωμένους
2895 5241 2910 5267 ,
2945 5201 3179 5274 χρυσοῦς
3220 5219 3282 5256 τε
3318 5202 3633 5269 δακτυλίους
3677 5205 3766 5257 καὶ

2203 5292 2444 5365 στρεπτά
2469 5273 2676 5366 κύκλιρ.
2711 5292 2903 5373 Μῆκός
2926 5273 3102 5348 τεκαὶ
3133 5292 3333 5358 πλάτος
3363 5295 3454 5347 καὶ
3479 5290 3613 5363 ὕψος
3642 5292 3787 5383 ὼρίη

2204 5401 2336 5439 σατο
2361 5401 2440 5456 τῳ
2473 5387 2792 5456 τεχνήματι.
2839 5383 2979 5438 Ἀλλ’
3013 5385 3062 5439 εί
3104 5383 3347 5455 βούλοιτό
3374 5401 3458 5448 τις
3491 5383 3765 5453 πολυπρα-

2201 5475 2424 5545 γμονεῖν
2452 5468 2513 5527 εὖ
2562 5465 2725 5544 μάλα
2748 5473 2816 5528 τὰ
2854 5473 3031 5529 τοιάδε
3065 5474 3370 5546 μυστικῶς,
3419 5474 3637 5546 εὑρήσει
3671 5471 3764 5540 μὲν

2201 5565 2352 5629 ἴσως,
2394 5566 2422 5618 ὃ
2451 5565 2504 5618 τί
2555 5566 2684 5620 ποτέ
2728 5567 2876 5621 ἐστιν
2916 5568 2951 5636 ἠ
2993 5565 3260 5634 κιϐωτὸς,
3306 5565 3403 5621 καὶ
3443 5564 3512 5619 τὰ
3543 5565 3602 5618 ὲν
3629 5561 3763 5631 αὐτῇ

590 5741 639 5790 υ
687 5741 830 5822 ξἐθις
861 5759 1020 5809 cxvn,
1044 5743 1131 5797 27.
1206 5743 1250 5774 ⁸⁸
1277 5743 1430 5798 Joan.
1465 5757 1518 5806 v,
1550 5741 1640 5807 57,
1690 5742 1779 5796 58.
1820 5742 1864 5774 ⁸⁷
1897 5740 2074 5822 Exod.

2263 5737 2355 5818 ιο,
2392 5739 2473 5815 ιι.
