3962 6296
191 283 292 341 597

921 279 1005 334 DE
1045 275 1487 335 ADORATIONE
1523 274 1592 330 IN
1633 266 1907 328 SPlRITU
1954 267 2041 323 ET
2083 270 2451 327 VERITATE.
2494 271 2623 327 LIB.
2664 271 2781 328 lX.‘

202 391 506 468 μαρτύρια,
539 391 636 445 καὶ
681 388 826 459 τίςή
864 387 1037 455 ξύλων
1078 389 1340 460 άσήπτων
1380 387 1570 456 γέγονε
1613 383 1791 457 χρεία.

1914 386 2017 434 'ate
2058 379 2466 451 pervestigare,
2513 381 2762 436 fortassis
2809 381 3054 439 inveniet
3117 381 3211 442 ille
3257 387 3482 459 quidem

202 488 263 541 Τί
289 484 335 538 δ’
371 483 444 538 ἂν
481 481 729 553 βούλοιτο
754 479 967 550 δηλοῦν,
1003 479 1099 533 καὶ
1124 483 1190 552 τῇ
1225 480 1442 551 κιϐωτῷ
1465 479 1526 533 τὸ
1548 478 1793 551 χρυσίον,

206 579 270 637 τὰ
290 577 433 638 τέως
455 577 514 628 ὲν
541 571 696 640 τάξει
721 571 912 643 χρείας
931 589 992 626 τε
1021 572 1115 626 ιιιαν⁸
1139 571 1349 642 κόσμου
1381 569 1793 640 συντεθειμένα,

211 667 454 739 κυμάτια
492 663 561 732 δὴ
593 661 759 732 λέγω,
797 660 1075 733 στρεπτὰ,
1109 660 1337 734 κρίκους
1375 678 1435 715 τε
1465 661 1557 714 καὶ
1590 661 1796 730 ἀναφοο

215 760 357 832 ρέας,
404 758 456 809 εί
499 751 923 826 περιεργάζοιτο
954 751 1157 824 τυχὸν,
1205 752 1442 824 σκληρὸν
1481 752 1704 824 εὑρήσει
1737 750 1798 804 τὺ

212 849 420 921 χρῆμα.
463 843 574 900 Καὶ
621 842 778 911 λόγον
821 841 1002 905 αὐτοῖς
1050 841 1363 913 ἐφαρμόσαι
1395 839 1486 892 τὸν
1537 838 1798 909 μυστικὸν

211 942 308 994 οὐκ
339 938 516 1005 ἔχων,
557 933 980 1005 περιττοεπήσει
1016 933 1158 1004 τάχα
1193 949 1296 991 που
1321 972 1337 995 ,
1382 932 1478 986 καὶ
1518 931 1674 1003 ὄχλον
1717 933 1799 984 εί-

213 1030 382 1092 καίων
407 1025 772 1098 ὲπισωρεύσει
806 1024 1089 1097 ῥημάτων,
1123 1025 1244 1088 ταῖς
1271 1021 1382 1076 τῶν
1405 1021 1800 1092 φιλομαθεστέ-

217 1140 322 1196 ρων
367 1121 585 1182 ἀκοαῖς.
635 1117 865 1189 Ἀληθὴς
907 1116 968 1170 δὲ
1011 1116 1144 1188 ἡμῖν
1171 1116 1202 1169 ό
1241 1114 1401 1184 λόγος
1448 1114 1550 1168 οὐκ
1598 1115 1690 1168 ὲπί
1719 1131 1800 1170 τοι

219 1215 384 1284 μόνης
424 1212 527 1282 τῆς
555 1208 791 1264 κιϐωτοῦ
821 1208 1003 1279 τυχὸν,
1040 1205 1337 1279 προσθείην
1370 1206 1416 1260 δ’
1459 1205 1526 1261 ἂν
1576 1206 1659 1260 ὅτι
1703 1207 1801 1261 καὶ

216 1305 304 1360 ἐπί
337 1323 401 1376 γε
427 1304 541 1358 τῶν
570 1302 768 1366 ᾶλλων,
803 1299 839 1354 ἃ
869 1299 934 1371 δὴ
958 1298 1211 1367 γενέσθαι
1236 1300 1628 1372 προστέταχεν.

289 1558 499 1614 ΙῙΔΛΛ.
549 1559 664 1613 Οὐκ
708 1557 950 1613 ἀπίθανά
998 1575 1091 1630 μοι
1143 1559 1320 1626 δοκεῖς
1367 1561 1697 1617 διανοεῖσθαί
1742 1582 1802 1618 τε

219 1654 309 1708 καὶ
344 1652 546 1720 λέγειν.
589 1651 880 1722 Τοιγάρτοι
930 1652 1114 1722 μεθεὶς
1150 1653 1211 1706 τό
1241 1670 1305 1722 γε
1346 1650 1513 1727 ἦκον,
1559 1657 1634 1720 ὼς
1671 1658 1800 1730 φὴς,

219 1749 294 1807 εἰς
329 1745 682 1816 συμμετρίαν
719 1761 780 1797 τε
815 1744 908 1799 καὶ
933 1746 1144 1816 χρείαν,
1166 1747 1332 1818 ἡγουν
1353 1723 1434 1811 εἰς
1461 1749 1668 1820 κόσμον
1684 1723 1802 1804 ’τόόν
1837 1723 1878 1778 Β

219 1837 711 1910 ἀποτελεσμάτων,
754 1838 840 1892 ἐπ’
885 1840 1020 1893 αὐτὸ
1051 1840 1288 1894 διάττειν
1329 1841 1552 1910 ἐπείγου
1589 1843 1651 1896 τό
1689 1847 1803 1907 τοῖς

221 1930 603 2000 θεωρήμασιν,
649 1930 968 1998 ἀναγκαῖον,
1022 1931 1168 1985 τοῦτ’
1220 1931 1369 1998 ἐστι,
1421 1934 1544 1988 τίνα
1601 1936 1803 2005 τρόπον

220 2023 379 2086 αὐτὸς
411 2024 546 2093 ἡμῖν
593 2024 622 2076 ό
656 2025 894 2094 Χριστὸς
925 2025 1257 2096 σημαίνεται
1287 2024 1376 2080 διὰ
1415 2025 1524 2080 τῶν
1558 2028 1804 2099 παραδε-

219 2115 553 2184 δειγμένων,
607 2117 728 2188 ἤτοι
783 2119 1344 2189 κατεσκευασμένων,
1402 2119 1635 2191 ἀμελητὶ
1686 2120 1803 2174 δια-

222 2220 400 2274 σαφει.

287 2297 454 2350 ΚΥΡ.
513 2297 744 2362 Οὐκοῦν,
804 2299 915 2370 ἐγὼ
949 2302 1066 2372 μὲν,
1095 2301 1172 2366 ὡς
1209 2302 1286 2356 ἔνι
1348 2305 1554 2373 φράσαι
1590 2323 1650 2358 τε
1713 2306 1806 2360 καὶ

225 2387 380 2447 νοεῖν,
414 2386 770 2458 πειράσομαι.
807 2391 1236 2462 Διαμαρτάνοντι
1257 2393 1316 2446 δέ
1355 2395 1400 2447 τ’
1428 2394 1682 2466 ἀληθοῦς,
1711 2398 1806 2450 καὶ

228 2481 371 2546 μεῖον
405 2478 441 2547 ἢ
475 2478 583 2551 χρὴ
628 2483 695 2551 τῇ
749 2481 858 2533 τῶν
898 2481 1188 2552 νοημάτων
1247 2485 1489 2557 ὑπεροχῇ
1533 2488 1808 2558 προσϐάλο

224 2570 381 2637 λοντι,
440 2573 783 2644 συγγνώμων
833 2574 941 2628 ἔσο.
973 2575 1048 2628 Τὸ
1082 2575 1190 2646 γὰρ
1217 2577 1276 2629 ὲν
1321 2578 1574 2651 ἐσόπτρῳ
1619 2598 1677 2634 τε
1711 2583 1806 2634 καὶ

224 2663 508 2733 αἰνίγματι
537 2665 779 2734 βλέπειν,
815 2667 1182 2737 ἁποσφήλειεν
1211 2668 1278 2721 ἂν
1308 2668 1421 2724 ἐσθ’
1448 2671 1537 2727 ὅτε
1582 2673 1677 2726 καὶ
1716 2675 1806 2728 τὸν

226 2753 426 2824 ἀκριϐῆ
461 2771 520 2808 τε
545 2755 638 2810 καὶ
664 2755 913 2828 ἔμφρονα
945 2756 1090 2813 νοῦν.

295 2846 506 2899 ΠΛΛΛ.
546 2842 618 2900 Εὖ
648 2847 846 2914 λέγεις.

292 2939 460 2993 ΚΥΡ.
505 2939 570 2993 Ἦ
598 2939 829 3005 κιϐωτὸς
858 2942 1012 3012 ἡμῖν,
1041 2935 1088 2996 ὦ
1117 2941 1404 3010 Παλλάδιε,
1431 2946 1597 3011 τύπος
1625 2949 1690 3002 ἂν
1722 2951 1806 3020 εἵη

1898 469 2030 539 quid
2067 471 2138 526 sit
2175 487 2324 537 arca,
2355 471 2558 542 quidve
2597 473 2910 530 testimonia
2943 489 3066 546 qua:
3105 475 3164 532 in
3199 492 3264 534 ea
3301 481 3484 538 centi-

1898 561 2196 628 nebantur,
2219 564 2422 634 quidve
2452 580 2585 620 usus
2607 565 3032 636 imputribilium
3060 567 3338 639 lignorum
3364 573 3487 630 fue-

1901 655 1992 709 rit.
2019 654 2126 711 Sed
2154 665 2335 712 tamen
2359 657 2492 728 quid
2524 657 2630 713 sibi
2667 657 2802 714 velit
2835 657 2970 714 illud
3006 661 3066 716 in
3101 676 3229 718 arca
3259 679 3478 734 aurum,

1899 746 2102 816 quidve
2137 763 2204 803 ea
2230 763 2352 818 qua:
2395 747 2619 804 interim
2663 747 2734 804 ad
2779 764 2943 806 usum
2972 753 3094 824 ejus
3131 761 3189 809 et
3223 765 3481 818 ornatum

1901 837 2202 908 composita
2233 847 2382 907 sunt,
2409 841 2662 913 cymatia,
2690 841 2935 913 inquam,
2961 851 3017 899 et
3045 847 3343 912 versatilia,
3369 851 3482 905 cir-

1900 930 2012 987 culi
2045 931 2212 986 etiam
2234 948 2299 988 ac
2319 940 2527 1000 vectes,
2551 933 2596 989 si
2624 933 2898 990 curiosius
2925 936 3200 1006 exquirat,
3247 938 3485 996 arduum

1901 1035 1967 1076 ac
2000 1021 2218 1078 diﬂicile
2245 1039 2384 1094 opus
2407 1025 2671 1081 inveniet.
2695 1025 2833 1082 Cum
2857 1027 3042 1097 itaque
3068 1027 3353 1100 mysticam
3403 1044 3492 1086 ra-

1902 1111 2109 1169 tionem
2147 1114 2257 1171 illis
2292 1124 2481 1186 aptare
2510 1126 2769 1188 nequeat,
2794 1133 3204 1190 supervacaneo
3229 1133 3494 1179 sermone
3544 1184 3550 1190 _

1903 1203 2238 1261 redundabit
2279 1205 2533 1274 fortasse,
2580 1219 2637 1264 et
2691 1209 2939 1265 inanium
2981 1211 3276 1267 verborum
3322 1210 3490 1270 turba

1902 1296 2277 1353 studiosorum
2303 1314 2468 1355 aures
2510 1300 2784 1358 onerabit.
2825 1300 3015 1370 idque,
3040 1302 3186 1372 quod
3228 1303 3486 1373 dicimus,

1904 1405 2015 1444 non
2041 1391 2098 1444 in
2129 1406 2260 1447 arca
2281 1392 2396 1448 sola
2417 1408 2610 1448 verum
2635 1401 2741 1459 est,
2770 1393 2866 1450 sed
2897 1394 2951 1449 in
2981 1394 3110 1450 aliis
3148 1397 3314 1454 etiam
3366 1413 3490 1469 qua

1906 1480 2025 1537 ﬁeri
2045 1482 2229 1552 jussit.

1974 1573 2173 1634 PALL.
2213 1574 2345 1630 Mihi
2379 1590 2512 1632 vero
2548 1591 2661 1632 non
2700 1577 2940 1635 absurde
2967 1582 3174 1638 sentire
3209 1597 3275 1638 ac
3303 1583 3492 1642 dicere

1905 1658 2132 1714 videris.
2159 1660 2320 1732 293
2346 1663 2537 1734 Igitur,
2574 1665 2645 1721 iis
2681 1668 3068 1736 praetermissis
3100 1687 3222 1742 quae
3251 1671 3320 1728 ad
3353 1688 3490 1734 con-

1905 1753 2216 1821 gruentiam
2257 1762 2316 1808 et
2352 1771 2536 1822 usum,
2573 1764 2635 1812 ut
2659 1757 2820 1826 dicis,
2846 1777 2942 1816 seu
2973 1770 3230 1818 ornatum
3259 1779 3494 1836 operum

1906 1843 2208 1912 pertinent,
2236 1845 2304 1900 ad
2341 1861 2405 1901 ea
2442 1849 2627 1918 potius
2662 1851 2984 1921 explicanda
3010 1870 3197 1927 perge,
3217 1871 3342 1927 qua:
3363 1864 3496 1912 sunt

1905 1935 1974 1988 ad
2019 1936 2541 2006 contemplationem
2589 1945 2924 2008 necessaria,
2968 1945 3024 2000 id
3069 1954 3174 2012 est,
3215 1949 3496 2018 quomodo

1907 2026 2068 2081 nobis
2108 2026 2362 2084 Christus
2406 2029 2525 2101 ipse
2567 2047 2667 2102 per
2706 2048 2771 2088 ea
2815 2049 2957 2103 quae,
2995 2037 3083 2092 vel
3123 2045 3365 2105 ostensa,
3405 2039 3493 2094 vel

1907 2133 2075 2187 opere
2102 2119 2351 2188 perfecta
2380 2131 2530 2186 sunt,
2561 2122 2926 2194 signiﬁcetur,
2956 2126 3010 2182 id
3042 2143 3176 2183 vero
3201 2129 3324 2185 sine
3351 2145 3494 2186 cun-

1907 2209 2148 2264 ctatione
2181 2212 2413 2280 explica.

1977 2300 2134 2358 CYR.
2176 2303 2290 2375 Ego
2317 2319 2470 2369 vero,
2503 2315 2563 2361 ut
2595 2314 2808 2377 potero,
2835 2317 2891 2363 et
2931 2309 3258 2383 intelligere,
3291 2319 3350 2367 et
3392 2328 3491 2370 ex...

1909 2393 2116 2462 plicare
2154 2396 2398 2452 conabor
2429 2417 2441 2452 :
2471 2399 2591 2465 sed,
2626 2401 2672 2456 si
2717 2417 2748 2455 a
2788 2402 3018 2457 veritate
3052 2404 3403 2471 aherravero,
3436 2412 3495 2460 et

1909 2486 2093 2541 minus
2117 2502 2284 2556 quam
2319 2497 2594 2558 oporteat,
2628 2507 2890 2548 sensuum
2932 2495 3308 2563 praestantiam
3349 2511 3502 2552 asse-

1909 2585 2073 2634 cutus
2097 2577 2277 2644 fuero,
2302 2581 2520 2635 veniam
2553 2581 2712 2638 dabis
2739 2602 2750 2637 :
2780 2599 2909 2639 nam
2931 2585 3059 2653 quia
3089 2585 3145 2639 in
3191 2587 3414 2656 speculo
3439 2592 3502 2643 et

1909 2670 2199 2741 aenigmate
2243 2671 2516 2740 videmus,
2561 2673 2800 2729 edicitur
2841 2691 3239 2747 nonnunquam
3311 2686 3371 2734 ut
3410 2684 3498 2740 vel

1911 2762 2158 2832 prudens
2183 2773 2240 2819 et
2263 2764 2499 2836 diligens
2528 2766 2745 2822 animus
2773 2767 3012 2822 labatur.

1982 2853 2063 2910 PA
2074 2856 2182 2910 LL.
2224 2857 2394 2912 Recte
2422 2857 2583 2918 dicis.

1983 2944 2142 3001 CVR.
2183 2945 2326 3002 Area
2369 2946 2560 3018 igitur,
2589 2949 2821 3016 Palladi,
2851 2958 2914 3005 ut
2948 2966 3051 3022 ego
3095 2954 3296 3019 sentio,
3322 2953 3500 3025 imago

228 3034 315 3086 καὶ
362 3033 534 3086 εἰκὼν
574 3033 668 3087 τοῦ
699 3035 960 3101 Χριστοῦ.
997 3035 1103 3090 Τὸν
1147 3037 1257 3108 γάρ
1300 3039 1401 3109 τῆς
1450 3041 1803 3114 ἐνανθρωπή-

1914 3051 1977 3090 ac
2025 3035 2197 3107 figura
2239 3033 2447 3092 Christi
2490 3045 2574 3092 est
2603 3057 2614 3090 :
2647 3054 2796 3102 nam,
2849 3041 2893 3094 si
2945 3042 3361 3099 consideremus
3382 3059 3500 3114 aqua

230 3143 361 3192 εεως
388 3126 486 3180 τοῦ
517 3126 858 3195 Μονογενοῦς
881 3129 1351 3200 ἀνασκοπούμενοι
1385 3135 1606 3204 τρόπον,
1631 3137 1806 3192 καθάο

230 3235 332 3290 περ
382 3220 444 3274 ὲν
476 3219 696 3289 κιϐωτῷ
742 3219 820 3290 τῷ
855 3223 919 3274 ἐκ
958 3221 1238 3292 Παρθένου
1290 3225 1400 3295 ναῷ
1440 3226 1529 3280 τόν
1563 3230 1626 3282 ὲκ
1673 3231 1808 3284 Θεοῦ

229 3311 441 3382 Πατρὸς
467 3311 642 3377 Λόγον
686 3311 1075 3382 ὲνηυλισμένον
1142 3312 1404 3386 ὀψόμεθα.
1446 3336 1464 3369 ι
1503 3320 1808 3392 Κατῴκησε

228 3402 333 3472 γάρ
388 3403 449 3454 ἐν
494 3401 648 3472 αύτῷ
695 3404 805 3457 πᾶν
848 3403 909 3456 τό
941 3403 1214 3476 πλήρωμα
1265 3408 1365 3479 τῆς
1403 3407 1656 3481 θεότητος
1707 3429 1810 3466 σω-

227 3494 499 3565 ματικῶς,
535 3512 554 3546 ι
606 3495 749 3550 κατὰ
779 3495 881 3558 τὰς
917 3497 1160 3567 Γραφάς.
1187 3498 1358 3567 Λόγος
1377 3496 1524 3572 δὲῆν
1556 3502 1712 3566 Θεοῦ,
1743 3507 1810 3584 τά

226 3590 282 3643 ξε,
309 3591 376 3658 τῇ
409 3585 630 3657 κιϐωτῷ
674 3587 972 3659 μαρτύρια.
1009 3590 1120 3642 Καὶ
1150 3590 1371 3661 ἄσηπτα
1403 3592 1502 3662 μὲν
1547 3590 1615 3666 ἦν
1641 3596 1811 3665 αὐτῆς

225 3680 292 3734 τὰ
332 3679 489 3745 ξύλα,
539 3678 727 3750 χρυσῷ
776 3679 833 3733 δὲ
883 3680 963 3753 τῷ
1016 3682 1244 3754 καθαρῷ
1300 3685 1395 3738 καὶ
1453 3685 1811 3761 δοκιμωτάτῳ

228 3769 680 3837 κατεκαλλύνετο,
729 3772 934 3827 ἔσωθεν
985 3791 1048 3828 τε
1096 3776 1190 3829 καὶ
1245 3775 1464 3841 ἔξωθεν.
1501 3779 1812 3853 Ἀφθαρτον

227 3867 328 3935 γάρ
357 3866 423 3919 τὸ
449 3866 612 3936 σῶμα
650 3864 911 3936 Χριστοῦ,
947 3867 1199 3942 καθάπερ
1234 3872 1343 3926 τινὶ
1373 3874 1582 3945 χρυσῷ,
1608 3877 1675 3946 τῇ
1716 3875 1810 3930 τοῦ

227 3957 562 4021 ἐνοικοῦντος
607 3959 784 4028 Λόγου
832 3958 1060 4030 δυνάμει
1120 3961 1214 4015 καὶ
1278 3961 1668 4037 λαμπρότητι,
1717 3968 1812 4020 καὶ

225 4053 285 4120 τῇ
342 4048 442 4104 τοῦ
515 4049 671 4118 ἁγίου
740 4050 1058 4122 Πνεύματος
1135 4054 1297 4122 φύσει
1379 4056 1474 4108 καὶ
1550 4057 1807 4129 ἐνεργείᾳ

226 4141 474 4211 ζωοποιῷ
500 4181 518 4206 ,
577 4141 714 4212 πρὸς
769 4141 1080 4214 ἀφθαρσίαν
1145 4145 1635 4219 διακρατούμενον.
1712 4151 1812 4205 Διὰ

227 4233 328 4301 γάρ
357 4247 444 4284 τοι
481 4229 640 4283 τοῦτο
669 4231 766 4284 καὶ
813 4230 1100 4296 ζωοποιεῖν
1142 4231 1360 4300 λέγεται
1390 4235 1648 4307 Χριστός.
1687 4236 1810 4306 Ζωὴ

226 4319 329 4389 γὰρ
359 4317 442 4374 ὣν
470 4318 615 4372 κατὰ
643 4317 806 4388 φύσιν
833 4321 861 4374 ό
894 4320 958 4373 ὲκ
984 4319 1123 4375 Θεοῦ
1151 4323 1364 4394 Πατρὸς
1397 4324 1587 4393 Λόγος,
1621 4326 1687 4398 τῇ
1716 4326 1810 4380 δυο

225 4409 385 4479 νάμι
435 4407 535 4462 τοῦ
611 4407 740 4464 ίδίου
796 4409 1106 4481 πνεύματος
1155 4411 1249 4466 τὸν
1299 4411 1430 4468 ίδιον
1473 4415 1638 4478 αὐτὸς
1711 4416 1808 4469 av-

221 4497 516 4563 εζωοποίει
535 4499 685 4565 ναὸν,
701 4499 911 4574 φθορᾶς
933 4502 1197 4577 ἀνωτέρω
1215 4502 1402 4568 τιθείς.
1416 4523 1434 4556 ι
1457 4505 1520 4558 Ἦ
1535 4504 1646 4578 γὰρ
1672 4506 1812 4576 σὰρξ

220 4592 390 4646 αὑτοῦ
443 4593 546 4646 οὐκ
589 4589 699 4646 οἶδε
754 4593 1056 4666 διαφθορὰν
1078 4636 1094 4660 ,
1143 4613 1164 4649 ι
1211 4597 1358 4652 κατὰ
1384 4597 1483 4668 τὴν
1514 4597 1609 4651 τοῦ
1649 4599 1807 4667 ἁγίου

221 4685 442 4738 Παύλου
487 4687 695 4756 φωνήν.
736 4672 1086 4758 Προσεφώνει
1133 4687 1191 4741 δέ
1229 4705 1330 4742 που
1380 4690 1475 4742 καὶ
1513 4688 1806 4754 Ἰουδαίοις,

220 4778 354 4846 περὶ
385 4777 481 4830 τοῦ
521 4777 652 4831 ἰδίου
703 4776 978 4848 σώματος⁸
1012 4797 1030 4831 ι
1056 4780 1274 4834 Λύσατε
1317 4780 1411 4834 τὸν
1445 4780 1574 4835 ναὸν
1595 4780 1808 4847 τοῦτον,

221 4870 317 4922 καὶ
361 4872 422 4922 ἐν
447 4870 628 4940 τρισὶν
655 4870 891 4942 ἡμέραις
924 4870 1105 4943 ἐγερῶ
1146 4871 1343 4926 αὐτόν·
1388 4891 1406 4923 ι
1435 4871 1537 4926 καὶ
1580 4872 1687 4943 μὴν
1721 4872 1812 4926 καὶ

219 4963 250 5015 ὁ
292 4960 503 5031 Πέτρος
542 4960 950 5017 τεθανατιῖπθαι
1001 4963 1099 5035 μὲν
1164 4965 1349 5034 σαρκὶ,
1399 4964 1582 5034 φησιν,
1626 4965 1811 5029 αὐτὸν,

220 5051 632 5121 ἐζωοποιῆσθαι
681 5053 740 5107 δὲ
791 5054 1087 5125 πνεύματι.
1141 5055 1416 5127 Σύμϐολον
1447 5050 1538 5112 οῦν
1567 5057 1676 5128 ἄρα
1709 5057 1813 5127 τῆς

221 5142 625 5214 ὑπερλάμπρου
684 5143 963 5216 θεότητος,
1010 5148 1040 5200 ό
1066 5147 1288 5218 χρυσὸς,
1327 5147 1810 5220 ὲπᾳληλειμμένης

219 5233 417 5302 ὥσπερ
445 5233 526 5304 τῷ
555 5235 699 5305 άγίῳ
751 5235 989 5306 σώματι,
1022 5238 1119 5291 καὶ
1158 5239 1258 5310 τὴν
1308 5239 1444 5293 ἰδίαν
1475 5239 1642 5295 αὐτοῦ
1677 5240 1814 5312 λαμ·

219 5323 478 5394 πρότητά
504 5341 564 5378 τε
596 5325 694 5379 καὶ
723 5324 1038 5396 ἀφθαρσίαν
1061 5328 1301 5400 ένιείσης
1331 5331 1686 5402 ἀποῤῥήτως,
1716 5331 1814 5385 καὶ

220 5415 304 5478 ὡς
348 5418 486 5488 αὐτή
533 5435 640 5472 που
679 5417 816 5488 μόνη
844 5419 938 5470 καὶ
960 5419 1081 5472 καθ’
1125 5420 1325 5490 ἑαυτὴν
1381 5423 1415 5488 ἡ
1466 5421 1585 5476 θεία
1632 5441 1690 5476 τε
1721 5423 1814 5477 καὶ

224 5509 368 5580 ὑπὲρ
397 5512 522 5564 ντῦν
547 5511 843 5566 ἐπίσταται
865 5510 1044 5580 φύσις.
1067 5509 1129 5564 El
1159 5511 1266 5582 γὰρ
1306 5529 1325 5563 ι
1359 5514 1422 5567 Οἱ
1443 5514 1644 5568 δίκαιοι
1674 5516 1812 5569 κατὰ

299 5690 343 5722 ⁸¹¹
376 5692 586 5748 (Σοιοδε.
619 5706 680 5754 ιι,
701 5690 753 5742 9.

1912 3125 2125 3180 ratione
2151 3124 2245 3180 ille
2270 3125 2600 3196 Unigenitus
2621 3127 2694 3181 sit
2722 3127 2886 3182 homo
2911 3127 3108 3192 factus,
3135 3129 3267 3184 illud
3293 3145 3361 3186 ex
3387 3131 3502 3186 Deo

1911 3216 2072 3270 Patre
2100 3214 2344 3270 Verbum
2379 3215 2434 3269 in
2466 3231 2534 3270 eo
2565 3217 2788 3285 Iemplo,
2817 3217 2965 3287 quod
2997 3233 3064 3272 ex
3099 3219 3324 3290 Virgine
3351 3235 3504 3276 sum.

1911 3306 2039 3376 psit,
2063 3315 2320 3376 tanquam
2353 3307 2410 3361 in
2435 3323 2564 3362 arca
2587 3308 2926 3364 diversatum
2949 3309 3120 3365 fuisse
3144 3311 3458 3369 videbimus
3482 3331 3498 3369 :

1918 3419 1935 3449 ι
1978 3399 2258 3454 Habitavit
2289 3400 2440 3456 enim
2479 3399 2536 3454 in
2571 3415 2640 3454 eo
2676 3400 2858 3455 omnis
2879 3401 3166 3471 plenitudo
3193 3401 3504 3462 divinitatis

1911 3491 2275 3562 corporaliter
2299 3492 2368 3558 ⁸⁸,
2402 3510 2421 3543 ι
2466 3499 2528 3547 ιιι
2558 3492 2830 3562 scriptum
2879 3503 2984 3548 est.
3027 3494 3269 3550 Verbum
3315 3503 3502 3552 autem

1911 3582 2009 3638 Dei
2037 3589 2198 3637 erant
2237 3581 2330 3638 illa
2376 3583 2433 3638 in
2478 3597 2605 3638 arca
2636 3583 2987 3652 testimonia;
3019 3599 3084 3640 ac
3109 3585 3254 3657 ligna
3274 3587 3502 3657 quidem

1911 3690 2054 3730 arca:
2088 3675 2453 3746 imputribilia
2495 3681 2675 3741 erant,
2707 3691 2843 3732 auro
2871 3677 3040 3732 etiam
3066 3679 3377 3758 \purissimo
3435 3691 3503 3737 ac

1912 3770 2306 3840 probatissimo
2353 3770 2591 3826 interius
2654 3777 2712 3824 et
2755 3769 3000 3826 exterius
3040 3777 3231 3826 ornata
3266 3789 3279 3824 :
3316 3769 3500 3826 incor-

1914 3862 2176 3932 ruptibile
2220 3877 2461 3933 namque
2501 3872 2624 3917 erat
2663 3861 2870 3917 Christi
2903 3877 3129 3934 corpus,
3155 3863 3304 3934 quod
3334 3863 3388 3917 vi
3421 3870 3505 3918 at-

1913 3970 2019 4024 que
2079 3953 2374 4024 splendore
2423 3953 2592 4010 Verbi
2653 3954 3036 4019 inbabitantis,
3073 3964 3130 4010 et
3187 3954 3504 4013 viviﬁcante

1912 4048 2089 4104 sancti
2133 4045 2390 4119 Spiritus
2417 4054 2617 4102 natura
2663 4054 2831 4117 atque
2866 4047 3195 4111 eﬂicientia,
3240 4054 3504 4118 tanquam

1913 4156 2049 4196 auro
2094 4140 2332 4210 quodam
2375 4140 2431 4193 in
2471 4140 2886 4206 incorruptione
2919 4139 3303 4194 contineretur
3331 4158 3342 4191 :
3370 4155 3501 4195 nam

1913 4234 1986 4288 ob
2028 4247 2152 4288 eam
2197 4245 2420 4286 causam
2459 4228 2742 4292 viviﬁcare
2781 4230 2948 4284 etiam
2979 4227 3236 4284 Christus
3263 4228 3500 4296 dicitur;

1914 4339 2039 4379 cum
2070 4323 2221 4378 enim
2256 4320 2392 4375 illud
2429 4334 2498 4376 ex
2531 4320 2642 4374 Deo
2677 4315 2840 4373 Patre
2881 4318 3126 4373 Verbum
3167 4329 3359 4390 suapte
3398 4337 3502 4377 na-

1845 4396 1890 4452 Ῑ)
1917 4422 2040 4468 tura
2065 4412 2179 4466 vita
2203 4417 2372 4474 esset,
2407 4408 2494 4464 sui
2520 4407 2750 4477 spiritus
2779 4406 2834 4461 vi
2863 4419 3024 4462 suum
3061 4407 3326 4476 templum
3353 4409 3502 4470 vivi-

1917 4502 2136 4565 ﬁcabat,
2163 4506 2331 4569 atque
2367 4505 2432 4553 ut
2464 4495 2840 4566 corruptionis
2873 4509 3073 4566 expers
3101 4505 3269 4562 esset,
3293 4496 3504 4554 calcie-

1916 4594 2028 4650 bat.
2066 4611 2085 4645 ι
2115 4592 2258 4649 Caro
2294 4590 2446 4646 enim
2479 4591 2600 4661 ejus
2629 4603 2741 4644 non
2765 4589 2907 4645 vidit
2937 4589 3351 4659 corruptionem
3374 4591 3442 4657 ⁸⁸,
3474 4610 3512 4654 ι,

1911 4687 2068 4757 juxta
2108 4684 2256 4740 beati
2291 4683 2443 4738 Pauli
2473 4695 2687 4736 vocem.
2717 4681 3074 4752 Loquebatur
3101 4679 3269 4735 etiam
3301 4681 3370 4736 ad
3400 4681 3501 4737 Ju-

1915 4781 2063 4836 daeos
2083 4777 2153 4833 de
2179 4790 2413 4847 corpore
2437 4790 2541 4831 suo
2567 4792 2582 4828 :
2616 4789 2635 4826 ι
2667 4774 2877 4830 Solvite
2910 4774 3175 4844 templum
3210 4773 3339 4840 hoc,
3363 4774 3502 4829 etin

1916 4871 2097 4926 tribus
2129 4868 2331 4924 diebus
2368 4865 2624 4924 excitabo
2648 4866 2784 4921 illud
2810 4867 2875 4919 ⁸ο.
2917 4885 2936 4917 ι
2965 4863 3276 4932 Quinetiam
3302 4866 3503 4931 Petrus

1917 4963 2072 5019 illum
2101 4961 2328 5033 quidem
2368 4975 2538 5016 carne
2581 4959 2971 5015 mortiﬁcatum
3002 4957 3100 5023 ait,
3131 4958 3232 5022 sed
3257 4956 3501 5026 viviﬁca-

1916 5066 2034 5112 tnm
2072 5056 2269 5126 spiritu
2295 5055 2362 5108 ⁹¹.
2408 5053 2728 5126 Symbolum
2767 5059 2852 5106 est
2887 5050 3056 5121 igitur
3081 5063 3281 5115 aurum
3318 5053 3500 5122 ipsum

1915 5148 2373 5221 splendidissima;
2393 5146 2721 5210 divinitatis,
2739 5160 2845 5215 qua
2867 5151 3116 5198 sanctum
3140 5144 3276 5199 illud
3299 5160 3517 5226 corpus

1918 5242 2091 5296 veluti
2125 5240 2325 5296 illitum
2351 5245 2490 5302 crat,
2518 5251 2749 5308 qumque
2781 5251 2943 5290 suum
2980 5235 3099 5306 ipsa
3145 5235 3502 5308 splendorem.

1918 5341 1976 5389 et
2013 5331 2482 5401 incorruptionem
2519 5326 2876 5382 ineﬂ‘abillter
2910 5327 3260 5389 immittebat,
3292 5331 3352 5397 ut
3383 5327 3519 5396 ipsa.

1920 5424 2169 5495 proiecto
2196 5423 2335 5486 sola,
2359 5430 2417 5476 et
2441 5420 2665 5490 quidem
2699 5434 2801 5490 per
2827 5435 2886 5476 se
2913 5421 3065 5476 novit
3091 5419 3274 5474 divina
3308 5417 3420 5483 illa,
3445 5426 3498 5474 et

1922 5535 2043 5587 quae
2073 5516 2492 5586 intelligentiam
2535 5529 2756 5570 omnem
2797 5521 3040 5586 supcrat,
3080 5519 3298 5582 natura.
3338 5511 3499 5582 Nam,

834 5684 878 5718 ⁸⁹
904 5688 1021 5743 Act.
1065 5706 1122 5754 ιι,
1157 5690 1243 5743 5|.
1323 5690 1544 5764 “{oan.
1588 5709 1648 5764 ιι,
1683 5692 1766 5747 l9.
1849 5693 1888 5723 "
1948 5691 2141 5754 li‘etr.‘
2181 5705 2279 5763 .m,_
2310 5689 2387 5740 l8.
