3962 6296
441 253 546 324 5'99

1474 259 1528 315 S.
1571 257 1844 314 CYRILLI
1887 247 2355 310 ALEXANDle
2394 243 2712 303 ARCHIEP.

3607 243 3710 302 600

445 386 488 439 si
525 406 540 436 ς
577 384 715 439 Justi
742 381 1040 454 aliquando
1081 379 1367 452 fulgebunt
1417 387 1477 434 ut
1515 379 1595 434 sol
1635 378 1690 433 in
1730 391 1901 448 regno
1923 375 2024 431 Pa-

2129 370 2352 441 καιροὺς
2386 364 2757 436 ἐκλάμψουσιν
2797 362 2874 426 ὡς
2909 362 2937 414 ό
2967 360 3117 432 ἥλιος
3151 359 3207 414 ἐν
3238 363 3306 432 τῇ
3341 359 3589 434 βασιλείᾳ
3614 363 3712 417 τοῦ

443 478 545 531 tris
584 478 670 530 sui
699 477 767 538 θ’,
803 495 821 526 ι
858 476 969 546 jam
993 481 1197 543 quanta
1234 472 1342 527 erit
1378 471 1553 542 ipsius
1575 470 1781 527 Christi
1817 467 2029 539 gloria?

441 567 605 639 294
629 566 916 633 Quomodo
951 580 1060 619 non
1093 575 1149 619 et
1183 563 1599 634 intelligentiam
1629 571 1686 618 et
1715 562 2024 617 orationem

440 678 661 717 omnem
700 660 874 716 vincit
909 658 1002 713 ille
1033 656 1244 728 fulgor?
1274 655 1443 711 Aurei
1467 655 1633 710 etiam
1659 662 1791 710 sunt
1814 660 2022 717 vectes,

439 756 534 824 qui
564 768 749 808 aream
773 751 1068 815 sustinent,
1096 748 1251 804 aurei
1272 756 1329 803 et
1351 747 1566 808 circuli.
1595 761 1763 801 aurea
1785 744 2024 814 denique

441 849 494 901 in
535 863 598 901 ea
637 853 768 901 sunt
802 843 989 899 omnia
1017 860 1029 896 ε
1055 840 1355 913 participes
1383 854 1623 908 namque
1658 838 1808 892 illius
1840 835 2026 907 gloria:

439 946 568 992 sunt
638 937 735 1007 qui
785 936 942 991 illum
987 934 1370 998 circumstant,
1421 931 1613 1002 illique
1659 929 1924 985 charitate
1969 936 2026 983 et

440 1029 734 1084 sanctitate
771 1037 1031 1098 tanquam
1077 1024 1221 1081 afﬁxi
1261 1031 1411 1089 sunt,
1450 1029 1508 1078 et
1545 1038 1708 1078 usum
1753 1021 2019 1092 praebent.

439 1121 641 1186 Quales
669 1119 748 1175 illi
779 1118 954 1174 sancti
997 1115 1256 1188 discipuli
1297 1123 1478 1181 erant,
1511 1115 1609 1185 qui
1639 1114 1752 1168 vim
1780 1113 2026 1168 divinam

439 1212 509 1265 ab
554 1226 622 1265 eo
675 1209 1040 1282 accipiebant,
1089 1215 1146 1263 et
1196 1222 1450 1278 supernae
1498 1206 1646 1261 illius
1688 1205 2025 1260 excellentiae

357 1290 371 1320 "
441 1303 792 1373 splendorem
839 1311 999 1357 erant
1044 1299 1425 1371 participando
1468 1297 1774 1355 consecuti.
1839 1299 2024 1368 itaque

443 1391 627 1447 divina
661 1393 816 1463 signa
837 1391 909 1446 ob
932 1405 1053 1446 eam
1079 1405 1301 1446 causam
1327 1389 1584 1446 edebant.

513 1482 713 1538 PALL.
754 1482 925 1537 Recte
949 1496 1081 1537 sane
1105 1483 1264 1537 dicis.

511 1575 670 1629 (ΠΒ.
719 1592 739 1625 σ
776 1573 846 1630 Et
866 1582 1068 1644 prater
1091 1589 1274 1629 arcam
1310 1573 1500 1639 facies,
1536 1593 1554 1621 ι
1590 1573 1798 1644 inquit,
1844 1592 1861 1623 ι
1893 1587 2022 1643 pro-

445 1665 810 1734 pitiatorium,
851 1665 1352 1735 superpositionem
1377 1680 1441 1718 ex
1466 1679 1603 1719 aure
1625 1679 1765 1734 puro
1788 1663 2023 1718 duorum

445 1756 761 1811 cubitorum
796 1763 854 1811 et
885 1756 1099 1811 dimidii
1139 1755 1505 1827 longitudine,
1533 1764 1589 1810 et
1629 1748 1803 1811 eubiti
1843 1762 1901 1809 et
1939 1754 2025 1809 di-

445 1846 604 1901 midii
655 1846 969 1903 latitudine.
1013 1847 1083 1902 Et
1127 1846 1297 1903 facies
1345 1847 1456 1902 duo
1487 1846 1812 1911 Cherubim,
1857 1861 2026 1900 aurea

445 1939 758 2005 tornatilia;
805 1949 862 1994 et
897 1941 1149 2011 impones
1180 1955 1243 1996 ea
1275 1955 1344 1996 ex
1372 1946 1608 2010 utroque
1637 1939 1809 1994 latere
1836 1939 2026 2020 propi~

446 2029 680 2095 tiatorii,
705 2028 930 2085 Cherub
960 2045 1106 2085 unus
1147 2045 1214 2084 ex
1240 2031 1434 2095 latere,
1461 2037 1516 2084 et
1539 2028 1762 2085 Cherub
1791 2045 1936 2085 unus
1959 2045 2027 2085 ex

444 2121 619 2177 latere
642 2122 818 2177 altero
841 2122 1230 2193 propitiatorii.
1250 2123 1320 2177 Et
1339 2122 1511 2179 facies
1534 2123 1636 2179 hos
1664 2123 1805 2179 duos
1816 2123 2029 2180 Cheru-

444 2213 560 2268 bim
595 2229 762 2285 supra
787 2213 897 2269 duo
931 2215 1128 2280 latera,
1155 2215 1519 2275 extendentes
1544 2231 1737 2271 manus
1766 2231 2024 2288 superne,

444 2306 846 2362 obumbrantes
869 2307 973 2362 alis
998 2306 1112 2362 suis
1139 2322 1307 2377 supra
1332 2309 1799 2378 pr0pitiatorium,
1825 2289 1882 2364 et
1905 2312 2027 2365 vul-

445 2405 538 2453 tus
558 2413 752 2453 eorum
779 2397 1010 2453 alterius
1050 2399 1109 2453 in
1149 2398 1384 2453 alterum
1421 2399 1704 2463 obversos,
1745 2400 1812 2454 ad
1843 2400 2031 2471 propi-

441 2489 729 2544 tiatorium
769 2495 937 2543 erunt
957 2489 1142 2544 vultus
1177 2488 1498 2554 Cherubim,
1523 2498 1580 2544 et
1621 2490 1870 2560 impones
1895 2506 2025 2560 pro-

445 2579 790 2646 pitiatorium
826 2579 884 2633 in
921 2595 1106 2634 arcam
1150 2595 1410 2649 superne,
1436 2589 1492 2633 et
1535 2581 1591 2635 in
1627 2597 1753 2636 arca
1791 2596 2026 2651 repones

445 2670 762 2725 testimonia
800 2686 924 2741 quae
948 2671 1055 2725 tibi
1085 2671 1230 2726 dabo
1263 2689 1275 2724 :
1301 2679 1357 2725 et
1394 2686 1696 2742 cegnoscar
1727 2689 1758 2728 a
1792 2681 1844 2728 te
1874 2675 2022 2740 inde,

443 2771 499 2819 et
521 2760 715 2830 loquar
742 2770 924 2816 tecum
961 2775 1128 2831 super
1159 2761 1547 2838 propitiatorio
1583 2763 1727 2818 inter
1748 2763 1858 2820 duo
1879 2764 2026 2821 Che-

444 2851 628 2907 rubim
676 2869 800 2923 quae
851 2861 982 2908 sunt
1024 2868 1192 2924 supra
1256 2869 1440 2908 arcam
1485 2855 1826 2922 testimonii,
1869 2859 2025 2930 juxta

444 2941 628 2995 omnia
728 2957 1072 3014 quaecunque
1160 2944 1498 3017 mandavero
1575 2946 1686 3021 tibi
1735 2949 1810 3003 ad
1882 2949 2027 3022 filios

514 3279 712 3334 PALL.
750 3278 894 3346 Quid
925 3295 1060 3351 ergo
1090 3282 1533 3352 propitiatorium
1575 3299 1700 3341 esse
1731 3301 1923 3343 censes
1943 3292 1968 3341 ’ρ

513 3373 672 3430 CYR.
713 3373 867 3441 Quod
901 3374 1125 3443 quidem
1157 3375 1224 3430 ad
1252 3375 1492 3431 litteram
1524 3379 1771 3448 pertinet
1813 3389 1871 3436 et
1902 3397 2025 3436 um-

446 3469 623 3532 bram,
647 3483 716 3522 ex
741 3481 879 3522 auro
909 3482 1052 3536 puro
1078 3467 1284 3523 factum
1316 3479 1456 3533 erat,
1494 3480 1550 3525 et
1587 3471 1849 3543 subjectae
1886 3489 2029 3530 arcae

443 3567 568 3617 erat
599 3558 917 3627 impositum
945 3575 957 3611 :
985 3557 1057 3612 ob
1090 3573 1213 3613 eam
1250 3559 1456 3628 quippe
1484 3574 1704 3615 causam
1755 3577 2025 3633 superpo-

445 3651 576 3706 sitio
604 3650 818 3705 dictum
844 3657 950 3714 est,
979 3649 1049 3703 ad
1080 3649 1229 3719 quod
1270 3665 1396 3704 cum
1439 3654 1692 3707 conversi
1736 3662 1944 3721 essent,
1971 3665 2028 3710 et

445 3743 582 3796 illud
641 3742 990 3812 aspicerent,
1042 3742 1141 3810 qui
1195 3745 1489 3799 sacerdotii
1552 3745 1728 3815 gloria
1785 3748 2028 3819 insignes

443 3839 626 3896 erant,
671 3832 740 3886 ad
783 3831 962 3888 Deum
1005 3831 1188 3900 ipsum
1224 3831 1462 3897 obverti,
1495 3848 1735 3906 eumque
1779 3839 2027 3908 aspicere

443 3921 794 3977 videbantur.
850 3920 916 3983 Id
959 3935 1095 3976 vero
1142 3921 1191 3977 si
1242 3922 1606 3992 spirituallter
1667 3927 2025 3999 intelligatur,

443 4013 892 4084 pmpitiatorium
921 4029 1045 4071 esse
1067 4013 1316 4072 dicemus
1341 4031 1469 4071 eum
1517 4018 1612 4087 q'ui
1639 4033 1743 4088 pro
1763 4021 1923 4076 nobis
1943 4033 2028 4079 est

444 4105 612 4161 homo
635 4103 832 4171 factus,
862 4123 881 4156 ι
905 4119 1071 4175 quem
1098 4107 1387 4176 proposuit
1410 4109 1557 4164 Deus
1578 4114 2026 4182 propitiationem

443 4209 545 4264 per
567 4194 733 4255 ﬁdem
753 4197 808 4251 in
834 4195 1098 4266 sanguine
1121 4195 1297 4267 ipsius
1317 4198 1386 4253 ad
1409 4204 1782 4258 ostensionem
1799 4207 1932 4276 justi
1943 4209 2028 4264 tias

442 4303 557 4342 suae
595 4286 660 4340 “.
702 4306 721 4338 ι
776 4288 983 4345 Paulus
1035 4289 1185 4345 enim
1243 4290 1358 4346 hoc.
1406 4292 1562 4349 dicit.
1608 4295 1813 4352 Scribit
1859 4301 2026 4355 etiam

2128 459 2340 530 Πατρὸς
2393 457 2592 519 αὐτῶν,
2643 475 2661 507 ι
2700 455 2783 518 τίς
2834 454 2988 507 ἔσται
3040 453 3227 506 λοιπὸν
3274 455 3307 524 ὴ
3355 453 3524 507 αὐτοῦ
3584 455 3718 520 δόξα

2125 549 2399 621 Χριστοῦ;
2456 547 2582 611 Πῶς
2625 546 2682 600 δέ
2719 546 2781 602 οὐ
2821 544 2913 598 νοῦ
2946 545 3040 598 καὶ
3077 544 3236 612 λόγου
3273 544 3419 614 πέρα
3449 546 3648 609 παντὸς
3677 548 3714 615 ή

2126 641 2427 713 ἔκλαμψιςς
2476 640 2684 710 Χρυσοῖ
2731 637 2788 690 δέ
2831 635 2931 707 τὴν
2978 635 3212 688 κιϐωτὸν
3254 634 3468 706 ἔχοντες
3506 638 3718 704 ἀναφοτ

2128 736 2262 805 ρεῖς,
2309 731 2502 802 χρυσοῖ
2535 729 2629 784 καὶ
2685 729 2738 781 οἱ
2777 727 2980 799 κρίκοι,
3025 726 3119 780 καὶ
3148 725 3326 778 πάντα
3361 727 3433 780 τὰ
3449 727 3702 798 ἐν.αὑτῇ’.

2130 826 2346 898 μέτοχοι
2402 822 2512 894 γὰρ
2567 821 2667 890 τῆς
2709 819 2868 890 δόξης
2893 819 2943 872 οἱ
3000 819 3139 888 ἀμφ’
3174 817 3355 883 αὐτὸν,
3389 818 3483 871 καὶ
3527 817 3602 881 ὡς
3653 819 3722 878 ἐν,

2127 919 2316 988 ἀγάπῃ
2345 917 2438 968 καὶ
2465 911 2727 983 ἁγιασμῷ
2754 909 3283 983 προσερηρεισμένοι
3310 909 3404 962 καὶ
3425 910 3710 980 χρήσιμοι.

2127 1005 2369 1060 Τοιοῦτοὶ
2393 1019 2536 1066 τινες
2556 997 2696 1073 ἦσαν
2720 999 2814 1054 καὶ
2838 998 2888 1052 οἱ
2907 999 3170 1068 μακάριοι
3197 996 3461 1068 μαθηταὶ,
3479 995 3720 1067 δύναμιν.

2125 1099 2224 1172 τὴν
2261 1097 2392 1170 παρ’
2446 1093 2613 1149 αὑτοῦ
2665 1092 2773 1165 τὴν,
2817 1090 3100 1161 θεοπρεπῆ
3152 1089 3456 1161 δεχόμενοι,
3491 1090 3583 1142 καὶ
3609 1089 3721 1161 τῆς

2126 1190 2332 1248 ἄνωθεν
2365 1187 2642 1260 ὑπεροχῆς
2691 1185 2789 1256 τὴν
2831 1182 3197 1255 λαμπρότητα
3244 1180 3520 1251 μεθεκτῶς
3545 1183 3715 1237 ἐκπε·

2127 1281 2514 1354 πλουτηκότες,
2567 1279 2664 1332 καὶ
2713 1273 3046 1348 πληροῦντες
3075 1272 3161 1326 διὰ
3193 1271 3350 1327 τοῦτο
3382 1271 3485 1336 τὰς
3518 1271 3724 1343 θεοση-ν,

2130 1376 2278 1447 μίας.

2193 1466 2401 1525 ΠΑΛΛ,
2447 1462 2653 1534 Ὀρθῶς
2683 1460 2840 1532 ἔφης.

2196 1559 2360 1614 ΚΥΡ.
2396 1575 2414 1608 ι
2453 1555 2564 1610 Καὶ
2584 1553 2722 1624 πρός
2750 1569 2815 1620 γε
2841 1551 2907 1621 τῇ
2933 1547 3172 1618 κιϐωτῷ,
3203 1547 3710 1620 ποιήσειςρφησὶν,

2133 1671 2151 1704 ι
2189 1649 2528 1719 ἱλαστήριον,
2562 1644 2801 1716 ἐπίθεμα
2837 1641 3062 1714 χρυσίου
3098 1639 3342 1710 καθαροῦ
3371 1641 3464 1694 δύο
3490 1641 3724 1711 πήχεων.

2129 1743 2226 1798 καὶ
2289 1741 2525 1812 ἡμίσους
2577 1737 2640 1790 τὸ
2677 1735 2873 1807 μῆκος,
2906 1733 3000 1788 καὶ
3030 1733 3251 1804 πήχεως
3275 1731 3371 1785 καὶ
3393 1730 3622 1802 ἡμίσους
3649 1729 3720 1784 τὸ

2131 1832 2352 1893 πλάτος.
2383 1827 2494 1882 Καὶ
2522 1826 2769 1898 ποιήσεις
2797 1823 2891 1878 δύο
2913 1821 3196 1894 Χερουϐὶμ
3217 1823 3398 1895 χρυσᾶ
3424 1821 3720 1893 τορνευτά·.

2129 1927 2224 1979 καὶ
2272 1922 2555 1994 ἐπιθήσεις
2607 1918 2746 1974 αὐτὰ
2779 1917 2842 1983 ἐξ
2864 1917 3186 1988 ἀμφοτέρων
3225 1915 3337 1970 τῶν
3381 1914 3579 1970 κλιτῶν
3616 1915 3713 1969 τοῦ

2132 2016 2467 2090 ἱλαστηρίου.
2522 2011 2919 2084 Ποιηθήσονται
2993 2009 3278 2080 Χερουϐὶμ
3349 2007 3441 2073 εἷς.
3500 2009 3566 2061 ἐκ
3616 2007 3721 2062 τοῦ

2129 2109 2349 2171 κλίτους
2410 2105 2636 2169 τούτου,
2688 2103 2784 2157 καὶ
2859 2101 3145 2173 Χερουϐὶμ
3194 2095 3276 2165 εἷς
3333 2100 3397 2152 ἐκ
3453 2099 3548 2153 τοῦ
3597 2100 3717 2153 xu.

2127 2216 2256 2263 τους
2301 2196 2396 2251 τοῦ
2445 2195 2698 2266 δευτέρου
2752 2192 2845 2247 τοῦ
2901 2192 3239 2263 ἱλαστηρίου.
3303 2192 3415 2246 Καὶ
3463 2193 3723 2262 ποιήσεις

2127 2291 2254 2354 τοὺς
2294 2289 2388 2344 δύο
2421 2286 2703 2359 Χερουϐὶμ
2753 2283 2847 2339 ἐπὶ
2878 2283 2952 2337 τὰ.
3002 2283 3096 2336 δύο
3151 2283 3330 2354 κλίτη.
3367 2283 3625 2337 Ἔσονται
3662 2283 3716 2336 οἱ

2128 2381 2410 2454 Χερουϐὶμ
2459 2378 2791 2440 ἐκτείνοντες
2819 2375 2928 2438 ira:
2973 2375 3251 2446 πτέρυγας
3295 2373 3572 2428 ἐπάνωθεν
3618 2391 3717 2427 συ-

2130 2474 2448 2537 σκιάζοντες
2476 2471 2598 2533 ταῖς
2617 2466 2876 2538 πτέρυξιν
2903 2466 3082 2520 αὐτῶν
3114 2467 3208 2520 ἐπὶ
3241 2465 3334 2518 τοῦ
3374 2466 3716 2536 ἱλαστηρίου,

2126 2563 2223 2618 καὶ
2252 2563 2320 2616 τὰ
2349 2561 2617 2632 πρόσωπα
2643 2557 2822 2612 αὐτῶν
2848 2557 3164 2628 εἱσάλληλα,
3199 2559 3280 2623 εἱς
3304 2558 3364 2612 τὸ
3395 2557 3725 2630 ἱλαστήριον,

2126 2655 2341 2711 ἔσονται
2372 2652 2440 2707 τὰ
2469 2651 2739 2724 πρόσωπα
2783 2649 2890 2704 τῶν
2924 2649 3225 2720 Χερουϐίμ.
3265 2649 3377 2704 Καὶ
3429 2649 3722 2722 ἐπιθήσεις.

2125 2747 2188 2802 τὸ
2217 2747 2528 2817 ἱλαστήριον
2555 2743 2648 2798 ἐπὶ
2679 2742 2777 2814 τὴν
2805 2742 3050 2813 κεφαλήν
3078 2743 3304 2808 ἄνωθεν,
3346 2744 3440 2795 καὶ
3479 2743 3564 2806 είς
3613 2743 3718 2815 τὴν

2127 2838 2360 2894 κιϐωτὸν
2392 2835 2649 2908 ἐμϐαλεῖς
2688 2834 2757 2888 τὰ
2809 2833 3087 2906 μαρτύρια
3127 2833 3164 2888 ἃ.
3211 2833 3278 2887 ἂν
3329 2831 3404 2887 δῶ
3443 2850 3546 2888 σοι.
3603 2834 3716 2887 Καὶ

2129 2925 2520 2998 γνωσθήσομαί
2574 2941 2657 2978 σοι
2707 2923 2939 2986 ἐκεῖθεν,
2981 2922 3076 2977 καὶ
3125 2922 3344 2992 λαλήσω
3379 2939 3461 2976 σοι
3499 2920 3715 2976 ἄνωθεν

2059 3045 2102 3104 c
2133 3019 2230 3074 τοῦ
2283 3018 2597 3090 ἱλαστηρίου
2633 3016 2739 3071 ἀνὰ
2795 3015 2958 3086 μέσον
2998 3014 3106 3068 τῶν
3151 3014 3245 3068 δύο
3295 3015 3578 3086 Χερουϐὶμ
3604 3013 3720 3069 τῶν

2131 3112 2300 3166 ὄντων
2329 3109 2421 3163 ἐπὶ
2457 3109 2558 3178 τῆς
2609 3105 2844 3162 κιϐωτοῦ
2880 3105 2975 3161 τοῦ
3006 3105 3329 3177 μαρτυρίου,
3360 3105 3503 3160 κατὰ
3535 3104 3720 3160 πάντα
3791 3140 3800 3146 -

2127 3203 2230 3257 ὅσα
2257 3201 2323 3256 ἂν
2361 3199 2682 3271 ἐντείλωμαί
2725 3216 2809 3252 σοι
2837 3198 2973 3269 πρὸς
2993 3198 3121 3260 τοὺς
3151 3198 3302 3262 υἱοὺς
3333 3195 3568 3269 Ἰσραήλ.
3609 3214 3631 3248 ι

2199 3292 2410 3354 ΠΑΔΛ,
2443 3285 2576 3343 Εἶτα
2610 3289 2662 3342 τί
2696 3287 2756 3342 τὸ
2782 3287 3091 3358 ἱλαστήριον
3120 3283 3259 3340 εἶναι
3290 3288 3429 3357 (Mc;

2199 3383 2364 3438 ΚΥΡ.
2401 3383 2564 3436 Ὅαον
2601 3380 2699 3452 μὲν
2746 3375 2884 3452 ἧκεν
2914 3379 2995 3443 εἷς
3019 3395 3078 3432 τε
3115 3379 3350 3450 γράμμα
3401 3378 3494 3437 καὶ
3531 3378 3715 3440 σκιάν,

2127 3475 2193 3528 ἐκ
2237 3473 2440 3546 χρυσοῦ
2487 3473 2784 3542 ἐπεποίητο
2826 3468 3104 3542 καθαροῦ,
3139 3470 3233 3524 καὶ
3275 3469 3552 3542 ὲπήρτητό
3598 3487 3716 3533 πως

2128 3565 2453 3637 ἐπικειμένη
2497 3567 2564 3636 τῇ
2619 3562 2837 3634 κιϐωτῷ
2865 3581 2878 3595 ι
2929 3562 3145 3634 εἴρηται
3184 3561 3292 3632 γὰρ
3344 3561 3580 3631 ἐπίθεμα
3625 3560 3716 3614 διὰ

2123 3657 2303 3712 τοῦτο.
2337 3656 2722 3726 Τετραμμένοι
2762 3655 2821 3709 δὲ
2857 3655 2940 3716 είς
2973 3653 3106 3706 αὐτὸ
3157 3655 3251 3711 καὶ
3290 3652 3609 3723 βλέποντες,
3662 3653 3718 3704 οἱ

2126 3750 2241 3812 τοῖς
2282 3748 2380 3818 τῆς
2407 3747 2708 3819 ἱερωσύνης
2745 3747 3030 3817 αὐχήμασι
3060 3742 3545 3815 κατηγλαῖσμένοι,
3579 3742 3715 3813 πρὸς

2127 3840 2262 3894 Θεὸν
2291 3840 2511 3894 ἐδόκουν
2533 3840 2839 3910 τετράφθαι
2873 3839 2969 3893 καὶ
3000 3837 3239 3908 βλέπιν.
3271 3837 3454 3906 Φαμὲν
3491 3835 3549 3888 δὲ
3573 3830 3715 3890 εἶναι

2125 3933 2189 3986 τὸ
2235 3933 2568 4004 ἱλαστήριον,
2601 3933 2650 3984 εί
2689 3932 2862 3984 νοοῖτο
2909 3927 3313 4000 πνευματικῶς,
3344 3927 3434 3982 τὸν
3461 3929 3526 3981 δι’
3565 3929 3714 3998 ἡμᾶς

2128 4024 2418 4095 γενόμενον
2441 4021 2748 4094 ἄνθρωπον,
2771 4039 2790 4072 ι
2810 4020 2869 4075 ὃν
2884 4020 3147 4092 προέθετο
3175 4021 3203 4074 ό
3229 4019 3359 4083 Θεὸς
3401 4019 3718 4092 ἱλαατήριον

2127 4119 2214 4172 διὰ
2244 4117 2480 4179 πίστεως
2511 4117 2570 4170 ἐν
2606 4114 2684 4185 τῷ
2703 4113 2868 4168 αὑτοῦ
2899 4114 3112 4184 αἵματι,
3145 4115 3223 4175 εἱς
3244 4111 3468 4176 ἔνδειξιν
3491 4113 3592 4180 τῆς
3629 4111 3713 4173 δι,-

2129 4211 2422 4281 καιοσύνης
2445 4210 2634 4266 αὑτοῦ.
2657 4229 2675 4263 ι
2713 4210 2920 4274 Παῦλος
2942 4211 3051 4280 γὰρ
3071 4203 3173 4262 ὧδέ
3199 4225 3382 4278 φησιν.
3432 4208 3717 4271 Ἐπιστέλ-

2126 4305 2208 4357 λει
2266 4303 2325 4357 δὲ
2384 4304 2518 4374 ἡμῖν
2574 4303 2672 4357 καὶ
2705 4302 2953 4372 Ἰωάννης
2997 4303 3026 4355 ὁ
3076 4298 3385 4369 σοφώτατος
3433 4298 3709 4370 μαθητής

443 4378 511 4433 ad
569 4394 672 4434 nos
725 4379 967 4436 Joannes
1020 4380 1114 4436 ille
1171 4381 1614 4452 sapientissimus
1664 4387 1970 4460 discipulus
2009 4411 2022 4446 :

2135 4415 2153 4446 ι
2180 4394 2402 4457 Τεκνία,
2435 4392 2611 4448 ταῦτα
2649 4395 2846 4467 γράφω
2879 4393 3029 4464 ὑμῖν,
3055 4393 3144 4446 ἵνα
3177 4392 3251 4463 μὴ
3279 4393 3586 4462 ἁμάρτητε,
3614 4391 3714 4446 καὶ

451 4487 468 4517 ι
515 4468 728 4534 Filioli,
779 4468 900 4525 haec
961 4471 1146 4527 scribo
1193 4473 1381 4540 vobis,
1437 4485 1498 4530 ut
1564 4493 1676 4533 non
1733 4484 2019 4550 peccetis:

442 4557 606 4629 295
665 4560 711 4615 si
771 4568 956 4616 autem
1018 4567 1331 4632 peccaverit
1395 4567 1597 4638 aliquis
1617 4609 1632 4633 ,
1697 4572 2022 4630 advocatum

443 4649 712 4706 habemus
725 4650 795 4706 ad
814 4652 1058 4720 Patrem,
1075 4654 1263 4712 Iesum
1277 4655 1558 4713 Christum
1574 4659 1808 4729 justum,
1827 4671 1886 4717 et
1904 4663 2021 4733 ipse

439 4751 524 4798 est
552 4743 873 4814 propitiatio
890 4747 1010 4817 {pro
1032 4749 1274 4817 peccatis
1298 4749 1534 4814 nostris;
1559 4766 1668 4806 non
1697 4767 1798 4821 pro
1816 4755 2021 4810 nostris

440 4843 626 4892 autem
668 4845 917 4904 tantum,
975 4839 1075 4897 sed
1113 4841 1282 4897 etiam
1321 4857 1424 4911 pro
1461 4842 1630 4898 totius
1663 4845 1855 4901 mundi
1889 4847 1955 4900 ⁸⁸.
1993 4866 2011 4898 ι

441 4931 548 4986 Per
585 4930 766 5000 ipsum
795 4933 946 4987 enim
980 4933 1324 5004 propitiatio,
1351 4935 1792 5007 supplicatioque
1816 4940 2016 5006 omnis,

437 5035 502 5074 ac
524 5020 800 5076 bonorum
823 5022 1020 5091 petitio
1052 5039 1064 5075 :
1105 5039 1238 5080 nam
1263 5041 1282 5075 ι
1319 5023 1505 5094 Usque
1528 5027 1713 5091 modo,
1754 5049 1772 5079 ι
1812 5030 2014 5101 inquit,

448 5129 465 5158 ‹
491 5125 600 5164 non
625 5111 863 5179 petiistis
901 5115 1202 5186 quidquam
1233 5113 1290 5170 in
1314 5116 1538 5173 nomine
1572 5133 1731 5186 meo;
1755 5121 1946 5190 petite,
1968 5132 2027 5177 et

441 5201 667 5258 dabitur
697 5203 854 5260 vobis
872 5206 961 5261 π’.
1006 5225 1025 5258 ι
1055 5207 1178 5278 Ipse
1217 5207 1386 5279 igitur
1423 5219 1509 5264 est
1540 5210 2020 5281 propitiatorium;

441 5307 540 5361 per
573 5292 755 5363 ipsum
787 5310 1026 5366 namque
1056 5296 1117 5352 fit
1156 5298 1316 5354 nobis
1349 5300 1622 5369 propitius
1658 5301 1840 5367 Pater,
1875 5311 1933 5357 et
1966 5303 2023 5358 iu

441 5383 620 5451 ipsum
642 5385 848 5442 desinit
873 5389 1054 5444 omnis
1086 5391 1420 5459 precationis
1453 5391 1596 5458 ﬁnis,
1624 5401 1681 5450 et
1712 5409 1810 5464 per
1841 5394 2022 5466 ipsum

441 5476 775 5544 accedimus,
794 5495 920 5536 cum
943 5479 1094 5536 haud
1113 5481 1220 5538 alia
1239 5485 1452 5540 ratione
1477 5485 1694 5542 admitti
1724 5489 2019 5552 possimus.

2130 4487 2228 4541 ἐάν
2249 4503 2333 4551 τις
2361 4487 2419 4540 δὲ
2445 4487 2689 4558 ἁμάρτῃ,
2715 4485 3067 4557 παράκλητον
3087 4485 3284 4557 ἔχομεν
3318 4483 3453 4556 πρὸς
3477 4485 3567 4539 τὸν
3592 4486 3712 4540 Πα-

2129 4578 2285 4649 τέρα,
2341 4577 2549 4648 Ἶησοῦν
2595 4576 2833 4649 Χριστὸν
2882 4577 3113 4640 δίκαιον,
3158 4577 3253 4631 καὶ
3285 4576 3449 4641 αὐτὸς
3479 4576 3715 4644 ἱλασμός

2129 4670 2246 4723 ἐστι
2303 4669 2432 4740 περὶ
2468 4669 2579 4722 τῶν
2623 4669 2910 4740 ἁμαρτιῶν
2939 4669 3121 4740 ήμῶν,
3163 4667 3228 4721 οὐ·
3251 4667 3394 4738 περὶ
3432 4666 3540 4719 τῶν
3569 4668 3710 4737 ήμε-

2126 4761 2301 4833 τέρων
2328 4761 2386 4815 δὲ
2430 4760 2631 4833 μόνων,
2659 4761 2796 4815 άλλὰ
2829 4761 2925 4817 καὶ
2969 4760 3099 4832 περὶ
3124 4759 3248 4814 ὅλου
3293 4757 3387 4812 τοῦ
3425 4757 3652 4823 κόσμου.
3682 4777 3702 4808 ι

2125 4855 2204 4906 Δι’
2242 4853 2409 4908 αὑτοῦ
2451 4853 2562 4925 γὰρ
2591 4852 2839 4925 ἱλασμὸς,
2885 4851 3018 4924 εὐχή
3056 4869 3116 4904 τε
3157 4853 3328 4912 πᾶσα,
3363 4850 3458 4904 καὶ
3487 4848 3710 4919 αἴτησις

2127 4945 2369 5014 ἀγαθῶν.
2407 4966 2426 4999 ι
2467 4947 2614 5010 Ἕως
2655 4947 2763 5020 γὰρ
2796 4946 2923 5017 ἄρτι
2949 4983 2965 5010 ,
2999 4964 3020 4997 ι
3057 4945 3238 5013 φησὶν,
3278 4961 3298 4993 ι
3339 4942 3441 4995 οὐκ
3465 4942 3707 5013 ᾐτήσατε

2122 5039 2276 5093 οὐδὲν
2299 5039 2392 5093 ἐπὶ
2421 5037 2499 5109 τῷ
2536 5037 2762 5108 ὀνόματί
2812 5054 2914 5110 μου
2940 5053 2954 5068 ·
3007 5037 3206 5090 αἰτεῖτε
3229 5077 3244 5101 ,
3293 5034 3388 5087 καὶ
3419 5032 3708 5103 δοθήσεται

2121 5132 2270 5202 ὑμῖν.
2309 5151 2328 5184 ι
2370 5131 2541 5195 Αὐτὸς
2569 5126 2664 5184 οὖν
2702 5131 2811 5201 ἄρα
2837 5127 2898 5182 τὸ
2927 5123 3256 5197 ἱλαστήριον.
3293 5125 3372 5177 Δι’
3399 5121 3564 5176 αὐτοῦ
3595 5122 3706 5192 γὰρ

2120 5223 2251 5294 ἡμῖν
2285 5221 2443 5285 ἵλεως
2477 5222 2506 5274 ὁ
2538 5218 2748 5291 Πατὴρ,
2791 5217 2887 5272 καὶ
2927 5219 3007 5280 εἱς
3049 5216 3214 5269 αὑτὸν
3263 5213 3562 5283 καταλήγει
3595 5215 3705 5266 πᾶν

2122 5311 2296 5384 πέρας
2341 5311 2527 5381 εὐχῆς,
2565 5311 2660 5363 καὶ
2692 5309 2760 5362 δι’
2804 5304 2972 5361 αὑτοῦ
3015 5305 3320 5376 πρόσιμεν,
3355 5303 3454 5372 οὐχ
3499 5300 3705 5372 ἐτέρως

2120 5402 2274 5468 ὄντες
2301 5402 2498 5456 δεκτοί.
2527 5400 2820 5472 Τοιγάρτοι
2848 5398 3040 5470 φησὶν,
3071 5415 3089 5448 ι
3135 5395 3277 5465 Ἐγώ
3304 5395 3420 5465 ιίμι
3447 5391 3645 5465 ήόδός’
3675 5408 3694 5443 ι

2120 5491 2234 5558 καὶ,
2255 5511 2274 5544 ι
2312 5490 2454 5560 Ἐγώ
2477 5489 2766 5561 εἰμιθύρα,
2795 5507 2813 5540 ι
2829 5490 2946 5554 καὶ,
2971 5505 2990 5540 ι
3011 5485 3200 5549 Οὐδεὶς
3219 5483 3444 5556 ιρχεται
3462 5479 3703 5553 πρὸςτὸν

514 5649 557 5684 ’³
579 5651 772 5720 latnt.
814 5670 929 5721 xm,
953 5657 1040 5712 43.
1118 5657 1164 5690 ³³
1185 5658 1352 5714 Exod.
1386 5675 1505 5724 xxv,
1547 5660 1729 5716 l7-22.
1813 5662 1860 5694 ’δ
1884 5662 2020 5722 Rom

2139 5704 2151 5728 ν
2188 5665 2274 5727 35..
2353 5665 2397 5695 ⁵⁸
2431 5665 2634 5724 lman.
2667 5680 2723 5728 ιι,
2764 5663 2812 5735 ir,
2844 5664 2906 5741 2..
2977 5661 3044 5693 ⁸⁵⁸
3068 5661 3227 5740 Icari.
3267 5675 3380 5736 xvi,
3415 5656 3512 5743 αξ.-
