3962 6296
244 308 344 363 601

999 305 1089 359 DE
1127 293 1570 359 ADORATIONE
1607 301 1672 357 IN
1707 298 1977 356 SPIRITU
2019 299 2108 354 ET
2153 296 2516 372 VERITATE.
2556 297 2684 351 LIB.
2727 297 2818 352 ιχ.

3369 121 3396 150 /

3422 296 3530 354 602

249 425 496 494 Πατέρα,
532 423 580 475 εἰ
627 421 703 492 μὴ
732 421 798 475 δι²
836 420 993 490 ἐμοῦ.
1043 443 1060 471 ι
1101 420 1248 490 Πλὴν
1293 421 1341 472 εἰ
1368 421 1461 474 καὶ
1491 419 1683 488 γέγονε
1711 416 1833 471 καθ’

1947 414 2123 485 itaque
2159 415 2271 469 ait:
2301 433 2318 465 ι
2345 413 2459 484 Ego
2477 427 2596 467 sum
2621 412 2708 465 via
2731 428 2750 478 ;
2776 429 2794 462 ι
2818 419 2908 466 et:
2944 429 2960 462 ι
2986 413 3097 482 Ego
3124 423 3246 465 sum
3259 410 3461 482 janua;
3499 431 3519 464 ο

247 517 420 588 ἡμᾶς,
459 513 672 574 καθιεὶς
705 513 900 566 ἑαυτὸν
950 512 1030 574 εἱς
1069 510 1467 582 ἀνθρωπότητά
1517 527 1576 562 τε
1617 510 1712 562 καὶ
1741 508 1835 561 κέ-

250 618 418 663 νωσιν
469 602 499 652 ὁ
537 600 835 670 μονογενὴς
875 598 971 652 τοῦ
1013 598 1150 652 Θεοῦ
1191 599 1383 668 Λόγος,
1434 597 1549 653 ἀλλ’
1587 597 1702 654 ἔστι
1743 597 1838 649 καὶ

254 686 381 745 ἴδιον
415 685 585 739 αὐτοῦ
629 685 873 754 φυσικῶς
902 685 962 738 τὸ
989 689 1047 739 ὲν
1076 685 1202 757 δόξῃ
1227 686 1466 740 νοεῖσθαι
1507 688 1575 756 τῇ
1605 685 1836 756 θεοπρε-

255 781 363 841 πεῑ,
396 779 494 832 καὶ
521 778 580 830 ὲν
628 778 923 848 ὑπεροχαῖς
963 777 1229 849 ὑπάρχειν
1261 781 1381 840 ταῖς
1417 779 1557 848 ὑπὲρ
1588 777 1684 848 τὴν
1723 775 1839 829 κτί-

254 881 358 926 σιν,
398 863 654 933 καθάπερ
677 864 869 934 ἀμέλει
892 864 986 918 καὶ
1011 865 1118 936 πρὸ
1153 866 1254 936 τῆς
1285 868 1508 937 σαρκός.
1550 865 1652 918 Διὰ
1675 864 1839 918 τοῦτο

253 959 318 1018 τὰ
350 955 638 1027 Χερουϐὶμ
690 959 1012 1026 περιεστᾶσι
1049 958 1110 1010 τὸ
1158 958 1490 1030 ἱλαστήριον,
1525 957 1840 1022 πυκάζοντα

253 1050 376 1111 ταῖς
409 1047 669 1120 πτέρυξι,
705 1049 802 1102 καὶ
832 1049 968 1120 πρὸς
1004 1050 1138 1104 αὐτὸ
1167 1052 1555 1123 τετραμμένα,
1608 1053 1704 1105 καὶ
1751 1052 1840 1105 ἀεὶ

255 1141 314 1193 τὸ
350 1140 661 1211 πρόσωπον
687 1143 1062 1215 έπερείδοντα,
1092 1144 1187 1196 καὶ
1215 1144 1539 1216 δορυφορίας
1582 1143 1682 1214 μιν
1705 1143 1841 1197 ἀπό-

254 1231 417 1296 δειξις
449 1233 710 1304 ἐναργὴς,
738 1235 772 1305 ἡ
799 1235 877 1298 εἱς
919 1234 1071 1300 δεξιά
1120 1253 1176 1288 τε
1209 1237 1304 1289 καὶ
1330 1235 1587 1305 εὐώνυμα
1629 1234 1836 1298 στάσις.

258 1320 329 1374 Τὸ
360 1321 420 1373 δὲ
448 1321 559 1374 τῶν
588 1323 849 1377 ἀνωτάτω
875 1323 1157 1394 δυνάμεων
1180 1323 1341 1376 οἱονεί
1387 1341 1504 1387 πως
1545 1323 1754 1377 ἔντονόν
1780 1339 1840 1376 τε

258 1413 348 1472 καὶ
387 1413 686 1484 ἀκόρεστον
718 1412 798 1477 είς
841 1412 1118 1476 θεοπτίαν,
1166 1413 1530 1482 ύπεμφαίνειν
1559 1412 1750 1475 ἔοικεν,
1781 1413 1842 1467 τὸ

261 1503 476 1572 βλέπειν
503 1503 592 1565 ἀεὶ
620 1502 690 1556 τὰ
716 1503 999 1574 Χερουϐὶμ
1029 1505 1122 1557 ἐπὶ
1152 1505 1214 1556 τὸ
1252 1504 1584 1576 ἱλαστήριον.
1639 1506 1729 1558 Ἐν
1754 1506 1834 1577 τῷ

263 1594 374 1665 ἰδίῳ
411 1595 470 1647 δὲ
509 1596 748 1666 σχήματι
791 1595 992 1666 γράφει
1030 1596 1122 1648 τὸν
1173 1597 1301 1650 Υἱὸν
1340 1597 1435 1649 καὶ
1480 1600 1508 1650 ὁ
1558 1598 1842 1668 προφήτης

270 1686 522 1751 Ἡσαΐας,
537 1686 729 1756 λέγων’
771 1706 789 1739 ι
821 1685 971 1741 Εἶδον
994 1687 1088 1741 τὸν
1119 1687 1322 1759 Κύριον
1351 1688 1580 1744 Σαϐαὼθ
1595 1689 1840 1761 καθήμε-

1939 517 1996 561 et
2021 525 2034 560 :
2065 527 2082 557 ι
2113 507 2284 560 Nemo
2305 504 2458 558 venit
2483 503 2551 557 ad
2579 503 2818 566 Patrem,
2845 502 2950 556 nisi
2978 516 3076 570 per
3100 516 3187 556 me
3202 502 3270 555 ".
3303 520 3321 552 ι
3347 499 3525 557 Carte—

1937 612 2081 664 rum,
2122 594 2339 650 tametsi
2391 592 2566 647 nostri
2613 590 2810 646 similis
2845 589 3022 645 factus
3043 591 3134 654 sit,
3163 605 3286 645 cum
3309 605 3430 646 sese
3455 590 3526 646 ad

1938 685 2340 741 humanitatem
2364 683 2908 749 exinanitionemque
2936 681 3156 734 demisit
3176 679 3311 734 illud
3331 684 3526 753 unige-

1937 777 2116 832 nitum
2153 775 2250 830 Dei
2284 773 2558 839 Verbum;
2588 778 2674 826 est
2705 778 2890 824 tamen
2925 769 3004 822 illi
3039 768 3397 824 nihilominus
3431 785 3529 825 na-

1939 875 2075 921 turae
2097 881 2210 920 sua:
2242 865 2451 919 ratione
2469 862 2775 934 proprium,
2800 861 2857 915 in
2881 875 2944 914 ea
2965 859 3138 931 gloria
3165 875 3232 914 ac
3279 861 3531 930 majesta-

1941 967 1995 1015 te
2033 974 2155 1029 quaa
2175 959 2346 1014 Deum
2384 957 2600 1020 deceat,
2625 951 2885 1024 intelligi;
2910 963 2968 1007 et
2994 953 3049 1007 in
3090 968 3160 1008 ea
3205 951 3529 1007 excellentia

1939 1065 2046 1121 qua
2068 1051 2336 1106 creaturis
2361 1048 2616 1104 omnibus
2638 1053 2882 1117 praestat,
2901 1059 3248 1114 permanere,
3262 1043 3529 1113 quemad-

1939 1142 2163 1197 modum
2181 1142 2298 1196 sine
2314 1141 2484 1196 dubio
2501 1147 2622 1195 erat
2655 1147 2952 1210 antequam
2969 1151 3187 1192 carnem
3204 1135 3527 1205 accepisset.

1939 1235 2022 1292 0b
2053 1250 2174 1290 eam
2201 1233 2369 1304 igitur
2413 1247 2634 1288 causam
2659 1231 2958 1287 Cherubim
3005 1229 3362 1284 circumstant
3395 1241 3528 1296 pro-

1940 1324 2304 1397 pitiatorium,
2345 1332 2404 1378 et
2438 1329 2629 1394 tegunt
2666 1323 2798 1387 alis,‘
2831 1327 2888 1375 et
2913 1320 2981 1375 ad
3012 1319 3147 1374 illud
3182 1333 3341 1373 versa
3375 1325 3528 1384 sunt,

1943 1427 2108 1487 atque
2131 1418 2314 1472 vultus
2347 1415 2403 1471 in
2432 1415 2569 1470 illud
2594 1415 2798 1487 ﬁgunt;
2843 1429 2908 1469 ac
2947 1412 3269 1469 satellitium
3304 1410 3527 1481 quidem

1941 1506 2232 1562 evidenter
2252 1504 2496 1560 ostendit
2544 1504 2636 1557 illa
2686 1502 2755 1558 ad
2795 1502 3080 1556 dexteram
3133 1500 3525 1568 sinistramque

1944 1598 2109 1653 statio
2144 1615 2157 1650 :
2189 1594 2336 1666 quod
2363 1610 2495 1650 vero
2519 1609 2737 1664 semper
2757 1593 3055 1648 Cherubim
3081 1590 3525 1662 propitiatorium

1944 1689 2236 1759 aspiciunt,
2272 1687 2407 1742 illud
2445 1675 2807 1758 supernarum
2843 1687 3108 1741 virtutum
3151 1685 3441 1748 intentum,
3468 1689 3526 1737 et

261 1796 345 1834 νον
373 1777 471 1831 ἐπὶ
509 1777 697 1849 θρόνου
733 1777 938 1849 ὑψηλοῦ
977 1780 1070 1832 καὶ
1098 1757 1434 1851 ἐπηρμένου,
1465 1782 1558 1834 καὶ
1590 1757 1842 1852 Σεραιρὶμ

1948 1757 2280 1851 inexplebile
2319 1779 2417 1834 Dei
2461 1757 2682 1833 videndi
2709 1778 3046 1833 desiderium
3100 1776 3343 1831 indicare
3371 1774 3527 1829 vide-

258 1869 584 1939 εἱστήκεσαν
619 1869 806 1940 κύκλῳ
836 1870 1025 1934 αὑτοῦ,
1067 1889 1085 1922 ι
1121 1873 1216 1924 καὶ
1258 1872 1316 1940 ἒξ
1353 1873 1450 1943 μὲν
1475 1873 1688 1942 ἑκάστῳ
1716 1875 1843 1926 πτέ-

263 1977 432 2032 ρυγας
461 1963 852 2030 ἐκπεφυκέναι,
887 1963 1050 2032 φησὶ,
1093 1963 1391 2018 καλύπτειν
1417 1965 1474 2018 δὲ
1519 1963 1660 2019 αύτά
1679 2005 1694 2028 ,
1725 1967 1846 2027 ταῖς

263 2052 362 2122 μὲν
399 2051 525 2108 δυσὶ
550 2053 676 2114 τοὺς
701 2052 891 2116 πόδας,
920 2055 1040 2116 ταῖς
1079 2054 1136 2107 δὲ
1169 2053 1292 2107 δυσὶ
1321 2054 1389 2108 τὰ
1417 2053 1705 2126 πρόσωπα,
1743 2053 1842 2106 πέ-

258 2141 447 2200 τεσθαι
470 2141 528 2195 δὲ
562 2143 682 2206 ταῖς
718 2143 957 2214 ἑτέραις.
997 2143 1107 2196 Καὶ
1141 2145 1185 2196 εἱ
1224 2145 1324 2213 μὲν
1353 2143 1519 2198 οἴοιτό
1555 2161 1639 2206 τις
1675 2143 1844 2197 ὅτιτὸ

259 2231 349 2286 τοῦ
383 2232 522 2285 Θεοῦ
557 2234 868 2304 πρόσωπον,
901 2234 994 2287 καὶ
1018 2235 1122 2305 μὴν
1152 2235 1247 2294 καὶ
1273 2235 1401 2298 τοὺς
1427 2236 1590 2298 πόδας
1614 2235 1841 2289 κατεκὰ-

262 2325 460 2382 λυπτον
482 2325 554 2378 τὰ
582 2326 855 2396 Σεραφὶμ,
885 2325 1040 2379 οὐδὲν
1080 2327 1306 2391 ἀπεικὸς
1342 2329 1543 2381 ἐννοεῖν
1580 2345 1630 2378 τι
1669 2325 1844 2380 τοιοῦ-

259 2435 366 2470 τον.
405 2405 858 2488 Μετατρέποντες
893 2417 1001 2488 γὰρ
1042 2419 1121 2480 εἰς
1167 2417 1438 2487 Ἐλλήνων
1489 2418 1694 2488 φωνὴν,
1746 2415 1842 2470 τοῦ

261 2509 511 2579 Σεραφψ
558 2508 655 2580 τὴν
689 2508 943 2580 δήλωσιν,
969 2508 1222 2576 γνώσεως
1251 2509 1570 2580 πληθυσμὸν
1599 2511 1720 2580 ἦτοι
1752 2526 1843 2562 σο·-

261 2601 386 2669 φίας
421 2600 578 2671 χύσιν
608 2602 1016 2672 σημαινομένην
1046 2601 1374 2672 εὑρήσομεν.
1413 2602 1842 2672 ’Υπεμφαίνουσι

261 2690 548 2763 τοιγαροῦν
585 2691 664 2760 τῷ
703 2693 945 2762 σχήματι
977 2693 1072 2746 καὶ
1090 2692 1232 2763 μάλα
1257 2693 1464 2761 σαφῶς,
1497 2693 1553 2744 αἱ
1580 2691 1843 2759 πάνσοφοί

261 2797 316 2832 τε
351 2782 446 2835 καὶ
493 2781 756 2835 ἀνωτάτω
797 2782 1054 2853 δυνάμεις
1081 2822 1096 2847 ,
1143 2785 1227 2836 ὅτι
1260 2781 1395 2835 Θεοῦ
1448 2783 1740 2854 πρόσωπον
1778 2781 1841 2834 οὐ

263 2871 420 2941 θέμις
449 2873 683 2943 ὁρᾶσθαι
731 2873 866 2943 πρός
907 2891 1073 2938 τινος.
1118 2876 1394 2936 Ἀποπτος
1428 2876 1538 2945 γὰρ
1569 2873 1841 2935 παντελῶς

263 2967 294 3036 ή
327 2965 470 3036 ὑπὲρ
502 2967 680 3020 πάντα
717 2963 844 3019 νοῦν
886 2967 1003 3020 ἐστι
1033 2967 1215 3035 φύσις,
1263 2966 1355 3018 καὶ
1404 2966 1518 3035 φῶς
1550 2965 1844 3035 ἀπρόσιτον

1945 1879 2036 1926 tur
2070 1891 2082 1925 :
2114 1871 2558 1926 describitetiam
2585 1870 2849 1939 propheta
2883 1869 3048 1924 lsaias
3081 1868 3278 1922 Filium
3305 1865 3528 1936 proprio

1944 1964 2181 2035 quodam
2218 1963 2434 2027 habitu,
2471 1962 2663 2016 dicens
2693 1979 2708 2015 τ
2752 1981 2770 2012 ι
2811 1960 2936 2016 Vidi
2966 1961 3256 2014 Dominum
3288 1957 3524 2013 Sabaoth

1945 2047 2231 2117 sedentem
2258 2076 2426 2130 super
2442 2060 2704 2114 thronum
2739 2058 3016 2113 excelsum
3069 2065 3127 2111 et
3149 2057 3445 2118 elevatum,
3472 2065 3529 2111 et

1945 2151 2234 2222 Seraphim
2264 2151 2482 2205 stabant
2528 2150 2672 2204 circa
2729 2148 2882 2202 illum
2913 2165 2924 2199 :
2976 2166 2993 2198 ι
3028 2153 3084 2202 et
3111 2161 3270 2200 senas
3305 2144 3526 2214 quidem

1943 2243 2055 2297 alas
2093 2242 2272 2312 inquit
2315 2241 2515 2310 cuique
2564 2240 2764 2305 fuisse;
2812 2240 2988 2309 iisque
3045 2245 3256 2307 tegere,
3312 2234 3530 2289 duabus

1943 2331 2164 2400 quidem
2191 2330 2378 2400 pedes,
2406 2329 2620 2383 duabus
2647 2327 2834 2392 facies,
2860 2326 3075 2381 ueteris
3123 2325 3307 2379 volare
3335 2324 3402 2374 ’7.
3428 2323 3526 2387 Ac,

1943 2421 1990 2476 si
2021 2420 2146 2490 quis
2169 2427 2325 2490 putet
2351 2420 2450 2476 Dei
2508 2417 2701 2472 faciem
2747 2431 2810 2470 ac
2839 2405 3008 2486 pedes
3037 2421 3330 2483 contegere
3365 2411 3528 2465 Sera-

1943 2514 2116 2583 phim,
2168 2512 2310 2566 nihil
2331 2511 2555 2566 absurdi
2607 2517 2692 2564 est
2731 2509 2810 2562 ita
2851 2490 3190 2562 existimare.
3245 2505 3419 2569 Nam,
3479 2503 3529 2569 si

1945 2603 2110 2674 hujus
2137 2602 2377 2657 nominis
2404 2600 2690 2670 Seraphim
2717 2597 3171 2670 signiﬁcationem
3205 2594 3262 2647 in
3285 2592 3529 2648 Gracam

1943 2709 2136 2749 vocem
2163 2693 2575 2755 transferamus,
2603 2687 2848 2746 scientias
2871 2685 3296 2758 plenitudinem,
3327 2690 3422 2737 aut
3447 2680 3532 2735 ef-

1943 2784 2213 2840 fusionem
2239 2784 2542 2854 sapientire,
2568 2780 2880 2853 signiﬁcare
2917 2776 3412 2848 deprehendemus.
3437 2774 3534 2829 Sa-

1945 2877 2299 2948 pientissima:
2350 2875 2518 2945 igitur
2567 2873 2672 2927 illm
2734 2887 2799 2926 ac
2859 2884 3131 2939 supremae
3192 2868 3427 2922 virtutes
3464 2881 3531 2922 eo

1945 2969 2136 3023 habitu
2161 2967 2294 3023 illud
2325 2966 2736 3022 evidentissime
2776 2978 2889 3034 pne
2913 2977 2971 3016 se
2998 2960 3200 3024 ferunt,
3236 2958 3382 3013 haud
3413 2973 3534 3012 esse

264 3054 420 3116 οἰκεῖ,
451 3053 597 3107 κατὰ
633 3053 730 3124 τὴν
758 3054 850 3108 τοῦ
883 3055 1151 3126 μακαρίου
1208 3055 1418 3108 Παύλου
1468 3056 1673 3125 φωνὴν,
1741 3055 1837 3108 κειιὶ⁹

1947 3062 2024 3116 fas
2052 3077 2082 3115 a
2117 3075 2393 3130 quoquam
2423 3058 2518 3112 Dei
2552 3056 2746 3110 faciem
2777 3051 3360 3123 conspici.lnvisibilis
3386 3048 3532 3104 enim

269 3165 286 3196 ι
312 3146 504 3210 Οὐδεὶς
530 3145 876 3214 δψεταιΘεοῦ
910 3146 1222 3215 πρόσωπον,
1251 3148 1346 3199 καὶ
1366 3146 1612 3218 ζήσεται,
1641 3167 1658 3199 ι
1701 3149 1846 3202 κατά

266 3254 327 3304 γε
367 3238 430 3290 τὸ
479 3236 610 3307 παρ’
643 3235 807 3291 αὑτοῦ
844 3238 980 3308 πρὸς
1012 3237 1216 3291 Μωσέα
1241 3237 1332 3291 τὸν
1369 3237 1662 3309 ἱερώτατον
1691 3241 1846 3312 εἰρη-

268 3327 424 3397 μένον
452 3326 653 3398 ὀρθῶς.
699 3327 839 3380 Ἀλλ’
869 3327 978 3380 οὐδ’
1004 3328 1072 3382 ἄν
1099 3346 1183 3390 τις
1207 3329 1361 3398 γνοίη
1398 3330 1464 3383 τά
1501 3348 1562 3383 τε
1604 3332 1722 3402 ἴχνη
1753 3333 1847 3385 καὶ

265 3421 362 3483 τὰς
393 3419 547 3483 ὀδοὺς
578 3419 766 3474 αὐτοῦ.
808 3420 1119 3491 Γέγραπται
1152 3421 1280 3490 γὰρ,
1319 3440 1338 3474 ι
1390 3417 1461 3474 Ὦ
1493 3420 1658 3492 βάθος
1686 3423 1848 3477 πλού-

264 3527 378 3574 του,
420 3510 516 3563 καὶ
553 3511 766 3579 σοφίας,
803 3511 900 3564 καὶ
924 3511 1180 3578 γνώσεως
1240 3512 1375 3564 Θεοῦ
1401 3529 1416 3546 ο
1451 3513 1528 3576 ὡς
1565 3514 1850 3585 ἀνεξερεύ-

266 3617 401 3671 νητα
426 3601 498 3655 τὰ
533 3603 780 3672 κρίματα
811 3602 998 3667 αὐτοῦ,
1029 3605 1122 3657 καὶ
1176 3604 1571 3675 ἀνεξιχνίαστοι
1625 3609 1682 3660 αἱ
1739 3607 1848 3662 ὁδοὶ

267 3693 466 3756 αὐτοῦὶ
508 3713 526 3746 ι
566 3693 773 3748 Ψάλλει
798 3695 854 3748 δὲ
887 3695 982 3748 καὶ
1008 3695 1038 3746 ὁ
1070 3697 1340 3766 μακάριος
1378 3697 1563 3760 Δαύὶδ,
1617 3701 1711 3753 καὶ
1763 3717 1850 3752 σο-

269 3785 364 3853 φὸν
389 3784 682 3855 ἁνακρούει
714 3785 894 3856 μέλος·
938 3805 956 3838 ι
1007 3787 1095 3839 Ἐν
1123 3789 1186 3858 τῇ
1228 3787 1472 3860 θαλάσσῃ
1510 3791 1543 3859 ἡ
1578 3789 1694 3854 ὁδός
1727 3807 1844 3854 σου,

269 3876 361 3930 καὶ
385 3877 443 3930 αἱ
489 3875 670 3947 τρίδοι
705 3892 800 3930 σου
827 3877 886 3930 ὲν
920 3875 1078 3930 ὕδασι
1108 3877 1343 3942 πολλοῖς,
1385 3881 1480 3933 καὶ
1510 3880 1580 3934 τὰ
1604 3881 1720 3953 ἴχνη
1753 3899 1848 3935 σου

268 3967 329 4019 ού
353 3966 783 4038 γνωσθήσονται.
834 3986 853 4019 ι
889 3969 1101 4039 ’Ὥσπερ
1127 3969 1235 4041 γὰρ
1262 3971 1361 4024 οὐκ
1386 3971 1450 4024 ἄν
1479 3990 1561 4036 τις
1585 3973 1682 4027 ἴδοι
1706 3975 1851 4044 ἴχνος

270 4058 327 4108 ὲν
367 4057 576 4123 ὕδασιν,
611 4058 644 4126 ἢ
672 4058 960 4130 ἀνθρώπου
995 4061 1155 4130 τυχὸν
1183 4061 1216 4130 ἢ
1263 4061 1418 4126 νεὼς,
1455 4063 1488 4134 ἢ
1527 4064 1636 4117 τῶν
1665 4066 1722 4117 ὲν
1753 4067 1852 4118 αύ-

269 4151 378 4212 τοῖς
411 4149 746 4220 νηχομένων,
777 4149 949 4215 οὕτως
967 4151 1068 4204 οὐκ
1088 4152 1153 4206 ἂν
1182 4153 1550 4224 καταθρήσειέ
1577 4173 1662 4220 τις
1701 4155 1850 4221 θείας

270 4257 327 4292 τε
369 4241 464 4297 καὶ
503 4241 849 4312 ἀπορρήτους
885 4242 1062 4306 ὁδούς.
1102 4237 1200 4296 Ὦν
1232 4245 1298 4298 ἂν
1335 4242 1445 4298 εἷεν
1483 4248 1562 4310 εἰς
1605 4247 1775 4301 τύπον
1801 4247 1852 4300 οἱ

273 4331 450 4404 πόδες.
486 4332 552 4384 Et
587 4332 644 4385 δὲ
681 4331 747 4402 δὴ
779 4333 873 4386 καὶ
905 4333 972 4386 τὰ
1007 4334 1216 4388 ἑαυτῶν
1259 4335 1527 4407 πρόσωπα
1574 4337 1667 4390 καὶ
1724 4339 1852 4401 τοὺς

276 4422 438 4486 πόδας
468 4423 880 4488 καταπυκάξειν
907 4427 1024 4489 ταῖς
1058 4425 1314 4495 πτέρυξιν
1348 4427 1746 4498 ὑποτοπήσαιτό
1769 4445 1850 4491 τις
1882 4416 1927 4470 Ῑ)

277 4514 341 4567 τὰ
377 4513 510 4582 ἅγια
555 4514 832 4585 Σεραφὶμ,
872 4515 1141 4586 ἐννοῶμεν
1171 4517 1252 4570 ὅτι
1298 4516 1398 4586 τῆς
1439 4519 1568 4588 περὶ
1597 4517 1733 4570 Θεοῦ
1765 4534 1852 4570 σο-

277 4604 423 4672 φίας,
463 4603 579 4673 ἦτοι
613 4602 868 4670 γνώσεως
895 4605 1070 4675 ἀρχὴν
1115 4606 1148 4676 ἢ
1205 4606 1356 4670 τέλος
1401 4607 1530 4662 ἰδεῖν
1560 4609 1621 4661 οὐ
1667 4607 1847 4678 θέμις.

290 4694 702 4763 Ἀκατάληπτος
727 4694 838 4766 γὰρ
859 4695 956 4749 καὶ
984 4696 1144 4768 αὐτὴ,
1181 4699 1274 4751 καὶ
1299 4699 1438 4772 ὑπὲρ
1465 4699 1589 4753 νοῦν
1615 4701 1730 4754 ἐστι
1761 4701 1852 4754 τὸν

277 4785 636 4857 ἀνθρώπινον.
675 4787 846 4858 Ἀρχὴ
873 4787 932 4840 δὲ
958 4791 1157 4854 παντὸς
1189 4793 1460 4862 σώματος,
1497 4793 1728 4865 κεφαλήο
1763 4795 1853 4847 τὲ-

276 4880 365 4942 ).ος
402 4878 462 4931 δὲ
499 4880 552 4930 οἱ
593 4877 775 4942 πόδες.
798 4879 872 4932 Τὸ
899 4879 1211 4953 ἱλαστήριον
1243 4879 1337 4936 οὖν
1365 4883 1474 4954 ἄρα
1513 4885 1767 4956 Χριστὸς,
1798 4885 1858 4950 δς

280 4971 368 5022 καὶ
426 4971 486 5023 ὲν
536 4970 701 5042 σαρκὶ
733 4971 1014 5042 πεφηνὼς,
1049 4973 1204 5026 οὐδὲν
1235 4968 1396 5044 ἧττόν
1433 4977 1550 5029 ἐστι
1584 4977 1736 5041 Θεὸς,
1765 4979 1860 5030 καὶ

285 5059 505 5132 Κύριος,
539 5061 700 5129 φύσει
727 5077 786 5113 τε
815 5061 911 5115 καὶ
935 5062 1171 5133 ἀληθῶς,
1197 5066 1567 5137 περιεστώσας
1588 5068 1648 5120 ὲν
1674 5068 1859 5139 κύκλῳ

283 5149 666 5218 ὁουλοπρεπῶς
725 5151 824 5206 καὶ
878 5152 1048 5217 αὐτὰς
1086 5154 1226 5226 ἔχων
1283 5157 1382 5221 τὰς
1413 5159 1672 5214 ἀνωτάτω
1701 5160 1862 5214 δυνά-

290 5258 425 5310 μεις.
462 5242 604 5312 Ἔφη
723 5259 828 5306 που
849 5244 944 5299 καὶ⁴
976 5245 1132 5313 λόγος
1165 5247 1296 5318 ἡμῖν
1321 5250 1484 5320 ἱερὸς,
1509 5251 1584 5315 ὡς
1616 5253 1755 5322 μετά
1796 5271 1861 5322 γε

289 5333 346 5387 τὸ
385 5335 645 5405 ἑκστῆναι
681 5335 776 5390 τὸν
810 5337 1056 5392 Σατανᾶν
1102 5339 1200 5411 τὴν
1251 5344 1310 5394 ὲν
1368 5343 1590 5413 Χριστῷ
1632 5345 1864 5415 μεθέντα

291 5427 502 5494 πεῖραν,
528 5429 620 5480 ὅτε
631 5428 990 5497 νενήστευκεν
1009 5430 1148 5501 ὑπὲρ
1182 5433 1359 5502 ήμῶν,
1387 5434 1606 5502 ἄγγελοι
1628 5438 1863 5507 προσῆλ-

291 5515 378 5569 θον
415 5518 509 5569 καὶ
532 5516 814 5588 διηκόνουν
846 5519 1017 5590 αὐτῷ·
1081 5540 1100 5572 ι
1137 5523 1433 5592 Πνεύματα
1470 5528 1580 5597 γάρ
1615 5530 1722 5583 εἱσι
1756 5530 1862 5583 λει-

298 5740 386 5817 ειο.
468 5743 487 5772 ι
541 5741 729 5796 Matth.
765 5758 837 5807 ιν,
875 5742 964 5820 ιι..

1947 3158 2031 3206 est
2062 3151 2286 3204 omnino
2316 3154 2512 3201 natura
2537 3146 2628 3199 illa
2685 3159 2808 3214 quae
2833 3149 3054 3210 superat
3080 3150 3296 3194 omnem
3331 3137 3532 3193 intelli-

1947 3243 2283 3315 gentiam,et
2324 3240 2504 3292 lucem
2552 3233 2988 3290 inaccessibilem
3030 3230 3264 3295 habitat,
3299 3240 3359 3283 ut
3384 3229 3531 3292 beati

1948 3333 2103 3389 Pauli
2121 3346 2256 3385 voce
2291 3338 2416 3384 utar
2446 3329 2520 3394 ’3;
2561 3335 2618 3382 et
2649 3343 2662 3380 :
2703 3345 2722 3376 ι
2753 3325 2926 3380 Nemo
2953 3321 3166 3376 videbit
3188 3320 3381 3375 faciem
3409 3319 3528 3383 Dei,

1948 3433 2004 3478 et
2037 3421 2202 3492 296
2227 3419 2377 3473 vivet
2401 3417 2468 3481 ",
2510 3435 2528 3466 ι
2573 3422 2636 3469 ιιι
2675 3415 2794 3484 ipse
2833 3411 2978 3466 idem
3015 3409 3320 3465 rectissime
3369 3407 3534 3462 beato

1948 3513 2116 3585 Moysi
2181 3511 2338 3565 dixit.
2399 3508 2589 3576 Neque
2643 3520 2777 3560 vero
2833 3503 3123 3573 quisquam
3171 3505 3355 3584 potest
3385 3499 3534 3552 illius

1947 3580 2173 3677 vestigia
2201 3611 2258 3658 et
2281 3602 2400 3657 vias
2425 3615 2605 3655 nosse.
2648 3597 2926 3667 Scriptum
2957 3603 3041 3649 est
3081 3580 3229 3648 enim
3261 3609 3275 3644 :
3316 3610 3334 3642 ι
3363 3588 3408 3644 Ο
3429 3589 3533 3644 ali».

1950 3704 2084 3758 tudo
2141 3700 2477 3762 divitiarum,
2528 3704 2584 3750 et
2634 3693 2936 3763 sapientim,
2997 3696 3053 3744 et
3106 3686 3350 3743 scientiae
3399 3684 3530 3740 Dei!

1949 3812 2114 3869 quam
2132 3787 2708 3863 incomprehensibilia
2735 3793 2866 3856 sunt
2895 3783 3100 3857 judicia
3123 3783 3262 3852 ejus,
3287 3788 3344 3834 et
3386 3779 3538 3832 inve-

1956 3868 2242 3960 stigabiles
2269 3883 2372 3938 viae
2393 3883 2513 3954 ejus
2547 3880 2597 3933 ‘l
2635 3898 2651 3931 ι
2683 3877 2875 3934 Psallit
2920 3875 3085 3930 etiam
3108 3873 3304 3927 beatus
3343 3868 3534 3932 David,

1949 3990 2006 4038 et
2036 3981 2254 4050 sapiens
2281 3989 2500 4031 carmen
2547 3968 2792 4026 concinit
2825 3985 2838 4022 :
2883 3986 2902 4018 ι
2930 3967 2992 4021 In
3038 3963 3180 4020 mari
3219 3963 3307 4016 via
3335 3969 3450 4024 tua,
3481 3967 3537 4013 et

1953 4075 2160 4130 semitm
2185 4080 2290 4125 tua:
2334 4069 2390 4122 in
2421 4066 2579 4135 aquis
2611 4063 2820 4126 multis,
2848 4067 2904 4114 et
2928 4057 3156 4127 vestigia
3185 4063 3278 4116 tua
3305 4069 3412 4107 non
3439 4067 3533 4105 co-

1953 4162 2338 4236 gnoscentur‘.
2372 4178 2388 4209 ι
2409 4157 2480 4212 Ut
2503 4155 2649 4209 enim
2678 4153 2734 4206 in
2752 4149 2908 4219 aquis
2923 4149 3111 4203 videre
3129 4145 3416 4214 vestigium
3442 4149 3538 4196 aut

1953 4235 2191 4312 hominis
2227 4252 2481 4312 fortasse,
2535 4253 2632 4300 aut
2664 4243 2839 4306 navis,
2884 4247 2981 4294 aut
3027 4237 3391 4292 innatantium
3416 4235 3536 4289 bel-

1954 4349 2169 4402 luarum
2195 4357 2357 4396 nemo
2375 4344 2586 4409 potest;
2629 4337 2711 4391 sic
2734 4348 2894 4388 nemo
2920 4332 3134 4386 divinas
3154 4337 3210 4383 et
3233 4327 3536 4392 ineffabiles

1955 4439 2073 4493 vias
2098 4436 2366 4504 aspicere,
2387 4443 2620 4500 quarum
2673 4425 2903 4497 ﬁguram
2931 4422 3101 4493 pedes
3127 4419 3406 4491 aptissime
3439 4432 3534 4491 ge-

1959 4539 2105 4586 runt.
2133 4527 2288 4596 Quod
2317 4527 2364 4582 si
2393 4523 2518 4594 quis
2563 4520 2840 4576 existimet
2876 4531 3006 4572 suas
3055 4514 3222 4569 facies
3271 4527 3336 4566 ac
3367 4510 3536 4581 pedes

1957 4624 2059 4678 alis
2073 4631 2363 4690 contegere
2388 4623 2572 4671 sancta
2591 4611 2900 4682 Seraphim,
2923 4607 3060 4664 illud
3083 4605 3402 4676 cogitemus,
3423 4617 3535 4657 non

1957 4731 2080 4771 esse
2108 4713 2188 4768 fas
2209 4712 2305 4767 Dei
2331 4706 2633 4778 sapientiae,
2667 4719 2765 4759 seu
2800 4701 3040 4758 scientia
3078 4696 3298 4752 initium
3332 4699 3428 4748 aut
3468 4691 3536 4746 ﬁ-

1955 4822 2084 4863 nem
2112 4805 2298 4859 videre
2342 4819 2354 4855 :
2391 4807 2476 4856 est
2496 4797 2644 4854 enim
2677 4796 2794 4866 ipsa
2826 4807 3044 4864 quoque
3064 4783 3538 4857 incomprehensi-

1958 4899 2107 4962 bilis,
2132 4904 2189 4951 et
2217 4893 2459 4949 hominis
2490 4886 2910 4960 intelligentiam
2939 4886 3183 4953 superat.
3223 4878 3320 4932 Est
3354 4883 3537 4931 autem

1958 4991 2128 5044 totius
2170 4985 2420 5056 corporis
2453 4983 2670 5037 initium
2705 4983 2887 5047 caput,
2923 4980 2988 5029 ut
3029 4971 3154 5026 ﬁnis
3183 4969 3373 5040 pedes.
3403 4967 3538 5022 Pro-

1959 5057 2298 5149 pitiatorium
2327 5073 2494 5145 igitur
2540 5080 2626 5126 est
2682 5066 2958 5128 Christus,
3007 5062 3124 5133 qui,
3153 5059 3405 5131 quamvis
3449 5073 3542 5128 ap-

1957 5171 2143 5242 paruit
2173 5169 2228 5222 in
2263 5182 2450 5229 carne,
2477 5161 2838 5218 nihilominus
2869 5166 3049 5212 tamen
3077 5169 3230 5214 vere.
3258 5168 3322 5208 ac
3348 5158 3542 5206 natura

1959 5240 2103 5315 Deus
2131 5267 2235 5318 est,
2275 5263 2330 5310 et
2357 5252 2622 5309 Dominus
2650 5265 2663 5301 :
2695 5261 2821 5302 cum
2849 5259 3137 5316 supremas
3163 5243 3283 5297 illas
3310 5240 3545 5294 virtutes

1959 5352 2163 5407 circum
2189 5365 2246 5404 se
2275 5345 2532 5400 servilem
2565 5342 2620 5396 in
2644 5339 2868 5394 modum
2896 5344 3102 5394 stantes
3124 5335 3338 5389 habeat.
3366 5330 3546 5384 Sacra:

1959 5445 2122 5498 etiam
2140 5441 2361 5495 Litterae
2390 5439 2661 5490 testantur
2685 5432 2727 5497 ³,
2755 5441 3111 5502 posteaquam
3137 5423 3362 5482 recessit
3393 5421 3547 5475 Sata-

1960 5547 2080 5595 nas,
2113 5531 2203 5584 illa
2231 5527 2555 5590 tentatione,
2609 5538 2773 5594 quam
2807 5521 3029 5577 Christo
3078 5515 3284 5579 intulit,
3318 5512 3544 5579 omissa,

363 5672 412 5758 τ’
444 5670 601 5758 Ιραξι..
628 5687 736 5758 ξιτ,
772 5673 823 5726 6.
877 5673 945 5758 ιξτ
1004 5675 1114 5758 Ιεει.⁴
1142 5695 1214 5743 vi,
1261 5680 1365 5743 l,2.
1447 5682 1532 5737 "1
1558 5683 1698 5740 Tim.
1730 5702 1800 5750 vr,
1835 5687 1846 5739 1

1987 5688 2029 5718 ³ο
2065 5683 2212 5754 Exod
2262 5695 2448 5749 χχχιιι,
2475 5678 2563 5735 20.
2623 5677 2818 5733 'Rom.
2851 5670 3033 5739 3:533.
3112 5670 3130 5700 ²
3159 5666 3302 5723 Psal.
3365 5675 3538 5727 tvm,
