3962 6296
418 251 522 305 6-35

1437 245 1492 302 S.
1533 245 1805 302 CYIULLI
1853 245 2320 303 ALEXANDRlNI
2359 246 2675 302 ARCHIEP.

3560 250 3664 310 605

416 383 541 422 cum
573 367 664 422 ille
687 382 788 436 pro
817 366 974 422 nobis
1001 366 1320 436 jejunasset,
1343 365 1566 435 angelos
1596 363 1912 428 accessisse,
1941 373 1990 418 et

2101 365 2364 434 τουργικὰ
2428 369 2506 430 εἰς
2564 365 2843 421 διακονίαν
2890 366 3352 440 ἀποστελλόμενα,
3401 371 3489 427 διὰ
3541 377 3668 440 τοὺς

421 459 499 512 illi
540 458 922 513 ministrasse:
971 476 988 508 ι
1029 457 1267 528 Spiritus
1305 471 1539 525 namque
1579 455 1991 510 administrato—

419 567 506 604 γωδ
527 558 676 614 sunt,
704 549 760 603 in
783 547 1146 603 ministerium
1165 547 1314 603 missi
1340 556 1561 617 propter
1596 564 1691 602 eos
1711 547 1804 617 qui
1827 548 1996 602 haere-

418 642 644 696 ditatem
667 640 892 710 capiunt
915 639 1108 694 salutis
1125 639 1165 693 ⁵.
1195 657 1212 690 ›
1240 638 1414 708 Supra
1437 639 1878 710 propitiatorium
1900 654 1996 692 au-

420 745 526 785 tem
555 745 852 801 cognoscar
880 745 911 783 a
938 736 1013 792 te,
1042 728 1239 797 inquit,
1264 735 1319 782 et
1341 729 1534 797 loquar
1562 737 1759 786 tecum,
1786 728 1996 794 Quibus

419 822 622 885 verbis,
655 829 712 874 ut
745 835 846 890 ego
873 818 1131 883 arbitror,
1178 819 1286 873 duo
1341 819 1592 888 quaedam
1643 819 1992 889 signiﬁcavit,

417 922 511 976 aut
531 913 834 978 Christum,
860 913 1109 982 quamvis
1139 913 1302 968 homo
1333 921 1479 968 esset
1509 915 1598 968 ille
1633 915 1875 984 quidem,
1913 924 1994 970 ta-

418 1021 542 1064 men
589 1020 754 1073 supra
809 1003 1048 1058 hominis
1113 1011 1366 1058 naturam
1419 1005 1763 1070 locuturum,
1817 1020 1995 1074 neque

417 1096 560 1150 intra
576 1094 964 1150 exinanitionis
990 1094 1210 1149 modum
1234 1096 1496 1150 duntaxat
1511 1112 1630 1150 esse
1651 1112 1990 1161 mansurum,

417 1202 541 1240 cum
576 1187 720 1240 Deus
745 1185 834 1249 sit,
865 1193 922 1239 et
944 1201 1010 1239 ex
1037 1185 1147 1239 Deo
1179 1185 1480 1239 secundum
1512 1191 1795 1239 naturam:
1833 1205 1849 1236 ι
1881 1185 1994 1255 Ego

417 1278 616 1342 enim,»
637 1277 876 1343 dicebat,
897 1284 981 1331 cet
1011 1277 1170 1331 Pater
1200 1291 1369 1328 unum
1396 1291 1587 1330 sumus
1605 1276 1653 1342 5;
1680 1295 1696 1326 ι
1731 1283 1788 1330 et
1813 1294 1825 1328 :
1853 1296 1871 1327 ι
1889 1275 1993 1342 Qui

415 1371 550 1424 vidit
577 1387 684 1435 me,
714 1370 852 1424 vidit
883 1377 939 1423 et
980 1366 1195 1423 Patrem
1231 1382 1415 1420 meum
1455 1367 1495 1420 °.
1535 1387 1553 1417 ι
1588 1367 1698 1420 Aut
1721 1366 1854 1420 illud
1882 1367 1996 1421 for-

418 1469 560 1518 tasse
587 1479 598 1513 :
625 1460 976 1531 cognoscitur
1023 1457 1170 1513 enim
1211 1473 1378 1528 super
1427 1458 1889 1527 pmpitiatorium,
1939 1467 1994 1513 et

417 1569 582 1622 super
611 1551 931 1615 Cherubim,
961 1550 1016 1604 id
1042 1560 1160 1614 est,
1210 1549 1266 1603 in
1325 1549 1649 1603 excellentia
1696 1556 1752 1603 et
1800 1550 1990 1618 gloria,

417 1657 581 1711 supra
614 1642 892 1696 hominem
943 1649 1000 1695 et
1026 1639 1295 1709 quidquid
1328 1646 1412 1694 est
1439 1648 1641 1703 ortum,
1675 1639 1730 1692 in
1760 1655 1870 1708 quo
1898 1655 1992 1710 ge-

2102 456 2395 525 μέλλοντας
2434 457 2787 527 κληρονομεῖν
2820 458 3116 528 σωτηρίας.
3162 478 3180 510 ι
3230 461 3470 518 Ἀνωθεν
3493 463 3547 516 δὲ
3571 466 3665 518 τοῦ

2099 548 2432 619 ἰλαστηρίου,
2467 548 2853 619 γνωσθήσομαί
2872 565 2975 611 σοι,
3004 550 3157 620 φησὶ,
3196 560 3290 606 και
3313 551 3532 624 λαλήσω
3561 573 3663 621 σοι,

2094 638 2186 691 δύο
2222 655 2346 702 που,
2387 637 2636 710 καθάπερ
2675 633 2909 709 ἐγῷμαι,
2955 641 3048 694 καὶ
3089 639 3176 694 διὰ
3227 641 3418 696 τούτου
3467 644 3662 714 δηλῶν.

2097 729 2167 780 Ἢ
2196 729 2306 801 γὰρ
2335 730 2416 782 ὄτι
2449 729 2732 801 ἄνθρωπος
2761 731 2835 783 ὢν
2855 733 2882 784 ὁ
2907 731 3158 801 Χριστὸς,
3185 733 3256 785 τὰ
3289 733 3427 806 ὑπὲρ
3461 735 3668 808 ἀνθρώ-

2095 836 2199 873 που
2234 820 2457 890 λαλήσει
2515 821 2697 890 φύσιν,
2749 823 2843 876 καὶ
2897 824 3019 892 οὐχὶ
3081 823 3264 892 μόνοις
3303 827 3529 895 ἐμμενεῖ
3558 830 3667 888 τοῖς

2094 911 2192 979 τῆς
2225 911 2508 975 κενώσεως
2550 912 2788 983 μέτροις,
2820 913 2908 968 διά
2945 931 3008 982 γε
3040 915 3101 968 τὸ
3138 911 3276 968 εἶναι
3316 917 3446 980 Θεὸς
3479 919 3574 971 καὶ
3604 922 3668 973 ἐκ

2094 999 2229 1052 Θεοῦ
2265 1001 2408 1054 κατὰ
2434 1000 2616 1069 φύσιν.
2647 1021 2665 1052 ι
2714 1002 2853 1070 Ἐγὼ
2873 1001 3001 1074 γὰρ,
3035 1001 3263 1072 ἔφασκε,
3306 1006 3399 1058 καὶ
3421 1006 3450 1056 ὁ
3477 1007 3668 1076 Πατὴρ

2095 1093 2153 1148 ἐν
2173 1095 2360 1164 ἐσμεν,
2395 1116 2413 1147 ι
2435 1097 2547 1157 καὶ,
2579 1116 2597 1146 ‹
2633 1098 2691 1150 Ὀ
2709 1097 2966 1168 ἑωρακὼς
2989 1098 3107 1168 ἐμὲ,
3131 1096 3343 1168 ἑώρακε
3381 1099 3470 1152 τὸν
3495 1101 3667 1153 Πατέ-

2100 1202 2190 1256 ρα.
2219 1205 2238 1236 ι
2271 1187 2340 1239 Ἦ
2357 1187 2530 1240 ἐκεῖνό
2551 1205 2651 1240 που
2668 1188 2809 1258 τάχα
2830 1204 2843 1217 ’
2866 1189 3191 1256 γινώσκεται
3211 1189 3321 1258 γὰρ
3343 1190 3547 1243 ἄνωθεν
3570 1190 3662 1251 τοῦ

2099 1277 2410 1348 ίλαστηρίου
2433 1277 2528 1332 καὶ
2559 1279 2667 1331 τῶν
2693 1279 2989 1349 Χερουϐὶμ,
3022 1280 3314 1341 τουτέστιν,
3343 1282 3399 1334 ἐν
3422 1281 3660 1351 ὑπεροχῇ

2095 1370 2190 1422 καὶ
2223 1368 2348 1440 δόξῃ
2380 1372 2443 1440 τῇ
2491 1371 2629 1441 ὑπὲρ
2667 1371 2984 1440 ἄνθρωπον,
3034 1373 3125 1424 καὶ
3171 1372 3370 1436 παντὸς
3408 1373 3661 1426 ἐπέκεινα

2096 1460 2326 1529 γενητοῦ
2350 1500 2363 1523 ,
2392 1455 2466 1513 ὧν
2494 1462 2554 1513 τὸ
2591 1463 2888 1533 ἀκρότατόν
2925 1479 2984 1515 τε
3024 1462 3116 1515 καὶ
3145 1463 3444 1533 ὑπέρτατον
3475 1465 3542 1516 τὰ
3569 1465 3666 1516 Σε-

2100 1552 2292 1621 ραφὶμ,
2311 1553 2359 1604 εἰ
2384 1552 2477 1604 καὶ
2509 1552 2698 1621 γέγονε
2732 1553 2886 1624 σάρξ.
2922 1552 3017 1606 Ἐκ
3041 1553 3240 1624 χρυσοῦ
3283 1553 3336 1606 δέ
3365 1554 3426 1607 τὸ
3457 1554 3668 1624 ἱλαστή-

2101 1660 2248 1713 ριον,
2282 1643 2375 1696 καὶ
2412 1644 2552 1695 αὐτὰ
2604 1644 2673 1696 τὰ
2725 1645 2991 1714 Σεραφίμ.
3040 1646 3104 1698 Ἠ
3159 1647 3257 1716 μὲν
3295 1644 3403 1715 γὰρ
3441 1644 3668 1716 εὐκλεής

416 1750 548 1790 nere
574 1735 812 1803 primum
855 1748 919 1788 ac
953 1749 1228 1788 summum
1264 1733 1441 1785 locum
1468 1738 1656 1784 tenent
1682 1729 1990 1799 Seraphim,

2101 1748 2155 1784 τε
2209 1731 2304 1784 καὶ
2347 1732 2812 1804 περικαλλεστάτη
2857 1733 3038 1802 φύσις,
3089 1733 3377 1797 Θεός.”Εν
3409 1732 3668 1803 ὁμοιώσει

415 1825 666 1893 quamvis
705 1839 836 1879 caro
875 1825 948 1879 sit
996 1824 1192 1878 factus.
1237 1823 1332 1877 Est
1378 1830 1562 1875 autem
1601 1837 1668 1875 ex
1707 1837 1842 1875 auro
1869 1837 1997 1890 pro-

415 1916 839 1984 pitiatorium,et
859 1917 974 1985 ipsa
998 1930 1215 1984 quoque
1232 1914 1518 1982 Seraphim
1548 1931 1560 1964 :
1581 1920 1776 1966 natura
1793 1913 1995 1982 quippe

415 2003 830 2075 praeclarissima
881 2011 1044 2072 atque
1083 2002 1456 2072 pulcherrima
1503 2002 1648 2055 Deus
1702 2009 1788 2055 est
1823 2018 1838 2069 ;
1875 2015 1996 2072 quae

415 2104 596 2150 autem
623 2106 743 2174 orta
778 2106 926 2162 sunt,
963 2112 1028 2152 ea
1053 2096 1470 2152 similitudinem
1495 2097 1613 2166 ejus
1647 2112 1744 2166 per
1770 2097 1996 2166 partici—

414 2187 691 2255 pationem
749 2188 1008 2242 retinent.
1064 2187 1133 2242 lis
1189 2203 1354 2256 porro
1404 2187 1498 2255 qui
1546 2186 1705 2256 297
1757 2188 1903 2242 circa
1934 2202 1999 2242 ac

2099 1821 2155 1874 δὲ
2186 1824 2251 1892 τῇ
2294 1821 2430 1892 πρὸς
2465 1821 2627 1875 αὐτὸν
2659 1823 2799 1875 κατὰ
2841 1820 3076 1892 μέθεξιν,
3105 1822 3173 1875 τὰ
3209 1823 3431 1892 γενητά.
3457 1823 3580 1885 Τοῖς
3609 1820 3671 1876 δὲ

2100 1913 2158 1965 ἐν
2185 1912 2366 1982 κύκλῳ
2401 1914 2492 1965 καὶ
2519 1913 2688 1982 ἀγχοῦ
2728 1914 3006 1981 γεγονόσιν
3036 1913 3222 1981 αὑτοῦ,
3254 1913 3351 1984 τὴν
3396 1913 3494 1984 τῆς
3534 1913 3672 1976 ἰδίας

2101 2006 2197 2056 καὶ
2237 2007 2474 2075 φυσικῆς
2505 2007 2859 2076 φαιδρότητος
2923 2006 3232 2078 ἐπιμερίζει
3297 2004 3549 2077 μέθεξιν,
3593 2004 3674 2070 ὡς

2103 2095 2278 2165 φωτὸς
2311 2096 2402 2149 ἐπὶ
2431 2115 2485 2149 τι
2520 2097 2627 2149 τῶν
2669 2099 2836 2160 πέλας
2874 2099 3390 2169 ἅντανακλωμένου,
3413 2098 3509 2152 καὶ
3533 2097 3676 2168 λαμ-

2104 2187 2338 2258 πρότητι
2373 2190 2438 2258 τῇ
2475 2188 2579 2258 ἰδίᾳ
2596 2189 2656 2241 τὸ
2693 2189 2996 2260 προστυχὸν
3037 2189 3493 2258 καταυγάζοντος.

413 2294 582 2348 prope
611 2280 788 2360 ipsum
819 2289 966 2346 sunt,
1013 2296 1124 2335 suae
1176 2282 1441 2336 naturalis
1480 2282 1744 2338 claritatis
1771 2283 2107 2344 consortium
2164 2283 2496 2352 impertitur,
2520 2291 2582 2337 ut
2616 2284 2862 2350 luminis,
2887 2299 3012 2339 cum
3035 2284 3104 2341 ad
3143 2284 3417 2354 objectum
3446 2285 3674 2355 aliquod

413 2385 613 2439 corpus
645 2373 932 2440 appulsum
957 2371 1276 2436 reﬂectitur,
1301 2381 1356 2427 et
1394 2387 1493 2427 suo
1517 2372 1826 2440 splendore,
1854 2373 2121 2442 quidquid
2151 2375 2375 2430 obvium
2401 2383 2502 2440 est,
2536 2375 2823 2430 illuminat.

484 2464 681 2521 PALL.
718 2465 886 2523 Recte
909 2479 1040 2522 sane
1084 2464 1270 2530 habet,
1299 2471 1354 2518 et
1385 2472 1469 2518 est
1493 2463 1560 2518 ad
1595 2465 1884 2518 veritatem
1905 2479 1999 2517 ex.-

414 2555 582 2629 polita
619 2555 818 2610 oratio.

482 2644 637 2698 CYR.
669 2644 788 2699 Jam
844 2661 997 2708 vero,
1052 2653 1336 2700 exstructo
1388 2644 1794 2714 propitiatorio,
1830 2647 1994 2700 aliter

414 2750 632 2803 quoque
664 2735 825 2788 nobis
847 2734 1050 2790 Christi
1076 2736 1395 2806 mysterium
1420 2736 1732 2801 adumbrat,
1766 2737 1990 2792 dicens:

422 2845 439 2874 ι
479 2825 547 2879 Et
575 2823 743 2879 facies
770 2839 1010 2879 mensam
1064 2840 1131 2879 ex
1177 2841 1313 2879 auro
1366 2825 1572 2880 mundo
1597 2827 1639 2879 ".
1675 2847 1691 2878 ι
1743 2827 1990 2898 Cumque

408 2915 661 2986 jnssisset
693 2926 750 2968 ut
773 2916 956 2970 annuli
983 2932 1184 2971 mensa:
1199 2915 1571 2986 aﬂigerentur,
1597 2918 1651 2972 in
1679 2935 1818 2988 quos
1837 2921 1991 2976 aurei

412 2993 597 3058 vectes
646 3002 1095 3070 immitterentur,
1133 3020 1366 3074 cumque
1395 3023 1681 3066 mensuras
1723 3010 1887 3063 etiam
1923 3010 1989 3064 il-

2170 2465 2378 2518 ΠΑΛΛ.
2429 2465 2634 2536 Ὀρθῶς
2673 2465 2786 2534 ἔχει
2811 2503 2826 2528 ,
2878 2465 2970 2518 καὶ
3007 2464 3372 2535 ἀπεξεσμένος
3424 2467 3558 2536 ἡμῖν
3589 2469 3677 2536 είς

2099 2554 2352 2626 τάληθὲς,
2385 2557 2413 2607 ὁ
2441 2556 2618 2623 λόγος.

2168 2641 2334 2694 ΚΥΡ.
2366 2641 2519 2694 Μετὰ
2557 2642 2613 2695 δὲ
2657 2641 2754 2713 τὴν
2790 2641 2882 2695 τοῦ
2937 2642 3251 2715 ἱλαστηρίου
3299 2645 3674 2717 κατασκευὴν,

2095 2729 2188 2783 καὶ
2215 2730 2420 2802 ἑτέρως
2455 2733 2588 2803 ἡμῖν
2618 2733 2679 2787 τὸ
2705 2732 2941 2802 Χριστοῦ
2982 2731 3279 2806 μυστίήριον
3316 2739 3675 2804 σκιαγραφεί,

2104 2819 2308 2887 λέγων·
2340 2841 2357 2871 ι
2389 2822 2498 2875 Καὶ
2546 2824 2792 2892 ποιήσεις
2819 2824 3097 2894 τράπεζαν
3121 2825 3320 2895 χρυσοῦ
3351 2825 3609 2898 καθαροῦ.
3647 2845 3676 2892 ᾳ

2095 2910 2425 2974 Δακτυλίους
2456 2929 2515 2964 τε
2559 2913 2696 2983 αὐτῇ
2728 2914 3190 2986 προσερειρῆσθαι
3231 2915 3342 2968 δεῖν
3388 2913 3674 2984 ἐπιτάξας,

2101 3001 2194 3054 καὶ
2221 3002 2457 3072 χρυσοῦς
2486 3003 2856 3072 ἐμϐάλλεσθαι
2878 3005 3006 3068 τοὺς
3049 3007 3378 3076 ἀναφορέας,
3414 3007 3586 3080 μέτρα
3609 3025 3680 3062 τε

415 3094 539 3157 lius,
568 3102 624 3148 et
661 3094 880 3150 artiﬁcii
909 3096 1198 3160 rationem,
1231 3112 1338 3168 qua
1377 3097 1443 3152 ad
1483 3115 1750 3155 summam
1774 3101 1990 3172 elegan-

2101 3089 2264 3160 αὐτῆς
2302 3091 2396 3144 καὶ⁸
2429 3091 2711 3161 εὐτεχνίας
2761 3093 2888 3156 τοὺς
2924 3095 3178 3163 τρόπους,
3209 3096 3328 3150 καθ’
3367 3096 3460 3160 οὒς
3489 3099 3556 3151 ἂν
3583 3099 3679 3166 γέ-
3711 3154 3731 3163 ,

415 3186 544 3238 tiam
581 3185 807 3255 insignis
834 3186 1011 3252 lieret,
1040 3189 1380 3256 apertissime
1421 3190 1864 3260 pralscripsissct,
1891 3192 1988 3247 de-

413 3275 578 3343 nique
609 3291 622 3327 :
657 3293 674 3324 (
694 3273 762 3328 Ει
794 3275 1334 3346 impones,»inqui_t,c
1360 3293 1526 3347 super
1549 3293 1792 3333 mensam
1823 3296 1992 3349 panes

413 3366 806 3435 propositionis
833 3382 1021 3422 coram
1043 3383 1129 3430 me
1151 3377 1418 3439 perpetuo
1442 3371 1482 3424 ⁸.
1510 3390 1527 3421 ι
1561 3373 1849 3442 Aureaque
1874 3375 1993 3444 ejus

411 3473 562 3523 vasa,
585 3467 642 3513 et
665 3459 974 3525 acetabula,
1018 3467 1076 3514 et
1123 3462 1463 3524 mortariola,
1491 3469 1547 3516 et
1579 3464 1824 3534 cyathos,
1850 3473 1904 3519 et
1929 3466 1994 3521 li-

413 3553 624 3607 batoria
655 3552 774 3607 ﬁeri
814 3553 997 3623 jussit.
1048 3552 1128 3606 An
1175 3567 1308 3607 vero
1353 3568 1546 3622 parum
1588 3554 1874 3610 evidenter
1903 3556 1992 3612 ille

413 3645 621 3713 panise
653 3645 793 3699 caelo
837 3644 998 3698 nobis
1037 3643 1536 3708 demonstrabatur,
1574 3647 1670 3714 qui
1698 3647 1992 3716 aliquando

413 3735 466 3788 in
496 3733 700 3789 sanctis
747 3732 1104 3788 ecclesiarum
1145 3733 1350 3788 mensis
1401 3736 1788 3812 proponendus
1823 3747 1989 3804 esset,

407 3834 464 3882 et
508 3827 678 3887 vitam
719 3823 926 3879 mundo
958 3823 1226 3879 daturus?

481 4002 678 4057 l‘ALL.
708 4002 822 4056 lmo
847 4018 977 4064 vero
999 4005 1254 4059 maxime.

479 4092 634 4150 CYB.
682 4093 980 4148 Acetabula
1034 4109 1230 4162 porro,
1282 4104 1339 4149 et
1389 4097 1742 4160 mortariola,
1811 4099 1992 4169 cyathi

409 4204 628 4260 quoque
663 4198 719 4243 et
739 4188 1010 4254 libatoria,
1037 4199 1093 4244 et
1116 4206 1180 4244 ea
1215 4191 1398 4244 omnia
1446 4207 1682 4261 quorum
1719 4192 1787 4246 ad
1837 4209 1993 4248 men—

411 4298 526 4336 sam
553 4280 701 4335 illam
722 4296 934 4335 sacram
987 4297 1050 4335 ac
1080 4282 1361 4352 mysticam
1411 4300 1544 4340 usus
1605 4294 1742 4350 erat,
1787 4303 1990 4353 nonne,

415 4373 634 4436 Palladi,
684 4371 995 4427 divinorum
1027 4373 1406 4428 thesaurorum
1431 4374 1602 4446 ﬁgura
1627 4379 1787 4431 sunt?

481 4463 680 4518 PALL.
717 4463 860 4518 Sane
890 4479 1042 4518 vero.

477 4555 631 4611 CYR.
685 4556 791 4610 Sed
836 4555 953 4609 haec
1001 4555 1223 4624 quidem
1277 4558 1331 4612 in
1382 4559 1569 4614 Exodo
1621 4577 1634 4612 :
1689 4559 1758 4615 de
1803 4576 1991 4616 mensa

407 4664 538 4701 vero
567 4656 623 4702 et
652 4649 883 4717 panibus
914 4649 1309 4720 propositionis
1345 4651 1626 4722 legislator
1665 4651 1722 4707 in
1744 4652 1990 4710 Levitico

407 4739 607 4804 sanxit,
631 4746 797 4809 atque
825 4739 900 4794 ibi
923 4739 1324 4810 quodammodo
1345 4741 1582 4810 explicat
1628 4741 1735 4799 hoc
1778 4757 1988 4812 praece-

408 4822 584 4894 ptum,
627 4835 684 4882 et
735 4829 1204 4897 quemadmodum
1250 4831 1552 4900 propositio
1599 4831 1717 4886 ﬁeri
1767 4831 1985 4899 debeat,

409 4918 567 4986 plane
593 4917 753 4974 docet
781 4921 870 4976 his
903 4922 1089 4977 verbis
1127 4941 1140 4976 :
1177 4943 1195 4974 ι
1231 4920 1299 4978 Ει
1329 4923 1610 4992 accipietis
1645 4924 1902 4989 similam,
1925 4932 1983 4979 et

407 5006 619 5060 facietis
655 5023 723 5062 ex
768 5023 833 5062 ea
879 5009 1173 5065 duodecim
1200 5025 1396 5080 panes;
1438 5025 1468 5063 e
1495 5009 1711 5064 duabus
1752 5009 1982 5068 decimis

405 5097 510 5151 erit
540 5097 698 5166 panis
719 5114 895 5166 unus;
939 5111 996 5155 et
1030 5101 1323 5171 imponetis
1357 5116 1454 5155 eos
1481 5100 1619 5155 duas
1656 5100 1978 5170 positiones,

405 5198 462 5244 et
482 5205 576 5244 sex
597 5205 766 5259 panes
794 5207 904 5247 una
943 5193 1143 5262 positio
1186 5209 1353 5264 super
1384 5208 1630 5248 mensam
1661 5209 1853 5264 puram
1883 5207 1980 5247 co-

407 5293 523 5360 ram
546 5279 795 5336 Domino.
814 5282 882 5336 Et
902 5282 1193 5353 imponetis
1215 5283 1280 5340 ad
1309 5284 1638 5355 positionem
1666 5300 1829 5339 unam
1853 5285 1980 5339 thus

408 5371 672 5430 mundum
697 5389 820 5428 cum
855 5375 987 5440 sale,
1015 5384 1072 5431 et
1109 5385 1272 5432 erunt
1298 5377 1353 5432 in
1381 5392 1549 5448 panes
1581 5375 1979 5431 recordationis

411 5460 692 5548 proposita
732 5463 995 5531 Domino;
1035 5464 1124 5521 die
1151 5464 1511 5522 Sabbatorum
1547 5473 1850 5538 apponetur
1880 5481 1974 5520 co-

2094 3200 2238 3236 νοιτο
2283 3183 2522 3252 λαχοῦσα
2567 3185 2629 3237 τὸ
2685 3187 2964 3257 ἐκπρεπὲς
3010 3189 3091 3252 εἰς
3141 3185 3281 3253 εἶδος
3320 3189 3380 3243 τὸ
3411 3191 3678 3248 ἀνωτάτω

2096 3274 2408 3341 σαφέστατα
2454 3275 2693 3336 διειπὼν,
2749 3296 2768 3328 σ
2815 3279 2924 3332 Καὶ
2961 3279 3242 3352 ἐπιθήσεις
3271 3320 3287 3346 ,
3339 3281 3522 3352 φησὶν,
3577 3284 3676 3336 ἐπὶ

2092 3366 2191 3437 τὴν
2225 3367 2502 3433 τράπεζαν
2566 3368 2764 3439 ἄρτους
2810 3370 3097 3436 ἐνωπίους,
3143 3371 3384 3425 ἐναντίον
3434 3391 3534 3444 μου
3582 3373 3676 3438 διὰ

2095 3457 2313 3522 παντός.
2353 3477 2372 3510 ι
2403 3460 2598 3530 Χρυσᾶ
2619 3461 2676 3514 δὲ
2699 3462 2870 3531 αὐτῆς
2900 3461 2970 3516 τὰ
3001 3463 3192 3532 σκεύη,
3225 3463 3453 3535 τρυϐλία
3485 3483 3546 3519 τε
3575 3467 3674 3520 καὶ

2095 3550 2346 3614 θυίσκας,
2368 3552 2464 3606 καὶ
2494 3553 2601 3622 μὴν
2627 3555 2721 3608 καὶ
2744 3555 2999 3619 κυάθους,
3025 3557 3118 3610 καὶ
3135 3558 3388 3612 σπονδεῖα
3415 3559 3670 3628 γενέσθαι

2095 3642 2482 3712 προστέταχεν.
2523 3640 2646 3716 ’Ἆρ’
2692 3647 2794 3700 οὐκ
2840 3647 3086 3717 ἐναργῶς
3114 3650 3143 3702 ὁ
3184 3648 3347 3721 ἄρτος
3390 3652 3521 3722 ἡμῖν
3545 3652 3574 3705 6
3607 3651 3676 3721 ἐξ

2093 3732 2324 3802 ούρανοῦ
2371 3735 2790 3801 κατεδείκνυτο,
2821 3738 3244 3808 προκεισόμενος
3273 3740 3415 3793 κατὰ
3445 3742 3673 3812 καιροὺς

2093 3824 2151 3876 ἐν
2187 3824 2367 3892 ἁγίαις
2398 3826 2700 3896 τραπέζαις
2734 3829 3060 3900 ἐκκλησιῶν,
3092 3831 3188 3884 καὶ
3221 3829 3366 3903 ζωὴν
3397 3832 3568 3898 διδοὺς
3587 3833 3671 3902 τῷ

2093 3913 2283 3985 κόσμῳ
2299 3932 2314 3979 ;

2166 4008 2375 4061 ΠΛΛΛ.
2411 4009 2518 4060 Καὶ
2554 4009 2717 4078 μάλα.

2166 4099 2330 4156 ΚΥΡ,
2388 4098 2630 4168 Τρυϐλία
2680 4116 2738 4152 τε
2793 4103 2886 4156 καὶ
2937 4101 3176 4166 θυίσκαι,
3215 4100 3409 4162 κύαθοι
3457 4119 3516 4165 τε
3573 4105 3670 4156 καὶ

2096 4191 2368 4252 σπονδεῖα,
2400 4192 2494 4242 καὶ
2526 4192 2592 4243 τὰ
2610 4192 2675 4244 δι’
2695 4185 2768 4244 ὦν
2793 4192 2889 4259 τῆς
2909 4192 3069 4258 ἁγίας
3093 4191 3410 4263 τραπέζηςή
3431 4193 3667 4264 μυστικὴ

2094 4282 2187 4334 καὶ
2218 4282 2489 4351 ἱερωτάτη
2520 4280 2822 4351 πληροῦται
2849 4283 3030 4352 χρεία,
3061 4283 3121 4334 οὺ
3149 4281 3256 4336 τῶν
3275 4281 3433 4337 θείων
3466 4299 3668 4354 κειμη-

2097 4371 2226 4424 λίων
2260 4371 2428 4434 τύπος
2460 4371 2528 4426 ἂν
2560 4367 2690 4429 εἷεν,
2721 4365 2766 4431 ὦ
2792 4373 2928 4438 τᾶν;

2165 4465 2370 4516 ΠᾹΛΛ.
2406 4464 2549 4518 Πάνυ
2585 4465 2681 4533 μέν
2718 4461 2831 4518 οὖν.

2164 4553 2327 4606 ΚΥΡ.
2377 4553 2537 4605 Ἀλλὰ
2575 4555 2728 4606 ταυτὶ
2763 4553 2860 4622 μὲν
2903 4553 2961 4604 ἐν
2991 4553 3059 4622 τῇ
3123 4550 3337 4622 Ἐξόδῳ,
3373 4551 3665 4624 Τραπέζης

2091 4644 2146 4696 δὲ
2181 4644 2307 4712 πέρι
2333 4644 2424 4696 καὶ
2453 4643 2558 4713 μὴν
2581 4645 2673 4696 καὶ
2698 4643 3005 4713 προθέσεως
3035 4641 3238 4712 ἄρτων,
3274 4643 3664 4713 κεχρησμῴδη-

2090 4751 2183 4788 κεν
2205 4735 2232 4785 ὁ
2261 4733 2556 4806 νομοθέτης
2576 4736 2631 4786 ἐν
2659 4733 2733 4804 τῷ
2754 4732 3025 4803 Λευιτικῷ
3043 4749 3058 4764 ⁶
3081 4729 3366 4804 ἀνευρύνει
3391 4733 3446 4786 δὲ
3473 4732 3663 4805 ὥσπερ

2097 4825 2194 4896 τὴν
2211 4825 2449 4896 ἐντολὴν,
2463 4826 2585 4879 τίνα
2598 4843 2657 4878 τε
2673 4826 2875 4896 τρόπον
2899 4827 2933 4896 ἡ
2961 4823 3219 4894 πρόθεσις
3232 4824 3398 4886 ἔσται,
3424 4809 3663 4878 διδάσκεί

2089 4918 2298 4984 σαφῶς,
2330 4917 2504 4983 λέγων
2541 4915 2730 4981 οὕτως’
2776 4936 2793 4968 ι
2820 4917 2930 4970 Καὶ
2964 4915 3198 4986 λήψεσθε
3231 4915 3528 4984 σεμίδαλιν,
3569 4916 3660 4971 καὶ

2087 5009 2337 5076 ποιήσετε
2361 5008 2530 5077 αὐτὴν
2561 5007 2769 5062 δώδεκα
2795 5008 3013 5078 ἄρτους.
3046 5007 3151 5060 Δύο
3181 5007 3420 5062 δεκάτων
3452 5005 3602 5059 ἔσται
3631 5007 3661 5059 ὁ

2087 5099 2251 5168 ἄρτος
2272 5101 2299 5151 ὁ
2326 5094 2426 5163 εἷς.
2458 5101 2568 5152 Καὶ
2602 5100 2892 5170 ἐπιϐήσετε
2939 5099 3137 5162 αὐτοὺς
3167 5098 3260 5151 δύο
3299 5097 3531 5168 θέματα,
3562 5096 3658 5148 καὶ

2086 5189 2144 5255 ἓξ
2181 5190 2379 5260 ἄρτους
2412 5189 2472 5242 τὸ
2493 5189 2551 5243 ἓν
2585 5190 2726 5261 θέμα
2744 5190 2838 5244 ἐπὶ
2862 5189 2962 5260 τὴν
2985 5188 3261 5260 τράπεζαν
3291 5187 3388 5255 τὴν
3413 5186 3658 5256 καθαράν

2087 5281 2266 5336 ἔναντι
2311 5283 2538 5354 Κυρίου.
2572 5283 2684 5336 Καὶ
2728 5282 3026 5352 ἐπιϐήσετε
3055 5281 3146 5333 ἐπὶ
3179 5279 3239 5333 τὸ
3268 5279 3414 5348 θέμα
3439 5278 3658 5330 λίϐανον

2085 5374 2326 5445 καθαρὸν
2356 5375 2448 5428 καὶ
2473 5373 2592 5431 ἅλα.
2630 5374 2725 5427 καὶ
2753 5373 2969 5426 ἔσονται
2989 5373 3067 5434 εξς
3091 5372 3287 5438 ἄρτους
3313 5372 3391 5433 εἰς
3420 5368 3656 5436 ἀνάμνη-

2087 5483 2170 5517 σιν
2214 5467 2549 5536 προκείμενα
2577 5465 2654 5535 τῷ
2680 5465 2891 5535 Κυρίῳ.
2916 5467 2982 5533 τῇ
3011 5464 3196 5534 ἡμέρᾳ
3223 5463 3330 5516 τῶν
3367 5460 3653 5514 σασῦάτων

482 5633 507 5694 ξ
540 5632 706 5713 ῌειπ.
733 5650 770 5698 ι,
814 5635 895 5688 Η.
976 5637 996 5667 ⁸
1030 5636 1185 5690 Joan.
1211 5653 1264 5699 at,
1301 5636 1384 5691 50.
1459 5638 1478 5669 θ
1509 5637 1661 5693 Jonu.
1694 5656 1797 5702 xw,
1839 5641 1888 5692 9.
1964 5644 1980 5671 ⁷

2101 5640 2178 5693 ῖκΙ.
2221 5657 2340 5700 xxv,
2383 5639 2462 5690 l7.
2543 5639 2561 5668 ⁸
2591 5637 2875 5714 ιὺίάηὸθη
