3962 6296
281 300 387 360 επις

1029 292 1117 348 DE
1154 288 1600 349 ADORATIONE
1634 292 1701 348 IN
1740 291 2011 351 SPIRITU
2052 294 2140 351 ET
2180 293 2550 353 VERITATE.
2596 294 2723 350 LlB.
2763 293 2855 350 IX.

3428 295 3540 356 606

282 407 657 483 προσθήσεται
702 404 886 459 {eum
918 403 1126 473 Κυρίου
1169 402 1463 468 διαπαντὸς
1488 402 1725 459 ἐνώπιον
1750 404 1860 457 τῶν

1975 420 2080 460 ram
2119 406 2350 461 Domino
2401 416 2669 476 perpetuo
2700 420 2733 459 a
2772 403 2900 460 filiis
2944 405 3108 460 Israel
3151 411 3540 463 testamentum

286 501 415 557 υἱῶν
468 497 713 570 Ἰσραήλ,
742 496 1013 568 διαθήκην
1037 495 1259 551 αἰώνιον
1282 511 1296 527 ·
1329 496 1425 550 καὶ
1461 494 1612 551 ἔσται
1652 494 1863 568 ’Δαρὼν

288 592 378 649 καὶ
407 588 523 650 τοῖς
572 586 713 650 υίοίς
751 584 941 640 αὑτοῦ.
972 584 1089 638 Καὶ
1130 582 1400 654 φάγονται
1426 583 1567 639 αὐτὰ
1604 586 1664 639 έν
1712 585 1864 655 τόπῳ

286 680 448 750 ᾇγίῳ·
474 676 595 731 εστι
616 677 729 749 γὰρ
743 677 910 746 ’Δγια
919 674 1029 729 τῶν
1048 675 1221 744 ἁγίων
1238 675 1398 731 τοῦτο
1424 675 1625 740 αὐτῶν,
1648 676 1743 731 καὶ
1756 677 1864 739 ἀπὸ

287 770 393 824 τῶν
434 767 847 839 θυσιαζομένων
888 766 968 837 τῷ
1020 766 1230 837 Κυρίῳ,
1266 767 1498 838 νόμιμον
1542 766 1779 833 αἰώνιον.
1837 786 1857 819 ι

302 863 388 915 Ἐν
413 861 475 917 δέ
492 877 560 928 γε
579 862 693 925 τοῖς
726 858 1029 930 Ἀριθμοῖς,
1042 857 1121 921 ὡς
1138 858 1234 912 ἕνα
1249 858 1409 912 πάλιν
1433 858 1598 929 ἄρτον
1620 861 1755 930 ἡμῖν
1773 859 1864 913 τὸν

290 952 348 1019 ιε
377 951 619 1025 οὐρανοῦ
650 952 745 1011 καὶ
776 950 838 1029 ἐξ
865 952 1045 1023 ήμῶν·
1081 952 1274 1020 γέγονε
1307 951 1418 1022 γὰρ
1447 951 1579 1014 Θεὸς
1595 951 1670 1008 ὢν
1706 951 1864 1020 φύσει

293 1045 417 1099 καθ’
440 1046 593 1117 ἡμᾶς
607 1044 840 1113 δΛόγος,
866 1045 960 1097 καὶ
975 1044 1286 1115 ἐσκήνωσεν
1307 1043 1365 1095 ὲν
1382 1044 1533 1114 ήμῖν,
1550 1043 1864 1107 κατεδείχνυ

289 1137 466 1205 λέγων
500 1137 640 1208 πρὸς
666 1136 761 1193 τὸν
789 1136 1112 1207 ίιροφάντην
1132 1134 1392 1189 Μωῦσέα·
1425 1153 1444 1186 ι
1483 1135 1732 1206 Λάλησον
1752 1138 1867 1199 τοῖς

291 1229 428 1292 υιοτς
472 1227 712 1299 Ἰσραὴλ,
750 1226 846 1281 καὶ
873 1226 1023 1297 ἐρεῖς
1061 1225 1199 1296 πρὸς
1240 1223 1459 1288 αύτούςθ
1512 1227 1601 1279 Ἐν
1646 1227 1723 1297 τῷ
1772 1244 1868 1283 πο-

292 1319 553 1393 ρεύεσθαι
604 1321 751 1391 ὑμᾶς
790 1320 871 1383 είς
903 1318 1003 1390 τήν
1038 1318 1143 1389 γῆν
1193 1320 1261 1390 ήν
1306 1317 1417 1386 ἐγὼ
1461 1320 1669 1387 εἰσάγω
1723 1320 1868 1390 ὑμᾶς

291 1416 426 1477 ἐκεῖ,
467 1415 565 1468 καὶ
600 1413 774 1478 ἔσται,
807 1414 934 1467 ὅταν
980 1411 1198 1482 ἐσθίητε
1228 1413 1386 1482 ὑμεῖς
1428 1412 1540 1466 ἀπὸ
1557 1413 1667 1466 τῶν
1689 1413 1868 1481 ἄρτων

288 1505 393 1574 τῆς
419 1504 553 1574 γῆς,
576 1504 861 1575 ἀφαιρεῖτε
887 1501 1168 1573 ἀφαίρεμα
1186 1502 1467 1573 ἁφόρισμα
1481 1502 1670 1573 Κυρίῳ
1689 1503 1868 1573 ἀπαρ-

293 1597 393 1667 χὴν
438 1595 761 1664 φυράματος
804 1595 994 1664 ὑμῶν’
1031 1593 1195 1665 ἄρτον
1243 1593 1529 1664 ἀφαίρεμα
1591 1595 1868 1665 ἀφοριεττε

293 1685 426 1739 αὐτὸ
469 1686 551 1748 ὡς
586 1685 871 1753 ἀφαίρεμα
919 1683 1026 1737 ἀπὺ
1062 1682 1290 1747 ἅλωνος,
1318 1681 1492 1748 οὕτως
1527 1685 1869 1755 ἀφαιρήσετε

1960 504 2264 568 aeternum;
2292 504 2352 551 et
2369 505 2532 552 erunt
2557 497 2737 552 Aaron
2784 504 2840 551 et
2862 496 2991 551 ﬁliis
3009 498 3148 568 ejus,
3175 506 3230 552 et
3250 498 3544 555 comedent

1960 599 2025 640 ea
2055 585 2111 640 in
2140 585 2265 647 loco
2300 593 2491 641 sancto
2518 603 2533 640 :
2564 593 2649 641 est
2684 584 2831 643 enim
2870 584 3070 641 Sancta
3096 596 3407 643 sanctorum
3433 589 3544 646 hoc

1964 677 2117 746 ipsis,
2144 676 2292 732 etab
2329 678 2624 746 immolatis
2652 677 2882 733 Domino
2912 678 3213 749 legitimum
3251 684 3545 753 sempiter-

1963 783 2095 821 num
2122 769 2163 821 ⁸.
2202 786 2222 818 ι
2263 768 2324 823 ιιι
2354 767 2612 823 Numeris
2649 781 2781 822 vero
2809 775 2870 821 ut
2906 782 3078 822 unum
3102 784 3294 824 rursus
3320 786 3539 841 panem,

1962 860 2056 929 qui
2076 858 2147 915 de
2177 860 2335 924 caelo,
2378 871 2435 913 et
2476 875 2544 914 ex
2586 858 2745 913 nobis
2780 866 2865 913 est
2909 858 3169 930 (Verbum
3218 862 3387 925 enim,
3417 877 3540 917 cum

1964 950 2112 1005 Deus
2133 950 2438 1017 secundum
2459 958 2713 1017 naturam
2737 957 2903 1014 esset,
2928 948 3134 1005 factum
3164 959 3248 1005 est
3274 953 3447 1008 nostri
3473 954 3548 1009 si-

1963 1042 2115 1106 mile,
2140 1052 2196 1097 et
2216 1043 2482 1098 habitavit
2521 1043 2575 1096 in
2604 1043 2762 1098 nobis
2789 1041 2874 1113 ¹⁰),
2909 1050 3168 1112 tanquam
3190 1059 3358 1098 unum
3386 1046 3549 1106 nobis

1962 1144 2160 1210 panem
2189 1129 2605 1195 demonstravit,
2633 1146 2758 1189 cum
2792 1131 2875 1187 sic
2897 1130 3036 1185 dixit
3059 1131 3226 1203 Moysi
3263 1133 3339 1186 illi
3365 1148 3549 1189 sacro-

1966 1234 2090 1272 rum
2118 1219 2283 1295 ποθ
2304 1219 2592 1289 interpreti
2622 1236 2636 1281 :
2685 1237 2704 1270 ι
2733 1218 2983 1288 Loquere
3012 1220 3079 1273 ad
3110 1219 3251 1276 ﬁlios
3280 1223 3465 1287 Israel,
3490 1228 3548 1278 et

1966 1307 2117 1363 dices
2152 1309 2233 1363 eis
2271 1327 2286 1362 :
2324 1308 2461 1371 Cum
2508 1307 2890 1380 ingredimini
2927 1310 2985 1362 in
3033 1317 3235 1365 terram
3280 1312 3336 1366 in
3379 1327 3544 1382 quam

1966 1415 2067 1469 ego
2090 1399 2295 1455 induco
2316 1415 2432 1465 vos,
2466 1407 2525 1465 et
2559 1401 2687 1464 erit,
2719 1416 2845 1455 cum
2884 1400 3114 1455 ederitis
3137 1417 3235 1457 vos
3257 1417 3289 1457 e
3314 1403 3548 1472 panibus

1970 1500 2148 1552 terrae.
2191 1492 2520 1561 separabitis
2554 1493 2957 1562 separationem
2988 1496 3415 1564 segregationem
3443 1492 3549 1548 Do—

1969 1580 2120 1635 mino
2144 1581 2416 1651 primitias
2441 1596 2631 1636 massae
2661 1591 2892 1649 vestrae;
2921 1597 3117 1652 panem
3145 1584 3548 1652 separationelu

1970 1671 2327 1741 segregabitis
2349 1673 2547 1742 ipsum,
2578 1682 2836 1744 tanquam
2859 1674 3265 1743 separationem
3299 1674 3366 1729 ab
3394 1688 3542 1739 area,

292 1745 552 1845 ἀπαρχήν
596 1745 918 1846 φυράματος
953 1774 1130 1845 ὑμῶν,
1175 1745 1268 1828 καί
1315 1745 1514 1828 δώσετε
1549 1745 1627 1845 vi}:
1674 1745 1869 1846 ’κυρίῳ

1975 1763 2054 1825 sic
2087 1764 2414 1833 separabitis
2455 1765 2655 1834 ipsum,
2694 1765 2972 1835 primitias
3013 1780 3205 1821 massae
3234 1772 3447 1828 vestrae,
3486 1769 3546 1818 et

294 1868 581 1938 ἀφαίρεμα
610 1870 691 1931 είς
714 1865 813 1930 τὰς
845 1867 1037 1934 γενεὰς
1089 1866 1264 1937 ὑμῶν.
1295 1887 1315 1919 ι
1357 1869 1468 1922 Καὶ
1512 1867 1741 1937 ἀπονητὶ
1773 1869 1870 1938 μὲν

292 1958 379 2012 διὰ
396 1958 602 2013 τούτων
625 1957 941 2027 καταθεῷτό
969 1975 1052 2021 τις
1070 1957 1137 2011 ἂν
1163 1957 1223 2011 τὸ
1240 1958 1344 2029 τῆς
1375 1957 1635 2030 ἀληθείας
1666 1960 1870 2029 μυστή-

299 2065 433 2118 ριον.
465 2048 758 2114 Λελέξεται
780 2048 838 2102 δὲ
871 2047 1009 2120 πρὸς
1031 2048 1193 2119 ήμῶν
1221 2051 1279 2102 ἑν
1317 2048 1432 2120 ίδίῳ
1457 2048 1635 2121 καιρῷ
1659 2048 1871 2114 λεπτῶς

295 2142 390 2211 καὶ
414 2140 916 2211 ἀπηκριϐωμένως,
945 2141 1026 2202 είς
1043 2140 1233 2211 ἕτερον
1258 2141 1388 2211 ήμτν
1415 2140 1613 2214 ίδρῶτα
1633 2158 1873 2212 συγγρα-

297 2233 402 2303 φῆς
436 2234 839 2303 μετερῤηκότος
859 2230 954 2284 τοῦ
972 2230 1156 2298 λόγου.
1181 2231 1328 2302 Πλὴν
1342 2233 1542 2294 ἐκεῖνο,
1570 2228 1722 2303 οἶμαί
1743 2248 1867 2298 που,

296 2322 668 2395 κατατεθήποι
698 2341 781 2387 τις
823 2323 891 2377 ἂν
932 2322 1013 2387 είς
1048 2339 1111 2391 γε
1156 2323 1215 2376 τὸ
1240 2324 1414 2396 παρδν
1450 2327 1610 2396 ήμῖν,
1643 2320 1688 2377 ὧ
1730 2325 1871 2379 Παλ-

298 2414 464 2484 λάδιε.

366 2508 578 2563 ΠΑΛΛ.
611 2508 685 2561 Τὸ
717 2507 868 2562 ποῖόν
890 2524 944 2562 τι
970 2508 1113 2580 φής;

369 2599 534 2653 ΚΥΡ.
588 2598 886 2663 Πολὺειδῶς
915 2599 1024 2670 γὰρ
1057 2601 1189 2670 ἡμῖν
1220 2599 1437 2669 ἐμφανῆ
1482 2599 1747 2664 καθιστὰς
1780 2600 1872 2654 τὸν

312 2692 680 2764 Ἐμμανουήλ,
716 2693 811 2755 καὶ
832 2693 901 2747 δι’
932 2692 1121 2764 ἑτέρου
1150 2693 1312 2746 πάλιν
1348 2693 1510 2746 αὑτὸν
1543 2692 1872 2749 ἀναπλάττει

301 2784 476 2852 λόγου.
509 2784 656 2855 Πρὸς
684 2785 791 2856 γάρ
830 2802 911 2838 τοι
945 2783 1185 2838 Μωῦσέα
1216 2784 1348 2854 φησί
1374 2801 1387 2816 ·
1427 2803 1446 2836 ι
1489 2785 1600 2838 Καὶ
1626 2786 1873 2853 ποιήσεις

309 2875 529 2946 λυχνίαν
583 2877 650 2929 ἐκ
698 2875 925 2947 χρυσίου
964 2875 1229 2944 καθαροῦ,
1281 2877 1582 2946 τορνευτὴν
1627 2876 1874 2945 ποιήσεις

302 2965 398 3035 τὴν
417 2965 662 3036 λυχνίαν
703 2969 732 3019 ὁ
754 2967 951 3030 καυλὸς
991 2967 1163 3036 αὐτῆς
1199 2966 1292 3018 καὶ
1316 2966 1368 3019 οί
1396 2966 1743 3035 καλαμίσκοι,
1781 2965 1872 3018 καὶ

1970 1854 2173 1921 dabitis
2206 1855 2439 1923 Domino
2486 1855 2887 1926 separationem
2925 1857 2982 1911 in
3020 1857 3403 1926 generationes
3446 1870 3547 1909 ve-

1971 1953 2113 2001 stras
2158 1948 2221 2000 ¹¹.
2272 1968 2292 1999 ι
2326 1947 2478 2002 Licet
2526 1961 2596 2002 ex
2638 1946 2726 2003 his
2760 1947 2950 2001 verbis
3000 1947 3262 2001 facillime
3301 1944 3549 2001 veritatis

1971 2038 2290 2109 mysterium
2320 2038 2639 2115 perspicere
2655 2079 2670 2103 ,
2699 2038 2769 2092 de
2793 2052 2904 2107 quo
2928 2045 3113 2102 tamen
3135 2051 3166 2095 ε
3187 2036 3350 2093 nobis
3376 2034 3551 2090 subti-

1964 2129 2097 2194 iiter
2126 2138 2182 2183 et
2214 2136 2469 2185 accurate
2520 2142 2622 2192 suo
2653 2129 2774 2183 loco
2796 2128 3033 2193 dicetur,
3064 2128 3314 2196 hancque
3339 2125 3550 2181 oratio-

1968 2221 2059 2275 nis
2098 2229 2307 2290 partem
2366 2220 2423 2275 in
2470 2220 2702 2275 alterius
2760 2219 3244 2281 commentationis
3301 2218 3549 2273 laborem

1973 2311 2383 2366 transferamus.
2405 2311 2544 2366 Illud
2571 2320 2772 2378 tamen,
2799 2319 2861 2367 ut
2887 2311 3106 2381 opinor,
3135 2309 3396 2365 admirari
3417 2309 3550 2365 licet

1974 2401 2029 2455 in
2061 2394 2320 2471 pmsen's,
2351 2401 2578 2457 Palladi.

2041 2515 2237 2571 PALL.
2278 2516 2420 2584 Quid
2458 2516 2604 2572 istud
2634 2516 2893 2573 tandem?

2039 2607 2197 2666 CYR.
2221 2607 2358 2664 Cum
2399 2610 2605 2664 etenim
2643 2610 2796 2665 varie
2838 2608 2999 2664 nobis
3030 2607 3182 2670 illum
3229 2606 3550 2661 Emmanuel

1973 2698 2330 2768 spectandum
2361 2699 2760 2769 proposuisset,
2790 2714 2986 2754 rursus
3024 2697 3147 2752 aliis
3184 2711 3402 2768 quoque
3429 2710 3555 2750 vere

1973 2787 2060 2841 bis
2081 2787 2336 2842 eumdem
2378 2787 2614 2859 elllngit;
2658 2789 2827 2860 Moysi
2852 2787 2999 2843 enim
3025 2787 3159 2842 dicit
3190 2804 3202 2839 :
3244 2806 3261 2837 ι
3291 2786 3359 2841 Ει
3384 2784 3555 2842 facies

1973 2878 2360 2934 candelabrum
2385 2894 2452 2933 ex
2491 2894 2627 2934 auro
2664 2879 2905 2945 mundo;
2953 2877 3211 2933 tornatile
3232 2877 3400 2932 facies
3423 2890 3555 2932 can-.-

1974 2967 2289 3035 delabrum;
2323 2969 2520 3031 hastile
2554 2969 2746 3039 ipsius,
2772 2976 2828 3024 et
2863 2969 3078 3032 calami,
3123 2975 3180 3022 et
3209 2975 3468 3033 crateres,
3497 2972 3555 3022 et

302 3057 350 3108 οί
379 3057 679 3125 κρατῆρες,
718 3055 814 3110 καὶ
851 3057 901 3117 οί
934 3059 1337 3129 σφαιρωτῆρες,
1380 3059 1475 3111 καὶ
1516 3058 1585 3111 τὰ
1609 3058 1774 3129 κρίνα
1813 3056 1875 3122 ἐξ

1975 3058 2278 3126 sphazrulae,
2322 3066 2379 3113 et
2425 3057 2538 3112 lilia
2582 3075 2651 3113 ex
2699 3059 2819 3128 ipso
2859 3065 3024 3113 erunt
3051 3075 3063 3109 :
3090 3072 3185 3111 sex
3207 3056 3400 3111 calami
3428 3073 3557 3128 pro-.

303 3146 472 3217 αὐτῆς
506 3147 679 3201 ἔσται.
703 3146 802 3214 Ἐξ
831 3148 1163 3219 καλαμίσκοι
1194 3151 1258 3203 ἐκ
1280 3150 1375 3203 τοῦ
1406 3150 1622 3214 κλίτους
1645 3150 1738 3203 τοῦ
1760 3150 1876 3203 δευ-

304 3237 483 3310 τέρου.
517 3259 536 3292 ι
580 3240 692 3294 Καὶ
739 3235 807 3294 αὗ
845 3240 938 3294 ἐπὶ
970 3240 1184 3306 τούτοις
1214 3241 1282 3294 τὰ
1313 3243 1393 3305 είς
1441 3241 1643 3312 κόσμον
1680 3257 1741 3294 τε
1784 3240 1879 3293 καὶ

307 3330 491 3401 χρείαν
516 3329 599 3401 τῷ
623 3330 925 3402 τεχνήματι
957 3329 1215 3397 τελοῦντα
1250 3329 1672 3402 προστεθεικὼς,
1717 3331 1877 3403 κρίνα

306 3408 364 3475 τὲ
394 3440 564 3494 φημι,
593 3422 688 3476 καὶ
709 3423 1094 3496 σφαιρωτῆρας
1117 3429 1211 3477 γαί
1235 3421 1585 3493 καρυίσκους,
1612 3422 1878 3491 ἐπεφώνει

309 3513 494 3565 πάλιν·
531 3532 550 3565 ι
584 3510 725 3583 Ὀλη
771 3512 1056 3585 τορνευτή,
1100 3512 1162 3589 ἐξ
1188 3513 1308 3576 ἐνὸς
1352 3512 1576 3584 χρυσίου
1609 3511 1874 3583 καθαροῦ·

308 3604 398 3656 καὶ
421 3604 673 3674 ποιήσεις
693 3603 821 3668 τοὺς
845 3602 1075 3674 λύχνους
1098 3604 1268 3673 αὐτῆς
1285 3604 1446 3666 ἑπτὰ,
1478 3603 1571 3656 καὶ
1597 3602 1880 3673 ἐπιθήσεις

306 3694 427 3757 τοὺς
457 3694 686 3765 λύχνους
702 3695 1026 3766 αύτῆς.Καὶ
1056 3695 1315 3764 φανοῦοιν
1333 3695 1397 3747 ἐκ
1421 3692 1515 3748 τοῦ
1549 3694 1668 3757 ἑνὸς
1700 3710 1876 3764 προσ-

308 3783 475 3838 ώπου.
518 3784 632 3838 Καὶ
677 3783 770 3837 τὸν
812 3786 1173 3856 ὲπαρυστήρα
1215 3784 1409 3855 αὐτῆς,
1451 3785 1545 3849 καὶ
1570 3783 1639 3837 τὰ
1681 3782 1880 3837 ὑποθέ-

313 3893 456 3945 ματα
485 3875 662 3947 αὐτῆς
697 3877 765 3929 ὲκ
789 3876 1014 3949 χρυσίου
1041 3876 1309 3948 καθαροῦ,
1333 3877 1583 3948 ποιήσεις
1608 3876 1788 3929 πάντα
1811 3873 1880 3928 τὰ
1922 3953 1927 3957 θ

312 3968 480 4040 σκεύη
531 3967 708 4021 ταῦτα
773 3967 1043 4022 ταλάντου
1094 3968 1319 4039 χρυσίου
1375 3966 1640 4039 καθαροῦ.
1702 3966 1879 4037 Ὅρα,

308 4059 556 4131 ποιήσεις
602 4058 744 4112 κατὰ
778 4058 871 4112 τδν
900 4058 1070 4113 τύπον
1108 4059 1202 4113 τὸν
1248 4059 1526 4131 δειχθέντα
1565 4075 1649 4111 σοι
1699 4060 1759 4112 ὲν
1802 4055 1881 4127 τῷ

308 4130 442 4222 ὄρει.
481 4169 503 4204 ι
540 4150 733 4222 Χρυσῆ
767 4151 867 4222 μὲν
891 4146 986 4204 οὖν
1010 4153 1044 4221 ή
1076 4149 1271 4220 λυχνία
1293 4151 1467 4204 τύπον
1487 4130 1758 4220 ὲῖιέχουσα
1784 4146 1879 4202 τοῦ

310 4240 566 4312 Χριστοῦ.
601 4241 763 4295 Φύσει
793 4241 903 4311 γὰρ
930 4242 1028 4296 καὶ
1054 4241 1281 4312 ἀληθείᾳ
1309 4240 1443 4303 Θεὸς
1473 4242 1501 4295 ὁ
1528 4240 1671 4304 Υἱός·
1695 4238 1882 4312 χρυσῷ

313 4331 367 4385 δὲ
407 4333 828 4403 παρεικαστέον,
872 4330 1015 4386 καθὰ
1053 4332 1153 4395 καὶ
1175 4333 1235 4384 ὲν
1265 4332 1379 4393 τοῖς
1411 4329 1670 4401 ἀνωτέρω
1696 4330 1881 4402 διωρι-

1975 3147 2207 3204 deantes
2240 3164 2307 3203 ex
2331 3149 2597 3215 adverso;
2635 3149 2773 3221 [tres
2801 3148 2992 3204 calami
3029 3146 3337 3202 candelabri
3380 3164 3444 3202 ex
3477 3148 3557 3202 la:

1976 3247 2092 3303 tere
2119 3254 2245 3303 uno,
2263 3248 2319 3295 et
2343 3247 2457 3295 tres
2481 3240 2674 3295 calami
2704 3256 2769 3294 ex
2793 3240 2963 3295 latere
2989 3238 3184 3310 altero]
3207 3238 3391 3293 ¹¹.»Αᾱ
3416 3239 3551 3305 haec;

1975 3345 2098 3385 cum
2122 3330 2460 3402 adjunxisset
2494 3346 2558 3385 ea
2596 3346 2717 3400 qua:
2742 3331 2809 3386 ad
2842 3340 3094 3386 ornatum
3130 3342 3185 3385 et
3234 3345 3394 3385 usum
3420 3346 3555 3401 ope-

1977 3422 2054 3475 ris
2080 3422 2440 3491 pertinerent,
2471 3422 2607 3483 lilia,
2636 3422 2880 3491 inquam,
2917 3430 2973 3476 et
2999 3421 3322 3492 sphaerulas,
3347 3429 3404 3476 et
3430 3436 3554 3491 scy-

1977 3513 2134 3583 phos,
2183 3524 2401 3566 rursum
2440 3512 2640 3582 adjecit
2677 3533 2689 3567 ι
2733 3532 2750 3564 ι
2792 3512 2990 3567 Totum
3028 3512 3282 3567 tornatile
3331 3527 3396 3567 ex
3445 3526 3559 3572 uno

1977 3620 2111 3660 auro
2148 3604 2382 3670 mundo;
2405 3611 2459 3659 et
2483 3603 2648 3660 facies
2670 3606 2719 3660 ei
2748 3605 3001 3660 lucernas
3029 3612 3258 3674 septem,
3294 3611 3349 3657 et
3377 3603 3556 3672 impo-q

1975 3696 2349 3751 neslucernas
2396 3696 2589 3766 ipsius,
2641 3705 2696 3752 ct
2727 3696 2995 3752 lucebunt
3047 3711 3113 3749 ex
3160 3710 3267 3750 una
3314 3694 3558 3759 facie,“

1975 3784 2381 3839 emunctorium
2419 3785 2559 3855 ejus,
2600 3793 2656 3840 et
2699 3785 3109 3855 suppositioncs
3151 3784 3270 3854 ejus
3307 3799 3374 3838 ex
3419 3798 3557 3844 auro

1979 3877 2184 3932 mundo
2219 3892 2232 3929 :
2268 3876 2434 3932 facies
2454 3877 2636 3932 omnia
2663 3890 2790 3931 vasa
2815 3877 2934 3947 ejus
2959 3876 3225 3931 talentum
3252 3875 3369 3930 auri
3394 3890 3557 3929 mun»

1978 3967 2054 4022 di.
2101 3967 2254 4031 Vide,
2298 3966 2467 4025 facies
2508 3967 2693 4022 omnia
2744 3968 2898 4039 juxta
2953 3965 3181 4038 ﬁguram
3221 3981 3342 4035 quae
3366 3964 3466 4019 tibi
3501 3963 3555 4020 in

1978 4070 2162 4118 monte
2187 4067 2405 4115 ostensa
2430 4068 2516 4115 est
2543 4060 2607 4114 ¹⁸.
2640 4079 2657 4111 ι
2691 4059 2933 4114 Aureum
2958 4059 3124 4129 igitur
3146 4057 3556 4122 candelabrum,

1980 4152 2188 4216 Christi
2230 4150 2459 4221 ﬁguram
2490 4147 2878 4214 tenet;'Filius
2925 4149 3071 4201 enim
3103 4156 3297 4200 natura
3334 4160 3398 4199 ac
3429 4160 3560 4199 vere

1978 4243 2121 4298 Deus
2147 4249 2250 4295 est.
2274 4240 2423 4293 Auro
2453 4244 2637 4292 autem
2675 4234 2869 4291 similis
2896 4251 3016 4290 esse
3040 4234 3280 4305 putanda
3303 4241 3406 4298 est,
3426 4233 3557 4287 utin

1980 4330 2361 4402 superioribus
2388 4328 2805 4391 deﬁniebamus,
2826 4328 2919 4382 illa
2949 4327 3132 4381 divina
3158 4327 3374 4383 claritas
3397 4334 3562 4395 atque

315 4396 538 4493 ζόμεθα,
573 4424 673 4494 τήν
702 4423 853 4477 θείαν
879 4423 1240 4494 λαμπρότητα
1282 4423 1380 4475 και
1415 4396 1706 4493 ὑπεροχήν.
1742 4396 1875 4491 τόρ-

1979 4396 2319 4497 praastantia;
2342 4418 2598 4473 tornatile
2616 4425 2820 4481 autem,
2843 4417 2970 4486 quia
3006 4415 3441 4487 speriosissimus
3455 4423 3560 4483 est,

312 4513 472 4582 νιυτὴ
500 4511 559 4566 δὲ
586 4514 669 4566 ὅτι
697 4511 1029 4584 περικαλλὴς
1069 4512 1164 4567 καὶ
1190 4511 1334 4584 πέρα
1369 4511 1528 4581 λόγου
1570 4513 1787 4576 παντὸς,
1817 4511 1881 4566 τό

314 4617 377 4668 γε
407 4595 546 4673 ἧκον
588 4603 669 4666 είς
713 4602 1018 4672 εὐμορφίαν
1047 4601 1145 4672 τὴν
1188 4600 1406 4672 νοητὴν,
1445 4603 1474 4654 ὁ
1508 4601 1877 4672 Ἐμμανουήλ.

310 4691 628 4763 Γέγραπται
648 4692 758 4765 γὰρ
782 4694 864 4749 ὅτι
891 4712 910 4746 ι
958 4693 1170 4765 Ὠραίος
1192 4692 1377 4749 κάλλει
1405 4691 1556 4763 παρὰ
1581 4693 1704 4756 τοὺς
1732 4693 1882 4758 υἱοὺς

1983 4513 2272 4583 plusquam
2329 4509 2517 4565 verbis
2549 4508 2811 4579 explicari
2851 4507 3041 4579 possit,
3080 4508 3170 4563 ille
3204 4505 3560 4571 Emmanuel,

1985 4605 2031 4660 si
2064 4600 2532 4673 pulchritudinem
2560 4601 2745 4654 animo
2771 4600 3126 4670 spectabilem
3161 4597 3386 4668 cogites.
3413 4595 3564 4651 Serit-

1983 4705 2138 4767 ptum
2159 4702 2245 4751 est
2280 4692 2428 4750 enim
2461 4711 2476 4747 :
2512 4712 2529 4744 ι
2556 4690 2855 4763 Speciosus
2882 4691 3054 4746 forma
3081 4703 3193 4759 prae
3222 4686 3350 4742 ﬁliis
3371 4685 3564 4740 homi-

309 4781 420 4835 τῶν
469 4775 797 4855 ἀνθρώπων.
854 4802 875 4837 ι
925 4784 1137 4839 οὐκοῦν
1179 4784 1242 4838 τὸ
1283 4783 1730 4855 ὲκτετορνεῦσθαι
1776 4784 1875 4856 τὴν

1975 4785 2126 4847 num‘
2136 4783 2176 4847 ⁵,
2189 4800 2207 4834 ι
2217 4781 2373 4849 Quod
2394 4780 2562 4852 igitur
2573 4780 2963 4847 candelabrum
2978 4776 3232 4833 tornatile
3243 4773 3442 4830 factum
3456 4783 3563 4840 est,

310 4874 552 4946 λυχνίαν,
577 4875 643 4931 τδ
670 4877 753 4941 είς
785 4871 929 4941 εἶδος
960 4875 1262 4949 ἐκπρεπὲς,
1298 4876 1455 4948 δῆλον
1484 4875 1541 4930 δὲ
1563 4877 1644 4939 ὅτι
1669 4877 1730 4930 τὸ
1758 4877 1879 4930 θεο-

311 4966 543 5036 πρεπὲς,
573 4967 957 5023 κατεδείκνυεν
994 4967 1064 5023 ἂν
1090 4963 1153 5023 εὖ
1194 4967 1343 5040 μάλα
1377 4966 1471 5022 τοῦ
1510 4968 1880 5040 Ἐμμανουήλ.

311 5058 405 5121 Ei;
426 5057 602 5123 δεξιὸν
628 5057 688 5113 δὲ
718 5059 815 5114 καὶ
835 5059 1138 5132 εὐώνυμον,
1160 5053 1362 5130 οἷάπερ
1388 5060 1454 5115 ὲκ
1472 5059 1693 5130 δένδρου
1716 5058 1887 5115 καλα-

315 5147 547 5218 μίσκους
579 5149 979 5220 ἐκπεφυκότας,
1024 5150 1498 5223 συναναθρώσκειν
1525 5149 1585 5203 δὲ
1623 5148 1703 5220 τῷ
1734 5150 1885 5220 μέσῳ

312 5239 498 5312 καυλῷ
518 5280 534 5305 ,
565 5242 663 5297 καὶ
693 5241 775 5307 είς
816 5241 950 5313 ὕψος
993 5241 1243 5315 αἴρεσθαί
1280 5258 1416 5314 φησι
1442 5242 1507 5295 τὸ
1547 5241 1882 5295 ίσοστατοῦν.

313 5327 405 5394 Εἷς
436 5331 548 5404 γὰρ
569 5333 647 5387 ὣν
668 5335 812 5389 κατὰ
834 5334 1041 5403 φύσινό
1068 5335 1402 5405 Μσνογενής,
1420 5333 1513 5387 καὶ
1534 5333 1594 5387 ἐν
1621 5331 1885 5404 ἁπλότητι

310 5424 378 5490 τῇ
403 5426 523 5477 κατ’
545 5425 758 5491 οὐσίαν,
788 5426 864 5489 ὡς
883 5425 1035 5492 Θεὸς,
1064 5424 1341 5497 διαφόροις
1372 5425 1675 5497 ἐνεργείαις
1693 5424 1886 5479 πολλοη

315 5513 440 5578 nec
465 5512 607 5572 εἶναι
650 5514 819 5583 δοκεῖ,
851 5516 968 5572 ἀλλ’
990 5518 1144 5573 οὐδὲν
1177 5515 1590 5589 είσκεκριμένυν
1620 5516 1657 5587 ή
1684 5515 1888 5571 ὀθνεῖον

429 5627 610 5709 ιξνὶι.
646 5644 793 5709 xxiv,
816 5628 928 5689 5—9.
1001 5632 1043 5667 “
1062 5633 1216 5690 Joan.
1242 5649 1281 5699 ι,
1312 5632 1394 5687 Li.
1440 5630 1481 5665 υ
1506 5633 1668 5689 Num.
1696 5648 1784 5701 xv,
1809 5632 1874 5693 ΓΙ

1985 5672 2001 5708 ,ν
2074 5623 2311 5705 "mod.
2361 5637 2483 5691 xxv;
2506 5625 2597 5694 τι,
2637 5625 2727 5682 32.

315 5709 456 5766 XLIV,
479 5697 533 5753 ὅ.

1979 4866 2035 4930 id
2050 4887 2184 4929 vero
2198 4873 2347 4927 illam
2370 4869 2797 4943 pulchritudinis
2815 4864 3279 4941 praestantiam,id
3310 4873 3394 4921 est
3426 4863 3567 4919 divi-

1979 4979 2109 5027 nam
2144 4964 2293 5020 illam
2319 4962 2495 5020 nostri
2520 4961 2895 5019 Emmanuelis
2918 4958 3259 5030 dignitatem,
3286 4956 3566 5028 aptissime

1984 5056 2346 5129 signiﬁcabat.
2396 5055 2649 5113 Calamos
2711 5067 2878 5126 porro
2912 5064 2980 5106 ex
3003 5050 3196 5106 dextro
3233 5050 3567 5118 sinistroque

1985 5147 2159 5210 latere
2199 5153 2460 5216 tanquam
2489 5159 2559 5201 ex
2591 5142 2790 5199 arbore
2807 5139 3163 5212 prodeuntes,
3200 5137 3400 5208 inquit,
3439 5149 3565 5196 eum

1986 5238 2172 5296 medio
2203 5237 2389 5308 stipite
2411 5235 2575 5292 simul
2591 5246 2904 5305 exsurgere,
2929 5239 2986 5286 et
3004 5230 3073 5286 ad
3100 5244 3288 5302 parem
3314 5225 3563 5283 altitudie

1985 5346 2114 5388 nem
2133 5329 2274 5386 tolli.
2307 5327 2568 5396 Quamvis
2601 5325 2750 5381 enim
2786 5324 3115 5397 Unigenitus
3141 5323 3233 5377 ille
3265 5318 3568 5376 secundum

1985 5430 2240 5480 naturam
2265 5434 2409 5475 unus
2447 5419 2538 5485 sit,
2569 5415 2747 5489 299‘
2771 5426 2830 5473 et
2870 5426 2932 5473 ut
2966 5418 3111 5473 Deus
3139 5410 3440 5482 simplicem
3466 5408 3568 5462 ha,

1989 5515 2117 5571 beat
2160 5510 2476 5577 essentiam,
2532 5510 2851 5567 diversitate
2918 5518 3099 5564 tamen
3163 5502 3571 5582 operationum,_

2828 5623 2872 5663 η
2894 5616 3059 5688 lbidf,
3086 5617 3270 5685 σθ-ιοε
3349 5615 3391 5646 ’³
3418 5611 3571 5693 Pal:
