3962 6296
423 283 530 341 607

1433 294 1488 351 S.
1531 295 1808 352 CYRHJJ
1855 300 2325 358 ALEXANDRINI
2366 304 2686 362 ARCHIEPL

3577 312 3688 372 608

418 398 576 469 quasi
615 400 898 470 multiplex
933 417 1052 457 esse
1081 403 1297 462 videtur
1340 426 1350 459 :
1405 426 1586 480 neque
1624 429 1756 468 vero
1787 415 1968 486 aliquit

2104 418 2162 470 ἐν
2187 417 2354 488 αὐτῷ,
2396 418 2498 472 κᾶν
2523 420 2571 472 εί
2605 420 2776 474 νοοῖ-τό
2808 437 2923 486 πως
2968 425 3076 486 τοῖς
3108 424 3472 495 θεοπρεπέσιν
3507 428 3684 493 ἀξιώ-

417 505 477 547 in
498 506 566 546 eo
593 499 882 547 externum
913 503 996 548 est
1037 505 1093 548 et
1120 496 1504 566 adventitium,
1547 505 1760 558 tametsi
1789 505 1996 562 divinis

415 583 700 640 attributis
733 584 1134 653 quodammodo
1173 587 1318 643 haud
1350 591 1581 661 simplex
1603 594 1942 666 intelligatur
1977 615 1990 650 :

414 673 507 729 lux
543 675 711 737 enim,
738 683 794 729 et
818 674 947 738 vita,
970 677 1145 741 etvis,
1180 687 1236 732 et
1259 679 1600 752 incorruptio
1629 699 1749 740 esse
1785 687 1993 741 intelli-

412 765 584 835 gitur.
616 767 750 820 Nam
785 783 910 821 cum
943 767 1140 824 docere
1167 771 1332 827 vellet
1358 774 1496 828 nihil
1545 791 1666 832 esse
1704 779 1760 832 in
1794 795 1864 833 eo
1892 779 1992 834 ad-

413 856 700 920 scititium,
726 859 932 923 intulit,
969 866 1029 914 ut
1057 861 1274 930 opinor,
1307 865 1442 919 illud
1481 883 1493 918 :
1533 886 1550 917 ι
1582 867 1904 937 Sphaarulie,
1935 881 1993 925 et

411 945 626 1010 calami,
653 954 710 1001 et
733 947 844 1001 lilia
879 964 946 1002 ex
969 949 1088 1018 ipso
1107 950 1236 1015 sint,
1271 959 1443 1008 totum
1475 957 1729 1010 lornatile
1754 972 1821 1011 ex
1854 974 1992 1014 auro

411 1051 551 1104 puro
579 1037 642 1102 η,
687 1056 705 1089 i
739 1038 795 1092 id
822 1047 926 1103 est,
966 1047 1114 1096 totus
1154 1043 1396 1114 undique
1425 1047 1588 1110 Deus,
1614 1063 1724 1102 non
1762 1051 1992 1118 perinde

409 1134 573 1195 atque
603 1143 668 1181 ea
723 1144 846 1197 qua:
884 1138 1003 1185 orta
1052 1141 1215 1198 sunt,
1273 1137 1647 1193 sanctiﬁcatus
1679 1159 1689 1192 :
1720 1156 1899 1211 neque
1932 1151 1993 1197 ut

407 1217 609 1286 angeli,
635 1218 730 1288 qui
759 1235 882 1274 cum
910 1220 963 1274 in
987 1237 1082 1278 sua
1107 1225 1340 1293 quadam
1365 1236 1564 1285 natura
1586 1230 1984 1300 intelligantur,

410 1307 556 1362 illius
585 1311 756 1378 gratia
797 1320 855 1366 et
910 1313 1084 1382 gloria
1144 1314 1386 1372 decorati
1434 1326 1582 1384 sunt,
1633 1335 1697 1374 ac
1731 1328 1986 1390 tanquam

407 1412 543 1451 auro
571 1401 798 1466 mundo,
841 1403 1069 1473 spiritus
1110 1422 1342 1462 munere
1394 1411 1800 1481 quodammodo
1826 1413 1986 1480 illiti;

411 1489 508 1542 sed
553 1493 699 1559 quod
757 1503 948 1563 suapte
1002 1506 1198 1552 natura
1248 1499 1319 1554 sit
1369 1501 1464 1556 illa
1507 1502 1626 1573 ipsa
1649 1517 1758 1568 res,
1791 1519 1989 1574 nempe

406 1577 571 1644 Deus,
597 1581 690 1636 illa
738 1583 1002 1639 nimirum
1052 1589 1347 1656 purissima
1387 1598 1441 1645 et
1477 1606 1730 1661 suprema
1769 1603 1984 1648 natura.

2102 525 2269 578 μασιν
2299 509 2396 578 οὐχ
2427 508 2650 574 ἁπλοῦς.
2674 510 2793 574 Φῶς
2819 511 2927 581 γὰρ
2955 514 3049 565 καὶ
3073 514 3205 586 ζωὴ,
3227 517 3322 569 καὶ
3341 515 3568 587 δύναμις
3587 520 3684 573 καὶ

2096 599 2372 670 ἀφθαρσία
2397 604 2617 655 νοεῖται.
2653 601 2770 655 Ὀτι
2801 604 2909 672 γὰρ
2933 604 3087 656 οὐδὲν
3107 607 3419 676 εἰσποιητὸν
3442 610 3500 660 ἐν
3529 610 3680 680 αὐτῷ

2099 689 2308 755 διδάξαι
2334 690 2750 761 βεϐουλημένος,
2775 695 3240 763 προσεπήνεγκεν,
3265 695 3420 767 οἶμαι
3439 715 3558 757 που.
3591 700 3675 764 τὸ,

2102 794 2121 826 ι
2163 777 2224 828 Oi
2259 778 2641 847 σφαιρωτῆρες
2672 778 2766 831 καὶ
2793 780 2842 831 οἱ
2876 779 3207 851 καλαμίσκοι
3236 783 3485 856 ὲξναύτῆς
3507 786 3678 840 εστω-

2098 883 2234 918 σανο
2280 866 2374 937 ὅλη
2420 866 2677 938 τορνευτὴ
2727 868 2793 920 ὲκ
2847 870 3071 940 χρυσίου
3115 873 3359 946 καθαροῦ
3385 915 3400 940 ,
3458 893 3477 926 ι
3529 878 3676 930 τοῦτ’

2094 957 2260 1023 ἐστιν,
2292 959 2410 1022 ὅλος
2459 959 2634 1013 διόλου
2677 960 2829 1024 Θεὸς,
2884 962 2983 1015 οὐκ
3025 965 3083 1016 ἐν
3117 963 3217 1034 ῐσῳ
3271 969 3383 1029 τοῖς
3427 972 3676 1038 γενητοῖς

2093 1050 2444 1126 ἡγιασμένος,
2475 1050 2593 1103 οὐδὲ
2623 1050 2812 1123 ὥσπερ
2837 1053 3056 1121 ἄγγελοι
3093 1056 3254 1124 τυχόν
3279 1057 3337 1110 ἐν
3383 1057 3488 1129 ἰδίᾳ
3519 1059 3671 1112 νοού-

2095 1157 2248 1210 μενοι
2281 1140 2462 1208 φύσει,
2494 1141 2950 1212 κατηγλαῖσμένοι
2966 1143 3022 1196 δὲ
3051 1145 3260 1198 ἐκείνου
3284 1147 3469 1216 χάριτί
3489 1165 3550 1200 τε
3581 1150 3674 1202 καὶ

2091 1230 2241 1304 δόξῃ,
2286 1231 2380 1284 καὶ
2407 1227 2604 1302 οἷάπερ
2633 1232 2841 1302 χρυσίῳ
2869 1232 3116 1302 καθαρῷ.
3145 1238 3209 1305 τῇ
3241 1235 3334 1291 τοῦ
3365 1237 3673 1307 πνεύματος

2089 1323 2236 1376 δόσει
2262 1321 2772 1392 κατακεχρισμένοι,
2796 1321 2912 1374 ἀλλ’
2936 1322 3068 1374 αὐτὸ
3094 1325 3159 1393 τῇ
3184 1325 3340 1392 φύσει
3361 1325 3424 1378 τὸ
3456 1329 3668 1398 χρῆμα,

2091 1413 2244 1476 Θεὸς,
2278 1414 2310 1482 ἡ
2342 1411 2704 1484 καθαρωτάτη
2743 1429 2803 1465 τε
2836 1413 2930 1466 καὶ
2960 1413 3238 1484 ὑπερτάτη
3271 1415 3450 1482 φύσις.
3497 1418 3669 1475 Ἑπτά

2089 1497 2148 1551 δὲ
2180 1499 2230 1550 οι
2280 1497 2483 1568 λύχνοι·
2534 1498 2678 1552 κατὰ
2727 1499 2955 1564 πολλοὺς
3010 1504 3118 1572 γὰρ
3163 1504 3399 1574 τρόπους
3434 1508 3464 1559 6
3512 1506 3667 1577 παρὰ

2091 1589 2330 1662 Χριστοῦ
2352 1592 2649 1662 φωτισμός.
2680 1591 2812 1660 Kal,
2845 1588 2970 1670 (Ὦ
3007 1594 3104 1665 μὲν
3146 1595 3356 1650 δέδοται
3384 1598 3540 1667 λόγος
3572 1617 3663 1653 σο-

406 1665 622 1737 Septcm
669 1688 834 1741 porro
894 1674 1134 1732 lucernae
1179 1688 1336 1746 sunt;
1393 1684 1584 1738 multis
1615 1700 1850 1756 namque
1872 1703 1968 1743 mo

2092 1681 2242 1752 φίας,
2277 1681 2451 1752 ἑτέρῳ
2478 1681 2536 1736 δὲ
2563 1682 2718 1751 λόγος
2742 1665 3014 1752 γνώσεως,
3047 1685 3318 1757 διάκρισίς
3345 1705 3405 1740 τε
3432 1665 3668 1762 πνευμά-

404 1759 490 1812 dis
515 1776 546 1814 a
581 1761 802 1818 Christo
840 1766 1170 1824 illuminatio
1205 1773 1472 1835 tribuitur
1507 1785 1627 1840 :et,
1671 1795 1692 1828 ε
1722 1749 1832 1832 Alii
1853 1780 1968 1849 qui-

2087 1749 2216 1840 των,
2257 1793 2276 1826 ι
2330 1749 2433 1829 καὶ.
2469 1775 2537 1829 τὰ
2580 1749 2765 1830 λοιπά.
2833 1749 3188 1845 Τελειότητος
3235 1749 3310 1831 δὲ*
3347 1749 3594 1849 σημεῖον,
3635 1783 3664 1835 6

403 1848 528 1904 dem
563 1852 724 1908 datur
745 1871 926 1912 sermo
956 1861 1256 1930 sapientiai,
1280 1864 1371 1918 alii
1398 1874 1582 1921 autem
1601 1882 1786 1924 sermo
1803 1871 1985 1926 scien-

404 1938 513 2001 tiae,
545 1951 602 1994 ct
627 1941 890 2000 discretio
929 1949 1221 2016 spirituum
1255 1953 1321 2018 ¹⁶,
1351 1973 1370 2005 ι
1429 1962 1486 2009 et
1517 1957 1750 2027 reliqua.
1795 1959 1983 2015 Perfe-

401 2029 600 2085 ctionis
651 2040 836 2088 autem
894 2037 1108 2107 signum
1169 2051 1254 2096 est
1281 2059 1546 2101 numerus
1593 2050 1975 2118 septenarius;

399 2121 834 2187 perfectissimus
883 2144 1014 2184 vero
1064 2139 1151 2186 est
1189 2143 1382 2205 suapte
1439 2145 1634 2193 natura
1655 2139 1982 2198 Emmanuel

401 2219 658 2282 tanquam
707 2218 872 2286 Deus,
913 2230 970 2276 et
1001 2223 1394 2281 charismatum
1423 2229 1494 2284 ab
1533 2230 1652 2301 ipso
1690 2230 1981 2288 ﬂuentium

399 2299 720 2360 distributio
743 2307 985 2375 perfecte
1002 2311 1069 2366 iis
1090 2317 1371 2386 proposita
1386 2326 1470 2372 est
1483 2299 1578 2388 qui
1597 2330 1878 2377 merentur
1891 2337 1983 2378 ac-

394 2391 614 2462 cipere;
639 2412 816 2468 neque
835 2400 982 2456 enim
1008 2420 1026 2453 ‹
1048 2402 1131 2459 Ad
1146 2421 1460 2462 mensuram
1479 2408 1574 2465 dat
1597 2411 1852 2482 spiritum
1876 2414 1970 2480 ",t

394 2489 454 2535 ut
477 2482 670 2541 beatus
693 2487 933 2546 Joannes
957 2493 1062 2560 ait;
1090 2495 1184 2550 sed
1218 2515 1236 2547 ι
1267 2512 1335 2553 ex
1358 2499 1478 2570 ejus
1505 2502 1848 2570 plenitudine
1874 2519 1976 2560 nos

390 2589 582 2632 omnes
625 2583 938 2661 accepimus
990 2585 1050 2639 ³⁸.
1110 2605 1128 2638 ι
1183 2589 1391 2645 Deinde
1421 2591 1542 2646 ait:
1583 2612 1602 2644 ι
1634 2594 1702 2648 Ει
1728 2594 1976 2664 impoues

388 2665 663 2734 lucernas,
686 2672 1029 2728 et.lucebunt
1047 2693 1118 2731 ex
1143 2694 1254 2733 una
1273 2679 1412 2735 facie
1440 2682 1502 2736 ι’.
1535 2702 1553 2734 ι
1583 2683 1769 2750 Qualis
1791 2695 1974 2747 autem

385 2756 598 2812 sithaec
622 2760 844 2827 positio,
889 2765 946 2817 in
977 2765 1233 2822 Numeris
1271 2770 1490 2838 planius
1531 2774 1845 2844 explicavit,
1893 2779 1973 2833 sic

385 2845 576 2903 dicens
611 2867 622 2901 :
660 2867 677 2899 ι
717 2851 784 2905 Ει
825 2852 1043 2910 locutus
1084 2864 1167 2912 est
1216 2858 1480 2918 Dominus
1504 2864 1571 2918 ad
1609 2865 1851 2938 Moysen,
1883 2870 1971 2925 di-

382 2951 515 2995 cens
549 2955 561 2990 :
595 2938 1061 3011 LoquereAaron,‘
1090 2955 1146 3002 et
1160 2947 1311 3005 dices
1343 2951 1410 3006 ad
1440 2968 1590 3020 eum,
1622 2955 1759 3012 Cum
1794 2958 1972 3031 impo.

2087 1867 2227 1920 ἑπτὰ
2261 1866 2423 1920 πάλιν
2455 1865 2603 1918 ἐστὶν
2633 1864 2886 1937 ἀριθμός.
2943 1867 3261 1932 Παντέλειος
3293 1869 3350 1923 δέ
3394 1871 3486 1923 καὶ
3521 1871 3660 1924 κατὰ

2086 1959 2248 2028 φύσιν
2287 1957 2423 2011 ἰδίαν
2457 1960 2484 2011 6
2522 1957 2892 2028 Ἐμμανουήλ,
2928 1957 3003 2022 ὡς
3041 1958 3194 2022 Θεὸς,
3243 1961 3336 2014 καὶ
3377 1960 3486 2014 τῶν
3529 1967 3660 2032 παρ’

2083 2048 2250 2102 αὐτοῦ
2277 2047 2635 2120 χαρισμάτων
2663 2049 2720 2102 ἐν
2753 2048 3004 2118 διανομῇ,
3029 2049 3247 2112 τελείως
3272 2050 3517 2119 ἔγκειται
3547 2053 3658 2114 τοῖς

2082 2142 2223 2196 ἑλεῖν
2245 2140 2435 2205 ἀξίοις.
2462 2139 2538 2193 Οὐ
2559 2139 2668 2211 γὰρ
2695 2157 2714 2190 ι
2749 2140 2846 2194 Ἐκ
2873 2140 3073 2211 μέτρου
3091 2141 3272 2196 δίδωσι
3290 2141 3351 2194 τὺ
3377 2142 3609 2213 πνεῦμα,
3633 2162 3652 2195 ι

2082 2235 2224 2289 κατὰ
2253 2233 2352 2303 τὴν
2393 2230 2488 2284 τοῦ
2532 2231 2780 2284 Ἰωάννου
2815 2230 3020 2301 φωνὴν,
3069 2231 3183 2285 ἀλλ’
3220 2252 3238 2284 ι
3274 2234 3339 2285 ἐκ
3392 2232 3486 2286 τοῦ
3519 2233 3658 2304 πλη-

2083 2324 2334 2396 ρώματος
2365 2324 2526 2393 ἡμεῖς
2556 2323 2758 2386 πάντες
2789 2321 3070 2390 ἐλάϐομεν.
3104 2340 3123 2374 ι
3145 2319 3274 2375 Εἶτά
3305 2339 3439 2394 φησι
3463 2340 3477 2354 ·
3505 2341 3522 2374 ι
3547 2324 3658 2386 Kal

2079 2415 2361 2486 ἐπιθήσεις
2403 2413 2531 2474 τοὺς
2572 2412 2817 2486 λύχνους,
2871 2411 2965 2462 καὶ
2996 2410 3257 2478 φανοῢσιν
3285 2413 3348 2464 ἐκ
3391 2411 3484 2464 τοῦ
3535 2412 3658 2476 ἐνὸς

2079 2503 2393 2574 προσώπου.
2450 2521 2468 2554 ι
2519 2501 2681 2553 Ἀλλὰ
2711 2499 2794 2561 τίς
2827 2498 2893 2552 ἂν
2931 2498 3143 2567 γένοιτο
3189 2500 3348 2570 τυχὸν
3394 2502 3426 2570 ἡ
3475 2500 3654 2561 τοιάδε

2077 2599 2244 2662 θέσις,
2275 2598 2331 2649 ἐν
2363 2595 2474 2657 τοῖς
2513 2591 2793 2664 Ἀριθμοῖς
2825 2591 3009 2662 ἐδήλου
3041 2591 3246 2658 σαφῶς,
3275 2591 3417 2644 οὕτω
3439 2592 3647 2659 λέγων·

2081 2707 2101 2740 ι
2148 2687 2258 2740 Kal
2289 2685 2519 2754 ἐλάλησε
2552 2681 2756 2754 Κύριος
2777 2681 2916 2754 πρὸς
2941 2683 3148 2751 Μωσῆν
3174 2681 3346 2750 λέγων
3367 2698 3382 2724 '—
3403 2683 3653 2753 Λάλησον

2087 2779 2319 2850 Ἀαρὼν,
2352 2777 2446 2830 καὶ
2474 2777 2619 2845 ἐρεῖς
2669 2773 2803 2846 πρὸς
2835 2774 3020 2826 αὐτόν·
3072 2772 3243 2832 Ὅταν
3293 2772 3488 2844 ἐπιθῇς
3523 2775 3651 2838 τοὺς

2074 2871 2299 2941 λύχνους
2333 2869 2394 2921 ἐκ
2420 2865 2619 2936 μέρους
2643 2862 2786 2919 κατὰ
2819 2862 3108 2934 πρόσωπον
3135 2862 3232 2932 τῆς
3260 2861 3502 2933 λυχνίας,
3532 2881 3647 2932 φω.

2072 2964 2281 3018 τιοῦσιν
2303 2962 2351 3014 οἱ
2383 2959 2524 3012 ἑπτὰ
2552 2956 2763 3026 λύχνοι·
2799 2955 2894 3010 xal
2932 2955 3186 3024 ἐποίησεν
3224 2953 3394 3018 οὕτως
3440 2955 3648 3026 Ἀαρὼν

381 3026 562 3080 sueris
585 3027 860 3099 lucernas,
897 3049 965 3089 ex
989 3045 1145 3106 parte
1187 3042 1489 3099 secundum
1525 3044 1720 3102 faciem
1755 3052 1960 3108 cande-

381 3111 517 3132 .-ιωρ
552 3116 564 3132 .
675 3118 690 3132 ι
797 3127 807 3132 -
951 3129 956 3132 .
1091 3126 1104 3132 -

2077 3068 2128 3118 lx
2160 3057 2254 3111 τοῦ
2277 3054 2394 3118 ἑνὸς
2429 3052 2625 3123 μέρους
2657 3049 2799 3103 κατὰ
2828 3046 3116 3120 πρόσωπον
3136 3048 3235 3117 τῆς
3267 3046 3509 3117 λυχνίας,
3552 3047 3647 3101 καὶ

381 3111 519 3168 labri
551 3116 813 3173 lucebunt
844 3129 1055 3193 septem
1088 3126 1328 3183 lucernae
1359 3148 1371 3184 :
1405 3139 1460 3185 et
1506 3133 1636 3189 fecit
1663 3137 1741 3191 sic
1778 3139 1962 3196 Aaron

379 3219 445 3258 ex
472 3222 578 3262 una
594 3219 750 3277 parte
780 3215 1082 3270 secundum
1105 3217 1300 3274 faciem
1326 3222 1662 3292 candelabri,
1688 3236 1746 3283 et
1771 3245 1964 3287 accenq

377 3293 461 3350 dit
485 3298 735 3356 lucernas
763 3303 952 3373 ipsius,
979 3315 1041 3361 ut
1063 3310 1348 3367 constituit
1377 3315 1636 3372 Dominus
1664 3319 1829 3391 Moysi
1859 3323 1954 3377 ³ο.»

377 3385 623 3461 Intellige
643 3408 774 3464 ergo
803 3403 1012 3465 septem
1049 3399 1174 3456 illas
1222 3403 1477 3461 lucernas
1518 3408 1586 3462 ad
1612 3385 1808 3468 faciem
1833 3431 1962 3469 can-

377 3478 588 3535 delabri
639 3499 845 3552 versas,
904 3489 1088 3546 lumen
1149 3493 1205 3548 in
1254 3496 1583 3566 aspicientes
1634 3501 1960 3573 immittere;

379 3584 489 3624 non
514 3573 661 3628 enim
704 3578 850 3645 quia
886 3587 1040 3651 tergo
1072 3593 1221 3649 sunt,
1263 3602 1326 3641 ac
1355 3589 1759 3657 quodammodo
1785 3612 1816 3650 a
1848 3597 1960 3653 Deo

376 3663 575 3728 aversi,
602 3679 699 3720 eos
734 3667 979 3730 divinum
1015 3672 1148 3727 illud
1172 3690 1236 3728 ac
1259 3677 1544 3744 spirituale
1596 3681 1782 3738 lumen
1836 3686 1962 3741 illu-_

377 3758 543 3818 strat;
573 3754 667 3808 sed
698 3771 793 3810 eos
816 3759 926 3826 qni
955 3759 1011 3818 in
1040 3761 1188 3819 illius
1221 3778 1574 3836 conspectum
1599 3787 1698 3841 per
1719 3778 1958 3832 sanctiﬁ-

374 3841 650 3896 cationem
675 3845 927 3913 perducti
952 3859 1101 3917 sunt,
1139 3868 1201 3907 ac
1217 3855 1328 3925 jam
1354 3873 1453 3927 per
1476 3859 1604 3916 fidei
1625 3864 1954 3936 libertatem,

374 3941 430 3984 et
499 3932 840 3992 honestatem
888 3949 1039 3996 recte
1101 3943 1324 4000 vivendi
1375 3951 1692 4016 praclaram
1736 3972 1832 4012 ora
1877 3932 1955 4015 illi

374 4017 730 4078 obverterunt
749 4042 761 4086 ;
779 4027 994 4082 utenim
1010 4031 1359 4094 abominandi
1376 4047 1524 4104 sunt,
1539 4049 1593 4095 et
1605 4049 1924 4103 exsecrandi
1936 4089 1950 4114 ,

374 4111 467 4179 qui
497 4111 552 4166 in
587 4117 829 4184 nequitia
889 4127 944 4174 et
973 4123 1280 4190 pervicacia
1311 4138 1621 4197 versantur,
1648 4134 1721 4188 ita
1763 4153 1956 4194 rursus

374 4201 547 4268 chari,
595 4215 652 4259 et
706 4207 760 4260 in
801 4209 897 4265 Dei
949 4223 1242 4282 conspectu
1285 4219 1449 4286 positi
1511 4223 1957 4296 obtemperantes

372 4301 534 4364 atque
554 4299 886 4356 tractabilcs.
901 4302 1276 4374 aooludaeis
1287 4311 1455 4377 enim,
1474 4315 1568 4384 qui
1589 4317 1955 4390 intemperan-

2071 3154 2238 3227 ἐξῆψε
2265 3149 2392 3212 τοὺς
2419 3145 2643 3216 λύχνους
2663 3142 2854 3240 αρύτῆς,
2878 3139 3021 3194 καθὰ
3037 3137 3306 3240 ,συνέταξε
3340 3135 3647 3240 Κύριοςιτῷ

2070 3247 2243 3315 Μωσῇ
2309 3260 2327 3292 ι
2364 3239 2530 3299 Σύνες
2561 3234 2624 3304 δὴ
2657 3227 2771 3295 οὖν,
2799 3233 2880 3285 ὅτι
2913 3229 3062 3329 κατὰ
3096 3230 3387 3329 πρόσω-πον
3549 3228 3642 3329 λζ)-

2069 3339 2244 3409 χνίας,
2279 3334 2328 3386 οἱ
2361 3329 2501 3384 ἑπτὰ
2525 3325 2889 3396 τετραμμένοι
2913 3321 3119 3392 λύχνοι,
3143 3321 3202 3372 τὸ
3228 3319 3343 3389 φῶς
3369 3319 3641 3388 τοῖςὸρῶ-

2071 3444 2155 3481 σιν
2201 3424 2431 3479 ἐνίεσαν.
2467 3419 2541 3472 υὺ
2584 3415 2692 3486 γὰρ
2724 3417 2833 3476 τοῖς
2863 3413 3090 3474 κατόπιν
3115 3411 3208 3465 καὶ
3248 3410 3408 3463 οἱονεί
3437 3427 3550 3472 πως
3582 3409 3640 3461 ἐν

2067 3515 2384 3587 ἀποστροφῇ
2420 3508 2693 3579 κειμένοις
2731 3508 2797 3576 τῇ
2835 3503 2986 3575 παρὰ
3023 3501 3160 3572 Θεῷ,
3189 3501 3250 3555 τὸ
3278 3501 3419 3554 θεῖόν
3445 3517 3504 3552 τε
3543 3501 3639 3554 καὶ

2068 3608 2257 3680 νοητὸν
2293 3603 2595 3672 ἐπιλάμπει
2633 3597 2768 3668 φῶς,
2803 3595 2940 3650 ἀλλὰ
2965 3597 3078 3658 τοῖς
3111 3595 3190 3658 είς
3227 3593 3348 3662 ὄψιν
3380 3592 3637 3662 ἠγμένοις

2065 3699 2132 3752 δι’
2180 3692 2476 3765 άγιασμοῦ,
2517 3689 2612 3744 καὶ
2649 3684 3087 3785 ἀντιπροσώποις
3117 3684 3215 3785 ήδη
3263 3683 3513 3785 vis-voveo:
3548 3682 3637 3783 sia

2065 3790 2163 3859 τῆς
2191 3787 2250 3840 ἐν
2299 3784 2482 3838 πίστει
2522 3778 2856 3852 παρρησίας,
2888 3777 2982 3829 καὶ
3026 3775 3125 3844 τῆς
3170 3773 3227 3826 ἐν
3269 3790 3332 3840 γε
3371 3773 3448 3843 τῷ
3487 3773 3634 3842 βιοῦν
3697 3856 3699 3858 η

2063 3877 2240 3950 ὀρθῶς
2269 3873 2552 3945 παγκάλου
2594 3869 2943 3941 σεμνότητος.
2984 3865 3246 3935 Βδελυρὸν
3283 3864 3380 3936 μὲν
3403 3864 3511 3933 γάρ
3540 3863 3634 3915 καὶ

2063 3966 2451 4038 ἀπηχθημένον
2493 3963 2604 4016 πᾶν
2651 3962 2774 4014 ὅσον
2830 3958 2977 4011 ἐστὶν
3019 3959 3075 4009 ἐν
3106 3955 3404 4025 φαυλότητι
3432 3971 3491 4006 τε
3540 3954 3633 4005 καὶ

2062 4060 2308 4130 ἀπειθίᾳ.
2351 4058 2541 4127 Τίμιον
2570 4053 2750 4124 δὲκαὶ
2780 4053 2837 4103 ὲν
2860 4049 3144 4117 ἐπισκέψει
3167 4045 3325 4108 Θεοῦ,
3356 4045 3417 4098 τὸ
3448 4046 3630 4097 εὐπει-

2062 4152 2152 4215 θὲς
2173 4151 2265 4205 καὶ
2285 4151 2520 4218 εὐήνιον.
2560 4143 2837 4205 Ἰουδαίοις
2874 4140 2972 4211 μὲν
3000 4138 3108 4209 γὰρ
3141 4138 3492 4207 ὲμπαροινεῖν
3521 4135 3629 4186 ἑλοο

2065 4243 2245 4311 μένοις
2271 4237 2589 4298 ἁκαθέκτως
2617 4232 2787 4302 αὐτῷ,
2825 4231 2919 4292 καὶ
2942 4229 3028 4292 διὰ
3057 4228 3238 4299 φωνῆς
3277 4225 3494 4277 Ἡσαΐου
3527 4240 3627 4292 φη-

2063 4333 2166 4386 σίνε
2207 4350 2227 4383 ι
2269 4331 2444 4383 ’Ὅταν
2476 4327 2576 4390 τὰς
2609 4329 2796 4396 χεῖρας
2841 4322 3116 4388 ἐκτείνητε
3163 4317 3298 4388 πρὸς
3353 4315 3440 4384 μὲ,
3489 4315 3628 4367 ἁπο-

373 4389 456 4440 ter
474 4385 625 4441 illum
643 4389 839 4460 injuria
862 4393 1065 4450 violare
1083 4399 1518 4469 constituissent,
1535 4422 1632 4476 per
1652 4385 1800 4466 Isaiae
1823 4429 1958 4482 quo-

2077 4422 2284 4494 ττρέψω
2299 4421 2424 4483 τοὺς
2442 4385 2751 4489 ὀφθαλμούς
2777 4385 2876 4486 μου
2899 4413 2990 4481 ἀφ’
3013 4385 3186 4482 ὑμῶν.
3207 4385 3235 4462 γι
3268 4427 3286 4460 ι
3331 4405 3630 4476 Ὀφθαλμοὶ

371 4491 479 4544 que
500 4493 690 4534 vocem
721 4480 858 4538 dicit
887 4500 900 4535 :
935 4503 953 4535 ι
987 4485 1124 4541 Cum
1146 4491 1507 4551 extenderitis
1529 4513 1724 4555 manus
1755 4502 1824 4556 ad
1841 4480 1952 4570 me,

2053 4513 2110 4566 δὲ
2162 4512 2363 4583 Κυρίου
2413 4511 2505 4562 ἐπὶ
2565 4507 2830 4570 δικαίους,
2890 4523 2910 4556 ι
2975 4499 3120 4554 κατὰ
3170 4499 3230 4552 τὸ
3276 4499 3333 4550 ἐν
3380 4495 3628 4567 Ψαλμοῖς

369 4576 612 4623 avertam
639 4573 828 4627 oculos
850 4589 1001 4631 meos
1029 4593 1060 4632 a
1084 4579 1242 4634 vobis
1262 4581 1303 4613 υ
1333 4601 1346 4634 :
1381 4602 1398 4634 ι
1429 4616 1501 4625 -
1537 4606 1554 4638 ι
1587 4586 1741 4646 Oculi
1771 4602 1954 4651 autem

2077 4605 2222 4674 ιμνού
2232 4620 2408 4674 μενον.

367 4655 585 4714 Domini
623 4677 789 4732 super
810 4664 991 4734 justos
1022 4670 1090 4732 ",
1126 4688 1146 4721 ι
1177 4679 1239 4726 ιιι
1278 4672 1334 4727 in
1366 4673 1596 4734 Psalmis
1617 4681 1853 4738 canitur.

437 4749 634 4804 PALL.
665 4753 868 4809 Verum
897 4765 1001 4812 est.

435 4838 592 4896 CYR.
628 4843 801 4914 Hujus
829 4849 1004 4902 sancti
1035 4849 1350 4908 candelabri
1380 4857 1548 4919 etiam
1603 4859 1798 4920 beatus
1845 4867 1950 4925 Za-

365 4929 582 4991 charias
603 4943 790 5004 aperte
813 4939 1096 5008 meminit;
1135 4942 1216 4996 sic
1251 4945 1402 5002 enim
1427 4947 1564 5010 dixit
1601 4969 1612 5004 :
1656 4971 1673 5004 ‹
1713 4953 1952 5012 Οοηνρτπ

2220 4777 2329 4828 ΔΛ.
2375 4773 2616 4828 Ἀληθές.

2220 4804 2234 4828 ι
2267 4809 2280 4828 ι
2315 4815 2329 4828 .
2375 4776 2388 4796 ’
2469 4775 2566 4827 τθὲ
2602 4813 2616 4826 .

2319 4775 2619 4938 Τῆἒλὰιγίάςς
2632 4865 2862 4937 ταυτησὶ
2883 4865 3109 4936 λυχνίας
3133 4865 3405 4937 μέμνηται
3434 4867 3620 4936 σαφῶς

2047 4959 2141 5012 καὶ
2166 4961 2194 5011 ὁ
2219 4958 2502 5021 θεσπέσιος
2529 4957 2833 5027 Ζαχαρίαςο
2879 4955 2980 5027 ἐφη
3009 4956 3136 5027 γάρ,
3176 4957 3258 5010 ὃτι
3312 4976 3333 5010 ι
3371 4958 3484 5012 Καὶ
3517 4961 3619 5012 ἐπε

365 5035 459 5075 sus
495 5029 581 5077 est
635 5028 862 5096 angelus
889 5031 985 5100 qui
1020 5032 1353 5102 loquebatur
1386 5037 1442 5092 in
1464 5055 1572 5106 me,
1611 5052 1668 5098 et
1691 5048 1949 5104 excitavit

2079 5048 2308 5120 στρεψεν
2325 5049 2353 5101 6
2378 5048 2608 5118 ἄγγελος
2633 5050 2661 5101 6
2687 5045 2864 5101 λαλῶν
2885 5047 2942 5099 ὲν
2968 5047 3111 5117 ἐμοὶ,
3141 5048 3235 5100 καὶ
3261 5047 3506 5118 ὲξήγειρέ
3526 5066 3614 5120 με,

363 5125 473 5178 me,
512 5113 655 5169 sicut
684 5119 954 5176 excitatur
996 5123 1160 5180 homo
1185 5142 1215 5180 a
1241 5141 1434 5184 somno
1459 5147 1580 5198 suo,
1620 5143 1676 5190 et
1713 5138 1850 5193 dixit
1875 5143 1944 5197 ad

2077 5155 2100 5190 ν
2131 5113 2334 5210 τρόπον
2374 5113 2642 5208 ἐξηγέρθη
2674 5137 2958 5208 ἄνθρωπος
3001 5113 3065 5190 ἐκ
3102 5137 3196 5190 τοῦ
3427 5113 3613 5204 αὑτοῦ,

363 5218 452 5258 me
481 5222 494 5258 :
523 5205 664 5272 Quid
691 5217 748 5264 tu
769 5211 959 5269 vides?
989 5215 1058 5270 Et
1085 5216 1233 5272 dixi:
1259 5219 1406 5288 Vidi,
1431 5232 1487 5278 et
1508 5239 1638 5281 ecce
1677 5231 1938 5289 candela-

367 5294 528 5360 brum
552 5314 801 5368 aureum,
835 5306 1119 5379 etlampas
1148 5325 1315 5382 super
1340 5313 1496 5380 illud,
1529 5326 1586 5372 et
1623 5330 1832 5391 septem
1856 5325 1944 5380 lu-

2040 5230 2135 5284 καὶ
2161 5225 2284 5282 εἷπε
2313 5229 2444 5300 πρὸς
2467 5230 2556 5300 μὲ,
2587 5229 2651 5282 Τί
2669 5229 2732 5282 σὺ
2755 5227 3007 5298 βλέπεις;
3038 5227 3146 5282 Kal
3162 5221 3312 5291 εἴπα,
3340 5227 3611 5298 Ἑώρακα,

2043 5324 2138 5378 καὶ
2173 5323 2282 5377 ἰδοὺ
2309 5321 2498 5394 λυχνία
2526 5322 2702 5394 χρυσῆ
2729 5321 2846 5392 ὅλη,
2878 5320 2972 5374 καὶ
2998 5319 3058 5372 τὸ
3093 5319 3393 5389 λαμπάδιον
3422 5321 3612 5391 αὐτῆς,

363 5402 544 5446 cernae
575 5409 738 5466 super
763 5398 921 5463 illud,
953 5408 1010 5455 et
1031 5401 1152 5457 dua:
1180 5404 1315 5460 olea:
1337 5422 1504 5477 super
1527 5409 1705 5481 ipsum
1731 5455 1744 5479 ,
1780 5432 1887 5472 una
1911 5434 1941 5473 a

2077 5415 2135 5470 al
2162 5415 2306 5469 ἐπτὰ
2327 5414 2511 5486 λύχνοι
2541 5413 2728 5469 ἐπάνω
2752 5412 2944 5480 αὐτῆς,
2979 5412 3071 5464 καὶ
3099 5410 3191 5464 δύο
3221 5411 3395 5465 ἐλαῖαι
3429 5413 3612 5468 ἐπάνω

363 5475 570 5535 dextris
601 5483 869 5556 lampadis
894 5489 1034 5558 ejus,
1057 5497 1112 5544 et
1134 5506 1241 5545 una
1271 5509 1300 5547 a
1334 5475 1597 5554 sinistris.
1620 5501 1688 5556 Et
1730 5475 1938 5575 rogavi,

2077 5507 2227 5578 ὐτῆς·
2273 5507 2373 5578 μία
2397 5475 2466 5561 ἐκ
2489 5507 2678 5574 δεξιῶν
2701 5506 2794 5560 τοῦ
2822 5475 3128 5576 λαμπαδίου
3153 5503 3342 5573 αὺτῆς,
3380 5505 3470 5556 καὶ
3509 5504 3608 5574 μία

436 5577 480 5676 ξ’
502 5596 674 5676 Exod.
704 5617 826 5667 xxv,
851 5605 952 5676 Δῗξίὶ.
1013 5606 1075 5676 γ¹⁴³
1108 5607 1279 5665 lCor.
1325 5628 1419 5676 xu,
1451 5615 1502 5668 8.

368 5658 485 5728 1-3.
553 5667 592 5697 τι
634 5667 734 5723 lsa.
779 5658 926 5735 i,'is.
1007 5675 1052 5706 η
1079 5658 1567 5747 Ρέᾷ1ἷ’ἑικίἷῖἲ,”ἱ-6.

1578 5619 1616 5651 ¹⁷
1649 5623 1803 5689 Joan.
1851 5644 1924 5692 Ill,

2138 5629 2180 5663 ¹⁸
2203 5628 2363 5697 Ιοιιιι.
2389 5647 2425 5696 i,
2453 5630 2536 5687 16.
2617 5631 2660 5664 ¹⁹
2690 5631 2862 5697 Exod.
2903 5648 3027 5698 xxv,
3054 5631 3141 5686 37.
3222 5629 3267 5660 ²⁰
3297 5627 3460 5694 Num.
3489 5642 3606 5716 viii,~
