3962 6296
247 183 352 241 ('09

1000 181 1086 236 DE
1128 179 1572 235 ADOHATIONE
1617 177 1680 234 ΙΝ
1723 172 1828 234 SP1

1942 179 1997 233 'lT
2041 171 2128 233 ΕΤ
2170 170 2534 234 VERlTATE.
2579 180 2703 234 LIB.
2745 181 2833 235 ΙΧ.

3411 187 3517 240 610

242 292 309 359 ἐξ
338 292 658 362 εὐωνύμων.
705 295 813 347 Καὶ
860 293 1216 363 ἐπηρώτησα,
1264 294 1356 346 καὶ
1394 288 1522 345 εἶπα
1567 293 1701 363 πρὸς
1744 293 1833 344 τὸν

1942 301 1991 345 et
2036 291 2148 345 dixi
2182 292 2248 345 ad
2277 293 2526 361 angelum
2559 293 2649 361 qui
2683 293 3008 362 loquebatur
3046 294 3099 348 in
3145 310 3253 360 me,
3285 294 3513 350 dicens:

241 386 481 454 ἄγγελον
508 385 598 437 τὸν
627 385 892 436 λαλοῦντα
926 386 982 437 ἐν
1012 386 1156 454 ἐμοὶ,
1199 385 1391 451 λέγων,
1419 384 1611 455 Κύριε,
1635 385 1686 435 τί
1714 386 1830 437 ἐστι

245 478 463 542 satira;
501 477 596 529 καὶ
628 473 750 528 εἶπε
790 479 924 547 πρὸς
962 477 1049 546 μὲ,
1089 476 1284 544 λέγων,
1316 476 1392 528 Οὐ
1440 475 1728 543 γινώσκεις
1777 475 1830 526 τί

249 572 375 621 ἑστι
406 566 621 630 ταῦτα;
671 569 780 619 Kal
825 563 972 631 εἶπα,
1005 566 1160 636 Οὐχὶ,
1197 567 1387 638 Κύριε.
1432 586 1450 617 ›
1497 567 1554 619 'U
1589 567 1684 635 μὲν
1739 561 1830 618 οὖν

248 660 523 729 μακάριος
571 660 858 729 προφήτης
921 658 1303 712 διεπυνθάνετο
1340 659 1536 726 λέγων,
1591 658 1655 710 Τί
1709 659 1827 710 ἐστι

245 749 444 810 ταῦτα,
471 748 677 818 Κύριε;
707 748 891 820 Βραχὺ
922 750 977 802 δὲ
1003 749 1248 822 διήγημα
1273 751 1560 821 παρενθεὶς
1587 753 1614 804 ὁ
1635 749 1832 803 θεσπὲ-

249 857 368 905 «to;
412 841 645 908 ἄγγελος
693 841 1037 911 διερμηνεύει
1080 841 1178 911 τὴν
1209 843 1420 911 ὅρασιν,
1475 843 1567 895 καὶ
1609 841 1703 912 τὴν
1729 841 1831 910 τῆς

246 933 474 1004 λυχνίας
505 932 850 1003 κατασκευὴν
869 935 948 996 εἰς
974 934 1208 1004 Χριστὸν
1230 934 1490 1003 ἀναφέρει
1516 933 1689 1002 λέγων
1705 951 1768 986 πε
1779 933 1830 1001 pl

244 1026 358 1078 τῶν
386 1026 447 1076 ὲν
482 1026 620 1095 αὐτῇ
650 1024 859 1094 λύχνων
892 1026 1055 1089 ἑπτὰ,
1101 1042 1118 1075 ι
1163 1020 1322 1079 Οὗτοι
1345 1026 1393 1076 οι
1425 1023 1690 1094 ὀφθαλμοὶ
1716 1024 1829 1074 Κυ-

248 1117 390 1186 ρίου,
413 1116 803 1180 ὲπιῦλέποντες
824 1117 914 1169 ἐπὶ
930 1117 1110 1168 πᾶσαν
1127 1117 1225 1185 τὴν
1245 1118 1366 1187 γῆν.
1398 1133 1416 1166 ι
1443 1115 1502 1167 Ei
1523 1114 1631 1184 γὰρ
1660 1113 1762 1182 χρή
1778 1129 1828 1164 τι

249 1208 475 1261 καὶτῶν
494 1207 817 1278 παχυτέρων
838 1209 1031 1271 εἰπεῖν,
1065 1207 1279 1278 μυρίοις
1303 1208 1448 1268 ὅσοις
1465 1207 1609 1275 ἡμᾶς
1633 1203 1830 1272 ὀφθαλ-

251 1303 374 1368 μοῖς
401 1300 465 1352 τὸ
500 1299 644 1352 θεῖον
672 1302 773 1370 ὁρᾷ
803 1300 896 1352 κοιλ⁸
920 1300 1358 1353 κατασκέπτεται
1387 1297 1455 1351 τὰ
1491 1295 1826 1368 ἀνθρώπινα.

247 1391 538 1458 γινώσκων
567 1391 635 1444 τὰ
670 1394 727 1444 ἐν
769 1391 845 1460 τῷ
881 1391 1083 1456 σκότει,
1127 1391 1269 1444 κατὰ
1316 1391 1376 1443 τὸ
1424 1389 1826 1460 γεγραμμένον,

257 1499 274 1531 ι
317 1481 427 1532 Καὶ
444 1481 506 1532 τὸ
527 1481 640 1548 ςῶς
668 1483 782 1549 μετ’
809 1479 974 1532 αὐτοῦ
1003 1481 1169 1533 ἐστιν.
1198 1498 1215 1530 ι
1245 1480 1431 1551 Είγὰρ
1453 1481 1546 1533 καὶ
1569 1481 1702 1550 ἡμῖν
1718 1481 1829 1541 τοῖς

248 1572 312 1623 ὲν
351 1571 544 1640 κόσμῳ
587 1571 647 1622 τὸ
679 1571 794 1638 φῶς
829 1570 1003 1641 ἐνίησι
1042 1571 1193 1634 Θεὸς,
1230 1572 1726 1642 καταπλουτήσειεν
1762 1569 1826 1622 ἂν

246 1662 387 1717 αὐτὸ
406 1629 638 1732 καῖ’πρό
663 1629 726 1730 γέ
750 1629 858 1715 τῶν
891 1629 1066 1716 ἄλλων
1092 1629 1289 1733 ὲννῖδίᾳ
1325 1662 1483 1731 φύσει
1522 1629 1717 1732 λαχών.
1755 1662 1824 1713 Ἦ
1863 1629 1903 1686 Β

248 1755 412 1824 εἴπερ
433 1755 534 1823 οὐχ
555 1748 657 1806 ὧδε
689 1754 831 1824 ἔχειν
856 1754 1218 1808 ὑποπτεύουσί
1245 1771 1409 1817 τινες,
1433 1753 1549 1824 ῶρα
1575 1761 1674 1806 που
1689 1753 1830 1821 τάχα

246 1847 367 1906 τοῖς
397 1839 502 1898 ὧδε
545 1848 761 1916 φρονεῖν
797 1846 1074 1916 ἑλομένοις
1117 1846 1431 1913 ἐπιφωνεῖν,
1476 1863 1494 1895 ι
1529 1843 1722 1896 Σύνετε
1766 1843 1828 1914 δὴ

248 1937 484 2006 ἄφρονες
516 1937 574 1988 ὲν
600 1935 678 2006 τῷ
707 1936 840 2006 λαῷ,
881 1937 976 1990 καὶ
1030 1935 1203 2008 μωροί
1237 1953 1367 1987 ποτε
1397 1937 1719 2006 φρονήσατε.
1774 1935 1830 1986 ’0

250 2027 531 2096 φυτεύσας
557 2028 618 2080 τὸ
639 2024 750 2091 οῦς.
781 2027 901 2098 οὐχὶ
930 2028 1148 2093 ἀκούεις
1171 2028 1204 2098 ἢ
1231 2029 1258 2080 ὁ
1277 2027 1487 2090 πλάσας
1514 2027 1605 2079 τὸν
1633 2025 1831 2094 ὀφθαλ-

254 2117 379 2188 μὸν,
405 2119 529 2190 οὐχὶ
560 2122 852 2183 κατανοεῖ;
895 2118 1013 2172 Ζῶν
1039 2118 1146 2189 γὰρ
1170 2121 1197 2172 ὁ
1231 2119 1386 2186 λόγος
1424 2117 1518 2171 τοῦ
1555 2117 1710 2182 Θεοῦ,
1739 2118 1832 2170 καὶ

250 2209 508 2279 ἐνεργὴς,
533 2210 629 2262 καὶ
650 2211 818 2280 ὴκονη
828 2210 985 2280 μένος
1022 2210 1222 2280 μᾶλλον
1260 2211 1531 2281 μαχαίρας
1556 2210 1828 2280 διστόμου,

249 2301 625 2372 διικνούμενος
661 2300 824 2372 μέχρι
855 2301 1126 2372 μερισμοῦ
1157 2302 1335 2373 ψυχῆς
1363 2305 1454 2356 καὶ
1501 2304 1827 2373 πνεύματος,

253 2393 449 2463 ἁρμῶν
468 2411 531 2446 τε
563 2395 656 2446 καὶ
692 2393 924 2465 μυελῶν,
966 2394 1059 2447 καὶ
1097 2395 1342 2465 κριτικὸς
1366 2395 1713 2466 ἐνθυμήσεων
1740 2396 1834 2448 καὶ

251 2484 474 2538 ἐννοιῶν
504 2484 752 2556 καρδίας,
783 2486 877 2538 καλ⁵
900 2486 1000 2538 οὐκ
1029 2485 1144 2538 ἐστι
1174 2486 1350 2547 κτίσις
1373 2487 1584 2556 ἀφανὴς
1605 2485 1833 2541 ἐνώπιον

252 2575 443 2627 αὑτοῦ.
493 2574 682 2627 Πάντα
725 2573 784 2626 δὲ
829 2572 1015 2643 γυμνὰ
1071 2574 1165 2627 καὶ
1217 2573 1683 2644 τετραχηλισμένα
1723 2575 1835 2636 τοῖς

254 2664 557 2735 ὀφθαλμοῖς
591 2664 778 2719 αὐτοῦ.
807 2683 824 2716 ι
859 2665 1085 2729 Φωτίζει
1125 2665 1189 2736 δὴ
1233 2661 1328 2718 οῦν
1351 2667 1444 2718 καὶ
1467 2667 1636 2736 ἐφορᾷ
1662 2667 1835 2718 πάντα

258 2757 514 2828 Χριστός.
550 2757 840 2826 Τοιγάρτοι
868 2759 963 2810 καὶ
997 2757 1203 2826 ἔφασκε
1237 2757 1304 2810 δι’
1341 2757 1458 2819 ἐνὸς
1491 2756 1600 2810 τῶν
1627 2768 1837 2828 προφη-

255 2849 382 2902 τῶν·
418 2867 437 2899 ι
465 2849 600 2912 Θεὸς
623 2848 860 2916 ὲγγίζων
878 2847 988 2916 ἐγώ
1007 2850 1142 2918 εἰμι,
1173 2848 1319 2915 λέγει
1345 2848 1568 2921 Κύριος,
1600 2849 1694 2901 καὶ
1717 2847 1836 2918 οὐχὶ

255 2939 385 3000 θεὸς
406 2939 714 3010 πόρρωθεν.
735 2939 828 3009 Μὴ
852 2939 945 2991 ἀπ’
963 2936 1098 3008 ἐμοῦ
1137 2937 1472 3009 κρυϐήσεταί
1499 2956 1585 3005 τι;
1620 2957 1639 2990 ι
1667 2940 1834 2992 Λάθοι
1860 2965 1901 3022 C

255 3029 364 3100 γὰρ
394 3028 460 3082 ἂν
489 3027 646 3082 οὐδὲν
679 3027 771 3082 τὸν
814 3027 990 3080 πάντα
1022 3027 1200 3081 εἰδότα
1224 3027 1369 3084 νοῦν.
1405 3028 1478 3080 Ἦ
1506 3029 1606 3082 οὐκ
1635 3029 1835 3099 ἄριστὰ

258 3137 340 3174 σοι
367 3121 542 3175 ταῦτα
562 3118 879 3188 διεσκέφθαι
907 3117 1076 3184 δοκῶ;

333 3294 535 3345 ΙΙΑΛΛ.
579 3293 902 3346 Παντάπασι
935 3293 1032 3362 μὲν
1060 3288 1172 3347 οῦν.

331 3385 492 3438 ΚΥΡ,
537 3384 830 3456 Ἀσύνηθες
862 3385 919 3437 δέ
950 3402 1003 3438 τι
1032 3387 1159 3457 περὶ
1186 3386 1285 3456 τὴν
1317 3387 1534 3458 λυχνίαν
1568 3391 1596 3443 ὁ
1624 3391 1837 3462 προφή-

253 3491 358 3544 της
383 3473 550 3545 δρῶν,
585 3474 780 3528 ἐλαιῶν
809 3475 919 3547 γὰρ
945 3471 1086 3547 ἦσαν
1115 3477 1320 3544 κλάδοι,
1361 3481 1836 3551 προσεπυνθάνετο

257 3565 454 3633 λέγων,
484 3585 503 3617 ι
537 3566 604 3618 Τί
639 3567 695 3619 αῖ
718 3565 811 3619 δύο
835 3566 1009 3622 ἐλαῖαι
1040 3560 1198 3622 αὗται
1230 3571 1284 3621 αἱ
1315 3573 1378 3624 ὲκ
1409 3572 1596 3636 δεξιῶν
1625 3573 1724 3643 τῆς
1747 3574 1837 3627 λυ-

257 3657 413 3726 χνίας
431 3657 527 3709 καὶ
549 3656 608 3719 ἐξ
625 3656 949 3726 εὐωνύμων;
989 3658 1097 3710 Καὶ
1126 3659 1477 3729 ὲπηρώτησα,
1495 3679 1511 3712 ι
1531 3662 1745 3732 φησὶν,‹
1774 3663 1838 3716 ἐκ

255 3749 534 3819 δευτέρου,
574 3747 670 3800 καὶ
698 3743 826 3800 εἶπα
854 3748 989 3817 πρὸς
1016 3749 1194 3800 αὐτόν’
1229 3750 1292 3801 Τί
1321 3753 1369 3803 οἱ
1391 3751 1483 3803 δύο
1512 3752 1692 3806 κλάδοι
1730 3753 1838 3807 τῶν

260 3839 478 3900 ἐλαιῶν,
524 3840 575 3890 ot
618 3839 677 3890 ὲν
719 3840 839 3901 ταῖς
879 3840 1034 3909 χερσὶ
1074 3840 1181 3892 τῶν
1221 3839 1314 3893 δύο
1357 3842 1690 3914 μυξωτήρων
1733 3844 1840 3898 τῶν

259 3931 502 4001 χρυσῶν,
533 3930 644 3984 τῶν
683 3931 1011 4000 ὲπιχεόντων
1044 3933 1137 3985 καὶ
1175 3933 1557 4002 ὲπαναγὸντων
1581 3936 1678 4000 τὰς
1705 3937 1840 3989 ὲπα-

263 4022 553 4093 ρυστρίδας
576 4022 675 4086 τὰς
698 4025 934 4093 χρυσᾶς
953 4023 1063 4076 Καὶ
1091 4019 1211 4076 εἷπε
1231 4026 1366 4093 πρός
1394 4044 1483 4098 με,
1500 4047 1518 4078 ι
1538 4030 1838 4100 φησὶν,ιυύ

260 4113 556 4181 γινώσκεις
593 4116 646 4167 τί
686 4117 804 4167 ἐστι
840 4114 1048 4182 causa;
1105 4118 1214 4170 Καὶ
1254 4113 1404 4180 εἶπα,
1437 4120 1603 4189 Οὐχὶ,
1644 4121 1836 4192 Κύριε.

261 4208 370 4259 Καὶ
398 4204 522 4260 εἶπέ
559 4224 668 4276 μοι’
715 4203 874 4262 Οὗτοι
911 4211 960 4263 οί
998 4211 1090 4264 δύο
1121 4211 1224 4264 υἱοὶ
1267 4211 1366 4281 τῆς
1414 4214 1666 4282 πιότητος
1699 4229 1841 4284 παρ⁸

260 4301 526 4368 εστήκασι
550 4299 627 4366 τῷ
651 4300 838 4369 Κυρίῳ
861 4301 1042 4370 πάσης
1063 4302 1160 4371 τῆς
1180 4302 1303 4370 γῆς.
1335 4321 1352 4352 ι

336 4393 545 4445 ΙΙΔΔΛ.
605 4393 702 4455 Τίς
740 4389 833 4446 οὖν
871 4393 980 4464 ἄρα
1023 4394 1216 4462 γέγονε
1265 4395 1420 4463 χρεία
1459 4393 1537 4464 τῷ
1588 4395 1840 4466 μακαρίῳ

261 4482 548 4550 προφήτῃ,
569 4480 664 4532 τοῦ
694 4482 789 4534 καὶ
806 4484 884 4544 είς
910 4477 1068 4545 αὖθις
1118 4482 1491 4535 ἀναπυθέσθαι
1519 4482 1629 4536 δεῖν
1656 4501 1670 4549 ;
1715 4485 1844 4538 Ἐπ-

257 4569 523 4644 ηρώτησα
553 4571 680 4643 γὰρ.
711 4574 894 4642 φησὶν,
918 4575 983 4626 ὲκ
1006 4573 1275 4645 δευτέρου.

333 4664 497 4718 ΚΥΡ.
541 4663 610 4715 Ἦ
651 4664 760 4732 γὰρ
791 4665 912 4734 οὐχὶ
947 4664 1114 4734 φαίης
1150 4665 1236 4729 ἂν,
1271 4660 1315 4718 ὦ
1348 4664 1631 4728 Παλλάδιε,
1679 4665 1840 4735 σοφόν

257 4773 321 4809 τε
357 4753 496 4808 εἶναι
522 4756 616 4807 καὶ
639 4755 868 4825 πρέπον,
894 4757 1008 4817 τοῖς
1039 4771 1104 4824 γε
1132 4756 1266 4818 ὅλως
1293 4755 1428 4826 ὀρθὰ
1453 4757 1670 4826 φρονεῖν
1699 4757 1841 4826 ᾑρη-

263 4845 470 4918 μένοις,
512 4844 760 4914 ἀκριὸεῖς
791 4845 887 4898 καὶ
918 4845 1323 4916 ἀπεξεσμένους
1364 4846 1463 4910 τὰς
1494 4847 1577 4915 ἐφ’
1614 4847 1719 4916 ὅτῳ
1748 4841 1841 4900 οὖν

261 4935 375 4988 τῶν
403 4935 721 5003 ἀναγκαίων
749 4936 1019 4990 ποιεῖσθαι
1048 4937 1300 5005 πεύσεις;

337 5027 548 5080 ΠΔΛΛ.
579 5025 746 5095 Φημί.

342 5115 504 5169 ΚΥΡ.
546 5116 772 5179 Κλῶνας
791 5116 856 5187 δὴ
876 5112 970 5171 οὖν
987 5117 1183 5172 ὲλαιῶν
1207 5118 1353 5188 θαλῴ
1375 5118 1635 5190 βρύοντας
1655 5119 1846 5190 ἁπαλῷ

263 5206 367 5260 καὶ
389 5206 632 5260 νεοθαλεῖ
661 5208 990 5279 τεθεαμένος
1016 5211 1045 5262 6
1075 5212 1380 5281 προφήτης,
1413 5211 1597 5274 ἐλαίας
1627 5212 1844 5276 αὐτοὺς,

265 5296 369 5350 καὶ
403 5298 502 5352 οὐκ
531 5299 588 5366 ἓξ
626 5300 823 5353 ἐλαιῶν
847 5300 1096 5370 ὠνόμαζε
1124 5302 1370 5365 κλάδους.
1402 5300 1532 5356 Εἶτα
1569 5303 1842 5373 σεσιώπη-

265 5404 368 5446 m
411 5392 441 5443 ὁ
479 5389 764 5455 θεσπέσιος
806 5392 1038 5460 ἄγγελος
1062 5435 1076 5458 ,
1124 5395 1223 5463 τὴν
1269 5395 1709 5465 ὲμφρονεστέραν
1749 5396 1846 5448 καὶ

377 5502 424 5534 ’⁸
453 5503 619 5558 Zach.
645 5521 718 5569 tv,
758 5504 867 5558 1-5.
947 5505 1182 5560 '“lbid.
1227 5506 1310 5560 10.
1388 5509 1432 5539 ’⁵
1463 5510 1592 5563 Dan.
1641 5525 1696 5573 ιι,
1736 5507 1822 5562 22.

1942 5508 1951 5537 ⁵
1980 5507 2120 5562 Psal.
2164 5519 2307 5568 xcm,
2335 5502 2386 5568 8,
2417 5501 2470 5558 9.
2547 5502 2590 5534 ’⁷
2626 5497 2794 5554 llebr.
2832 5511 2904 5560 Iv,
2935 5493 3021 5559 12,
3055 5493 3140 5547 15.

266 5587 423 5639 xxut,
455 5573 546 5629 25.
620 5576 667 5608 ³⁸
701 5574 958 5641 Zaclmv,
989 5575 1170 5630 11-14.
1221 5623 1224 5628 .

1936 384 2182 448 Domine,
2208 384 2338 453 quid
2365 393 2493 437 sunt
2519 385 2664 439 haec?
2687 386 2751 439 Et
2782 385 2918 439 dixit
2946 385 3014 440 ad
3039 402 3125 440 me
3157 404 3170 440 :
3196 388 3316 442 Non
3371 391 3515 444 nosti

1933 475 2064 543 quid
2104 475 2214 529 sint
2244 475 2398 529 haec?
2429 477 2495 529 Et
2546 476 2680 539 dixi,
2727 477 2868 541 Non,
2905 477 3136 530 Domine
3175 479 3242 530 “.
3287 498 3305 531 ι
3337 477 3517 549 Atque

1934 568 2025 621 ille
2067 569 2288 637 quidem
2345 568 2540 622 beatus
2573 569 2842 638 propheta
2907 577 3265 637 percontatus
3295 582 3399 635 est,
3433 572 3516 625 dio

1933 673 2086 723 cens,
2115 659 2257 725 Quid
2285 667 2413 714 sunt
2441 660 2598 714 haec?
2625 660 2732 714 Sed
2755 660 2842 715 ille
2862 660 3056 715 beatus
3084 662 3329 731 angelus,
3360 663 3512 719 brevi

1931 751 2250 805 narratione
2291 751 2652 820 interposita,
2700 751 2970 806 visionem
3002 752 3419 822 interpretatur,
3459 763 3516 810 et

1932 842 2245 895 candelabri
2281 845 2746 897 constructidnem
2773 843 2840 897 ad
2878 841 3160 898 Christum
3194 845 3395 909 refert,
3426 845 3514 900 di-

1932 946 2063 985 cens
2085 931 2151 985 de
2175 940 2402 1001 septem
2429 933 2668 987 lucernis
2689 949 2808 1003 quae
2840 933 2896 987 in
2925 949 2992 987 eo
3022 936 3150 988 sun’t
3189 952 3200 987 :
3236 954 3254 986 ι
3291 935 3354 989 lli
3388 945 3516 992 sunt

1931 1024 2074 1076 oculi
2106 1024 2320 1077 Domini
2361 1026 2689 1095 aspicientes
2723 1026 2778 1080 in
2827 1042 3046 1080 omnem
3075 1037 3277 1082 terram
3300 1029 3363 1082 “.
3399 1050 3416 1081 ι
3445 1031 3515 1085 Ut

1929 1116 2075 1168 enim
2111 1115 2360 1169 nonnihil
2406 1116 2627 1171 rudiore
2679 1133 2841 1172 sensu
2884 1118 3130 1174 dicamus
3155 1161 3168 1184 ,
3207 1120 3515 1176 innumeris

1930 1221 2031 1260 nos
2053 1207 2228 1260 oculis
2263 1207 2406 1262 Deus
2435 1209 2656 1278 aspicit,
2682 1220 2736 1264 et
2760 1226 2847 1264 res
2881 1210 3152 1268 humanas
3175 1212 3510 1278 considerat,

1930 1304 1986 1351 et
2021 1298 2298 1366 cognoscit
2323 1315 2443 1368 qua:
2470 1301 2784 1355 intenebris
2821 1310 2970 1360 sunt.
3006 1311 3066 1355 ut
3090 1303 3357 1374 scriptum
3383 1311 3506 1363 est:

1938 1405 1955 1437 ι
1999 1387 2067 1440 Ει
2096 1388 2190 1440 lux
2224 1402 2348 1440 cum
2380 1389 2499 1457 ipso
2527 1397 2614 1443 est
2641 1391 2706 1442 ".
2743 1411 2760 1442 ι
2796 1392 2930 1444 Nam
2951 1432 2964 1455 ,
2998 1393 3041 1446 si
3072 1393 3231 1448 nobis
3270 1410 3510 1464 quoque,

1930 1477 2023 1546 qui
2049 1478 2102 1531 in
2130 1477 2235 1533 hoc
2261 1481 2466 1535 mundo
2489 1497 2698 1546 sumus,
2723 1483 2909 1537 lumen
2942 1485 3164 1538 immitit
3186 1487 3350 1550 Deus,
3385 1502 3514 1555 pro-

1933 1567 2022 1621 cul
2074 1568 2243 1623 dubio
2271 1570 2462 1624 eodem
2509 1587 2620 1640 prae
2657 1575 2870 1628 caneris
2911 1575 3168 1630 omnibus
3227 1575 3510 1631 abundare

1929 1672 1996 1710 ex
2020 1665 2230 1712 natura:
2255 1675 2366 1714 suae
2405 1662 2718 1717 conditione
2746 1664 3053 1720 credendus
3080 1672 3190 1731 est;
3228 1676 3321 1720 aut
3345 1668 3390 1721 si
3416 1670 3510 1737 qui

1929 1763 2039 1801 non
2093 1749 2167 1802 ita
2222 1764 2279 1803 se
2318 1767 2432 1804 rem
2486 1752 2691 1807 habere
2725 1755 3096 1822 suspicantur,
3117 1758 3228 1827 jam
3273 1773 3406 1813 vero
3437 1761 3512 1814 ita

1930 1841 2229 1895 sentientes
2268 1842 2378 1896 illis
2408 1843 2593 1896 verbis
2633 1843 2837 1912 alloqui
2878 1845 3067 1900 licebit
3105 1858 3115 1899 ξ
3162 1867 3180 1897 ι
3223 1848 3512 1919 Intelligite

1931 1932 2254 2002 insipientes
2290 1935 2345 1987 in
2375 1935 2609 2003 populo,
2648 1943 2704 1988 et
2741 1936 2918 2000 stulti,
2969 1938 3262 2006 aliquando
3289 1941 3462 2010 sapite
3493 1957 3508 2007 ;

1931 2023 2022 2092 qui
2051 2024 2316 2093 plantavit
2350 2040 2570 2090 aurem,
2601 2041 2709 2080 non
2735 2027 2924 2081 audit?
2951 2036 3044 2081 aut
3067 2031 3160 2098 qui
3191 2030 3345 2084 tinxit
3375 2047 3512 2085 ocu-

1930 2113 2064 2177 lum,
2091 2129 2198 2168 non
2220 2115 2533 2170 considerat
2554 2117 2634 2168 '3?
2660 2117 2827 2171 Vivus
2855 2124 2940 2171 est
2986 2119 3132 2173 enim
3172 2133 3353 2174 sermo
3386 2121 3508 2186 Dei,

1933 2213 1990 2260 et
2029 2205 2238 2271 eﬁicax,
2289 2215 2345 2262 et
2385 2215 2579 2262 acutus
2607 2208 2780 2277 magis
2819 2223 2981 2277 quam
3031 2210 3244 2279 gladius
3276 2225 3510 2281 anceps;

1933 2298 2357 2368 pertingensque
2390 2314 2562 2368 usque
2601 2299 2675 2353 ad
2709 2298 3032 2354 divisionem
3064 2301 3259 2356 animae
3294 2315 3357 2355 ac
3395 2302 3512 2372 spi-

1934 2387 2090 2452 ritus,
2115 2403 2436 2460 compagum
2470 2405 2688 2459 quoque
2725 2400 2779 2444 et
2806 2391 3190 2457 medullarum,
3229 2399 3284 2446 et
3309 2393 3516 2448 discre-

1934 2485 2021 2532 δοι-
2049 2481 2438 2550 cogitationum
2473 2489 2530 2535 et
2561 2482 2924 2536 intentionum
2968 2484 3167 2538 cordis.
3204 2485 3273 2539 Et
3295 2501 3403 2543 non
3430 2492 3517 2544 est

1935 2579 2188 2626 creatura
2227 2572 2408 2642 aliqua
2434 2573 2724 2627 invisibilis
2751 2575 2804 2628 in
2822 2580 3118 2642 conspectu
3148 2577 3301 2644 ejus:
3327 2577 3512 2631 omnia

1935 2667 2118 2714 autem
2146 2661 2295 2714 nuda
2349 2668 2406 2715 et
2427 2669 2614 2731 aperta
2652 2671 2779 2715 sunt
2812 2661 2988 2716 oculis
3025 2657 3224 2731 ejus".
3252 2681 3270 2714 ι
3311 2662 3517 2718 lllumi-

1936 2761 2030 2806 nat
2067 2753 2232 2823 igitur
2253 2753 2506 2807 Christus
2549 2759 2606 2808 et
2648 2754 2843 2824 aspicit
2872 2753 3088 2808 omnia:
3112 2754 3344 2825 ideoque
3378 2755 3518 2811 dixit

1935 2859 2035 2912 per
2065 2844 2357 2914 quemdam
2379 2859 2410 2898 e
2443 2845 2729 2915 prophetis
2759 2863 2772 2898 :
2823 2865 2841 2895 ι
2882 2846 3025 2899 Deus
3057 2861 3086 2899 e
3120 2847 3370 2913 proximo
3393 2862 3514 2900 sum

1936 2950 2057 3005 ego,
2098 2935 2230 2990 dicit
2255 2936 2554 3000 Dominus,
2598 2943 2654 2991 et
2697 2952 2807 2989 non
2855 2936 3001 2989 Deus
3027 2935 3286 3005 alonge;
3329 2952 3459 2990 num
3485 2953 3515 2991 a

1934 3043 2020 3081 me
2039 3027 2404 3080 occultabitur
2421 3027 2628 3095 aliquid
2651 3027 2696 3058 ’⁸
2719 3027 2742 3078 ?
2773 3045 2789 3076 ι
2826 3024 2971 3079 Nihil
2989 3025 3135 3078 enim
3162 3026 3318 3094 301
3343 3027 3516 3080 latere

1935 3126 2112 3188 potest
2134 3126 2370 3172 mentem
2400 3117 2543 3170 illam
2565 3118 2746 3170 omnia
2769 3117 3053 3171 scientem.
3083 3113 3165 3168 An
3192 3115 3292 3169 tibi
3318 3131 3513 3185 parum

1934 3209 2278 3263 considerate
2305 3208 2420 3263 hinc
2451 3208 2632 3262 dicere
2667 3208 2892 3262 videor?

2005 3297 2202 3350 PALL.
2235 3298 2348 3349 imo
2383 3311 2514 3350 vero
2545 3297 2800 3351 maxime.

2004 3387 2161 3442 CYR.
2194 3387 2298 3442 Sed
2340 3388 2627 3457 propheta,
2657 3402 2780 3441 cum
2817 3386 3137 3442 inusitatum
3170 3387 3428 3456 quiddam
3457 3387 3514 3444 in

1938 3481 2268 3537 candelabro
2307 3480 2519 3535 videret
2565 3479 2850 3550 (olearum
2904 3478 3050 3532 enim
3088 3479 3143 3532 in
3197 3494 3262 3532 eo
3304 3479 3516 3545 inerant

1940 3571 2122 3642 rami),
2148 3572 2330 3626 denuo
2356 3569 2665 3625 sciscitatus
2689 3576 2793 3630 est,
2813 3568 3001 3623 dicens
3028 3585 3039 3620 :
3077 3574 3100 3617 ι’
3124 3555 3263 3634 Quid
3284 3578 3411 3622 sunt
3436 3569 3517 3624 lia:

1939 3663 2062 3718 duae
2090 3662 2247 3716 oliva:
2271 3677 2301 3715 ο
2330 3659 2540 3714 dextris
2567 3657 2913 3721 candelabri,
2960 3665 3016 3711 et
3060 3673 3088 3710 a
3139 3657 3419 3712 sinistris?
3454 3658 3514 3711 Et

1941 3752 2146 3823 rogavi,
2174 3771 2191 3803 ι
2223 3752 2424 3821 inquit,
2455 3769 2473 3801 ι
2505 3750 2709 3814 denuo,
2736 3757 2792 3802 et
2824 3747 2933 3803 dixi
2965 3746 3031 3800 ad
3056 3763 3210 3802 eum:
3239 3747 3379 3815 Quid
3397 3757 3517 3802 sunt

1942 3845 2019 3898 illi
2047 3845 2157 3898 duo
2195 3844 2330 3896 rami
2372 3843 2617 3897 olearum
2669 3839 2763 3910 qui
2792 3849 2920 3894 sunt
2949 3840 3003 3894 in
3049 3856 3245 3895 manus
3289 3841 3519 3894 duarum

1941 3935 2161 3989 narium
2215 3948 2510 3988 aurearum
2539 3931 2946 3985 infundentium
2972 3972 2984 3995 ,
3021 3939 3078 3986 et
3125 3932 3519 3986 retrahentium

1944 4025 2235 4078 suifusoria
2262 4023 2466 4078 aurea?
2492 4023 2560 4076 Et
2583 4021 2720 4074 dixit
2747 4020 2812 4074 ad
2840 4035 2946 4083 me,
2982 4039 3000 4070 ι
3041 4020 3250 4089 inquit:
3291 4040 3307 4070 ‹
3337 4021 3518 4076 Nescis

1944 4117 2076 4187 quid
2104 4117 2215 4170 sint
2251 4115 2406 4169 haec?
2443 4113 2511 4166 Et
2538 4111 2672 4175 dixi,
2711 4110 2831 4164 Non
2858 4150 2871 4174 ,
2906 4110 3159 4164 Domine.
3189 4111 3258 4164 Et
3297 4110 3434 4163 dixit
3454 4112 3518 4165 ad

1945 4222 2032 4261 me
2059 4219 2070 4259 ι
2098 4207 2165 4261 ΙΙί
2195 4207 2304 4259 duo
2335 4204 2432 4257 ﬁlii
2458 4201 2810 4272 pinguedinis
2841 4208 3023 4254 astant
3072 4209 3197 4256 ante
3229 4201 3516 4255 Dominum

1877 4320 1922 4374 ι)
1953 4297 2397 4351 universaeterra:
2421 4293 2486 4344 ’³.
2532 4309 2548 4341 ι

2015 4387 2214 4442 PALL.
2241 4385 2384 4453 Quid
2409 4383 2628 4440 tandem
2654 4397 2792 4452 opus
2807 4381 2914 4436 fuit
2943 4381 3106 4437 beato
3139 4382 3418 4452 prophetae
3463 4392 3515 4438 ut

1946 4481 2147 4535 iterum
2188 4475 2587 4547 interrogaret?
2635 4471 2972 4543 Interrogavi
3002 4487 3269 4543 namque,
3308 4473 3518 4542 inquit,

1945 4573 2149 4628 denuo.

2013 4663 2170 4718 CYR.
2187 4661 2266 4715 An
2298 4667 2377 4724 tu,
2402 4657 2634 4722 Palladi,
2659 4657 2885 4711 minime
2913 4665 3076 4726 putas
3093 4670 3213 4709 esse
3240 4654 3516 4722 sapientis,

1941 4763 2000 4811 et
2026 4755 2095 4809 ad
2116 4769 2211 4808 eos
2235 4752 2328 4822 qui
2358 4760 2505 4806 recte
2532 4749 2739 4804 sentire
2761 4747 2954 4812 velint,
2990 4762 3102 4801 non
3135 4746 3371 4800 maxime
3395 4761 3517 4815 per-

1941 4845 2118 4900 tinere
2140 4858 2350 4905 censes,
2377 4842 2443 4896 de
2465 4854 2791 4910 unaquaque
2807 4852 2866 4892 re
2881 4834 3187 4891 necessaria
3235 4834 3526 4906 diligenter

1944 4945 2002 4994 et
2024 4942 2277 4991 accurate
2305 4934 2645 5002 interrogare
2669 4932 2693 4984 ?

2015 5027 2212 5084 PALL.
2238 5028 2376 5082 Puto
2401 5025 2675 5096 equidem.

2021 5119 2180 5174 (ΠΒ.
2238 5119 2443 5173 Ramos
2512 5115 2681 5185 igitur
2744 5111 2988 5165 olearum
3039 5118 3231 5163 tenero
3285 5110 3519 5164 recenti-

1949 5227 2057 5282 que
2099 5211 2347 5282 germine
2391 5207 2639 5262 virentes
2687 5217 2811 5257 cum
2855 5201 3160 5270 aspexisset
3203 5200 3471 5269 propheta
3505 5239 3519 5264 ,

1952 5305 2121 5366 oleas,
2160 5317 2270 5356 non
2337 5301 2582 5355 olearum
2612 5311 2798 5350 ramos
2859 5293 3170 5363 appellavit.
3215 5292 3402 5358 Itaque
3447 5297 3518 5344 ta-

1951 5395 2066 5449 cuit
2105 5393 2301 5446 beatus
2361 5391 2625 5460 angelus,
2673 5400 2798 5440 cum
2861 5383 3275 5453 prudentiorem
3328 5393 3392 5433 ac
3425 5394 3519 5434 ve-

3245 5489 3290 5522 "
3319 5489 3518 5548 Jerem.
