3962 6296
479 228 572 285 ﬁll

1463 225 1552 280 .s.
1595 224 1674 280 cr
1689 223 1868 278 mm
1908 202 2378 278 ALE'xmnntN-i
2416 207 2735 280 meumr.

3628 224 3731 281 612

471 353 678 400 norem
731 337 1215 408 interrogationem
1267 349 1608 410 exspectaret
1641 360 1652 394 :
1693 350 1882 410 postea
1918 355 2050 394 vero

2168 339 2328 410 ἰληοῆ
2361 342 2671 410 περιμένων
2699 338 2888 392 πεῦσιν
2909 354 2923 370 ⁸
2966 338 3154 409 ἐπειδὴ
3199 337 3253 390 δὲ
3281 337 3731 408 διεγηγερμένος,

471 447 634 503 quam
658 431 926 484 excitatus
946 431 1078 500 jam,
1111 431 1248 485 duos
1264 447 1442 486 ramos
1462 433 1706 487 olearum
1741 433 2050 502 appellavit,

473 535 529 577 et
557 537 614 576 se
645 520 1110 590 dooeriﬁagitavit
1163 524 1319 593 cujus
1354 524 1434 578 rei
1467 533 1652 578 essent
1677 524 1767 577 illa
1786 525 2050 596 syntbola,

475 611 670 667 didicit
702 611 872 675 illico,
901 611 1119 666 dicente
1147 614 1340 683 angelo
1371 632 1383 666 :
1421 633 1437 664 ι
1478 614 1544 669 lli
1575 613 1687 668 duo
1706 613 1801 667 ﬁlii
1829 617 2055 684 pingue-

475 703 623 758 dinis
655 711 836 758 astant
851 714 978 758 ante
1015 703 1309 758 Dominum
1339 704 1612 758 universae
1639 714 1821 759 terrae.
1861 726 1878 756 ›
1909 706 2055 759 Duos

475 810 642 866 porro
675 795 1022 865 pinguedinis
1065 794 1206 856 ﬁlios
1251 805 1368 849 tum
1404 796 1559 850 illum
1597 812 1667 851 ex
1696 795 1884 861 Israel,
1938 804 2054 850 tum

476 903 610 941 vero
635 887 872 942 alterum
899 903 967 941 ex
993 887 1256 957 gentibus
1277 887 1541 957 populum
1565 887 1881 957 appellavit,
1917 901 2057 956 quos

475 981 644 1035 etiam
673 987 802 1033 ante
829 979 1119 1032 Dominum
1147 979 1422 1034 universae
1449 987 1614 1033 terrae
1651 988 1830 1034 astare
1871 978 2008 1033 dicit
2040 997 2052 1032 :

478 1070 535 1125 in
557 1086 668 1140 quo
689 1069 976 1124 manifeste
994 1069 1345 1124 etevidenter
1381 1068 1517 1124 illud
1550 1070 1870 1125 candelabri
1894 1071 2055 1140 opiﬁ-

477 1161 626 1216 cium
654 1177 754 1231 pro
782 1162 988 1216 Christi
1037 1161 1209 1232 ﬁgura
1263 1162 1470 1231 posuit,
1516 1162 1583 1216 ad
1611 1163 1767 1232 cujus
1809 1162 2056 1217 dextram

478 1253 866 1323 sinistramque
912 1261 1123 1323 partem
1152 1255 1429 1308 olivarum
1470 1255 1608 1308 rami
1661 1243 1922 1324 tanquam
1955 1256 2061 1309 cir-

478 1359 602 1398 cum
631 1344 764 1398 illud
793 1351 977 1399 essent
999 1345 1272 1409 collocati,
1301 1346 1716 1415 impinguantur
1739 1346 1880 1409 oleo,
1913 1345 2059 1414 quod

478 1438 650 1492 sancti
679 1436 917 1505 Spiritus
961 1435 1191 1506 ﬁguram
1231 1438 1412 1506 gerit;
1446 1446 1685 1490 mentem
1715 1437 2058 1491 credentium

481 1529 780 1599 irrigantis,
807 1528 964 1599 juxta
1014 1526 1151 1581 illud
1178 1544 1190 1556 °
1231 1547 1250 1578 ι
1284 1527 1645 1598 lmpinguasti
1671 1527 1726 1582 in
1753 1527 1874 1582 oleo
1896 1535 2061 1597 caput

478 1636 664 1674 meum
700 1620 767 1673 ³ο.
790 1638 808 1670 ›

2153 431 2246 483 δύο
2281 431 2502 494 κλάδους
2542 431 2738 483 ἐλαιῶν
2779 430 3028 499 ὠνόμαζε
3069 429 3276 493 λοιπὸν,
3306 430 3401 482 καὶ
3435 428 3734 499 ἀναμαθείν

2157 521 2422 588 ἐλιπάρει,
2464 521 2607 582 τίνος
2629 520 2695 572 ἂν
2722 519 2805 590 εἴη
2840 519 3082 590 σύμϐολα
3105 520 3264 572 ταυτὶ
3293 517 3602 572 ὲδιδάσκετο
3633 537 3735 574 πα-

2156 613 2438 682 ραχρῆμα,
2467 611 2560 664 τοῦ
2598 611 2831 680 ἀγγέλου
2865 611 3133 678 λέγοντος·
3185 628 3202 661 ι
3237 602 3396 662 Οὗτοι
3436 611 3484 662 οι
3512 610 3605 663 δύο
3634 612 3736 664 υἱοὶ

2154 702 2253 770 τῆς
2276 703 2526 772 πιότητος
2541 701 3020 772 παρεστήκασιτῴ
3037 701 3228 771 Κυρίῳ
3247 702 3426 770 πάσης
3445 701 3542 769 τῆς
3563 701 3685 771 γῆς.
3710 721 3727 752 ι

2158 791 2316 854 Υίοὺς
2343 790 2398 844 δὲ
2425 792 2680 860 πιότητος
2702 789 2814 852 δύο,
2843 789 2934 843 τόν
2955 807 3015 841 τε
3047 789 3107 854 ἐξ
3148 789 3386 860 Ἰσραὴλ,
3415 789 3509 842 καὶ
3535 789 3632 860 μέν
3656 807 3732 842 τοι

2159 883 2246 936 τὸν
2301 881 2358 947 ἐξ
2416 881 2585 934 ὲθνῶν
2636 879 2901 935 ἀπεκάλει
2938 877 3087 943 λαὸν,
3132 877 3225 940 οὓς
3278 879 3374 930 καὶ
3424 877 3503 947 τῷ
3547 879 3734 948 Κυρίῳ

2157 973 2336 1043 πάσης
2360 971 2458 1041 τῆς
2478 973 2582 1041 γῆς
2604 970 2942 1040 παρεστάναι
2974 969 3130 1038 φησὶ,
3157 966 3344 1036 σαφῶς
3370 985 3431 1020 τε
3461 969 3554 1021 καὶ
3581 971 3735 1035 εναρ-

2155 1059 2268 1126 γῶς
2311 1061 2391 1122 είς
2429 1057 2596 1111 τύπον
2627 1055 2892 1128 Χριστοῦ,
2927 1057 2988 1110 τὸ
3025 1058 3117 1109 ἐπὶ
3158 1060 3224 1128 τῇ
3269 1057 3460 1128 λυχνία
3494 1058 3736 1128 τέχνημα

2158 1148 2345 1210 τιθεὶς,
2376 1143 2443 1218 ἧς
2465 1149 2513 1199 οἱ
2539 1147 2722 1201 κλάδοι
2741 1146 2850 1200 τῶν
2878 1147 3094 1211 ἐλαιῶν,
3124 1148 3201 1211 είς
3225 1147 3377 1214 δεξιά
3395 1165 3453 1201 τε
3483 1151 3576 1202 καὶ
3601 1147 3735 1201 εύώ-

2160 1255 2303 1308 νυμα
2323 1278 2338 1301 ,
2369 1241 2461 1294 καὶ
2504 1241 2669 1293 οἱονεὶ
2699 1239 2796 1312 τὴν
2827 1241 2884 1291 ὲν
2925 1238 3109 1309 κύκλῳ
3136 1239 3390 1309 λαχόντες
3433 1241 3620 1292 στάσιν
3657 1239 3734 1309 τῷ

2162 1327 2326 1399 ἐλαίῳ
2341 1328 2808 1393 καταπιαίνονται,
2826 1329 2854 1382 δ
2873 1331 3019 1383 ἐστιν
3037 1329 3188 1396 ἁγίου
3210 1330 3517 1400 Πνεύματος
3541 1330 3602 1381 τύ
3616 1349 3729 1393 πος,

2159 1419 2252 1472 τὸν
2270 1419 2377 1474 τῶν
2401 1421 2766 1476 πιστευόντων
2783 1423 3141 1494 κατάρδοντος
3160 1421 3301 1488 νοῦν,
3326 1421 3466 1474 κατὰ
3484 1422 3563 1479 τὸ.
3588 1441 3604 1472 ι
3647 1423 3733 1473 Ἐν

2161 1509 2329 1580 ἐλαίῳ
2363 1509 2624 1574 ἐλίπανας
2644 1513 2743 1582 τὴν
2768 1511 3012 1582 κεφαλήν
3038 1528 3162 1581 μου.
3197 1527 3216 1561 ι

547 1710 745 1765 PALL.
779 1709 886 1763 Sed
911 1724 1008 1762 cur
1036 1721 1148 1762 non
1170 1707 1320 1762 oleas
1342 1723 1434 1762 eas
1459 1708 1645 1778 potius
1691 1722 1857 1777 quam
1879 1720 2061 1762 ramos

2242 1690 2447 1743 IIAAA.
2482 1686 2614 1743 Εἶτα
2641 1691 2808 1774 τίμὴ
2847 1691 3045 1758 μᾶλλον
3079 1689 3263 1752 ἐλαίας
3304 1687 3491 1750 αὑτὰς,
3529 1689 3737 1751 κλῶνας

478 1801 724 1856 olearum
767 1799 983 1853 vocavit
1016 1798 1039 1850 ?

547 1889 703 1945 CYR.
738 1888 820 1944 Ob
844 1904 964 1942 eam
999 1903 1222 1942 causam
1245 1929 1258 1952 ,
1310 1888 1538 1953 Palladi,
1571 1887 1697 1957 quia
1723 1882 1911 1942 ﬁdeles
1937 1895 2060 1942 tan-

474 1996 640 2050 quam
675 1997 742 2036 ex
771 1981 906 2035 oleis
961 1989 1157 2035 tenues
1177 2020 1191 2044 ,
1223 1995 1289 2035 ac
1317 1981 1683 2050 pubescentes
1720 1983 1926 2038 surculi
1961 1982 2061 2036 de-

478 2070 634 2123 tracti
660 2077 821 2133 sunt,
850 2077 906 2122 et
935 2069 1097 2122 simul
1145 2084 1270 2123 cum
1327 2069 1430 2124 ﬁde
1474 2070 1541 2124 ad
1586 2071 1845 2140 pietatem
1891 2088 2061 2142 prope

476 2158 944 2228 transplantantur
981 2176 993 2211 :
1044 2158 1136 2212 alii
1176 2159 1400 2228 quidem
1441 2175 1507 2213 ex
1557 2161 1876 2217 Judteorum
1939 2181 2065 2234 syn-

480 2261 673 2318 agoga,
698 2247 792 2301 alii
841 2256 1026 2301 autem
1074 2262 1142 2301 ex
1168 2249 1413 2317 gentium
1453 2249 1615 2303 turba
1649 2249 1928 2308 detracti:
1960 2268 2062 2305 ne-

478 2351 590 2407 que
633 2339 781 2393 enim
837 2355 1029 2394 omnes
1076 2339 1170 2408 qui
1200 2350 1327 2394 Stmt
1355 2356 1422 2394 ex
1449 2340 1633 2406 Israel,
1660 2343 2058 2408 crediderunt;

477 2428 819 2500 302neque
839 2431 1097 2486 universa
1116 2430 1412 2486 multitudo
1427 2431 1670 2499 gentium
1695 2443 1779 2488 est
1795 2434 2059 2512 ingressa.

478 2519 632 2573 llami
669 2531 796 2576 sunt
820 2522 984 2591 igitur
1015 2523 1284 2586 olearum,
1319 2523 1413 2592 qui
1459 2524 1542 2578 vel
1585 2540 1654 2579 ex
1701 2526 2060 2583 multitudine

477 2607 814 2675 Judaeorum,
844 2613 928 2667 vel
975 2612 1143 2667 etiam
1176 2630 1206 2667 e
1243 2615 1404 2668 turba
1430 2614 1674 2683 gentium
1712 2625 1972 2687 tanquam
1996 2636 2063 2675 ex

477 2701 768 2756 arboribus
797 2702 1066 2769 detracti,
1108 2713 1165 2772 et
1208 2705 1277 2760 ad
1311 2705 1560 2760 divinum
1598 2707 1784 2764 lumen
1826 2711 2063 2766 traducti

479 2800 624 2856 sunt,
646 2801 702 2846 et
722 2792 1124 2852 abundantiore
1149 2797 1260 2868 jam
1304 2797 1542 2867 Spiritus
1567 2799 1742 2854 sancti
1793 2801 2062 2859 effusione

477 2878 883 2949 quodammodo
930 2881 1228 2938 luxuriant.
1266 2884 1322 2938 Id
1360 2884 1511 2938 enim
1559 2885 1868 2955 signiﬁcare
1909 2891 2062 2945 arbi-

479 2979 631 3034 tror,
691 2971 840 3041 quod
890 2981 1148 3044 tanquam
1199 2975 1255 3029 in
1302 2975 1532 3031 naribus
1572 2977 1926 3034 lucernarum
1952 2981 2063 3035 sint

479 3059 723 3114 olearum
766 3063 903 3116 rami
956 3064 1248 3129 collocati,
1299 3081 1536 3135 quorum
1588 3068 1785 3124 beatus
1843 3085 2060 3140 quoque

481 3153 818 3208 Psalmorum
852 3163 1043 3210 auctor
1065 3157 1338 3222 meminit,
1372 3173 1497 3211 eum
1530 3158 1596 3212 ad
1637 3158 1921 3215 Christum
1945 3177 2062 3216 om-

481 3245 634 3297 nium
662 3242 1003 3299 Salvatorem
1046 3261 1271 3300 carmen
1319 3255 1698 3313 cenverteret,
1739 3265 1804 3303 ac
1847 3257 1962 3304 tum
1993 3251 2062 3306 de

481 3349 681 3404 sponsa
729 3350 852 3404 quae
899 3335 977 3388 illi
1019 3337 1312 3406 conjuncta
1335 3344 1420 3390 est
1445 3371 1459 3400 ,
1516 3336 1620 3390 hoc
1661 3348 1747 3393 est
1781 3339 2022 3394 Ecclesia
2047 3381 2062 3405 ,

483 3433 599 3477 tum
628 3424 794 3478 etiam
822 3425 890 3480 de
921 3425 1068 3481 illius
1093 3442 1191 3495 per
1216 3425 1378 3480 ﬁdem
1409 3424 1536 3480 ﬁliis
1563 3427 1772 3483 diceret
1797 3447 1810 3482 ε
1858 3449 1875 3480 ι
1918 3423 2066 3485 Uxor

483 3519 574 3568 tua
598 3514 738 3569 sicut
768 3515 898 3570 vitis
945 3517 1232 3572 abundans
1276 3518 1332 3572 in
1363 3518 1633 3572 lateribus
1681 3519 1878 3576 domus
1916 3529 2065 3586 tuae;

483 3600 580 3654 ﬁlii
605 3601 683 3655 tui
715 3601 859 3656 sicut
899 3605 1130 3659 novellae
1167 3605 1439 3660 olivarum
1479 3606 1537 3660 in
1588 3607 1826 3663 circuitu
1865 3626 2068 3665 mensa:

484 3699 592 3746 tua:
611 3677 677 3746 ³³.
720 3713 737 3744 ι
775 3695 1161 3764 Participando
1185 3713 1421 3766 namque
1453 3697 1742 3766 Spiritum,
1785 3708 1842 3754 et
1877 3713 2065 3758 sancta

483 3781 687 3837 Christi
720 3799 908 3838 mensa
935 3785 1189 3851 fruendo,
1225 3787 1590 3854 viviﬁcamur,
1615 3799 1974 3860 posteaquam
2000 3794 2068 3847 il-

486 3873 595 3928 lius
623 3873 788 3928 ﬁdem
815 3876 1053 3943 amplexi
1078 3891 1288 3930 sumus.

557 3961 755 4016 PALL.
809 3963 976 4018 Recte
1016 3978 1150 4018 vero
1199 3963 1340 4019 dicis
1375 3983 1387 4018 :
1422 3984 1440 4017 ι
1476 3966 1590 4036 Ego
1613 3967 1784 4032 enim,
1817 3988 1834 4019 ι
1868 3970 2066 4040 inquit,

496 4070 514 4102 ι
541 4067 663 4106 sum
687 4051 844 4121 panis
865 4051 1044 4118 vivus,
1075 4053 1168 4122 qui
1187 4053 1253 4107 de
1280 4055 1418 4108 coelo
1434 4054 1714 4122 descendi,
1733 4067 1788 4112 et
1813 4059 1976 4115 vitam
2001 4060 2071 4115 do

490 4145 695 4199 mundo
722 4145 787 4199 ³².
825 4164 843 4196 ι

556 4235 713 4290 CYR.
741 4236 820 4291 Ac
843 4235 912 4291 de
935 4235 1290 4304 candelabro,
1340 4247 1396 4293 et
1443 4239 1512 4295 iis
1558 4256 1680 4310 quae
1723 4242 1778 4297 in
1805 4258 1872 4298 eo
1919 4253 2067 4309 sunt,

490 4325 754 4382 hactenus
786 4327 852 4383 ad
875 4344 1117 4398 praesens
1164 4329 1368 4386 dixisse
1401 4331 1658 4387 sufﬁciat.
1687 4333 1807 4389 lam
1830 4350 1964 4390 vero
2000 4334 2068 4389 ad

488 4419 661 4474 altare
687 4435 900 4474 ameum
927 4430 1117 4491 pergat
1139 4423 1339 4488 oratio,
1370 4424 1527 4495 cujus
1551 4440 1685 4479 usus
1713 4425 1771 4479 in
1794 4425 1888 4480 illo
1910 4426 2066 4496 legali

489 4509 642 4564 cultu
665 4510 934 4564 maximus
955 4520 1092 4566 erat.
1127 4531 1145 4563 ι
1175 4513 1244 4567 Et
1264 4513 1487 4580 facies,»
1513 4515 1714 4586 inquit,
1746 4536 1763 4568 ι
1792 4517 1964 4573 altare
1997 4517 2066 4572 de

489 4602 650 4672 lignis
721 4604 1156 4672 imputribilibus
1216 4625 1229 4660 :
1283 4609 1527 4680 quinque
1573 4611 1884 4667 cubitorum
1941 4613 2062 4668 lon-

488 4692 698 4764 gitudo,
727 4703 782 4748 et
804 4693 1051 4764 quinque
1084 4696 1398 4752 cubitorum
1440 4700 1706 4768 latitudo;
1733 4701 2062 4772 quadratum

489 4790 596 4842 erit
617 4790 810 4856 altare,
831 4799 888 4845 et
914 4791 1082 4846 trium
1127 4792 1442 4848 cubitorum
1471 4795 1704 4850 altitudo
1729 4797 1876 4867 ejus;
1907 4809 1965 4853 et
1987 4798 2066 4854 fa‘-

489 4886 604 4942 cies
641 4902 847 4942 cornua
872 4886 930 4941 in
959 4875 1202 4958 quatuor
1232 4889 1466 4959 angulis,
1508 4905 1577 4944 ex
1613 4891 1734 4960 ipso
1755 4902 1919 4947 erunt
1941 4909 2067 4948 cor-

490 4992 600 5031 nua
628 4995 640 5030 :
674 4987 731 5032 et
751 4978 967 5047 operies
1007 4979 1099 5033 illa
1128 4994 1234 5034 aere
1264 4998 1275 5031 :
1302 4988 1358 5034 et
1381 4980 1549 5035 facies
1577 4996 1835 5038 coronam
1864 4985 2022 5040 altari
2049 5025 2065 5048 ,

491 5076 548 5121 et
572 5075 947 5138 tegumentum
969 5071 1088 5141 ejus
1113 5111 1127 5135 ,
1174 5079 1230 5126 et
1259 5070 1470 5140 phialas
1493 5073 1632 5142 ejus,
1667 5082 1724 5127 et
1766 5073 2068 5130 fuscinulas

491 5159 608 5226 ejus
642 5195 656 5221 ,
705 5163 762 5213 et
795 5158 977 5215 focum
1027 5163 1147 5232 ejus
1172 5201 1186 5226 ,
1235 5162 1419 5217 omnia
1466 5179 1595 5217 vasa
1627 5165 1748 5234 ejus
1786 5165 1956 5222 facies
1999 5184 2068 5222 ex

491 5247 675 5302 :ure”.
712 5267 730 5299 ι
762 5247 1015 5320 Quinque
1062 5251 1228 5322 igitur
1268 5251 1583 5307 cubitorum
1625 5262 1710 5308 est
1757 5255 1929 5312 altare
1969 5273 2069 5326 per

493 5335 888 5410 longitudinem
930 5356 994 5396 ac
1020 5341 1386 5398 latitudinem.
1416 5341 1549 5399 Erat
1571 5345 1720 5400 enim
1767 5361 1906 5416 opus
1934 5363 2066 5418 pro-

494 5427 635 5486 fecto
668 5441 728 5488 ut
774 5433 1002 5490 haberet
1053 5447 1378 5500 mensuras,
1424 5445 1481 5490 et
1523 5451 1618 5492 eas
1658 5438 2061 5507 amplissimas:

568 5601 613 5637 "
641 5607 780 5661 Psal.
813 5603 1021 5676 “11,5.
1094 5610 1137 5645 ³¹
1173 5611 1314 5666 Psal.
1351 5628 1546 5677 cxxvu,
1597 5613 1650 5668 '5.

2162 1783 2219 1835 δὲ
2258 1781 2455 1852 μᾶλλον
2487 1781 2681 1834 ἐλαιῶν
2710 1771 2998 1847 ἆπεκάλει;

2235 1873 2397 1927 ΚΥΡ.
2437 1873 2582 1937 "Ott,
2617 1869 2660 1926 ὦ
2690 1875 2894 1943 ἑταῖρε,
2937 1872 3188 1943 καθάπερ
3218 1872 3276 1937 ἐξ
3304 1872 3496 1926 ἐλαιῶν
3539 1871 3738 1942 μόσχια

2162 1963 2333 2016 λεπτὰ.
2373 1964 2466 2017 καὶ
2515 1962 2823 2033 ἀρτιθαλεῖς
2871 1963 3163 2034 ὲξῄρηνται
3206 1963 3425 2028 κλάδοι,
3471 1962 3630 2033 μόνον
3682 1962 3739 2013 δὲ

2163 2056 2285 2126 ούχὶ
2329 2055 2815 2128 μεταϐοθρεύονται
2862 2058 2999 2128 μετὰ
3049 2057 3288 2119 πίστεως
3328 2057 3407 2120 είς
3457 2055 3740 2108 εὐσέϐειαν

2163 2149 2209 2200 οἱ
2239 2147 2683 2211 πεπιστευκότες,
2708 2149 2757 2200 οί
2783 2148 2879 2218 μὲν
2904 2151 2967 2201 ὲκ
2999 2149 3098 2218 τῆς
3131 2147 3396 2201 Ἰουδαίων
3435 2147 3585 2209 ὀντες
3613 2164 3739 2200 συνο

2164 2239 2418 2310 αγωγῆς,
2459 2239 2508 2291 οἱ
2544 2239 2623 2301 δὲ,
2665 2239 2762 2308 τῆς
2806 2239 2862 2304 ἐξ
2907 2238 3074 2292 ἐθνῶν
3113 2238 3346 2309 πληθύος
3387 2237 3739 2311 ἐξῃρημένον

2164 2330 2560 2385 πεπιστεύκασι
2587 2331 2695 2400 γὰρ
2716 2331 2835 2400 οὐχὶ
2857 2331 3056 2392 πάντες
3077 2331 3126 2382 οί
3151 2331 3211 2393 ἐξ
3248 2328 3607 2401 Ἰσραὴλ,ούτε
3635 2329 3744 2398 μὴν

2164 2422 2349 2476 ἅπασα
2369 2421 2475 2474 τῶν
2495 2419 2662 2473 ἐθνῶν
2685 2420 3006 2490 εἰσέφρησεν
3031 2421 3062 2487 ἡ
3092 2417 3319 2487 πληθύς.
3342 2418 3539 2472 Κλάδοι
3562 2419 3745 2474 τοίνυν

2164 2514 2380 2575 ἐλαιῶν,
2430 2515 2478 2564 οι
2517 2512 2592 2575 ὡς
2639 2513 2702 2564 ὲκ
2756 2509 2986 2580 δένδρων
3033 2508 3441 2578 ἀπεσπασμένοι
3498 2508 3746 2575 πληθύος

2177 2591 2489 2674 Ἰουδαϊκῆς,
2521 2604 2612 2656 καὶ
2644 2602 2750 2672 μὴν
2781 2601 3228 2670 καὶἙλληνικῆς,
3259 2602 3353 2654 καὶ
3391 2602 3449 2653 ὲν
3489 2601 3630 2667 φωτὶ
3665 2601 3748 2670 τῷ

2165 2696 2293 2767 θείῳ
2333 2694 2708 2764 γεγενημένοι,
2756 2695 2849 2746 καὶ
2891 2692 3334 2755 ὲνσπαταλῶντες
3371 2693 3469 2761 ἤδη
3525 2709 3643 2754 πως
3675 2694 3740 2764 τῇ

2162 2787 2256 2840 τοῦ
2283 2787 2446 2854 ἁγίου
2499 2783 2812 2854 Πνεύματος
2849 2782 3196 2853 ἀφθονωτέρα
3227 2783 3401 2853 χύσειι
3433 2781 3601 2835 Τοῦτο
3630 2785 3742 2853 γὰρ

2163 2874 2310 2946 οἶμαι
2345 2875 2556 2946 δηλοῦν,
2583 2874 2664 2941 τὸ,
2697 2875 2770 2937 ὡς
2799 2876 2856 2926 ὲν
2890 2872 3202 2944 μυξωτῆρσι
3233 2871 3342 2925 τῶν
3380 2872 3583 2942 λύχνων
3611 2874 3742 2936 τοὺς

2165 2968 2270 3020 τῶν
2294 2967 2486 3021 ἐλαιῶν
2512 2967 2723 3020 κεῖσθαι
2747 2965 2993 3030 κλάδους,
3016 2958 3090 3018 ὧν
3115 2967 3208 3018 καὶ
3231 2967 3262 3018 δ
3292 2965 3558 3035 μακάριος
3587 2965 3742 3017 Ψαλ-

2090 3033 2130 3089 C
2169 3059 2340 3130 μῳδὸς
2371 3058 2733 3128 διαμέμνηταί
2765 3074 2889 3119 που,
2921 3056 3057 3126 πρὸς
3090 3055 3180 3108 τὸν
3213 3033 3318 3108 τῶν
3348 3033 3482 3108 ὅλων
3511 3054 3742 3126 Σωτῆρα

2165 3152 2396 3222 Χριστὸν
2427 3149 2783 3221 ἀναμελῳδῶν
2825 3165 2883 3201 τε
2919 3149 3012 3202 καὶ
3041 3147 3213 3216 λέγων
3241 3147 3365 3218 περί
3393 3165 3451 3198 τε
3479 3147 3576 3215 τῆς
3617 3163 3742 3198 συν-

2165 3243 2514 3315 ηρμοσμένης
2541 3241 2688 3313 αὐτῷ
2715 3241 2953 3310 νύμφης,
2977 3241 3240 3304 τουτέστι,
3265 3240 3363 3308 τῆς
3395 3237 3740 3308 Ἐκκλησίας,

2166 3335 2260 3388 καὶ
2286 3334 2393 3387 τῶν
2427 3336 2484 3386 ὲν
2531 3333 2710 3385 πίστει
2744 3332 2947 3384 τέκνων
2978 3332 3166 3401 αὐτῆς·
3205 3349 3225 3382 ι
3273 3331 3334 3382 'H
3368 3331 3499 3399 γυνή
3541 3345 3635 3381 σου
3667 3331 3744 3392 ὡς

2166 3426 2410 3495 ἄμπελος
2453 3423 2756 3494 εὐθηνοῦσα
2792 3424 2850 3474 ἐν
2882 3425 2993 3486 τοῖς
3029 3421 3234 3474 κλίτεσι
3268 3421 3368 3489 τῆς
3401 3418 3575 3480 οἰκίας
3623 3435 3742 3472 σου.

2167 3519 2230 3570 Οἱ
2262 3517 2364 3569 υἱοί
2393 3533 2508 3579 σου,
2538 3516 2613 3578 ὡς
2642 3514 2880 3582 νεόφυτα
2907 3512 3098 3567 ἐλαιῶν
3121 3511 3305 3582 κύκλῳ
3330 3511 3430 3581 τῆς
3461 3509 3745 3580 τραπέζης

2171 3625 2282 3662 σου.
2312 3628 2330 3659 ι
2363 3604 2783 3676 Ζωοποιούμεθα
2812 3605 2921 3674 γὰρ
2951 3605 3009 3656 ἐν
3034 3602 3249 3673 μεθέξει
3276 3600 3609 3670 Πνεύματος,
3649 3600 3746 3652 καὶ

2167 3700 2224 3753 ἂν
2264 3699 2393 3769 ἁγίᾳ
2424 3697 2671 3770 τραπέζῃ
2702 3695 2962 3767 Χριστοῦ,
2997 3695 3096 3764 τὴν
3121 3695 3199 3758 είς
3227 3693 3385 3748 αὐτὸν
3419 3691 3599 3745 πίστιν
3631 3692 3745 3744 εἰσι

2168 3790 2496 3861 δεδεγμένοι.

2239 3967 2446 4020 ΠΑΛΛ.
2486 3964 2593 4018 Ναὶ
2609 3963 2786 4029 λέγεις
2811 3961 3004 4032 ὀρθῶς·
3043 3978 3062 4011 ι
3092 3959 3236 4027 Ἐγὼ
3268 3958 3378 4030 γάρ
3403 3960 3540 4030 εἰμι,
3584 3976 3602 4010 ι
3633 3975 3742 4027 φη-

2173 4058 2280 4121 σὶν,
2310 4075 2328 4108 ι
2362 4057 2391 4108 ὁ
2417 4054 2582 4125 ἄρτος
2607 4056 2636 4107 ὁ
2672 4054 2801 4120 ζῶν,
2833 4056 2862 4106 ὁ
2889 4055 2953 4106 ὲκ
2981 4051 3075 4105 τοῦ
3102 4049 3335 4122 ούρανοῦ
3360 4050 3624 4114 καταϐάς,
3650 4050 3745 4102 καὶ

2176 4149 2321 4218 ζωήν
2348 4147 2524 4209 διδοὺς
2553 4145 2632 4215 τῷ
2658 4145 2868 4215 κόσμῳ.
2909 4161 2928 4195 ι

2242 4241 2403 4296 ΚΥΡ.
2452 4238 2614 4291 Ἀλλὰ
2654 4237 2876 4308 λυχνίας
2911 4238 3008 4306 μὲν
3036 4236 3164 4305 πέρι
3183 4275 3196 4298 ,
3231 4232 3455 4286 καὶτῶν
3480 4234 3538 4286 ἐν
3567 4233 3746 4303 αὐτῇ,

2171 4331 2329 4383 ταυτὶ
2379 4329 2513 4398 πρὸς
2558 4327 2716 4397 ήμῶν
2771 4328 2849 4390 ιίς
2894 4325 3066 4397 παρὸν
3101 4325 3396 4394 εἰρήσεται.
3447 4323 3575 4375 Ἴτω
3618 4322 3675 4374 δὲ
3718 4326 3748 4375 ὁ

2104 4393 2143 4448 D
2170 4423 2327 4491 λόγος
2365 4393 2458 4473 ιτέι
2499 4393 2833 4490 τδ-ᾆίαλκοῦν
2882 4393 2986 4490 ἤδη
3028 4393 3430 4487 θυσιαστήριον,
3468 4414 3567 4486 τῆς
3600 4413 3746 4468 κατὰ

2177 4514 2341 4584 νόμον
2361 4511 2638 4582 λατρείας,
2661 4511 2721 4564 τὸ
2745 4509 3189 4582 χρειωδὲστατον.
3233 4527 3251 4560 ι
3289 4509 3542 4578 Ποιήσεις
3573 4505 3737 4577 γάρ,›

2171 4607 2340 4677 φησι,
2375 4623 2393 4657 ι
2439 4604 2824 4674 θυσιαστήριον
2871 4605 2936 4657 ὲκ
2987 4601 3160 4666 ξύλων
3228 4601 3506 4671 ἀσήπτων.
3574 4599 3746 4653 Πέντε

2169 4700 2388 4769 πήχεων
2431 4697 2494 4751 τὸ
2544 4698 2750 4769 μῆκος,
2807 4698 2902 4751 καὶ
2948 4696 3111 4749 πέντε
3163 4695 3385 4764 πήχεων
3437 4689 3498 4743 τὺ
3561 4685 3741 4759 εῦρος.

2163 4792 2512 4862 Τετράγωνον
2559 4789 2714 4844 ἔσται
2765 4789 2826 4842 τὸ
2863 4787 3266 4855 θυσιαστήριον,
3299 4782 3396 4838 καὶ
3434 4780 3602 4853 τριῶν
3647 4782 3748 4851 πή-

2165 4899 2302 4952 χεων
2346 4881 2410 4935 τὸ
2447 4879 2577 4950 ὕψος
2614 4877 2800 4933 αὐτοῦ’
2835 4877 2930 4932 καὶ
2987 4877 3235 4947 ποιήσεις
3281 4873 3349 4927 τὰ
3377 4873 3601 4944 ,κέρατα
3649 4871 3744 4923 ἐπὶ

2166 4976 2275 5029 τῶν
2339 4975 2618 5046 τεσσάρων
2673 4973 2908 5044 γωνιῶν,
2982 4971 3042 5037 ἐξ
3107 4969 3272 5024 αὐτοῦ
3321 4967 3474 5020 ἔσται
3521 4965 3592 5019 τὰ
3651 4965 3712 5018 κέ

2175 5087 2311 5142 ρατα
2333 5109 2346 5131 ,
2376 5069 2469 5122 καὶ
2513 5065 2771 5137 καλύψιις
2796 5065 2935 5121 αὐτὰ
2957 5061 3144 5136 χαλκῷ
3166 5103 3180 5129 ,
3211 5061 3307 5116 καὶ
3350 5059 3599 5127 ποιήσεις
3630 5070 3739 5106 στε-

2175 5161 2350 5231 φάνην
2382 5159 2459 5230 τῷ
2505 5151 2882 5230 θυσιαστηρίῳ
2900 5198 2914 5223 ,
2946 5158 3044 5211 καὶ
3068 5155 3158 5208 τὸν
3184 5150 3508 5219 καλυπτῆρσι
3536 5143 3701 5200 αὐτοῦ
3723 5185 3738 5210 ,

2176 5254 2268 5306 καὶ
2294 5253 2392 5316 τὰς
2431 5252 2627 5320 φιάλας
2655 5251 2840 5314 αὑτοῦ,
2869 5250 2963 5303 καὶ
2997 5249 3098 5310 τὰς
3127 5245 3406 5316 κρεάγρας
3434 5238 3619 5304 αὐτοῦ,
3647 5236 3742 5292 καὶ

2174 5345 2235 5397 τδ
2265 5346 2485 5416 πυρεῐον
2514 5341 2679 5396 αὑτοῦ
2699 5383 2714 5406 ,
2760 5341 2939 5395 πάντα
2976 5339 3044 5394 τὰ
3076 5337 3247 5406 σκεύη
3286 5331 3453 5389 αὑτοῦ
3497 5333 3740 5400 ποιήσεις

2175 5437 2368 5508 χαλκᾶ.
2402 5456 2419 5488 ι
2452 5436 2776 5505 Πεντάπηχυ
2808 5433 2906 5506 μὲν
2943 5428 3035 5486 οῦν
3066 5433 3145 5495 είς
3175 5425 3331 5500 εὖρός
3357 5442 3416 5480 τε
3447 5425 3540 5478 καὶ⁸
3569 5423 3739 5493 μῆκος

1731 5617 1773 5646 ³³
1812 5615 1967 5668 Joan.
2009 5631 2078 5680 γι,
2117 5615 2202 5669 55.
2238 5617 2278 5645 ³³
2311 5615 2476 5668 Exod.
2507 5629 2668 5677 xxv",
2708 5613 2822 5666 l4.
