3962 6296
235 224 351 291 Gl!

942 222 1048 299 DE
1086 226 1533 287 ADORATIONE
1572 217 1637 283 ΙΝ
1681 216 1826 283 seti!

1932 228 1953 285 J
1993 219 2080 283 ΕΤ
2124 218 2492 283 VEBlTATE.
2536 224 2666 284 LIB.
2701 227 2791 283 IX.

3402 234 3503 290 (ιιι

230 350 304 402 τι
329 341 738 415 θυσιαστήριον.
781 337 927 397 Ἔδει
952 343 1088 413 γὰρ,
1120 343 1229 397 ἔδει
1257 342 1472 413 μέτρων
1515 339 1687 410 αὐτῷ,
1732 339 1825 394 καὶ

1932 353 2164 411 namque
2195 348 2252 395 et
2276 338 2443 394 scissa
2475 339 2629 409 signa
2653 353 2819 408 super
2852 337 2981 393 illud
3004 379 3018 404 ,
3043 349 3100 397 et
3136 340 3301 397 boum
3339 359 3509 400 meo-

231 438 360 493 ὶεαν
389 434 814 505 ἀφθονωτάτων.
848 434 1037 503 Σχίσαι
1066 450 1124 487 τε
1148 433 1257 504 γὰρ
1284 433 1374 486 ἐπ’
1396 433 1547 501 αὐτῷ
1569 433 1664 486 καὶ
1688 431 1826 502 βοῶν

234 527 467 600 ιμλλον
502 524 877 597 ἀναφέρεσθαι
915 527 1215 595 τμήματα,
1265 523 1360 579 καὶ
1394 522 1823 586 ὁλοκαυτώσεις,

232 619 371 679 θεῶν
406 629 465 671 τε
497 618 592 672 καὶ
632 617 859 688 τράγων
896 617 1168 687 ἀναφοραὶ
1207 615 1655 687 καθιερουμένων
1684 613 1824 685 Θεῷ.

233 706 511 779 Titienses
558 705 737 776 χαλκῆ
796 706 890 758 καὶ
953 706 1162 776 ἐσχάρα
1213 705 1307 759 καὶ
1370 707 1590 775 πυρεῖον
1641 702 1824 774 αὐτῷ,

230 799 513 868 κρεάγραι
534 813 595 850 τε
624 796 720 849 καὶ
750 795 962 865 φιάλαι,
1003 797 1098 849 καὶ
1125 796 1302 849 πάντα
1328 794 1492 849 αὐτοῦ
1522 794 1590 847 τὰ
1618 792 1788 864 σκεύη
1809 834 1825 860 ,

227 898 314 955 ὡς
342 890 411 944 ἂν
441 889 691 943 δύναιντο
718 891 842 951 ταῖς
884 888 1026 941 κιτὰ
1072 887 1235 959 νόμον
1265 887 1481 950 θυσίαις
1503 927 1518 949 ,
1549 887 1647 959 τὴν
1677 887 1829 956 παρά

235 996 303 1048 γε
331 980 487 1049 σφῶν
512 978 695 1035 αὐτῶν
737 976 1125 1048 είσιιομίζοντα
1166 978 1375 1049 χρείαν,
1408 981 1530 1040 ταῖς
1558 979 1652 1031 τοῦ
1680 990 1829 1047 mu-

234 1071 418 1141 φάγοι)
449 1070 622 1142 πυρὸς
654 1069 731 1142 μὴ
752 1069 1215 1140 καταφθείρεσθοιι
1248 1070 1595 1143 προσϐολαῖς.
1623 1068 1829 1139 Στεφά-

234 1180 336 1235 νην
362 1164 421 1218 δὲ
454 1163 550 1217 καὶ
575 1163 647 1217 τὰ
673 1164 766 1216 ἐπὶ
795 1166 920 1226 ταῖς
945 1163 1174 1231 γωνίαις
1204 1164 1432 1235 κέρατα,
1473 1163 1550 1233 τῷ
1576 1164 1668 1218 τοῦ
1694 1166 1829 1235 σχή-

237 1271 417 1326 ματος
441 1255 630 1309 κάλλει
668 1252 1071 1325 προσθήσομεν.
1119 1256 1318 1326 Ἀχαρι
1353 1258 1463 1326 γὰρ
1499 1256 1651 1308 οὐδὲν
1678 1256 1829 1326 παρὰ

231 1345 319 1416 τῷ
348 1346 617 1416 πανσόφῳ
658 1345 798 1416 θεῷ.
843 1345 1011 1417 Πλὴν,
1055 1347 1230 1400 ἐκεῖνο
1274 1346 1434 1401 πάλιν
1461 1347 1523 1416 δὴ
1565 1347 1695 1418 φέρε
1738 1349 1827 1402 λέ-

234 1453 448 1507 γωμεν,
470 1435 677 1506 ἀκριϐῆ
705 1435 796 1489 τὸν
825 1419 951 1490 νοῦν
973 1436 1342 1507 ἐπερείδοντες
1372 1439 1485 1499 τοῖς
1507 1439 1590 1505 ἐφ’
1616 1439 1830 1510 ἑκάστῳ

232 1525 706 1597 τεθεσπισμένοις.
737 1525 1132 1597 Θυσιαστήριον
1162 1526 1494 1597 προστέταχε
1536 1528 1654 1591 ταῖς
1688 1528 1829 1582 κατὰ

232 1618 404 1689 νόμον
429 1618 641 1682 θυσίαις
667 1618 843 1681 ἐοικὸς
866 1617 959 1671 καὶ
1001 1617 1231 1687 πρέπον,
1271 1616 1387 1670 ἀλλ’
1411 1617 1566 1670 οὐδὲν
1594 1618 1653 1670 ἐν
1680 1617 1831 1689 αὐτῷ

231 1688 497 1783 λρδσοῧνν
532 1710 785 1781 καθάπερ
821 1709 1032 1779 ἀμέλει,
1061 1708 1372 1778 καταθεῷτό
1392 1726 1476 1773 τις
1508 1708 1575 1762 ἂν
1603 1710 1695 1761 ἐπὶ
1728 1711 1828 1781 τῆς
1860 1688 1902 1743 Β

231 1801 497 1869 κιϐωτοῦ,
519 1801 741 1873 λυχνίας
765 1818 827 1856 τε
863 1795 931 1856 αὖ
958 1801 1055 1855 καὶ
1076 1800 1388 1872 τραπέζης,
1420 1801 1514 1854 καὶ
1541 1799 1653 1855 τῶν
1689 1799 1824 1872 ἀμφ’

229 1893 433 1964 αὐτήν.

306 1982 522 2038 ΠΔΔΛ.
553 1983 620 2039 Τί
638 1982 702 2054 δὴ
723 1978 818 2037 οὖν
855 1981 965 2052 ἄρα
1007 1981 1102 2035 καὶ
1132 1979 1288 2035 τοῦτό
1323 1982 1469 2049 tm;

306 2076 475 2130 KYP.
505 2076 578 2130 Οὐ
603 2075 712 2147 γάρ
734 2075 799 2147 δὴ
820 2073 922 2143 τῆς
944 2070 1090 2136 θείας
1112 2089 1175 2126 τε
1194 2072 1287 2126 καὶ
1307 2072 1588 2144 ἀκηράτου
1609 2072 1827 2141 φύσεως

229 2166 337 2237 τὴν
365 2165 514 2221 κατὰ
536 2167 756 2222 πάντων
781 2165 1079 2237 ὑπεροχὴν,
1109 2164 1204 2217 καὶ
1226 2162 1560 2235 ἀσύγκριτον
1577 2165 1647 2217 λα
1655 2163 1828 2235 μπρό-

229 2271 397 2330 τητα,
427 2258 506 2323 ὡς
536 2261 595 2313 ἐν
624 2248 809 2329 νοήσει
839 2257 986 2327 λέγω
1005 2301 1018 2321 ,
1051 2257 1113 2310 τὸ
1153 2257 1378 2330 χρυσίον
1403 2251 1463 2311 εὖ
1490 2256 1636 2329 μάλα
1662 2273 1827 2311 κατα-

228 2350 427 2423 may
456 2351 742 2424 ὶλέγομεν,
775 2344 821 2407 ὦ
852 2349 1151 2417 Παλλάδιες

307 2530 524 2586 “MA;
553 2522 685 2586 Ὧδε
712 2529 850 2602 εχει.

305 2623 472 2682 ΚΥΡ,
533 2622 727 2695 Ἀθρει
769 2622 836 2693 δὴ
883 2618 1001 2687 οὖν,
1049 2619 1367 2694 ἀχρύσωτον
1405 2618 1686 2684 παντελῶς
1722 2619 1827 2692 τῆς

232 2715 379 2770 κατὰ
406 2713 573 2785 νόμον
602 2711 862 2785 λατρείας
897 2711 960 2765 τὸ
1001 2711 1410 2784 θυσιαστήριον,
1451 2711 1681 2781 αἴνιγμά
1718 2727 1823 2765 που

232 2809 300 2861 τὸ
320 2806 518 2879 χρῆμα
540 2796 788 2868 τιθέντος
804 2804 945 2876 ἡμῖν
970 2802 1065 2857 τοῦ
1105 2801 1242 2858 Θεοῦ
1262 2841 1276 2867 ,
1308 2801 1404 2856 καὶ
1440 2802 1585 2875 μάλα
1614 2799 1822 2872 σαφῶς,

234 2899 321 2954 ὅτι
366 2895 686 2968 Πνεύματος
729 2896 889 2964 ἁγίου
917 2893 1179 2967 πρόξενος
1215 2895 1416 2965 ἥκιστα
1448 2894 1547 2965 μὲν
1575 2896 1604 2947 ὁ
1627 2893 1824 2964 νόμος,

233 2990 529 3061 τετίμηται
571 2987 630 3042 δὲ
669 2987 793 3058 οὐχὶ
828 2984 1056 3058 τοιαύτῃ
1093 2985 1276 3057 χάριτι
1306 2985 1409 3056 τῆς
1451 2986 1509 3038 εν
1542 2984 1699 3056 τύπῳ
1732 2982 1826 3038 λα-

232 3041 495 3153 ή
534 3041 786 3149 δύναμις.
816 3041 1185 3148 Πνεῦμα.
1211 3070 1282 3147 ἦν
1314 3041 1559 3140 δουλείας
1602 3041 1695 3128 ὲπίι
1733 3074 1825 3129 τὸν
1852 3041 1895 3101 C

247 3167 493 3244 Ἰσραήλ·
527 3174 662 3243 ἡμῖν
698 3170 755 3224 δὲ
798 3170 863 3224 τὸ
894 3169 1066 3242 δῶρον
1096 3167 1417 3239 ἀπενεμήθη
1460 3168 1551 3221 διά
1586 3165 1824 3237 Χριστοῦ

238 3264 383 3334 μετὰ
421 3264 524 3336 τὴν
565 3265 631 3316 ἐκ
676 3261 890 3334 νεκρῶν
929 3260 1248 3316 ἀναϐίωσιν.
1303 3260 1636 3330 Ἐνεφύσησε
1660 3260 1822 3331 -γὰρ,

236 3357 466 3426 unum
489 3355 700 3412 Λάϐετε
714 3353 939 3425 Πνεῦμα
956 3353 1129 3423 ἆγιον.
1154 3370 1175 3405 ›
1194 3351 1485 3423 Τοιγάρτοι
1505 3351 1599 3405 καὶ
1617 3349 1823 3414 Παῦλος

234 3445 584 3520 προσεφώνει
645 3445 761 3509 τοῖς
814 3446 1256 3507 πεπιστευκόσιν,
1287 3461 1305 3494 ι
1333 3443 1407 3497 Οὐ
1447 3442 1558 3514 γὰρ
1605 3440 1825 3495 ἐλάϐετε

235 3538 460 3610 πνεῦμα
478 3535 721 3600 δουλείας
743 3535 905 3591 πάλιν
926 3537 1006 3601 είς
1032 3534 1217 3604 φόϐον,
1234 3534 1349 3588 ἀλλ’
1366 3532 1588 3587 ἐλάϐετε
1609 3532 1828 3601 πνεῦμα

243 3629 545 3696 υίοθεσίας,
573 3630 633 3683 εν
653 3622 699 3698 ᾧ
738 3626 1036 3699 κράζομεν,
1072 3625 1244 3680 Ἀϐϐἆ
1266 3628 1294 3679 ὁ
1317 3625 1530 3696 Πατήρ.
1569 3641 1588 3676 ι
1619 3623 1741 3677 Ὅτι
1768 3620 1827 3674 δὲ

235 3723 341 3793 τῆς
378 3722 525 3775 κατὰ
565 3720 731 3791 νόμον
765 3718 1018 3792 λατρείας
1052 3720 1088 3789 ή
1130 3716 1363 3788 δύναμις
1397 3715 1496 3787 τὴν
1534 3711 1628 3767 τοῦ
1668 3712 1828 3780 ἁγίου

238 3820 564 3892 Πνεύματος
584 3819 686 3873 οὐκ
719 3815 970 3871 ἐπλούτει
1000 3813 1236 3885 μέθεξιν,
1277 3812 1515 3867 δέδονται
1542 3810 1599 3863 δὲ
1626 3807 1829 3880 μᾶλλον

235 3914 354 3977 τοῖς
391 3915 451 3966 ὲν
490 3911 674 3965 πίστει
702 3906 1174 3979 δεδικαιωμένοις,
1207 3904 1616 3976 πληροφορήσει
1652 3894 1829 3969 λέγων

237 4006 270 4058 ϐ
294 4003 460 4074 σοφὸς
504 4002 778 4075 Ἰωάννης·
814 4021 832 4053 ι
868 4000 1036 4053 Οὔπω
1056 3997 1165 4069 γὰρ
1194 3996 1260 4069 ἦν
1287 3995 1508 4066 Πνεῦμα
1540 3994 1714 4064 ἅγιον,
1744 3993 1826 4047 ὅτι

248 4096 465 4169 Ἰησοῦς
501 4096 713 4149 οὐδέπω
739 4094 1023 4164 ἐδοξάσθη.
1058 4111 1078 4145 ι
1121 4084 1288 4145 Οὔπω
1318 4088 1427 4160 γὰρ
1463 4086 1662 4169 ἀνεϐίω
1689 4087 1827 4157 Χρι-

250 4189 400 4253 στός*
424 4187 709 4258 μονονουχὶ
735 4186 845 4258 γὰρ
869 4185 990 4239 τότε
1011 4178 1402 4253 κατεχρυσώθη
1426 4178 1504 4249 τῷ
1525 4168 1823 4247 Πνεύματι,

237 4281 333 4335 ut
353 4279 614 4350 κοινωνίᾳ
637 4281 702 4349 τῇ
733 4278 870 4349 πρὸς
891 4275 1074 4340 αὑτὸν,
1100 4275 1134 4346 ἡ
1163 4269 1447 4343 ἀνθρώπου
1471 4269 1650 4340 φύσις.
1681 4268 1829 4337 Χρυ-

1930 444 2053 486 rum
2110 430 2285 486 frusta
2305 470 2320 495 ,
2357 438 2415 485 et
2449 429 2794 494 holocausta,
2828 429 3125 500 oviumque
3146 442 3201 487 et
3229 433 3509 491 hircorum

1929 519 2042 574 Deo
2096 526 2546 574 consecratorum
2580 517 2890 573 oblationes
2941 528 3101 574 erant
3143 521 3504 591 imponendm.

1927 607 2081 663 Hanc
2114 608 2187 662 ob
2213 623 2436 664 causam
2463 619 2521 664 et
2543 608 2827 672 craticula,
2844 617 2900 664 et
2924 608 3099 675 locus,
3123 620 3180 667 et
3200 612 3508 676 fuscinulm,

1928 706 1988 754 et
2012 699 2233 770 phialae,
2269 700 2521 755 etomnia
2560 699 2800 770 denique
2826 701 2948 771 ejus
2988 716 3121 757 vasa
3156 716 3308 759 mnes
3338 715 3511 772 sunt;

1927 798 1992 845 ut
2011 789 2278 861 legalibus
2298 788 2584 845 sacriﬁciis
2617 803 2780 844 suum
2810 804 2971 845 usum
2993 790 3238 860 pmbere
3262 802 3507 863 possent,

1927 902 2109 957 neque
2137 895 2322 942 tamen
2346 885 2561 941 voracis
2583 884 2725 956 ignis
2762 885 2997 955 appulsu
3028 894 3508 943 consummatur.

1927 977 2199 1034 Coronam
2230 993 2382 1043 vero,
2424 984 2480 1032 et
2514 978 2836 1049 angulorum
2872 993 3077 1034 cornua
3102 978 3279 1048 ipsius
3322 978 3512 1051 ﬁgura

1927 1067 2328 1140 pulchritudini
2357 1068 2669 1125 tribuemus
2701 1088 2715 1123 :
2741 1082 2869 1124 nam
2906 1069 3051 1139 apud
3072 1070 3227 1126 illum
3260 1074 3509 1128 omnium

1927 1160 2399 1231 sapientissimum
2422 1160 2597 1217 Deum
2613 1160 2864 1217 deforme
2894 1162 3035 1216 nihil
3067 1170 3170 1218 est.
3191 1164 3350 1233 303
3368 1164 3509 1220 illud

1928 1259 2111 1307 tamen
2139 1268 2332 1309 rursus
2359 1253 2594 1325 agedum
2611 1253 2881 1319 dicamus,
2916 1254 2985 1308 iis
3036 1270 3159 1324 qua:
3187 1253 3255 1308 de
3284 1270 3343 1308 re
3370 1271 3510 1325 qua-

1927 1356 2037 1411 que
2087 1351 2362 1414 precepts
2400 1351 2547 1411 sunt,
2591 1353 2847 1400 accurate
2890 1347 3134 1400 animum
3168 1346 3508 1416 adjicientes.

1927 1433 2113 1489 Altane
2137 1434 2403 1506 pmcepit
2430 1435 2550 1493 ﬁeri
2607 1437 2753 1507 quod
2779 1438 3047 1509 legalibus
3071 1439 3270 1494 hostiis
3313 1455 3515 1495 conve-

1927 1525 2075 1581 niret
2106 1534 2273 1597 atque
2317 1536 2505 1598 aptum
2547 1537 2729 1597 esset;
2762 1530 2857 1585 sed
2892 1545 3119 1585 aureum
3153 1531 3208 1585 in
3245 1544 3313 1584 eo
3346 1532 3507 1599 nihil,

1929 1615 2089 1684 quale
2119 1616 2371 1685 profecto
2393 1627 2450 1673 et
2476 1618 2533 1673 in
2557 1628 2704 1681 arca,
2730 1628 2788 1675 et
2825 1620 3175 1689 candelabro,
3212 1629 3270 1677 et
3297 1636 3506 1688 mensa,

1929 1712 1987 1759 et
2014 1704 2084 1761 iis
2109 1720 2233 1777 quas
2260 1707 2318 1762 in
2356 1708 2452 1764 illa
2470 1717 2654 1779 erant,
2676 1708 2868 1767 videre
2894 1711 3044 1766 licet.

1997 1980 2195 2045 PALL.
2219 1988 2351 2057 Quae
2383 1992 2602 2048 tandem
2631 2001 2720 2049 est
2743 1994 2825 2049 rei
2848 1994 3013 2050 istius
3040 1996 3250 2052 causa?

1998 2079 2155 2135 (ΝΒ.
2180 2085 2262 2134 An
2292 2096 2443 2147 vero,
2475 2082 2703 2149 Palladi,
2743 2098 2852 2138 non
2884 2084 3033 2141 illius
3066 2084 3267 2140 divinat
3317 2096 3373 2140 et
3404 2087 3509 2141 im-

1930 2170 2177 2226 mortalis
2201 2182 2431 2237 naturae,
2476 2188 2641 2244 supra
2672 2189 2763 2230 res
2790 2188 2983 2230 omnes
3026 2177 3395 2245 praestantiam
3444 2192 3512 2234 ac

1930 2259 2281 2329 splendorem
2307 2261 2793 2332 incomparabilem
2829 2264 2919 2336 (de
2941 2279 3009 2319 eo
3045 2264 3243 2335 loquor
3275 2266 3369 2336 qui
3413 2282 3511 2337 po-

1930 2357 2038 2406 test
2088 2350 2373 2407 intellectu
2417 2351 2652 2425 percipi)
2698 2369 2833 2409 auro
2864 2355 3185 2411 dicebamus
3226 2356 3509 2428 aptissime

1930 2440 2268 2513 signiﬁcari?
2316 2436 2359 2445 “’

1992 2533 2191 2589 PALL,
2224 2534 2436 2589 Fateor.
3501 2590 3509 2597 ,

1998 2624 2156 2680 CYR.
2188 2624 2485 2681 Considera
2519 2625 2705 2696 igitur,
2733 2626 2871 2682 illud
2897 2627 3089 2700 legalis
3126 2629 3308 2685 cultus
3340 2630 3512 2686 altare

1930 2731 2131 2787 expers
2165 2718 2391 2772 omnino
2425 2717 2547 2772 auri
2572 2716 2761 2774 'fuisse
2798 2734 2949 2791 :vqua
2974 2720 3032 2774 in
3059 2736 3116 2779 re
3167 2722 3512 2792 apertissime

1930 2807 2092 2863 nobis
2108 2807 2288 2863 innuit
2320 2808 2466 2864 Deus
2505 2809 2643 2881 legis
2668 2808 2936 2865 beneﬁcio
2957 2809 3225 2881 Spiritum
3261 2819 3510 2869 sanctum

1932 2899 2157 2955 minime
2189 2901 2473 2956 conciliari
2512 2902 2694 2966 nobis,
2741 2917 2922 2972 neque
2962 2902 3074 2957 vim
3107 2904 3255 2959 illam
3299 2903 3511 2975 ﬁgurati

1933 2990 2116 3046 cultus
2179 3008 2301 3047 esse
2341 2992 2614 3063 ejusmodi
2661 2994 2837 3063 gratia
2887 2994 3222 3048 dccoratam.
3273 2994 3513 3065 Spiritus

1926 3080 2073 3134 enim
2109 3082 2397 3138 servitutis
2433 3092 2555 3137 erat
2574 3097 2743 3153 super
2762 3083 2967 3150 Israel;
3002 3083 3163 3138 nobis
3187 3092 3371 3139 autem
3407 3087 3513 3143 hoc

1926 3170 2132 3226 donum
2173 3188 2274 3242 per
2309 3173 2589 3229 Christum
2633 3174 2905 3228 tributum
2935 3181 3019 3228 est
3044 3214 3060 3239 ,
3099 3183 3453 3244 posteaquam
3477 3191 3509 3232 a

1926 3262 2160 3318 mortuis
2182 3263 2399 3330 revixit;
2424 3261 2724 3318 insufﬁavit
2743 3264 2913 3329 enim,
2942 3262 3133 3319 dicens
3159 3281 3173 3316 :
3206 3283 3225 3315 ‹
3260 3263 3509 3335 Accipite

1928 3352 2199 3425 Spiritum
2232 3362 2483 3409 sanctum
2500 3354 2565 3408 “.
2600 3373 2619 3406 ι
2648 3354 2838 3424 Itaque
2884 3355 3087 3409 Paulus
3126 3354 3511 3425 alloquebatur

1926 3443 2216 3500 credentes
2252 3462 2264 3498 :
2298 3462 2319 3495 ι
2350 3444 2473 3500 Non
2517 3444 2667 3499 enim
2708 3444 3001 3514 accepistis
3039 3445 3294 3514 spiritum
3328 3447 3508 3501 servi-

1925 3535 2063 3592 tutis
2117 3536 2318 3591 lterum
2361 3535 2419 3590 in
2465 3535 2702 3601 timore,
2754 3535 2853 3591 sed
2905 3536 3195 3605 accepistis
3252 3537 3509 3607 spiritum

1926 3626 2237 3696 adoptionis
2288 3626 2547 3693 ﬁliorum,
2599 3626 2656 3682 in
2684 3642 2793 3697 quo
2831 3627 3130 3682 clamamus
3160 3646 3172 3680 :
3199 3627 3373 3693 Abba,
3402 3629 3507 3685 Pa-

1926 3721 2093 3776 ter".
2127 3738 2146 3772 ›
2198 3720 2349 3774 Illam
2365 3732 2533 3789 porro
2569 3720 2754 3774 cultus
2793 3719 2982 3791 legalis
3028 3719 3341 3775 facultatem
3396 3736 3510 3779 non

1926 3813 2097 3869 fuisse
2110 3815 2285 3869 sancti
2317 3813 2560 3883 Spiritus
2587 3811 3009 3882 participatione
3028 3811 3333 3882 praeditam.
3351 3828 3509 3868 eum-

1928 3920 2034 3976 que
2071 3905 2137 3961 iis
2158 3906 2342 3976 potius
2365 3903 2555 3960 datum
2593 3918 2716 3959 esse
2765 3904 2859 3974 qui
2900 3903 3006 3958 ﬁde
3037 3904 3320 3975 justiﬁcati
3360 3915 3508 3972 sunt,

1927 3995 2218 4052 conﬁrmat
2248 3993 2686 4066 sapientissimus
2703 3993 2963 4060 Joannes,
2979 4008 3103 4048 cum
3128 3994 3296 4049 dicit:
3320 4014 3339 4046 ‹
3360 3995 3509 4049 Non-

1929 4087 2059 4143 dum
2078 4089 2227 4142 enim
2242 4095 2362 4142 erat
2381 4086 2623 4157 Spiritus
2645 4092 2888 4150 sanctus,
2919 4085 3049 4153 quia
3071 4084 3232 4139 Jesus
3264 4085 3508 4139 nondum

1927 4191 2047 4235 erat
2062 4177 2472 4250 gloriﬁcatus“.
2521 4195 2539 4227 ι
2569 4175 2825 4230 Nondum
2859 4174 3008 4228 enim
3045 4173 3320 4227 revixerat
3346 4172 3508 4228 Chri-

1929 4278 2048 4328 stus
2075 4289 2088 4324 :
2114 4252 2231 4325 tum
2251 4269 2396 4324 enim
2418 4265 2658 4321 hominis
2673 4273 2870 4319 natura
2892 4263 3121 4333 Spiritu,
3141 4273 3196 4319 et
3210 4264 3330 4334 ejus
3355 4279 3507 4317 com-

236 4369 336 4424 οοΰ
378 4370 480 4442 μὲν
628 4367 787 4441 δίχα,
827 4367 1082 4440 ταύτῃτοι
1114 4362 1363 4432 γενέσθαι
1406 4360 1739 4432 προστέταχε
1771 4364 1826 4422 τδ

1940 4360 2313 4418 municatione
2345 4357 2742 4430 propemodum
2772 4356 3023 4410 inaurata
3057 4362 3161 4410 est.
3197 4354 3311 4409 Bac
3342 4354 3506 4426 igitur

237 4461 650 4532 θυσιαστήριον,
681 4461 935 4530 καθάπερ
961 4456 1200 4529 ἐγῷμαι,
1229 4455 1320 4509 τὸν
1340 4455 1396 4508 δὲ
1420 4453 1513 4506 ἐπὶ
1540 4450 1617 4522 τῷ
1637 4444 1821 4521 χαλκῷ

232 4554 419 4624 λόγον,
455 4552 518 4618 ἒξ
558 4547 621 4608 οὗ
647 4550 744 4607 καὶ
780 4550 1072 4621 πεποίητο,
1105 4548 1507 4621 παραδραμεῖν,
1546 4545 1621 4607 ὡς
1654 4542 1817 4605 ἔοικε,

229 4647 348 4710 τοῖς
389 4642 747 4716 φιλομαθέσιν
783 4645 884 4697 οὐκ
929 4638 1179 4714 ἀζήμιον.
1238 4637 1481 4692 Ἐκτὲκοι
1516 4635 1626 4705 γὰρ
1665 4634 1731 4689 ἄν
1764 4646 1819 4686 τι

230 4735 344 4791 τῶν
382 4735 702 4805 ἀναγκαίων
733 4737 768 4807 ἡ
803 4734 1053 4807 βάσανος,
1088 4722 1342 4806 καθάπερ
1374 4726 1435 4784 τδ
1464 4729 1567 4783 ὑπό
1604 4745 1696 4781 του
1732 4742 1822 4780 σοι

207 4808 354 4898 ’φῶς
371 4827 682 4900 εἰρημένον,
708 4827 797 4880 Ἔν
817 4826 979 4881 παντὶ
1001 4843 1068 4896 με
1074 4842 1127 4897 ρι
1135 4824 1334 4896 μνῶντι
1354 4822 1527 4876 ἔνεστι
1544 4818 1814 4892 περιττόν.

210 4955 232 4995 ’
309 5000 523 5057 ΠΑΛΔ.
556 4996 625 5055 Τί
651 4997 743 5058 οὗν
759 5001 824 5057 ἂν
848 5002 990 5073 ἔχοις
1003 5002 1176 5055 εἰπεῖν
1199 4999 1292 5053 καὶ
1320 4998 1410 5051 ἐπὶ
1439 4996 1573 5068 τῷδε
1624 4994 1818 5058 πάλιν;

309 5094 475 5150 ΚΥΡ.
532 5094 729 5148 ’Ἄκουε
770 5094 858 5166 δή·
887 5094 1055 5165 ψήφῳ
1102 5091 1203 5165 μὲν
1244 5090 1353 5163 γὰρ
1400 5091 1465 5162 τῇ
1505 5086 1709 5142 ἄνωθεν
1743 5087 1824 5149 εἰς

229 5185 393 5257 ἱερέα
425 5187 523 5239 καὶ
551 5185 853 5256 ἡγούμενον
884 5182 974 5239 τὸν
1004 5183 1290 5238 θεσπέσιον
1333 5179 1541 5253 Ἀαρὼν
1569 5194 1814 5250 κεχειρο-

224 5276 496 5348 τσνῆσθαί
539 5294 674 5349 φησι
714 5276 775 5330 τὸ
816 5276 1060 5349 Γραμμα
1101 5274 1162 5329 τὸ
1205 5273 1369 5345 ἱερόν.
1420 5272 1564 5344 Κορὲ
1596 5287 1661 5339 γε
1710 5267 1816 5340 μὴν

226 5365 334 5421 καὶ
373 5365 576 5431 Δαθὰν,
621 5366 717 5421 καὶ
762 5367 873 5429 τοῖς
901 5365 1038 5436 ἀμφ’
1072 5363 1287 5429 αὐτοὺς,
1322 5364 1356 5435 ἡ
1402 5362 1568 5432 ἀγρία
1608 5360 1816 5431 πληθὺς

225 5455 334 5527 τῆς
376 5457 588 5513 ἄνωθεν
632 5458 817 5531 ψήφου
870 5455 1247 5529 προαλέστατα
1294 5454 1653 5517 καταθέοντες
1671 5495 1686 5522 ,
1723 5453 1818 5507 καὶ

1922 4455 1991 4512 de
2032 4467 2199 4509 causa
2232 4451 2351 4506 sine
2394 4464 2532 4505 auro
2559 4447 2679 4504 ﬁeri
2719 4446 2886 4519 jussit
2926 4446 3129 4511 altare,
3176 4456 3239 4501 ut
3287 4447 3505 4517 opinor.

1918 4544 2195 4602 Caeterum
2243 4541 2513 4596 rationem
2552 4539 2715 4605 teris,
2757 4553 2825 4593 ex
2858 4552 2969 4608 quo
2995 4535 3131 4591 illud
3163 4543 3503 4592 exstructum

1921 4636 2045 4702 fuit,
2076 4633 2500 4706 praetermittere
2543 4647 2656 4688 non
2703 4631 2824 4686 sine
2864 4629 3259 4696 studiosorum,
3294 4639 3354 4686 ut
3385 4632 3506 4702 opi-

1920 4742 2043 4791 nor,
2066 4725 2281 4797 jactura
2302 4736 2596 4794 possumus
2627 4739 2640 4776 :
2675 4736 2801 4776 nam
2830 4720 2947 4776 haec
2978 4717 3261 4789 inquisitio
3297 4720 3504 4791 aliquid

1921 4816 2178 4872 utilitatis
2193 4813 2394 4886 pariet,
2421 4820 2483 4868 ut
2500 4820 2586 4869 est
2615 4827 2647 4868 a
2673 4811 2913 4883 quodam
2949 4811 3228 4881 sapienter
3246 4811 3458 4868 dictum
3489 4831 3506 4870 :

1920 4906 1982 4961 In
2004 4906 2154 4961 omni
2188 4905 2426 4962 sollicito
2448 4904 2593 4959 inest
2623 4903 2854 4959 utilitas.

1993 4998 2192 5054 PALL.
2227 4997 2369 5066 Quid
2393 4996 2564 5069 igitur
2596 4996 2701 5051 hac
2724 4996 2793 5051 de
2822 5010 2883 5050 re
2905 4993 3092 5050 dicere
3118 4993 3332 5051 habes?

1994 5086 2153 5145 (ΠΒ.
2189 5087 2336 5144 Audi
2371 5088 2539 5161 igitur
2568 5104 2582 5141 ε
2618 5090 2803 5142 Aaron
2832 5085 2979 5140 enim
3010 5084 3192 5140 virum
3216 5085 3371 5142 illum
3410 5086 3505 5142 ad-

1922 5179 2234 5237 mirabilem
2251 5222 2265 5247 ,
2293 5180 2505 5237 caelesti
2534 5176 2792 5250 suﬁ‘ragio
2822 5176 3164 5233 sacerdotem
3188 5192 3253 5232 ac
3293 5176 3502 5247 princi-

1921 5287 2048 5344 pem
2075 5275 2312 5330 electum
2350 5272 2542 5339 fuisse,
2574 5286 2743 5327 sacrze
2769 5270 3011 5352 Litterae
3038 5279 3327 5328 testantur.
3360 5268 3502 5324 Core

1921 5371 2109 5421 tamen
2143 5373 2200 5421 et
2246 5366 2463 5422 Dathan
2483 5405 2497 5430 ,
2547 5379 2855 5435 eorumque
2905 5363 3185 5422 sociorum
3232 5360 3503 5417 eﬂ’renata

1922 5455 2018 5513 illa
2043 5454 2340 5517 multitudo
2370 5463 2560 5514 contra
2582 5469 2885 5529 supernum
2917 5455 3051 5513 illud
3086 5454 3366 5512 decretum
3398 5466 3499 5524 pe-

303 5632 352 5665 ⁸⁴
374 5631 531 5690 Joan.
582 5649 675 5701 xx,
702 5632 797 5687 ‘32;
876 5633 918 5667 ³⁸
941 5632 1224 5699 Rommn,
1256 5630 1343 5687 l5.
1420 5630 1469 5663 ³⁸
1502 5624 1659 5687 Joan.
1692 5645 1790 5698 vn,
1828 5627 1919 5687 59.
