3962 6296
457 244 564 302 ιιι

1489 235 1546 290 s.
1586 233 1860 291 emam
1898 216 2368 290 ALEXAmeivI
2408 213 2721 286 AitCiliEi’;

3621 229 3684 291 σί
3698 230 3733 291 6

460 355 830 417 tulautisoime
862 353 1082 417 obnixa,
1110 362 1166 406 et
1193 351 1458 407 adversus
1473 350 1692 405 divinas
1724 350 2037 422 Iegesexei-

2151 346 2248 403 τῶν
2282 346 2439 400 θείων
2459 362 2587 400 κατε
2597 343 2980 415 ξανιστάμενοι
3000 324 3199 415 νόμων,
3229 343 3432 414 πυρεῖα
3454 344 3734 417 προσῆγον

462 461 595 513 lata,
636 448 923 503 tliuribula
959 446 1313 508 detulerunt,
1359 460 1491 499 eum
1522 443 1783 508 invocati,
1822 457 2042 512 suaque

458 539 625 611 305
647 545 844 609 sponte
880 536 949 590 ad
974 535 1030 589 id
1072 547 1272 588 munus
1309 540 1695 602 properarent,
1743 532 2041 586 honorem-

458 645 568 699 que
597 629 702 684 sibi
733 626 958 682 minime
992 624 1257 679 tributum
1296 623 1628 692 arripuerit,
1683 637 1747 677 ac
1772 619 2042 681 sacerdoti

458 721 720 792 principi,
745 728 881 774 etex
908 715 1185 771 universis
1206 715 1352 770 lecto
1376 713 1543 768 nimis
1560 712 1830 783 praecipiti
1858 711 2043 766 furore

460 825 614 867 suam
644 807 938 863 amentiam
982 812 1146 874 atque
1168 804 1454 859 audaciam
1481 803 1900 873 opponerent".
1933 802 2041 857 De-

457 900 781 970 signabatur
808 905 996 951 autem
1024 896 1131 951 hoc
1156 895 1302 951 laeto
1344 893 1535 949 futura
1583 893 1851 949 adversus
1885 891 2044 949 Chri-

458 998 605 1046 stum
625 988 941 1045 Judsnorum
963 987 1191 1043 audacia
1219 1006 1230 1040 :
1257 989 1376 1058 ipse
1402 987 1549 1041 enim
1576 992 1663 1041 est
1679 994 1867 1040 noster
1887 999 2041 1038 sum-

459 1095 583 1136 mus
610 1078 889 1142 sacerdos,
914 1077 1011 1147 qui
1048 1076 1250 1133 adhoc
1281 1076 1567 1147 dignitatis
1603 1076 1826 1130 culmen
1860 1073 2043 1153 Patris

459 1172 718 1242 sutlragio
742 1177 830 1225 est
851 1178 1176 1240 provectus;
1211 1176 1378 1239 atque
1404 1167 1485 1225 illi
1502 1166 1726 1237 quidem
1741 1172 2040 1221 conatuum

459 1259 598 1316 adeo
642 1258 887 1327 turpium
936 1272 1128 1328 poanas
1163 1256 1461 1322 dederunt,
1506 1256 1827 1325 dabuntque
1875 1254 2042 1309 etiam

459 1359 582 1421 post
609 1367 706 1406 eos
736 1350 932 1416 Judtei,
970 1366 1096 1406 eum
1137 1351 1332 1405 iisdem
1360 1349 1690 1404 criminibus
1729 1356 2038 1402 teneantur.

458 1443 603 1499 Deus
623 1449 808 1496 autem
839 1440 1029 1513 Moysi,
1060 1448 1175 1495 tum
1206 1448 1263 1495 et
1288 1440 1553 1495 Eleazaro
1583 1439 1766 1492 Aaron
1792 1436 1925 1500 tilio,
1977 1449 2043 1489 ac

458 1534 732 1592 sacerdoti
763 1533 904 1587 dixit
936 1550 950 1586 :
976 1552 996 1584 ι
1023 1531 1235 1587 Sumite
1269 1529 1554 1584 thuribula
1581 1543 1734 1584 aenea
1760 1526 1829 1582 de
1859 1525 2042 1580 medio

459 1626 891 1690 combustorum,
926 1632 983 1679 et
1000 1624 1182 1694 ignem
1210 1623 1361 1677 hunc
1406 1622 1648 1676 alienum
1690 1632 1886 1689 sparge
1934 1616 2038 1682 ibi,

2145 435 2369 507 ἄκλητοι
2400 437 2495 488 καὶ¹
2522 434 2810 504 αὐτόμολοι
2844 433 2981 506 πρὸς
3013 431 3170 487 τοῦτο
3212 433 3405 497 εόντες,
3442 433 3539 487 καὶ
3563 436 3733 508 τιμὴν

2142 527 2501 599 ἁρπάζοντες,
2531 526 2591 579 οὐ
2618 525 2946 596 νεμηθεῖσαν
2966 525 3174 588 αὐτοῖς,
3200 524 3732 594 ἀντιπαρεξάγοντες

2141 617 2240 672 καὶ
2268 617 2415 688 μάλα
2436 615 2679 687 θερμῶς.
2714 617 2783 670 τὰ
2813 615 2873 681 ἐξ
2901 614 3159 678 ἀπονοίας
3184 615 3279 668 καὶ
3311 612 3564 685 θράσους,
3596 618 3730 688 ἱερεῖ

2141 711 2221 783 τῷ
2262 710 2587 784 προῦχοντι,
2640 712 2733 765 καὶ
2767 712 2875 764 τῶν
2916 711 3094 766 ἄλλων
3124 710 3387 766 ἁπάντων
3418 711 3732 782 ἀπολέγδην

2144 802 2485 874 ἐξῃρημένῳ.
2527 802 2978 871 Ἐσκιαγραφεῖτο
2998 802 3054 856 δὲ
3079 801 3170 854 διὰ
3195 800 3401 855 τούτων
3429 805 3465 873 ἡ
3494 803 3728 873 ἐσομένη

2143 893 2283 949 κατὰ
2330 892 2568 965 Χριστοῦ
2605 893 2714 947 τῶν
2777 893 3045 947 Ἰουδαίων
3100 891 3349 947 ἀπόνοια.
3393 893 3567 957 Αὐτὸς
3620 894 3731 963 γὰρ

2141 984 2297 1056 ἡμῶν
2328 985 2637 1054 ἀρχιερεὺςς
2670 983 2834 1055 ψήφῳ
2866 984 3003 1055 πρὸς
3032 983 3191 1038 τοῦτο
3213 983 3453 1053 ἠγμένος
3474 987 3540 1056 τῇ
3573 989 3729 1055 ποιρει

2142 1075 2376 1140 Πατρὸς,
2405 1076 2501 1129 καὶ
2529 1077 2576 1128 οἱ
2614 1076 2712 1146 μὲν
2743 1075 2847 1127 τῶν
2879 1074 3052 1139 οὕτως
3079 1075 3323 1147 αἰσχρῶν
3350 1074 3723 1146 ἱσοιχειρημά-

2140 1182 2249 1219 των
2287 1165 2594 1220 ὲκτετίκασι
2623 1166 2797 1230 δίκας·
2829 1165 3147 1221 ἀποτίσουσι
3174 1167 3231 1220 δὲ
3255 1166 3352 1220 καὶ
3384 1167 3503 1238 μετ’
3529 1167 3725 1229 αὐτοὺς

2154 1255 2393 1310 Ἰουδαῖοι
2422 1259 2535 1320 τοῖς
2566 1257 2699 1319 ἴσοις
2724 1258 3032 1329 ἐγκλήμασι
3059 1260 3343 1327 γεγονότες
3365 1259 3561 1330 ἔνοχοι.
3589 1259 3723 1323 Θεὸς

2139 1346 2211 1401 δὲ
2232 1347 2297 1418 δὴ
2326 1347 2447 1400 τότε
2478 1347 2611 1418 πρὸς
2654 1348 2857 1402 Μωσέα
2890 1366 2951 1401 τε
2992 1349 3088 1403 τὸν
3135 1347 3299 1420 ἱερὸν,
3341 1351 3435 1404 καὶ
3477 1350 3583 1421 μὴν
3625 1353 3720 1404 καὶ

2141 1436 2276 1507 πρὸς
2317 1435 2580 1507 Ἐλεάζαρ
2608 1436 2732 1506 ἔφη,
2758 1435 2848 1489 τὸν
2874 1437 2932 1502 ἐξ
2974 1436 3184 1507 ’Δαρὼν
3198 1438 3288 1490 τὸν
3325 1437 3496 1509 ἱερέα⁹
3532 1457 3550 1490 ι
3599 1438 3720 1493 ’Λν-

2141 1528 2325 1582 άλεσθε
2344 1529 2413 1583 τὰ
2434 1530 2632 1601 πυρεῖα
2655 1530 2724 1582 τὰ
2743 1529 2920 1599 χαλκᾶ
2936 1530 3000 1583 ὲκ
3025 1530 3190 1600 μέσου
3210 1530 3316 1582 τῶν
3341 1529 3717 1601 κεκαυμένων,

2143 1621 2239 1674 καὶ
2282 1619 2344 1673 τὸ
2377 1619 2489 1692 πῦρ
2539 1619 2602 1672 τὸ
2656 1619 2936 1692 ἀλλότριον
2983 1619 3142 1674 τοῦτο
3184 1622 3407 1692 σπεῖρον
3445 1624 3592 1686 ἐκεῖ,
3637 1623 3721 1674 ὅτι

460 1716 591 1788 quia
643 1715 1127 1771 sanctiﬁcaverunt
1153 1713 1435 1768 thuribula
1462 1712 1660 1768 horum
1697 1718 2044 1779 peccatorum

2151 1708 2338 1783 ἡγίασε
2380 1711 2449 1766 τὰ
2497 1714 2698 1781 πυρεῖα
2728 1711 2838 1765 τῶν
2866 1712 3211 1784 ἁμαρτωλῶν
3249 1712 3452 1766 τούτων
3497 1715 3555 1764 ὲν
3602 1717 3722 1775 ταῖς

461 1809 519 1863 in
547 1807 837 1862 animabus
871 1806 987 1861 suis
1021 1824 1036 1872 ;
1070 1814 1126 1860 et
1167 1805 1421 1859 fecerunt
1445 1804 1560 1873 ipsa
1594 1803 1825 1858 laminas
1861 1799 2043 1855 ducti-

460 1901 562 1965 les,
611 1899 1149 1969 circumpositionem
1197 1896 1380 1962 altari,
1433 1897 1565 1966 quia
1597 1897 1760 1951 allata
1796 1902 1925 1950 sunt
1954 1907 2045 1947 co-

466 2008 582 2047 ram
616 1990 871 2055 Domino,
901 1999 958 2046 et
976 1982 1313 2045 sanctiﬁcata
1345 1997 1495 2053 sunt,
1540 1995 1598 2042 et
1649 1986 1788 2042 facta
1828 1993 1957 2040 sunt
1987 1984 2044 2038 in

464 2084 677 2153 signum
709 2081 834 2136 ﬁliis
861 2081 1028 2136 Israel
1051 2079 1116 2134 ³⁸.
1155 2100 1174 2131 ι
1199 2079 1380 2149 Atque
1404 2080 1522 2134 haec
1559 2078 1781 2149 quidem
1810 2092 1877 2131 eo
1901 2083 2041 2130 tem-

459 2184 591 2239 pore
624 2168 765 2223 dixit
787 2168 950 2223 Deus.
984 2168 1043 2222 In
1076 2166 1264 2223 Exodo
1306 2177 1491 2223 autem
1529 2166 1797 2237 scriptum
1844 2172 1930 2221 est
1973 2162 2044 2218 de

460 2259 726 2325 Beseleel,
772 2259 864 2329 qui
900 2267 1054 2329 patre
1089 2259 1314 2329 quidem
1345 2265 1466 2313 erat
1490 2256 1643 2322 Uria,
1667 2256 1765 2311 sed
1794 2254 1863 2310 de
1893 2254 2043 2308 tribu

460 2352 597 2417 Dan,
628 2358 685 2406 et
710 2349 954 2406 universi
998 2350 1186 2420 operis
1221 2349 1520 2420 princeps:
1556 2367 1575 2399 ι
1603 2347 1704 2425 Hic
1723 2346 1854 2402 fecit
1872 2346 2044 2400 altare

459 2459 674 2498 aeneum
721 2458 789 2497 ex
831 2442 1130 2497 thuribulis
1180 2442 1348 2497 aeneis
1407 2455 1529 2511 quae
1588 2438 1808 2493 fuerant
1866 2434 2046 2491 homi-

461 2548 591 2587 num
619 2532 715 2602 qui
751 2532 1080 2588 seditionem
1137 2531 1553 2586 concitaverunt
1588 2542 1715 2584 cum
1774 2539 2044 2600 synagoga

462 2619 603 2677 Core
635 2621 700 2674 "'.
741 2639 759 2672 ι

535 2712 729 2768 PALL.
760 2711 901 2779 Quid
926 2711 1096 2782 igitur
1122 2711 1267 2775 istud
1292 2712 1414 2767 est?

532 2804 689 2861 CYR.
738 2802 1026 2856 Maximam
1075 2802 1131 2861 id
1175 2817 1309 2857 vero
1331 2801 1630 2858 utilitatem
1683 2801 1948 2868 continet,
1999 2801 2047 2858 si

461 2889 1034 2954 animadverterimus,
1096 2905 1281 2945 aream
1309 2889 1556 2960 quidem,
1587 2905 1710 2960 qua:
1745 2889 1952 2945 Christi
1978 2888 2042 2943 ti-

461 2999 655 3056 guram
706 2988 943 3052 gereret,
991 2982 1098 3036 alia
1150 2990 1441 3052 praaterea,
1503 2980 1919 3046 candelabrum,
1961 2981 2044 3035 iu-

2068 3026 2117 3090 ϐ

2141 1801 2337 1869 ψυχαῖς
2366 1799 2568 1854 αὐτῶν.
2614 1800 2724 1853 Καὶ
2758 1800 3021 1871 ἐποίησαν
3060 1801 3200 1853 αὐτὰ
3237 1801 3457 1864 λεπίδος
3484 1801 3680 1862 ὲλατὰς
3706 1839 3720 1862 ,

2143 1893 2414 1965 περίθεμα
2437 1892 2516 1961 τῷ
2543 1892 2936 1964 θυσιαστηρίῳ,
2961 1893 3044 1946 ὅτι
3074 1892 3519 1965 προσηνέχθησαν
3542 1893 3723 1947 ἔναντι

2142 1985 2372 2056 Κυρίου,
2404 1986 2496 2037 καὶ
2540 1983 2899 2055 ήγιάσθησαν.
2945 1985 3055 2037 Καὶ
3103 1985 3347 2053 ἐγένοντο
3383 1986 3461 2047 είς
3497 1986 3725 2055 σημεῖον

2144 2078 2254 2138 τοῖς
2280 2076 2413 2137 υίοίς
2458 2073 2698 2146 Ἰσραήλ.
2737 2092 2757 2126 ι
2796 2072 2980 2145 Ταύτῃ
3012 2072 3111 2144 μὲν
3139 2069 3232 2127 οὖν
3253 2074 3355 2144 ἔφη
3379 2071 3439 2126 τὸ
3467 2073 3725 2144 τηνικάδε

2144 2166 2296 2230 Θεός.
2355 2167 2442 2220 Ἐν
2468 2169 2536 2238 τῇ
2593 2165 2788 2238 Ἐξόδῳ
2813 2166 2872 2220 δὲ
2897 2166 3209 2237 γέγραπται
3255 2167 3383 2237 περὶ
3418 2166 3517 2220 τοῦ
3555 2167 3726 2219 Bess-

2142 2254 2292 2326 λεὴλ,
2339 2254 2398 2317 ὃς
2445 2250 2514 2326 ἦν
2562 2254 2628 2307 ὲκ
2664 2253 2871 2325 πατρὸς
2919 2253 3016 2323 μὲν
3060 2251 3292 2323 Οὐρίου,
3337 2252 3509 2323 φυλῆς
3536 2252 3592 2307 δὲ
3620 2253 3728 2320 τῆς

2142 2347 2250 2401 Δὰν
2299 2346 2399 2417 (1),
2451 2345 2545 2398 καὶ⁵
2593 2344 2773 2415 πάσης
2824 2344 3103 2413 εὐτεχνίας
3141 2343 3462 2413 ἡγούμενοςο
3498 2360 3518 2395 ι
3554 2333 3735 2405 Οὗτος

2141 2437 2365 2509 εποίησε
2395 2436 2458 2489 τὸ
2485 2434 2862 2509 Θυσιαστήριον
2895 2434 2955 2488 τὸ
2985 2433 3215 2504 χαλκοῦν
3246 2434 3311 2486 ὲκ
3331 2434 3439 2488 τῶν
3484 2434 3733 2505 πυρείων

2140 2528 2248 2582 τῶν
2273 2507 2510 2600 χαλκῶν,
2548 2507 2583 2579 ἆ
2612 2520 2676 2596 ἦν
2702 2528 2814 2588 rei;
2847 2524 3071 2596 ἀνδράσι
3098 2526 3214 2588 τοῖς
3247 2525 3735 2583 καταστασιάσασι

2144 2617 2285 2688 μετά
2309 2616 2409 2687 τῆς
2437 2616 2580 2688 Κορὲ
2609 2614 2953 2685 συναγωγῆς.
2997 2634 3015 2668 ι

2217 2708 2429 2763 ΠΑΛΛ.
2469 2707 2535 2759 Τί
2563 2700 2657 2759 οὖν
2685 2704 2845 2759 τοῦτό
2871 2721 2956 2773 ys;

2214 2798 2377 2854 ΚΥΡ.
2425 2796 2634 2869 Πολλὴν
2669 2796 2735 2850 ἂν
2771 2795 2887 2866 ἔχοι
2928 2795 3026 2867 τὴν
3054 2796 3262 2868 ὕνησιν,
3288 2798 3339 2850 si
3385 2798 3618 2853 ὲννοοῖτο
3639 2797 3734 2853 ὅτι

2146 2889 2438 2959 πεποίηται
2463 2888 2560 2959 μὲν
2589 2889 2622 2957 ἠ
2653 2885 2889 2950 κιῦωτὸς
2904 2889 2987 2950 είς
3012 2887 3183 2942 τύπον
3213 2889 3474 2959 Χριστοῦ,
3503 2888 3599 2943 καὶ
3624 2890 3735 2960 μὲν

2144 2995 2227 3033 τοι
2261 2978 2355 3032 καὶ
2380 2979 2449 3030 τὰ
2475 2977 2657 3049 ἔτερα,
2688 2976 2901 3048 λυχνία,
2930 2978 3107 3049 φημὶ,
3143 2979 3241 3032 καὶ
3284 2979 3347 3032 τὸ
3391 2980 3730 3051 ἱλαστήριον,

463 3084 650 3141 quam,
682 3075 738 3122 et
766 3067 1233 3138 propitiatorium,
1274 3075 1329 3123 et
1365 3084 1434 3124 ex
1455 3084 1592 3124 auro
1619 3084 1884 3133 mensam,
1925 3069 2042 3124 haec

2151 3071 2245 3125 καὶ
2278 3072 2342 3123 ὲκ
2373 3068 2598 3139 χρυσίου
2626 3068 2874 3140 τράπεζα
2897 3106 2913 3133 ,
2960 3069 3423 3141 προσκομίσαντος
3458 3070 3551 3123 τοῦ
3593 3070 3732 3125 λαοῦ

462 3159 605 3215 facta
625 3173 746 3213 esse
779 3159 962 3213 omnia
978 3150 1247 3215 oﬂ‘erente
1268 3161 1471 3231 populo
1492 3199 1507 3227 ,
1537 3159 1792 3231 singulis,
1813 3161 1962 3230 quod
1985 3163 2041 3215 in

463 3249 718 3305 manibus
741 3256 880 3315 erat,
928 3237 1040 3304 Deo
1084 3249 1398 3306 dicantibus
1429 3268 1442 3304 :
1470 3250 1680 3322 accepti
1727 3251 1875 3306 enim
1914 3267 2044 3307 sane

465 3350 593 3399 sunt
624 3343 680 3398 in
708 3341 937 3412 gloriam
983 3340 1103 3407 Dei,
1129 3350 1186 3397 et
1209 3341 1409 3408 Patris,
1447 3343 1543 3413 qui
1576 3342 1855 3399 Christum
1887 3327 2047 3399 donis

465 3441 821 3497 venerantur,
843 3441 899 3489 et
922 3433 1238 3503 spirituales
1262 3435 1570 3493 oblationes
1606 3435 1866 3501 oﬂ'erunt,
1905 3451 2044 3505 quo-

466 3538 589 3577 rum
620 3521 696 3576 illi
735 3522 919 3593 figura:
963 3522 1282 3593 umbraeque
1301 3532 1499 3579 erant:
1539 3523 1636 3580 sed
1663 3523 1798 3580 illud
1819 3525 2048 3581 culturae

465 3614 657 3683 legalis
715 3613 890 3668 altare
946 3613 1274 3669 irritationis
1337 3623 1503 3686 atque
1561 3615 2044 3681 eontradictionis,

468 3703 895 3773 conspirationis
927 3704 1047 3774 ejus
1084 3703 1347 3774 denique,
1383 3714 1444 3759 ut
1469 3707 1544 3761 ita
1582 3707 1783 3772 dicam,
1804 3722 1929 3776 quae
1946 3708 2047 3763 ad-

467 3808 664 3847 versus
692 3791 1030 3848 sacerdotem
1049 3808 1326 3848 summum
1356 3794 1500 3859 facta
1530 3805 1634 3861 est,
1672 3797 1847 3853 veluti
1867 3797 2047 3853 moni-

471 3890 718 3939 mentum
749 3882 1022 3953 quoddam
1053 3897 1174 3939 esse
1198 3892 1360 3955 atque
1383 3886 1792 3957 praedictionem
1845 3888 1902 3942 in
1928 3887 2048 3958 ipsa

471 3968 661 4030 altaris
685 3974 1093 4031 constructione
1131 3977 1387 4046 positam,
1415 3977 1645 4048 mystice
1692 3985 1748 4032 et
1769 3978 2051 4048 dispensa-

474 4059 586 4114 ti've
625 4060 985 4131 signiﬁcatur.
1027 4060 1220 4118 Nonne
1265 4065 1366 4120 tibi
1414 4064 1586 4136 ﬁgura
1616 4068 1905 4137 perspicua
1929 4069 2051 4123 est?

472 4148 677 4209 Christi
700 4166 937 4221 namque
965 4148 1196 4224 ﬁguram
1236 4162 1386 4211 tenet
1420 4157 1623 4213 Aaron.
1654 4146 1928 4216 Adversus
1954 4175 2053 4216 au-

476 4251 586 4298 tem
614 4242 820 4298 Christi
848 4243 1078 4314 gloriam
1104 4247 1458 4304 contentione
1486 4262 1703 4304 summa
1720 4236 1895 4306 Iudmi
1911 4266 2050 4321 quo-

2147 3161 2245 3216 καὶ
2275 3160 2564 3223 ἀναθέντος
2591 3161 2820 3216 ἑκάστου
2863 3160 2927 3215 τὸ
2968 3161 3027 3214 ὲν
3048 3162 3226 3234 χερσί.
3266 3161 3454 3215 demet
3480 3162 3587 3232 γὰρ
3606 3160 3732 3216 λίαν

2149 3254 2227 3316 εἰς
2246 3252 2402 3316 δόξαν
2422 3250 2556 3305 Θεοῦ
2574 3251 2668 3305 καὶ
2689 3252 2922 3322 Πατρδς,
2937 3254 2986 3306 οί
2997 3252 3466 3326 καρποφοροῦντες
3483 3252 3730 3324 Χριστῷ,

2149 3343 2249 3396 καὶ
2280 3341 2617 3415 δωροφορίας
2657 3344 3026 3415 προσάγοντες
3069 3344 3171 3409 τὰς
3209 3345 3617 3415 πνευματικὰς,
3652 3337 3733 3400 ὧν

2150 3429 2291 3504 ἦσαν
2319 3434 2517 3488 ἐκεῖνοι
2542 3432 2703 3488 τύποι
2737 3434 2831 3489 καὶ
2863 3435 3034 3493 σκιαί.
3066 3436 3177 3506 Τῆς
3205 3436 3262 3489 δὲ
3291 3437 3430 3490 κατὰ
3451 3437 3614 3507 νόμον
3636 3436 3737 3490 λιιι

2150 3525 2338 3597 epeia;
2359 3525 2420 3579 τὸ
2442 3525 2846 3597 θυσιαστήριον,
2877 3527 3229 3598 παροξυσμοῦ
3275 3527 3369 3582 καὶ
3397 3528 3734 3597 ἀντιλογίας,

2154 3613 2249 3668 καὶ
2279 3613 2342 3667 ἵν’
2381 3611 2553 3676 οὕτως
2580 3614 2717 3668 simu
2744 3613 2950 3678 λοιπον,
2985 3615 3298 3686 ἀντάρσεως
3339 3619 3437 3688 τῆς
3471 3616 3592 3670 καθ’
3646 3618 3734 3671 ιε·-

2158 3703 2297 3772 ρέως
2321 3702 2416 3757 τοῦ
2434 3704 2669 3776 μεγάλου
2688 3705 3085 3777 γεγενημένης,
3107 3708 3267 3761 οἱονεί
3286 3724 3402 3772 πως
3429 3708 3736 3780 ὑπόμνημα

2155 3797 2250 3851 καὶ
2270 3796 2744 3871 προαναφώνησις,
2777 3799 2835 3851 ὲν
2872 3799 3008 3870 αὐτῇ
3041 3799 3268 3869 κειμένη
3296 3803 3362 3872 τῇ
3396 3805 3737 3873 κατασκευῇ,

2159 3889 2437 3961 μυστικῶς
2466 3906 2526 3943 τε
2557 3891 2652 3944 καὶ
2679 3890 3037 3960 οἰκονομικῶς
3078 3890 3422 3962 σημαίνεται.
3467 3889 3617 3965 *Δρά
3649 3911 3739 3949 σοι

2158 3980 2327 4050 σαφὲς
2349 3979 2410 4034 τὸ
2432 3980 2664 4050 αἴνιγμα
2686 3996 2701 4047 ;
2730 3978 2969 4052 Χριστοῦ
2998 3981 3109 4052 γὰρ
3132 3983 3214 4045 είς
3240 3981 3409 4037 τύπον
3427 3984 3457 4038 ὁ
3499 3983 3734 4054 ’Λαρώνο

2156 4071 2637 4143 πεφιλονεικήκασι
2675 4069 2732 4122 δὲ
2774 4070 2964 4142 τῇπώ
3004 4070 3244 4144 Χριστοῦ
3283 4073 3407 4144 δόξῃ
3447 4074 3540 4127 καὶ
3598 4075 3735 4128 Ἰου⁶

2155 4164 2314 4228 δαῖοι,
2339 4162 2434 4217 καὶ
2455 4160 2793 4230 ἀντιλέγεται
2815 4160 2902 4215 διὰ
2926 4160 3084 4216 τοῦτο
3102 4163 3164 4215 τὸ
3192 4163 3332 4217 κατά
3357 4164 3521 4232 νόμον
3544 4164 3740 4221 θυσιαρ

2159 4254 2398 4322 στήριον.
2450 4249 2738 4303 Πέπαυται
2785 4249 2891 4321 γὰρ
2944 4252 2977 4321 ἡ
3023 4250 3099 4314 ὡς
3148 4252 3206 4303 ὲν
3256 4254 3436 4315 σκιαῖς
3483 4251 3736 4322 λατρεία.

475 4349 583 4404 que
634 4340 989 4389 certaverunt
1023 4353 1036 4389 :
1078 4351 1353 4408 causaque
1392 4338 1804 4396 contradicendi
1841 4348 1927 4399 est
1968 4341 2047 4396 eis

2156 4345 2255 4398 καὶ
2276 4344 2335 4397 ἐν
2369 4341 2592 4413 Χριστῷ
2616 4340 2681 4414 δὴ
2707 4341 2907 4413 μᾶλλον
2936 4342 3298 4414 εὐωδιάζομεν
3324 4341 3403 4413 τῷ
3428 4343 3602 4415 Πατρὶ
3633 4344 3743 4415 τὴν

474 4425 646 4496 legale
684 4425 790 4480 hoc
814 4426 1014 4494 altare;
1043 4428 1259 4483 ablatus
1293 4439 1377 4484 est
1409 4431 1559 4486 enim
1588 4432 1678 4486 ille
1712 4438 1969 4502 tanquam
1996 4431 2047 4486 in

2158 4435 2354 4506 νοητὴν
2382 4432 2642 4504 εὐοσμίαν
2662 4452 2674 4465 ·
2701 4435 2796 4490 καὶ
2819 4433 2977 4488 τοῦτο
3011 4437 3144 4507 ἡμῖν
3171 4435 3247 4498 ὡς
3275 4439 3334 4490 ὲν
3367 4438 3543 4500 σκιαῖς
3571 4437 3741 4492 πάλιν

477 4515 672 4571 umbra
705 4515 906 4582 cultus,
936 4516 1096 4588 305
1124 4526 1181 4571 et
1209 4518 1265 4573 in
1289 4509 1511 4576 Christo
1530 4522 1724 4591 potius
1753 4523 1908 4577 illum
1936 4522 2052 4592 spi-

479 4606 731 4662 ritualcm
761 4602 984 4662 odorem
1003 4609 1149 4663 Patri
1177 4605 1482 4666 adolemus.
1522 4611 1693 4683 quue
1728 4629 1924 4669 rursus
1943 4621 2062 4668 tan-

478 4713 643 4770 quam
690 4693 747 4752 in
810 4691 1041 4765 umbris,
1075 4698 1402 4772 designavit,
1451 4702 1684 4759 dicens:
1733 4722 1751 4755 (
1786 4703 1855 4759 Et
1897 4704 2063 4759 facies

481 4789 615 4843 mihi
638 4788 809 4844 altare
834 4786 1207 4861 thymiamatis
1236 4807 1303 4846 ex
1325 4792 1486 4864 lignis
1514 4783 1980 4862 imputribilibus;
2006 4803 2065 4850 et

482 4879 648 4934 facies
682 4879 816 4934 illud
845 4872 1019 4934 cubiti
1047 4881 1410 4952 longitudine,
1449 4890 1506 4936 et
1534 4873 1705 4937 cubiti
1730 4882 2055 4950 latitudine;

483 4968 808 5037 quadratum
833 4971 959 5038 erit,
1000 4978 1057 5026 et
1090 4971 1326 5026 duorum
1379 4971 1693 5028 cubitorum
1744 4974 2057 5031 altitudine.

486 5060 566 5116 Ex
599 5060 716 5129 ipso
744 5070 907 5117 erunt
930 5078 1137 5118 cornua
1166 5064 1287 5135 ejus
1319 5082 1330 5117 :
1364 5072 1421 5119 et
1446 5058 1732 5121 inaurabis
1767 5066 1906 5121 illud
1924 5082 2063 5123 auro

487 5166 649 5221 puro,
682 5152 1001 5209 craticulam
1044 5156 1182 5227 ejus,
1213 5164 1270 5211 et
1299 5156 1541 5227 parietes
1565 5152 1686 5228 ejus
1713 5157 2063 5230 circumqua-

487 5252 615 5310 que,
637 5246 694 5296 et
724 5254 933 5297 cornua
953 5242 1072 5315 ejus
1094 5242 1162 5300 ⁸⁸.
1191 5264 1211 5299 ι
1258 5244 1503 5318 Cumque
1538 5238 1618 5302 illi
1638 5245 1853 5317 amites,
1884 5256 1942 5304 et
1958 5248 2068 5304 cir-

2160 4524 2459 4590 ὑπετύπου,
2483 4522 2682 4593 λέγων·
2706 4543 2725 4576 ι
2745 4523 2855 4580 Καὶ
2874 4527 3121 4598 ποιήσεις
3141 4544 3231 4598 μοι
3252 4527 3632 4600 θυσιαστήριον
3651 4527 3743 4582 θυ-

2161 4614 2435 4686 μιάματος
2467 4614 2534 4667 ἐκ
2570 4611 2744 4679 ξύλων
2766 4613 3048 4686 ἀσήπτων,
3079 4618 3174 4673 καὶ
3204 4619 3451 4691 ποιήσεις
3477 4617 3607 4673 αὐτό
3638 4622 3742 4692 πή-

2160 4722 2300 4777 χεως
2340 4704 2401 4758 τὸ
2449 4703 2653 4775 μῆκος,
2700 4704 2797 4758 καὶ
2825 4706 3046 4777 πήχεως
3073 4707 3134 4760 τὸ
3183 4702 3357 4779 εὖρος·
3399 4707 3739 4776 τετράγωνον

2161 4796 2337 4860 ἔσται,
2366 4796 2461 4849 καὶ
2494 4794 2588 4849 δύο
2616 4797 2837 4867 πήχεων
2875 4798 2935 4851 τὸ
2965 4797 3119 4868 ὕψος.
3163 4798 3255 4863 Ἐξ
3279 4797 3442 4853 αὐτοῦ
3487 4798 3641 4853 ἔσται
3670 4800 3741 4859 τά

2165 4889 2372 4960 κέρατα
2404 4885 2593 4952 αὑτοῦ,
2625 4889 2720 4941 καὶ
2746 4889 3192 4961 καταχρυσώσεις
3227 4889 3360 4944 αὐτὸ
3398 4891 3603 4961 χρυσίῳ
3641 4907 3744 4944 καο

2167 4978 2337 5050 θαρῷ,
2369 4977 2469 5050 τὴν
2515 4977 2755 5050 ἐσχάραν
2784 4978 2951 5032 αὐτοῦ
2971 5019 2987 5046 ,
3031 4979 3127 5034 καὶ
3161 4982 3289 5042 τοὺς
3322 4980 3536 5051 τοίχους
3572 4977 3741 5036 αὑτοῦ

2169 5070 2373 5141 κύκλῳ,
2393 5068 2486 5123 καὶ
2505 5068 2575 5122 τὰ
2596 5069 2805 5141 κέρατα
2834 5069 3021 5124 αὑτοῦ.
3046 5090 3065 5123 ι
3099 5069 3378 5134 Σκυτάλας
3395 5070 3454 5124 δὲ
3471 5068 3620 5140 αὐτῷ
3646 5071 3741 5124 καὶ

2169 5160 2429 5233 κρίκους,
2471 5164 2564 5217 καὶ
2591 5162 2921 5234 ἀναφορέας.
2958 5160 3122 5235 ἕτερά
3160 5180 3220 5219 τε
3256 5164 3480 5219 τοιαῦτα
3512 5178 3742 5234 προστε-

2172 5249 2389 5319 θεικὼς,
2407 5253 2501 5307 καὶ
2523 5253 2711 5325 θήσεις
2726 5251 2880 5318 αὐτὸ,
2899 5253 3086 5324 φησὶν,
3104 5276 3125 5311 ι
3146 5256 3366 5312 Ἔναντι
3386 5252 3483 5308 τοῦ
3504 5265 3744 5307 xam-

552 5395 597 5428 "’
617 5393 782 5450 Num.
812 5409 923 5462 ιη,
973 5394 1002 5449 1
1028 5410 1184 5467 seqq.
1260 5396 1491 5465 ³⁸1Μι1.,
1519 5397 1610 5465 '57,
1632 5397 1721 5453 58.
1796 5396 1844 5432 "
1872 5397 2043 5455 Exod.

2151 5417 2269 5470 ινιτ,
2298 5401 2388 5459 25.
2464 5403 2514 5438 ⁸⁸
2535 5403 2707 5463 Exod.
2742 5422 2869 5477 xxx,
2895 5407 3014 5465 1-5.

676 5571 1211 5664 Eligam-quomodo
1226 5576 1516 5664 dextri-bu
1547 5578 1668 5664 pan
1699 5575 1868 5664 fuisse
1906 5576 2055 5664 dicat
2095 5583 2358 5654 Bcselecl,
2393 5605 2559 5659 quem
2604 5590 2888 5664 Scriptura
2920 5592 3207 5651 manifeste
3268 5593 3404 5652 dicit
3449 5591 3617 5651 fuisse
3685 5589 3751 5647 de

547 5637 641 5694 ibu
672 5640 842 5709 Juda;
873 5637 1085 5698 socium
1117 5660 1250 5700 vero
1279 5647 1401 5718 ejus
1426 5648 1604 5715 Eliab,
1636 5649 1705 5705 de
1733 5637 1883 5707 tribu
1908 5652 2045 5708 Dan.
