3962 6296
206 365 285 419 an
876 350 965 413 ut:
1004 346 1444 411 ADOBATIONE
1480 353 1545 409 IN
1589 342 1859 408 srtul'ru
1898 350 1985 404 ET
2025 318 2397 405 manus.
2438 348 2566 403 ua.
2605 348 2694 405 ix.
3330 346 3443 423 eis,

204 480 451 549 τάσματος
476 466 570 527 τοῦ
599 466 749 537 δντος
779 473 870 527 ἐπὶ
899 475 999 544 τῆς
1027 471 1259 526 κιϐωτοῦ
1293 471 1389 526 τοῦ
1426 470 1750 543 μαρτυρίου,

1881 470 2029 533 :ulos,
2059 478 2115 524 et
2143 479 2348 535 vectes,
2381 477 2437 524 et
2462 478 2657 524 caetera
2681 467 2948 538 ejusmodi
2978 467 3291 538 adjecisset.
3320 468 3431 523 ait:

207 576 252 625 ὲν
292 565 369 632 οἷς
418 563 812 637 γνωσθήσομαί
860 581 943 617 σοι
987 566 1101 617 ὲκεῖ
1159 562 1310 628 Θεός·
1366 564 1459 617 καὶ
1504 562 1757 633 θυμιάσει

1881 580 1886 611 ι
1918 558 1986 615 Ει
2010 575 2181 629 pones
2208 561 2341 615 illud
2362 568 2553 615 contra
2586 558 2768 613 velum
2796 556 2941 628 quod
2965 566 3049 611 est
3071 571 3236 628 super
3253 572 3436 613 arcam

206 664 275 717 ἐπ’
298 659 457 714 αὐτοῦ
494 654 708 728 Ἀαρὼν
735 655 987 726 θυμίαμα
1017 655 1269 708 σύνθετον
1291 653 1483 707 λεπτὸν
1505 652 1565 706 τὸ
1591 650 1756 723 πρωῒ,

1881 651 2323 715 .estimoniorum,
2351 651 2407 705 in
2430 649 2633 720 quibus
2651 660 2948 719 cognoscar
2966 659 2997 702 a
3024 655 3076 703 te
3098 647 3227 703 inde
3250 647 3394 702 Deus
3418 663 3433 700 :

208 751 364 822 πρωῖι
396 749 529 802 ὅταν
576 744 870 817 ὲπισκιάζῃ
912 746 1039 808 τοὺς
1074 744 1335 815 λύχνους,
1377 742 1629 814 θυμιάσει
1672 741 1757 794 ἐπ’

1881 752 1918 796 ει
1972 742 2229 798 incendet
2267 756 2432 813 super
2461 741 2583 812 ipso
2616 738 2801 799 Aaron
2834 738 3119 793 incensum
3160 737 3436 807 composi-

206 839 367 895 αὑτοῦ.
394 839 509 893 Καὶ
527 839 657 892 ὅταν
682 836 894 908 ἐξάπτῃ
928 831 1137 906 Ἀαρὼν
1154 834 1278 898 τοὺς
1306 832 1530 904 λύχνους
1560 832 1621 885 τὸ
1640 828 1756 900 ὀψὲ,

1881 849 1978 887 ,υιη
2007 845 2167 889 tenue
2197 848 2377 897 mane,
2422 847 2618 898 mane;
2665 845 2789 885 cum
2837 834 3131 897 componet
3162 826 3435 891 lucernas.

206 932 436 1002 θυμιάσει
466 930 553 983 ἐπ’
591 927 759 982 αὐτοῦ
795 927 1048 998 θυμίαμα
1086 924 1465 997 ὲνδελεχισμοῦ
1499 922 1588 977 διὰ
1628 938 1761 977 nav-

1881 925 2105 981 idolehit
2132 941 2296 995 super
2319 924 2457 995 ipso.
2488 924 2557 978 Et
2586 938 2709 976 cum
2744 918 3005 975 accendet
3040 918 3225 972 Aaron
3256 915 3439 971 lucer-

204 1021 279 1084 ’ὡς
305 1019 482 1073 ἔναντι
533 1018 742 1089 Κυρίου
776 1019 854 1081 εἰς
891 1016 990 1079 τὰς
1026 1016 1220 1085 γενεὰς
1269 1013 1469 1069 αὐτῶν.
1509 1012 1620 1067 Καὶ
1663 1012 1762 1065 οὑκ

1881 1033 1962 1073 ias
1976 1017 2209 1088 vesperi,
2235 1016 2668 1086 incendetsuper
2691 1013 2825 1068 illud
2850 1014 3134 1067 incensum
3155 1011 3444 1066 continua-

206 1113 418 1175 ἀνοίσεις
447 1113 533 1164 ἐπ’
567 1109 717 1182 αὑτῷ
738 1109 985 1181 θυμίαμα
1006 1108 1214 1180 ἕτερον·
1242 1107 1518 1179 κάρπωμα
1550 1104 1760 1171 θυσίας,

1881 1109 2030 1165 .ionis
2057 1110 2111 1164 in
2147 1117 2474 1180 perpetuum
2500 1123 2684 1164 coram
2714 1106 2945 1162 Domino
2971 1107 3027 1160 in
3059 1106 3443 1177 generationes

207 1207 285 1259 καὶ
316 1203 544 1274 σπονδὴν
575 1202 636 1256 οὐ
671 1201 912 1265 σπείσεις
959 1200 1045 1254 ἐπ’
1088 1199 1275 1255 αὐτοῦ.
1320 1198 1429 1252 Καὶ
1458 1197 1760 1267 ὲξιλάσεται

1881 1218 2092 1268 eorum;
2123 1210 2181 1256 et
2207 1217 2317 1257 non
2350 1201 2599 1271 imponas
2631 1214 2798 1269 super
2830 1213 2897 1254 eo
2935 1198 3218 1253 incensum
3243 1196 3392 1252 aliud
3421 1214 3437 1252 :

206 1298 278 1349 ἐπ’
305 1293 468 1349 αὑτοῦ
519 1292 730 1362 Ἀαρὼν
758 1292 849 1347 ἐπὶ
873 1292 981 1347 τῶν
1006 1292 1255 1365 κεράτων
1278 1290 1465 1356 αὑτοῦ,
1498 1287 1645 1354 ἅπαξ
1668 1287 1760 1341 τοῦ

1881 1293 2198 1348 )blationem
2232 1292 2446 1357 hostire,
2478 1301 2533 1347 et
2570 1291 2888 1346 libationem
2915 1305 3028 1345 non
3053 1288 3253 1344 libabis
3277 1303 3443 1358 super

1868 1384 2007 1454 ipso.
2039 1385 2108 1438 Et
2136 1383 2527 1454 propitiabitur
2554 1398 2718 1452 super
2740 1382 2858 1452 ipso
2886 1384 3065 1436 Aaron
3097 1381 3153 1435 in
3181 1380 3445 1437 cornibus

1864 1475 2003 1546 ejus,
2027 1474 2194 1528 semel
2225 1489 2325 1543 per
2351 1488 2555 1527 annum
2588 1472 2656 1528 de
2679 1470 2939 1543 sanguine
2957 1470 3293 1541 purgationis
3315 1485 3446 1541 pec-

1865 1572 2113 1622 catorum
2135 1564 2563 1637 propitiationis.
2583 1563 2764 1620 Semel
2789 1563 2843 1617 in
2862 1577 3005 1617 anno
3034 1562 3288 1634 purgabit
3305 1560 3442 1616 illud

1866 1657 1923 1713 in
1955 1658 2335 1729 generationes
2365 1673 2556 1712 eorum
2586 1657 2879 1714 :Sanctum
2909 1662 3218 1710 sanctorum
3236 1666 3320 1709 est
3338 1655 3446 1710 Do~

208 1386 433 1442 ἐνιαυτοῦ
464 1378 572 1439 ἀπὸ
597 1385 690 1439 τοῦ
720 1386 951 1456 αἵματος
979 1385 1073 1439 τοῦ
1092 1382 1433 1455 καθαρισμοῦ
1451 1381 1560 1437 τῶν
1589 1383 1765 1452 ἁμαρ-

207 1479 320 1532 τιῶν
336 1477 431 1532 τοῦ
449 1476 766 1547 ὲξιλασμοῦ.
783 1468 967 1541 Ἀπαξ
987 1476 1081 1530 τοῦ
1103 1475 1349 1531 ἐνιαυτοῦ
1369 1474 1621 1547 καθαριεῖ
1634 1469 1765 1526 αὐτὸ

206 1571 275 1634 είς
310 1570 409 1633 τὰς
449 1569 644 1639 γενεὰς
678 1568 876 1622 αὐτῶν*
909 1568 1098 1638 Ἀγιον
1139 1569 1248 1623 τῶν
1298 1568 1469 1638 ἁγίων
1521 1564 1638 1620 ἐστὶ
1685 1564 1764 1637 τῷ

146 1652 149 1655 ’
208 1660 400 1731 Κυρίῳ.
446 1675 465 1711 ι
548 1682 559 1703 π

268 1752 468 1806 ΠΔΛΛ.
498 1752 592 1815 Εἰς
627 1751 796 1803 τύπον
827 1748 934 1822 ἄρα
968 1747 1203 1821 Χριστοῦ
1237 1748 1329 1801 καὶ
1384 1746 1541 1801 τοῦτο
1591 1755 1766 1818 παρα·
1797 1811 1833 1822 ﬁ
1866 1748 2020 1803 mino
2036 1748 2100 1800 δ’.
2137 1766 2155 1799 ι

204 1843 487 1914 assessu;
572 1811 586 1815 ⁷
837 1811 879 1915 .’
1022 1811 1035 1821 ’
1671 1811 1683 1818 ’

1930 1835 2128 1891 PALL.
2159 1835 2218 1890 In
2247 1835 2477 1907 ﬁguram
2514 1852 2647 1908 ergo
2696 1834 2902 1893 Christi
2931 1839 3037 1893 hoc
3069 1838 3445 1908 accipiemus?

261 1933 423 1987 ΚΥΡ.
474 1931 620 1986 Πάνυ
668 1930 768 2001 μὲν
812 1925 925 1997 οὖν,
972 1923 1017 1984 ὧ
1054 1929 1337 1986 Παλλάδιε.
1401 1929 1621 2000 Ἀληθὲς
1654 1927 1763 2001 γὰρ

1933 1925 2091 1981 CYR.
2133 1926 2364 1984 Maxime
2391 1943 2546 1992 vero,
2570 1927 2797 1983 Palladi.
2821 1928 2967 1983 Nam.
2991 1928 3046 1984 id
3071 1945 3262 1983 verum
3301 1943 3444 1993 esse,

204 2023 277 2076 ὃτι
303 2022 363 2075 τὸ
388 2022 575 2093 χρῆμά
605 2022 743 2085 ἐστι,
770 2020 831 2074 τὸ
857 2020 1034 2091 τίμιον
1062 2020 1225 2074 αὐτοῦ
1252 2021 1346 2074 καὶ
1387 2018 1519 2091 βαθὺ
1560 2022 1765 2091 μυστή-

1881 2037 1929 2075 ex
1955 2022 2215 2092 praeclaro
2236 2031 2292 2077 et
2322 2021 2542 2077 sublimi
2563 2023 2681 2093 ejus
2709 2022 2966 2093 mysterio
2995 2031 3206 2093 patere,
3238 2032 3295 2077 et
3319 2022 3445 2092 qui-

206 2130 308 2195 pth
328 2109 662 2183 ὲνδείξίει]εν
689 2110 755 2165 ἂν
774 2111 865 2165 καὶ
880 2110 1025 2182 μάλα
1048 2111 1243 2182 ῥᾳδίως
1259 2114 1370 2175 τοῖς
1386 2127 1449 2180 γε
1470 2111 1764 2182 ᾑρημένοις

1881 2112 1989 2167 lem
2027 2112 2283 2169 facillime
2314 2114 2537 2185 poterit,
2582 2114 2628 2169 si
2668 2114 2761 2184 qui
2794 2096 3073 2169 subtiliter
3123 2122 3179 2168 et
3216 2113 3449 2168 solerter

205 2203 264 2257 τὰ
302 2203 478 2257 τοιάδε
512 2203 989 2275 πολυπραγμονεῖν
1041 2201 1239 2275 ἰσχνῶς
1275 2220 1336 2257 τε
1378 2204 1474 2258 καὶ
1514 2206 1767 2277 κατείδρι-

1881 2205 2177 2276 iujusmodi
2259 2221 2349 2261 res
2418 2206 2786 2278 pervestigare
2851 2204 3144 2260 voluerint.
3222 2204 3447 2259 Factum

204 2295 459 2367 νημένως.
495 2295 770 2365 Πεποίητο
810 2294 909 2366 μὲν
965 2294 1072 2366 γὰρ
1132 2298 1197 2349 ἐκ
1250 2293 1423 2363 ξύλων
1449 2296 1755 2364 -ἀσήπτων,

1881 2288 2013 2351 :him
2041 2302 2162 2351 erat
2197 2312 2265 2351 ex
2292 2296 2458 2367 lignis
2486 2296 2947 2367 imputribilibus,
2981 2304 3270 2365 totumque
3307 2309 3447 2349 auro

204 2384 376 2457 χρυσῷ
398 2384 456 2437 δὲ
484 2384 606 2439 ὅλον
633 2384 994 2458 ἀλήηε]ιπτο.
1013 2385 1359 2459 Ἀδιάφθορον
1390 2385 1498 2458 γὰρ
1521 2386 1582 2439 τὸ
1609 2384 1766 2457 σῶμα

1881 2393 2103 2452 ;ectum;
2141 2386 2567 2457 incorruptibile
2602 2402 2837 2457 namque
2877 2394 2962 2442 est
2984 2385 3191 2442 Christi
3223 2399 3445 2454 corpus,

204 2476 451 2549 Χριστοῦ,
494 2479 588 2531 καὶ
617 2477 779 2547 φύσιν
831 2478 890 2531 ὲν
917 2477 1095 2549 ἑαυτῷ
1126 2477 1225 2548 τὴν
1262 2476 1414 2531 θείαν
1458 2476 1765 2532 καταπλου-

1881 2486 1927 2532 et
1970 2477 2212 2533 divinam
2262 2479 2319 2533 in
2361 2494 2420 2533 se
2458 2479 2576 2549 ipso
2608 2485 2862 2533 naturam
2904 2478 3111 2533 habet:
3152 2496 3171 2529 ι
3207 2473 3449 2533 Verbum

210 2568 348 2622 'coﬁv'
388 2587 408 2621 ι
446 2568 647 2637 Γέγονε
674 2567 784 2639 γὰρ
816 2566 952 2638 σὰρξ
979 2570 1006 2622 6
1030 2567 1222 2637 Λόγος,
1254 2569 1351 2622 καὶ
1374 2568 1683 2641 ἐσκήνωσεν
1709 2570 1768 2623 ὲν

203 2660 343 2730 ἡμῖν.
389 2674 410 2711 ›
464 2657 715 2729 ’Δπαρχὴ
761 2657 819 2711 δὲ
842 2656 1001 2729 ἡμῶν
1028 2658 1057 2710 6
1092 2654 1347 2728 Χριστὸς,
1375 2657 1469 2712 καὶ¹
1499 2655 1624 2728 ῥίζα
1671 2655 1768 2713 τοῦ

205 2751 385 2819 γένους
450 2748 879 2820 ἁνακτιζομένου
948 2748 1087 2820 πρὸς
1152 2748 1459 2821 ἀφθαρσίαν
1515 2748 1603 2803 διὰ
1669 2747 1768 2821 τῆς

205 2843 330 2914 πρὸς
352 2841 489 2896 Θεδν
522 2839 789 2909 ἑνώσεως,
819 2841 870 2894 εί
918 2841 1013 2895 καὶ
1057 2839 1348 2911 ἐξαιρέτως
1383 2842 1470 2894 ἐπ’
1503 2840 1666 2895 αὑτοῦ
1709 2839 1770 2894 τὸ

202 2937 383 3006 χρῆμα
409 2936 606 2987 νοοῖτο.
637 2933 863 3006 Κέρατα
884 2933 941 2986 δὲ
972 2931 1051 3004 τῷ
1080 2931 1469 3005 θυσιαστηρίῳ,
1497 2932 1770 2987 xa‘toiove‘t

204 3027 376 3095 χεῖρες
415 3023 915 3094 ὲκπεπετασμέναι,
952 3021 1166 3077 καὶτοῦ
1202 3023 1382 3094 τιμίου
1427 3022 1661 3095 σταυροῦ
1709 3023 1772 3076 τὸ

1881 3053 1936 3093 ac
1950 3037 2123 3093 veluti
2159 3052 2357 3091 manus
2406 3043 2661 3099 extentae,
2697 3034 2949 3105 gloriosae
2983 3033 3165 3089 crucis
3201 3034 3451 3089 habitum

207 3116 387 3187 σχῆμα
429 3115 969 3187 προαναπλάττοντα.
1012 3115 1077 3169 Εἰ
1101 3114 1158 3169 δὲ
1188 3115 1253 3186 δὴ
1306 3116 1543 3189 τέτταρὰ
1568 3133 1652 3181 τις
1696 3110 1773 3169 εἷ-

1881 3128 2305 3200 ρτωίὶειιταηιοε.
2340 3124 2497 3193 Quod
2525 3125 2572 3179 si
2625 3124 2749 3194 quis
2796 3134 3034 3193 quatuor
3078 3138 3201 3178 esse
3243 3136 3452 3181 cornua

204 3219 286 3261 ναι
306 3207 458 3276 λέγοι
496 3207 566 3261 τὰ
609 3207 839 3280 κέρατα,
886 3205 1107 3261 ἀδικοῦν
1140 3206 1315 3274 οὐδὲν,
1346 3208 1426 3271 είς
1454 3223 1518 3275 γε
1548 3206 1609 3260 τὸ
1636 3209 1775 3263 νοεῖν

1881 3218 2096 3283 dixerit,
2147 3217 2286 3272 nihil
2314 3215 2693 3286 impedimenti
2732 3213 2981 3269 studioso
3018 3227 3084 3269 ea
3132 3229 3222 3270 res
3257 3214 3450 3281 affert,

202 3298 371 3371 ὀρθῶς
388 3298 480 3353 τὸν
496 3298 790 3370 φιλομαθῆ.
809 3298 1162 3371 Τετραγώνου
1187 3316 1246 3353 τε
1267 3299 1376 3370 γὰρ
1402 3298 1497 3352 καὶ
1526 3298 1775 3353 ἰσοπλεύ-

1881 3309 2168 3381 quominus
2186 3316 2335 3364 recte
2372 3306 2727 3377 intelligatur.
2758 3304 2915 3370 Nam,
2938 3319 3064 3360 cum
3102 3305 3274 3360 altare
3312 3319 3450 3375 qua-

205 3405 295 3459 ρου
355 3388 607 3459 πανταχῆ
652 3386 746 3441 τοῦ
798 3387 1181 3460 θυσιαστηρίου
1227 3387 1584 3458 τυγχάνοντος
1614 3429 1630 3453 ,
1687 3388 1775 3460 ίση

1881 3404 2095 3458 dratum
2126 3400 2218 3466 sit,
2253 3408 2311 3456 et
2341 3398 2645 3469 aequalibus
2686 3396 2932 3466 undique
2967 3396 3254 3462 lateribus,
3287 3406 3454 3467 atque

203 3479 543 3550 πανταχόθεν
598 3477 708 3533 τῶν
768 3479 1075 3551 κεράτωνή
1114 3478 1212 3532 θέα
1236 3494 1251 3511 ⁸
1284 3479 1377 3532 καὶ
1422 3478 1506 3542 τίς
1564 3481 1594 3532 6
1627 3478 1775 3532 τοῦδε

1881 3508 1946 3549 ex
1980 3492 2130 3549 omni
2162 3496 2318 3562 parte
2337 3504 2542 3546 cornua
2567 3489 2980 3560 conspiciantur
3001 3506 3015 3556 ;
3034 3489 3140 3544 hoc
3163 3504 3295 3544 vero
3318 3490 3453 3560 quid

1868 2588 1997 2629 caro
2022 2573 2224 2628 factum
2249 2583 2353 2638 est,
2388 2582 2444 2630 et
2472 2574 2741 2629 habitavit
2770 2574 2827 2629 in
2866 2573 3102 2630 nobis“.
3141 2593 3160 2626 ι
3185 2572 3451 2629 Ρτξιῐιίιίω

1867 2678 2034 2737 porro
2055 2673 2275 2731 nostrae,
2290 2673 2453 2736 atque
2470 2664 2626 2720 radix
2639 2664 2811 2721 nostri
2829 2664 3048 2735 generis
3065 2663 3320 2720 Christus
3337 2672 3419 2719 est
3434 2684 3447 2717 :

1870 2757 2018 2830 quod
2046 2773 2241 2830 genus,
2280 2758 2387 2813 hoc
2412 2757 2534 2828 ipso
2568 2757 2717 2829 quod
2751 2772 2878 2812 cum
2906 2757 3020 2813 Deo
3054 2758 3450 2837 junctumest,

1869 2852 1937 2907 ad
1959 2851 2425 2922 incorruptionem
2458 2858 2779 2917 recreatur;
2808 2849 3058 2919 quamvis
3096 2849 3153 2904 in
3183 2850 3280 2905 illo
3308 2862 3452 2921 praeu-

1872 2945 2033 3016 cipue
2063 2959 2129 2999 ea
2145 2960 2235 2999 res
2264 2943 2621 3014 intelligatur.
2660 2943 2800 2998 Sunt
2828 2943 2994 2998 etiam
3027 2942 3187 2998 altari
3222 2958 3449 3007 cornua.

202 3569 388 3638 λόγος
418 3572 476 3624 ὲν
506 3569 669 3624 παντὶ
692 3568 801 3641 γὰρ
827 3569 978 3640 τόπῳ
1008 3570 1243 3641 Χριστὸς
1286 3570 1631 3641 γινώσκεται,
1687 3571 1780 3624 καὶ

204 3658 359 3725 οὗτος
401 3661 843 3733 ἐσταυρωμένος
899 3660 1127 3733 αὔχημα
1201 3662 1261 3716 δὲ
1327 3662 1486 3716 τοῦτο
1528 3662 1779 3733 λαμπρὸν

202 3757 312 3817 τοῖς
343 3752 693 3806 πιστεύουσιν
736 3752 815 3815 εἰς
848 3752 1036 3806 αὐτόν.
1091 3752 1202 3806 Καὶ
1246 3752 1377 3821 γοῦν
1418 3754 1448 3806 6
1498 3752 1780 3816 θεσπέσιος

203 3837 443 3906 Παῦλος,
480 3859 500 3892 ι
541 3840 696 3911 Ἐμοὶ
715 3839 773 3893 δὲ
803 3840 877 3911 μὴ
901 3840 1109 3908 γένοιτο
1140 3839 1465 3910 καυχᾶσθαι,
1510 3841 1560 3893 εί
1596 3839 1670 3912 μὴ
1722 3842 1780 3894 ὲν

203 3931 281 4003 τῷ
322 3931 543 4003 σταυρῷ
566 3931 661 3984 τοῦ
687 3931 946 4002 Χριστοῦ,
980 3931 1046 3985 δι’
1104 3925 1163 3986 οὗ
1194 3931 1318 4001 ἐμοὶ
1344 3931 1547 4003 κόσμος
1587 3932 1783 3985 ἐσταύ-

1880 3584 2182 3657 signiﬁeat?
2231 3583 2394 3654 306
2424 3598 2620 3653 nempe
2683 3583 2740 3636 in
2799 3582 2949 3636 omni
3005 3581 3128 3636 loco
3172 3581 3453 3638 Christum

1880 3677 2123 3748 agnosci,
2157 3691 2392 3747 eumque
2416 3674 2738 3730 crucifixum
2762 3689 2776 3728 :
2802 3675 2855 3729 id
2884 3682 3069 3730 autem
3096 3675 3152 3729 in
3175 3690 3302 3730 cum
3334 3690 3454 3730 cre-

1881 3766 2141 3821 dentibus
2174 3766 2404 3822 illustris
2432 3773 2517 3822 est
2542 3766 2816 3837 gloriatio.
2850 3767 3039 3837 Itaque
3077 3767 3271 3823 beatus
3312 3768 3455 3823 Pau-

1880 3858 2012 3912 lus:
2053 3877 2073 3909 ι
2116 3856 2247 3912 Mihi
2296 3866 2501 3923 autem,
2534 3876 2553 3908 ι
2578 3858 2776 3929 inquit,
2836 3878 2853 3909 ι
2886 3858 3028 3913 absit
3064 3860 3308 3931 gloriari,
3349 3860 3455 3915 nisi

1883 3948 1942 4003 in
1973 3964 2138 4004 cruce
2166 3948 2393 4014 Christi,
2434 3963 2536 4019 per
2557 3964 2719 4019 quem
2742 3949 2876 4003 mihi
2904 3949 3143 4005 mundus
3166 3950 3460 4006 cruciﬁxus

210 4040 405 4093 ρωται,
435 4020 599 4092 κάγὼ
630 4021 708 4093 τῷ
732 4022 942 4094 κόσμῳ.
972 4042 991 4075 ›
1032 4023 1359 4095 Πρόσκειται
1386 4025 1444 4079 δὲ
1473 4024 1553 4096 τῷ
1591 4026 1775 4097 τεχνή-

1885 4047 1989 4105 est,
2048 4048 2105 4095 et
2156 4055 2257 4111 ego
2279 4040 2486 4095 mundo
2520 4040 2585 4092 “.
2628 4058 2647 4091 ι
2681 4041 2949 4111 Adjuncta
2998 4052 3125 4096 sunt
3193 4051 3459 4111 praeterea

209 4130 360 4185 ματι,
393 4115 468 4169 τὰ
500 4114 758 4169 τελοῦντα
788 4114 926 4186 πρὸς
963 4116 1197 4187 κόσμον,
1232 4116 1471 4187 στεφάνη
1517 4117 1775 4189 στροπτή·

1886 4130 2018 4185 huic
2038 4131 2191 4201 operi
2241 4147 2364 4201 quae
2406 4130 2475 4185 ad
2524 4139 2777 4184 ornatum
2806 4132 3103 4199 pertinent,
3126 4147 3326 4201 nempe
3362 4146 3457 4185 co—

207 4208 301 4258 xa‘t
349 4207 459 4277 γάρ
492 4207 639 4259 ἐστιν
662 4204 878 4287 ἀληθῶς
917 4224 935 4257 ι
973 4206 1185 4278 Ὡραῐος
1220 4208 1404 4262 κάλλει
1449 4209 1601 4280 παρὰ
1656 4210 1775 4272 τοὺς

1887 4236 2021 4278 rona
2046 4221 2266 4286 tortilis;
2302 4229 2388 4275 est
2408 4221 2554 4276 enim
2580 4236 2710 4275 sane
2753 4221 3069 4276 Emmanuel
3118 4243 3136 4273 ι
3166 4223 3461 4292 Speciosus

208 4293 360 4382 υἱοὺς
388 4292 500 4346 τῶν
531 4292 834 4363 ἀνθρώπων
862 4313 883 4347 ι
917 4296 947 4348 6
984 4296 1354 4368 Ἐμμανουήλ.
1396 4298 1775 4370 Ἐπενήνεκται

1889 4313 2063 4368 forma
2108 4327 2219 4383 prae
2250 4310 2374 4366 filiis
2397 4311 2683 4365 hominum
2709 4311 2773 4365 ’θ’δ.
2816 4331 2836 4363 ι
2869 4312 3067 4368 Addita
3115 4324 3244 4369 sunt
3270 4315 3458 4380 etiam,

205 4383 263 4437 δὲ
321 4385 422 4439 καὶ
459 4384 531 4438 τὰ
576 4386 657 4448 είς
693 4385 883 4457 χρείαν
929 4387 1099 4457 αὐτῷ,
1148 4391 1198 4442 οί
1250 4390 1539 4462 ἀναφορεῖς
1589 4408 1650 4443 τε
1692 4392 1775 4445 καί

1888 4417 2010 4474 quae
2035 4403 2102 4459 ad
2131 4403 2250 4473 ejus
2278 4418 2435 4456 usum
2470 4403 2843 4472 pertinerent,
2886 4413 3089 4469 vectes,
3134 4405 3376 4476 inquam,
3404 4418 3461 4463 et

203 4475 276 4528 τὰ
320 4474 507 4529 λοιπά.
546 4475 812 4547 Φέρεσθαι
845 4478 954 4549 γὰρ
985 4481 1043 4533 ὲν
1093 4480 1280 4551 κόσμῳ
1329 4480 1473 4535 κατὰ
1506 4482 1631 4546 τοὺς
1680 4483 1775 4535 τῶι

1892 4496 2101 4567 reliqua
2128 4496 2513 4550 instrumenta.
2543 4496 2675 4549 Nam
2698 4496 2944 4552 divinum
2977 4498 3108 4554 illud
3142 4474 3329 4564 altare,
3352 4516 3462 4571 quo

202 4563 559 4630 ἀναζεύξεων
605 4566 831 4636 καιροὺς
896 4565 960 4619 τὸ
1030 4567 1171 4621 θεῖον
1233 4568 1339 4622 ἔδει
1388 4568 1775 4640 θυσιαστήριον.

1891 4563 2134 4655 tempore
2157 4582 2612 4657 proﬁciscendum
2641 4592 2780 4644 erat.
2812 4585 3070 4640 decenter
3093 4586 3223 4639 ferri
3246 4563 3465 4655 Oporte-

207 4655 432 4726 Ἔδρων
466 4655 523 4708 δὲ
551 4656 711 4709 τοῦτο
737 4657 830 4710 καὶ
858 4658 908 4711 οἱ
957 4658 1232 4713 θεσπέσιοι
1262 4659 1526 4731 μαθηταὶ,
1558 4659 1775 4731 Χριστὺπ

1890 4678 2001 4733 hat.
2037 4677 2096 4732 Id
2125 4691 2256 4731 vero
2288 4655 2563 4731 faciebant
2589 4675 2735 4731 beati
2770 4677 2846 4732 illi
2878 4679 3150 4748 discipuli,
3174 4694 3298 4733 cum
3322 4694 3462 4749 prze-

203 4747 612 4817 περιφὲροντες
661 4747 752 4802 διὰ
795 4748 887 4803 τοῦ
935 4750 1290 4822 κηρύγματος
1341 4751 1690 4825 εὐσχημόνως
1734 4769 1775 4804 τε

1892 4768 2129 4822 dicando
2162 4767 2442 4823 Christum
2476 4767 2978 4824 circumferebant:
3008 4747 3237 4824 honeste
3279 4747 3463 4824 autem

201 4839 305 4891 καὶ
367 4838 516 4892 κατὰ
564 4838 737 4905 τάξιν,
785 4840 860 4906 ὡς
915 4842 1051 4895 Θεοῦ
1089 4843 1324 4896 διάκονοι
1379 4841 1472 4896 καὶ
1527 4842 1775 4912 οἰκονόμο

1893 4868 1950 4913 et
1969 4858 2242 4923 ordinate,
2273 4859 2443 4914 utDei
2464 4860 2725 4927 ministri,
2749 4870 2805 4916 et
2832 4861 3238 4932 dispensatores
3261 4874 3465 4935 myste-

205 4930 541 4998 μυστηρίων
566 4930 824 4997 Χριστοῦ.
858 4950 875 4982 ι
907 4931 1100 5003 Θήσεις
1128 4932 1206 4998 δὲ,
1230 4951 1248 4984 ι
1276 4932 1428 5004 φησι,
1465 4950 1482 4983 ι
1518 4930 1580 4985 τὸ
1609 4932 1775 4986 θυσια.⁴

1899 4951 2111 5003 riorum
2145 4950 2348 5006 Christi
2376 4952 2442 5005 ⁸³.
2504 4972 2522 5003 ‹
2553 4950 2729 5008 Pones
2771 4962 2953 5008 autem
2983 4953 3175 5018 altare,
3208 4974 3226 5005 ι
3266 4954 3464 5025 inquit,

1908 5048 2123 5095 «contra
2136 5042 2317 5096 velum
2342 5043 2588 5113 quodest
2610 5060 2775 5115 super
2798 5060 2977 5099 arcam
3005 5046 3465 5109 testimoniorum,

1899 5129 1957 5183 in
1988 5132 2191 5201 quibus
2218 5148 2516 5204 cognoscar
2549 5145 2654 5190 ate
2691 5135 2817 5190 inde
2840 5135 2905 5189 ⁴⁶.
2943 5155 2962 5187 ›

202 5022 446 5091 στήρισν
480 5020 740 5075 ἀπέναντι
762 5021 858 5074 τοῦ
880 5023 1364 5094 καταπετάσματος
1388 5022 1479 5077 τοῦ
1519 5024 1669 5087 ὄντος
1704 5024 1796 5076 ἐπὶ

200 5112 309 5182 τῆς
366 5112 603 5165 κιϐωτοῦ
646 5113 755 5166 τῶν
810 5116 1124 5188 μαρτυρίων
1185 5118 1243 5170 ὲν
1288 5112 1369 5184 οἷς
1412 5117 1797 5189 γνωσθήσομαί

203 5218 294 5256 σοι
320 5204 561 5258 ἐκεῖθεν.
604 5222 622 5255 ι

279 5294 504 5349 ΠΔΛΔ.
550 5288 685 5350 Εἶτα
727 5295 780 5351 τί
811 5298 872 5351 τὸ
903 5299 1195 5367 ἀναγκαῖον
1230 5298 1324 5351 καὶ
1361 5297 1551 5370 χώρων
1590 5299 1768 5355 αὐτῶν

202 5374 398 5449 οἶμαι,
434 5381 546 5436 τῶν
580 5385 928 5455 τεταγμένων
947 5405 962 5453 ;

1905 5401 2051 5455 tione
2085 5374 2366 5454 definitis‘.3

503 5474 591 5539 Ὧς
617 5474 785 5546 βαθὺς
816 5478 914 5548 μὲν
940 5481 969 5532 6
993 5479 1170 5549 λόγος,
1205 5480 1577 5554 καὶίάμυδρὺς
1613 5484 1752 5552 ἄγαν

1970 5487 2126 5544 CYR.
2154 5490 2311 5544 Latet
2337 5492 2558 5562 quidem
2602 5495 2659 5551 in
2688 5498 2982 5567 profundo,
3025 5512 3083 5559 et
3126 5503 3360 5559 obscura
3390 5506 3474 5561 ni-

203 5561 329 5635 ὶρῶ
357 5564 420 5618 δὲ
445 5566 518 5631 ὡς
541 5567 643 5636 ενι,
677 5569 798 5641 Θεῷ
820 5571 1045 5637 πίσυνος
1074 5573 1153 5644 τῷ
1182 5574 1276 5628 καὶ
1317 5575 1517 5639 αὐτοὺς
1547 5577 1775 5645 σοφοῦντ

1902 5580 2008 5635 mis
2031 5588 2116 5634 est
2144 5580 2307 5652 hujus
2341 5583 2422 5637 rei
2453 5585 2593 5640 ratio
2626 5605 2639 5640 :
2675 5561 2854 5644 dicam
2892 5561 3095 5658 tamen,
3122 5593 3235 5648 Deo
3275 5592 3469 5655 fretus,

1975 5308 2172 5363 PALL.
2198 5309 2305 5364 Sed
2329 5310 2463 5380 quid
2487 5311 2704 5366 tandem
2742 5329 2881 5384 opus
2910 5316 3013 5375 fuit
3034 5320 3168 5376 locis
3196 5330 3349 5376 certa
3384 5338 3468 5376 ra-

255 5716 312 5750 “
363 5717 537 5780 Exod.
557 5741 687 5791 xxx,
725 5724 877 5782 7-10.
920 5727 968 5761 “
989 5729 1145 5787 Joan.
1175 5749 1214 5795 ι,
1245 5733 1332 5786 14.
1406 5734 1453 5765 ⁸³
1477 5731 1650 5789 Galat.
1694 5751 1766 5799 ιἰ,

1954 5737 1998 5769 ’⁸⁸
2024 5737 2163 5793 Psal.
2190 5756 2331 5809 κων,
2355 5741 2408 5796 5.
2484 5743 2575 5798 ⁸⁸1
2605 5744 2731 5800 Cor.
2762 5763 2835 5813 ιν,
2860 5747 2912 5804 1.
2986 5749 3033 5779 ⁸⁸
3062 5747 3233 5802 Exod.
3265 5762 3391 5813 nx,
3416 5746 3471 5801 6.

262 5821 275 5830 ”
462 5842 744 5906 ΙἈτῐιοι..
789 5847 903 5908 GR.
946 5851 1196 5911 LXVIII.
1704 5875 1712 5881 ·
3043 5864 3118 5925 20
3478 5818 3484 5828 '
