3962 6296
472 286 572 339 619

1495 279 1552 335 S.
1585 277 1875 339 CYRILLI,
1898 275 2368 332 ALEXANDRINI
2398 275 2718 331 ARCHIEP.

3615 272 3718 328 620

472 397 564 466 qui
589 394 722 465 ipsis
747 408 964 463 quoque
988 392 1144 447 caecis
1159 388 1479 459 sapientiam
1505 392 1714 444 tribuit.
1755 392 1948 445 Arcam
1971 405 2037 444 ex

2149 387 2262 449 τοὺς
2308 386 2558 454 τυφλούς.
2593 372 2839 437 Κιϐωτὺν
2867 382 3112 451 γενέσθαι
3144 383 3207 434 ἐκ
3248 379 3418 445 ξύλων
3463 381 3720 452 ἀσήπτων

434 494 443 498 “
472 487 634 557 lignis
659 482 1112 555 imputribilibus,
1135 491 1337 536 etauro
1362 481 1565 535 mundo
1586 480 1783 535 factam
1809 496 1929 535 esse
1943 480 2039 533 ait:

476 580 531 631 in
555 592 658 646 qua
679 576 763 630 lex
781 582 920 638 erat,
953 573 1006 627 id
1034 581 1139 637 est,
1168 571 1391 627 divinus
1413 588 1613 636 sermo,
1654 588 1749 626 seu
1794 571 2043 626 testimo-

475 670 587 723 nia.
613 667 813 736 Figura
837 664 1042 733 quippe
1065 678 1129 717 ea
1153 679 1243 718 res
1264 672 1383 718 erat
1411 663 1578 718 Verbi
1601 679 1668 717 ex
1704 664 1816 717 Deo
1852 663 2042 732 geniti,

471 759 614 830 quod
660 755 930 811 habitavit
967 754 1022 808 in
1057 754 1237 819 nobis,
1270 762 1326 809 et
1357 752 1413 808 in
1458 754 1642 808 carnis
1684 753 2081 829 similitudine.

469 851 671 905 factum
705 858 808 911 est,
841 856 899 901 ut
941 845 1240 917 Scriptura:
1276 853 1570 901 testantur.
1620 844 1827 902 Deinde
1863 850 2043 903 velum

470 937 742 1009 quoddam
769 937 826 991 in
852 944 1087 1006 quatuor
1113 936 1384 991 columnis
1420 952 1719 1007 expansum
1754 954 1917 1009 supra
1955 955 2043 992 ar-

470 1045 586 1084 cam
612 1029 850 1100 pendere
868 1029 1051 1099 jussit,
1083 1029 1248 1099 idque
1274 1031 1455 1086 velum
1480 1031 1921 1101 propitiatorium
1947 1046 2036 1101 ap-

472 1121 795 1191 pellabatur.
817 1118 973 1186 Quod
999 1120 1165 1175 etiam
1205 1120 1484 1176 Christum
1508 1121 1815 1192 signiﬁcat:
1855 1141 1873 1173 ι
1908 1121 2045 1176 Nam

472 1215 587 1283 ipse
610 1220 692 1268 cst
713 1212 1008 1282 propitatio
1031 1228 1132 1282 pro
1162 1213 1400 1283 peccatis
1424 1213 1630 1267 nostris
1656 1213 1699 1244 ⁴⁷
1728 1254 1743 1278 ,
1768 1221 1822 1267 ει
1856 1212 2046 1283 propi-

472 1305 748 1360 tiatorium
774 1320 873 1375 per
899 1304 1060 1359 ﬁdem
1092 1321 1104 1358 :
1139 1325 1156 1356 ι
1188 1305 1267 1360 sic
1300 1304 1444 1360 enim
1463 1306 1613 1360 illum
1638 1306 1839 1361 Paulus
1863 1306 2048 1375 appel-

473 1395 606 1449 lavit
627 1394 693 1448 ‘3.
721 1393 946 1464 Depicta
977 1408 1144 1463 porro
1170 1401 1322 1447 erant
1345 1436 1359 1459 ,
1385 1409 1447 1449 ac
1481 1394 1651 1449 veluti
1676 1393 1880 1449 circum
1920 1408 2048 1463 pro-

2146 476 2239 529 καὶ
2268 475 2489 548 χρυσίου
2523 474 2785 547 καθαροῦ,
2825 473 2978 543 φησὶ,
3012 473 3106 525 καὶ
3144 467 3210 541 ἦν
3233 473 3261 523 6
3292 471 3454 541 νόμος
3477 474 3533 525 ὲν
3559 473 3719 543 αὑτῇ,

2144 569 2440 631 τουτέστιν,
2479 569 2507 619 6
2542 565 2683 627 θεῖος
2717 564 2896 632 λόγος,
2930 564 3049 634 ῆτοι
3081 562 3149 614 τὰ
3204 560 3504 632 μαρτύρια.
3539 562 3725 639 ΤύττοςΔ

2145 659 2256 730 γὰρ
2300 654 2367 729 ἦν
2399 658 2459 711 τὸ
2496 659 2704 727 χρῆμα,
2744 655 2838 708 τοῦ
2883 657 2947 708 ὲκ
2975 654 3108 706 Θεοῦ
3142 651 3338 722 φύντος
3374 652 3723 720 Λόγου,κατ-

2143 752 2463 819 οικήσαντος
2502 751 2559 801 ὲν
2604 750 2756 819 ἡμῖν,
2811 748 2905 800 καὶ
2947 746 3150 817 σαρκὸς
3191 747 3248 799 ὲν
3277 747 3582 816 ὁμοιώματι
3630 763 3718 816 γε·

2144 840 2381 908 γονότος,
2419 840 2559 894 κατὰ
2612 840 2710 903 τὰς
2746 840 2987 911 Γραφάς.
3034 834 3167 891 Εἶτα
3222 837 3618 909 καταπέτασμά
3668 855 3721 892 τι

2145 926 2411 997 τέσσαρσι
2471 926 2684 991 στύλοις
2738 926 3268 996 ἐπιτετανυσμένον,
3323 927 3721 998 ἅπαιωρεῖσθαι

2145 1021 2211 1090 τῇ
2240 1017 2456 1090 κιϐωτῷ
2493 1019 2599 1071 δεῖν
2641 1018 2767 1089 ἔφη.
2798 1021 3010 1088 Ὄνομα
3049 1017 3104 1070 δὲ
3137 1017 3213 1088 τῷ
3247 1017 3718 1088 καταπετάσματι,

2144 1112 2204 1164 τὸ
2234 1110 2560 1181 ἱλαστήριον.
2585 1108 2817 1180 Χριστός
2847 1109 2905 1162 δὲ
2938 1107 3208 1163 καὶτοῦτο
3227 1122 3240 1136 ·
3290 1125 3309 1159 ι
3339 1107 3584 1178 Ἰλασμὺς
3614 1110 3722 1179 γάρ

2147 1202 2293 1255 ἐστιν
2322 1203 2459 1273 ὑπὲρ
2488 1201 2594 1255 τῶν
2632 1202 2913 1274 ἁμαρτιῶν
2957 1201 3132 1272 ἡμῶν,
3166 1202 3258 1253 καὶ
3287 1199 3595 1272 ἱλαστήριον
3636 1200 3720 1253 διὰ

2144 1293 2398 1355 πίστεως.
2426 1312 2444 1344 ι
2491 1292 2749 1362 Ὠνόμαζε
2777 1293 2886 1364 γὰρ
2918 1292 3092 1355 οὑτως
3118 1294 3145 1344 6
3175 1291 3381 1354 Παῦλος
3409 1292 3568 1344 αὑτόν
3586 1300 3599 1322 δ
3627 1308 3719 1360 γεο

2147 1383 2393 1453 γράφατο
2420 1382 2476 1435 δὲ
2497 1382 2589 1435 καὶ
2609 1383 2771 1436 οἱονεί
2800 1400 2914 1446 πιυς
2936 1385 2992 1435 ἐν
3009 1381 3191 1452 κύκλῳ
3213 1380 3304 1434 τοῦ
3328 1381 3634 1452 ἱλαστηρίου
3651 1380 3720 1434 τά

472 1484 807 1556 pitiatorium
852 1482 1170 1548 Cherubim,
1207 1499 1327 1553 qua:
1363 1497 1741 1554 supremarum
1777 1483 2044 1538 virtutum

2149 1479 2446 1550 Χερουϐἱμ,
2475 1479 2583 1532 τῶν
2612 1478 2870 1533 ἀνωτάτω
2905 1477 3185 1548 δυνάμεων
3210 1478 3307 1548 τὴν
3334 1477 3437 1530 61:6
3464 1475 3582 1546 Θεῷ
3609 1475 3722 1529 δου-

473 1575 816 1640 servitutem,
869 1590 1032 1645 quam
1082 1575 1194 1630 Deo
1230 1575 1493 1630 exhibent
1540 1576 1708 1648 (Deus
1758 1574 1907 1629 enim
1959 1580 2045 1631 est

2149 1570 2291 1623 λείαν
2316 1588 2329 1600 ·
2360 1570 2490 1634 Θεὸς
2523 1570 2632 1641 γὰρ
2661 1571 2688 1623 6
2707 1569 2876 1637 Λόγος
2896 1585 2909 1598 ·
2942 1570 3033 1623 καὶ
3061 1566 3121 1622 τὺ
3147 1569 3316 1640 ἀγχοῦ
3345 1569 3409 1641 δὴ
3439 1568 3603 1639 μάλα,
3626 1567 3722 1621 καὶ
3791 1588 3801 1596 σ

473 1664 738 1737 Verbum)
772 1666 878 1719 hoc
911 1664 1050 1735 ipso,
1080 1664 1228 1734 quod
1265 1681 1434 1736 prope
1474 1674 1623 1731 sunt,
1668 1673 1833 1735 atque
1876 1666 2042 1720 etiam

2149 1662 2254 1733 μὴν
2274 1660 2369 1714 καὶ
2387 1661 2446 1714 τὸ
2474 1663 2805 1732 παρεστάναι
2826 1659 3232 1732 λειτουργικῶς,
3266 1656 3325 1714 εὖ
3360 1659 3504 1730 μάλα
3518 1658 3720 1731 σημαί-

473 1756 621 1828 quod
651 1757 718 1812 ad
758 1756 1186 1811 ministrantium
1226 1758 1463 1826 speciem
1509 1757 1797 1821 assistunt,
1841 1757 2044 1827 optime

2149 1767 2320 1805 νοντα.
2345 1742 2478 1803 Εἶτα
2495 1750 2627 1813 Θεὸς
2651 1749 2753 1820 ἔφη
2776 1748 2909 1820 πρὸς
2926 1748 3181 1803 Μωσιαί
3204 1749 3312 1801 Καὶ
3336 1747 3721 1819 γνωσθήσομαι

473 1847 801 1919 signiﬁcant.
849 1847 988 1901 Tum
1020 1846 1158 1901 dixit
1188 1846 1356 1918 Moysi
1399 1864 1411 1900 :
1458 1866 1477 1898 ι
1508 1848 1574 1903 Ει
1597 1863 1894 1920 cognoscat
1919 1863 1951 1902 a
1991 1857 2044 1903 te

2149 1856 2228 1893 σοι
2269 1839 2495 1905 ἐκεῖθεν,
2525 1841 2618 1893 καὶ
2664 1840 2883 1911 λαλήσω
2924 1858 3003 1893 σοι
3036 1840 3241 1895 ἄνωθεν
3275 1840 3368 1894 τοῦ
3407 1839 3719 1910 ἱλαστηρὶου

474 1940 624 2006 inde,
648 1947 706 1997 et
735 1939 929 2009 loquar
953 1946 1137 1994 tecum
1173 1936 1410 2009 desuper
1434 1940 1875 2011 propitiatorium
1902 1942 2046 1998 inter

474 2030 584 2085 duo
604 2029 923 2095 Cherubim,
952 2044 1072 2101 qua:
1088 2035 1216 2083 sunt
1240 2045 1403 2100 supra
1417 2045 1598 2085 arcam
1616 2031 1914 2086 testimonii
1929 2032 1993 2086 δ’.
2020 2051 2037 2083 ι

472 2122 614 2178 Area
641 2119 882 2192 quidem,
939 2128 999 2174 ut
1043 2119 1177 2185 dixi,
1220 2118 1473 2176 Christus
1504 2128 1641 2188 erat,
1688 2129 1949 2193 tanquam
1988 2122 2045 2176 in

474 2212 878 2283 incorruptibili
901 2227 1129 2283 corpore
1164 2213 1309 2268 Deus
1323 2212 1590 2279 Verbum;
1618 2212 1714 2268 sed
1735 2222 1917 2269 tamen
1976 2214 2035 2268 in

475 2314 621 2359 terra
646 2304 750 2358 sita
777 2311 860 2358 est
885 2318 1032 2368 arca,
1065 2303 1133 2357 ad
1156 2312 1400 2358 nostram
1447 2304 1595 2358 enim
1624 2304 2046 2359 submissionem

474 2402 531 2447 et
552 2394 918 2448 humilitatem
946 2393 1227 2448 descendit
1253 2394 1342 2448 ille
1367 2393 1689 2464 Unigenitus
1718 2412 1731 2447 :
1762 2410 1889 2449 nam
1926 2410 2045 2450 ser-

474 2483 638 2537 vilem
677 2482 910 2537 formam
945 2481 1135 2547 subiit,
1162 2489 1217 2536 et
1251 2482 1601 2553 semetipsum
1652 2484 1951 2538 exinanivit
1977 2486 2042 2540 ⁸ο.

475 2571 635 2641 307
666 2569 786 2640 Ipse
825 2577 910 2623 est
939 2575 1204 2637 praeterea
1239 2570 1676 2638 propitiatorium
1729 2570 1784 2625 in
1826 2570 2046 2625 sublimi

475 2661 736 2730 positum,
754 2668 811 2715 et
825 2675 855 2713 a
872 2660 1126 2728 supernis
1137 2660 1444 2714 Virtutibus
1464 2661 1910 2732 circumseptum.
1927 2662 2049 2718 Non

475 2753 622 2807 enim
645 2767 676 2806 e
703 2751 820 2805 solo
843 2749 1005 2804 nobis
1030 2749 1294 2805 duntaxat
1313 2752 2049 2812 exinanitionismodonotus

475 2847 559 2897 est
574 2839 766 2903 Filius,
798 2837 894 2893 sed
931 2837 1097 2893 etiam
1128 2854 1195 2893 ex
1218 2854 1286 2894 eo
1313 2842 1457 2910 quod
1496 2843 1642 2898 Deus
1672 2851 1776 2910 est,
1820 2851 1876 2899 et
1921 2846 2049 2900 uni-

477 2946 759 2989 versorum
782 2932 1046 2987 Dominus
1081 2948 1095 2984 :
1129 2931 1232 2986 etsi
1272 2933 1421 2986 enim
1463 2947 1531 2986 ex
1572 2932 1811 2989 humana
1851 2943 2049 2990 natura

2145 1931 2246 1985 ἀνα
2254 1931 2415 2002 μέσον
2449 1932 2556 1984 τῶν
2572 1931 2664 1985 δύο
2681 1931 2961 2004 Χερουϐὶμ
2981 1931 3086 1986 τῶν
3109 1932 3277 1987 ὄντων
3299 1931 3393 1984 ἐπὶ
3419 1931 3518 2001 τῆς
3549 1930 3723 1983 κιϐω-

2144 2022 2236 2074 τοῦ
2290 2021 2382 2075 τοῦ
2436 2023 2756 2095 μαρτυρίου.
2797 2043 2815 2074 ι
2852 2017 2959 2077 Ἦν
3016 2021 3094 2086 δὲ,
3136 2022 3209 2085 ὡς
3269 2022 3428 2092 ἔφην,
3470 2023 3504 2093 ἠ
3558 2021 3725 2074 κιϐω-

2145 2115 2236 2179 τὸς
2265 2115 2294 2166 6
2324 2116 2581 2187 Χριστὸς,
2617 2115 2692 2178 ὼς
2727 2117 2783 2168 ἐν
2819 2114 3082 2186 ἀφθάρτῳ
3116 2112 3331 2186 σώματι
3369 2113 3500 2177 Θεδς
3528 2113 3723 2180 Λόγος,

2147 2207 2284 2278 πλὴν
2324 2208 2403 2270 εἱς
2446 2207 2613 2278 γῆνή
2654 2206 2914 2270 κιϐωτός·
2957 2206 3145 2275 γέγονε
3187 2207 3244 2260 δὲ
3279 2208 3371 2260 καὶ
3419 2207 3477 2259 ἐν
3532 2204 3727 2274 ὑφέσει

2146 2277 2250 2350 καῖ
2289 2297 2347 2350 ὲν
2392 2277 2760 2368 χθὶμαλότητι
2800 2298 2865 2368 τῇ
2924 2295 3046 2350 καθ’
3104 2297 3251 2366 ἡμᾶς
3293 2298 3322 2349 6
3387 2295 3727 2366 Μονογενής.

2146 2389 2377 2461 Mopsi-pr
2403 2388 2514 2459 γὰρ
2554 2388 2726 2442 ὑπέδυ
2772 2387 2871 2458 τὴν
2899 2388 3268 2459 δουλοπρεπῆ,
3299 2387 3393 2441 καὶ
3416 2388 3733 2441 κεκένωκεν

2146 2478 2361 2532 ἑαυτόν.
2384 2478 2556 2543 Αὐτὸς
2588 2478 2645 2532 δὲ
2675 2477 2835 2532 πάλιν
2870 2479 2985 2532 έστὶ
3038 2477 3099 2532 τὸ
3127 2477 3450 2549 ἱλαστήριον,
3488 2476 3549 2529 τὸ
3583 2476 3732 2546 ὑψοῦ

2148 2568 2415 2641 κείμενον,
2466 2568 2561 2622 καὶ
2607 2568 2712 2621 ὑπὸ
2755 2567 2864 2621 τῶν
2906 2569 3018 2623 ἀνω
3061 2568 3352 2638 Δυνάμεων
3392 2567 3736 2640 δορυφορού-

2150 2677 2332 2732 μενον.
2375 2660 2450 2714 Οὑ
2491 2659 2599 2731 γὰρ
2644 2660 2709 2712 ὲκ
2748 2660 2922 2731 μόνων
2962 2661 3093 2730 ἡμῖν
3138 2659 3248 2714 τῶν
3289 2659 3390 2728 τῆς
3439 2658 3735 2725 κενώσεως

2145 2751 2360 2823 τρόπων
2398 2750 2667 2824 γνώριμος
2705 2752 2734 2804 6
2756 2751 2906 2818 Υἱὸς,
2938 2751 3076 2805 ἀλλά
3120 2752 3213 2805 καὶ
3247 2750 3306 2815 ὲξ
3335 2744 3410 2805 ὧν
3443 2753 3559 2805 ἐστι
3589 2750 3735 2816 Θεὸς

2148 2845 2240 2897 καὶ
2268 2842 2377 2895 τῶν
2406 2843 2541 2897 ὅλων
2559 2843 2783 2914 Κύριος.
2818 2843 2881 2896 Εἰ
2918 2843 3027 2915 γὰρ
3055 2844 3148 2897 καὶ
3175 2844 3570 2897 τεταπείνωκεν
3590 2845 3732 2896 ἑαυα-

2149 2936 2242 2989 τὸν
2270 2935 2358 2988 διὰ
2393 2935 2455 2988 τὸ
2483 2933 2846 3006 ἀνθρώπινον,
2877 2936 2934 2987 ὲν
2963 2936 3075 2998 τοῖς
3105 2932 3226 2987 καθ’
3255 2935 3401 3005 ἡμᾶς
3450 2935 3735 3004 οἰκονομι-

477 3041 537 3080 se
563 3025 742 3095 ipsum
765 3022 1095 3088 humiliavit,
1145 3033 1309 3094 atque
1363 3024 1598 3094 sapienti
1649 3025 2048 3095 gubernatione

2150 3026 2258 3091 κῶς
2284 3025 2697 3097 καταϐεϐηκὼς,
2739 3026 2851 3080 ἀλλ’
2892 3045 2911 3078 ι
2957 3027 3014 3079 '0
3048 3026 3179 3090 Θεὸς
3210 3026 3367 3080 αὑτὸν
3397 3026 3732 3097 ὑπερύψωσε

484 3118 549 3171 ad
578 3125 816 3183 nostram
844 3114 1217 3171 conditionem
1237 3114 1543 3181 descendit,
1598 3124 1837 3171 attamen
1861 3136 1878 3167 ι
1904 3118 2048 3173 Deus

2151 3113 2243 3167 καὶ
2276 3095 2565 3185 ἐχαρίσατο
2613 3113 2762 3186 αὑτῷ
2806 3114 2996 3186 ὄνομα,
3030 3114 3090 3169 τὸ
3125 3116 3266 3187 ὑπὲρ
3309 3118 3417 3169 πᾶν
3465 3095 3660 3187 ὄνομα.
3704 3135 3725 3169 ι

476 3206 633 3262 illum
667 3206 1113 3277 superexaltavit,
1149 3212 1204 3261 et
1228 3205 1379 3261 dedit
1418 3207 1497 3260 illi
1541 3222 1744 3262 nomen
1785 3208 1931 3277 quod
1969 3217 2053 3264 est

477 3313 644 3369 super
664 3313 827 3353 omne
853 3312 1055 3352 nomen
1084 3297 1149 3350 δι.
1183 3315 1201 3347 ι
1242 3296 1417 3368 Hujus
1479 3304 1660 3351 autem
1701 3298 1780 3353 rei
1811 3315 1922 3353 non
1952 3299 2051 3353 ab-

477 3388 645 3444 surde
686 3389 857 3460 ﬁgura
915 3397 1018 3453 est,
1084 3387 1231 3457 quod
1263 3388 1319 3442 in
1379 3388 1616 3443 sublime
1670 3390 1910 3459 positum
1969 3398 2054 3444 est

479 3477 955 3548 propitiatorium,
995 3476 1293 3532 Cherubim
1342 3478 1410 3533 ad
1448 3480 1569 3550 ejus
1619 3480 1866 3535 dextram
1923 3481 2055 3536 sini-

478 3576 757 3635 stramque
800 3574 1010 3635 partem
1045 3565 1277 3636 depictis
1313 3584 1325 3620 :
1362 3582 1511 3633 nam,
1555 3568 1649 3622 ubi
1684 3569 2053 3625 ministerium

478 3656 592 3710 Deo
634 3657 856 3726 proprie
893 3657 1228 3711 conveniens
1265 3657 1457 3713 adesse
1495 3661 1762 3727 cernitur,
1798 3662 1874 3716 ibi
1922 3678 2052 3733 pro-

479 3744 623 3799 fecto
655 3743 960 3799 divinitatis
990 3759 1209 3815 quoque
1234 3746 1405 3815 gloria
1443 3763 1670 3818 prorsus
1699 3751 1873 3819 adest,
1911 3760 1967 3808 et
1987 3770 2052 3810 ea

479 3835 759 3906 dignitatis
790 3837 1111 3892 excellentia
1171 3853 1293 3907 quae
1309 3838 1610 3895 orationem
1646 3859 1863 3899 omnem
1894 3861 2055 3916 supe-

480 3936 583 3981 ret.
623 3947 639 3977 ι
678 3928 920 3998 Desuper
950 3939 1131 3983 autem
1160 3928 1458 3985 Cherubim
1487 3947 1784 4002 cognoscar
1809 3950 1841 3990 a
1867 3943 1917 3990 te
1936 3937 2002 4005 ",
2027 3957 2045 3989 ι

484 4018 658 4087 inquit
674 4017 764 4073 ille
783 4018 1166 4074 universorum
1186 4019 1470 4087 Dominus,
1496 4022 1550 4076 in
1569 4039 1677 4093 quo
1700 4024 2051 4083 illamineﬁ‘a-

481 4109 648 4164 bilem
694 4119 950 4165 naturam
992 4127 1105 4166 non
1143 4112 1289 4168 inter
1344 4126 1624 4171 creaturas
1655 4119 1821 4187 quaeri
1856 4120 2048 4191 jussit;

481 4201 576 4256 sed
608 4201 750 4255 ultra
781 4200 837 4255 id
870 4217 1032 4257 omne
1058 4219 1305 4272 prorsus,
1339 4205 1608 4277 quidquid
1626 4216 1686 4262 ut
1714 4208 1785 4264 sit
1800 4219 2049 4266 vocatum

481 4299 584 4345 est.
610 4291 706 4346 Dei
739 4293 909 4357 enim,
957 4292 1052 4362 qui
1081 4300 1276 4347 natura
1304 4295 1449 4350 Deus
1477 4303 1581 4363 est,
1617 4298 1776 4364 ratio,
1812 4307 1868 4354 et
1900 4300 2053 4356 locus

2152 3207 2334 3271 Τύπος
2362 3208 2406 3261 δ’
2438 3207 2503 3261 ἂν
2548 3208 2632 3278 εἴη
2666 3209 2762 3263 καὶ
2799 3207 2973 3275 τοῦδε,
3008 3208 3070 3263 τὸ
3133 3207 3269 3278 ὑψοῦ
3328 3208 3597 3262 τεθεῖσθαι
3663 3210 3734 3263 τὸ

2153 3298 2466 3371 ἱλαστήριον
2513 3301 2592 3363 εἱς
2646 3299 2819 3366 δεξιὸν
2875 3301 2972 3354 καὶ
3034 3298 3310 3372 εὐώνυμον
3363 3301 3728 3371 ἀναγεγραμ-

2156 3392 2331 3458 μένων
2369 3393 2478 3446 τῶν
2523 3392 2830 3463 Χερουϐίμ.
2876 3391 3046 3446 Ἔνθα
3081 3392 3191 3465 γὰρ
3233 3393 3298 3447 ἂν
3348 3394 3381 3463 ἢ
3424 3391 3542 3463 Θεῷ
3589 3393 3733 3464 πρέ-

2154 3503 2333 3541 πουσα
2410 3486 2556 3557 μόνῳ
2597 3486 2838 3555 φαίνοιτο
2883 3485 3212 3557 λειτουργία,
3251 3486 3367 3538 ἐκεῖ
3409 3484 3578 3557 δήπου
3634 3487 3732 3556 εἴη

2150 3576 2216 3632 ἂν
2252 3577 2466 3640 πάντως
2493 3576 2582 3630 καὶ
2628 3577 2661 3647 ἡ
2704 3576 2802 3647 τῆς
2839 3574 3091 3645 θεότητος
3121 3574 3269 3640 δόξα,
3302 3575 3397 3628 καὶ
3436 3574 3545 3628 τῶν
3579 3575 3734 3648 ὑπὲρ

2150 3667 2307 3737 λόγον
2336 3666 2657 3739 ἀξιωμάτων
2681 3669 2715 3737 ἡ
2749 3667 3013 3738 ὑπεροχή.
3054 3686 3073 3719 ι
3110 3665 3349 3720 ΙἈνωθεν
3380 3665 3436 3719 δὲ
3471 3665 3580 3719 τῶν
3610 3665 3733 3718 Xe-

2152 3758 2372 3830 ρουϐὶμ,
2434 3757 2818 3828 γνωσθήσομαί
2861 3774 2941 3810 σοι
2967 3797 2981 3822 ,
3013 3775 3029 3809 ι
3065 3757 3247 3827 φησιν,
3288 3758 3316 3810 6
3363 3756 3579 3810 πάντων
3620 3761 3734 3809 As-

2153 3848 2376 3919 σπότης,
2414 3848 2512 3919 τὴν
2537 3848 2773 3920 ἄρρητον
2810 3844 2975 3915 φύσιν
3012 3846 3086 3917 μὴ
3129 3849 3188 3900 ὲν
3217 3841 3297 3910 οἷς
3334 3849 3368 3918 ἡ
3411 3844 3585 3910 κτίσις
3626 3845 3738 3918 ζη-

2149 3939 2356 3992 τεῖσθαι
2410 3940 2796 4010 προστάττων,
2871 3939 2984 3992 ἀλλ’
3040 3938 3293 3992 ἐπέκεινα
3346 3939 3562 4003 πάντως
3624 3939 3736 3993 τοῦ

2152 4029 2487 4100 κεκλημένου
2518 4030 2652 4100 πρὸς
2684 4027 2939 4101 ὓπαρξιν·
2970 4027 3105 4080 Θεοῦ
3140 4028 3247 4099 γὰρ
3275 4029 3434 4097 φύσει
3476 4029 3632 4097 λόγος
3665 4045 3737 4082 τε

2150 4119 2243 4173 καὶ
2285 4119 2449 4181 τόπος
2488 4120 2516 4171 6
2549 4118 3024 4190 πρεπωδέστατος,
3073 4118 3133 4171 16
3164 4119 3302 4188 πέρα
3348 4135 3407 4171 τε
3463 4121 3557 4173 καὶ
3609 4122 3741 4175 ἄνω

2150 4207 2347 4270 παντὸς
2368 4208 2614 4277 γενητοῦ.
2641 4208 2848 4261 Οὐκοῦν
2870 4210 2897 4261 ὁ
2925 4209 3177 4280 ὑπεράνω
3200 4208 3306 4261 τῶν
3330 4209 3609 4279 Χερουϐὶμ
3639 4214 3744 4266 τό-

2149 4316 2271 4363 πος,
2302 4300 2394 4352 καὶ
2423 4297 2694 4369 αἰσθητῶς
2730 4301 2787 4352 ὲν
2819 4303 2885 4372 τῇ
2918 4301 3046 4372 ἁγίᾳ
3097 4303 3267 4372 σκηνῇ
3318 4301 3598 4372 μονονουχὶ
3626 4304 3743 4371 τὴν

422 4380 427 4387 ’
480 4393 565 4439 est
593 4382 685 4438 ille
714 4383 1158 4450 decentissimus,
1188 4395 1407 4455 praeter,
1467 4404 1531 4443 ac
1559 4405 1723 4460 supra
1777 4391 1831 4445 id
1888 4406 2048 4448 omne

2152 4391 2301 4445 θείαν
2338 4392 2467 4462 ἡμῖν
2507 4389 2797 4460 καταδηλοῖ
2852 4391 3041 4460 φύσινε
3093 4391 3350 4462 ταύτῃτοι
3381 4391 3459 4444 τὸ»
3488 4392 3743 4460 χρυσοῦν

480 4492 622 4540 esse,
655 4474 801 4545 quod
831 4482 1012 4529 ortum
1060 4484 1163 4531 est.
1214 4478 1385 4548 Igitur
1417 4479 1506 4534 ille
1559 4496 1722 4550 supra
1750 4481 2048 4538 Cherubim

2155 4481 2536 4554 θυσιαστήριον
2562 4484 2640 4547 είς
2667 4481 2836 4535 τύπον
2868 4482 3104 4555 Χριστοῦ
3131 4483 3372 4551 γεγονὸς,
3402 4483 3743 4538 ἀποκεῖσθαι

479 4573 635 4624 locus
670 4568 727 4622 in
757 4568 853 4624 illo
883 4577 1072 4623 sancto
1105 4570 1454 4626 tabernaculo
1493 4574 1694 4629 nostris
1728 4576 1893 4629 etiam
1923 4591 2049 4630 sen-

480 4662 634 4716 sibus
659 4660 897 4715 divinam
926 4676 1095 4730 prope
1119 4670 1373 4717 naturam
1400 4665 1658 4730 ostendit,
1707 4666 1778 4720 ob
1819 4681 2049 4737 eamque

482 4765 700 4805 causam
725 4751 895 4805 altare
917 4750 1052 4804 illud
1080 4767 1326 4818 aureum,
1355 4755 1500 4823 quod
1526 4755 1585 4809 in
1609 4755 1835 4826 ﬁguram
1848 4755 2047 4812 Christi

482 4838 690 4894 factum
726 4839 930 4904 fuerat,
963 4854 993 4893 e
1025 4841 1246 4910 regione
1292 4842 1411 4911 ejus
1441 4843 1699 4897 collocari
1725 4844 1907 4914 jussit,
1965 4845 2056 4913 qui

483 4948 647 5001 supra
679 4931 977 4987 Cherubim
1014 4941 1069 4988 et
1097 4933 1294 4989 edebat
1333 4936 1573 4999 oracula,
1606 4943 1661 4989 et
1721 4936 2059 5007 intelligeba-

486 5033 576 5075 tur
609 5037 743 5091 :qua
765 5022 821 5075 in
841 5039 899 5078 re
918 5024 1071 5079 locus
1087 5024 1201 5094 ipse
1231 5023 1589 5094 signiﬁcabat,
1617 5025 1673 5079 in
1700 5026 1796 5080 Dei
1825 5025 2057 5094 quodam

487 5119 649 5171 modo
708 5127 1084 5189 conspectum,
1144 5129 1200 5175 et
1269 5127 1395 5174 ante
1421 5119 1608 5174 oculos
1654 5119 1831 5175 Patris
1868 5135 1969 5175 nos
2002 5121 2059 5174 in

481 5205 702 5262 Christo
748 5224 868 5263 esse
907 5210 1245 5278 perductos:
1280 5209 1560 5264 hominem
1590 5209 1759 5275 enim,
1814 5225 1939 5264 cum
1996 5209 2051 5264 in

484 5298 770 5353 aversione
799 5306 965 5362 esset,
996 5314 1061 5353 ac
1084 5310 1310 5370 propter
1337 5299 1823 5370 transgressionem
1855 5315 2053 5371 pecca-

2155 4574 2523 4643 προστέταχεν
2554 4571 2812 4625 ἀπέναντι
2853 4572 2947 4625 τοῦ
2996 4574 3252 4643 ὑπεράνω
3289 4572 3398 4626 τῶν
3441 4572 3744 4645 Χερουϐὶμ

2155 4662 2581 4734 χρηματίζοντός
2615 4678 2674 4714 τε
2708 4664 2799 4716 καὶ
2853 4664 3142 4733 νοουμένου
3175 4663 3267 4716 τοῦ
3295 4664 3456 4718 οίονει
3485 4680 3602 4728 πως
3651 4668 3743 4730 εἱς

2154 4754 2275 4823 ὄψιν
2308 4752 2442 4807 Θεοῦ
2469 4755 2564 4807 καὶ
2603 4755 2659 4808 ἐν
2704 4755 2999 4826 ὀφθαλμοῖς
3026 4752 3119 4807 τοῦ
3167 4755 3378 4825 Πατρός
3412 4755 3469 4806 ὲν
3504 4755 3744 4827 Χριστῴ

2158 4844 2486 4914 γενέσθαιτά
2501 4844 2620 4899 καθ’
2635 4847 2782 4916 ἡμᾶς
2808 4845 2964 4899 τοῦτό
2983 4862 3082 4899 που
3100 4846 3473 4915 σημαίνοντος.
3492 4844 3578 4897 Ἐν
3592 4845 3748 4900 ἁπο-

2161 4940 2363 5009 στροφῇ
2394 4938 2501 5010 γὰρ
2522 4938 2651 5017 ὄντα
2674 4940 2765 4992 τὸν
2792 4938 3096 5011 ἄνθρωπον,
3126 4939 3220 4993 καὶ
3249 4941 3747 5010 προσκεκρουκότα

2157 5029 2275 5100 Θεῷ
2305 5028 2393 5082 διὰ
2425 5031 2524 5101 τὴν
2543 5030 2855 5102 παράϐασιν
2869 5031 2962 5084 καὶ
2986 5029 3185 5101 πολλὴν
3220 5029 3507 5101 ἁμαρτίαν,
3527 5028 3747 5103 ἔστησε

2157 5118 2322 5172 πάλιν
2357 5120 2416 5172 ὲν
2457 5121 2733 5191 προσώπῳ
2787 5119 2881 5173 τοῦ
2923 5121 3135 5192 Πατρός
3183 5119 3256 5183 ὡς
3313 5120 3373 5175 ὲν
3404 5114 3580 5191 ἑαυτῷ
3639 5124 3749 5176 καὶ

2159 5208 2359 5280 πρώτῳ
2390 5210 2639 5281 Χριστός.
2674 5228 2692 5261 ι
2724 5211 3034 5282 Πρόδρομος
3059 5210 3167 5282 γὰρ
3192 5210 3332 5281 ὑπὲρ
3355 5213 3513 5282 ἡμῶν
3548 5213 3747 5267 είσϐέ-

2161 5304 2325 5373 δηκεν
2366 5305 2445 5368 είς
2491 5305 2581 5358 τὸν
2613 5306 2856 5376 οὐρανὸν,
2881 5305 2975 5359 νῦν
3013 5305 3409 5376 ἐμφανισθῆναι
3445 5304 3524 5376 τῷ
3555 5323 3747 5377 προσ-

487 5401 776 5458 torumque
816 5388 1224 5443 multitudinem
1268 5391 1438 5445 Deum
1477 5390 1814 5455 oﬁ'endisset,
1866 5407 2048 5446 rursus

2158 5394 2292 5465 ώπῳ
2338 5395 2432 5448 τοῦ
2467 5394 2602 5449 Θεοῦ
2648 5396 2788 5466 ὑπὲρ
2820 5394 2997 5467 ὴμῶν,
3033 5415 3052 5448 ι
3105 5394 3249 5449 καθά
3279 5394 3478 5467 γράφει
3519 5395 3749 5462 Παῦλος

484 5477 543 5537 in
570 5490 627 5530 se
659 5477 797 5545 ipso,
838 5493 903 5531 ac
943 5477 1122 5547 primo
1168 5478 1418 5533 Christus
1449 5479 1502 5533 in
1551 5488 1845 5549 conspectu
1880 5481 2048 5535 Patris

2162 5488 2292 5557 ἡμῖν
2324 5488 2352 5539 ὁ
2386 5487 2564 5555 σοφός.
2616 5487 2673 5540 '0
2719 5485 2826 5557 γὰρ
2858 5486 3116 5557 ὑπάρχων
3160 5488 3246 5540 ἀεὶ
3278 5486 3417 5558 μετὰ
3456 5484 3547 5540 τοῦ
3597 5485 3750 5542 ἱδίου

590 5654 632 5687 ⁸⁷
666 5652 794 5709 Ιυιιιι
868 5671 922 5718 ιι,
968 5656 1020 5710 2,
1100 5659 1140 5687 ⁸⁸
1170 5658 1322 5710 Ιὶοιιι,
1356 5675 1429 5724 ιιι,
1462 5658 1548 5711 9.3.
1629 5660 1667 5690 δ’
1702 5660 1870 5713 Exod.
1913 5677 2029 5725 xxv,

2221 5664 2263 5693 ⁵⁰
2293 5663 2525 5733 Philipp.
2560 5679 2616 5727 ιι,
2647 5664 2698 5716 7.
2796 5663 2837 5693 "
2865 5661 3025 5727 ιδιά..
3062 5663 3113 5716 9.
3204 5665 3248 5694 δ’
3279 5663 3427 5719 Exod
3474 5678 3595 5728 xxv,
3644 5662 3731 5721 ’ἒξ
3756 5736 3769 5763 ⁸
