3962 6296
224 334 320 392 εει

904 325 992 392 DE
1034 333 1475 391 ADORATIUNE
1514 337 1581 392 IN
1622 333 1894 393 SPIRITU
1934 335 2023 391 ET
2065 324 2433 392 V'ERITATE.
2476 327 2606 392 LIB.
2649 326 2742 393 IX.

3384 336 3491 400 6‘2!

223 452 457 524 Πατρδς,
490 450 587 505 νῦν
644 450 1050 522 ἐμφανισθῆναι
1079 449 1294 517 λέγεται
1325 451 1400 513 ὡς
1430 453 1488 503 ἐν
1521 450 1699 521 ἑαυτῷ
1747 467 1800 517 γε

1914 450 2201 505 constituit
2234 468 2247 503 :
2286 470 2303 502 ι
2344 451 2658 505 Ρτωουνεοιι
2681 458 2913 520 naque
2945 460 3044 521 pro
3082 452 3242 508 nobis
3268 452 3327 509 in
3373 470 3490 512 cura

227 545 319 599 ut
340 541 541 615 πρώτῳ
566 540 895 612 παρατιθεὶς
918 540 976 593 ὲν
1001 539 1119 608 ὄψει
1143 540 1236 592 τοῦ
1262 540 1474 612 Πατρδς
1500 541 1571 592 τὰ
1594 540 1805 608 ἀνθρώ-

226 654 376 700 πινα,
400 637 497 689 καὶ
521 634 621 705 τὴν
639 633 875 705 ἀρχαίαν
897 633 1108 702 ἐκείνην
1138 632 1488 703 ἀποστροφὴν
1512 631 1791 701 μείιστὰς.

232 738 253 783 i
272 729 442 791 Αὐτὸς
464 727 575 796 γάρ
598 727 749 778 ἐστιν
775 725 1015 796 ἠείρήνη
1040 724 1219 793 ἡμῶν,
1235 743 1253 774 ι
1279 724 1418 777 κατὰ
1440 724 1539 787 τὰς
1555 724 1801 795 Γραφὰς.

1915 542 2029 596 lum
2060 550 2143 597 est
2167 543 2467 613 ingressus,
2494 551 2555 597 ut
2584 556 2733 597 nunc
2762 552 3025 612 appareat
3051 545 3225 601 vultui
3263 547 3359 602 Dei
3385 563 3490 619 pro

1913 633 2091 698 nobis,
2106 653 2123 685 ι
2147 642 2207 689 ut
2233 635 2324 689 ille
2340 634 2559 705 sapiens
2580 635 2664 689 vir
2677 634 2879 690 Paulus
2894 637 3155 707 scriptum
3186 636 3489 711 reliquit”.

1909 725 2067 790 Nam,
2101 726 2195 796 qui
2217 734 2531 796 semperest
2553 743 2658 781 una
2687 741 2812 781 cum
2842 728 3026 792 Patre,
3057 746 3203 786 nunc
3225 747 3491 803 apparere

223 824 448 887 dicitur,
476 829 667 889 utpote
696 818 791 888 qui
830 818 887 871 in
918 832 975 872 se
1002 818 1140 887 ipso,
1161 832 1223 872 ac
1256 817 1434 886 primo
1474 816 1531 870 in
1575 824 1871 886 conspeCtu
1898 817 2076 873 Patris
2130 820 2384 874 naturam
2413 819 2708 875 humanam
2760 821 3066 887 collocarit,
3126 832 3182 877 et
3248 833 3490 881 veterem

223 919 373 975 ﬂiam
396 913 742 969 aversionem
774 912 1116 967 revocaverit
1152 928 1164 963 :
1193 930 1210 961 ε
1246 911 1364 980 Ipse
1405 911 1553 966 enim
1593 919 1677 966 est
1707 926 1810 981 pax
1848 922 2038 967 nostra
2072 912 2147 979 “,
2186 934 2203 965 ι
2233 924 2295 969 ut
2339 914 2639 986 Scriptura:
2678 917 2925 971 tradunt.

290 1004 508 1061 ΠΑΛΛ.
555 1003 802 1073 Ἀραρεν
831 997 924 1054 οὖν
957 1000 1039 1052 ὅτι
1086 1002 1326 1072 Χριστοῦ
1355 1002 1515 1056 πάλιν
1543 1000 1708 1056 εἰκὼν
1742 1002 1803 1055 τὸ

223 1090 609 1166 θυσιαστήριον
641 1094 699 1146 τὸ
721 1092 974 1164 χρυσοῦν.

246 1188 459 1244 ’ΚΥΡ.
510 1186 620 1240 Καὶ
650 1185 787 1259 πρὸς
818 1202 882 1253 γε
910 1183 974 1254 δὴ
1022 1184 1196 1256 τούτῳ
1248 1184 1404 1239 νοοῖτ’
1459 1186 1525 1240 ἂν
1581 1186 1804 1249 εἰκότως

221 1282 382 1345 αὐτὸς
426 1281 457 1334 6
512 1278 767 1348 θυμίαμα
805 1278 864 1330 τὸ
924 1274 1178 1330 σύνθετον
1227 1278 1321 1330 καὶ
1370 1276 1584 1332 λεπτόν.
1632 1277 1804 1340 Αὐτὸς

222 1374 328 1444 γὰρ
362 1375 391 1426 6
419 1370 731 1445 ἀρχιερεύςδ
762 1388 779 1420 ι
809 1364 1075 1439 Θυμιὰσει
1097 1368 1256 1440 γὰρ,ι
1282 1367 1464 1437 φησὶν,
1486 1385 1504 1420 ι
1531 1367 1615 1421 ἐπ’
1638 1368 1803 1421 αὐτοῦ

232 1464 445 1536 Ἀαρὼν
508 1463 763 1532 θυμίαμα
804 1459 1090 1525 σύνθετον,
1139 1459 1358 1513 λεπτόν·
1408 1479 1426 1512 ι
1473 1458 1569 1514 καὶ
1617 1458 1805 1512 σύνθε-

222 1562 312 1609 τον
341 1555 443 1625 μὲν
466 1554 528 1607 τὸ
557 1551 836 1624 θυμίαμαο
889 1550 1021 1615 Θεὸς
1047 1551 1154 1623 γὰρ
1179 1550 1253 1605 ὢν
1289 1554 1317 1605 6
1368 1553 1559 1621 Λόγος,
1614 1553 1806 1622 γέγονε

225 1646 379 1719 σάρξ.
435 1646 547 1700 Καὶ
610 1642 950 1698 συντέθειται
1000 1650 1117 1708 πως
1164 1645 1296 1715 ἡμῖν
1349 1647 1378 1699 6
1440 1645 1805 1716 Ἐμμανουήλ,

224 1738 377 1801 θείας
410 1736 482 1807 φύ
495 1734 628 1798 ςεὼς
654 1752 716 1787 τε
750 1735 845 1788 καὶ
879 1735 1295 1806 ἀνθρωπότητος
1332 1738 1411 1801 είς
1453 1738 1679 1809 ἑνότητα
1708 1739 1807 1809 τὴν

1977 1003 2174 1058 PALL.
2212 1005 2480 1061 Eii‘ectum
2520 1010 2604 1062 est
2635 1008 2819 1079 igitur,
2872 1011 3044 1067 altare
3078 1008 3213 1069 illud
3265 1024 3491 1073 aureum

1908 1104 2029 1150 esse
2059 1094 2263 1152 Christi
2292 1112 2484 1154 rursus
2517 1100 2831 1171 imaginem.

1979 1185 2135 1241 CYR.
2200 1188 2402 1245 Adhaee
2455 1207 2565 1247 non
2620 1193 2857 1249 absurde
2886 1195 3044 1281 idem.
3087 1198 3202 1270 ipse
3261 1192 3525 1276 intelligi‘

1908 1287 2090 1349 potest
2120 1280 2254 1335 illud
2301 1297 2421 1337 esse
2452 1284 2745 1356 thymiama
2775 1290 3137 1358 compositum
3195 1306 3261 1348 ae
3293 1303 3488 1363 tenue;

1912 1370 2026 1440 ipSe
2053 1373 2199 1426 enim
2230 1384 2313 1428 est
2342 1375 2598 1446 prinCeps
2624 1376 2715 1432 ille
2746 1380 3095 1438 sacerdotum
3129 1401 3143 1437 :
3182 1404 3197 1436 ι
3231 1384 3492 1444 InCendet
3584 1379 3588 1383 6

1910 1461 2081 1526 enim,
2112 1482 2128 1513 ι
2158 1463 2356 1533 inquit,
2386 1484 2403 1515 ι
2426 1481 2591 1536 super
2606 1482 2671 1522 eo
2694 1467 2875 1524 Aaron
2894 1471 3190 1543 thymiama
3218 1479 3492 1547 eomposi~

1909 1558 2047 1608 tum.
2069 1559 2230 1609 tenue
2243 1555 2288 1585 ⁵⁸
2305 1571 2319 1621 ;
2346 1574 2363 1605 ι
2387 1556 2549 1626 303
2559 1568 2621 1613 ac
2638 1560 3002 1629 compositum
3026 1564 3249 1633 quidem
3265 1568 3350 1623 est
3370 1569 3493 1640 thye

1909 1642 2140 1709 miama;
2169 1660 2317 1711 nam,
2342 1662 2468 1700 cum
2493 1648 2638 1703 Deus
2653 1659 2798 1705 esset
2827 1640 3091 1719 Verbum,
3120 1664 3250 1711 caro
3278 1656 3485 1714 factum

1906 1740 2010 1804 est,
2039 1746 2095 1793 et
2124 1738 2457 1807 compositus
2490 1748 2574 1795 est
2594 1742 2755 1796 nobis
2777 1744 3182 1813 quodammodo
3226 1749 3317 1806 ille
3362 1752 3491 1806 Em-

224 1831 364 1902 ὐπὲρ
415 1830 565 1893 νοῦν,
608 1828 934 1899 ἀπορρήτως
997 1830 1417 1902 σύνηνεγμένην.
1469 1830 1678 1885 Λεπτὸν
1728 1831 1800 1897 δὲ,

1910 1828 2155 1893 manuel,
2196 1842 2321 1882 cum
2373 1827 2559 1883 divina
2610 1831 2770 1886 simul
2800 1833 3149 1908 humanaque
3197 1848 3395 1897 natura
3428 1843 3488 1898 in

222 1924 301 1976 ὅτι
332 1923 395 1975 =6
417 1921 567 1992 παχὺ
598 1920 696 1990 τῆς
719 1918 861 1972 κατὰ
884 1919 1045 1990 νόμον
1074 1919 1330 1992 λατρείας
1354 1922 1452 1975 οὐκ
1469 1921 1604 1993 ἔχει.
1642 1940 1660 1974 ι
1696 1920 1805 1974 Θυ-

224 2014 344 2077 diu;
376 2020 489 2084 γὰρ
510 2013 606 2066 καὶ
643 2012 959 2083 προσφορὰν
1000 2012 1099 2066 οὐκ
1142 2006 1432 2083 ἠθέλησας.
1473 2013 1806 2068 Ὀλοκαὺτω-

222 2118 301 2175 μα
342 2107 440 2159 καὶ
482 2104 612 2174 περὶ
670 2106 946 2176 ἁμαρτίας
993 2106 1093 2158 οὐκ
1152 2105 1472 2176 εὐδόκησας.
1529 2105 1698 2176 Σῶμα
1748 2100 1805 2160 δὲ

224 2198 545 2269 κατηρτίσω
583 2215 695 2268 μοι,
749 2197 907 2268 φησί’
954 2197 1074 2250 τότε
1124 2183 1295 2264 εἷπον,
1344 2197 1474 2253 ’Ῑδού
1522 2201 1678 2271 ἦκω·¹
1708 2198 1803 2252 τοῦ

223 2290 470 2359 σκοπῆται,
495 2290 524 2341 ὁ
552 2282 706 2355 Θεὸς,
746 2288 807 2341 τὸ
834 2286 1044 2357 θέλημὰ
1072 2305 1186 2342 σου.
1228 2306 1247 2340 ι
1285 2290 1395 2344 Καὶ
1449 2290 1502 2344 τί
1544 2291 1607 2361 δὴ
1648 2279 1804 2343 τοῦτό

226 2379 333 2430 ἐστι
360 2378 425 2431 τὸ
445 2377 663 2448 θέλημα
715 2376 808 2432 τοῦ
860 2379 1093 2450 Πατρὸς,
1129 2380 1288 2445 αὐτὸς
1335 2382 1483 2453 ἡμᾶς
1520 2385 1577 2435 ὲν
1623 2380 1806 2451 Εὐαγ-

224 2470 417 2536 γῑλίοις
462 2468 942 2541 μεμυσταγώγηκε
993 2470 1187 2539 λέγων,
1243 2472 1324 2525 ὅτι
1383 2492 1402 2524 ί
1435 2472 1804 2544 Καταϐἐόηκα

226 2560 287 2614 ἐκ
310 2560 407 2615 τοῦ
438 2559 693 2633 οὐρανοῦ,
729 2562 826 2631 οὐχ
883 2562 969 2615 ἵνα
1003 2561 1140 2616 ποιῶ
1167 2563 1229 2617 τὸ
1277 2563 1488 2635 θέλημα
1539 2565 1599 2618 1:6
1648 2565 1800 2636 ἐμὸν,

226 2651 357 2706 ἀλλὰ
394 2652 461 2705 τδ
488 2652 701 2722 θέλημα
742 2652 838 2706 τοῦ
870 2652 1184 2724 πέμψαντός
1249 2672 1338 2726 με.
1374 2655 1543 2710 Τοῦτο
1592 2657 1649 2710 δέ
1688 2660 1802 2711 ἐστι

227 2734 285 2798 τδ
306 2744 522 2814 θέλημα
545 2744 640 2797 τοῦ
671 2743 986 2815 πεμψαντός
1022 2762 1110 2816 με,
1144 2745 1229 2799 ἵνα
1254 2747 1364 2800 πᾶν
1404 2745 1432 2801 6
1457 2745 1655 2802 δέδωκέ
1687 2767 1799 2820 μοι,

229 2836 300 2909 μὴ
331 2836 588 2891 ἀπολέσω
613 2835 673 2901 ἐξ
694 2836 879 2902 αὐτοῦ,
921 2837 1058 2891 ἀλλὰ
1102 2839 1397 2909 ἀναστήσω
1448 2841 1579 2893 αὐτὸ
1621 2842 1679 2894 ὲν
1730 2844 1797 2914 τῇ

226 2920 423 2999 δοχάτῃ
478 2928 690 2999 ἡμέρᾳ.
739 2946 758 2979 ι
821 2924 1238 2999 Προσκεκόμικε
1284 2928 1393 3000 γὰρ
1429 2931 1616 2984 ἑαυτὸν
1663 2931 1802 3003 ὑπὲρ

227 3019 376 3090 ἡμῶν
406 3022 489 3083 είς
517 3019 692 3092 ὀσμὴν
721 3018 970 3084 εὐωδίας,
997 3018 1375 3092 κεχρημάτικέ
1426 3039 1485 3074 τε
1520 3021 1607 3076 διὰ
1644 3022 1803 3076 τοῦτο

228 3110 314 3163 καὶ
368 3108 682 3182 ἀρχιερεύς.
715 3107 924 3163 Οὐκοῦν
957 3108 1116 3173 αὐτὸς
1145 3112 1172 3163 6
1212 3110 1521 3181 ἀρχιερεὺς,
1550 3112 1710 3175 αὐτὸς
1740 3111 1801 3166 τὸ

229 3194 476 3272 θυμίαμα
507 3199 569 3253 τὸ
619 3198 882 3253 σύνθετόν
911 3218 970 3253 τε
1017 3201 1109 3255 καὶ
1154 3201 1379 3254 λεπτόνθ
1435 3202 1529 3256 καὶ
1589 3216 1801 3274 μαρτυ-

228 3295 378 3362 ρήσει
411 3293 633 3361 λὲγωνὸ
662 3290 892 3355 Παῦλοςο
940 3312 957 3344 ι
989 3293 1078 3364 Τῷ
1102 3292 1159 3346 δὲ
1196 3292 1314 3363 Θεῷ
1341 3294 1516 3365 χάρις,
1547 3295 1627 3365 τῷ
1670 3294 1805 3349 πάν-

225 3402 340 3438 τοτε
376 3383 769 3457 θριαμδεύοντι
813 3388 961 3458 ἡμᾶς
1016 3389 1074 3440 ὲν
1116 3386 1195 3457 τῷ
1252 3388 1496 3458 Χριστῷ,
1557 3388 1650 3441 καὶ
1705 3388 1802 3459 τὴν

225 3477 394 3549 ὀσμὴν
434 3478 531 3549 τῆς
558 3475 814 3547 γνώσεως
856 3478 1020 3533 αὐτοῦ
1065 3478 1385 3552 φανεροῦντι
1435 3479 1501 3533 δι’
1541 3479 1696 3550 ἡμῶν
1744 3482 1802 3533 ἐν

227 3571 401 3623 παντὶ·
428 3570 601 3641 τόπῳ,
656 3571 738 3624 ὅτι
786 3571 1023 3644 Χριστοῦ
1076 3572 1275 3625 εὐωδία
1331 3572 1493 3643 ἐσμὲν
1530 3571 1609 3643 τῷ
1660 3571 1798 3644 Θεῷ,

226 3663 279 3714 ὲν
308 3663 423 3725 τοῖς
456 3654 813 3732 σωζομένοις,
850 3663 944 3717 καὶ
986 3665 1041 3716 ὲν
1075 3666 1186 3728 τοῖς
1234 3663 1624 3735 ἀπολλυμένοις
1647 3680 1661 3695 ο
1719 3662 1801 3729 οἷς

229 3753 324 3825 μὲν
358 3753 504 3825 ὀσμὴ
536 3755 600 3807 ὲκ
631 3753 861 3808 Θανάτου
905 3756 985 3818 εἰς
1020 3755 1268 3821 θάνατον,
1304 3750 1384 3820 οἷς
1408 3756 1465 3809 δὲ
1489 3756 1633 3827 ὀσμὴ
1656 3758 1800 3828 ζωῆς

225 3848 300 3911 εις
323 3846 492 3918 ζωήν.
524 3865 545 3899 ι
588 3831 951 3917 Προσειρώνει
975 3847 1031 3900 δὲ
1077 3848 1168 3902 καὶ
1196 3850 1347 3919 ἡμῖν’
1417 3867 1437 3899 ι
1466 3846 1683 3901 Γίνεσθε
1707 3844 1818 3917 οὖν¹

227 3941 459 4012 μιμηταὶ
488 3939 584 3992 τοῦ
611 3939 747 3993 Θεοῦ
802 3941 879 4003 ὼς
909 3939 1074 3992 τέκνα
1113 3940 1395 4009 ἀγαπητὰ,
1433 3940 1526 3993 καὶ
1561 3957 1799 4013 περιπα-

224 4034 359 4084 τεῖτε
382 4034 442 4085 ὲν
464 4032 674 4105 ἀγάπῃ.
696 4029 874 4094 καθὼς
899 4031 992 4084 καὶ
1012 4032 1040 4084 6
1061 4030 1291 4101 Χριστὸς
1312 4031 1599 4102 ἠγάπησεν
1624 4033 1797 4104 ἡμᾶς,

225 4124 309 4177 καὶ
350 4124 675 4195 παρέδωκεν
730 4124 920 4176 ἑαυτὸν
973 4114 1113 4194 ὑπὲρ
1164 4122 1320 4194 ἡμῶν
1362 4125 1675 4195 προσφορὰν
1705 4127 1800 4179 καὶ

223 4214 410 4270 θυσίαν
449 4215 528 4286 τῷ
565 4214 685 4287 Θεῷ
710 4211 791 4279 είς
840 4209 1015 4287 ὀσμὴν
1072 4204 1313 4279 εὐωδίας.
1346 4234 1364 4267 ›
1431 4216 1543 4270 Καὶ
1592 4215 1680 4270 τόν
1736 4234 1799 4285 γε

222 4311 308 4360 τοῦ
345 4307 547 4379 θυμιᾷν
580 4306 786 4378 ἐναργῆ
819 4306 1051 4377 καθίστη
1115 4306 1329 4378 καιρὸν,
1355 4307 1570 4362 ἅπαντα
1601 4308 1659 4361 δὲ
1689 4301 1798 4361 δεῖν

222 4399 276 4449 ἐν
314 4398 467 4463 τάξει
516 4414 575 4451 τε
622 4397 720 4451 καὶ
766 4396 1034 4468 εὐκοσμίᾳ
1087 4396 1418 4468 πράττεσθαι
1471 4396 1793 4467 νομοθετῶν,

1906 1919 2193 1987 unitatem,
2228 1930 2350 1990 quae
2373 1934 2592 1975 omnem
2620 1922 3035 1995 intelligentiam
3075 1940 3316 2001 superat,
3343 1934 3486 1990 inef-

1905 2010 2056 2066 fabili
2104 2011 2268 2067 modo
2325 2015 2702 2069 convenerint.
2761 2017 2971 2074 Deinde
3023 2028 3186 2078 tenue
3227 2034 3332 2089 eSt,
3356 2028 3485 2097 quia

1905 2101 2054 2156 illam
2086 2102 2276 2174 legalis
2300 2103 2481 2159 cultus
2505 2104 2808 2161 crassitiem
2839 2123 2951 2163 non
2980 2109 3147 2166 habet
3180 2129 3193 2166 :
3245 2132 3264 2165 ‹
3299 2115 3485 2171 Sacri-

1906 2190 2092 2248 ficium
2115 2194 2263 2249 enim
2302 2201 2359 2249 et
2386 2194 2723 2263 oblationem
2758 2198 3014 2255 noluisti:
3046 2203 3386 2271 holocausta,
3427 2210 3488 2262 et

1904 2291 2004 2355 pro
2052 2293 2278 2356 peccato
2323 2301 2435 2341 non
2493 2288 2820 2357 placuerunt
2863 2292 2998 2363 tibi;
3059 2311 3258 2368 corpus
3298 2304 3485 2358 autem

1905 2378 2101 2448 aptasti
2129 2379 2295 2447 mihi;
2316 2388 2446 2435 tunc
2474 2380 2585 2436 dixi
2611 2383 2784 2439 :Eece
2799 2387 2980 2453 venio,
3006 2396 3068 2443 ut
3084 2389 3297 2458 faciam,
3316 2392 3482 2463 Dens,

1904 2470 2242 2526 voluntatem
2283 2480 2430 2527 tuam
2461 2473 2526 2528 ".
2561 2493 2579 2525 ι
2634 2474 2764 2542 ρυτε
2787 2488 2971 2534 autem
3017 2490 3163 2538 esset
3191 2496 3255 2541 ea
3306 2486 3487 2544 Patris

1905 2561 2177 2628 voluntas,
2207 2562 2323 2634 ipse
2356 2580 2457 2619 nos
2501 2565 2557 2619 in
2603 2566 2915 2639 Evangeliis
2964 2570 3154 2630 docuit
3222 2590 3237 2627 :
3274 2593 3294 2630 ς
3344 2577 3485 2645 Quia

1903 2644 2163 2709 descendi
2225 2655 2293 2710 de
2361 2657 2538 2723 ccelo,
2612 2664 2722 2714 neri
2765 2671 2827 2716 ut
2896 2662 3093 2720 faciam
3146 2644 3484 2727 voluntatem

1903 2752 2103 2809 meam,
2137 2742 2232 2799 sed
2270 2745 2610 2801 voluntatem
2643 2749 2761 2819 ejus
2793 2751 2887 2821 Qui
2918 2753 3068 2810 misit
3103 2766 3228 2824 me;
3267 2757 3382 2815 haec
3402 2770 3488 2816 est

1903 2845 2091 2890 autem:
2114 2837 2370 2893 voluntas
2400 2839 2521 2909 ejus
2552 2840 2646 2909 qui
2680 2842 2833 2897 misit
2857 2857 2964 2911 me,
3000 2847 3199 2915 Patris,
3225 2858 3285 2906 ut
3320 2865 3483 2907 omne

1903 2929 2049 3001 quod
2075 2926 2228 2985 dedit
2255 2930 2411 2996 mihi,
2431 2946 2540 2986 non
2566 2934 2791 3002 perdam
2824 2953 2892 2992 cx
2923 2954 3009 3005 eo,
3044 2941 3140 2995 sed
3159 2945 3484 3002 restiseitem

1906 3014 2037 3076 illud
2065 3021 2122 3075 in
2144 3020 2443 3076 novissimo
2468 3021 2556 3077 die
2592 3023 2635 3054 ⁸⁷
2671 3032 2684 3077 ‘:
2717 3044 2735 3076 ›
2769 3025 2904 3080 Nam
2936 3031 3294 3100 semetipsum
3318 3036 3483 3090 obtu—

1902 3108 1967 3163 lit
2012 3124 2115 3179 pro
2143 3109 2303 3164 nobis
2342 3111 2398 3164 in
2439 3112 2662 3166 odOrem
2700 3116 2984 3172 suavitatis
3014 3119 3094 3184 ³⁸,
3149 3120 3219 3175 ob
3251 3138 3483 3196 eamque

1903 3216 2123 3259 causam
2157 3202 2322 3255 etiam
2353 3203 2550 3256 summi
2579 3206 2878 3263 sacerdotis
2920 3219 3005 3265 est
3032 3211 3296 3283 dignitate
3345 3217 3484 3272 insi-

1904 3293 2107 3362 gnitus.
2146 3293 2267 3362 Ipse
2300 3293 2466 3364 igitur
2498 3301 2581 3348 est
2608 3304 2855 3353 summus
2896 3304 3172 3369 sacerdos,
3215 3305 3330 3375 ipse
3364 3309 3485 3380 thy-

1904 3384 2103 3439 miama
2152 3384 2515 3455 compositum
2545 3402 2608 3441 ac
2651 3396 2836 3455 tenue,
2881 3394 3026 3462 quod
3053 3395 3230 3465 ipsum
3278 3399 3483 3459 Paulus

1904 3476 1991 3531 his
2036 3477 2221 3531 verbis
2248 3486 2479 3535 testatus
2516 3488 2638 3538 est':
2683 3503 2701 3534 ι
2744 3484 2856 3539 Deo
2891 3495 3075 3542 autem
3122 3491 3345 3560 gratias,
3384 3496 3480 3565 qui

1903 3584 2117 3639 semper
2133 3571 2435 3644 triumphat
2463 3592 2561 3631 nos
2593 3577 2646 3631 in
2670 3577 2911 3641 Christo,
2942 3588 2998 3633 et
3028 3579 3253 3637 odorem
3273 3585 3483 3641 notitire

1903 3674 2015 3715 sua:
2040 3662 2352 3719 manifestat
2375 3680 2472 3735 per
2498 3683 2598 3722 nos
2632 3668 2687 3722 in
2721 3668 2871 3723 omni
2896 3669 3015 3724 loeo
3042 3689 3056 3738 ;
3094 3670 3298 3727 Christi
3330 3676 3480 3730 enim

1903 3742 2081 3804 bonus
2118 3751 2256 3807 odor
2285 3768 2475 3810 sumus
2526 3750 2638 3811 Deo
2663 3757 2718 3810 in
2765 3757 2832 3811 iis
2855 3760 2946 3829 qui
2970 3760 3106 3814 salvi
3148 3760 3314 3829 ﬁunt,
3336 3773 3392 3818 et
3425 3765 3477 3819 in

1904 3839 1972 3895 iis
2010 3843 2104 3912 qui
2150 3855 2387 3913 pereunt
2418 3864 2430 3900 :
2482 3848 2569 3903 his
2598 3849 2819 3919 quidem
2857 3852 2993 3906 odor
3011 3855 3205 3909 mortis
3231 3855 3288 3910 in
3320 3872 3476 3913 mor-

1903 3931 2012 3987 tem
2042 3975 2056 4000 ,
2102 3934 2212 3991 illis
2262 3953 2396 3993 vero
2456 3939 2594 3995 odor
2663 3943 2791 3998 vita:
2843 3944 2898 3998 in
2957 3945 3125 4000 vitam
3172 3947 3237 4002 δ’.
3278 3966 3295 3999 ι
3371 3949 3480 4004 Nos

1900 4014 2067 4080 etiam
2131 4028 2552 4099 alloquebatur,
2633 4032 2883 4089 dicens:
2962 4056 2979 4085 α
3056 4030 3243 4094 Estote
3310 4041 3479 4113 igitur

1902 4119 2208 4175 imitatores
2246 4122 2364 4187 Dei,
2412 4131 2472 4177 ut
2497 4124 2591 4178 iilii
2632 4127 2961 4192 charissimi,
3002 4136 3058 4183 et
3095 4132 3370 4187 ambulate
3420 4137 3479 4190 in

1901 4201 2219 4277 dilectione,
2262 4213 2404 4268 sicut
2426 4223 2482 4269 et
2510 4215 2764 4271 Christus
2792 4218 2983 4273 dilexit
3015 4236 3136 4286 nos,
3172 4229 3228 4275 et
3253 4224 3478 4280 tradidit

1900 4316 1959 4355 se
1975 4301 2154 4370 ipsum
2187 4317 2288 4372 pro
2310 4302 2471 4359 nobis
2493 4305 2849 4373 oblationem,
2885 4318 2942 4364 et
2979 4298 3215 4366 hostiam
3257 4314 3390 4380 Deo,
3418 4315 3476 4371 in

1863 4384 2123 4448 ’odorem
2154 4394 2442 4450 suavitatis
2491 4396 2556 4450 σθ.
2601 4416 2619 4448 ι
2667 4386 2907 4469 Tempus
2947 4408 3211 4472 praeterea
3264 4405 3475 4464 incensi

222 4489 313 4542 καὶ
338 4490 410 4547 δι’
436 4484 512 4542 ὧν
539 4488 606 4543 ἂν
634 4490 766 4560 ἡμῖν
785 4488 940 4556 ἡτῶν
960 4490 1041 4552 είς
1078 4486 1140 4540 τὸ
1167 4487 1298 4541 εἴσω
1331 4488 1702 4560 θεωρημάτων
1732 4485 1792 4544 εὖ

1905 4483 2153 4540 adolendi
2177 4484 2528 4541 manifestum
2554 4486 2706 4553 fecit,
2735 4504 2800 4542 ac
2827 4488 3021 4554 sancit,
3061 4500 3119 4546 ut
3166 4493 3348 4548 omnia
3380 4510 3474 4551 or~

219 4578 327 4651 ἔχοι
347 4578 600 4649 δύναμις.
623 4597 641 4630 ι
665 4580 739 4633 Τὸ
761 4577 905 4651 πρωῒ
936 4597 955 4630 ι
976 4578 1104 4650 γὰρ,
1130 4578 1286 4650 φησὶ,
1311 4598 1329 4630 c
1363 4580 1457 4633 καὶ
1479 4579 1541 4632 τὸ
1570 4580 1665 4649 ὀψὲ
1687 4579 1796 4634 τῶν

217 4670 426 4740 λύχνων
449 4669 827 4741 ὲξαπτομένων
859 4669 953 4723 καὶ
982 4668 1469 4739 ὲπισκιαξομένων,
1512 4690 1530 4723 ι
1577 4669 1671 4723 τοῦ
1697 4670 1795 4741 μὲν

217 4760 313 4831 ὀψὲ
340 4761 440 4815 καὶ
475 4760 642 4832 πρωῒ,
682 4761 745 4814 τὸ
766 4760 1111 4815 ἀδιάλειπτον
1160 4779 1219 4814 τε
1251 4762 1345 4815 καὶ
1397 4761 1646 4831 διηνεκὲς
1695 4763 1793 4833 ἑμ-

220 4854 528 4922 φαίνοντος,
550 4852 644 4906 τοῦ
666 4851 726 4906 δὲ
755 4853 862 4906 ὑπὸ
888 4852 1103 4923 λύχνοις
1128 4852 1326 4924 χρῆναι
1359 4844 1580 4925 θυμιᾷν,
1613 4855 1791 4907 ἐκεῖνό

217 4961 318 4999 που
371 4945 515 5015 τάχα
581 4943 1017 5016 παραδηλοῦντος
1062 4938 1121 4998 εὖ
1171 4944 1344 5015 μάλα,
1402 4944 1484 4997 ὃτι
1527 4944 1666 5014 φωτὶ
1714 4944 1793 5016 τῷ

216 5035 344 5106 θείῳ
397 5034 900 5107 καταλαμπόμενοι,
952 5034 1073 5089 τότε
1110 5034 1196 5104 δὴ,
1243 5037 1363 5088 τότε
1411 5035 1510 5106 τῆς
1570 5035 1796 5099 εὐωδίας

214 5124 453 5194 Χριστοῦ
491 5125 762 5189 πλουσίως
818 5123 1310 5195 ἁναπιμπλάμεθα,
1363 5125 1488 5195 ἴμεν
1543 5142 1603 5178 τε
1652 5119 1795 5179 οὕτω

217 5218 351 5289 πρὸς
379 5219 631 5290 αἴσθησιν
662 5219 772 5273 τῶν
801 5217 908 5271 ἔσω
928 5220 1129 5289 σκηνῆς
1160 5217 1398 5286 ἀγαθῶν,
1418 5217 1536 5288 ἦτοι
1565 5219 1662 5289 τῆς
1687 5216 1795 5271 τῶν

216 5308 373 5363 θείων
425 5311 782 5381 χαρισμάτων
827 5310 1108 5379 διανομῆς,
1144 5310 1208 5380 ἦν
1236 5311 1348 5372 τοῖς
1394 5308 1565 5375 ἀξίοις
1612 5308 1793 5379 ὀρέγει

216 5400 467 5472 Χριστός.
498 5403 662 5456 Ὥστε
714 5402 768 5455 εἴ
800 5418 886 5465 τις
938 5399 1093 5454 οὔπω
1140 5401 1362 5470 γέγονεν
1411 5401 1469 5453 ἐν
1523 5402 1663 5469 φωτὶ
1703 5398 1789 5454 διὰ

1902 4572 2088 4629 dinate
2134 4581 2191 4629 et
2217 4575 2447 4632 honeste
2476 4575 2630 4643 ﬁant,
2657 4584 2715 4633 et.
2744 4578 2817 4634 ita
2848 4588 2910 4635 ut
2936 4581 3004 4637 iis
3030 4580 3098 4636 ad
3133 4582 3475 4639 internarum

1896 4666 2082 4720 rerum
2119 4666 2639 4737 contemplationem
2684 4678 2888 4726 nostra:
2912 4672 3057 4727 "vires
3082 4673 3411 4744 adjuventur
3457 4693 3470 4728 :

1904 4777 1923 4808 ‹
1944 4746 2119 4825 Mane,
2144 4779 2160 4808 ι
2189 4758 2388 4830 inquit,
2424 4779 2441 4811 ι
2462 4767 2518 4815 et
2534 4758 2748 4832 vesperi
2769 4764 2893 4817 cu'm
2911 4764 3147 4819 lucernae
3163 4765 3470 4821 accendun-

1900 4858 1989 4905 tur
2008 4859 2063 4906 et
2088 4862 2492 4923 componuntur
2516 4853 2555 4884 "
2582 4870 2595 4920 ;
2629 4860 2719 4910 ia'c
2745 4871 2903 4912 mane
2926 4857 3145 4927 quidem
3164 4865 3221 4912 et
3247 4872 3477 4929 vespere

1899 4943 2219 4998 continuum
2262 4950 2702 5016 perpetuumque
2728 4955 2942 5017 tempus
2980 4946 3225 5004 indicant
3256 4967 3269 5003 :
3310 4966 3476 5022 porro

1900 5049 2024 5089 cum
2048 5033 2424 5091 accenduntur
2444 5035 2701 5101 lucernae,
2752 5037 3080 5094 adoiendum
3124 5031 3246 5097 e'sse
3287 5041 3478 5099 incen-

1901 5138 2043 5188 sum,
2073 5117 2206 5178 illud
2229 5122 2477 5178 fortassis
2512 5130 2639 5194 apte
2676 5123 2964 5195 significat,
3008 5142 3132 5182 eum
3162 5127 3353 5183 divino
3385 5129 3475 5183 iud

1903 5216 2051 5271 mine
2076 5215 2434 5281 illustramur,
2470 5221 2585 5269 tum
2608 5214 2827 5269 demum
2872 5215 3079 5273 Christi
3112 5219 3258 5275 bono
3305 5219 3478 5275 odore

1898 5324 2000 5363 nos
2038 5308 2256 5363 abunde
2292 5306 2576 5376 eompleri,
2604 5315 2660 5363 et
2682 5306 2756 5361 ita
2792 5308 2860 5362 ad
2890 5310 3172 5367 interioris
3219 5312 3475 5369 taberna-

1896 5400 2004 5456 culi
2051 5399 2216 5461 bona.
2252 5396 2414 5468 309
2453 5398 2505 5452 id
2528 5406 2631 5463 est,
2693 5399 2761 5454 ad
2793 5400 2977 5457 divina
3041 5419 3265 5481 munera
3290 5404 3477 5475 perci-

221 5496 474 5561 πιστεως,
507 5494 624 5550 ἔστι
656 5511 762 5548 που
806 5494 1023 5558 πάντως
1063 5494 1282 5563 καὶτῆς
1314 5491 1516 5564 νοητῆς
1561 5491 1790 5556 εὐωδίας

1905 5491 2092 5563 pienda
2137 5503 2385 5561 pergere,
2436 5505 2558 5559 quat
2597 5489 2850 5547 Christus
2898 5493 2965 5549 iis
3018 5493 3111 5563 qui
3146 5493 3293 5564 digni
3336 5496 3467 5550 sunt

219 5585 508 5657 ἁμιτοχος,
572 5585 657 5640 ἔτι
712 5584 774 5638 τὸ
815 5583 1053 5657 Χριστοῦ
1106 5582 1183 5653 μὴ
1246 5582 1402 5646 εἰδὼς
1457 5583 1785 5654 μυστήριον.

284 5702 334 5737 ⁸³
373 5703 542 5762 Hebr.
606 5719 684 5770 ιι,
727 5656 850 5773 24.:
908 5701 964 5773 7“
996 5701 1196 5773 Ephes.
1224 5718 1288 5773 in,
1317 5701 1426 5773 μ.

1525 5702 1571 5734 ⁵³
1616 5701 1789 5757 Exod.
1828 5717 1954 5764 xxx,
1987 5701 2038 5754 7.

214 5773 482 5854 ".Ephes.
514 5792 569 5843 γ,
606 5766 679 5829 2(
742 5773 786 5805 ³⁸
823 5771 866 5828 Il
891 5766 1132 5836 Οογαίι,
1173 5771 1355 5827 “~16.
1431 5772 1475 5805 ⁶⁰
1506 5771 1706 5841 Ephes.
1735 5789 1787 5838 γ,

1907 5772 1961 5825 2.
2040 5766 2279 5824 “Exod.
2309 5785 2435 5836 xxx,
2474 5769 2525 5825 7.
2583 5807 2601 5830 ,

1893 5582 2142 5654 largitur.
2171 5578 2380 5650 Itaque,
2410 5580 2455 5635 si
2484 5579 2608 5651 quis
2634 5582 2877 5639 nondum
2906 5594 2992 5641 est
3021 5584 3076 5639 in
3120 5585 3327 5641 lumine
3374 5595 3476 5658 per

2145 5699 2192 5773 ,u
2219 5698 2363 5773 I353]-
2409 5702 2742 5773 ni_!IX,,7-9.
2820 5694 2864 5735 ’θ
2911 5703 3066 5760 Joan.
3119 5719 3171 5760 τι
3197 5736 3217 5771 ,
3277 5702 3469 5759 58-40.

2893 5890 3035 5898 -V...--.
