3962 6296
483 293 586 349 693

483 500 808 558 cuneadhuc
831 499 1033 556 Christi
1058 499 1374 569 mysterium
1410 499 1621 568 ignoret
1660 516 1671 550 :
1710 517 1726 548 ‹
1771 499 1886 551 Nisi
1907 498 2053 552 enim

482 592 848 656 credideritis,
872 611 888 641 ι
913 590 1110 660 inquit,
1143 609 1159 640 ι
1184 605 1292 643 non
1324 589 1638 659 intelligetis
1666 589 1760 640 ⁶².›
1795 589 1890 642 Est
1909 589 2055 642 enim

483 686 617 740 fides
641 685 791 738 velut
821 683 1032 753 primus
1063 683 1246 736 aditus
1269 681 1338 735 ad
1356 679 1678 749 sapientiam
1724 679 2052 748 perducens,

483 781 830 842 mentemque
858 769 1263 841 quodammodo
1324 769 1394 822 ad
1423 767 1594 821 divini
1636 766 1862 821 luminis
1899 781 2055 821 rece-

483 867 724 936 ptionem
748 864 941 933 aperit.
970 860 1411 917 Continuationis
1437 867 1619 914 autem
1654 860 1938 913 incensum
1963 873 2056 928 ap-

483 960 682 1029 pellat;
721 956 930 1011 nullum
957 954 1157 1024 quippe
1185 962 1402 1022 tempus
1425 959 1529 1016 est,
1560 951 1693 1020 quin
1716 950 1968 1005 Christus
1999 949 2055 1002 in

481 1056 670 1103 sancto
723 1044 1095 1107 tabernaculo,
1153 1043 1258 1097 hoc
1282 1049 1385 1106 est,
1441 1041 1495 1095 in
1537 1040 1796 1103 Ecclesia,
1829 1039 2054 1094 odorem

481 1140 671 1210 spiret.
718 1137 1002 1193 lnterdicit
1051 1143 1232 1189 autem
1279 1147 1504 1202 prorsus
1551 1147 1620 1185 ne
1669 1145 1836 1199 super
1874 1130 2051 1194 illum,

483 1232 739 1286 nimirum
766 1245 930 1299 super
952 1228 1122 1281 altare
1151 1225 1376 1289 Christi,
1433 1223 1670 1277 libamen
1717 1221 2050 1290 imponatur,

481 1331 575 1378 aut
593 1321 854 1377 olleratur
875 1319 1108 1382 oblatio;
1139 1331 1266 1370 nam
1309 1316 1366 1368 in
1409 1314 1629 1370 Christo
1679 1313 1880 1367 abolita
1926 1319 2054 1367 sunt

481 1432 600 1486 quae
620 1416 755 1486 legis
773 1420 949 1476 erant,
985 1419 1040 1466 et
1065 1409 1313 1464 adfinem
1343 1405 1916 1477 perveniuntumbrae,
1947 1404 2053 1458 hoc

481 1513 583 1569 est,
622 1511 680 1557 ut
709 1503 924 1572 opinor,
959 1500 1199 1554 libamen
1226 1505 1282 1551 et
1306 1496 1542 1559 oblatio;
1577 1494 1740 1564 idque
1784 1493 2052 1563 propheta

483 1601 732 1656 testatur,
760 1591 951 1645 dicens
1001 1606 1012 1640 :
1055 1607 1071 1637 ι
1102 1586 1296 1640 Ablata
1353 1591 1479 1638 sunt
1518 1584 1584 1637 de
1633 1582 1794 1636 domo
1835 1581 2051 1634 Domini

479 1683 805 1737 sacrificium
863 1692 918 1734 et
941 1679 1180 1732 libamen
1224 1676 1288 1728 ⁸³.
1333 1695 1350 1727 ι
1393 1676 1659 1743 Namque,
1709 1672 2050 1725 manifestato

481 1780 584 1848 iam
614 1778 708 1832 illo
734 1774 1071 1831 adorationis
1096 1780 1152 1827 et
1177 1771 1358 1826 cultus
1404 1785 1624 1840 genere,
1649 1768 1793 1838 quod
1819 1768 2047 1822 exhibe-
2083 1752 2120 1805 Β

482 1876 570 1922 tur
598 1868 654 1923 in
681 1867 876 1938 spiritu
899 1873 954 1920 et
989 1864 1244 1926 veritate,
1287 1875 1636 1930 supervacua:
1671 1866 1799 1914 sunt
1842 1859 2050 1913 umbrm

479 1957 902 2028 quodammodo,
942 1966 998 2010 et
1035 1955 1225 2009 inanes
1246 1955 1430 2023 figura:
1459 1967 1523 2005 ac
1549 1966 1775 2020 prorsus
1795 1951 2046 2015 inutiles;

479 2068 619 2107 nova
659 2053 861 2122 quippe
911 2055 1162 2104 creatura
1198 2047 1254 2101 in
1303 2045 1524 2100 Christo
1563 2061 1575 2096 :
1616 2060 1646 2098 a
1691 2043 1864 2114 gratia
1903 2043 2048 2097 enim

478 2144 817 2208 exciderunt,
841 2142 933 2213 qui
962 2149 1085 2212 post
1114 2139 1537 2194 declarationem
1584 2136 1832 2190 veritatis
1857 2136 1910 2188 in
1969 2136 2049 2191 le-

477 2235 1002 2308 gejustiﬁcantur“.
1029 2253 1044 2283 ι
1069 2233 1188 2288 Non
1222 2230 1470 2300 impones
1492 2235 1774 2298 praeterea,
1802 2247 1819 2277 ι
1850 2227 2046 2295 inquit,

481 2349 500 2380 ι
525 2345 689 2399 super
711 2329 881 2382 altare
899 2330 1184 2381 incensum
1205 2322 1439 2387 aliud”;
1467 2341 1484 2371 ι
1521 2320 1688 2375 alium
1730 2319 1876 2374 enim
1908 2318 2048 2372 reci-

477 2424 690 2494 piemus
716 2423 772 2476 in
800 2421 1018 2476 Christo
1040 2432 1264 2488 prorsus
1278 2415 1574 2478 neminem,
1619 2427 1817 2481 neque,
1850 2411 2044 2476 Rabbi,

475 2517 732 2585 cuiquam
763 2512 919 2567 alteri
960 2511 1237 2573 dicemus;
1284 2521 1425 2560 unus
1478 2512 1562 2558 est
1607 2504 1751 2558 enim
1790 2503 2048 2572 magister

476 2617 682 2671 noster,
733 2620 797 2660 ac
840 2608 1144 2673 praeceptor
1171 2599 1248 2663 σθ,
1277 2597 1438 2666 eique
1488 2595 1588 2650 soli
1634 2593 2043 2658 inhaerebimus,

477 2700 757 2754 dicentes:
802 2714 819 2744 ‹
849 2694 1198 2763 Unguentum
1239 2686 1574 2742 exinanitum
1633 2699 1833 2739 nomen
1869 2693 2042 2738 tuum.

484 2793 782 2859 Propterea
809 2781 1228 2840 adolescentulaa
1272 2779 1582 2833 dilexerunt
1627 2785 1720 2830 te:
1763 2783 2046 2830 traxerunt

475 2896 561 2936 me
589 2884 711 2949 post
743 2883 794 2930 te
826 2893 838 2929 :
864 2873 920 2928 in
951 2871 1174 2927 odorem
1216 2878 1620 2941 unguentorum
1659 2876 1878 2921 tuorum
1915 2881 2043 2921 cur-

476 2957 661 3024 rcmus
697 2967 763 3021 ⁸⁷.
797 2985 814 3017 ι
868 2964 1061 3019 Annon
1120 2962 1225 3016 hoc
1273 2959 1407 3014 illud
1439 2966 1541 3023 est,
1602 2977 1618 3008 ι
1650 2958 1770 3012 Non
1796 2957 2046 3027 impones

474 3075 638 3129 super
670 3056 805 3111 illud
828 3054 1112 3109 incensum
1135 3049 1328 3105 aliud?
1353 3067 1372 3100 ι
1408 3047 1590 3102 Solius
1635 3046 1782 3101 enim
1839 3044 2043 3100 Christi
2071 3083 2112 3141 Ο

472 3153 650 3208 bonus
665 3149 802 3205 odor
827 3148 883 3202 in
909 3143 1153 3200 Ecclesia
1183 3141 1317 3197 satis
1339 3141 1446 3195 erit
1470 3140 1540 3193 iis
1582 3137 1675 3208 qui
1709 3137 1825 3192 sani
1853 3151 2042 3191 revera

472 3249 620 3307 sunt,
681 3240 885 3310 quique
933 3237 1101 3290 alium
1153 3233 1380 3288 odorem
1422 3229 1647 3284 minime
1674 3235 1946 3297 quaerunt,
1983 3235 2044 3280 ut

473 3341 621 3389 certe
655 3330 902 3386 infelices
964 3325 1137 3382 Judaei
1190 3323 1421 3387 faciunt,
1473 3322 1569 3392 qui
1621 3320 1758 3374 illud
1814 3320 2044 3390 thymia-

472 3442 560 3480 ma
611 3422 975 3494 compositum
1047 3433 1112 3473 ac
1182 3425 1343 3471 tenue
1373 3455 1388 3480 ,
1441 3413 1496 3468 id
1550 3420 1673 3478 est,
1726 3411 2030 3476 Christum,

470 3533 586 3587 prae
648 3513 940 3585 superbia,
989 3508 1230 3564 ludibrio
1282 3505 1526 3568 habent,
1583 3512 1639 3558 et
1691 3502 1832 3557 sacri
1880 3502 2044 3573 hujus

471 3623 535 3663 ac
559 3622 688 3662 sane
707 3603 879 3659 divini
922 3600 1110 3656 odoris
1132 3605 1384 3667 expertes
1430 3601 1828 3658 remanserunt,
1877 3593 2042 3648 alium

470 3705 655 3752 autem
683 3708 784 3764 pro
825 3706 893 3746 eo
944 3688 1233 3758 recipient,
1292 3685 1446 3738 illum
1489 3697 1686 3752 nempe
1733 3681 1902 3736 ﬁlium
1942 3683 2044 3737 ini-

471 3785 717 3857 quitatis,
741 3801 758 3834 ι
781 3780 875 3852 qui
897 3779 1238 3841 adversatur,
1261 3773 1609 3829 etextollitur
1623 3789 1787 3843 super
1803 3789 2040 3840 omnem,

470 3878 566 3951 qui
590 3875 792 3932 dicitur
819 3874 985 3936 Deus,
1019 3876 1113 3924 aut
1151 3865 1298 3936 quod
1341 3865 1572 3930 colitur;
1617 3863 1692 3917 ita
1727 3872 1788 3917 ut
1828 3865 1943 3934 ipse
1986 3865 2043 3918 in

469 3964 675 4034 templo
698 3961 816 4026 Dei,
859 3967 920 4014 ut
943 3957 1206 4027 scriptum
1235 3961 1337 4019 est,
1390 3952 1596 4020 sedeat,
1616 3953 1908 4008 ostendens
1962 3969 2041 4018 se,

470 4067 730 4127 tanquam
763 4053 836 4108 sit
872 4052 1018 4107 Deus
1064 4049 1138 4116 “3.;
1169 4069 1185 4099 ι
1232 4047 1327 4118 qui
1353 4046 1599 4101 divinum
1633 4045 2041 4100 tabernaculum

469 4147 634 4201 etiam
670 4141 939 4213 inquinat,
975 4153 1098 4193 cum
1150 4137 1223 4191 sit
1273 4136 1459 4191 fumus
1501 4134 1730 4198 alienus,
1758 4141 1833 4198 et,
1883 4142 1946 4188 ut
1969 4134 2042 4189 ita

468 4237 666 4302 dicam,
689 4233 993 4289 diabolicus
1013 4229 1152 4284 fetor
1174 4247 1186 4281 :
1211 4228 1374 4298 310
1401 4246 1418 4277 ‹
1454 4225 1571 4280 Erit
1593 4225 1762 4291 enim,
1792 4245 1809 4276 ι
1843 4225 2038 4296 inquit,

475 4351 492 4383 ι
518 4329 664 4386 illius
685 4327 950 4382 adventus
969 4321 1270 4378 secundum
1305 4319 1679 4390 operationem
1696 4317 1907 4374 Satanae
1923 4319 1986 4370 '9.
2016 4337 2034 4369 ι

1502 286 1560 344 S.
1599 285 1872 344 CYRILLI
1913 279 2380 343 ALEXANDRTNI
2423 286 2740 344 AﬁClllEP.

485 413 666 474 ﬁdem,
697 414 796 463 εει·
838 407 1030 479 procul
1063 405 1232 461 dubio
1274 405 1578 476 spiritualis
1599 407 1787 461 odoris
1832 423 2047 477 expers,

2161 427 2180 458 ι
2213 409 2337 461 Ἐὰν
2388 408 2496 479 γὰρ
2535 407 2608 476 μὴ
2667 405 3013 477 πιστεύσητε,

3629 301 3733 354 σει

3077 408 3185 461 οὐδ’
3232 409 3290 462 οὐ
3346 409 3420 482 μὴ
3456 411 3670 482 συνῆτε,
3713 448 3727 467 ι

2157 500 2311 569 φησί.
2361 499 2642 570 Προσϐολὴ
2668 498 2775 568 γάρ
2821 501 2852 568 ἡ
2893 499 3201 564 πίστις,είς
3252 504 3466 557 σύνεσιν
3521 507 3728 576 ἀποφέ-

2157 606 2346 659 ρουσα,
2384 591 2479 643 καὶ
2508 590 2670 642 οἱονεὶ
2703 590 2838 660 πρὸς
2887 592 3198 662 παραδοχὴν
3249 593 3343 646 τοῦ
3374 594 3519 648 θείου
3554 600 3728 664 φωτὶς

2156 679 2400 732 ἁπλοῦσα
2443 679 2535 732 τὸν
2581 677 2725 731 νοῦν.
2795 679 3202 750 Ἐνδελεχισμοῦ
3262 681 3318 736 δὲ
3371 685 3623 754 ὀνομάζει
3668 689 3728 739 τὸ

2157 769 2424 839 θυμίαμα.
2459 769 2662 838 Καιρδς
2695 768 2802 839 γάρ
2847 770 3040 835 οὐδεὶς,
3063 770 3183 822 καθ’
3225 771 3282 824 ὃν
3313 773 3414 826 οὐκ
3447 775 3726 841 εὺωόιὰζει

2155 861 2386 932 Χριστὸς
2419 863 2475 912 ἐν
2501 864 2566 930 τῇ
2587 860 2716 930 ἁγίᾳ.
2751 864 2943 932 σκηνῇ,
2979 862 3273 924 τουτέστιν,
3317 868 3374 918 ἐν
3401 870 3465 936 τῇ
3502 869 3725 940 Ἐκκλη-

2157 952 2266 1022 σία,
2307 951 2642 1019 ’Λποφάσκει
2697 950 2753 1003 δὲ
2802 951 3099 1017 παντελῶς,
3137 954 3196 1006 τὸ
3234 955 3344 1008 δεῖν
3395 957 3483 1010 ἐπ’
3536 960 3721 1026 αὑτοῦ,

2152 1042 2310 1112 δῆλον
2341 1041 2396 1094 δέ
2426 1042 2507 1093 ὅτι
2541 1040 2632 1094 τοῦ
2665 1040 3048 1114 θυσιαστηρίου
3075 1043 3166 1096 τοῦ
3207 1045 3467 1115 Χριστοῦ,
3493 1050 3723 1122 σπονδὴν

2155 1133 2536 1194 κατακεῖσθαι,
2565 1133 2658 1186 καὶ
2704 1131 3119 1204 ἀναφέ[ρε]σθαι
3167 1135 3468 1207 κάρπωμα.
3503 1140 3720 1210 Κατήρ-

2153 1243 2316 1294 γηται
2342 1225 2450 1295 γὰρ
2487 1227 2542 1276 ἐν
2569 1223 2788 1294 Χριστῷ
2825 1224 2892 1277 τά
2919 1226 2975 1277 ὲν
3016 1225 3185 1296 νόμῳ,
3211 1229 3302 1280 κοιλ¹
3331 1231 3411 1292 εἰς
3442 1230 3594 1294 τέλος
3627 1232 3718 1302 ἐρ-

2153 1334 2346 1370 πουσιν
2371 1317 2427 1370 αἱ
2458 1317 2627 1370 σκιαί.
2657 1314 2847 1379 Τοῦτο,
2879 1313 3053 1386 οἶμαι,
3087 1316 3200 1370 ἐστι
3235 1319 3430 1391 σπονδὴ
3471 1322 3562 1374 καὶ
3585 1325 3717 1394 κάρο

2153 1428 2338 1480 πωμα.
2391 1411 2500 1462 Καὶ
2540 1411 2808 1480 μαρτυρεῖ
2834 1408 3006 1478 λέγων
3049 1412 3078 1463 ὁ
3125 1413 3428 1483 προφήτηςο
3468 1433 3487 1465 ι
3524 1415 3713 1488 Ἐξῆρ-

2152 1519 2239 1555 ται
2274 1502 2330 1568 ἐξ
2381 1503 2529 1554 οἴκου
2579 1502 2782 1572 Κυρίου
2821 1501 2979 1554 θυσία
3027 1503 3119 1555 καὶ
3186 1494 3403 1577 σπονδή.
3431 1525 3448 1556 ι
3507 1508 3719 1560 Ἀναδε-

2152 1593 2440 1664 δειγμένης
2482 1596 2589 1664 γὰρ
2633 1594 2732 1665 ἤδη
2773 1595 2872 1664 τῆς
2921 1596 2979 1647 ἐν
3029 1595 3299 1665 πνεύματι
3353 1598 3446 1650 καὶ
3494 1599 3721 1670 ἀληθείᾳ

2156 1687 2580 1758 προσκυνήσεως
2619 1689 2713 1740 καὶ
2733 1687 3006 1757 λατρείας,
3040 1689 3292 1758 περιτταὶ
3318 1707 3433 1752 πως
3461 1692 3514 1742 al
3546 1692 3719 1757 σκιαὶ,

2152 1779 2338 1831 καὶτὸ
2391 1780 2450 1833 ἐν
2501 1781 2690 1842 τύποις
2740 1781 2944 1833 εἰκαῖον
2980 1780 3071 1833 καὶ
3111 1781 3365 1852 ἀνόνητον
3411 1783 3718 1848 παντελῶς·

2151 1870 2312 1942 καινὴ
2337 1871 2443 1942 γὰρ
2491 1872 2667 1935 κτίσις
2700 1872 2758 1924 ἐν
2795 1871 3036 1944 Χριστῷ.
3084 1870 3197 1942 Τῆς
3232 1873 3339 1942 γὰρ
3369 1874 3587 1946 χάριτος
3629 1879 3722 1931 ἐκο

2151 1961 2500 2015 πεπτώκασιν
2529 1964 2580 2016 οἱ
2616 1965 2675 2016 ἐν
2700 1963 2847 2034 νόμῳ
2891 1963 3256 2034 δικαιούμενοι
3292 1965 3426 2036 μετά
3482 1968 3579 2039 τὴν
3607 1971 3720 2040 τῆς

2150 2055 2407 2124 ἀληθείας
2464 2054 2754 2120 ἀνάδειξιν.
2817 2075 2834 2106 ι
2896 2057 3009 2110 Οὐκ
3066 2058 3302 2122 ἀνοίσεις
3343 2057 3718 2131 δὲμφησὶν,

2159 2146 2298 2197 «ἐπὶ
2340 2145 2401 2198 τὸ
2463 2146 2843 2216 θυσιαστήριον
2883 2146 3130 2217 θυμίαμα
3185 2147 3386 2219 ἕτερον.
3455 2168 3473 2202 ι
3529 2153 3722 2220 Παρα-

2150 2234 2414 2302 δεξόμεθα
2449 2233 2558 2304 γὰρ
2585 2235 2643 2287 ἐν
2681 2235 2901 2304 Χριστῴ
2935 2236 3116 2307 ἕτερον
3172 2237 3449 2301 παντελῶς
3507 2239 3720 2292 οὐδένα.

2161 2323 2351 2376 Ῥαὸὅὶ
2379 2324 2435 2376 δέ
2469 2323 2572 2376 τῶν
2601 2324 2768 2377 ὄντων
2812 2323 3044 2394 ἐροῦμεν
3075 2324 3266 2378 οὐδενί.
3307 2320 3404 2390 Εἷς
3428 2327 3536 2397 γάρ
3560 2326 3729 2398 ἡμῶν

2148 2414 2464 2478 διδάσκαλος
2518 2416 2608 2466 καὶ
2662 2413 3010 2485 καθηγητὴς,
3077 2416 3168 2467 καὶ
3228 2415 3376 2485 αὐτῷ
3436 2417 3499 2488 δὴ
3571 2418 3732 2489 μόνῳ

2148 2504 2602 2574 προσκεισόμεθα,
2627 2505 2892 2572 λέγοντες,
2934 2523 2952 2554 ι
2987 2505 3173 2576 Μῦρον
3206 2499 3507 2559 ἐκκενωθὲν
3539 2507 3732 2578 ὄνομά

2149 2611 2262 2648 σου.
2299 2595 2396 2648 Διά
2419 2594 2580 2648 τοῦτο
2606 2595 2841 2658 νεάνιδες
2873 2595 3162 2667 ὴγάπησάν
3205 2613 3285 2651 σε.
3316 2596 3586 2651 Εἴλκυσάν
3624 2617 3728 2668 με,

2145 2685 2318 2736 ὀπίσω
2365 2701 2457 2737 σου
2502 2686 2580 2748 είς
2631 2683 2804 2757 ὀσμὴν
2854 2683 3038 2755 μύρων
3085 2702 3176 2737 σου
3216 2684 3538 2756 δραμοῦσαι.
3577 2706 3595 2738 ›
3647 2690 3730 2742 ’Ἡ

2145 2776 2266 2847 οὺχὶ
2290 2775 2446 2828 τοῦτό
2475 2778 2588 2829 ἐστι
2617 2776 2696 2840 τὸ,
2736 2794 2755 2827 ι
2793 2776 2906 2829 Οὐκ
2933 2775 3166 2839 ἀνοίσεις
3190 2776 3276 2828 ἐπ’
3310 2776 3441 2830 αὐτὸ
3465 2777 3729 2850 θυμίαμα

2147 2866 2343 2937 ἕτερον
2371 2885 2386 2934 ;
2419 2885 2438 2917 ι
2479 2867 2656 2920 Μόνου
2688 2866 2797 2938 γὰρ
2817 2866 3055 2934 Χριστοῦ
3079 2866 3139 2920 τὸ
3167 2867 3362 2931 εὐῶδες
3389 2871 3446 2922 ἐν
3485 2869 3728 2943 Ἐκκλη-

2149 2958 2237 3032 σίᾳ
2272 2961 2384 3023 τοῖς
2419 2976 2483 3027 γε
2521 2958 2736 3030 ἀληθῶς
2769 2960 3054 3030 ἐχέφροσιν
3101 2957 3354 3032 ἐξαρκοίη
3386 2961 3471 3027 ἂν,
3524 2963 3727 3032 ἐτέρας

2147 3053 2321 3123 ὀσμῆς
2364 3053 2463 3106 οὐκ
2495 3051 2829 3123 ἐφιεμένοις·
2887 3051 3141 3124 καθάπερ
3173 3051 3362 3122 ἀμέλει
3393 3053 3486 3107 καὶ
3517 3055 3565 3106 oi
3617 3056 3726 3108 τά-

2147 3145 2307 3209 λανες
2355 3145 2616 3199 Ἰουδαῖοι.
2646 3145 2719 3197 Τὸ
2759 3145 2856 3215 μὲν
2891 3144 3001 3216 γὰρ
3049 3143 3296 3216 θυμίαμα
3344 3146 3404 3198 τὸ
3462 3145 3724 3200 σύνθετον

2147 3237 2240 3288 καὶ
2301 3235 2533 3300 λεπτὸν,
2592 3231 2864 3299 τουτέστι,
2918 3233 3188 3303 Χριστὸν,
3254 3236 3371 3296 ταῖς
3432 3234 3724 3299 ἀπονοίαις

2145 3329 2606 3402 περιυϐρίζουσιν.
2640 3328 2752 3382 Καὶ
2773 3328 3031 3399 ἁμέτοχοι
3059 3328 3157 3399 μὲν
3193 3331 3294 3398 τῆς
3330 3329 3480 3398 ἱερᾶς
3507 3328 3722 3400 ταύτης

2145 3422 2178 3492 ἢ
2215 3421 2310 3474 καὶ
2351 3420 2502 3484 θείας
2541 3419 2756 3491 ἀληθῶς
2799 3419 3169 3490 μεμενήκασιν
3220 3417 3475 3482 εὐωδίας·
3527 3419 3720 3490 ἕτερον

2145 3513 2202 3566 δέ
2225 3513 2340 3566 ἀντ’
2391 3511 2555 3565 αὐτοῦ
2587 3510 3002 3582 παραδέξονται,
3038 3509 3129 3562 τὸν
3163 3509 3260 3580 τῆς
3298 3508 3526 3580 ἀνομίας
3570 3509 3717 3572 υἱὸν,

2153 3625 2171 3658 ι
2201 3605 2291 3658 τὸν
2333 3603 2706 3674 ἀντικείμενον
2752 3604 2844 3657 καὶ
2902 3602 3329 3672 ὑπεραιρόμενον
3377 3602 3470 3654 ἐπὶ
3526 3600 3722 3654 πάντα

2144 3697 2432 3766 λεγόμενον
2465 3695 2596 3748 Θεὸν
2626 3693 2658 3765 ἢ
2692 3693 2960 3763 σέϐασμα,
2993 3691 3133 3745 ὥστε
3159 3690 3319 3744 αὐτὸν
3360 3692 3438 3754 είς
3473 3689 3562 3744 τὸν
3587 3691 3721 3744 ναὸν

2143 3785 2237 3838 τοῦ
2278 3782 2433 3847 Θεοῦ,
2485 3782 2624 3836 κατά
2660 3780 2721 3834 τὸ
2753 3781 3156 3853 γεγραμμένον,
3206 3780 3446 3846 καθίσαι,
3487 3781 3720 3834 ἀποδει-

2145 3877 2374 3930 κνύοντα
2424 3876 2616 3928 ἐαυτὲν
2648 3875 2730 3927 ὅτι
2777 3874 2892 3927 ἐστὶ
2939 3872 3088 3935 Θεὸς,
3116 3891 3135 3924 ι
3173 3871 3231 3935 ὃς
3270 3869 3362 3925 καὶ
3404 3872 3501 3942 τὴν
3563 3870 3722 3924 θείαν

2147 3965 2350 4036 σκηνὴν
2378 3963 2750 4034 καταμιαίνει,
2801 3961 3004 4024 καπνὸς
3027 3961 3102 4014 ὢν
3151 3961 3448 4031 ἀλλότριος,
3499 3962 3592 4014 καὶ
3645 3963 3722 4013 ἵν’

2144 4054 2316 4117 οὕτως
2368 4056 2525 4117 εἴπω,
2581 4052 2858 4121 κακοσμία
2911 4050 3224 4118 διαϐολικήο
3294 4069 3312 4101 ι
3359 4050 3549 4102 Ἔσται
3603 4051 3726 4120 γὰρ

2144 4146 2330 4210 αὐτοῦ,
2367 4166 2384 4196 ι
2449 4145 2633 4214 φησὶν,
2688 4163 2707 4195 ι
2733 4145 2766 4213 ἠ
2808 4141 3078 4212 παρουσία
3119 4143 3237 4195 κατ’
3298 4141 3580 4212 ἐνέργειαν
3616 4142 3725 4194 τοῦ

2144 4239 2376 4291 Σατανᾶ.
2408 4255 2427 4290 ι

764 4416 906 4484 Quid
935 4412 1095 4480 dicis,
1132 4383 1404 4483 intelligo;
1437 4420 1520 4467 est
1545 4411 1693 4467 enim
1747 4409 2038 4480 perspicua

2213 4391 2418 4445 ΠΑΛΛ.
2461 4388 2746 4460 Συνίημιό
2783 4389 2908 4459 φής.
2939 4387 3050 4441 Καὶ
3090 4387 3198 4458 γάρ
3234 4386 3380 4440 ἐστιν
3423 4383 3668 4456 ἐναργὴς
3699 4389 3732 4438 ὁ

467 4524 560 4570 tua
587 4511 783 4568 oratio.

537 4604 694 4661 CYR.
737 4599 1030 4672 Propitiari
1058 4605 1239 4652 autem
1263 4611 1429 4666 super
1464 4595 1632 4650 altare
1668 4592 2036 4664 thymiamatis

461 4697 619 4770 jubet
636 4693 816 4749 Aaron
842 4691 1010 4747 semel
1041 4689 1099 4743 in
1120 4703 1283 4751 anno,
1307 4695 1601 4757 ungentem
1628 4686 1888 4758 sanguine
1928 4701 2032 4755 pu-

466 4786 788 4842 riﬁcationis
805 4788 1154 4855 peccatorum
1185 4777 1362 4848 capita
1385 4792 1653 4832 cornuum
1684 4794 1697 4828 :
1733 4795 1750 4827 ι
1774 4776 2035 4831 Sanctum

466 4879 613 4933 enim
634 4883 948 4932 sanctorum
978 4878 1081 4936 est,
1111 4889 1128 4920 ι
1159 4869 1356 4938 inquit.
1380 4866 1534 4933 Quod
1568 4867 1666 4921 tibi
1691 4867 2037 4938 perspicuum

468 4966 632 5020 faciet
656 4965 848 5017 beatus
879 4961 1099 5024 Paulus,
1136 4957 1328 5013 dicens
1355 4973 1368 5010 :
1408 4975 1426 5007 ι
1455 4955 1711 5011 Christus
1749 4972 1880 5011 vero
1907 4955 2039 5010 assi-

470 5065 619 5110 stens
641 5053 883 5125 pontifex
905 5052 1216 5107 futurorum
1257 5048 1548 5112 bonorum,
1578 5063 1677 5118 per
1716 5048 1950 5118 amplius
1984 5057 2040 5102 et

466 5145 764 5218 perfectius
797 5141 1206 5198 tabernaculum
1231 5154 1340 5192 non
1386 5137 1778 5201 manufactum,
1829 5136 1884 5190 id
1928 5145 2031 5202 est,

467 5255 576 5296 non
601 5238 767 5309 hujus
799 5233 1122 5299 creationis;
1155 5243 1332 5300 neque
1358 5244 1456 5298 per
1495 5226 1814 5297 sanguinem
1848 5225 2032 5280 hirco-

466 5348 592 5388 rum
633 5340 686 5386 et
715 5339 1020 5389 taurorum,
1057 5323 1153 5378 sed
1182 5338 1279 5392 per
1299 5319 1580 5391 proprium
1604 5317 1924 5388 sanguinem
1948 5317 2033 5371 in-

467 5426 656 5479 troivit
678 5423 846 5478 semel
872 5421 926 5474 in
951 5424 1156 5479 sancta,
1193 5424 1396 5469 aeterna
1419 5412 1791 5481 redemptione
1839 5411 2032 5464 inven-

466 5526 519 5572 ta
552 5517 597 5548 ⁷ο
647 5535 666 5567 ι
697 5516 851 5574 Nam,
883 5518 944 5564 ut
972 5507 1117 5562 idem
1144 5519 1339 5559 rursus
1362 5503 1546 5558 dicitzc
1566 5502 1750 5557 Semel
1764 5508 2036 5563 mortuus,

537 5627 581 5663 δ’
607 5625 710 5678 lsa.
745 5638 834 5685 vu,
866 5620 920 5674 9.
995 5618 1040 5650 ⁸³
1062 5615 1197 5671 Joel.
1223 5632 1259 5677 ι,
1287 5615 1338 5669 9.

1451 5613 1495 5645 ⁸⁸
1530 5613 1703 5666 Galat.
1729 5630 1783 5678 ν,
1812 5614 1865 5666 ιι.
1930 5611 1976 5643 ⁸⁵
2005 5611 2176 5666 Exod.
2210 5627 2333 5674 xxx,
2365 5608 2426 5662 9.‘

468 5700 511 5731 ⁸³
543 5696 588 5750 ll
619 5681 896 5757 Thessali,
919 5689 973 5754 5,
1001 5689 1052 5741 4.
1084 5687 1128 5718 θ’
1162 5685 1321 5748 lbid.,
1361 5684 1413 5736 9.
1484 5684 1528 5716 '-'°
1552 5683 1716 5736 llebr.
1749 5697 1821 5747 ιτ,
1864 5682 1951 5747 ll,
1987 5681 2072 5734 l2.

2142 4485 2316 4555 λόγος.

2211 4579 2376 4633 ΚΥΡ.
2430 4567 2896 4644 Ἐξι).άσασθαί’γε
2939 4571 3042 4645 μὴν
3076 4572 3165 4624 ἐπὶ
3204 4569 3296 4624 τοῦ
3327 4570 3726 4640 θυσιαστηρίου

2141 4671 2233 4725 τοῦ
2279 4670 2646 4740 θυμιάματος,
2683 4667 3004 4738 προστάττει
3046 4664 3121 4735 τῷ
3187 4661 3395 4734 Ἀαρὼν
3430 4661 3574 4726 ἅπαξ
3615 4662 3726 4714 τοῦ

2139 4763 2386 4818 ἐνιαυτοῦ
2421 4762 2764 4834 καταχρίοντι
2791 4758 2868 4830 τῷ
2889 4759 3078 4828 αἵματι
3109 4755 3202 4809 τοῦ
3230 4752 3572 4823 καθαρισμοῦ
3603 4753 3725 4806 τῶν

2142 4855 2444 4926 ἁμαρτιῶν,
2477 4855 2577 4916 τὰς
2617 4870 2724 4907 των
2758 4850 3001 4921 κεράτων
3043 4846 3237 4918 ἀρχάς.
3260 4864 3278 4896 ι
3308 4845 3494 4912 ’Ἃγιον
3526 4842 3663 4914 γὰρ,
3694 4864 3722 4896 ι

2142 4948 2295 5018 φησὶ,
2321 4965 2337 4996 ε
2362 4945 2471 4999 τῶν
2506 4945 2674 5013 ἁγίων
2696 4943 2829 4996 ἐστί.
2860 4960 2877 4993 ι
2903 4940 3009 4994 Καὶ
3045 4937 3200 4992 τοῦτό
3226 4953 3306 4989 σοι
3345 4935 3510 5003 σαφὲς
3541 4951 3724 4987 κατα-

2142 5039 2353 5108 στήσει,
2390 5036 2581 5104 λέγων,
2633 5036 2661 5088 ὁ
2700 5033 2981 5094 Θεσπέσιος
3024 5030 3251 5090 Παῦλος
3298 5047 3316 5078 ι
3379 5025 3610 5098 Χριστὸς
3660 5027 3726 5080 δὲ

2141 5131 2582 5202 παραγενόμενος
2599 5126 2886 5198 ἀρχιερεὺς
2905 5124 3012 5202 τῷν
3034 5123 3333 5194 μελλόντων
3359 5118 3599 5187 ἀγαθῶν,
3627 5119 3726 5172 διὰ

2141 5224 2238 5292 τῆς
2275 5221 2518 5290 μείζονος
2546 5220 2640 5272 καὶ
2667 5215 3002 5288 τελεωτέρας
3049 5215 3269 5285 σκηνῆς,
3304 5213 3364 5265 οὺ
3399 5212 3726 5281 χειροποιή-

2138 5331 2254 5377 του,
2308 5314 2602 5378 τουτέστιν,
2637 5312 2696 5364 of;
2743 5309 2944 5379 ταύτης
2997 5308 3093 5378 τῆς
3147 5307 3410 5368 κτίσεως·
3468 5302 3588 5356 οὐδὲ
3649 5301 3722 5355 δι’

2139 5405 2367 5474 αἵματος
2395 5405 2614 5476 τράγων
2640 5403 2748 5470 καὶ,
2761 5401 2995 5470 μόσχων,
3019 5400 3106 5452 διὰ
3132 5398 3187 5450 δὲ
3206 5398 3298 5450 τοῦ
3327 5397 3455 5449 ἰδίου
3483 5394 3728 5463 αἵματος

2141 5495 2387 5565 εἰσῆλθεν
2414 5493 2631 5563 ἐφάπαξ
2664 5494 2743 5554 εἰς
2782 5491 2848 5543 τὰ
2882 5490 3031 5558 ἆγια,
3065 5489 3288 5542 αἰωνίαν
3316 5485 3582 5557 λύτρωσιν
3623 5483 3729 5535 εὑ-

2532 5605 2577 5637 ⁶⁶
2606 5604 2795 5659 Matth.
2823 5619 2973 5667 xxm,
3015 5601 3066 5654 8.
3172 5601 3215 5632 "’
3242 5600 3396 5656 Cant.
3427 5615 3465 5665 ι,
3495 5597 3547 5664 l,
3582 5594 3646 5650 2.
