3962 6296
174 240 272 298 (τεδ

894 234 980 289 DE
1020 233 1461 289 ADORA'I'IONE
1502 233 1568 288 IN
1609 232 1875 289 SPIRITU
1918 231 2006 287 ΕΤ
2046 231 2411 287 VERITATE.
2466 231 2593 286 LIB.
2632 229 2720 284 TK.

3324 225 3430 283 628

180 356 428 424 ράμενος.
468 368 489 400 ι
532 349 628 412 Ὠς
659 350 769 421 γὰρ
796 349 955 410 αὑτός
986 365 1086 401 που
1116 347 1276 401 πάλιν
1310 349 1496 420 φησὶν,
1526 367 1544 400 ι
1579 346 1756 410 "Arrcti

1861 363 1971 402 non
1997 348 2231 419 amplius
2259 347 2512 409 moritur,
2547 360 2695 399 mors
2713 343 2789 398 illi
2815 345 2958 398 ultra
2990 358 3097 398 non
3122 342 3432 399 dominabi—

177 440 482 505 ἀποθανὼν,
508 438 698 493 οὐκέτι
730 436 1082 509 ἀποθνήσκει,
1115 435 1339 500 Θάνατος
1378 436 1543 491 αὑτοῦ
1570 435 1752 490 οὐκέτι

157 498 479 649 ἷκυριεύσει.
532 532 601 585 Ὀ
642 530 754 602 γὰρ
799 498 1079 593 ἀπέθανε,⁷
1104 532 1172 599 τῇ
1208 498 1454 601 ἁμαρτίᾳ
1485 528 1753 582 ἀπέθανεν

183 624 417 649 ι,ι...-ζ-
479 623 505 649 2
558 623 611 649 ελ
656 622 719 649 νει
796 620 857 649 νει
899 619 974 649 -.Ἃ
1013 619 1130 649 ΔΑΒ.
1196 639 1212 649 .
1259 620 1437 649 περι-.
1488 620 1667 649 -..τιηιη
1726 621 1753 649 ,ι

162 619 417 709 ξὲφάπαξ·
476 623 508 677 ὃ
556 623 614 675 δὲ
653 622 743 693 ζῇ,
793 620 859 693 ζῇ
899 619 976 692 τῷ
1013 619 1155 694 Θεῷ.
1196 639 1214 673 ι
1258 620 1442 691 Εἰσῄει
1488 620 1667 674 τοίνυν
1725 621 1755 673 ὁ

180 719 462 780 θεσπέσιος
490 714 705 787 ’Δαρὼν
723 715 804 779 είς
832 713 900 768 τὰ
931 713 1096 781 Ἅγια
1125 713 1233 766 τῶν
1256 713 1449 782 ἁγίων,
1480 711 1629 777 ἅπαξ
1658 710 1752 764 τοῦ

180 804 447 871 ἐνιαυτοῦ,
475 804 546 857 δι’
564 803 796 874 αἵματος
821 800 916 855 τοῦ
943 800 1285 873 καθαρισμοῦ
1311 800 1422 855 τῶν
1450 799 1748 873 ἁμαρτιῶν.

181 900 281 951 Καὶ
323 899 428 969 ὅρα
462 895 700 968 Χριστὸν
734 896 792 948 ὲν
817 892 1055 947 τουτοισὶ
1081 893 1266 959 πάλιν,
1297 893 1489 965 αἵματι
1531 891 1603 964 τῷ
1639 892 1755 963 ἰδίῳ

178 990 271 1059 τῆς
299 989 563 1042 ἁπάντων
588 985 858 1057 σωτηρίας
880 986 975 1039 καὶ
1005 983 1167 1056 ζωῆς,
1201 985 1487 1060 μονονουχὶ
1508 984 1600 1037 τὸν
1626 983 1755 1036 ἴδιον

180 1079 611 1151 καταρῤαίνοντα
644 1076 893 1146 σταυρόν.
928 1072 1169 1146 Σταυροῦ
1214 1074 1322 1146 γὰρ
1352 1075 1523 1139 τύπος
1556 1075 1624 1129 τά
1665 1072 1757 1127 κέ-

184 1189 338 1243 ρατα,
390 1171 520 1242 τῇδε
554 1170 775 1224 κάκεῖσε
818 1167 894 1233 ὡς
935 1169 993 1221 ἐν
1039 1166 1190 1232 τάξει
1234 1166 1436 1239 χειρῶν
1482 1165 1756 1237 ἀποτάδην

182 1263 560 1317 ὲκνενευκότα.
607 1259 816 1315 Οὐκοῦν
866 1258 1201 1315 ἀποθανόντα
1251 1258 1351 1330 μὲν
1390 1257 1536 1325 ἅπαξ
1585 1258 1756 1312 ἐννόει

183 1355 435 1425 Χριστὸν,
470 1354 658 1423 Ἀγιον
683 1352 740 1405 δὲ
770 1350 876 1406 τῶν
906 1349 1077 1420 ἁγίων
1104 1350 1255 1414 ὄντα,
1289 1349 1430 1404 κατὰ
1465 1349 1646 1419 φύσιν,
1682 1349 1758 1414 ὡς

184 1447 332 1499 Θεόν.
366 1446 483 1499 Καὶ
525 1444 635 1517 γάρ
686 1445 834 1497 ἐστιν
874 1441 1078 1513 ἀληθὴς
1127 1441 1400 1511 Ἰωάννης,
1439 1440 1633 1510 λέγων,
1674 1440 1756 1493 ὅτι

192 1560 207 1590 ι
237 1539 333 1591 Ἐκ
351 1536 448 1591 τοῦ
468 1536 830 1608 πληρώματος
847 1535 1011 1590 αὐτοῦ
1034 1536 1194 1606 ἡμεῖς
1210 1532 1410 1597 πάντες
1423 1532 1707 1604 ἐλάϐομεν.
1730 1552 1750 1585 ι

183 1628 417 1703 Χριστοῦ
447 1628 559 1702 γὰρ
583 1628 807 1700 μέτοχος
828 1629 861 1698 ἡ
884 1627 1034 1681 πᾶσά
1060 1628 1177 1680 ἐστι
1214 1624 1385 1697 ὁρατὴ
1412 1626 1506 1679 καὶ
1528 1625 1756 1696 ἀόρατος

1856 449 1978 505 tur;
2008 439 2154 509 quod
2186 438 2333 493 enim
2360 444 2607 491 mortuus
2655 442 2739 490 est
2778 443 3000 505 peccato
3047 442 3298 489 mortuus
3348 442 3433 489 est

1854 531 2055 596 semel;
2096 529 2241 601 quod
2287 537 2469 584 autem
2501 527 2657 591 vivit,
2704 525 2838 579 vivit
2860 526 2970 580 Deo
2995 526 3060 578 τί.
3088 544 3105 577 ι
3156 526 3433 597 Ingredie-

1854 622 2016 676 batur
2040 622 2223 691 itaque
2251 621 2450 683 virgille
2474 618 2813 674 admirabilis
2826 618 3004 672 Aaron
3027 616 3083 671 in
3097 616 3293 673 Sancta
3310 633 3438 672 san-

1852 723 2066 768 ctorum
2086 714 2251 769 semel
2264 714 2475 768 in'anno
2494 727 2591 781 per
2610 709 2929 781 sanguinem
2959 708 3292 778 purgationis
3306 724 3433 779 pec-

1853 815 2120 863 catorum.
2147 807 2282 862 Vide
2317 800 2502 861 autem
2529 820 2720 860 rursus
2744 804 2799 858 in
2840 803 2945 857 hoc
2980 802 3099 872 ipso
3128 800 3429 865 Christum,

1853 901 2114 971 sanguine
2146 914 2245 955 suo
2277 914 2377 970 pro
2411 898 2583 952 salute
2623 896 2869 951 omnium
2894 909 2958 949 ac
2975 893 3087 948 vita
3110 908 3266 948 suam
3304 908 3433 969 cru-

1853 1007 1972 1048 cem
1990 991 2392 1064 quodammodo
2418 999 2820 1060 aspergentem;
2839 986 3020 1042 crucis
3036 987 3242 1057 quippe
3263 985 3432 1057 ﬁgura

1856 1096 1983 1143 sunt
1997 1098 2347 1153 cornua,qute
2368 1098 2628 1137 manuum
2651 1081 2821 1135 instar
2838 1078 3093 1148 utrinque
3110 1085 3434 1147 exporrecta

1854 1178 2187 1249 prominent.
2214 1176 2383 1247 Igitur
2409 1181 2687 1229 mortuum
2716 1171 2938 1243 quidem
2962 1171 3129 1225 semel
3151 1169 3433 1225 Christum

1855 1269 2117 1340 intellige,
2146 1267 2241 1323 sed
2264 1266 2516 1321 eumdem
2537 1281 2604 1320 ex
2619 1272 2815 1319 natura
2832 1262 3092 1318 Sanctum
3118 1270 3431 1316 sanctorum

1854 1376 1973 1417 esse
2005 1368 2265 1429 tanquam
2307 1358 2498 1412 Deum.
2545 1357 2641 1412 Est
2668 1356 2816 1411 enim
2844 1370 3012 1410 verax
3048 1353 3311 1418 Joannes,
3336 1353 3432 1429 qui

1854 1454 1932 1508 ait
1959 1470 1972 1507 :
2006 1472 2024 1505 ‹
2052 1452 2133 1507 Ex
2167 1451 2504 1523 plenitudine
2520 1450 2638 1521 ejus
2659 1464 2762 1504 nos
2777 1462 2966 1503 omnes
2978 1446 3289 1517 accepimus
3308 1447 3377 1511 7';
3408 1467 3423 1495 ι

1854 1551 1941 1599 est
1996 1543 2144 1598 enim
2173 1541 2379 1597 Christi
2405 1540 2679 1611 particeps
2702 1539 2954 1593 universa
2976 1553 3085 1591 non
3109 1536 3274 1591 modo
3296 1536 3429 1590 visi-

1855 1632 2003 1698 bilis,
2038 1631 2134 1687 sed
2151 1632 2316 1687 etiam
2341 1630 2634 1685 invisibilis
2677 1636 2949 1685 creatura.
2976 1626 3168 1698 Angeli
3192 1642 3429 1696 namque

185 1700 377 1787 κτίσις.
426 1700 682 1791 Ἄγγελοι
709 1737 770 1773 τε
799 1720 904 1792 γὰρ
935 1719 1029 1774 καῖ¹
1057 1718 1407 1792 ἁρχάγγελοι,
1435 1718 1528 1772 καὶ
1567 1716 1639 1771 τὰ
1672 1717 1753 1771 ἔτι

1861 1727 1913 1777 et
1932 1720 2266 1791 archangeli,
2291 1720 2395 1774 illae
2417 1719 2584 1774 etiam
2605 1733 2728 1789 quae
2751 1732 2918 1788 supra
2930 1716 3031 1771 hos
3048 1723 3177 1771 sunt
3197 1722 3427 1779 naturae,

184 1817 382 1869 τούτων
417 1815 693 1877 ἐπέκεινα,
720 1813 815 1866 καὶ
841 1811 978 1865 αὐτὰ
1010 1811 1067 1865 δὲ
1094 1810 1164 1864 τὰ
1188 1809 1487 1882 Χερουϐὶμ,
1516 1810 1614 1881 οὐχ
1638 1810 1754 1863 ἐτέ-

189 1925 290 1979 ρως
340 1907 494 1975 ἅγια,
556 1904 694 1975 πλὴν
744 1904 826 1957 ὄτι
866 1902 956 1957 διὰ
1008 1901 1171 1974 μόνου
1211 1901 1468 1973 Χριστοῦ,
1514 1904 1572 1955 έν
1613 1901 1754 1973 ἁγίῳ

188 1998 481 2071 Πνεύματι.
512 1997 683 2061 Αὐτὸς
710 1992 805 2050 οὖν
832 1995 940 2068 ἄρα
969 1995 1085 2048 ἐστὶ
1114 1995 1177 2048 τὸ
1214 1995 1617 2066 θυσιαστήριον,
1657 1994 1755 2048 αὑ-

185 2093 269 2157 τός
295 2070 354 2146 δὲ
376 2091 440 2144 τὸ
473 2090 745 2161 θυμίαμα,
792 2087 887 2142 καὶ
916 2087 1224 2160 ἀρχιερεὺς,
1260 2086 1420 2152 αὐτὸς
1457 2070 1531 2141 δὲ’
1555 2086 1754 2157 ὁμοίως

186 2184 242 2237 τὺ
268 2179 412 2253 αἷμα
431 2181 528 2235 τοῦ
558 2178 899 2252 καθαρισμοῦ
928 2178 1230 2251 ἁμαρτιῶν.

252 2275 462 2330 ΠΑΛΛ.
502 2271 611 2327 Ναὶ
663 2272 843 2342 λέγεις
887 2270 1082 2343 ὀρθῶς.
1116 2270 1265 2343 Πλὴν
1307 2272 1338 2325 ὂ
1393 2272 1446 2324 τί
1484 2270 1615 2325 ποτὲ
1639 2274 1759 2325 ἐστι

185 2368 271 2421 τοῦ
304 2363 648 2437 καθαρισμοῦ
688 2364 801 2417 τῶν
836 2362 1117 2434 ἁμαρτιῶν
1162 2362 1223 2416 τὸ
1256 2357 1417 2435 αἷμα,
1453 2363 1639 2434 σαφῶς
1669 2367 1755 2418 ὲν-

186 2455 317 2509 νοεῖν
345 2453 448 2507 οὐκ
469 2451 599 2523 εχω.

251 2543 413 2597 ΚΥΡ.
456 2539 863 2615 Προανατυπῶν
892 2541 921 2594 ό
954 2540 1115 2619 νόμος
1141 2540 1240 2612 τὴν
1265 2538 1337 2593 δι’
1354 2539 1583 2613 αἵματος
1614 2541 1754 2596 ἀπο-

190 2634 448 2706 κάθαρσιν
495 2634 591 2688 καὶ
628 2635 691 2687 τὸ
739 2632 887 2706 θῦμα
926 2633 986 2687 τὸ
1035 2624 1199 2706 ἱερὸν,
1231 2634 1374 2705 φημὶ
1401 2634 1467 2706 δὴ
1495 2636 1754 2707 Χριστὸν,

188 2728 249 2780 δι’
273 2720 333 2781 οῦ
362 2726 462 2780 καὶ
496 2724 840 2796 σεσώσμεθα,
866 2724 956 2778 τὸν
980 2723 1042 2792 ἐξ
1062 2725 1336 2796 ἁμαρτίας
1362 2726 1755 2797 ὲντετηγμένον

190 2821 309 2890 ἡμῖν
333 2817 799 2889 διαδιδράσκοντες
823 2817 1114 2889 μολυσμὸν,
1144 2810 1248 2871 ὧδέ
1276 2818 1353 2889 πή
1394 2834 1560 2889 φησιν
1590 2819 1648 2873 ὲν
1679 2819 1755 2890 τῷ

190 2909 481 2982 Δευῖτικῷθ
545 2928 566 2962 ι
611 2908 737 2963 Ἐάν
799 2908 857 2962 δὲ
902 2911 1079 2973 πᾶσα,
1115 2929 1134 2962 ι
1198 2909 1363 2979 φησὶ,
1417 2928 1437 2961 ι
1468 2911 1754 2982 συναγωγὴ

1859 1814 1975 1883 ipsa
1998 1811 2237 1882 denique
2260 1810 2589 1877 Cberubim,
2623 1825 2737 1864 non
2762 1810 2924 1863 aliter
2944 1824 3109 1878 quam
3132 1823 3232 1879 per
3267 1806 3430 1863 Chri—

1857 1913 2001 1959 stum
2022 1904 2199 1958 solum
2222 1903 2279 1958 in
2301 1910 2491 1958 sancto
2520 1900 2731 1972 Spiritu
2757 1907 2945 1957 sancta
2974 1908 3122 1955 sunt.
3163 1900 3284 1970 Ipse
3335 1898 3436 1971 igi-

1858 2005 1947 2051 tur
1964 2004 2049 2052 est
2069 1996 2259 2062 altare,
2285 1996 2400 2066 ipse
2419 1995 2736 2067 thymiama,
2763 2007 3120 2062 summusque
3142 1991 3429 2058 sacerdos;

1858 2088 1973 2159 ipse
1994 2088 2126 2143 item
2159 2088 2380 2159 sanguis
2408 2086 2752 2158 purgationis
2772 2089 3145 2155 peccatorum.

1925 2272 2122 2328 PALL.
2149 2273 2319 2328 Recte
2339 2286 2467 2327 sane
2496 2270 2654 2325 dicis.
2682 2269 2789 2325 Sed
2815 2267 2948 2340 quid
2970 2266 3191 2323 tandem
3218 2265 3292 2322 sit
3309 2279 3435 2321 san-

1856 2364 1978 2434 guis
2008 2362 2353 2434 purgationis
2398 2368 2772 2431 peccatorum,
2806 2358 3096 2431 perspicue
3128 2356 3434 2429 intelligere

1856 2468 2093 2523 nequeo.

1925 2542 2081 2600 CYR.
2104 2542 2241 2599 Cum
2273 2542 2652 2615 prazﬁguraret
2672 2542 2763 2597 lex
2791 2542 2940 2597 illam
2964 2558 3064 2613 per
3113 2542 3434 2613 sanguinem

1856 2637 2259 2708 purgationem,
2295 2644 2352 2692 et
2385 2651 2594 2691 sacram
2628 2635 2779 2690 illam
2818 2634 3097 2690 victimam
3134 2632 3436 2706 (Christum

1857 2728 2122 2802 intelligo)
2148 2746 2247 2801 per
2273 2745 2439 2801 quem
2470 2729 2605 2785 salvi
2627 2727 2759 2784 facti
2815 2712 3026 2793 sumus,
3060 2734 3119 2782 et
3170 2725 3438 2790 maculas,

1856 2838 1925 2878 ex
1979 2830 2207 2893 peccato
2259 2822 2423 2877 nobis
2460 2823 2671 2877 inustas
2734 2819 2992 2885 eluimus,
3031 2818 3099 2873 ad
3145 2817 3295 2873 hunc
3321 2817 3440 2872 fere

1857 2915 2081 2970 modum
2107 2915 2247 2972 dixit
2270 2914 2327 2969 in
2350 2914 2597 2969 Levitieo
2623 2930 2635 2966 :
2676 2931 2694 2964 ι
2734 2911 2792 2966 Si
2819 2919 3002 2966 autem
3025 2910 3280 2965 universa
3302 2925 3436 2964 con-

200 3001 405 3074 Ἰσραὴλ
449 3003 717 3073 ἀγνοήσῃ,
747 3001 842 3054 καὶ
886 2999 1029 3072 λάθῃ
1057 3001 1208 3072 ῥῆμα
1236 2999 1297 3065 ἐξ
1332 3000 1625 3073 ὀφθαλμῶν
1656 3001 1754 3073 τῆς

1861 3009 2100 3080 gregatio
2122 3008 2283 3063 Israel
2322 3005 2678 3078 ignoraverit,
2722 3011 2778 3058 et
2834 2999 3216 3057 absconditum
3272 2998 3439 3053 fuerit

194 3094 522 3164 συναγωγῆς,
550 3093 645 3145 καὶ
676 3093 944 3164 ποιήσωσι
972 3092 1102 3163 μίαν
1123 3093 1231 3147 ἀπὸ
1258 3093 1447 3149 πασῶν
1474 3093 1583 3149 τῶν
1604 3096 1751 3149 ἐντο-

192 3186 287 3240 λῶν
304 3186 532 3258 Κυρίου,
551 3186 659 3257 ἠού
677 3185 1052 3258 ποιηθήσεται,
1069 3186 1164 3240 καὶ
1181 3186 1639 3259 πλημμελήσωσι,
1657 3187 1751 3242 καὶ

190 3276 393 3347 γνωσθῇ
420 3277 606 3339 αὐτοῖς
644 3276 964 3349 ήάμαρτία,
1003 3277 1069 3349 ἣν
1093 3278 1336 3350 ἥμαρτον
1368 3278 1426 3331 ὲν
1465 3279 1622 3351 αὐτῇ.
1660 3279 1750 3333 καὶ

190 3369 443 3440 προσάξει
458 3371 491 3438 ή
512 3371 805 3440 συναγωγὴ
819 3368 1016 3440 μόσχον
1032 3370 1094 3422 ἐκ
1109 3368 1248 3439 βοῶν
1265 3369 1494 3441 ἄμωμον
1510 3373 1637 3442 περὶ¹
1654 3372 1771 3443 τῆς⁷

191 3454 475 3533 ἁμαρτίας,
500 3460 598 3515 καὶ
645 3460 903 3531 προσάξει
937 3460 1098 3514 αὐτὸν
1143 3460 1295 3533 παρὰ
1330 3461 1429 3526 τὰς
1458 3461 1624 3533 θύρας
1655 3462 1751 3517 τοῦ

195 3554 488 3625 μαρτυρίου
503 3552 603 3622 τῆς
618 3553 842 3624 σκηνῆς,
862 3553 955 3607 καὶ
967 3551 1317 3624 ἐπιθήσουσιν
1328 3553 1376 3607 οί
1395 3553 1663 3626 πρεσϐύτε
1673 3571 1753 3626 ροι

190 3645 284 3714 τῆς
310 3643 636 3714 συναγωγῆς
675 3642 773 3707 τὰς
802 3644 988 3715 χεῖρας
1036 3642 1214 3696 αὐτῶν
1250 3643 1343 3697 ἐπὶ
1379 3644 1476 3714 τὴν
1515 3643 1754 3715 κεφαλὴν

192 3736 276 3791 τοῦ
294 3736 496 3809 μόσχου
514 3736 692 3789 ἔναντι
712 3735 938 3807 Κυρίου,
961 3737 1055 3789 καὶ
1077 3734 1341 3806 σφάξουσι
1360 3736 1558 3808 μόσχον
1581 3736 1754 3792 ἔναντι

196 3829 412 3900 Κυρίου,
436 3827 536 3881 καὶ
563 3826 781 3881 εἰσοίσει
815 3828 846 3881 ὁ
879 3829 1056 3900 ἱερεὺς
1087 3828 1306 3898 χριστὸς
1337 3828 1445 3882 ἀπὸ
1471 3828 1564 3882 τοῦ
1587 3829 1755 3900 αἵμα-

195 3921 387 3985 τοςτοῦ
428 3920 632 3992 μόσχου
665 3921 745 3984 εἰς
774 3919 875 3991 τὴν
913 3920 1117 3991 σκηνὴν
1143 3917 1238 3973 τοῦ
1291 3921 1614 3992 μαρτυρίου.
1645 3921 1756 3974 Καὶ

198 4011 345 4083 βάψει
390 4014 421 4065 ό
463 4012 643 4083 ἱερεὺς
687 4009 778 4065 τὸν
824 4009 1081 4065 δάκτυλον
1133 4011 1242 4064 ἀπὸ
1272 4008 1366 4063 τοῦ
1400 4010 1631 4082 αἵματος
1661 4010 1757 4064 τοῦ

200 4103 408 4173 μόσχου,
429 4102 523 4155 καὶ
547 4103 699 4175 ρανεῖ
720 4100 948 4164 ἑπτάκις
968 4099 1146 4154 ἔναντι
1168 4098 1371 4171 Κυρίου
1390 4102 1507 4153 κατ’
1529 4100 1759 4156 ἐνώπιον

196 4192 278 4246 τοῦ
301 4192 794 4262 καταπετάσματος
828 4190 921 4244 τοῦ
947 4190 1125 4260 ἁγίους
1154 4190 1246 4244 κα)⁵
1274 4191 1382 4245 ἀπὸ
1409 4189 1503 4244 τοῦ
1530 4192 1760 4263 αἵματος

196 4282 433 4355 ἐπιθήσει
474 4283 504 4335 ό
552 4282 727 4354 ἱερεὺς
767 4282 859 4334 ἐπὶ
898 4280 966 4335 τὰ
999 4281 1206 4354 κέρατα
1244 4281 1339 4334 τοῦ
1370 4280 1758 4353 θυσιαστηρίου

1858 3100 2088 3156 verbum
2113 3100 2182 3154 ab
2209 3098 2382 3154 oculis
2407 3095 2867 3169 congregationis,
2897 3100 2955 3148 et
2984 3091 3218 3147 fecerint
3264 3106 3434 3145 unum

1855 3194 2013 3265 3],],
2040 3192 2109 3247 ab
2138 3190 2396 3247 omnibus
2410 3189 2682 3245 mandatis
2707 3184 2945 3249 Domini,
2971 3181 3253 3253 quodnon
3275 3196 3440 3251 opor-

1857 3292 1936 3341 tet
1967 3284 2107 3350 iieri,
2144 3291 2201 3340 et
2246 3282 2614 3353 deliquerint,
2663 3287 2719 3335 et
2756 3278 3034 3348 cognitum
3090 3273 3258 3330 fuerit
3303 3273 3436 3342 ipsis

1857 3384 2145 3446 peccatum
2179 3375 2233 3430 in
2269 3390 2378 3445 quo
2400 3380 2788 3444 peccaverunt,
2818 3371 3055 3427 adducet
3080 3364 3457 3437 congregatio-

1855 3470 2089 3524 vitulum
2112 3485 2180 3524 ex
2197 3466 2374 3525 bobus
2392 3467 2797 3523 immaculatum
2817 3480 2917 3534 pro
2936 3470 3179 3536 peccato,
3199 3464 3255 3513 et
3267 3455 3441 3515 addu-

1859 3568 1947 3617 cet
1980 3578 2109 3618 eum
2156 3573 2329 3630 prope
2374 3556 2574 3612 ostium
2625 3553 2965 3609 tabernaculi
3016 3551 3335 3616 testimonii,
3383 3556 3441 3605 et

1860 3658 2144 3727 imponent
2166 3651 2410 3707 seniores
2429 3645 2868 3719 congregationis
2889 3660 3085 3700 manus
3106 3658 3234 3698 suas
3275 3655 3440 3711 super

1859 3756 2025 3819 caput
2049 3745 2206 3801 vituli
2239 3758 2425 3798 coram
2444 3741 2698 3806 Domino,
2724 3750 2781 3795 et
2813 3737 3176 3795 immolabunt
3204 3738 3437 3793 vitulum

1862 3854 2047 3896 coram
2066 3837 2319 3900 Domino,
2346 3843 2403 3889 et
2428 3833 2631 3889 inferet
2662 3832 2919 3888 sacerdos
2957 3839 3155 3887 unctus
3199 3829 3268 3885 de
3312 3845 3438 3885 san.—

1863 3931 2028 4004 guiue
2048 3929 2206 3984 vituli
2233 3928 2289 3983 in
2314 3926 2732 3981 tabernaculum
2756 3924 3077 3988 testimonii,
3112 3930 3169 3977 et
3207 3923 3439 3992 intingct

1863 4023 2119 4080 sacerdos
2162 4019 2393 4092 digitum
2438 4018 2525 4073 de'
2551 4017 2813 4088 sanguine
2858 4015 3043 4069 vituli.
3078 4015 3146 4068 Et
3190 4021 3440 4082 asperget

1865 4115 2069 4184 septies
2091 4126 2275 4169 coram
2298 4109 2530 4165 Domino
2558 4123 2589 4162 e
2619 4107 2840 4177 regione
2872 4113 3061 4160 contra
3095 4102 3276 4157 velum
3310 4117 3437 4156 san-

1865 4205 2082 4270 ctuarii,
2106 4212 2163 4257 et
2189 4202 2257 4256 de
2295 4198 2558 4269 sanguine
2580 4197 2824 4267 imponet
2846 4193 3102 4250 sacerdos
3132 4207 3297 4263 super
3317 4206 3437 4246 cor-

1866 4312 1974 4351 nua
2005 4294 2192 4349 altaris
2214 4290 2418 4346 incensi
2466 4286 2898 4360 compositionis,
2931 4283 3077 4355 quod
3123 4290 3208 4338 est
3252 4297 3436 4337 coram

194 4374 295 4428 τῶν
342 4374 706 4451 θυμιαμάτων
755 4373 856 4444 τῆς
898 4372 1223 4439 συνθέσεως,
1277 4373 1305 4427 ὅ
1333 4374 1480 4427 ἐστιν
1532 4372 1756 4428 ἐνώπιον

1865 4386 2119 4450 Domino,
2171 4382 2317 4455 quod
2358 4389 2442 4438 est
2485 4381 2542 4435 in
2577 4377 2929 4434 tabernaculo
2959 4372 3257 4431 testimonii
3310 4373 3373 4427 ⁷³.
3411 4392 3429 4422 ι

195 4464 414 4537 Κυρίου,
470 4464 497 4517 ὅ
535 4465 683 4517 ἐστιν
719 4466 776 4519 ὲν
802 4467 868 4537 τῇ
905 4467 1077 4537 σκηνῇ
1108 4464 1200 4517 τοῦ
1230 4465 1549 4537 μαρτυρίου.
1596 4485 1614 4516 ι
1650 4467 1759 4519 Καὶ

194 4557 521 4630 πλατύτερον
555 4558 652 4628 μὲν
684 4557 812 4629 περί
843 4574 909 4626 γε
950 4557 1154 4612 τούτων
1191 4559 1322 4628 ἡμῖν
1353 4556 1496 4610 κατὰ
1535 4558 1758 4630 καιροὺς

193 4650 501 4720 είρήσεται³
542 4646 698 4719 ἄθρει
729 4647 786 4701 δὲ
814 4647 889 4712 ὡς
932 4650 991 4726 έν
1025 4647 1209 4719 μόσχῳ
1243 4647 1402 4704 πάλιν
1434 4648 1573 4719 ὑπὲρ
1599 4648 1757 4719 ἡμῶν

195 4740 532 4811 σφαζόμενον
579 4739 671 4792 τὸν
731 4738 1094 4811 Ἐμμανουὴλ,
1146 4739 1239 4793 καὶ
1290 4739 1562 4811 ἁμαρτίας
1614 4740 1760 4809 ἡμᾶς

193 4830 619 4895 ἀπαλλάττοντα,
681 4830 777 4887 καὶ
826 4830 1120 4896 ὲξιστῶντα
1168 4830 1343 4901 δίκης,
1420 4829 1514 4883 καὶ
1569 4830 1761 4902 ποινῆς

192 4922 553 4994 ἀποφέροντα,
604 4923 699 4977 καὶ
742 4922 833 4975 διὰ
864 4922 963 4992 τῆς
1004 4921 1249 4993 μείζονος
1295 4922 1389 4975 καὶ
1418 4920 1760 4995 τελειοτέρας

196 5014 337 5069 ἰόντα
367 5017 597 5085 σκηνῆς,
643 5015 704 5069 οὐ
738 5014 824 5068 διὰ
859 5014 1075 5084 μόσχων
1119 5014 1213 5067 καὶ
1258 5014 1497 5085 τράγων,
1530 5013 1667 5068 ἀλλὰ
1693 5014 1759 5068 δι’

195 5107 418 5175 αἵματος
466 5104 563 5159 τοῦ
602 5105 755 5171 ἰδίου,
805 5106 900 5160 καὶ
931 5105 1160 5159 θανάτου
1196 5103 1488 5174 προσάπαξ
1520 5104 1759 5173 ἀπογευ-

197 5199 444 5269 σάμενον.
489 5198 613 5252 Ἐπὶ
652 5197 811 5264 ξύλου
850 5197 960 5268 γὰρ
990 5197 1101 5252 ἄνω
1138 5196 1308 5268 λόγχῃ
1334 5196 1623 5264 διανοιγεὶς
1662 5195 1768 5266 τὴν

193 5289 448 5361 πλευρὰν,
492 5286 635 5362 αἷμά
658 5306 718 5342 τε
760 5289 855 5343 καὶ
894 5288 1038 5360 ὕδωρ
1066 5288 1372 5356 ἐξέϐλυσεν.
1408 5288 1589 5351 Τόπος
1619 5287 1663 5340 δ’
1695 5286 1761 5340 ἂν

193 5373 295 5431 εἶεν
342 5380 601 5452 σταυροῦ,
651 5378 795 5434 καθὰ
830 5378 924 5433 καὶ
966 5378 1270 5449 φθάσαντες
1297 5378 1544 5447 εἴπομεν,
1570 5376 1758 5429 αἰτῶν

195 5469 426 5540 κεράτων
446 5471 650 5541 ὲξοχαί.

1865 4478 2076 4546 Quibus
2118 4476 2187 4531 de
2230 4475 2400 4531 rebus
2440 4470 2716 4543 c0piosius
2770 4468 2990 4523 anobis
3043 4466 3178 4522 alias
3198 4464 3431 4519 dicetur.

1862 4570 2161 4628 Considera
2190 4581 2379 4622 rursus
2404 4564 2555 4619 illum
2576 4559 2897 4617 Emmanuel
2932 4565 2992 4613 ut
3038 4557 3093 4611 in
3136 4555 3309 4611 vitulo
3336 4569 3435 4625 pro

1864 4658 2328 4725 nobisimmolari,
2347 4664 2402 4712 et
2422 4660 2523 4711 nos
2544 4670 2586 4718 ,a
2611 4652 2852 4724 peccatis
2875 4651 3130 4712 liberare,
3155 4653 3213 4701 et
3248 4661 3279 4700 a
3303 4658 3434 4713 sup-

1865 4754 2031 4826 plicio
2053 4753 2313 4815 eximere,
2357 4757 2413 4804 et
2456 4745 2695 4818 a-puanis
2734 4744 2973 4814 eripere,
3030 4747 3085 4793 et
3116 4752 3212 4807 per
3259 4731 3436 4805 majus

1868 4823 2028 4911 atque
2051 4837 2345 4910 perfectius
2375 4833 2788 4891 tabernaculum
2817 4827 3046 4901 ingredi,
3087 4842 3199 4881 non
3221 4840 3320 4895 per
3351 4823 3435 4877 vi-

1867 4935 2030 4997 tulos,
2079 4939 2174 4987 aut
2202 4931 2419 4993 hircos,
2448 4927 2544 4983 sed
2570 4942 2666 4998 per
2692 4922 2975 4995 proprium
3003 4917 3323 4989 sanguinem
3378 4924 3438 4971 et

1871 5029 2104 5077 mortem
2136 5019 2304 5076 semel
2338 5025 2558 5089 gustare
2588 5034 2601 5070 :
2631 5030 2780 5078 nam,
2807 5026 2930 5067 eum
2979 5007 3232 5065 sublimis
3262 5006 3319 5061 in
3362 5005 3432 5059 li-

1867 5130 1973 5185 gno
1995 5113 2279 5184 penderet,
2307 5110 2427 5180 ejus
2454 5108 2597 5164 latus
2628 5107 2813 5160 lancea
2836 5101 3143 5173 perfossum
3170 5098 3432 5170 sanguine

1865 5211 2075 5273 etaqua
2099 5201 2358 5258 manavit.
2385 5200 2637 5271 Figuram
2661 5208 2827 5265 porro
2853 5193 3036 5248 crucis
3054 5207 3165 5247 non
3196 5186 3432 5245 absurdo

1867 5301 2057 5347 tenent
2077 5306 2282 5346 cornua
2305 5288 2491 5344 altaris
2514 5283 2836 5349 eminentia,
2876 5290 2937 5337 ut
2963 5283 3018 5337 in
3057 5275 3443 5350 superioribus

1864 5382 2120 5436 diximus.

259 5648 480 5705 “Rom.
531 5667 606 5717 vl,
650 5650 706 5715 9,
770 5648 852 5701 l0.
930 5650 972 5680 ⁷²
1049 5648 1201 5703 Joan.
1254 5663 1290 5714 ι,
1347 5646 1426 5701 l6.
1501 5636 1847 5711 "LUYILIY,
1887 5641 2068 5696 15-16.
