3962 6296
548 211 609 272 37
1316 250 1324 257 .
1506 212 1561 275 δ.
1602 214 1874 279 CYRILLI
1911 217 2379 278 ALEXANDRINI
2421 221 2736 280 ARClllEP.

2110 338 2156 392 Α
2253 336 2462 390 ΙΙΛΛΛ.
2503 330 2574 391 Εὖ
2603 334 2759 404 ἔφης.

578 319 775 375 PALL.
813 322 976 378 Recte
1002 323 1099 387 ais,

576 410 733 466 CYR.
761 412 924 482 Atqui
949 431 1053 470 non
1081 419 1341 490 sanguine
1376 419 1570 483 solum,
1599 420 1692 473 sed
1719 430 1903 478 sancta
1938 438 2077 491 quo—

508 516 615 573 que
640 517 780 571 aqua
803 507 1019 574 purgari
1055 518 1329 577 oportere,
1370 509 1460 563 lex
1496 524 1593 578 per
1626 509 1854 577 amigma
1876 509 2076 579 jussit,

509 608 631 669 qua:
650 594 736 649 via
777 604 861 649 est
880 596 944 650 ad
964 600 1344 669 purgationem
1371 598 1791 669 perfectissima,
1816 600 1861 654 si
1882 609 2081 672 mystc-

508 685 651 741 rium
689 687 836 757 quod
873 700 956 742 est
988 689 1041 743 in
1072 690 1292 750 Christo
1321 690 1656 745 consideres.

580 777 777 841 PALL.
802 779 1086 851 Quomodo
1115 781 1359 848 tandem,
1394 789 1487 837 aut
1508 797 1617 852 qua
1658 782 1869 838 ratione
1900 782 1956 837 id
1984 799 2079 839 os-

510 866 714 930 tendit?
1534 856 1541 859 ﬁ

576 957 734 1019 CYR.
772 959 1045 1032 Scriptum
1072 970 1156 1018 est
1186 965 1333 1022 enim
1393 982 1405 1025 :
1447 983 1465 1015 ι
1488 964 1557 1020 Ει
1596 964 1815 1020 locutus
1854 974 1938 1020 est
1975 965 2081 1018 Do-

510 1049 691 1105 minus
725 1050 792 1105 ad
833 1052 1071 1125 Moysen,
1117 1056 1338 1112 dicens:
1403 1056 1510 1119 Fac
1561 1057 1775 1110 labrum
1838 1072 2072 1120 aeneum,

507 1148 563 1195 et
585 1141 760 1205 basim
794 1144 943 1199 illius
976 1162 1182 1201 aeneam
1205 1147 1271 1201 ad
1300 1148 1640 1206 abluendum
1665 1166 1678 1207 :
1707 1157 1763 1202 et
1791 1164 1961 1218 pones
2010 1148 2077 1201 il-

509 1232 599 1286 lud
632 1233 773 1289 inter
806 1234 1221 1296 tabernaculum
1266 1239 1569 1293 testimonii
1602 1245 1658 1292 et
1699 1239 1842 1297 inter
1882 1238 2071 1292 altare.

508 1324 576 1377 Et
603 1324 852 1380 effundes
886 1327 939 1381 in
965 1328 1099 1388 illud
1127 1345 1345 1400 aquam,
1373 1339 1428 1384 ct
1457 1330 1682 1385 abluent
1707 1330 1888 1383 Aaron
1935 1338 1990 1385 et
2015 1329 2080 1382 li-

508 1414 565 1477 lii
600 1417 718 1485 ejus
744 1416 798 1470 in
831 1433 898 1472 eo
948 1435 1145 1475 manus
1191 1429 1246 1475 et
1285 1422 1454 1491 pedes
1500 1437 1662 1491 aqua.
1715 1420 1853 1476 Cum
1896 1420 2078 1490 ingre-

511 1505 735 1571 dientur
791 1507 845 1561 in
907 1509 1319 1566 tabernaculum
1375 1513 1723 1577 testimonii,
1785 1513 2079 1567 abluentur

507 1612 667 1666 aqua,
686 1606 741 1653 et
760 1613 870 1653 non
896 1600 1220 1671 morientur;
1247 1604 1324 1658 vel
1350 1619 1475 1659 cum
1497 1604 1874 1675 ingredientur
1889 1613 1948 1658 ut
1973 1604 2078 1665 nti--

2440 146 2465 156 ε,
2507 147 2515 152 .

2764 163 2819 177 ν-

3654 227 3750 285 628

2250 427 2411 481 ΚΥΡ.
2466 427 2604 485 Ἀλλ’
2633 425 2748 478 οὔτι
2780 443 2864 478 πω
2893 425 3037 496 μόνῳ
3062 425 3139 496 τῷ
3172 426 3364 497 αἵματι
3396 430 3748 504 καθαίρεσθαι

2180 518 2287 575 δεῖν
2317 517 2730 589 αἰνιγματωδῶς
2756 520 2784 571 ὁ
2822 517 3006 588 νόμος,
3038 517 3172 571 ἀλλὰ
3203 519 3296 572 καὶ
3327 519 3476 573 ὕδατι
3509 521 3586 592 τῷ
3619 525 3753 595 ἁγίῳ

2181 613 2538 681 προστέταχε.
2569 609 2890 680 Τελεωτάτη
2914 608 3023 680 γὰρ
3051 609 3146 680 ἥδε
3172 614 3309 682 πρὸς
3330 611 3594 683 κάθαρσιν
3617 615 3757 685 ἅδος,

2181 703 2322 755 κατά
2349 720 2410 772 γε
2427 704 2488 757 τὸ
2527 705 2583 761 ὲν
2613 701 2834 772 Χριστῷ
2868 702 3189 772 μυστήριον.

2252 793 2460 848 ΠΑΛΛ.
2498 793 2622 857 Πῶς
2654 792 2710 851 δὲ
2741 793 2805 865 δὴ
2837 793 2944 863 ἄρα
2977 792 3248 852 καὶτοῦτο
3283 795 3537 867 δέδειχεν,
3573 798 3605 869 ἦ
3638 799 3752 851 τίνα

2180 884 2379 955 τρόπον
2394 902 2410 951 ;

2252 972 2415 1025 ΚΥΡ.
2456 971 2768 1043 Γέγραπται
2805 971 2936 1044 γὰρ,
2977 971 3056 1024 ὅτι
3099 990 3118 1023 ι
3159 972 3266 1027 Καὶ
3288 973 3515 1045 ἐλάλησε
3548 974 3748 1047 Κύριος

2181 1063 2318 1134 πρὸς
2361 1063 2600 1132 Μωσῆν,
2636 1062 2854 1130 ’λέγων’
2924 1062 3155 1132 Ποίησον
3202 1063 3442 1135 λουτῆρα
3474 1064 3748 1135 νχαλκοῦν,

2181 1154 2274 1208 καὶ
2304 1152 2459 1223 βάσιν
2484 1153 2650 1207 αὐτοῦ
2680 1153 2905 1225 χαλκῆν,
2927 1152 3066 1206 ὥστε
3093 1154 3398 1208 νίπτεσθαι.
3434 1157 3542 1208 Καὶ
3570 1156 3752 1226 θήσεις

2181 1245 2341 1299 αὐτὸν
2395 1246 2499 1298 ἀνά
2547 1245 2718 1314 μέσον
2756 1244 2855 1314 τῆς
2903 1245 3106 1315 σκηνῆς
3144 1244 3235 1297 τοῦ
3289 1247 3606 1317 μαρτυρίου.
3659 1247 3751 1301 καὶ

2180 1334 2282 1386 ἀνὰ
2319 1332 2483 1401 μέσον
2517 1332 2609 1386 τοῦ
2657 1332 3065 1403 θυσιαστηρίου.
3100 1334 3207 1385 Καὶ
3241 1336 3445 1403 ὲκχεείς
3475 1337 3555 1397 είς
3588 1335 3750 1388 αὑτὸν

2182 1422 2342 1495 ὕδωρ
2366 1426 2460 1478 καὶ
2488 1423 2728 1492 νίψονται
2767 1423 2974 1494 Ἀαρὼν
2997 1424 3089 1476 καὶ
3111 1426 3159 1476 οἱ
3181 1426 3286 1477 υἱοὶ
3305 1426 3468 1478 αὐτοῦ
3500 1427 3558 1493 ἐξ
3583 1425 3749 1485 αὑτοῦ

2179 1514 2278 1579 τὰς
2317 1518 2508 1591 χεῖρας
2537 1516 2774 1578 καὶτοὺς
2816 1515 2979 1578 πόδας
3004 1514 3176 1568 ὕδατι.
3207 1516 3368 1569 Ὅταν
3394 1517 3753 1588 είσπορεύων-

2178 1623 2267 1659 ται
2306 1608 2385 1669 εἰς
2412 1605 2511 1677 τὴν
2548 1606 2751 1676 σκηνὴν
2784 1604 2875 1667 τοῦ
2923 1605 3242 1676 μαρτυρίου,
3296 1607 3539 1676 νίψονται
3572 1608 3748 1672 ὕδατι,

508 1689 753 1743 nistrent
781 1690 849 1744 ad
880 1692 1071 1753 altare,
1108 1701 1163 1748 et
1214 1694 1449 1750 offerant
1477 1696 1796 1750 holocausta
1824 1695 2073 1761 Domino,

2187 1697 2273 1747 καὶ
2302 1695 2361 1749 οὐ
2393 1694 2468 1765 μὴ
2489 1694 2850 1757 ἀποθάνωσιν·
2885 1692 2916 1762 ἢ
2949 1694 3075 1746 ὅταν
3109 1695 3587 1765 προσπορεύωνται
3616 1696 3754 1768 πρὸς

508 1775 733 1831 abluent
768 1793 963 1833 manus
1003 1788 1058 1835 et
1102 1783 1270 1857 pedes
1323 1799 1483 1853 aqua.
1516 1784 1653 1839 Cum
1698 1784 2077 1861 ingredienlur

508 1885 558 1920 in
584 1869 997 1927 tabernaculum
1040 1875 1358 1939 testimonii,
1384 1876 1643 1931 lavabunt
1667 1893 1828 1947 aqua,
1860 1886 1921 1932 ut
1967 1894 2077 1932 non

509 1962 845 2017 moriantur:
895 1972 950 2018 et
979 1966 1086 2019 erit
1129 1966 1289 2035 312
1349 1967 1648 2037 legitimum
1682 1969 2076 2039 sempiternum

507 2051 631 2119 ipsi,
666 2060 721 2106 et
736 2054 1184 2123 generationibus
1218 2058 1336 2127 ejus
1368 2067 1489 2128 post.
1516 2074 1641 2113 cum
1668 2060 1730 2113 7‘.
1767 2080 1784 2111 ι
1833 2059 2075 2115 Gratiam

507 2141 673 2211 igitur
699 2145 873 2200 sancti
900 2145 1248 2215 baptismatis
1294 2149 1348 2202 in
1378 2165 1439 2203 ca
1473 2166 1530 2204 re
1556 2150 1954 2221 praeﬁguratam
1986 2167 2074 2206 es-

503 2250 583 2299 se,
624 2252 732 2291 non
763 2248 847 2293 est
867 2239 1184 2294 obscurum.
1210 2241 1371 2307 Nam,
1402 2257 1526 2297 cum
1557 2244 1918 2312 baptizamur,
1966 2260 2075 2298 non

506 2329 753 2384 sordium
786 2333 968 2386 carnis
1002 2332 1832 2416 depositioncmconsequimur,
1862 2337 1956 2391 sed
1988 2338 2074 2390 in-

503 2419 874 2486 quinamentis
905 2422 1150 2476 animiet
1184 2424 1367 2478 cordis
1390 2424 1712 2489 liberamur,
1744 2433 1799 2479 et
1836 2426 2075 2488 maculas

413 2501 426 2510 ’
503 2509 829 2571 delictorum
855 2512 1150 2577 abluimus,
1177 2513 1323 2568 illius
1347 2515 1518 2584 gratia
1547 2524 1710 2584 atque
1744 2516 2074 2586 benignitate

503 2598 723 2665 quinos
748 2600 814 2656 ad
853 2601 1080 2655 salutem
1127 2610 1305 2655 vocat.
1360 2602 1734 2657 Justificamur
1766 2604 1911 2657 enim
1964 2620 2074 2658 non

501 2704 569 2742 ex
598 2690 862 2768 operibus
887 2691 1039 2761 legis,
1069 2699 1127 2745 ut
1152 2691 1452 2761 Scriptura:
1486 2701 1760 2747 testantur
1789 2696 1857 2759 ⁷⁸,
1890 2693 1984 2749 sed
2007 2710 2075 2749 ex

503 2781 609 2834 llth
631 2781 760 2843 Jcsu
783 2782 1009 2843 Christi.
1050 2782 1188 2839 Illud
1213 2791 1397 2838 autem
1438 2783 1844 2842 animadvertas
1885 2787 2071 2853 velim,

502 2875 704 2936 Aaron,
738 2882 794 2928 et
826 2888 922 2928 eos
944 2874 1144 2954 quibus
1173 2892 1280 2939 una
1334 2876 1447 2931 Deo
1498 2877 1814 2932 ministrare
1860 2879 2075 2949 jussum

501 2973 639 3027 erat,
668 2965 919 3035 quamvis
946 2981 1011 3020 ex
1032 2967 1151 3039 lege
1186 2968 1359 3027 sancti
1401 2978 1606 3034 essent,
1663 2968 1845 3024 adhuc
1891 2978 2072 3030 tamen

2183 1787 2243 1840 τὸ
2269 1786 2652 1857 θυσιαστήριον
2704 1785 3058 1858 λειτουργεῖν,
3099 1786 3190 1839 καὶ
3217 1786 3510 1857 ἀναφέρειν
3550 1786 3616 1840 τὰ
3635 1787 3754 1848 ὀλο-

2184 1883 2519 1950 καυτώματα
2561 1877 2766 1949 Κυρίῳ,
2814 1877 3055 1947 νίψενται
3102 1877 3200 1941 τὰς
3249 1882 3437 1950 χεῖρας
3488 1879 3580 1931 καὶ
3624 1878 3755 1945 τοὺς

2184 1971 2349 2034 πόδας
2394 1970 2566 2024 ὕδατι.
2606 1970 2773 2023 Ὅταν
2822 1967 3245 2038 είσπορεύωνται
3294 1970 3375 2033 είς
3414 1969 3512 2040 τὴν
3543 1968 3757 2040 σκηνὴν

2180 2058 2274 2112 τοῦ
2314 2058 2637 2130 μαρτυρίου,
2681 2057 2922 2127 νίψονται
2976 2057 3125 2111 ὕδατι
3174 2058 3260 2112 ἵνα
3304 2059 3377 2130 μὴ
3413 2060 3750 2115 ἀποθάνωσιο

2182 2150 2278 2203 καὶ
2324 2150 2475 2202 ἔσται
2523 2149 2706 2210 αὐτοῖς
2755 2147 2985 2217 νόμιμον
3031 2145 3245 2199 αἰώνιον
3291 2147 3469 2214 αὐτῷ,
3511 2148 3605 2219 καὶ
3631 2148 3757 2207 ταῖς

2181 2243 2393 2310 γενεαῖς
2421 2240 2585 2293 αὑτοῦ
2618 2239 2735 2309 μετ’
2783 2238 2965 2291 αὐτόν.
3009 2256 3027 2288 ι
3066 2239 3186 2290 Ὅτι
3222 2238 3315 2306 μὲν
3345 2230 3436 2289 οὖν
3469 2236 3500 2305 ἡ
3539 2236 3626 2290 διὰ
3663 2235 3763 2288 τοῦ

2183 2334 2338 2403 ἁγίου
2368 2332 2741 2402 βαπτίσματος
2762 2329 2835 2392 ὡς
2863 2328 2919 2381 ἐν
2938 2345 3001 2398 γε
3026 2327 3089 2397 δὴ
3114 2326 3285 2396 τούτῳ
3312 2326 3765 2405 προανεγράφετο

2179 2425 2358 2495 χάρις,
2393 2424 2492 2475 οὐκ
2534 2421 2869 2492 ἀσυμφανὲς.
2898 2416 3276 2487 Βαπτιζόμεθα
3293 2417 3422 2485 γὰρ,
3450 2417 3512 2468 οὐ
3549 2414 3765 2486 σαρκὸς

2181 2513 2440 2577 ἀπόθεσιν
2470 2511 2641 2582 ῥύπου
2684 2496 3186 2581 ἀποκερδαίνοντες,
3216 2507 3352 2561 ἀλλὰ
3383 2506 3491 2560 τῶν
3532 2505 3628 2564 νοῦ
3663 2504 3768 2564 καὶ

2180 2605 2405 2676 καρδίας
2455 2601 2918 2671 ἀπαλλαττόμενοι
2968 2598 3278 2670 μολυσμῶν,
3352 2597 3447 2650 καὶ
3495 2596 3597 2660 τὰς
3647 2596 3769 2650 τῶν

2181 2696 2666 2769 πλημμελημάτων
2716 2692 3099 2761 ἀπολουόμενοι
3137 2689 3379 2760 κηλίδας,
3423 2689 3610 2758 χάριτι
3665 2688 3770 2741 καὶ

2182 2789 2558 2864 φιλανθρωπίᾳ
2584 2787 2676 2841 τοῦ
2705 2783 2992 2846 καλοῦντος
3022 2784 3100 2846 είς
3131 2781 3421 2853 σωτηρίαν.
3458 2779 3770 2842 Δεδικαιώ-

2185 2878 2324 2950 μεθα
2360 2877 2469 2949 γὰρ
2497 2877 2598 2930 οὐκ
2644 2876 2703 2941 ἐξ
2752 2874 2928 2945 ἔργων
2970 2870 3156 2941 νόμον,
3194 2870 3337 2930 κατὰ
3368 2869 3465 2932 τὰς
3504 2869 3767 2938 Γραφάς.

2184 2970 2297 3023 ἀλλ’
2331 2969 2395 3021 ὲκ
2440 2967 2678 3028 πίστεως
2733 2961 2906 3034 Ἰησοῦ
2953 2959 3209 3030 Χριστοῦ.
3260 2959 3368 3012 Θέα
3395 2958 3452 3011 δὲ
3481 2957 3564 3029 δὴ,
3609 2960 3775 3021 ὅπως

501 3073 642 3128 aqua
670 3074 864 3113 manus
919 3074 984 3114 ac
1018 3060 1187 3129 pedes
1233 3060 1478 3125 abluere,
1523 3060 1597 3114 ita
1641 3061 1876 3130 denique
1922 3077 2075 3117 sacra

2187 3062 2360 3116 καίτοι
2385 3058 2525 3113 κατὰ
2546 3057 2708 3126 νόμον
2734 3055 2887 3124 ἅγιος
2902 3054 2977 3108 ὣν
2996 3055 3024 3106 ὁ
3069 3051 3297 3123 Ἀαρὼν,
3333 3052 3427 3104 καὶ
3463 3050 3566 3122 μὴν
3592 3051 3697 3103 καὶ
3721 3051 3774 3103 οἱ

505 3164 731 3203 munera
769 3148 945 3215 obire,
978 3158 1035 3205 et
1067 3151 1121 3205 in
1148 3150 1346 3206 Sancta
1376 3159 1689 3212 sanctorum
1725 3151 1935 3222 ingredi
1963 3168 2082 3208 om-

505 3238 558 3300 ni
611 3236 906 3304 formidine
962 3240 1246 3296 liberatos.
1299 3241 1358 3295 In
1389 3256 1500 3312 quo
1554 3241 1693 3305 illud,
1735 3258 1954 3313 quoque
1992 3245 2079 3298 lex

504 3338 694 3405 aperte
724 3340 781 3385 et
825 3331 1112 3393 evidenter
1139 3331 1402 3398 ostendit,
1450 3342 1614 3403 atque
1654 3333 1769 3404 ipsa
1802 3349 1893 3389 res
1929 3341 2079 3405 gesta

502 3422 903 3493 propemodum
928 3439 1063 3479 voce
1094 3432 1346 3490 testatur,
1378 3439 1504 3479 eum
1525 3425 1692 3480 etiam
1749 3425 1843 3495 qui
1869 3441 1938 3480 ex
1960 3426 2079 3497 lege

503 3529 660 3569 sacer
687 3530 807 3569 esse
830 3515 1103 3581 videatur,
1143 3517 1437 3586 profanum
1461 3516 1605 3586 apud
1651 3517 1820 3571 Deum
1861 3516 2076 3583 haberi,

504 3605 610 3660 nisi
638 3605 896 3660 abluatur
927 3622 1088 3676 aqua,
1116 3608 1339 3677 vimque
1367 3608 1515 3662 illam
1553 3608 1742 3678 legalis
1766 3609 1947 3664 cultus
1969 3624 2080 3664 non

503 3714 624 3753 esse
662 3698 729 3751 ad
764 3698 1108 3768 purgandum
1141 3699 1275 3754 satis
1302 3699 1596 3755 eHicacem.
1621 3701 1830 3771 Itaque,
1860 3702 2078 3757 tametsi

504 3788 622 3865 lege
652 3786 977 3848 sanctiﬁcati
1019 3797 1224 3853 essent,
1261 3789 1441 3846 adhuc
1470 3798 1651 3847 tamen
1675 3792 2076 3859 abluebantur;

504 3886 770 3949 purgatur
807 3886 992 3941 autem
1031 3886 1201 3945 certe,
1234 3880 1380 3950 quod
1404 3897 1607 3951 purum
1633 3892 1736 3948 est,
1771 3883 1933 3948 nihil,
1983 3885 2079 3940 sed

503 3968 651 4046 quod
679 3967 1022 4023 immundum
1053 3976 1110 4033 et
1159 3970 1473 4040 impurum:
1505 3971 1775 4041 ejusmodi
1801 3973 2080 4043 quidpiam

505 4058 622 4128 ipse
645 4073 863 4128 quoque
885 4057 1137 4114 Christus
1165 4058 1335 4113 dixit:
1368 4079 1387 4111 ι
1413 4059 1517 4127 Qui
1549 4061 1695 4117 lotus
1719 4071 1823 4127 est,
1857 4079 1967 4119 non
1993 4064 2079 4119 in-

505 4133 653 4220 diget
697 4148 804 4204 nisi
839 4150 1089 4221 utpedes
1127 4151 1302 4218 lavet;
1338 4159 1424 4205 est
1468 4152 1669 4222 quippe
1706 4153 1943 4210 mundus
1966 4156 2071 4208 ⁷⁸.»

505 4241 711 4307 Scribit
753 4241 919 4296 etiam
952 4243 1036 4295 vir
1075 4242 1512 4312 sapientissimus
1543 4244 1768 4311 Paulus,
1823 4247 2079 4318 impossi-

504 4333 613 4395 bile
644 4348 765 4388 esse
797 4334 1060 4404 sanguine
1095 4341 1381 4390 taurorum
1444 4344 1502 4390 et
1555 4336 1839 4402 hircorum
1874 4339 2076 4394 auferri

504 4434 728 4507 peccata
757 4426 825 4479 "".
856 4426 1177 4507 [inperfecta
1198 4425 1297 4482 ἐει
1325 4428 1493 4499 igitur
1517 4429 1605 4484 lex
1657 4431 1725 4485 ad
1768 4432 2076 4496 sanctiﬁca-

505 4520 735 4585 tionem,
784 4520 888 4574 nisi
936 4520 1004 4575 iis
1050 4506 1144 4591 qui
1195 4521 1292 4577 Dei
1341 4523 1784 4595 conjunctionem
1823 4524 2079 4580 ardenter

504 4621 788 4691 expetunt,
844 4613 1145 4684 baptismus
1188 4631 1406 4685 quoque
1461 4616 1717 4671 salutaris
1764 4617 2075 4673 accesserit.

503 4706 691 4776 Itaque
731 4705 968 4761 Joannes
1023 4722 1240 4776 quoque
1287 4707 1378 4762 ille
1433 4707 1519 4761 vir
1565 4708 1804 4769 divinus,
1833 4711 2081 4778 quamvis

504 4799 735 4853 summis
759 4798 1096 4853 ornamentis
1124 4807 1272 4852 esset
1298 4797 1609 4869 insignitus,
1649 4809 1705 4855 et
1728 4801 1792 4854 ad
1821 4817 1939 4854 eam
1969 4801 2083 4855 vir-

506 4896 679 4951 tutem
723 4906 1069 4961 progressus,
1119 4899 1181 4944 ut
1216 4891 1328 4960 jam
1382 4889 1448 4944 ad
1486 4905 1761 4955 summum
1817 4892 2077 4946 verticem

505 4965 864 5051 pervenisset,
896 4998 953 5037 se
983 4990 1164 5036 tamen
1195 4980 1466 5053 baptizari
1495 4982 1779 5051 poscebat,
1804 4998 1928 5037 cum
1955 4982 2075 5036 Sal-

505 5071 679 5134 vatori
705 5071 947 5138 diceret:
981 5093 998 5124 ‹
1022 5074 1134 5145 Ego
1151 5088 1291 5145 opus
1315 5071 1493 5127 habeo
1535 5088 1565 5127 a
1595 5080 1646 5128 te
1672 5072 1938 5143 baptizari
1968 5074 2064 5127 τ’.»

576 5248 773 5315 PALL.
807 5250 887 5305 lta
918 5262 1020 5308 est.

571 5342 729 5398 CYR.
780 5344 971 5397 Manus
1029 5352 1211 5399 autem
1275 5354 1330 5401 et
1376 5346 1547 5416 pedes
1584 5345 1779 5409 abluti,
1831 5361 2081 5425 operum,

506 5446 561 5492 et
590 5436 658 5490 ad
691 5445 1129 5506 unamquamque
1172 5454 1286 5492 rem
1321 5439 1614 5509 gerendam
1666 5438 1914 5493 incessus
1942 5452 2076 5507 quo-

582 5619 625 5663 "
650 5619 819 5684 Exod.
856 5638 979 5689 xxx,

1058 5622 1219 5678 18-21
1306 5622 1351 5655 "
1376 5623 1514 5679 Rom
1560 5624 1747 5691 "1,20.
1828 5623 2047 5683 "Joan.
2072 5637 2186 5687 xm,
2220 5619 2298 5674 Ιθ.

2182 3155 2278 3208 σὺν
2302 3150 2449 3222 αὐτῷ
2466 3149 2796 3220 λειτουργεῖν
2820 3143 3254 3213 ἐπιτεταγμένοι,
3273 3140 3778 3213 προσαπονίζονται

2180 3241 2369 3315 χεῖράς
2400 3258 2459 3294 τε
2493 3240 2588 3293 καὶ
2615 3238 2780 3300 πόδας
2809 3236 2984 3299 ὕδατι,
3011 3235 3189 3287 πόνων
3214 3234 3269 3287 δὲ
3296 3232 3467 3294 οὕτως
3497 3232 3778 3286 ἅπτονται

2179 3332 2287 3386 τῶν
2318 3331 2505 3403 ἱερῶν,
2549 3329 2644 3382 καὶ
2676 3328 2780 3400 μὴν
2809 3329 2886 3389 είς
2911 3325 2978 3380 τὰ
3010 3328 3176 3394 Ἀγια
3204 3324 3313 3377 τῶν
3351 3323 3521 3390 ἁγίων
3546 3322 3783 3395 εἱστρέ-

2181 3441 2357 3494 χουσι,
2403 3421 2675 3493 δειμάτων
2723 3418 3021 3490 ἐλεύθεροι,
3070 3416 3253 3487 σαφῶς
3279 3433 3338 3468 τε
3377 3415 3467 3468 καί⁸
3510 3414 3781 3484 ἐναργῶς

2178 3512 2624 3584 καταδηλοῦντος,
2642 3509 2795 3583 οἶμαί
2823 3528 2948 3573 που,
2972 3511 3065 3563 καὶ
3092 3508 3248 3562 τοῦτο
3267 3506 3360 3560 τοῦ
3386 3507 3573 3578 νόμου,
3600 3506 3784 3575 μόνον

2182 3606 2240 3659 δὲ
2268 3604 2387 3676 οὐχ).
2426 3603 2521 3658 καὶ
2546 3602 2710 3665 αὐτοῦ
2745 3600 3169 3673 διακεκραγὸτος
3191 3597 3284 3652 τοῦ
3313 3598 3669 3670 πράγματος,
3697 3598 3784 3661 ὡς

2181 3678 2394 3773 ἀνίερος
2422 3695 2729 3768 παρὰγθεῷ,
2758 3694 2853 3748 καί⁸
2878 3696 2906 3748 ὁ
2936 3693 3105 3748 δοκῶν
3140 3688 3279 3755 είναί
3304 3707 3388 3753 τις
3416 3688 3555 3743 κατὰ
3588 3689 3782 3759 νόμον

2186 3787 2350 3866 ἱερὸς,
2395 3791 2443 3850 εί
2477 3787 2551 3858 μὴ
2580 3785 2940 3841 ἁπολούσαιτο
2986 3784 3065 3854 τῷ
3098 3783 3278 3846 ὕδατι,
3331 3781 3424 3841 καὶ
3450 3781 3531 3833 ὅτι
3572 3782 3686 3850 τῆς
3723 3782 3787 3833 ὲν

2183 3880 2331 3950 νόμῳ
2354 3879 2610 3950 λατρείας
2634 3880 2667 3955 ἡ
2696 3876 2923 3947 δύναμις
2944 3876 3043 3929 οὐκ
3061 3875 3276 3946 ἀπόχρη
3305 3873 3440 3944 πρὸς
3466 3871 3784 3944 κάθαρσιν.

2180 3971 2612 4043 Προαπενίζοντο
2642 3969 2795 4039 γοῦν,
2837 3969 3015 4029 καίτοι
3047 3967 3189 4021 κατὰ
3216 3966 3380 4036 νόμον
3411 3964 3787 4034 ἡγιασμένοι,

2180 4064 2499 4135 καθαίρεται
2532 4063 2609 4124 δὲ,
2650 4061 2768 4115 οὔτι
2795 4078 2895 4114 που
2921 4061 2983 4113 τὸ
3009 4058 3269 4130 καθαρὸν,
3296 4056 3431 4110 ἀλλὰ
3458 4056 3519 4109 τὸ
3553 4057 3793 4128 ῥυποῦν

2181 4157 2273 4208 καὶ
2315 4154 2644 4224 ἀκάθαρτον.
2692 4152 2965 4205 Τοιουτονὶ
3008 4152 3064 4204 δὲ
3117 4150 3209 4203 καὶ
3248 4148 3408 4213 αὐτὸς
3460 4148 3705 4219 εἴρηκεν
3764 4150 3795 4201 ὀ

2182 4245 2439 4317 Χριστὸς,
2471 4263 2489 4295 ι
2534 4244 2593 4297 '0
2618 4242 2938 4312 λελουμένος
2969 4241 3030 4294 οὐ
3064 4239 3249 4311 χρείαν
3284 4237 3415 4307 ἔχει,
3446 4238 3494 4288 εί
3529 4236 3612 4307 μὴ
3647 4242 3797 4304 τοὺς

2186 4337 2351 4398 πόδας
2384 4334 2661 4405 νίψασθαι.
2695 4332 2807 4386 ἔστι
2845 4333 2953 4403 γὰρ
2984 4329 3245 4401 καθαρός.
3281 4348 3299 4381 ι
3341 4328 3548 4399 Γράφει
3583 4327 3653 4381 δὲ
3690 4332 3796 4384 καὶ

2188 4426 2494 4497 σοφώτατος
2532 4424 2763 4488 Παῦλος,
2796 4424 2870 4486 ὼς
2905 4422 3051 4475 ἔστιν
3088 4420 3347 4475 ἀδύνατον
3381 4412 3518 4488 αἷμα
3541 4420 3796 4493 ταύρων

2185 4520 2279 4574 καὶ
2307 4519 2525 4590 τράγων
2553 4516 2802 4588 ἀφαιρεῖν
2832 4512 3128 4585 ἁμαρτίας.
3173 4510 3395 4581 Ἀτελὴς
3423 4505 3514 4562 οὖν
3539 4511 3571 4562 ὁ
3604 4513 3797 4581 νόμος

2186 4614 2265 4675 είς
2294 4608 2584 4680 ἁγιασμὸν,
2618 4609 2666 4661 εἰ
2700 4607 2774 4678 μὴ
2810 4605 3161 4676 προσγένοιτο
3194 4605 3303 4664 τοῖς
3326 4600 3654 4670 δεδιψηκόσι
3684 4603 3794 4674 τὴ)

2187 4702 2324 4773 πρὸς
2357 4701 2487 4753 Θεὸν
2530 4699 2838 4769 οἰκειότητα
2887 4698 2947 4751 τὸ
2982 4697 3247 4767 σωτήριον
3301 4693 3612 4764 βάπτισμα.
3658 4696 3800 4749 Τοι-

2187 4792 2377 4862 γάρτοι
2412 4791 2503 4849 καὶ
2549 4792 2576 4844 δ
2623 4789 2906 4852 θεσπέσιος
2965 4788 3239 4857 Ἰωάννης,
3279 4785 3452 4839 καίτοι
3475 4786 3596 4848 τοῖς
3635 4787 3798 4855 ἄγαν

2167 4885 2499 4958 ,αὐχήμασιν
2538 4879 2597 4935 εὖ
2637 4882 2778 4959 μάλα
2809 4880 3267 4951 κατεστεμμένος,
3312 4879 3406 4933 καὶ
3433 4877 3649 4951 ἀρετῆς
3706 4881 3799 4942 εἰς

2185 4976 2341 5028 τοῦτο
2375 4974 2619 5045 διέρπειν
2654 4971 2829 5034 είὸὼς,
2857 4971 2932 5034 ὡς
2966 4972 3045 5032 εἰς
3078 4968 3229 5036 λῆξιν
3262 4969 3361 5038 ἤδη
3392 4967 3660 5035 γενέσθαι
3683 4969 3799 5042 τὴν

2183 5067 2461 5127 ἀνωτάτω,
2491 5063 2844 5135 βαπτίζεσθαι
2884 5061 3179 5132 παρεκάλει
3210 5061 3284 5130 τῷ
3318 5059 3531 5130 Σωτῆρι
3566 5058 3794 5128 λέγων·

2189 5178 2208 5212 ι
2248 5157 2389 5225 Ἐγὼ
2411 5156 2601 5230 χρείαν
2633 5154 2742 5231 ἔχω
2761 5154 2866 5207 ὑπὸ
2896 5153 2989 5206 σοῦ
3025 5151 3404 5230 βαπτισθῆναι.
3430 5169 3448 5202 ι

2255 5249 2463 5303 nam.
2513 5246 2757 5315 Ἀληθές.

2255 5341 2420 5394 ΚΥΡ.
2462 5340 2654 5406 Χεῖρες
2699 5337 2753 5390 δὲ
2788 5336 2878 5390 καὶ
2924 5335 3079 5397 πόδες
3115 5334 3557 5403 ἀπονιπτόμενοι,
3610 5334 3799 5408 ἔργου

2185 5432 2275 5486 καὶ
2310 5430 2534 5500 πορείας
2564 5430 2661 5500 τῆς
2704 5428 2869 5481 οἱονεὶ
2901 5425 3034 5498 πρὸς
3065 5425 3273 5480 ἕκαστα
3303 5426 3409 5479 τῶν
3448 5427 3800 5496 πρακτέων,

2379 5617 2611 5680 ττγιριπε
2653 5633 2703 5683 χ,
2742 5616 2791 5669 4,
2880 5610 3138 5676 "Matth.
3172 5625 3250 5675 Ill,
3278 5608 3342 5671 H
