3962 6296
262 233 367 293 639

971 243 1060 301 ne
1098 245 1549 310 ΑοοιιΑΤιοΝε
1583 256 1651 314 1N
1690 260 1959 318 sumre
2003 262 2092 320 ET
2136 266 2500 325 manus.
2549 269 2673 327 un.
2716 252 2807 327 1x.

3413 280 3518 336 630

260 348 323 466 Ῑδ
340 346 586 466 sua?»
616 353 713 407 καὶ
742 354 1029 430 ἀκίϐδηλον
1066 362 1546 438 ὑποσημαίνουσιν.
1598 373 1758 429 Τουτὶ
1785 376 1830 430 δὲ

1946 381 2238 439 dammodo
2291 386 2585 454 puritatem
2637 397 2799 459 atque
2860 390 3231 447 sinceritatem
3307 394 3518 466 signiﬁ-

261 439 818 540 ijutv‘éﬁ'qcxnxostv,
874 452 1083 520 ἐφεῖται
1142 458 1240 526 μὲν
1294 462 1553 518 εἰσελθεῖν
1613 468 1692 531 εἰς
1744 469 1842 540 τὴν

262 532 533 603 ἐσωτέραν
577 539 810 628 σκηνὴν,
859 549 1246 617 προσκομίζειν
1283 552 1340 605 δὲ
1381 554 1459 625 τῷ
1498 556 1614 628 Θεῷ
1654 532 1844 625 θυσίας

261 625 656 720 πνευματικὰς,
683 632 780 684 καὶ
806 631 882 697 ὡς
905 635 962 687 έν
986 637 1138 703 τάξει
1169 640 1529 715 θυμιαμάτων
1558 625 1654 719 τῆς
1680 651 1842 720 εὐαγο

258 711 482 812 γελικῆς
505 716 784 812 styli-tata;
812 724 1098 797 καθιεροῦν
1122 711 1403 798 οἱονείπως
1433 737 1530 809 τὴν
1558 711 1838 812 εὐοσμίαν.

258 800 560 893 λιαρεγγυᾷ
593 806 652 860 δὲ
678 812 966 882 χρησίμως
998 818 1346 884 άπονίξεσθαι
1375 800 1498 878 δεῖν’
1514 828 1639 891 τοὺς
1666 800 1744 893 εἰς
1773 830 1842 885 τά

259 890 425 990 ῖΔγια
442 893 552 948 τῶν
572 896 743 965 ἁγίων
761 902 1091 959 εἰσελαύνειν
1108 908 1406 979 ἐθέλοντας,
1432 917 1524 968 καὶ
1543 890 1650 971 τῶν
1677 890 1837 990 ἰερῶν

256 979 434 1082 έργων
463 985 819 1082 έπιμελητάς,
867 994 954 1048 ἴνα
988 998 1063 1067 μὴ
1093 1000 1454 1059 ἀποθάνωσιν.
1488 1008 1691 1079 Χρῆμα
1728 979 1838 1082 γάρ

257 1072 560 1174 ἐπισφαλές
738 1084 1026 1156 ἐπιζήμιον
1072 1089 1306 1162 ἀληθῶς,
1359 1095 1420 1150 τὸ
1451 1072 1692 1168 ἐγγίξειν

260 1162 831 1260 μὴ-κεκαθαρμένους.
883 1176 1169 1249 Τοιγάρτοι
1202 1185 1294 1236 καὶ
1345 1162 1507 1255 σοφὸς
1529 1162 1684 1260 ⁷ἡμῖν
1716 1162 1837 1244 Em:-

258 1257 495 1353 σκῆπτει
521 1260 765 1330 Παῦλος,
800 1267 849 1318 εἰ
894 1267 995 1338 τῆς
1029 1274 1297 1345 μυστικῆς
1328 1257 1840 1353 εὐλογίας-μεταλα-

258 1351 367 1444 χεῖν
412 1351 715 1425 ἐθέλοιμεν,
781 1358 1005 1427 ἑαυτοὺς
1055 1363 1387 1437 δοκιμάζειν,
1441 1351 1723 1444 προσιέναι
1777 1393 1838 1428 τε

256 1442 396 1496 οὕτω
422 1443 629 1535 λοιπόν.
665 1449 906 1522 Πρᾶγμα
933 1453 990 1508 δὲ
1017 1457 1097 1510 ὅτι
1128 1462 1221 1513 καὶ
1265 1442 1509 1516 κινδύνου
1547 1468 1743 1535 μεστὸν
1778 1469 1839 1522 τὸ

257 1534 528 1605 ἁτημελὲς
562 1539 619 1591 ὲν
642 1539 869 1606 τούτοις,
902 1544 1231 1605 ὲκκαλύτττει
1260 1551 1455 1622 λέγων’
1499 1576 1517 1608 ι
1550 1534 1651 1610 Διὰ
1678 1559 1839 1614 τοῦτο

257 1627 313 1720 εν
338 1625 466 1720 ὑμῖν
492 1628 676 1720 πολλοὶ
704 1631 949 1700 ἀσθενεῖς
975 1639 1067 1693 καὶ
1094 1639 1393 1713 ἄρρωστοι,
1417 1648 1511 1701 καὶ
1537 1650 1835 1720 κοιμῶνται

1942 484 2087 530 eant.
2114 476 2268 544 Quod
2301 479 2393 534 ubi
2441 489 2693 537 accurate
2748 484 3184 552 praestiterimus,
3239 489 3518 557 permitti-

1942 574 2033 621 tur
2083 578 2143 624 ut
2171 570 2406 626 interius
2435 571 2850 627 tabernaculum
2884 574 3276 645 ingrediamur,
3311 579 3517 634 oﬁ‘era-

1941 677 2175 731 musque
2208 663 2320 717 Deo
2342 663 2551 720 hostias
2571 665 2906 734 spirituales,
2930 666 3092 737 eique
3128 669 3335 724 bonum
3370 674 3510 728 odo-

1940 769 2056 809 rem
2082 756 2408 826 evangelica:
2435 757 2890 822 conversationis,
2921 758 3288 830 thymiamatis
3319 764 3512 828 instar.

1938 861 2345 903 consecremus.
2387 849 2575 918 Neque
2628 866 2763 905 vero
2802 850 3071 906 inutiliter
3115 855 3361 925 praecipit
3434 867 3512 920 ut,

1938 937 2223 1007 quivelint
2256 940 2313 993 in
2342 940 2504 1010 313
2540 940 2740 995 Sancta
2769 950 3087 997 sanctorum
3122 944 3359 1015 ingredi,
3394 948 3517 1017 qui-

1938 1045 2045 1099 que
2085 1045 2239 1084 sacra
2266 1046 2495 1087 munera
2524 1039 2859 1102 procurant,
2912 1032 3227 1101 abluantur,
3273 1053 3344 1092 ne
3394 1053 3515 1092 ιιιο-

1939 1120 2170 1175 riantur.
2198 1121 2573 1177 Periculosum
2598 1129 2682 1177 est
2711 1122 2880 1187 enim,
2906 1131 2962 1178 et
2987 1123 3131 1178 haud
3157 1124 3513 1195 impunitum,

1938 1212 2006 1266 ad
2033 1212 2207 1267 Deum
2237 1229 2347 1267 non
2379 1223 2640 1284 purgatos
2675 1214 2959 1269 accedere.
3006 1214 3194 1285 Itaque
3240 1217 3404 1272 nobis
3429 1220 3516 1274 vir

1938 1304 2032 1359 ille
2068 1304 2288 1373 sapiens
2312 1304 2514 1360 Paulus
2560 1304 2782 1359 mandat
2815 1314 2895 1371 ut,
2953 1306 2999 1361 si
3058 1308 3302 1379 mysticae
3347 1309 3516 1364 bene-

1939 1394 2198 1450 dictionis
2217 1397 2516 1466 participes
2544 1412 2667 1453 esse
2691 1397 2946 1462 velimus,
2990 1413 3094 1453 nos
3130 1398 3279 1470 ipsos
3308 1402 3513 1471 probe-

1938 1502 2081 1553 mus,
2127 1496 2291 1557 atque
2328 1487 2403 1543 ita
2455 1488 2693 1558 denique
2746 1487 3071 1544 accedamus
3108 1508 3120 1543 :
3158 1505 3279 1547 esse
3328 1501 3511 1547 autem

1937 1578 2080 1633 hanc
2118 1579 2176 1633 in
2195 1579 2466 1650 ejusmodi
2498 1580 2665 1634 rebus
2700 1580 3110 1651 negligentiam,
3139 1596 3255 1635 rem
3280 1583 3513 1651 periculi

1936 1663 2153 1733 plenam
2185 1666 2381 1734 aperit,
2420 1666 2610 1721 dicens
2642 1685 2655 1720 :
2692 1667 2856 1722 «Ideo
2902 1668 3062 1722 multi
3114 1668 3319 1725 inﬁrmi
3368 1670 3513 1726 inter

260 1714 456 1822 ἱκανοί.
498 1719 563 1771 Εἰ
616 1720 724 1793 γάρ
759 1725 986 1792 ἑαυτοὺς
1024 1731 1331 1804 ὲκρίνομεν,
1369 1737 1467 1791 οὐκ
1513 1739 1579 1793 ἂν
1625 1714 1830 1813 έκρινό-

1944 1714 2153 1733 Γνηω
2186 1714 2381 1734 _,----,
2425 1714 2607 1721 ---πη
2642 1714 2655 1720 -
2697 1714 2854 1722 ---η
2902 1714 3062 1722 ...-.--
3115 1714 3319 1725 -.-.......
3368 1714 3503 1726 ...πη

1944 1768 2057 1819 vos,
2080 1755 2473 1822 etimbecilles,
2497 1767 2554 1812 et
2579 1758 2862 1814 dormiunt
2898 1760 3097 1815 multi:
3133 1761 3181 1816 si
3221 1762 3371 1817 enim
3410 1780 3514 1820 nos

259 1805 414 1901 μεθα,
456 1810 781 1881 Κρινόμενοι
816 1815 871 1868 δὲ
905 1817 1009 1873 ὑπὸ
1041 1822 1280 1894 Κυρίου,
1320 1805 1710 1901 παιδευόμεθα,
1753 1834 1841 1893 ἵνα

258 1898 331 1972 μὴ
360 1899 462 1955 σὺν
488 1902 566 1974 τῷ
599 1906 789 1978 κόσμῳ
829 1912 1268 1987 κατακριθῶμεν.
1320 1937 1356 1971 ι.

323 2077 538 2132 ΠΑΛΛ.
579 2082 820 2156 Ἀραρεν
849 2082 941 2140 οὗν
962 2087 1043 2147 δτι
1071 2090 1169 2162 τὴν
1192 2092 1278 2153 διὰ
1306 2094 1399 2148 τοῦ
1443 2096 1598 2167 ἁγίου
1640 2099 1837 2171 βαπτί-

256 2185 461 2240 σματος
483 2174 681 2265 ὁ-ἰερὸς
710 2179 841 2248 ἡμῖν
880 2179 1077 2255 λουτὴρ
1102 2188 1555 2256 προκατεδείκνυε
1581 2193 1758 2265 χάριν.

328 2265 490 2321 ΚΥΡ.
518 2262 649 2321 Ὧδε
680 2268 792 2340 ἔχει
813 2288 828 2303 ·
860 2274 934 2343 μὴ
962 2274 1072 2345 γὰρ
1107 2276 1387 2352 ἐνδοιάσῃς
1418 2262 1717 2347 manu
1743 2284 1841 2344 τόν

256 2372 315 2423 γε
335 2357 435 2427 τῆς
454 2359 646 2414 τούτου
668 2366 1011 2437 κατασκευῆς
1041 2370 1413 2446 περιαθρήσας
1432 2376 1652 2446 τρόπον,
1677 2397 1836 2435 κατα-

254 2450 504 2518 τεθηπὼς
532 2455 617 2519 ἂν,
645 2451 820 2527 οἶμαι,
849 2459 943 2512 καὶ
971 2460 1051 2514 ἔτι
1082 2463 1343 2532 μειζόνως
1376 2465 1493 2539 ἔσῃ.
1523 2468 1835 2541 Γέγραπται

253 2541 358 2613 γὰρ
395 2544 497 2597 ὡδὶ
546 2549 673 2617 περὶ
722 2547 817 2602 τοῦ
855 2550 1155 2640 Βεσελεὴλ,
1203 2557 1295 2610 τοῦ
1334 2558 1404 2622 τὰ
1442 2562 1500 2613 ἐν
1536 2564 1603 2635 τῇ
1660 2570 1831 2640 σκηνῇ

254 2639 796 2710 τετεχνουργηκότος·
833 2660 853 2693 ι
894 2637 1062 2708 Οὗτος
1090 2647 1313 2720 ἐποίησε
1352 2651 1441 2705 τὸν
1477 2652 1714 2728 λουτῆρα
1740 2637 1833 2714 τὸν

255 2723 520 2794 χαλκοῦν,
552 2730 647 2784 καὶ
680 2733 780 2805 τὴν
811 2733 966 2805 βάσιν
1000 2738 1164 2792 αὑτοῦ
1196 2741 1404 2814 χαλκῆν
1423 2786 1437 2809 ,
1478 2748 1543 2802 ὲκ
1702 2769 1835 2808 κατ-

254 2815 469 2890 όπτρων
507 2821 619 2876 τῶν
656 2828 1070 2896 νηστευσασῶν,
1112 2832 1168 2886 αϊ
1197 2835 1524 2907 ὲνήστευσαν
1556 2844 1707 2915 παρὰ
1733 2845 1834 2911 τὰς

256 2910 426 3009 θύρας
450 2912 555 2984 τῆς
577 2920 781 2990 σκηνῆς
809 2921 901 2973 τοῦ
929 2925 1247 2996 μαρτυρίου,
1279 2930 1336 2983 ἐν
1420 2933 1606 3006 ἡμέρᾳ
1632 2910 1833 3009 έπηξεν

254 3002 444 3072 αὐτήν.
484 3006 598 3060 Καὶ
635 3009 858 3085 εποίησε
895 3015 985 3067 τὸν
1022 3016 1283 3089 λουτῆρα,
1319 3002 1403 3075 ἵνα
1438 3002 1736 3085 νίπτωνται
1771 3029 1832 3096 ἐξ

255 3095 416 3150 αὐτοῦ
449 3098 659 3169 Μωσῆς
702 3119 761 3159 τε
808 3103 898 3157 καὶ
945 3106 1153 3178 Ἀαρὼν
1181 3111 1273 3164 καὶ
1312 3113 1362 3166 οἱ
1394 3116 1501 3169 υἰοί
1534 3117 1697 3173 αὐτοῦ
1729 3119 1831 3186 τὰς

253 3190 438 3260 χεῖρας
480 3192 663 3246 αὐτῶν
692 3194 929 3261 καὶτοὺς
952 3200 1138 3265 πόδας,
1162 3203 1633 3277 εἰσπορευομένων
1653 3211 1831 3269 αὐτῶν

254 3281 331 3343 εἰς
356 3281 454 3354 τὴν
481 3286 688 3355 σκηνὴν
713 3287 808 3341 τοῦ
842 3292 1161 3364 μαρτυρίου,
1190 3296 1242 3349 οῖ
1267 3297 1395 3352 ὅταν
1419 3303 1832 3375 προσπορεύων-

252 3388 342 3426 ται
374 3375 456 3437 εἰς
496 3375 560 3429 τὸ
598 3378 1013 3454 θυσιαστήριον.
1044 3385 1382 3461 λειτουργεῖν
1406 3434 1421 3457 ,
1455 3393 1734 3450 ὲνίπτοντο
1771 3397 1833 3464 ἐξ

252 3464 438 3530 αὑτοῦ,
473 3466 725 3537 καθάπερ
759 3474 1047 3542 συνέταξεν
1074 3480 1102 3531 ὁ
1131 3478 1335 3552 Κύριος
1357 3482 1436 3553 τῷ
1461 3485 1653 3559 Μωσῇ.
1698 3507 1718 3540 ι

320 3555 531 3612 ΠΑΛΔ.
560 3561 669 3614 Καὶ
695 3561 749 3615 τί
778 3563 884 3617 τῶν
909 3567 1229 3641 κατόπτρων
1258 3570 1320 3625 τὸ
1342 3575 1536 3647 χρῆμα
1557 3592 1573 3642 ;
1598 3555 1744 3644 τίνες
1772 3579 1833 3634 δὲ

252 3644 361 3718 ἄρα
389 3649 486 3702 καὶ
512 3651 569 3704 αἰ
590 3653 991 3724 νηστεύσασαι;

531 3742 710 3833 Πολλὰ
732 3744 841 3799 τῶν
873 3751 1255 3821 γεγενημένων
1279 3754 1421 3826 σαφῆ
1454 3756 1550 3826 μὲν
1590 3758 1691 3813 οὐκ
1717 3759 1829 3833 ἔχει

254 3830 402 3899 παρὰ
429 3832 499 3903 τῇ
545 3832 659 3904 θείᾳ
692 3835 882 3908 Γραφῇ
918 3838 1015 3911 τὴν
1053 3842 1353 3914 ἀφήγησιν.
1394 3830 1816 3917 Σημαίνεταιγδέ

252 3936 371 3984 πως
402 3920 469 3975 ὲκ
506 3925 867 3998 παραδρομῆς
887 3969 901 3993 ,
929 3930 1180 4005 καθάπερ
1206 3935 1396 4005 ἀμέλει
1418 3938 1513 3991 καί¹
1539 3939 1656 3993 τόδε
1680 3941 1740 3994 τὸ
1771 3944 1828 3996 ὲν

252 4012 429 4083 χερσί.
480 4015 593 4069 Ποῦ
630 4018 772 4089 γάρ,
813 4020 844 4092 ἢ
884 4023 1029 4088 τίνες
1080 4027 1471 4098 νενηστςύκασι
1520 4032 1618 4102 τῆς
1668 4033 1830 4102 ἁγίας

250 4106 632 4179 ἐγηγερμένης
657 4113 880 4183 σκηνῆς,
912 4115 971 4168 οὐ
994 4115 1287 4187 λελάληκεν
1314 4122 1342 4174 ό
1366 4122 1590 4194 Μωσῆς.
1623 4124 1743 4179 Ὀτι
1772 4126 1828 4180 δὲ

251 4197 474 4266 γέγονεν
494 4240 511 4264 ,
553 4201 653 4254 οὐκ
682 4203 950 4259 ἐνδοιάσαι
989 4224 1073 4271 τις
1101 4207 1166 4262 άν
1186 4224 1199 4240 ’
1230 4211 1443 4280 εἴρηται
1476 4213 1604 4283 γάρ,
1639 4216 1687 4268 εἰ
1734 4217 1828 4270 καὶ

254 4288 330 4362 μὴ
353 4293 563 4361 σαιρῶς.
599 4293 759 4348 Ἀλλά
779 4298 928 4352 τουτὶ
949 4299 1013 4370 δὴ
1037 4299 1311 4371 μεθέντες,
1338 4303 1422 4357 ἐπ’
1440 4306 1615 4362 ἐκεῖνο
1638 4308 1827 4378 ἰωμεν,

254 4384 304 4436 εἰ
333 4383 499 4441 δοκεῖ.

321 4473 531 4529 ΠΑΛΛ.
564 4477 638 4531 Τὸ
667 4480 816 4533 ποῖον
836 4497 850 4546 ;

320 4564 485 4619 ΚΥΡ.
527 4567 609 4620 Τά
647 4572 1041 4640 νενηστευκότα
1094 4575 1287 4644 γύναια
1315 4578 1456 4641 τίνος
1489 4577 1554 4630 ἂν
1596 4574 1705 4632 εἶεν
1745 4582 1826 4644 εἰς

250 4654 423 4710 τύπον
443 4675 458 4723 ;
478 4658 531 4711 τί
551 4659 608 4714 δὲ
634 4662 694 4714 τὸ
721 4665 785 4716 ἐκ
806 4666 914 4719 τῶν
940 4667 1260 4741 κατόπτρων
1282 4670 1373 4724 τὸν
1392 4670 1630 4744 λουτῆρα
1658 4673 1825 4727 πλάτ-

249 4749 440 4803 τεσθαι
468 4751 559 4805 τὸν
587 4754 860 4823 χαλκοῦν;
1269 4751 1272 4755 ’

322 4842 531 4897 ΠΑΛΛ.
567 4846 677 4901 Καὶ
710 4846 836 4918 μὴν,
871 4849 963 4902 σὺν
998 4849 1098 4921 ἠδη
1144 4869 1260 4915 πως
1300 4853 1394 4906 καὶ
1428 4852 1586 4906 τοῦτο
1626 4857 1821 4911 εἰπεῖν.

321 4935 486 4989 ΚΥΡ.
527 4936 726 4991 Ἄκουε
773 4939 869 5010 δή⁶
904 4937 1344 5013 Δελατρεύκασιν
1381 4944 1621 5009 εἰδώλοις
1667 4948 1718 5000 οἰ
1766 4947 1827 5013 ἐξ

261 5027 501 5099 Ἰσραὴλ,
518 5029 616 5099 τὴν
639 5031 745 5084 ὑπο
764 5034 876 5095 τοῖς
901 5034 1217 5101 Αἰγυπτίοις
1239 5036 1564 5102 ἀνατλάντες
1583 5039 1829 5111 θητείαν,

249 5116 345 5167 καὶ
371 5119 483 5179 τοῖς
509 5118 733 5173 ἐκείνων
763 5120 1096 5187 διαϐιοῦντες
1124 5125 1332 5196 νόμοις,
1369 5130 1613 5199 μακροὺς
1646 5130 1825 5184 διατε-

246 5208 502 5263 τελέκασι
535 5211 782 5285 χρόνους.
824 5214 985 5278 Ἕθος
1016 5216 1194 5270 τοίνυν
1234 5219 1545 5288 Αἰγυπτίων
1588 5222 1825 5292 μάλιστα

246 5300 517 5367 γυναιξὶν,
536 5305 815 5375 εἰσφοιτᾷν
841 5306 1022 5376 ἱεροῖς,
1053 5307 1170 5378 λινῇ
1196 5309 1293 5379 μὲν
1316 5310 1501 5381 ἐσθῆτι
1527 5313 1822 5367 κατεσταλ-

250 5390 471 5459 μέναις,
516 5396 815 5466 κατόπτρῳ
853 5396 909 5448 δὲ
953 5398 1052 5467 τὴν
1086 5400 1414 5471 ἀριστεράν,
1451 5407 1544 5456 καὶ
1592 5406 1823 5477 σείστρῳ

243 5480 343 5551 ¹ιὴν
409 5483 592 5548 δεξιάν
662 5486 1004 5557 ἱεροπρεπῶς
1067 5491 1568 5561 κατεστεμμέναις,
1632 5494 1685 5546 αῖ
1742 5495 1822 5549 ὅτι

328 5661 372 5694 ⁷⁹
417 5664 437 5720 Ι
470 5663 599 5720 Cor.
643 5680 721 5728 XI,
751 5664 939 5721 τιὸ-52.
1013 5669 1061 5697 ⁸⁰“
1098 5670 1266 5724 litui.
1294 5687 1507 5735 unm,
1536 5672 1566 5724 8
1591 5688 1746 5744 seqq.
1824 5681 1829 5686 “

1934 1845 2333 1918 iudicaremus,
2366 1865 2474 1904 non
2510 1852 2702 1921 utique
2747 1852 3162 1922 iudicaremur:
3208 1853 3340 1909 dum
3360 1855 3511 1926 judi-

1844 1978 1853 2020 ί
1937 1952 2129 1993 camur
2160 1947 2345 1994 autem
2393 1956 2426 1994 a
2455 1942 2707 2007 Domino,
2744 1943 3100 2014 corripimur,
3133 1952 3196 1999 ut
3239 1960 3351 2001 non
3384 1962 3509 2003 cum

1937 2028 2044 2086 hoc
2091 2031 2299 2087 mundo
2334 2031 2662 2087 damneinur
2691 2035 2758 2087 7°.
2780 2053 2798 2086 ι

2008 2121 2455 2178 I’ALL.Certum
2498 2131 2583 2179 est
2626 2124 2795 2194 igitur
2837 2141 3051 2181 sacrum
3103 2127 3241 2182 illud
3288 2128 3509 2183 labrum

1937 2214 2112 2268 sancti
2135 2214 2478 2285 baptismatis
2498 2218 2727 2287 gratiam
2758 2217 3153 2289 praeﬁgurasse.

2006 2303 2164 2360 CYR.
2197 2304 2287 2361 Sic
2318 2323 2377 2361 se
2414 2308 2599 2374 habet,
2641 2325 2821 2380 neque
2852 2325 3077 2380 prorsus
3117 2311 3506 2382 ambigendum

1935 2402 2115 2465 putes.
2145 2394 2235 2459 At,
2259 2397 2304 2450 si
2339 2397 2459 2467 ejus
2483 2406 2747 2466 praeterea
2775 2398 2980 2469 opiﬁcii
3012 2401 3283 2454 rationem
3318 2398 3506 2454 consi-

1934 2485 2115 2552 deres,
2141 2486 2313 2541 multo
2345 2488 2511 2542 etiam
2540 2488 2732 2560 magis,
2750 2488 2859 2544 nisi
2888 2490 3069 2554 fallor,
3122 2489 3494 2544 admirabere.

1936 2574 2026 2631 Sic
2058 2577 2207 2631 enim
2235 2578 2502 2647 scriptum
2540 2586 2626 2633 est
2651 2579 2720 2634 de
2749 2579 3014 2646 Beseleel,
3044 2581 3138 2651 qui
3163 2579 3506 2635 tabernaculi

1934 2681 2101 2737 opera
2122 2666 2423 2723 fabricatus
2445 2678 2564 2725 est:
2599 2688 2617 2720 ι
2640 2670 2741 2724 llic
2765 2670 2897 2725 fecit
2930 2670 3147 2728 labrum
3194 2686 3429 2737 aeneum,
3450 2679 3508 2726 et

1934 2756 2109 2811 basim
2136 2759 2257 2829 ejus
2297 2775 2508 2814 teneam
2548 2776 2579 2816 e
2611 2763 2850 2832 speculis
2886 2764 3254 2835 jejunantium
3305 2763 3507 2819 mulie-

1936 2863 2083 2915 rum,
2113 2865 2235 2919 quae
2276 2851 2601 2923 jejunabant
2637 2870 2807 2924 prope
2860 2856 3003 2910 ostia
3033 2856 3375 2911 tabernaculi
3423 2864 3512 2911 te-

1933 2942 2199 3007 stimonii,
2245 2943 2302 2997 in
2333 2944 2422 3007 die
2451 2960 2561 3014 qua
2585 2944 2702 2998 ﬁxit
2735 2946 2899 3012 illud;
2938 2955 2995 3001 et
3026 2946 3422 3012 fecitlabrum,
3444 2956 3507 3001 ut

1933 3031 2221 3090 abluerent
2246 3050 2313 3089 ex
2335 3050 2403 3090 eo
2429 3035 2659 3107 Moyses,
2681 3045 2739 3091 et
2755 3035 2956 3101 Aaron,
2996 3046 3053 3093 et
3077 3037 3173 3093 ﬁlii
3206 3040 3356 3108 ejus,
3389 3053 3505 3093 ma-

1931 3138 2038 3178 nus
2077 3139 2216 3183 suas.
2234 3132 2291 3179 et
2322 3126 2515 3195 pedes,
2564 3142 2690 3181 cum
2715 3127 3138 3198 ingrederentur
3160 3128 3218 3182 in
3248 3127 3502 3183 taberna-

1933 3216 2119 3272 culum
2146 3216 2448 3279 tcstimonii
2477 3226 2608 3284 ,λιιι
2633 3234 2757 3273 cum
2804 3226 3098 3289 pergerent
3116 3218 3188 3274 ad
3217 3217 3410 3283 altare,
3440 3227 3504 3273 ut

1931 3308 2314 3364 ministrarent
2345 3309 2478 3374 Deo,
2529 3309 2896 3373 abluebantur
2920 3326 2988 3366 ex
3025 3310 3162 3381 ipso,
3193 3317 3256 3365 ut
3294 3311 3502 3367 consti-

1932 3402 2039 3457 tuit
2064 3401 2331 3458 Dominus
2361 3401 2529 3474 Moysi
2562 3403 2630 3457 ⁸ο.
2662 3421 2682 3454 ι

2001 3582 2201 3637 PALL.
2227 3582 2371 3650 Quid
2404 3589 2590 3639 autem
2636 3583 2876 3653 speculis
2917 3600 3056 3655 opus
3109 3586 3265 3641 erat?
3312 3599 3502 3655 quaeve

1929 3673 2095 3730 etiam
2117 3675 2223 3731 illae
2242 3692 2365 3745 qua:
2401 3677 2807 3747 jejunaverant,
2860 3675 3051 3732 fuere?

1999 3765 2158 3821 CYR.
2185 3766 2369 3823 Multae
2396 3783 2487 3823 res
2504 3776 2671 3838 gestae
2707 3766 2857 3822 haud
2879 3775 3069 3838 aperte
3106 3767 3165 3822 in
3212 3767 3501 3839 Scriptura

1930 3872 2084 3912 sacra
2107 3859 2473 3929 explicantur,
2518 3858 2615 3914 sed
2661 3858 2843 3914 obiter
2875 3867 3055 3914 tamen
3086 3858 3499 3930 signiﬁcantur:

1929 3944 2090 4012 quale
2117 3946 2220 4000 hoc
2241 3954 2325 4001 est
2374 3946 2521 4017 quod
2550 3945 2607 4001 in
2628 3946 2883 4002 manibus
2904 3947 3188 4004 habemus.
3213 3949 3349 4005 Nam
3385 3950 3500 4015 ubi,

1930 4036 2095 4105 quive
2149 4038 2558 4109 jejunaverint,
2606 4038 2738 4095 dum
2770 4047 3019 4100 sanctum
3086 4041 3503 4097 tabernaculum

1930 4127 2261 4198 erigeretur,
2303 4129 2357 4182 id
2392 4129 2604 4200 Moyses
2640 4145 2749 4184 non
2794 4130 3079 4199 exposuit;
3110 4130 3204 4184 sed
3254 4132 3390 4200 quin
3419 4132 3501 4186 fa-

1930 4229 2080 4275 ctum
2107 4220 2196 4283 sit,
2234 4219 2442 4273 nemini
2479 4220 2734 4273 dubitare
2760 4220 2947 4280 licet;
2971 4222 3074 4275 etsi
3117 4221 3265 4275 enim
3303 4237 3499 4291 parum

1932 4309 2236 4378 perspicue,
2265 4309 2472 4367 dictum
2502 4309 2947 4375 esttamen.Sed,
2982 4309 3086 4369 hoc
3106 4312 3495 4381 praetermisso,

1862 4418 1903 4472 υ
1934 4400 1999 4456 ad
2034 4399 2168 4454 illud
2194 4416 2509 4470 pergamus.

2001 4491 2196 4546 PALL.
2220 4491 2503 4559 Quodnam
2537 4491 2705 4547 illud?

2001 4583 2155 4637 CYR.
2181 4584 2410 4653 Nempe,
2441 4586 2599 4655 cujus
2639 4585 2719 4639 rei
2776 4584 2946 4655 ﬁgura
2997 4584 3199 4639 fuerint
3241 4584 3500 4639 mulieres

1928 4691 2049 4744 quae
2066 4676 2486 4746 jejunaverunt;
2519 4677 2677 4747 cujus
2707 4677 2896 4742 etiam,
2922 4677 3067 4746 quod
3098 4692 3129 4732 e
3154 4677 3391 4747 speculis
3416 4678 3498 4732 la-

1932 4767 2090 4821 brum
2115 4783 2327 4823 :eneum
2351 4768 2557 4824 factum
2579 4779 2695 4829 est-

2001 4858 2377 4929 PALL.Atqui
2415 4862 2491 4916 tui
2515 4863 2761 4925 muneris
2789 4862 2899 4917 est"
2921 4863 2973 4916 id
3007 4863 3173 4917 etiam
3199 4862 3492 4931 explicare.

2003 4947 2161 5003 CYR.
2211 4949 2412 5020 Accipe
2454 4951 2641 5023 igitur.
2693 4952 2876 5008 Genus
2932 4951 3321 5015 lsraelitarum,
3370 4966 3497 5005 eum

1932 5039 2162 5095 serviret
2185 5038 2471 5113 IEgyptiis,
2500 5059 2570 5109 ac
2608 5043 2704 5097 diu
2736 5044 2793 5097 in
2819 5043 3035 5097 illorum
3075 5043 3286 5114 legibus
3329 5042 3496 5098 vitam

1933 5132 2265 5199 traduceret,
2302 5134 2446 5189 idola
2470 5134 2639 5190 coluit
2662 5154 2675 5189 :
2705 5134 2868 5206 314
2894 5149 3013 5190 mos
3038 5134 3204 5206 igitur
3225 5144 3343 5190 erat
3364 5152 3502 5205 pra:-

1932 5226 2090 5293 cipue
2140 5226 2283 5296 apud
2312 5227 2573 5282 mulieres
2602 5226 3001 5297 Egyptiorum,
3025 5227 3170 5282 linea
3197 5234 3346 5281 veste
3408 5226 3495 5278 in-

1929 5317 2109 5377 dutas,
2157 5317 2307 5372 adire
2358 5318 2590 5386 templa,
2636 5318 2918 5386 speculum
2976 5319 3218 5381 sinistra,
3268 5317 3505 5374 sistrum.

1930 5407 2120 5462 dextra
2173 5424 2328 5461 sacro
2361 5407 2548 5462 habitu
2578 5417 2873 5479 gestantes,
2915 5424 3151 5480 eumque
3200 5407 3501 5467 honorem,

1932 5499 2061 5563 imo,
2093 5507 2151 5552 ut
2176 5499 2357 5554 verius
2379 5515 2440 5554 ac
2470 5500 2665 5554 melius
2706 5501 2904 5568 dicam,
2965 5498 3347 5557 contumeliam
3393 5496 3495 5552 iii-“£1
