  <div class='ocr_page' id='page_1' title='image "/cluster/home/n/w/nwhite01/storage/ocr_20150623/68/pst.000005712694/329.png"; bbox 0 0 3962 6296; ppageno 0'>
   <div class='ocr_carea' id='block_1_1' title="bbox 394 172 3663 237">
    <p class='ocr_par' dir='ltr' id='par_1_1' title="bbox 394 172 3663 237">
     <span class='ocr_line' id='line_1_1' title="bbox 394 172 3663 237; baseline 0.002 -8"><span class='ocrx_word' id='word_1_1' title='bbox 394 175 489 229; x_wconf 64' lang='lat' dir='ltr'><strong>lilii</strong></span> <span class='ocrx_word' id='word_1_2' title='bbox 1398 174 1453 228; x_wconf 88' lang='lat' dir='ltr'><strong>S.</strong></span> <span class='ocrx_word' id='word_1_3' title='bbox 1495 173 1768 229; x_wconf 72' lang='lat' dir='ltr'><strong>CYlilLLl</strong></span> <span class='ocrx_word' id='word_1_4' title='bbox 1808 173 2275 228; x_wconf 60' lang='lat' dir='ltr'><strong>ALEXAXDRINI</strong></span> <span class='ocrx_word' id='word_1_5' title='bbox 2316 172 2631 233; x_wconf 76' lang='lat' dir='ltr'><strong>ARCHIEP.</strong></span> <span class='ocrx_word' id='word_1_6' title='bbox 3550 181 3663 237; x_wconf 71' lang='lat'><strong>639.</strong></span> 
     </span>
    </p>
   </div>
   <div class='ocr_carea' id='block_1_2' title="bbox 393 278 1982 368">
    <p class='ocr_par' dir='ltr' id='par_1_2' title="bbox 393 281 1969 368">
     <span class='ocr_line' id='line_1_2' title="bbox 393 281 1969 368; baseline -0.003 -28"><span class='ocrx_word' id='word_1_7' title='bbox 393 286 637 354; x_wconf 83' lang='lat' dir='ltr'><strong>quidem,</strong></span> <span class='ocrx_word' id='word_1_8' title='bbox 663 301 786 355; x_wconf 72' lang='lat' dir='ltr'><strong>qua:</strong></span> <span class='ocrx_word' id='word_1_9' title='bbox 811 285 955 339; x_wconf 91' lang='lat' dir='ltr'><strong>inter</strong></span> <span class='ocrx_word' id='word_1_10' title='bbox 984 292 1210 338; x_wconf 65' lang='lat' dir='ltr'><strong>caeteras</strong></span> <span class='ocrx_word' id='word_1_11' title='bbox 1252 285 1508 368; x_wconf 37' lang='lat' dir='ltr'><strong>maxime.</strong></span> <span class='ocrx_word' id='word_1_12' title='bbox 1528 281 1884 347; x_wconf 74' lang='lat' dir='ltr'><strong>excellerent,</strong></span> <span class='ocrx_word' id='word_1_13' title='bbox 1913 284 1969 336; x_wconf 89' lang='lat' dir='ltr'><strong>et</strong></span> 
     </span>
    </p>
   </div>
   <div class='ocr_carea' id='block_1_3' title="bbox 2087 278 3659 368">
    <p class='ocr_par' dir='ltr' id='par_1_3' title="bbox 2087 278 3659 360">
     <span class='ocr_line' id='line_1_3' title="bbox 2087 278 3659 360; baseline 0.006 -25"><span class='ocrx_word' id='word_1_14' title='bbox 2087 282 2309 337; x_wconf 70' lang='grc' dir='ltr'>ιάλιστα</span> <span class='ocrx_word' id='word_1_15' title='bbox 2338 283 2446 338; x_wconf 92' lang='grc' dir='ltr'><strong>τῶν</strong></span> <span class='ocrx_word' id='word_1_16' title='bbox 2484 284 2660 339; x_wconf 82' lang='grc' dir='ltr'>ἄλλων</span> <span class='ocrx_word' id='word_1_17' title='bbox 2690 278 3060 357; x_wconf 77' lang='grc' dir='ltr'>ἓξειλεγμέναι</span> <span class='ocrx_word' id='word_1_18' title='bbox 3105 287 3198 343; x_wconf 78' lang='grc' dir='ltr'><strong>καὶ</strong></span> <span class='ocrx_word' id='word_1_19' title='bbox 3244 287 3621 360; x_wconf 84' lang='grc' dir='ltr'>ἱερομύστιδες</span> <span class='ocrx_word' id='word_1_20' title='bbox 3643 325 3659 351; x_wconf 84' lang='grc'><strong>,</strong></span> 
     </span>
    </p>
   </div>
   <div class='ocr_carea' id='block_1_4' title="bbox 395 375 1982 451">
    <p class='ocr_par' dir='ltr' id='par_1_4' title="bbox 395 375 1970 441">
     <span class='ocr_line' id='line_1_4' title="bbox 395 375 1970 441; baseline -0.002 -9"><span class='ocrx_word' id='word_1_21' title='bbox 395 377 569 433; x_wconf 78' lang='lat' dir='ltr'><strong>sacris</strong></span> <span class='ocrx_word' id='word_1_22' title='bbox 609 386 796 432; x_wconf 84' lang='lat' dir='ltr'><strong>essent</strong></span> <span class='ocrx_word' id='word_1_23' title='bbox 847 375 1108 441; x_wconf 66' lang='lat' dir='ltr'><strong>initiatae,</strong></span> <span class='ocrx_word' id='word_1_24' title='bbox 1160 376 1251 433; x_wconf 77' lang='lat' dir='ltr'><strong>vix</strong></span> <span class='ocrx_word' id='word_1_25' title='bbox 1311 375 1655 430; x_wconf 78' lang='lat' dir='ltr'><strong>obtinebant.</strong></span> <span class='ocrx_word' id='word_1_26' title='bbox 1714 375 1970 434; x_wconf 80' lang='lat' dir='ltr'><strong>Mulieres</strong></span> 
     </span>
    </p>
   </div>
   <div class='ocr_carea' id='block_1_5' title="bbox 2087 375 3662 451">
    <p class='ocr_par' dir='ltr' id='par_1_5' title="bbox 2087 375 3662 451">
     <span class='ocr_line' id='line_1_5' title="bbox 2087 375 3662 451; baseline 0.006 -23"><span class='ocrx_word' id='word_1_27' title='bbox 2087 375 2168 446; x_wconf 69' lang='grc' dir='ltr'><strong>τῆς</strong></span> <span class='ocrx_word' id='word_1_28' title='bbox 2198 378 2453 447; x_wconf 78' lang='grc' dir='ltr'><strong>τοιαύτης</strong></span> <span class='ocrx_word' id='word_1_29' title='bbox 2487 377 2641 447; x_wconf 85' lang='grc' dir='ltr'><strong>μόλις</strong></span> <span class='ocrx_word' id='word_1_30' title='bbox 2667 376 2919 447; x_wconf 79' lang='grc' dir='ltr'><strong>ἠξιοῦντο</strong></span> <span class='ocrx_word' id='word_1_31' title='bbox 2945 378 3135 449; x_wconf 89' lang='grc' dir='ltr'>τιμῆς,</span> <span class='ocrx_word' id='word_1_32' title='bbox 3166 377 3378 451; x_wconf 76' lang='grc' dir='ltr'>ὕϐρεως</span> <span class='ocrx_word' id='word_1_33' title='bbox 3409 382 3507 451; x_wconf 81' lang='grc' dir='ltr'>μὲν</span> <span class='ocrx_word' id='word_1_34' title='bbox 3536 380 3662 437; x_wconf 79' lang='grc' dir='ltr'>οὖν’</span> 
     </span>
    </p>
   </div>
   <div class='ocr_carea' id='block_1_6' title="bbox 398 462 1982 546">
    <p class='ocr_par' dir='ltr' id='par_1_6' title="bbox 398 468 1970 540">
     <span class='ocr_line' id='line_1_6' title="bbox 398 468 1970 540; baseline -0.001 -17"><span class='ocrx_word' id='word_1_35' title='bbox 398 470 566 539; x_wconf 76' lang='lat' dir='ltr'><strong>igitur</strong></span> <span class='ocrx_word' id='word_1_36' title='bbox 583 485 652 525; x_wconf 74' lang='lat' dir='ltr'><strong>ex</strong></span> <span class='ocrx_word' id='word_1_37' title='bbox 674 484 873 540; x_wconf 81' lang='lat' dir='ltr'><strong>genere</strong></span> <span class='ocrx_word' id='word_1_38' title='bbox 899 468 1067 523; x_wconf 81' lang='lat' dir='ltr'><strong>Israel</strong></span> <span class='ocrx_word' id='word_1_39' title='bbox 1095 469 1359 539; x_wconf 84' lang='lat' dir='ltr'><strong>reliquias</strong></span> <span class='ocrx_word' id='word_1_40' title='bbox 1389 468 1538 523; x_wconf 89' lang='lat' dir='ltr'><strong>illius</strong></span> <span class='ocrx_word' id='word_1_41' title='bbox 1564 469 1748 524; x_wconf 85' lang='lat' dir='ltr'><strong>cultus</strong></span> <span class='ocrx_word' id='word_1_42' title='bbox 1804 482 1970 538; x_wconf 87' lang='lat' dir='ltr'><strong>quem</strong></span> 
     </span>
    </p>
   </div>
   <div class='ocr_carea' id='block_1_7' title="bbox 2087 462 3663 546">
    <p class='ocr_par' dir='ltr' id='par_1_7' title="bbox 2087 462 3663 546">
     <span class='ocr_line' id='line_1_7' title="bbox 2087 462 3663 546; baseline 0.005 -23"><span class='ocrx_word' id='word_1_43' title='bbox 2087 462 2173 523; x_wconf 70' lang='grc' dir='ltr'><strong>ὖδε</strong></span> <span class='ocrx_word' id='word_1_44' title='bbox 2203 469 2313 540; x_wconf 81' lang='grc' dir='ltr'>γὰρ</span> <span class='ocrx_word' id='word_1_45' title='bbox 2338 470 2561 539; x_wconf 78' lang='grc' dir='ltr'>ἄμεινόν</span> <span class='ocrx_word' id='word_1_46' title='bbox 2586 487 2645 523; x_wconf 84' lang='grc' dir='ltr'><strong>τε</strong></span> <span class='ocrx_word' id='word_1_47' title='bbox 2675 471 2767 524; x_wconf 82' lang='grc' dir='ltr'><strong>καὶ</strong></span> <span class='ocrx_word' id='word_1_48' title='bbox 2797 469 2997 541; x_wconf 80' lang='grc' dir='ltr'>ἀληθὲς</span> <span class='ocrx_word' id='word_1_49' title='bbox 3019 472 3215 526; x_wconf 81' lang='grc' dir='ltr'>εἰπεῖν.</span> <span class='ocrx_word' id='word_1_50' title='bbox 3240 471 3444 527; x_wconf 88' lang='grc' dir='ltr'>Γύναια</span> <span class='ocrx_word' id='word_1_51' title='bbox 3472 474 3537 546; x_wconf 84' lang='grc' dir='ltr'><strong>δὴ</strong></span> <span class='ocrx_word' id='word_1_52' title='bbox 3567 473 3663 531; x_wconf 76' lang='grc' dir='ltr'>οὖν</span> 
     </span>
    </p>
   </div>
   <div class='ocr_carea' id='block_1_8' title="bbox 399 558 1974 632">
    <p class='ocr_par' dir='ltr' id='par_1_8' title="bbox 399 558 1974 632">
     <span class='ocr_line' id='line_1_8' title="bbox 399 558 1974 632; baseline -0.001 -18"><span class='ocrx_word' id='word_1_53' title='bbox 399 563 451 616; x_wconf 80' lang='lat' dir='ltr'><strong>in</strong></span> <span class='ocrx_word' id='word_1_54' title='bbox 472 560 704 632; x_wconf 65' lang='lat' dir='ltr'><strong>Egypto</strong></span> <span class='ocrx_word' id='word_1_55' title='bbox 724 568 1099 624; x_wconf 81' lang='lat' dir='ltr'><strong>servaverant,</strong></span> <span class='ocrx_word' id='word_1_56' title='bbox 1139 560 1347 615; x_wconf 82' lang='lat' dir='ltr'><strong>oumin</strong></span> <span class='ocrx_word' id='word_1_57' title='bbox 1379 574 1478 614; x_wconf 89' lang='lat' dir='ltr'><strong>sua</strong></span> <span class='ocrx_word' id='word_1_58' title='bbox 1520 558 1846 629; x_wconf 85' lang='lat' dir='ltr'><strong>supellectili</strong></span> <span class='ocrx_word' id='word_1_59' title='bbox 1887 574 1974 613; x_wconf 86' lang='lat' dir='ltr'><strong>re-</strong></span> 
     </span>
    </p>
   </div>
   <div class='ocr_carea' id='block_1_9' title="bbox 400 645 1974 723">
    <p class='ocr_par' dir='ltr' id='par_1_9' title="bbox 400 645 1974 723">
     <span class='ocr_line' id='line_1_9' title="bbox 400 645 1974 723; baseline -0.003 -19"><span class='ocrx_word' id='word_1_60' title='bbox 400 650 692 723; x_wconf 79' lang='lat' dir='ltr'><strong>perissent,</strong></span> <span class='ocrx_word' id='word_1_61' title='bbox 747 649 865 705; x_wconf 65' lang='lat' dir='ltr'><strong>haec</strong></span> <span class='ocrx_word' id='word_1_62' title='bbox 914 648 1053 721; x_wconf 88' lang='lat' dir='ltr'><strong>ipsa,</strong></span> <span class='ocrx_word' id='word_1_63' title='bbox 1102 648 1348 719; x_wconf 91' lang='lat' dir='ltr'><strong>inquam,</strong></span> <span class='ocrx_word' id='word_1_64' title='bbox 1411 647 1636 717; x_wconf 85' lang='lat' dir='ltr'><strong>specula</strong></span> <span class='ocrx_word' id='word_1_65' title='bbox 1675 645 1974 701; x_wconf 81' lang='lat' dir='ltr'><strong>oblationis</strong></span> 
     </span>
    </p>
   </div>
   <div class='ocr_carea' id='block_1_10' title="bbox 397 738 1974 811">
    <p class='ocr_par' dir='ltr' id='par_1_10' title="bbox 397 738 1974 811">
     <span class='ocr_line' id='line_1_10' title="bbox 397 738 1974 811; baseline -0.004 -12"><span class='ocrx_word' id='word_1_66' title='bbox 397 758 561 799; x_wconf 90' lang='lat' dir='ltr'><strong>causa</strong></span> <span class='ocrx_word' id='word_1_67' title='bbox 607 742 947 805; x_wconf 74' lang='lat' dir='ltr'><strong>detulerunt,</strong></span> <span class='ocrx_word' id='word_1_68' title='bbox 990 756 1166 811; x_wconf 87' lang='lat' dir='ltr'><strong>eaque</strong></span> <span class='ocrx_word' id='word_1_69' title='bbox 1215 740 1285 795; x_wconf 85' lang='lat' dir='ltr'><strong>ad</strong></span> <span class='ocrx_word' id='word_1_70' title='bbox 1336 739 1478 796; x_wconf 90' lang='lat' dir='ltr'><strong>labri</strong></span> <span class='ocrx_word' id='word_1_71' title='bbox 1525 754 1687 794; x_wconf 90' lang='lat' dir='ltr'><strong>usum</strong></span> <span class='ocrx_word' id='word_1_72' title='bbox 1713 738 1974 794; x_wconf 85' lang='lat' dir='ltr'><strong>translata</strong></span> 
     </span>
    </p>
   </div>
   <div class='ocr_carea' id='block_1_11' title="bbox 397 832 1971 905">
    <p class='ocr_par' dir='ltr' id='par_1_11' title="bbox 397 832 1971 905">
     <span class='ocr_line' id='line_1_11' title="bbox 397 832 1971 905; baseline -0.003 -15"><span class='ocrx_word' id='word_1_73' title='bbox 397 844 561 890; x_wconf 76' lang='lat' dir='ltr'><strong>sunt:</strong></span> <span class='ocrx_word' id='word_1_74' title='bbox 598 849 832 905; x_wconf 90' lang='lat' dir='ltr'><strong>cumque</strong></span> <span class='ocrx_word' id='word_1_75' title='bbox 870 842 1120 889; x_wconf 87' lang='lat' dir='ltr'><strong>sanctum</strong></span> <span class='ocrx_word' id='word_1_76' title='bbox 1172 832 1592 889; x_wconf 86' lang='lat' dir='ltr'><strong>tabernaculum</strong></span> <span class='ocrx_word' id='word_1_77' title='bbox 1643 832 1971 903; x_wconf 89' lang='lat' dir='ltr'><strong>erigeretur,</strong></span> 
     </span>
    </p>
   </div>
   <div class='ocr_carea' id='block_1_12' title="bbox 402 924 1974 998">
    <p class='ocr_par' dir='ltr' id='par_1_12' title="bbox 402 924 1974 998">
     <span class='ocr_line' id='line_1_12' title="bbox 402 924 1974 998; baseline -0.003 -18"><span class='ocrx_word' id='word_1_78' title='bbox 402 928 506 982; x_wconf 69' lang='lat' dir='ltr'><strong>illae</strong></span> <span class='ocrx_word' id='word_1_79' title='bbox 546 927 955 998; x_wconf 74' lang='lat' dir='ltr'><strong>jejunaveruut,</strong></span> <span class='ocrx_word' id='word_1_80' title='bbox 1018 924 1086 980; x_wconf 90' lang='lat' dir='ltr'><strong>ad</strong></span> <span class='ocrx_word' id='word_1_81' title='bbox 1138 925 1348 980; x_wconf 87' lang='lat' dir='ltr'><strong>ostium</strong></span> <span class='ocrx_word' id='word_1_82' title='bbox 1398 924 1742 988; x_wconf 88' lang='lat' dir='ltr'><strong>assidentes,</strong></span> <span class='ocrx_word' id='word_1_83' title='bbox 1788 931 1845 979; x_wconf 89' lang='lat' dir='ltr'><strong>et</strong></span> <span class='ocrx_word' id='word_1_84' title='bbox 1875 939 1974 994; x_wconf 88' lang='lat' dir='ltr'><strong>per</strong></span> 
     </span>
    </p>
   </div>
   <div class='ocr_carea' id='block_1_13' title="bbox 400 1015 1976 1089">
    <p class='ocr_par' dir='ltr' id='par_1_13' title="bbox 400 1015 1976 1089">
     <span class='ocr_line' id='line_1_13' title="bbox 400 1015 1976 1089; baseline -0.001 -19"><span class='ocrx_word' id='word_1_85' title='bbox 400 1018 581 1075; x_wconf 76' lang='lat' dir='ltr'><strong>omnia</strong></span> <span class='ocrx_word' id='word_1_86' title='bbox 611 1027 761 1075; x_wconf 86' lang='lat' dir='ltr'><strong>caste</strong></span> <span class='ocrx_word' id='word_1_87' title='bbox 785 1017 1080 1089; x_wconf 85' lang='lat' dir='ltr'><strong>degentes:</strong></span> <span class='ocrx_word' id='word_1_88' title='bbox 1105 1033 1216 1088; x_wconf 91' lang='lat' dir='ltr'><strong>quo</strong></span> <span class='ocrx_word' id='word_1_89' title='bbox 1247 1017 1392 1074; x_wconf 80' lang='lat' dir='ltr'><strong>facto</strong></span> <span class='ocrx_word' id='word_1_90' title='bbox 1421 1015 1857 1088; x_wconf 78' lang='lat' dir='ltr'><strong>signiﬁcabatur,</strong></span> <span class='ocrx_word' id='word_1_91' title='bbox 1881 1029 1976 1069; x_wconf 90' lang='lat' dir='ltr'><strong>ve-</strong></span> 
     </span>
    </p>
   </div>
   <div class='ocr_carea' id='block_1_14' title="bbox 404 1106 1973 1182">
    <p class='ocr_par' dir='ltr' id='par_1_14' title="bbox 404 1106 1973 1182">
     <span class='ocr_line' id='line_1_14' title="bbox 404 1106 1973 1182; baseline -0.003 -17"><span class='ocrx_word' id='word_1_92' title='bbox 404 1112 547 1166; x_wconf 87' lang='lat' dir='ltr'><strong>riore</strong></span> <span class='ocrx_word' id='word_1_93' title='bbox 577 1111 690 1182; x_wconf 89' lang='lat' dir='ltr'><strong>jam</strong></span> <span class='ocrx_word' id='word_1_94' title='bbox 714 1110 772 1164; x_wconf 91' lang='lat' dir='ltr'><strong>in</strong></span> <span class='ocrx_word' id='word_1_95' title='bbox 802 1106 1157 1166; x_wconf 76' lang='lat' dir='ltr'><strong>tabernaculo</strong></span> <span class='ocrx_word' id='word_1_96' title='bbox 1186 1109 1499 1175; x_wconf 88' lang='lat' dir='ltr'><strong>manifesto,</strong></span> <span class='ocrx_word' id='word_1_97' title='bbox 1555 1108 1613 1165; x_wconf 92' lang='lat' dir='ltr'><strong>id</strong></span> <span class='ocrx_word' id='word_1_98' title='bbox 1641 1117 1748 1173; x_wconf 84' lang='lat' dir='ltr'><strong>est,</strong></span> <span class='ocrx_word' id='word_1_99' title='bbox 1781 1107 1973 1165; x_wconf 84' lang='lat' dir='ltr'><strong>Eccle-</strong></span> 
     </span>
    </p>
   </div>
   <div class='ocr_carea' id='block_1_15' title="bbox 401 1199 1970 1271">
    <p class='ocr_par' dir='ltr' id='par_1_15' title="bbox 401 1199 1970 1271">
     <span class='ocr_line' id='line_1_15' title="bbox 401 1199 1970 1271; baseline -0.001 -17"><span class='ocrx_word' id='word_1_100' title='bbox 401 1203 502 1267; x_wconf 79' lang='lat' dir='ltr'><strong>sia,</strong></span> <span class='ocrx_word' id='word_1_101' title='bbox 528 1200 676 1271; x_wconf 89' lang='lat' dir='ltr'><strong>quod</strong></span> <span class='ocrx_word' id='word_1_102' title='bbox 709 1199 1127 1259; x_wconf 88' lang='lat' dir='ltr'><strong>tabernaculum</strong></span> <span class='ocrx_word' id='word_1_103' title='bbox 1183 1199 1300 1255; x_wconf 80' lang='lat' dir='ltr'><strong>ﬁxit</strong></span> <span class='ocrx_word' id='word_1_104' title='bbox 1324 1200 1491 1264; x_wconf 89' lang='lat' dir='ltr'><strong>Deus,</strong></span> <span class='ocrx_word' id='word_1_105' title='bbox 1524 1208 1582 1255; x_wconf 89' lang='lat' dir='ltr'><strong>et</strong></span> <span class='ocrx_word' id='word_1_106' title='bbox 1620 1215 1735 1254; x_wconf 90' lang='lat' dir='ltr'><strong>non</strong></span> <span class='ocrx_word' id='word_1_107' title='bbox 1783 1199 1970 1263; x_wconf 90' lang='lat' dir='ltr'><strong>homo,</strong></span> 
     </span>
    </p>
   </div>
   <div class='ocr_carea' id='block_1_16' title="bbox 403 1289 1968 1363">
    <p class='ocr_par' dir='ltr' id='par_1_16' title="bbox 403 1289 1968 1363">
     <span class='ocr_line' id='line_1_16' title="bbox 403 1289 1968 1363; baseline -0.001 -16"><span class='ocrx_word' id='word_1_108' title='bbox 403 1302 461 1347; x_wconf 87' lang='lat' dir='ltr'><strong>ut</strong></span> <span class='ocrx_word' id='word_1_109' title='bbox 491 1293 690 1349; x_wconf 90' lang='lat' dir='ltr'><strong>beatus</strong></span> <span class='ocrx_word' id='word_1_110' title='bbox 712 1293 916 1348; x_wconf 87' lang='lat' dir='ltr'><strong>Paulus</strong></span> <span class='ocrx_word' id='word_1_111' title='bbox 953 1291 1147 1347; x_wconf 88' lang='lat' dir='ltr'><strong>scribit</strong></span> <span class='ocrx_word' id='word_1_112' title='bbox 1169 1293 1239 1358; x_wconf 77' lang='lat'><strong>°&#39;,</strong></span> <span class='ocrx_word' id='word_1_113' title='bbox 1272 1300 1493 1362; x_wconf 87' lang='lat' dir='ltr'><strong>tempus</strong></span> <span class='ocrx_word' id='word_1_114' title='bbox 1510 1292 1621 1363; x_wconf 87' lang='lat' dir='ltr'><strong>jam</strong></span> <span class='ocrx_word' id='word_1_115' title='bbox 1641 1306 1762 1346; x_wconf 88' lang='lat' dir='ltr'><strong>esse</strong></span> <span class='ocrx_word' id='word_1_116' title='bbox 1784 1289 1968 1361; x_wconf 81' lang='lat' dir='ltr'><strong>profe-</strong></span> 
     </span>
    </p>
   </div>
   <div class='ocr_carea' id='block_1_17' title="bbox 402 1379 1976 1453">
    <p class='ocr_par' dir='ltr' id='par_1_17' title="bbox 402 1379 1976 1453">
     <span class='ocr_line' id='line_1_17' title="bbox 402 1379 1976 1453; baseline -0.001 -16"><span class='ocrx_word' id='word_1_117' title='bbox 402 1392 511 1449; x_wconf 86' lang='lat' dir='ltr'><strong>cto,</strong></span> <span class='ocrx_word' id='word_1_118' title='bbox 535 1391 618 1449; x_wconf 85' lang='lat' dir='ltr'><strong>ut,</strong></span> <span class='ocrx_word' id='word_1_119' title='bbox 661 1384 756 1453; x_wconf 90' lang='lat' dir='ltr'><strong>qui</strong></span> <span class='ocrx_word' id='word_1_120' title='bbox 787 1383 857 1441; x_wconf 88' lang='lat' dir='ltr'><strong>ad</strong></span> <span class='ocrx_word' id='word_1_121' title='bbox 881 1383 1291 1438; x_wconf 76' lang='lat' dir='ltr'><strong>venerationem</strong></span> <span class='ocrx_word' id='word_1_122' title='bbox 1348 1381 1747 1437; x_wconf 75' lang='lat' dir='ltr'><strong>dmmoniorum</strong></span> <span class='ocrx_word' id='word_1_123' title='bbox 1793 1379 1976 1451; x_wconf 79' lang='lat' dir='ltr'><strong>gregis</strong></span> 
     </span>
    </p>
   </div>
   <div class='ocr_carea' id='block_1_18' title="bbox 403 1469 1974 1541">
    <p class='ocr_par' dir='ltr' id='par_1_18' title="bbox 403 1469 1974 1541">
     <span class='ocr_line' id='line_1_18' title="bbox 403 1469 1974 1541; baseline -0.003 -12"><span class='ocrx_word' id='word_1_124' title='bbox 403 1474 570 1533; x_wconf 83' lang='lat' dir='ltr'><strong>dicati</strong></span> <span class='ocrx_word' id='word_1_125' title='bbox 618 1482 794 1538; x_wconf 89' lang='lat' dir='ltr'><strong>erant,</strong></span> <span class='ocrx_word' id='word_1_126' title='bbox 846 1474 905 1528; x_wconf 89' lang='lat' dir='ltr'><strong>in</strong></span> <span class='ocrx_word' id='word_1_127' title='bbox 963 1487 1118 1527; x_wconf 90' lang='lat' dir='ltr'><strong>sacra</strong></span> <span class='ocrx_word' id='word_1_128' title='bbox 1165 1488 1295 1528; x_wconf 89' lang='lat' dir='ltr'><strong>vasa</strong></span> <span class='ocrx_word' id='word_1_129' title='bbox 1327 1478 1635 1535; x_wconf 88' lang='lat' dir='ltr'><strong>mutentur,</strong></span> <span class='ocrx_word' id='word_1_130' title='bbox 1704 1485 1828 1541; x_wconf 68' lang='lat' dir='ltr'><strong>qua:</strong></span> <span class='ocrx_word' id='word_1_131' title='bbox 1861 1469 1974 1525; x_wconf 81' lang='lat' dir='ltr'><strong>sint</strong></span> 
     </span>
    </p>
   </div>
   <div class='ocr_carea' id='block_1_19' title="bbox 404 1561 1976 1637">
    <p class='ocr_par' dir='ltr' id='par_1_19' title="bbox 404 1561 1976 1637">
     <span class='ocr_line' id='line_1_19' title="bbox 404 1561 1976 1637; baseline -0.008 -11"><span class='ocrx_word' id='word_1_132' title='bbox 404 1566 472 1626; x_wconf 79' lang='lat' dir='ltr'><strong>ad</strong></span> <span class='ocrx_word' id='word_1_133' title='bbox 498 1567 672 1623; x_wconf 85' lang='lat' dir='ltr'><strong>sancti</strong></span> <span class='ocrx_word' id='word_1_134' title='bbox 698 1564 1046 1636; x_wconf 86' lang='lat' dir='ltr'><strong>baptismatis</strong></span> <span class='ocrx_word' id='word_1_135' title='bbox 1103 1564 1482 1637; x_wconf 89' lang='lat' dir='ltr'><strong>receptionem</strong></span> <span class='ocrx_word' id='word_1_136' title='bbox 1527 1570 1687 1634; x_wconf 88' lang='lat' dir='ltr'><strong>apta;</strong></span> <span class='ocrx_word' id='word_1_137' title='bbox 1733 1561 1871 1617; x_wconf 84' lang='lat' dir='ltr'><strong>adeo</strong></span> <span class='ocrx_word' id='word_1_138' title='bbox 1915 1568 1976 1615; x_wconf 89' lang='lat' dir='ltr'><strong>ut</strong></span> 
     </span>
    </p>
   </div>
   <div class='ocr_carea' id='block_1_20' title="bbox 405 1652 1976 1727">
    <p class='ocr_par' dir='ltr' id='par_1_20' title="bbox 405 1652 1976 1727">
     <span class='ocr_line' id='line_1_20' title="bbox 405 1652 1976 1727; baseline -0.001 -20"><span class='ocrx_word' id='word_1_139' title='bbox 405 1654 763 1719; x_wconf 85' lang='lat' dir='ltr'><strong>ornamentis,</strong></span> <span class='ocrx_word' id='word_1_140' title='bbox 796 1671 918 1724; x_wconf 68' lang='lat' dir='ltr'><strong>quae</strong></span> <span class='ocrx_word' id='word_1_141' title='bbox 945 1671 1112 1727; x_wconf 84' lang='lat' dir='ltr'><strong>supra</strong></span> <span class='ocrx_word' id='word_1_142' title='bbox 1144 1655 1321 1725; x_wconf 88' lang='lat' dir='ltr'><strong>legem</strong></span> <span class='ocrx_word' id='word_1_143' title='bbox 1355 1659 1507 1717; x_wconf 88' lang='lat' dir='ltr'><strong>sunt,</strong></span> <span class='ocrx_word' id='word_1_144' title='bbox 1537 1652 1809 1707; x_wconf 75' lang='lat' dir='ltr'><strong>excellere</strong></span> <span class='ocrx_word' id='word_1_145' title='bbox 1843 1666 1976 1721; x_wconf 90' lang='lat' dir='ltr'><strong>pos-</strong></span> 
     </span>
    </p>
   </div>
   <div class='ocr_carea' id='block_1_21' title="bbox 408 1744 1981 1816">
    <p class='ocr_par' dir='ltr' id='par_1_21' title="bbox 408 1744 1981 1816">
     <span class='ocr_line' id='line_1_21' title="bbox 408 1744 1981 1816; baseline -0.002 -16"><span class='ocrx_word' id='word_1_146' title='bbox 408 1748 550 1801; x_wconf 83' lang='lat' dir='ltr'><strong>sint:</strong></span> <span class='ocrx_word' id='word_1_147' title='bbox 583 1747 690 1803; x_wconf 89' lang='lat' dir='ltr'><strong>hoc</strong></span> <span class='ocrx_word' id='word_1_148' title='bbox 720 1747 869 1803; x_wconf 88' lang='lat' dir='ltr'><strong>enim</strong></span> <span class='ocrx_word' id='word_1_149' title='bbox 891 1754 998 1811; x_wconf 89' lang='lat' dir='ltr'><strong>est,</strong></span> <span class='ocrx_word' id='word_1_150' title='bbox 1039 1754 1102 1801; x_wconf 92' lang='lat' dir='ltr'><strong>ut</strong></span> <span class='ocrx_word' id='word_1_151' title='bbox 1130 1747 1350 1816; x_wconf 89' lang='lat' dir='ltr'><strong>opinor,</strong></span> <span class='ocrx_word' id='word_1_152' title='bbox 1382 1760 1413 1801; x_wconf 90' lang='lat' dir='ltr'><strong>e</strong></span> <span class='ocrx_word' id='word_1_153' title='bbox 1439 1744 1729 1816; x_wconf 84' lang='lat' dir='ltr'><strong>gentilium</strong></span> <span class='ocrx_word' id='word_1_154' title='bbox 1783 1757 1981 1816; x_wconf 86' lang='lat' dir='ltr'><strong>specu-</strong></span> 
     </span>
    </p>
   </div>
   <div class='ocr_carea' id='block_1_22' title="bbox 409 1833 1979 1904">
    <p class='ocr_par' dir='ltr' id='par_1_22' title="bbox 409 1833 1979 1904">
     <span class='ocr_line' id='line_1_22' title="bbox 409 1833 1979 1904; baseline -0.003 -12"><span class='ocrx_word' id='word_1_155' title='bbox 409 1840 496 1904; x_wconf 92' lang='lat' dir='ltr'><strong>lis,</strong></span> <span class='ocrx_word' id='word_1_156' title='bbox 552 1854 651 1897; x_wconf 88' lang='lat' dir='ltr'><strong>seu</strong></span> <span class='ocrx_word' id='word_1_157' title='bbox 688 1839 978 1897; x_wconf 85' lang='lat' dir='ltr'><strong>diabolicis</strong></span> <span class='ocrx_word' id='word_1_158' title='bbox 1010 1839 1291 1897; x_wconf 84' lang='lat' dir='ltr'><strong>thesauris</strong></span> <span class='ocrx_word' id='word_1_159' title='bbox 1331 1838 1547 1893; x_wconf 89' lang='lat' dir='ltr'><strong>labrum</strong></span> <span class='ocrx_word' id='word_1_160' title='bbox 1608 1850 1825 1892; x_wconf 57' lang='lat' dir='ltr'><strong>aeneum</strong></span> <span class='ocrx_word' id='word_1_161' title='bbox 1870 1833 1979 1889; x_wconf 56' lang='lat' dir='ltr'><strong>fora</strong></span> 
     </span>
    </p>
   </div>
   <div class='ocr_carea' id='block_1_23' title="bbox 409 1928 1982 2003">
    <p class='ocr_par' dir='ltr' id='par_1_23' title="bbox 409 1928 1982 2003">
     <span class='ocr_line' id='line_1_23' title="bbox 409 1928 1982 2003; baseline -0.003 -16"><span class='ocrx_word' id='word_1_162' title='bbox 409 1933 567 1998; x_wconf 85' lang='lat' dir='ltr'><strong>mari,</strong></span> <span class='ocrx_word' id='word_1_163' title='bbox 596 1933 653 1986; x_wconf 89' lang='lat' dir='ltr'><strong>in</strong></span> <span class='ocrx_word' id='word_1_164' title='bbox 679 1948 789 2003; x_wconf 90' lang='lat' dir='ltr'><strong>quo</strong></span> <span class='ocrx_word' id='word_1_165' title='bbox 810 1933 923 2003; x_wconf 88' lang='lat' dir='ltr'><strong>jam</strong></span> <span class='ocrx_word' id='word_1_166' title='bbox 955 1948 1096 2002; x_wconf 89' lang='lat' dir='ltr'><strong>aqua</strong></span> <span class='ocrx_word' id='word_1_167' title='bbox 1119 1933 1213 1997; x_wconf 88' lang='lat' dir='ltr'><strong>sit,</strong></span> <span class='ocrx_word' id='word_1_168' title='bbox 1244 1947 1351 2002; x_wconf 83' lang='lat' dir='ltr'><strong>qua</strong></span> <span class='ocrx_word' id='word_1_169' title='bbox 1388 1930 1503 2001; x_wconf 90' lang='lat' dir='ltr'><strong>ipse</strong></span> <span class='ocrx_word' id='word_1_170' title='bbox 1526 1944 1745 1999; x_wconf 91' lang='lat' dir='ltr'><strong>quoque</strong></span> <span class='ocrx_word' id='word_1_171' title='bbox 1772 1928 1982 1998; x_wconf 81' lang='lat' dir='ltr'><strong>Moyses</strong></span> 
     </span>
    </p>
   </div>
   <div class='ocr_carea' id='block_1_24' title="bbox 410 2020 1981 2097">
    <p class='ocr_par' dir='ltr' id='par_1_24' title="bbox 410 2020 1981 2097">
     <span class='ocr_line' id='line_1_24' title="bbox 410 2020 1981 2097; baseline -0.004 -17"><span class='ocrx_word' id='word_1_172' title='bbox 410 2034 689 2097; x_wconf 84' lang='lat' dir='ltr'><strong>purgetur,</strong></span> <span class='ocrx_word' id='word_1_173' title='bbox 714 2035 944 2095; x_wconf 69' lang='lat' dir='ltr'><strong>qquue</strong></span> <span class='ocrx_word' id='word_1_174' title='bbox 969 2024 1038 2079; x_wconf 89' lang='lat' dir='ltr'><strong>ad</strong></span> <span class='ocrx_word' id='word_1_175' title='bbox 1064 2023 1403 2079; x_wconf 89' lang='lat' dir='ltr'><strong>ablutionem</strong></span> <span class='ocrx_word' id='word_1_176' title='bbox 1429 2022 1689 2076; x_wconf 90' lang='lat' dir='ltr'><strong>nimirum</strong></span> <span class='ocrx_word' id='word_1_177' title='bbox 1722 2020 1981 2091; x_wconf 90' lang='lat' dir='ltr'><strong>spiritua-</strong></span> 
     </span>
    </p>
   </div>
   <div class='ocr_carea' id='block_1_25' title="bbox 404 2111 1978 2189">
    <p class='ocr_par' dir='ltr' id='par_1_25' title="bbox 404 2111 1978 2189">
     <span class='ocr_line' id='line_1_25' title="bbox 404 2111 1978 2189; baseline -0.009 -10"><span class='ocrx_word' id='word_1_178' title='bbox 404 2125 515 2179; x_wconf 85' lang='lat' dir='ltr'><strong>lcm</strong></span> <span class='ocrx_word' id='word_1_179' title='bbox 543 2117 709 2189; x_wconf 83' lang='lat' dir='ltr'><strong>legali</strong></span> <span class='ocrx_word' id='word_1_180' title='bbox 723 2117 1031 2173; x_wconf 87' lang='lat' dir='ltr'><strong>sacerdotio</strong></span> <span class='ocrx_word' id='word_1_181' title='bbox 1058 2116 1132 2171; x_wconf 89' lang='lat' dir='ltr'><strong>sit</strong></span> <span class='ocrx_word' id='word_1_182' title='bbox 1175 2116 1322 2171; x_wconf 88' lang='lat' dir='ltr'><strong>usui.</strong></span> <span class='ocrx_word' id='word_1_183' title='bbox 1360 2115 1445 2169; x_wconf 84' lang='lat' dir='ltr'><strong>An</strong></span> <span class='ocrx_word' id='word_1_184' title='bbox 1477 2122 1535 2168; x_wconf 90' lang='lat' dir='ltr'><strong>tu</strong></span> <span class='ocrx_word' id='word_1_185' title='bbox 1576 2115 1717 2185; x_wconf 89' lang='lat' dir='ltr'><strong>ipse,</strong></span> <span class='ocrx_word' id='word_1_186' title='bbox 1749 2111 1978 2177; x_wconf 87' lang='lat' dir='ltr'><strong>Palladi,</strong></span> 
     </span>
    </p>
   </div>
   <div class='ocr_carea' id='block_1_26' title="bbox 407 2203 1976 2281">
    <p class='ocr_par' dir='ltr' id='par_1_26' title="bbox 407 2203 1976 2281">
     <span class='ocr_line' id='line_1_26' title="bbox 407 2203 1976 2281; baseline -0.006 -16"><span class='ocrx_word' id='word_1_187' title='bbox 407 2210 503 2281; x_wconf 90' lang='lat' dir='ltr'><strong>qui</strong></span> <span class='ocrx_word' id='word_1_188' title='bbox 531 2209 587 2267; x_wconf 90' lang='lat' dir='ltr'><strong>in</strong></span> <span class='ocrx_word' id='word_1_189' title='bbox 610 2225 800 2268; x_wconf 87' lang='lat' dir='ltr'><strong>errore</strong></span> <span class='ocrx_word' id='word_1_190' title='bbox 822 2207 1035 2266; x_wconf 86' lang='lat' dir='ltr'><strong>seducti</strong></span> <span class='ocrx_word' id='word_1_191' title='bbox 1061 2213 1244 2272; x_wconf 85' lang='lat' dir='ltr'><strong>erant,</strong></span> <span class='ocrx_word' id='word_1_192' title='bbox 1275 2211 1333 2257; x_wconf 85' lang='lat' dir='ltr'><strong>et</strong></span> <span class='ocrx_word' id='word_1_193' title='bbox 1361 2204 1640 2260; x_wconf 83' lang='lat' dir='ltr'><strong>daemonia</strong></span> <span class='ocrx_word' id='word_1_194' title='bbox 1670 2203 1976 2267; x_wconf 90' lang='lat' dir='ltr'><strong>coluerant,</strong></span> 
     </span>
    </p>
   </div>
   <div class='ocr_carea' id='block_1_27' title="bbox 407 2299 1562 2366">
    <p class='ocr_par' dir='ltr' id='par_1_27' title="bbox 407 2299 1562 2366">
     <span class='ocr_line' id='line_1_27' title="bbox 407 2299 1562 2366; baseline -0.006 -7"><span class='ocrx_word' id='word_1_195' title='bbox 407 2321 505 2365; x_wconf 90' lang='lat' dir='ltr'><strong>eos</strong></span> <span class='ocrx_word' id='word_1_196' title='bbox 537 2320 648 2366; x_wconf 88' lang='lat' dir='ltr'><strong>non</strong></span> <span class='ocrx_word' id='word_1_197' title='bbox 677 2320 805 2364; x_wconf 84' lang='lat' dir='ltr'><strong>vasa</strong></span> <span class='ocrx_word' id='word_1_198' title='bbox 828 2303 996 2363; x_wconf 84' lang='lat' dir='ltr'><strong>fuisse</strong></span> <span class='ocrx_word' id='word_1_199' title='bbox 1026 2300 1297 2363; x_wconf 85' lang='lat' dir='ltr'><strong>diabolica</strong></span> <span class='ocrx_word' id='word_1_200' title='bbox 1333 2299 1562 2355; x_wconf 87' lang='lat' dir='ltr'><strong>censes?</strong></span> 
     </span>
    </p>
   </div>
   <div class='ocr_carea' id='block_1_28' title="bbox 464 2572 1434 2645">
    <p class='ocr_par' dir='ltr' id='par_1_28' title="bbox 464 2572 1434 2645">
     <span class='ocr_line' id='line_1_28' title="bbox 464 2572 1434 2645; baseline -0.006 -14"><span class='ocrx_word' id='word_1_201' title='bbox 464 2575 680 2631; x_wconf 76' lang='lat' dir='ltr'><strong>.PALL.</strong></span> <span class='ocrx_word' id='word_1_202' title='bbox 710 2576 823 2645; x_wconf 89' lang='lat' dir='ltr'><strong>Ego</strong></span> <span class='ocrx_word' id='word_1_203' title='bbox 845 2589 980 2630; x_wconf 83' lang='lat' dir='ltr'><strong>vero</strong></span> <span class='ocrx_word' id='word_1_204' title='bbox 1012 2574 1205 2644; x_wconf 89' lang='lat' dir='ltr'><strong>quidni</strong></span> <span class='ocrx_word' id='word_1_205' title='bbox 1230 2572 1434 2627; x_wconf 81' lang='lat' dir='ltr'><strong>fatear?</strong></span> 
     </span>
    </p>
   </div>
   <div class='ocr_carea' id='block_1_29' title="bbox 477 2659 1981 2737">
    <p class='ocr_par' dir='ltr' id='par_1_29' title="bbox 477 2659 1981 2737">
     <span class='ocr_line' id='line_1_29' title="bbox 477 2659 1981 2737; baseline -0.005 -16"><span class='ocrx_word' id='word_1_206' title='bbox 477 2667 636 2721; x_wconf 65' lang='grc' dir='ltr'><strong>ΟΥΕ.</strong></span> <span class='ocrx_word' id='word_1_207' title='bbox 682 2665 1081 2737; x_wconf 85' lang='lat' dir='ltr'><strong>Jejunaverunt</strong></span> <span class='ocrx_word' id='word_1_208' title='bbox 1108 2678 1279 2734; x_wconf 89' lang='lat' dir='ltr'><strong>porro</strong></span> <span class='ocrx_word' id='word_1_209' title='bbox 1310 2678 1391 2718; x_wconf 72' lang='lat' dir='ltr'><strong>em</strong></span> <span class='ocrx_word' id='word_1_210' title='bbox 1442 2661 1704 2717; x_wconf 89' lang='lat' dir='ltr'><strong>mulieres</strong></span> <span class='ocrx_word' id='word_1_211' title='bbox 1741 2660 1811 2715; x_wconf 90' lang='lat' dir='ltr'><strong>ad</strong></span> <span class='ocrx_word' id='word_1_212' title='bbox 1841 2659 1981 2716; x_wconf 88' lang='lat' dir='ltr'><strong>ostia</strong></span> 
     </span>
    </p>
   </div>
   <div class='ocr_carea' id='block_1_30' title="bbox 410 2753 1981 2826">
    <p class='ocr_par' dir='ltr' id='par_1_30' title="bbox 410 2753 1981 2826">
     <span class='ocr_line' id='line_1_30' title="bbox 410 2753 1981 2826; baseline -0.004 -13"><span class='ocrx_word' id='word_1_213' title='bbox 410 2758 583 2815; x_wconf 80' lang='lat' dir='ltr'><strong>sancti</strong></span> <span class='ocrx_word' id='word_1_214' title='bbox 612 2758 973 2822; x_wconf 85' lang='lat' dir='ltr'><strong>tabernaculi,</strong></span> <span class='ocrx_word' id='word_1_215' title='bbox 1010 2757 1174 2826; x_wconf 90' lang='lat' dir='ltr'><strong>idque</strong></span> <span class='ocrx_word' id='word_1_216' title='bbox 1196 2754 1519 2826; x_wconf 66' lang='lat' dir='ltr'><strong>praeclarum</strong></span> <span class='ocrx_word' id='word_1_217' title='bbox 1546 2761 1650 2818; x_wconf 89' lang='lat' dir='ltr'><strong>est,</strong></span> <span class='ocrx_word' id='word_1_218' title='bbox 1690 2768 1755 2808; x_wconf 88' lang='lat' dir='ltr'><strong>ac</strong></span> <span class='ocrx_word' id='word_1_219' title='bbox 1785 2753 1981 2813; x_wconf 84' lang='lat' dir='ltr'><strong>scitum</strong></span> 
     </span>
    </p>
   </div>
   <div class='ocr_carea' id='block_1_31' title="bbox 409 2844 1985 2919">
    <p class='ocr_par' dir='ltr' id='par_1_31' title="bbox 409 2844 1985 2919">
     <span class='ocr_line' id='line_1_31' title="bbox 409 2844 1985 2919; baseline -0.004 -13"><span class='ocrx_word' id='word_1_220' title='bbox 409 2850 661 2919; x_wconf 76' lang='lat' dir='ltr'><strong>aenigma,</strong></span> <span class='ocrx_word' id='word_1_221' title='bbox 688 2846 785 2918; x_wconf 89' lang='lat' dir='ltr'><strong>qui</strong></span> <span class='ocrx_word' id='word_1_222' title='bbox 816 2848 874 2903; x_wconf 90' lang='lat' dir='ltr'><strong>in</strong></span> <span class='ocrx_word' id='word_1_223' title='bbox 903 2845 1124 2903; x_wconf 86' lang='lat' dir='ltr'><strong>Christo</strong></span> <span class='ocrx_word' id='word_1_224' title='bbox 1153 2844 1440 2918; x_wconf 78' lang='lat' dir='ltr'><strong>iustiﬁcati</strong></span> <span class='ocrx_word' id='word_1_225' title='bbox 1463 2851 1614 2910; x_wconf 89' lang='lat' dir='ltr'><strong>sunt,</strong></span> <span class='ocrx_word' id='word_1_226' title='bbox 1639 2859 1736 2900; x_wconf 90' lang='lat' dir='ltr'><strong>eos</strong></span> <span class='ocrx_word' id='word_1_227' title='bbox 1758 2860 1869 2900; x_wconf 91' lang='lat' dir='ltr'><strong>non</strong></span> <span class='ocrx_word' id='word_1_228' title='bbox 1885 2860 1985 2915; x_wconf 91' lang='lat' dir='ltr'><strong>per</strong></span> 
     </span>
    </p>
   </div>
   <div class='ocr_carea' id='block_1_32' title="bbox 2071 560 3664 639">
    <p class='ocr_par' dir='ltr' id='par_1_32' title="bbox 2071 560 3664 639">
     <span class='ocr_line' id='line_1_32' title="bbox 2071 560 3664 639; baseline 0.004 -24"><span class='ocrx_word' id='word_1_229' title='bbox 2071 560 2179 615; x_wconf 90' lang='grc' dir='ltr'><strong>τῶν</strong></span> <span class='ocrx_word' id='word_1_230' title='bbox 2212 561 2269 628; x_wconf 84' lang='grc' dir='ltr'><strong>ὲξ</strong></span> <span class='ocrx_word' id='word_1_231' title='bbox 2316 562 2550 633; x_wconf 74' lang='grc' dir='ltr'>αἵματος</span> <span class='ocrx_word' id='word_1_232' title='bbox 2593 561 2829 635; x_wconf 84' lang='grc' dir='ltr'>Ἰσραὴλ,</span> <span class='ocrx_word' id='word_1_233' title='bbox 2864 562 3093 633; x_wconf 81' lang='grc' dir='ltr'>λείψανα</span> <span class='ocrx_word' id='word_1_234' title='bbox 3138 562 3239 632; x_wconf 88' lang='grc' dir='ltr'><strong>τῆς</strong></span> <span class='ocrx_word' id='word_1_235' title='bbox 3292 566 3351 618; x_wconf 80' lang='grc' dir='ltr'>ἐν</span> <span class='ocrx_word' id='word_1_236' title='bbox 3399 566 3664 639; x_wconf 78' lang='grc' dir='ltr'>Αἰγύπτῳ</span> 
     </span>
    </p>
   </div>
   <div class='ocr_carea' id='block_1_33' title="bbox 2072 652 3665 728">
    <p class='ocr_par' dir='ltr' id='par_1_33' title="bbox 2072 652 3665 728">
     <span class='ocr_line' id='line_1_33' title="bbox 2072 652 3665 728; baseline 0.005 -23"><span class='ocrx_word' id='word_1_237' title='bbox 2072 652 2330 724; x_wconf 80' lang='grc' dir='ltr'><strong>λατρείας</strong></span> <span class='ocrx_word' id='word_1_238' title='bbox 2374 656 2432 707; x_wconf 82' lang='grc' dir='ltr'><strong>ἐν</strong></span> <span class='ocrx_word' id='word_1_239' title='bbox 2474 653 2624 717; x_wconf 79' lang='grc' dir='ltr'><strong>ἰδίοις</strong></span> <span class='ocrx_word' id='word_1_240' title='bbox 2664 653 2915 708; x_wconf 87' lang='grc' dir='ltr'><strong>σκεύεσιν</strong></span> <span class='ocrx_word' id='word_1_241' title='bbox 2945 654 3252 726; x_wconf 83' lang='grc' dir='ltr'>εὑρηκότα,</span> <span class='ocrx_word' id='word_1_242' title='bbox 3286 655 3443 709; x_wconf 73' lang='grc' dir='ltr'>ταυτὶ</span> <span class='ocrx_word' id='word_1_243' title='bbox 3481 656 3546 728; x_wconf 85' lang='grc' dir='ltr'><strong>δὴ</strong></span> <span class='ocrx_word' id='word_1_244' title='bbox 3592 657 3665 717; x_wconf 77' lang='grc' dir='ltr'>τὰ</span> 
     </span>
    </p>
   </div>
   <div class='ocr_carea' id='block_1_34' title="bbox 2073 745 3665 818">
    <p class='ocr_par' dir='ltr' id='par_1_34' title="bbox 2073 745 3665 818">
     <span class='ocr_line' id='line_1_34' title="bbox 2073 745 3665 818; baseline 0.003 -19"><span class='ocrx_word' id='word_1_245' title='bbox 2073 746 2358 817; x_wconf 81' lang='grc' dir='ltr'>κάτοπτρα</span> <span class='ocrx_word' id='word_1_246' title='bbox 2385 745 2796 817; x_wconf 86' lang='grc' dir='ltr'>προσεκόμισαν</span> <span class='ocrx_word' id='word_1_247' title='bbox 2828 746 2909 809; x_wconf 88' lang='grc' dir='ltr'><strong>είς</strong></span> <span class='ocrx_word' id='word_1_248' title='bbox 2938 746 3348 818; x_wconf 82' lang='grc' dir='ltr'>καρποφορίαν,</span> <span class='ocrx_word' id='word_1_249' title='bbox 3385 748 3422 804; x_wconf 77' lang='grc' dir='ltr'>ἃ</span> <span class='ocrx_word' id='word_1_250' title='bbox 3454 751 3549 805; x_wconf 91' lang='lat' dir='ltr'><strong>ml.</strong></span> <span class='ocrx_word' id='word_1_251' title='bbox 3580 752 3665 815; x_wconf 86' lang='grc' dir='ltr'><strong>είς</strong></span> 
     </span>
    </p>
   </div>
   <div class='ocr_carea' id='block_1_35' title="bbox 2071 836 3753 912">
    <p class='ocr_par' dir='ltr' id='par_1_35' title="bbox 2071 836 3753 912">
     <span class='ocr_line' id='line_1_35' title="bbox 2071 836 3753 912; baseline -0.001 -22"><span class='ocrx_word' id='word_1_252' title='bbox 2071 836 2133 890; x_wconf 80' lang='grc' dir='ltr'><strong>τὸ</strong></span> <span class='ocrx_word' id='word_1_253' title='bbox 2153 836 2247 890; x_wconf 79' lang='grc' dir='ltr'>τοῦ</span> <span class='ocrx_word' id='word_1_254' title='bbox 2275 836 2536 909; x_wconf 90' lang='grc' dir='ltr'>λουτῆρος</span> <span class='ocrx_word' id='word_1_255' title='bbox 2561 836 2971 909; x_wconf 82' lang='grc' dir='ltr'>μετεσκευάσθη</span> <span class='ocrx_word' id='word_1_256' title='bbox 3004 838 3216 909; x_wconf 83' lang='grc' dir='ltr'>χρῆμα.</span> <span class='ocrx_word' id='word_1_257' title='bbox 3242 839 3455 911; x_wconf 87' lang='grc' dir='ltr'>Σκηνῆς</span> <span class='ocrx_word' id='word_1_258' title='bbox 3481 840 3537 895; x_wconf 80' lang='grc' dir='ltr'><strong>δὲ</strong></span> <span class='ocrx_word' id='word_1_259' title='bbox 3563 841 3663 912; x_wconf 86' lang='grc' dir='ltr'><strong>τῆς</strong></span> <span class='ocrx_word' id='word_1_260' title='bbox 3746 870 3753 879; x_wconf 53' lang='grc'><em>.</em></span> 
     </span>
    </p>
   </div>
   <div class='ocr_carea' id='block_1_36' title="bbox 2075 925 3661 999">
    <p class='ocr_par' dir='ltr' id='par_1_36' title="bbox 2075 925 3661 999">
     <span class='ocr_line' id='line_1_36' title="bbox 2075 925 3661 999; baseline 0.003 -18"><span class='ocrx_word' id='word_1_261' title='bbox 2075 928 2237 995; x_wconf 86' lang='grc' dir='ltr'>ἁγίας</span> <span class='ocrx_word' id='word_1_262' title='bbox 2266 928 2645 998; x_wconf 80' lang='grc' dir='ltr'>ὲγηγερμένης</span> <span class='ocrx_word' id='word_1_263' title='bbox 2682 925 3076 998; x_wconf 87' lang='grc' dir='ltr'>νενηστεύκασι</span> <span class='ocrx_word' id='word_1_264' title='bbox 3108 927 3519 999; x_wconf 61' lang='grc' dir='ltr'>πῳσιζὴσαντὰ</span> <span class='ocrx_word' id='word_1_265' title='bbox 3555 947 3661 987; x_wconf 78' lang='grc' dir='ltr'><strong>που</strong></span> 
     </span>
    </p>
   </div>
   <div class='ocr_carea' id='block_1_37' title="bbox 2072 1018 3662 1094">
    <p class='ocr_par' dir='ltr' id='par_1_37' title="bbox 2072 1018 3662 1094">
     <span class='ocr_line' id='line_1_37' title="bbox 2072 1018 3662 1094; baseline 0.002 -20"><span class='ocrx_word' id='word_1_266' title='bbox 2072 1022 2193 1083; x_wconf 84' lang='grc' dir='ltr'>ταῖς</span> <span class='ocrx_word' id='word_1_267' title='bbox 2231 1019 2445 1091; x_wconf 89' lang='grc' dir='ltr'>θύραις,</span> <span class='ocrx_word' id='word_1_268' title='bbox 2477 1020 2571 1074; x_wconf 67' lang='grc' dir='ltr'>καὶ</span> <span class='ocrx_word' id='word_1_269' title='bbox 2604 1020 2783 1077; x_wconf 83' lang='grc' dir='ltr'>πάντα</span> <span class='ocrx_word' id='word_1_270' title='bbox 2821 1018 3002 1089; x_wconf 85' lang='grc' dir='ltr'>ἁγνῶς</span> <span class='ocrx_word' id='word_1_271' title='bbox 3038 1018 3371 1091; x_wconf 85' lang='grc' dir='ltr'>διαιτώμενα</span> <span class='ocrx_word' id='word_1_272' title='bbox 3393 1062 3407 1087; x_wconf 88' lang='grc'><strong>,</strong></span> <span class='ocrx_word' id='word_1_273' title='bbox 3455 1022 3662 1094; x_wconf 83' lang='grc' dir='ltr'>ὑποδη-</span> 
     </span>
    </p>
   </div>
   <div class='ocr_carea' id='block_1_38' title="bbox 2075 1105 3663 1186">
    <p class='ocr_par' dir='ltr' id='par_1_38' title="bbox 2075 1105 3663 1186">
     <span class='ocr_line' id='line_1_38' title="bbox 2075 1105 3663 1186; baseline 0.002 -23"><span class='ocrx_word' id='word_1_274' title='bbox 2075 1109 2262 1186; x_wconf 71' lang='grc' dir='ltr'>λούντο</span> <span class='ocrx_word' id='word_1_275' title='bbox 2279 1128 2313 1173; x_wconf 89' lang='grc'>·,</span> <span class='ocrx_word' id='word_1_276' title='bbox 2339 1105 2517 1180; x_wconf 71' lang='grc' dir='ltr'>οἶμαι,</span> <span class='ocrx_word' id='word_1_277' title='bbox 2548 1108 2644 1163; x_wconf 80' lang='grc' dir='ltr'>τοῦ</span> <span class='ocrx_word' id='word_1_278' title='bbox 2677 1108 3025 1181; x_wconf 83' lang='grc' dir='ltr'>πράγματος,</span> <span class='ocrx_word' id='word_1_279' title='bbox 3053 1110 3135 1163; x_wconf 84' lang='grc' dir='ltr'>ὅτι</span> <span class='ocrx_word' id='word_1_280' title='bbox 3162 1109 3264 1181; x_wconf 85' lang='grc' dir='ltr'><strong>τῆς</strong></span> <span class='ocrx_word' id='word_1_281' title='bbox 3289 1110 3663 1184; x_wconf 77' lang='grc' dir='ltr'><strong>ἀληθεστέρας</strong></span> 
     </span>
    </p>
   </div>
   <div class='ocr_carea' id='block_1_39' title="bbox 2074 1201 3662 1276">
    <p class='ocr_par' dir='ltr' id='par_1_39' title="bbox 2074 1201 3662 1276">
     <span class='ocr_line' id='line_1_39' title="bbox 2074 1201 3662 1276; baseline 0.002 -21"><span class='ocrx_word' id='word_1_282' title='bbox 2074 1201 2536 1273; x_wconf 82' lang='grc' dir='ltr'>ἁναδεδειγμένης</span> <span class='ocrx_word' id='word_1_283' title='bbox 2570 1202 2806 1273; x_wconf 80' lang='grc' dir='ltr'><strong>σκηνῆς,</strong></span> <span class='ocrx_word' id='word_1_284' title='bbox 2838 1201 2984 1256; x_wconf 80' lang='grc' dir='ltr'>τοῦτ’</span> <span class='ocrx_word' id='word_1_285' title='bbox 3014 1202 3163 1269; x_wconf 75' lang='grc' dir='ltr'>ἐστι,</span> <span class='ocrx_word' id='word_1_286' title='bbox 3188 1204 3289 1273; x_wconf 82' lang='grc' dir='ltr'><strong>τῆς</strong></span> <span class='ocrx_word' id='word_1_287' title='bbox 3331 1202 3662 1276; x_wconf 85' lang='grc' dir='ltr'>Ἐκκλησίας</span> 
     </span>
    </p>
   </div>
   <div class='ocr_carea' id='block_1_40' title="bbox 2074 1292 3658 1367">
    <p class='ocr_par' dir='ltr' id='par_1_40' title="bbox 2074 1292 3658 1367">
     <span class='ocr_line' id='line_1_40' title="bbox 2074 1292 3658 1367; baseline 0.002 -21"><span class='ocrx_word' id='word_1_288' title='bbox 2074 1294 2141 1367; x_wconf 75' lang='grc' dir='ltr'>ἥν</span> <span class='ocrx_word' id='word_1_289' title='bbox 2169 1292 2368 1364; x_wconf 72' lang='grc' dir='ltr'>ἔπηξεν</span> <span class='ocrx_word' id='word_1_290' title='bbox 2394 1295 2422 1346; x_wconf 96' lang='lat'><strong>6</strong></span> <span class='ocrx_word' id='word_1_291' title='bbox 2451 1292 2675 1365; x_wconf 82' lang='grc' dir='ltr'>Κύριος,</span> <span class='ocrx_word' id='word_1_292' title='bbox 2711 1295 2807 1348; x_wconf 74' lang='grc' dir='ltr'>καὶ</span> <span class='ocrx_word' id='word_1_293' title='bbox 2826 1294 2926 1348; x_wconf 80' lang='grc' dir='ltr'>οὐκ</span> <span class='ocrx_word' id='word_1_294' title='bbox 2949 1293 3256 1365; x_wconf 81' lang='grc' dir='ltr'>ἄνθρωπος,</span> <span class='ocrx_word' id='word_1_295' title='bbox 3286 1294 3362 1358; x_wconf 85' lang='grc' dir='ltr'><strong>ὡς</strong></span> <span class='ocrx_word' id='word_1_296' title='bbox 3390 1295 3420 1347; x_wconf 93' lang='lat'><strong>6</strong></span> <span class='ocrx_word' id='word_1_297' title='bbox 3456 1294 3658 1349; x_wconf 84' lang='grc' dir='ltr'>θεσπέ-</span> 
     </span>
    </p>
   </div>
   <div class='ocr_carea' id='block_1_41' title="bbox 2078 1385 3659 1458">
    <p class='ocr_par' dir='ltr' id='par_1_41' title="bbox 2078 1385 3659 1458">
     <span class='ocr_line' id='line_1_41' title="bbox 2078 1385 3659 1458; baseline 0.002 -20"><span class='ocrx_word' id='word_1_298' title='bbox 2078 1403 2191 1449; x_wconf 85' lang='grc' dir='ltr'>σιος</span> <span class='ocrx_word' id='word_1_299' title='bbox 2219 1386 2421 1456; x_wconf 63' lang='grc' dir='ltr'>γράφει</span> <span class='ocrx_word' id='word_1_300' title='bbox 2453 1385 2687 1451; x_wconf 76' lang='grc' dir='ltr'>Παῦλος,</span> <span class='ocrx_word' id='word_1_301' title='bbox 2713 1386 2905 1455; x_wconf 81' lang='grc' dir='ltr'>καιρὸς</span> <span class='ocrx_word' id='word_1_302' title='bbox 2928 1386 3029 1458; x_wconf 78' lang='grc' dir='ltr'><strong>ἤδη</strong></span> <span class='ocrx_word' id='word_1_303' title='bbox 3062 1403 3178 1449; x_wconf 88' lang='grc' dir='ltr'><strong>πως</strong></span> <span class='ocrx_word' id='word_1_304' title='bbox 3205 1386 3331 1450; x_wconf 71' lang='grc' dir='ltr'>τοὺς</span> <span class='ocrx_word' id='word_1_305' title='bbox 3362 1387 3659 1458; x_wconf 80' lang='grc' dir='ltr'>ἀνακειμέ-</span> 
     </span>
    </p>
   </div>
   <div class='ocr_carea' id='block_1_42' title="bbox 2075 1477 3658 1551">
    <p class='ocr_par' dir='ltr' id='par_1_42' title="bbox 2075 1477 3658 1551">
     <span class='ocr_line' id='line_1_42' title="bbox 2075 1477 3658 1551; baseline 0 -18"><span class='ocrx_word' id='word_1_306' title='bbox 2075 1496 2199 1544; x_wconf 88' lang='grc' dir='ltr'>νους</span> <span class='ocrx_word' id='word_1_307' title='bbox 2233 1480 2314 1542; x_wconf 82' lang='grc' dir='ltr'><strong>είς</strong></span> <span class='ocrx_word' id='word_1_308' title='bbox 2342 1477 2497 1546; x_wconf 79' lang='grc' dir='ltr'>δόξαν</span> <span class='ocrx_word' id='word_1_309' title='bbox 2535 1479 2666 1532; x_wconf 80' lang='grc' dir='ltr'>ποτὲ</span> <span class='ocrx_word' id='word_1_310' title='bbox 2702 1478 2801 1551; x_wconf 87' lang='grc' dir='ltr'><strong>τῆς</strong></span> <span class='ocrx_word' id='word_1_311' title='bbox 2839 1478 2949 1531; x_wconf 84' lang='grc' dir='ltr'><strong>τῶν</strong></span> <span class='ocrx_word' id='word_1_312' title='bbox 2990 1477 3282 1551; x_wconf 78' lang='grc' dir='ltr'><strong>δαιμονίων</strong></span> <span class='ocrx_word' id='word_1_313' title='bbox 3311 1478 3542 1549; x_wconf 80' lang='grc' dir='ltr'><strong>ἀγέλης,</strong></span> <span class='ocrx_word' id='word_1_314' title='bbox 3575 1481 3658 1545; x_wconf 85' lang='grc' dir='ltr'><strong>είς</strong></span> 
     </span>
    </p>
   </div>
   <div class='ocr_carea' id='block_1_43' title="bbox 2080 1568 3662 1644">
    <p class='ocr_par' dir='ltr' id='par_1_43' title="bbox 2080 1568 3662 1644">
     <span class='ocr_line' id='line_1_43' title="bbox 2080 1568 3662 1644; baseline -0.001 -20"><span class='ocrx_word' id='word_1_315' title='bbox 2080 1570 2202 1644; x_wconf 85' lang='grc' dir='ltr'>ἱερὰ</span> <span class='ocrx_word' id='word_1_316' title='bbox 2236 1568 2713 1641; x_wconf 83' lang='grc' dir='ltr'>μεταπλὰττεσθαι</span> <span class='ocrx_word' id='word_1_317' title='bbox 2761 1569 2928 1641; x_wconf 79' lang='grc' dir='ltr'>σκεύη</span> <span class='ocrx_word' id='word_1_318' title='bbox 2951 1610 2965 1634; x_wconf 87' lang='grc'><strong>,</strong></span> <span class='ocrx_word' id='word_1_319' title='bbox 2996 1570 3092 1624; x_wconf 71' lang='grc' dir='ltr'><strong>καὶ</strong></span> <span class='ocrx_word' id='word_1_320' title='bbox 3117 1569 3438 1641; x_wconf 80' lang='grc' dir='ltr'><strong>ἐπιτηδείως</strong></span> <span class='ocrx_word' id='word_1_321' title='bbox 3469 1570 3662 1642; x_wconf 75' lang='grc' dir='ltr'>ἔχοντα</span> 
     </span>
    </p>
   </div>
   <div class='ocr_carea' id='block_1_44' title="bbox 2082 1655 3664 1734">
    <p class='ocr_par' dir='ltr' id='par_1_44' title="bbox 2082 1655 3664 1734">
     <span class='ocr_line' id='line_1_44' title="bbox 2082 1655 3664 1734; baseline 0.001 -19"><span class='ocrx_word' id='word_1_322' title='bbox 2082 1662 2217 1734; x_wconf 80' lang='grc' dir='ltr'>πρὸς</span> <span class='ocrx_word' id='word_1_323' title='bbox 2248 1661 2556 1733; x_wconf 80' lang='grc' dir='ltr'>παραδοχὴν</span> <span class='ocrx_word' id='word_1_324' title='bbox 2577 1660 2672 1715; x_wconf 80' lang='grc' dir='ltr'>τοῦ</span> <span class='ocrx_word' id='word_1_325' title='bbox 2704 1661 2859 1729; x_wconf 83' lang='grc' dir='ltr'>ἁγίου</span> <span class='ocrx_word' id='word_1_326' title='bbox 2894 1660 3294 1732; x_wconf 80' lang='grc' dir='ltr'><strong>βαπτίσματος,</strong></span> <span class='ocrx_word' id='word_1_327' title='bbox 3319 1660 3396 1725; x_wconf 84' lang='grc' dir='ltr'>ὡς</span> <span class='ocrx_word' id='word_1_328' title='bbox 3422 1655 3517 1715; x_wconf 76' lang='grc' dir='ltr'>καὶ</span> <span class='ocrx_word' id='word_1_329' title='bbox 3545 1661 3664 1717; x_wconf 78' lang='lat' dir='ltr'><strong>6w.-</strong></span> 
     </span>
    </p>
   </div>
   <div class='ocr_carea' id='block_1_45' title="bbox 2082 1751 3663 1827">
    <p class='ocr_par' dir='ltr' id='par_1_45' title="bbox 2082 1751 3663 1827">
     <span class='ocr_line' id='line_1_45' title="bbox 2082 1751 3663 1827; baseline -0.003 -19"><span class='ocrx_word' id='word_1_330' title='bbox 2082 1755 2315 1827; x_wconf 80' lang='grc' dir='ltr'>πρέπειν</span> <span class='ocrx_word' id='word_1_331' title='bbox 2360 1752 2622 1809; x_wconf 88' lang='grc' dir='ltr'>δύνασθαι</span> <span class='ocrx_word' id='word_1_332' title='bbox 2648 1754 2762 1817; x_wconf 86' lang='grc' dir='ltr'>τοῖς</span> <span class='ocrx_word' id='word_1_333' title='bbox 2789 1751 2928 1825; x_wconf 82' lang='grc' dir='ltr'>ὑπὲρ</span> <span class='ocrx_word' id='word_1_334' title='bbox 2953 1753 3116 1823; x_wconf 80' lang='grc' dir='ltr'>νόμον</span> <span class='ocrx_word' id='word_1_335' title='bbox 3138 1752 3471 1825; x_wconf 79' lang='grc' dir='ltr'>αὐχήμασιν.</span> <span class='ocrx_word' id='word_1_336' title='bbox 3498 1752 3663 1806; x_wconf 80' lang='grc' dir='ltr'><strong>Τουτὶ</strong></span> 
     </span>
    </p>
   </div>
   <div class='ocr_carea' id='block_1_46' title="bbox 2080 1841 3663 1919">
    <p class='ocr_par' dir='ltr' id='par_1_46' title="bbox 2080 1841 3663 1919">
     <span class='ocr_line' id='line_1_46' title="bbox 2080 1841 3663 1919; baseline -0.003 -19"><span class='ocrx_word' id='word_1_337' title='bbox 2080 1846 2210 1919; x_wconf 83' lang='grc' dir='ltr'>γὰρ,</span> <span class='ocrx_word' id='word_1_338' title='bbox 2240 1841 2417 1916; x_wconf 75' lang='grc' dir='ltr'>οἶμαι,</span> <span class='ocrx_word' id='word_1_339' title='bbox 2471 1844 2586 1898; x_wconf 80' lang='grc' dir='ltr'>ἐστι</span> <span class='ocrx_word' id='word_1_340' title='bbox 2617 1844 2677 1899; x_wconf 82' lang='grc' dir='ltr'><strong>τὸ</strong></span> <span class='ocrx_word' id='word_1_341' title='bbox 2711 1845 2775 1897; x_wconf 81' lang='grc' dir='ltr'>ὲκ</span> <span class='ocrx_word' id='word_1_342' title='bbox 2798 1844 3118 1917; x_wconf 83' lang='grc' dir='ltr'>κατόπτρων</span> <span class='ocrx_word' id='word_1_343' title='bbox 3156 1843 3511 1916; x_wconf 83' lang='grc' dir='ltr'>Ἑλληνικῶν,</span> <span class='ocrx_word' id='word_1_344' title='bbox 3541 1846 3663 1917; x_wconf 72' lang='grc' dir='ltr'>ἤτοι</span> 
     </span>
    </p>
   </div>
   <div class='ocr_carea' id='block_1_47' title="bbox 2082 1935 3664 2010">
    <p class='ocr_par' dir='ltr' id='par_1_47' title="bbox 2082 1935 3664 2010">
     <span class='ocr_line' id='line_1_47' title="bbox 2082 1935 3664 2010; baseline -0.003 -18"><span class='ocrx_word' id='word_1_345' title='bbox 2082 1937 2384 2010; x_wconf 83' lang='grc' dir='ltr'>κειμηλίων</span> <span class='ocrx_word' id='word_1_346' title='bbox 2422 1936 2779 2002; x_wconf 81' lang='grc' dir='ltr'>διαϐολικῶν,</span> <span class='ocrx_word' id='word_1_347' title='bbox 2806 1935 2897 1990; x_wconf 83' lang='grc' dir='ltr'><strong>τὸν</strong></span> <span class='ocrx_word' id='word_1_348' title='bbox 2936 1936 3172 2006; x_wconf 82' lang='grc' dir='ltr'>λουτῆρα</span> <span class='ocrx_word' id='word_1_349' title='bbox 3207 1935 3539 1990; x_wconf 80' lang='grc' dir='ltr'>πλάττεσθαι</span> <span class='ocrx_word' id='word_1_350' title='bbox 3570 1935 3664 1988; x_wconf 83' lang='grc' dir='ltr'><strong>τὸν</strong></span> 
     </span>
    </p>
   </div>
   <div class='ocr_carea' id='block_1_48' title="bbox 2083 2019 3666 2100">
    <p class='ocr_par' dir='ltr' id='par_1_48' title="bbox 2083 2019 3666 2100">
     <span class='ocr_line' id='line_1_48' title="bbox 2083 2019 3666 2100; baseline -0.003 -18"><span class='ocrx_word' id='word_1_351' title='bbox 2083 2027 2318 2100; x_wconf 82' lang='grc' dir='ltr'>χαλκοῦν</span> <span class='ocrx_word' id='word_1_352' title='bbox 2341 2067 2356 2094; x_wconf 88' lang='grc'><strong>,</strong></span> <span class='ocrx_word' id='word_1_353' title='bbox 2384 2029 2443 2080; x_wconf 83' lang='grc' dir='ltr'>ὲν</span> <span class='ocrx_word' id='word_1_354' title='bbox 2474 2019 2519 2095; x_wconf 83' lang='grc' dir='ltr'>ᾧ</span> <span class='ocrx_word' id='word_1_355' title='bbox 2560 2026 2626 2097; x_wconf 77' lang='grc' dir='ltr'><strong>δὴ</strong></span> <span class='ocrx_word' id='word_1_356' title='bbox 2659 2026 2755 2081; x_wconf 74' lang='grc' dir='ltr'>καὶ</span> <span class='ocrx_word' id='word_1_357' title='bbox 2784 2024 2847 2079; x_wconf 78' lang='grc' dir='ltr'>τὸ</span> <span class='ocrx_word' id='word_1_358' title='bbox 2879 2024 3057 2097; x_wconf 78' lang='grc' dir='ltr'>ὕδωρ,</span> <span class='ocrx_word' id='word_1_359' title='bbox 3100 2024 3161 2079; x_wconf 85' lang='grc' dir='ltr'><strong>τὸ</strong></span> <span class='ocrx_word' id='word_1_360' title='bbox 3190 2026 3285 2078; x_wconf 80' lang='grc' dir='ltr'>καὶ</span> <span class='ocrx_word' id='word_1_361' title='bbox 3321 2024 3480 2078; x_wconf 82' lang='grc' dir='ltr'>αὑτὸν</span> <span class='ocrx_word' id='word_1_362' title='bbox 3525 2024 3666 2078; x_wconf 68' lang='grc' dir='ltr'>ἀπο-ν</span> 
     </span>
    </p>
   </div>
   <div class='ocr_carea' id='block_1_49' title="bbox 2083 2116 3667 2193">
    <p class='ocr_par' dir='ltr' id='par_1_49' title="bbox 2083 2116 3667 2193">
     <span class='ocr_line' id='line_1_49' title="bbox 2083 2116 3667 2193; baseline -0.004 -17"><span class='ocrx_word' id='word_1_363' title='bbox 2083 2122 2341 2193; x_wconf 87' lang='grc' dir='ltr'>καθαῖρον</span> <span class='ocrx_word' id='word_1_364' title='bbox 2361 2120 2587 2186; x_wconf 82' lang='grc' dir='ltr'>Μωσέα,</span> <span class='ocrx_word' id='word_1_365' title='bbox 2612 2118 2708 2173; x_wconf 71' lang='grc' dir='ltr'><strong>καὶ</strong></span> <span class='ocrx_word' id='word_1_366' title='bbox 2729 2120 2794 2191; x_wconf 80' lang='grc' dir='ltr'>τῇ</span> <span class='ocrx_word' id='word_1_367' title='bbox 2822 2118 2963 2173; x_wconf 89' lang='grc' dir='ltr'><strong>κατὰ</strong></span> <span class='ocrx_word' id='word_1_368' title='bbox 2988 2118 3150 2190; x_wconf 91' lang='grc' dir='ltr'>νόμον</span> <span class='ocrx_word' id='word_1_369' title='bbox 3177 2116 3444 2189; x_wconf 80' lang='grc' dir='ltr'>ἱερωσύνῃ</span> <span class='ocrx_word' id='word_1_370' title='bbox 3473 2117 3667 2188; x_wconf 55' lang='grc' dir='ltr'>χρήσιψ</span> 
     </span>
    </p>
   </div>
   <div class='ocr_carea' id='block_1_50' title="bbox 2086 2207 3666 2289">
    <p class='ocr_par' dir='ltr' id='par_1_50' title="bbox 2086 2207 3666 2289">
     <span class='ocr_line' id='line_1_50' title="bbox 2086 2207 3666 2289; baseline -0.006 -19"><span class='ocrx_word' id='word_1_371' title='bbox 2086 2231 2185 2289; x_wconf 88' lang='grc' dir='ltr'><strong>μον</strong></span> <span class='ocrx_word' id='word_1_372' title='bbox 2212 2215 2292 2277; x_wconf 87' lang='grc' dir='ltr'><strong>είς</strong></span> <span class='ocrx_word' id='word_1_373' title='bbox 2320 2211 2575 2283; x_wconf 74' lang='grc' dir='ltr'>ἀπόνιψιν</span> <span class='ocrx_word' id='word_1_374' title='bbox 2594 2253 2608 2275; x_wconf 92' lang='grc'><strong>,</strong></span> <span class='ocrx_word' id='word_1_375' title='bbox 2641 2211 2798 2283; x_wconf 84' lang='grc' dir='ltr'>δῆλον</span> <span class='ocrx_word' id='word_1_376' title='bbox 2818 2211 2896 2267; x_wconf 62' lang='grc' dir='ltr'><strong>ιδὲ</strong></span> <span class='ocrx_word' id='word_1_377' title='bbox 2925 2212 3007 2264; x_wconf 81' lang='grc' dir='ltr'>ὅτι</span> <span class='ocrx_word' id='word_1_378' title='bbox 3039 2210 3137 2278; x_wconf 82' lang='grc' dir='ltr'>τὴν</span> <span class='ocrx_word' id='word_1_379' title='bbox 3167 2211 3382 2282; x_wconf 83' lang='grc' dir='ltr'>νοητήν.</span> <span class='ocrx_word' id='word_1_380' title='bbox 3425 2208 3496 2261; x_wconf 88' lang='grc' dir='ltr'><em>Ἢ</em></span> <span class='ocrx_word' id='word_1_381' title='bbox 3530 2207 3666 2278; x_wconf 82' lang='grc' dir='ltr'>γὰρ,</span> 
     </span>
    </p>
   </div>
   <div class='ocr_carea' id='block_1_51' title="bbox 2081 2299 3671 2385">
    <p class='ocr_par' dir='ltr' id='par_1_51' title="bbox 2081 2299 3671 2385">
     <span class='ocr_line' id='line_1_51' title="bbox 2081 2299 3671 2385; baseline -0.008 -23"><span class='ocrx_word' id='word_1_382' title='bbox 2081 2309 2203 2385; x_wconf 72' lang='grc' dir='ltr'>οὐχὶ</span> <span class='ocrx_word' id='word_1_383' title='bbox 2245 2306 2412 2379; x_wconf 87' lang='grc' dir='ltr'>σκεύη</span> <span class='ocrx_word' id='word_1_384' title='bbox 2457 2304 2758 2369; x_wconf 77' lang='grc' dir='ltr'>διαδολικὰ,</span> <span class='ocrx_word' id='word_1_385' title='bbox 2792 2304 2919 2368; x_wconf 79' lang='grc' dir='ltr'>τοὺς</span> <span class='ocrx_word' id='word_1_386' title='bbox 2951 2301 3398 2373; x_wconf 83' lang='grc' dir='ltr'>πεπλανημένους</span> <span class='ocrx_word' id='word_1_387' title='bbox 3431 2299 3525 2353; x_wconf 72' lang='grc' dir='ltr'>καὶ</span> <span class='ocrx_word' id='word_1_388' title='bbox 3549 2300 3671 2360; x_wconf 79' lang='grc' dir='ltr'>τοῖς</span> 
     </span>
    </p>
   </div>
   <div class='ocr_carea' id='block_1_52' title="bbox 2082 2391 3672 2476">
    <p class='ocr_par' dir='ltr' id='par_1_52' title="bbox 2082 2391 3672 2476">
     <span class='ocr_line' id='line_1_52' title="bbox 2082 2391 3672 2476; baseline -0.006 -22"><span class='ocrx_word' id='word_1_389' title='bbox 2082 2400 2378 2472; x_wconf 82' lang='grc' dir='ltr'>δαιμονίοις</span> <span class='ocrx_word' id='word_1_390' title='bbox 2411 2398 2838 2476; x_wconf 83' lang='grc' dir='ltr'>λελατρευκότας</span> <span class='ocrx_word' id='word_1_391' title='bbox 2866 2396 3032 2473; x_wconf 81' lang='grc' dir='ltr'>φαίης</span> <span class='ocrx_word' id='word_1_392' title='bbox 3071 2396 3138 2449; x_wconf 82' lang='grc' dir='ltr'><strong>ἂν</strong></span> <span class='ocrx_word' id='word_1_393' title='bbox 3168 2391 3306 2453; x_wconf 79' lang='grc' dir='ltr'>εἶναι</span> <span class='ocrx_word' id='word_1_394' title='bbox 3340 2396 3434 2447; x_wconf 76' lang='grc' dir='ltr'>καὶ</span> <span class='ocrx_word' id='word_1_395' title='bbox 3465 2392 3629 2455; x_wconf 80' lang='grc' dir='ltr'>αὐτὸς</span> <span class='ocrx_word' id='word_1_396' title='bbox 3649 2429 3672 2455; x_wconf 80' lang='grc'><strong>,</strong></span> 
     </span>
    </p>
   </div>
   <div class='ocr_carea' id='block_1_53' title="bbox 2084 2483 2461 2553">
    <p class='ocr_par' dir='ltr' id='par_1_53' title="bbox 2084 2483 2461 2553">
     <span class='ocr_line' id='line_1_53' title="bbox 2084 2483 2461 2553; baseline -0.008 -11"><span class='ocrx_word' id='word_1_397' title='bbox 2084 2483 2128 2542; x_wconf 82' lang='grc' dir='ltr'>ὦ</span> <span class='ocrx_word' id='word_1_398' title='bbox 2161 2487 2424 2542; x_wconf 82' lang='grc' dir='ltr'>Παλλάδιε</span> <span class='ocrx_word' id='word_1_399' title='bbox 2446 2504 2461 2553; x_wconf 90' lang='grc'><strong>;</strong></span> 
     </span>
    </p>
   </div>
   <div class='ocr_carea' id='block_1_54' title="bbox 2155 2577 2785 2650">
    <p class='ocr_par' dir='ltr' id='par_1_54' title="bbox 2155 2577 2785 2650">
     <span class='ocr_line' id='line_1_54' title="bbox 2155 2577 2785 2650; baseline -0.003 -17"><span class='ocrx_word' id='word_1_400' title='bbox 2155 2581 2364 2633; x_wconf 78' lang='grc' dir='ltr'><strong>ΠΔΛΛ.</strong></span> <span class='ocrx_word' id='word_1_401' title='bbox 2402 2580 2527 2643; x_wconf 85' lang='grc' dir='ltr'><strong>Πῶς</strong></span> <span class='ocrx_word' id='word_1_402' title='bbox 2556 2578 2664 2650; x_wconf 81' lang='grc' dir='ltr'>γὰρ</span> <span class='ocrx_word' id='word_1_403' title='bbox 2693 2577 2785 2643; x_wconf 73' lang='grc' dir='ltr'><strong>οὖς</strong></span> 
     </span>
    </p>
   </div>
   <div class='ocr_carea' id='block_1_55' title="bbox 2155 2668 3676 2742">
    <p class='ocr_par' dir='ltr' id='par_1_55' title="bbox 2155 2668 3676 2742">
     <span class='ocr_line' id='line_1_55' title="bbox 2155 2668 3676 2742; baseline -0.001 -17"><span class='ocrx_word' id='word_1_404' title='bbox 2155 2670 2318 2733; x_wconf 74' lang='grc' dir='ltr'><strong>ΚΥΡ.</strong></span> <span class='ocrx_word' id='word_1_405' title='bbox 2349 2670 2757 2742; x_wconf 82' lang='grc' dir='ltr'>Νενηστεύκασι</span> <span class='ocrx_word' id='word_1_406' title='bbox 2788 2669 2844 2723; x_wconf 86' lang='grc' dir='ltr'>δε</span> <span class='ocrx_word' id='word_1_407' title='bbox 2873 2669 2942 2723; x_wconf 76' lang='grc' dir='ltr'>τὰ</span> <span class='ocrx_word' id='word_1_408' title='bbox 2964 2668 3159 2739; x_wconf 83' lang='grc' dir='ltr'>γύναια</span> <span class='ocrx_word' id='word_1_409' title='bbox 3189 2669 3338 2742; x_wconf 87' lang='grc' dir='ltr'><strong>παρὰ</strong></span> <span class='ocrx_word' id='word_1_410' title='bbox 3363 2669 3464 2733; x_wconf 76' lang='grc' dir='ltr'>τὰς</span> <span class='ocrx_word' id='word_1_411' title='bbox 3488 2668 3676 2741; x_wconf 87' lang='grc' dir='ltr'>θύρας</span> 
     </span>
    </p>
   </div>
   <div class='ocr_carea' id='block_1_56' title="bbox 2085 2757 3675 2833">
    <p class='ocr_par' dir='ltr' id='par_1_56' title="bbox 2085 2757 3675 2833">
     <span class='ocr_line' id='line_1_56' title="bbox 2085 2757 3675 2833; baseline -0.001 -19"><span class='ocrx_word' id='word_1_412' title='bbox 2085 2763 2186 2833; x_wconf 83' lang='grc' dir='ltr'><strong>τῆς</strong></span> <span class='ocrx_word' id='word_1_413' title='bbox 2242 2760 2447 2831; x_wconf 82' lang='grc' dir='ltr'>σκηνῆς</span> <span class='ocrx_word' id='word_1_414' title='bbox 2493 2759 2595 2830; x_wconf 88' lang='grc' dir='ltr'><strong>τῆς</strong></span> <span class='ocrx_word' id='word_1_415' title='bbox 2642 2759 2822 2827; x_wconf 87' lang='grc' dir='ltr'>ἁγίας.</span> <span class='ocrx_word' id='word_1_416' title='bbox 2858 2758 2957 2830; x_wconf 86' lang='grc' dir='ltr'>Είη</span> <span class='ocrx_word' id='word_1_417' title='bbox 3000 2758 3045 2812; x_wconf 88' lang='grc' dir='ltr'><strong>δ’</strong></span> <span class='ocrx_word' id='word_1_418' title='bbox 3088 2757 3154 2811; x_wconf 83' lang='grc' dir='ltr'>ἂν</span> <span class='ocrx_word' id='word_1_419' title='bbox 3196 2759 3291 2811; x_wconf 88' lang='lat' dir='ltr'><strong>ml.</strong></span> <span class='ocrx_word' id='word_1_420' title='bbox 3335 2757 3462 2812; x_wconf 84' lang='grc' dir='ltr'>τάδε</span> <span class='ocrx_word' id='word_1_421' title='bbox 3498 2757 3675 2815; x_wconf 76' lang='grc' dir='ltr'>καλὸν</span> 
     </span>
    </p>
   </div>
   <div class='ocr_carea' id='block_1_57' title="bbox 2088 2848 3676 2921">
    <p class='ocr_par' dir='ltr' id='par_1_57' title="bbox 2088 2848 3676 2921">
     <span class='ocr_line' id='line_1_57' title="bbox 2088 2848 3676 2921; baseline -0.003 -15"><span class='ocrx_word' id='word_1_422' title='bbox 2088 2854 2318 2921; x_wconf 86' lang='grc' dir='ltr'>αῖνιγμα</span> <span class='ocrx_word' id='word_1_423' title='bbox 2343 2850 2437 2904; x_wconf 70' lang='grc' dir='ltr'><strong>καὶ</strong></span> <span class='ocrx_word' id='word_1_424' title='bbox 2468 2848 2654 2919; x_wconf 78' lang='grc' dir='ltr'>σοφὸν,</span> <span class='ocrx_word' id='word_1_425' title='bbox 2682 2849 2777 2903; x_wconf 79' lang='grc' dir='ltr'><strong>τοῦ</strong></span> <span class='ocrx_word' id='word_1_426' title='bbox 2812 2850 2887 2921; x_wconf 84' lang='grc' dir='ltr'>μὴ</span> <span class='ocrx_word' id='word_1_427' title='bbox 2911 2849 2978 2903; x_wconf 85' lang='grc' dir='ltr'><strong>δι’</strong></span> <span class='ocrx_word' id='word_1_428' title='bbox 3005 2849 3249 2920; x_wconf 81' lang='grc' dir='ltr'>αἱμάτων</span> <span class='ocrx_word' id='word_1_429' title='bbox 3280 2849 3577 2921; x_wconf 86' lang='grc' dir='ltr'>εἱστρέχειν</span> <span class='ocrx_word' id='word_1_430' title='bbox 3604 2850 3676 2908; x_wconf 80' lang='grc' dir='ltr'>ἐν</span> 
     </span>
    </p>
   </div>
   <div class='ocr_carea' id='block_1_58' title="bbox 412 2936 1982 3020">
    <p class='ocr_par' dir='ltr' id='par_1_58' title="bbox 412 2936 1974 3012">
     <span class='ocr_line' id='line_1_58' title="bbox 412 2936 1974 3012; baseline -0.003 -16"><span class='ocrx_word' id='word_1_431' title='bbox 412 2940 733 3011; x_wconf 88' lang='lat' dir='ltr'><strong>sanguinem</strong></span> <span class='ocrx_word' id='word_1_432' title='bbox 768 2938 979 3012; x_wconf 84' lang='lat' dir='ltr'><strong>ingredi</strong></span> <span class='ocrx_word' id='word_1_433' title='bbox 1029 2940 1086 2993; x_wconf 90' lang='lat' dir='ltr'><strong>in</strong></span> <span class='ocrx_word' id='word_1_434' title='bbox 1129 2938 1415 3004; x_wconf 88' lang='lat' dir='ltr'><strong>ecclesias,</strong></span> <span class='ocrx_word' id='word_1_435' title='bbox 1456 2937 1554 2994; x_wconf 86' lang='lat' dir='ltr'><strong>sed</strong></span> <span class='ocrx_word' id='word_1_436' title='bbox 1585 2937 1770 3007; x_wconf 88' lang='lat' dir='ltr'><strong>potius</strong></span> <span class='ocrx_word' id='word_1_437' title='bbox 1808 2936 1974 3010; x_wconf 90' lang='lat' dir='ltr'><strong>spiri-</strong></span> 
     </span>
    </p>
   </div>
   <div class='ocr_carea' id='block_1_59' title="bbox 2087 2936 3673 3020">
    <p class='ocr_par' dir='ltr' id='par_1_59' title="bbox 2087 2940 3673 3015">
     <span class='ocr_line' id='line_1_59' title="bbox 2087 2940 3673 3015; baseline -0.004 -15"><span class='ocrx_word' id='word_1_438' title='bbox 2087 2942 2406 3015; x_wconf 79' lang='grc' dir='ltr'>ὲκκλησίαις</span> <span class='ocrx_word' id='word_1_439' title='bbox 2443 2944 2571 3006; x_wconf 80' lang='grc' dir='ltr'>τοὺς</span> <span class='ocrx_word' id='word_1_440' title='bbox 2593 2943 2652 2995; x_wconf 81' lang='grc' dir='ltr'>ὲν</span> <span class='ocrx_word' id='word_1_441' title='bbox 2679 2940 2899 3014; x_wconf 81' lang='grc' dir='ltr'>Χριστῷ</span> <span class='ocrx_word' id='word_1_442' title='bbox 2921 2941 3393 3013; x_wconf 82' lang='grc' dir='ltr'>δεδικαιωμένους,</span> <span class='ocrx_word' id='word_1_443' title='bbox 3450 2941 3673 3008; x_wconf 85' lang='grc' dir='ltr'>θυσίαις</span> 
     </span>
    </p>
   </div>
   <div class='ocr_carea' id='block_1_60' title="bbox 414 3029 1983 3102">
    <p class='ocr_par' dir='ltr' id='par_1_60' title="bbox 414 3029 1983 3102">
     <span class='ocr_line' id='line_1_60' title="bbox 414 3029 1983 3102; baseline 0 -17"><span class='ocrx_word' id='word_1_444' title='bbox 414 3030 658 3087; x_wconf 83' lang='lat' dir='ltr'><strong>tualibus</strong></span> <span class='ocrx_word' id='word_1_445' title='bbox 691 3029 888 3090; x_wconf 82' lang='lat' dir='ltr'><strong>hostiis</strong></span> <span class='ocrx_word' id='word_1_446' title='bbox 917 3030 1228 3102; x_wconf 85' lang='lat' dir='ltr'><strong>insignitos,</strong></span> <span class='ocrx_word' id='word_1_447' title='bbox 1259 3037 1317 3084; x_wconf 88' lang='lat' dir='ltr'><strong>et</strong></span> <span class='ocrx_word' id='word_1_448' title='bbox 1356 3029 1776 3099; x_wconf 84' lang='lat' dir='ltr'><strong>temperantiam</strong></span> <span class='ocrx_word' id='word_1_449' title='bbox 1817 3035 1983 3098; x_wconf 89' lang='lat' dir='ltr'><strong>atque</strong></span> 
     </span>
    </p>
   </div>
   <div class='ocr_carea' id='block_1_61' title="bbox 413 3118 1982 3192">
    <p class='ocr_par' dir='ltr' id='par_1_61' title="bbox 413 3118 1982 3192">
     <span class='ocr_line' id='line_1_61' title="bbox 413 3118 1982 3192; baseline -0.003 -14"><span class='ocrx_word' id='word_1_450' title='bbox 413 3121 811 3178; x_wconf 78' lang='lat' dir='ltr'><strong>continentiam</strong></span> <span class='ocrx_word' id='word_1_451' title='bbox 833 3129 891 3178; x_wconf 89' lang='lat' dir='ltr'><strong>et</strong></span> <span class='ocrx_word' id='word_1_452' title='bbox 924 3120 1405 3177; x_wconf 78' lang='lat' dir='ltr'><strong>mortificationem</strong></span> <span class='ocrx_word' id='word_1_453' title='bbox 1444 3118 1738 3192; x_wconf 88' lang='lat' dir='ltr'><strong>quamdam</strong></span> <span class='ocrx_word' id='word_1_454' title='bbox 1778 3119 1982 3186; x_wconf 88' lang='lat' dir='ltr'><strong>carnis,</strong></span> 
     </span>
    </p>
   </div>
   <div class='ocr_carea' id='block_1_62' title="bbox 414 3203 1978 3288">
    <p class='ocr_par' dir='ltr' id='par_1_62' title="bbox 414 3203 1978 3288">
     <span class='ocr_line' id='line_1_62' title="bbox 414 3203 1978 3288; baseline -0.003 -17"><span class='ocrx_word' id='word_1_455' title='bbox 414 3217 569 3288; x_wconf 87' lang='lat' dir='ltr'><strong>quasi</strong></span> <span class='ocrx_word' id='word_1_456' title='bbox 583 3203 1079 3287; x_wconf 56' lang='lat' dir='ltr'><strong>dmuquuoddam</strong></span> <span class='ocrx_word' id='word_1_457' title='bbox 1098 3213 1414 3270; x_wconf 81' lang='lat' dir='ltr'><strong>oiferentes.</strong></span> <span class='ocrx_word' id='word_1_458' title='bbox 1444 3230 1463 3264; x_wconf 79' lang='grc' dir='ltr'><strong>ι</strong></span> <span class='ocrx_word' id='word_1_459' title='bbox 1484 3211 1752 3267; x_wconf 84' lang='lat' dir='ltr'><strong>Exhibete</strong></span> <span class='ocrx_word' id='word_1_460' title='bbox 1767 3211 1936 3278; x_wconf 91' lang='lat' dir='ltr'><strong>enim,</strong></span> <span class='ocrx_word' id='word_1_461' title='bbox 1959 3232 1978 3267; x_wconf 70' lang='grc' dir='ltr'><strong>ι</strong></span> 
     </span>
    </p>
   </div>
   <div class='ocr_carea' id='block_1_63' title="bbox 429 3304 1983 3379">
    <p class='ocr_par' dir='ltr' id='par_1_63' title="bbox 429 3304 1983 3379">
     <span class='ocr_line' id='line_1_63' title="bbox 429 3304 1983 3379; baseline -0.002 -19"><span class='ocrx_word' id='word_1_462' title='bbox 429 3328 448 3359; x_wconf 81' lang='grc' dir='ltr'><strong>ι</strong></span> <span class='ocrx_word' id='word_1_463' title='bbox 474 3308 675 3379; x_wconf 90' lang='lat' dir='ltr'><strong>inquit,</strong></span> <span class='ocrx_word' id='word_1_464' title='bbox 689 3320 922 3377; x_wconf 87' lang='lat' dir='ltr'><strong>corpora</strong></span> <span class='ocrx_word' id='word_1_465' title='bbox 942 3315 1124 3361; x_wconf 85' lang='lat' dir='ltr'><strong>vestra</strong></span> <span class='ocrx_word' id='word_1_466' title='bbox 1141 3304 1376 3361; x_wconf 89' lang='lat' dir='ltr'><strong>hostiam</strong></span> <span class='ocrx_word' id='word_1_467' title='bbox 1401 3305 1698 3370; x_wconf 82' lang='lat' dir='ltr'><strong>viventem,</strong></span> <span class='ocrx_word' id='word_1_468' title='bbox 1717 3312 1983 3367; x_wconf 90' lang='lat' dir='ltr'><strong>sanctam,</strong></span> 
     </span>
    </p>
   </div>
   <div class='ocr_carea' id='block_1_64' title="bbox 416 3395 1978 3471">
    <p class='ocr_par' dir='ltr' id='par_1_64' title="bbox 416 3395 1978 3471">
     <span class='ocr_line' id='line_1_64' title="bbox 416 3395 1978 3471; baseline -0.006 -14"><span class='ocrx_word' id='word_1_469' title='bbox 416 3402 527 3457; x_wconf 88' lang='lat' dir='ltr'><strong>Deo</strong></span> <span class='ocrx_word' id='word_1_470' title='bbox 550 3400 877 3471; x_wconf 87' lang='lat' dir='ltr'><strong>placentem,</strong></span> <span class='ocrx_word' id='word_1_471' title='bbox 902 3397 1225 3453; x_wconf 87' lang='lat' dir='ltr'><strong>rationabile</strong></span> <span class='ocrx_word' id='word_1_472' title='bbox 1252 3397 1578 3467; x_wconf 87' lang='lat' dir='ltr'><strong>obsequium</strong></span> <span class='ocrx_word' id='word_1_473' title='bbox 1601 3405 1846 3453; x_wconf 87' lang='lat' dir='ltr'><strong>vestrum</strong></span> <span class='ocrx_word' id='word_1_474' title='bbox 1880 3395 1978 3450; x_wconf 76' lang='grc'><strong>⁸³.)</strong></span> 
     </span>
    </p>
   </div>
   <div class='ocr_carea' id='block_1_65' title="bbox 416 3487 1985 3560">
    <p class='ocr_par' dir='ltr' id='par_1_65' title="bbox 416 3487 1985 3560">
     <span class='ocr_line' id='line_1_65' title="bbox 416 3487 1985 3560; baseline -0.001 -14"><span class='ocrx_word' id='word_1_475' title='bbox 416 3491 486 3546; x_wconf 83' lang='lat' dir='ltr'><strong>Et</strong></span> <span class='ocrx_word' id='word_1_476' title='bbox 530 3492 765 3546; x_wconf 90' lang='lat' dir='ltr'><strong>iterum:</strong></span> <span class='ocrx_word' id='word_1_477' title='bbox 821 3487 1177 3545; x_wconf 70' lang='lat' dir='ltr'><strong>«Gloriiieate</strong></span> <span class='ocrx_word' id='word_1_478' title='bbox 1221 3488 1391 3560; x_wconf 84' lang='lat' dir='ltr'><strong>igitur</strong></span> <span class='ocrx_word' id='word_1_479' title='bbox 1435 3489 1609 3544; x_wconf 90' lang='lat' dir='ltr'><strong>Deum</strong></span> <span class='ocrx_word' id='word_1_480' title='bbox 1667 3488 1725 3543; x_wconf 92' lang='lat' dir='ltr'><strong>in</strong></span> <span class='ocrx_word' id='word_1_481' title='bbox 1755 3504 1985 3559; x_wconf 87' lang='lat' dir='ltr'><strong>corpore</strong></span> 
     </span>
    </p>
   </div>
   <div class='ocr_carea' id='block_1_66' title="bbox 416 3579 1983 3651">
    <p class='ocr_par' dir='ltr' id='par_1_66' title="bbox 416 3579 1983 3651">
     <span class='ocr_line' id='line_1_66' title="bbox 416 3579 1983 3651; baseline -0.001 -16"><span class='ocrx_word' id='word_1_482' title='bbox 416 3589 601 3637; x_wconf 75' lang='lat' dir='ltr'><strong>vestro</strong></span> <span class='ocrx_word' id='word_1_483' title='bbox 631 3580 697 3636; x_wconf 83' lang='grc'><strong>³³.</strong></span> <span class='ocrx_word' id='word_1_484' title='bbox 722 3601 741 3632; x_wconf 76' lang='grc' dir='ltr'><strong>ι</strong></span> <span class='ocrx_word' id='word_1_485' title='bbox 777 3581 970 3651; x_wconf 88' lang='lat' dir='ltr'><strong>Igitur,</strong></span> <span class='ocrx_word' id='word_1_486' title='bbox 1002 3594 1124 3649; x_wconf 71' lang='lat' dir='ltr'><strong>quae</strong></span> <span class='ocrx_word' id='word_1_487' title='bbox 1155 3595 1283 3634; x_wconf 92' lang='lat' dir='ltr'><strong>cum</strong></span> <span class='ocrx_word' id='word_1_488' title='bbox 1332 3580 1751 3635; x_wconf 88' lang='lat' dir='ltr'><strong>tabernaculum</strong></span> <span class='ocrx_word' id='word_1_489' title='bbox 1803 3579 1983 3649; x_wconf 87' lang='lat' dir='ltr'><strong>erige-</strong></span> 
     </span>
    </p>
   </div>
   <div class='ocr_carea' id='block_1_67' title="bbox 418 3669 1985 3743">
    <p class='ocr_par' dir='ltr' id='par_1_67' title="bbox 418 3669 1985 3743">
     <span class='ocr_line' id='line_1_67' title="bbox 418 3669 1985 3743; baseline -0.003 -15"><span class='ocrx_word' id='word_1_490' title='bbox 418 3683 571 3729; x_wconf 89' lang='lat' dir='ltr'><strong>retur</strong></span> <span class='ocrx_word' id='word_1_491' title='bbox 588 3674 905 3743; x_wconf 84' lang='lat' dir='ltr'><strong>jejunavere</strong></span> <span class='ocrx_word' id='word_1_492' title='bbox 929 3670 1207 3735; x_wconf 90' lang='lat' dir='ltr'><strong>mulieres,</strong></span> <span class='ocrx_word' id='word_1_493' title='bbox 1232 3669 1540 3725; x_wconf 89' lang='lat' dir='ltr'><strong>animarum</strong></span> <span class='ocrx_word' id='word_1_494' title='bbox 1563 3669 1857 3740; x_wconf 89' lang='lat' dir='ltr'><strong>imaginem</strong></span> <span class='ocrx_word' id='word_1_495' title='bbox 1894 3684 1985 3723; x_wconf 82' lang='lat' dir='ltr'><strong>re-</strong></span> 
     </span>
    </p>
   </div>
   <div class='ocr_carea' id='block_1_68' title="bbox 417 3760 1990 3831">
    <p class='ocr_par' dir='ltr' id='par_1_68' title="bbox 417 3760 1990 3831">
     <span class='ocr_line' id='line_1_68' title="bbox 417 3760 1990 3831; baseline -0.002 -14"><span class='ocrx_word' id='word_1_496' title='bbox 417 3764 620 3827; x_wconf 84' lang='lat' dir='ltr'><strong>ferunt,</strong></span> <span class='ocrx_word' id='word_1_497' title='bbox 646 3776 769 3831; x_wconf 65' lang='lat' dir='ltr'><strong>quae</strong></span> <span class='ocrx_word' id='word_1_498' title='bbox 797 3775 911 3815; x_wconf 86' lang='lat' dir='ltr'><strong>non</strong></span> <span class='ocrx_word' id='word_1_499' title='bbox 931 3760 1373 3815; x_wconf 79' lang='lat' dir='ltr'><strong>Mosaicisadhuc</strong></span> <span class='ocrx_word' id='word_1_500' title='bbox 1398 3760 1668 3816; x_wconf 88' lang='lat' dir='ltr'><strong>mandatis</strong></span> <span class='ocrx_word' id='word_1_501' title='bbox 1694 3761 1990 3815; x_wconf 48' lang='lat' dir='ltr'><strong>instituunv</strong></span> 
     </span>
    </p>
   </div>
   <div class='ocr_carea' id='block_1_69' title="bbox 418 3851 1987 3924">
    <p class='ocr_par' dir='ltr' id='par_1_69' title="bbox 418 3851 1987 3924">
     <span class='ocr_line' id='line_1_69' title="bbox 418 3851 1987 3924; baseline 0 -17"><span class='ocrx_word' id='word_1_502' title='bbox 418 3863 530 3916; x_wconf 91' lang='lat' dir='ltr'><strong>tur,</strong></span> <span class='ocrx_word' id='word_1_503' title='bbox 571 3851 669 3907; x_wconf 87' lang='lat' dir='ltr'><strong>sed</strong></span> <span class='ocrx_word' id='word_1_504' title='bbox 708 3853 822 3922; x_wconf 86' lang='lat' dir='ltr'><strong>jam</strong></span> <span class='ocrx_word' id='word_1_505' title='bbox 876 3851 1223 3921; x_wconf 86' lang='lat' dir='ltr'><strong>spiritualem</strong></span> <span class='ocrx_word' id='word_1_506' title='bbox 1267 3852 1473 3922; x_wconf 90' lang='lat' dir='ltr'><strong>potius,</strong></span> <span class='ocrx_word' id='word_1_507' title='bbox 1506 3852 1987 3924; x_wconf 87' lang='lat' dir='ltr'><strong>evangelicamquc</strong></span> 
     </span>
    </p>
   </div>
   <div class='ocr_carea' id='block_1_70' title="bbox 417 3942 1988 4015">
    <p class='ocr_par' dir='ltr' id='par_1_70' title="bbox 417 3942 1988 4015">
     <span class='ocr_line' id='line_1_70' title="bbox 417 3942 1988 4015; baseline -0.001 -16"><span class='ocrx_word' id='word_1_508' title='bbox 417 3943 890 3999; x_wconf 84' lang='lat' dir='ltr'><strong>conversationem</strong></span> <span class='ocrx_word' id='word_1_509' title='bbox 917 3942 1236 4009; x_wconf 89' lang='lat' dir='ltr'><strong>ostendunt,</strong></span> <span class='ocrx_word' id='word_1_510' title='bbox 1268 3953 1627 4014; x_wconf 88' lang='lat' dir='ltr'><strong>terrenasque</strong></span> <span class='ocrx_word' id='word_1_511' title='bbox 1675 3944 1988 4015; x_wconf 88' lang='lat' dir='ltr'><strong>voluptates</strong></span> 
     </span>
    </p>
   </div>
   <div class='ocr_carea' id='block_1_71' title="bbox 418 4032 1989 4098">
    <p class='ocr_par' dir='ltr' id='par_1_71' title="bbox 418 4032 1989 4098">
     <span class='ocr_line' id='line_1_71' title="bbox 418 4032 1989 4098; baseline -0.001 -8"><span class='ocrx_word' id='word_1_512' title='bbox 418 4050 531 4090; x_wconf 88' lang='lat' dir='ltr'><strong>non</strong></span> <span class='ocrx_word' id='word_1_513' title='bbox 555 4034 675 4091; x_wconf 90' lang='lat' dir='ltr'><strong>sine</strong></span> <span class='ocrx_word' id='word_1_514' title='bbox 698 4033 887 4091; x_wconf 88' lang='lat' dir='ltr'><strong>labore</strong></span> <span class='ocrx_word' id='word_1_515' title='bbox 919 4034 1152 4098; x_wconf 89' lang='lat' dir='ltr'><strong>calcant,</strong></span> <span class='ocrx_word' id='word_1_516' title='bbox 1202 4040 1279 4098; x_wconf 89' lang='lat' dir='ltr'><strong>et,</strong></span> <span class='ocrx_word' id='word_1_517' title='bbox 1327 4032 1459 4088; x_wconf 91' lang='lat' dir='ltr'><strong>dum</strong></span> <span class='ocrx_word' id='word_1_518' title='bbox 1517 4033 1849 4089; x_wconf 81' lang='lat' dir='ltr'><strong>exsecranda</strong></span> <span class='ocrx_word' id='word_1_519' title='bbox 1896 4033 1989 4088; x_wconf 90' lang='lat' dir='ltr'><strong>illa</strong></span> 
     </span>
    </p>
   </div>
   <div class='ocr_carea' id='block_1_72' title="bbox 420 4125 1988 4200">
    <p class='ocr_par' dir='ltr' id='par_1_72' title="bbox 420 4125 1988 4200">
     <span class='ocr_line' id='line_1_72' title="bbox 420 4125 1988 4200; baseline -0.001 -16"><span class='ocrx_word' id='word_1_520' title='bbox 420 4128 580 4200; x_wconf 82' lang='lat'><strong>315</strong></span> <span class='ocrx_word' id='word_1_521' title='bbox 601 4136 765 4199; x_wconf 89' lang='lat' dir='ltr'><strong>atque</strong></span> <span class='ocrx_word' id='word_1_522' title='bbox 787 4127 996 4183; x_wconf 81' lang='lat' dir='ltr'><strong>nefaria</strong></span> <span class='ocrx_word' id='word_1_523' title='bbox 1008 4126 1505 4183; x_wconf 81' lang='lat' dir='ltr'><strong>carnalislibidinis</strong></span> <span class='ocrx_word' id='word_1_524' title='bbox 1543 4125 1777 4180; x_wconf 86' lang='lat' dir='ltr'><strong>crimina</strong></span> <span class='ocrx_word' id='word_1_525' title='bbox 1802 4125 1988 4182; x_wconf 87' lang='lat' dir='ltr'><strong>subire</strong></span> 
     </span>
    </p>
   </div>
   <div class='ocr_carea' id='block_1_73' title="bbox 354 4218 1987 4290">
    <p class='ocr_par' dir='ltr' id='par_1_73' title="bbox 354 4218 1987 4290">
     <span class='ocr_line' id='line_1_73' title="bbox 354 4218 1987 4290; baseline -0.002 -13"><span class='ocrx_word' id='word_1_526' title='bbox 354 4286 365 4289; x_wconf 97' lang='lat'><em>_</em></span> <span class='ocrx_word' id='word_1_527' title='bbox 420 4237 530 4277; x_wconf 92' lang='lat' dir='ltr'><strong>non</strong></span> <span class='ocrx_word' id='word_1_528' title='bbox 559 4221 854 4286; x_wconf 90' lang='lat' dir='ltr'><strong>sustinent,</strong></span> <span class='ocrx_word' id='word_1_529' title='bbox 882 4220 1145 4290; x_wconf 76' lang='lat' dir='ltr'><strong>praeclare</strong></span> <span class='ocrx_word' id='word_1_530' title='bbox 1167 4218 1236 4273; x_wconf 90' lang='lat' dir='ltr'><strong>ad</strong></span> <span class='ocrx_word' id='word_1_531' title='bbox 1269 4218 1415 4273; x_wconf 91' lang='lat' dir='ltr'><strong>illam</strong></span> <span class='ocrx_word' id='word_1_532' title='bbox 1462 4218 1836 4288; x_wconf 88' lang='lat' dir='ltr'><strong>incorruptam</strong></span> <span class='ocrx_word' id='word_1_533' title='bbox 1863 4219 1987 4288; x_wconf 89' lang='lat' dir='ltr'><strong>pul-</strong></span> 
     </span>
    </p>
   </div>
   <div class='ocr_carea' id='block_1_74' title="bbox 2086 3031 3673 3107">
    <p class='ocr_par' dir='ltr' id='par_1_74' title="bbox 2086 3031 3673 3107">
     <span class='ocr_line' id='line_1_74' title="bbox 2086 3031 3673 3107; baseline -0.004 -17"><span class='ocrx_word' id='word_1_534' title='bbox 2086 3037 2144 3090; x_wconf 78' lang='grc' dir='ltr'>δε</span> <span class='ocrx_word' id='word_1_535' title='bbox 2181 3035 2384 3107; x_wconf 77' lang='grc' dir='ltr'>μᾶλλον</span> <span class='ocrx_word' id='word_1_536' title='bbox 2416 3034 2815 3104; x_wconf 81' lang='grc' dir='ltr'>πνευματικαῖς</span> <span class='ocrx_word' id='word_1_537' title='bbox 2848 3031 3248 3104; x_wconf 78' lang='grc' dir='ltr'>ἐκπρέποντας,</span> <span class='ocrx_word' id='word_1_538' title='bbox 3288 3033 3382 3086; x_wconf 76' lang='grc' dir='ltr'><strong>καὶ</strong></span> <span class='ocrx_word' id='word_1_539' title='bbox 3419 3031 3673 3104; x_wconf 69' lang='grc' dir='ltr'>δωροφο-</span> 
     </span>
    </p>
   </div>
   <div class='ocr_carea' id='block_1_75' title="bbox 2089 3122 3676 3200">
    <p class='ocr_par' dir='ltr' id='par_1_75' title="bbox 2089 3122 3676 3200">
     <span class='ocr_line' id='line_1_75' title="bbox 2089 3122 3676 3200; baseline -0.003 -19"><span class='ocrx_word' id='word_1_540' title='bbox 2089 3127 2211 3200; x_wconf 84' lang='grc' dir='ltr'>ρίαν</span> <span class='ocrx_word' id='word_1_541' title='bbox 2240 3126 2429 3198; x_wconf 82' lang='grc' dir='ltr'>ὥσπερ</span> <span class='ocrx_word' id='word_1_542' title='bbox 2452 3125 2573 3183; x_wconf 86' lang='grc' dir='ltr'>τινὰ</span> <span class='ocrx_word' id='word_1_543' title='bbox 2601 3122 3069 3200; x_wconf 76' lang='grc' dir='ltr'>προσκομίζοντας</span> <span class='ocrx_word' id='word_1_544' title='bbox 3095 3123 3174 3195; x_wconf 84' lang='grc' dir='ltr'>τῷ</span> <span class='ocrx_word' id='word_1_545' title='bbox 3195 3122 3315 3194; x_wconf 84' lang='grc' dir='ltr'>Θεῷ</span> <span class='ocrx_word' id='word_1_546' title='bbox 3339 3122 3436 3195; x_wconf 82' lang='grc' dir='ltr'><strong>τὴν</strong></span> <span class='ocrx_word' id='word_1_547' title='bbox 3461 3123 3676 3195; x_wconf 76' lang='grc' dir='ltr'>ἐγκρά-</span> 
     </span>
    </p>
   </div>
   <div class='ocr_carea' id='block_1_76' title="bbox 2085 3215 3672 3290">
    <p class='ocr_par' dir='ltr' id='par_1_76' title="bbox 2085 3215 3672 3290">
     <span class='ocr_line' id='line_1_76' title="bbox 2085 3215 3672 3290; baseline -0.005 -16"><span class='ocrx_word' id='word_1_548' title='bbox 2085 3237 2257 3284; x_wconf 88' lang='grc' dir='ltr'>τειαν,</span> <span class='ocrx_word' id='word_1_549' title='bbox 2292 3217 2388 3290; x_wconf 83' lang='grc' dir='ltr'><strong>τὴν</strong></span> <span class='ocrx_word' id='word_1_550' title='bbox 2416 3217 2577 3276; x_wconf 73' lang='grc' dir='ltr'>οἱονεὶ</span> <span class='ocrx_word' id='word_1_551' title='bbox 2605 3215 2870 3287; x_wconf 85' lang='grc' dir='ltr'>νέκρωσιν</span> <span class='ocrx_word' id='word_1_552' title='bbox 2899 3215 3001 3287; x_wconf 86' lang='grc' dir='ltr'><strong>τῆς</strong></span> <span class='ocrx_word' id='word_1_553' title='bbox 3039 3217 3262 3288; x_wconf 85' lang='grc' dir='ltr'>σαρκός.</span> <span class='ocrx_word' id='word_1_554' title='bbox 3305 3234 3323 3268; x_wconf 81' lang='grc' dir='ltr'><strong>ι</strong></span> <span class='ocrx_word' id='word_1_555' title='bbox 3372 3216 3672 3288; x_wconf 82' lang='grc' dir='ltr'>Παραστή-</span> 
     </span>
    </p>
   </div>
   <div class='ocr_carea' id='block_1_77' title="bbox 2090 3303 3667 3381">
    <p class='ocr_par' dir='ltr' id='par_1_77' title="bbox 2090 3303 3667 3381">
     <span class='ocr_line' id='line_1_77' title="bbox 2090 3303 3667 3381; baseline -0.006 -16"><span class='ocrx_word' id='word_1_556' title='bbox 2090 3327 2217 3371; x_wconf 80' lang='grc' dir='ltr'>σατε</span> <span class='ocrx_word' id='word_1_557' title='bbox 2247 3310 2375 3381; x_wconf 79' lang='grc' dir='ltr'>γὰρ,</span> <span class='ocrx_word' id='word_1_558' title='bbox 2398 3329 2416 3361; x_wconf 82' lang='grc'>›</span> <span class='ocrx_word' id='word_1_559' title='bbox 2454 3308 2585 3380; x_wconf 70' lang='grc' dir='ltr'>φησὶ</span> <span class='ocrx_word' id='word_1_560' title='bbox 2604 3347 2619 3372; x_wconf 88' lang='grc'><strong>,</strong></span> <span class='ocrx_word' id='word_1_561' title='bbox 2646 3305 2998 3377; x_wconf 70' lang='grc' dir='ltr'>«τὰσώματα</span> <span class='ocrx_word' id='word_1_562' title='bbox 3015 3306 3169 3379; x_wconf 85' lang='grc' dir='ltr'>ὑμῶν</span> <span class='ocrx_word' id='word_1_563' title='bbox 3186 3348 3201 3372; x_wconf 92' lang='grc'><strong>,</strong></span> <span class='ocrx_word' id='word_1_564' title='bbox 3228 3305 3415 3359; x_wconf 83' lang='grc' dir='ltr'>θυσίαν</span> <span class='ocrx_word' id='word_1_565' title='bbox 3449 3303 3631 3370; x_wconf 81' lang='grc' dir='ltr'>ζῶσαν</span> <span class='ocrx_word' id='word_1_566' title='bbox 3651 3347 3667 3371; x_wconf 86' lang='grc'><strong>,</strong></span> 
     </span>
    </p>
   </div>
   <div class='ocr_carea' id='block_1_78' title="bbox 2090 3396 3672 3472">
    <p class='ocr_par' dir='ltr' id='par_1_78' title="bbox 2090 3396 3672 3472">
     <span class='ocr_line' id='line_1_78' title="bbox 2090 3396 3672 3472; baseline -0.006 -15"><span class='ocrx_word' id='word_1_567' title='bbox 2090 3403 2285 3472; x_wconf 80' lang='grc' dir='ltr'>ἁγίαν,</span> <span class='ocrx_word' id='word_1_568' title='bbox 2341 3401 2634 3472; x_wconf 81' lang='grc' dir='ltr'>εὐάρεστον</span> <span class='ocrx_word' id='word_1_569' title='bbox 2684 3397 2763 3470; x_wconf 82' lang='grc' dir='ltr'>τῷ</span> <span class='ocrx_word' id='word_1_570' title='bbox 2798 3397 2946 3469; x_wconf 85' lang='grc' dir='ltr'>Θεῷ,</span> <span class='ocrx_word' id='word_1_571' title='bbox 2985 3397 3084 3469; x_wconf 81' lang='grc' dir='ltr'>τὴν</span> <span class='ocrx_word' id='word_1_572' title='bbox 3133 3396 3354 3468; x_wconf 83' lang='grc' dir='ltr'>λογικὴν</span> <span class='ocrx_word' id='word_1_573' title='bbox 3408 3396 3672 3467; x_wconf 88' lang='grc' dir='ltr'>λατρείαν</span> 
     </span>
    </p>
   </div>
   <div class='ocr_carea' id='block_1_79' title="bbox 2088 3488 3672 3565">
    <p class='ocr_par' dir='ltr' id='par_1_79' title="bbox 2088 3488 3672 3565">
     <span class='ocr_line' id='line_1_79' title="bbox 2088 3488 3672 3565; baseline -0.003 -18"><span class='ocrx_word' id='word_1_574' title='bbox 2088 3493 2261 3565; x_wconf 86' lang='grc' dir='ltr'>ὑμῶν.</span> <span class='ocrx_word' id='word_1_575' title='bbox 2307 3512 2325 3545; x_wconf 79' lang='grc'><strong>»</strong></span> <span class='ocrx_word' id='word_1_576' title='bbox 2361 3493 2474 3546; x_wconf 70' lang='grc' dir='ltr'><strong>Καὶ</strong></span> <span class='ocrx_word' id='word_1_577' title='bbox 2514 3491 2704 3546; x_wconf 78' lang='grc' dir='ltr'>πάλινο</span> <span class='ocrx_word' id='word_1_578' title='bbox 2747 3509 2765 3541; x_wconf 81' lang='grc' dir='ltr'><strong>ι</strong></span> <span class='ocrx_word' id='word_1_579' title='bbox 2795 3490 3066 3559; x_wconf 80' lang='grc' dir='ltr'>Δοξὰσατε</span> <span class='ocrx_word' id='word_1_580' title='bbox 3108 3490 3172 3561; x_wconf 80' lang='grc' dir='ltr'><strong>δὴ</strong></span> <span class='ocrx_word' id='word_1_581' title='bbox 3205 3491 3295 3544; x_wconf 82' lang='grc' dir='ltr'><strong>τὸν</strong></span> <span class='ocrx_word' id='word_1_582' title='bbox 3324 3488 3454 3544; x_wconf 79' lang='grc' dir='ltr'>Θεὸν</span> <span class='ocrx_word' id='word_1_583' title='bbox 3488 3492 3545 3544; x_wconf 83' lang='grc' dir='ltr'>ὲν</span> <span class='ocrx_word' id='word_1_584' title='bbox 3589 3489 3672 3560; x_wconf 83' lang='grc' dir='ltr'><strong>τῷ</strong></span> 
     </span>
    </p>
   </div>
   <div class='ocr_carea' id='block_1_80' title="bbox 2090 3580 3676 3655">
    <p class='ocr_par' dir='ltr' id='par_1_80' title="bbox 2090 3580 3676 3655">
     <span class='ocr_line' id='line_1_80' title="bbox 2090 3580 3676 3655; baseline -0.002 -18"><span class='ocrx_word' id='word_1_585' title='bbox 2090 3582 2303 3655; x_wconf 87' lang='grc' dir='ltr'>σώματι</span> <span class='ocrx_word' id='word_1_586' title='bbox 2333 3582 2507 3654; x_wconf 86' lang='grc' dir='ltr'>ὑμῶν.</span> <span class='ocrx_word' id='word_1_587' title='bbox 2545 3601 2563 3633; x_wconf 72' lang='grc' dir='ltr'><strong>ι</strong></span> <span class='ocrx_word' id='word_1_588' title='bbox 2597 3580 2804 3636; x_wconf 79' lang='grc' dir='ltr'>Οὐκοῦν</span> <span class='ocrx_word' id='word_1_589' title='bbox 2850 3583 2904 3635; x_wconf 89' lang='grc' dir='ltr'>αί</span> <span class='ocrx_word' id='word_1_590' title='bbox 2950 3580 3311 3651; x_wconf 78' lang='grc' dir='ltr'>νηστεύσασαι</span> <span class='ocrx_word' id='word_1_591' title='bbox 3354 3582 3454 3653; x_wconf 89' lang='grc' dir='ltr'><strong>τῆς</strong></span> <span class='ocrx_word' id='word_1_592' title='bbox 3504 3581 3676 3649; x_wconf 80' lang='grc' dir='ltr'>ἁγίας</span> 
     </span>
    </p>
   </div>
   <div class='ocr_carea' id='block_1_81' title="bbox 2088 3671 3671 3747">
    <p class='ocr_par' dir='ltr' id='par_1_81' title="bbox 2088 3671 3671 3747">
     <span class='ocr_line' id='line_1_81' title="bbox 2088 3671 3671 3747; baseline -0.003 -18"><span class='ocrx_word' id='word_1_593' title='bbox 2088 3675 2469 3747; x_wconf 79' lang='grc' dir='ltr'>ὲγηγερμένης</span> <span class='ocrx_word' id='word_1_594' title='bbox 2504 3673 2709 3744; x_wconf 81' lang='grc' dir='ltr'>σκηνῆς</span> <span class='ocrx_word' id='word_1_595' title='bbox 2728 3714 2743 3738; x_wconf 89' lang='grc'><strong>,</strong></span> <span class='ocrx_word' id='word_1_596' title='bbox 2782 3674 2863 3736; x_wconf 89' lang='grc' dir='ltr'><strong>είς</strong></span> <span class='ocrx_word' id='word_1_597' title='bbox 2910 3672 3094 3726; x_wconf 79' lang='grc' dir='ltr'>εἰκόνα</span> <span class='ocrx_word' id='word_1_598' title='bbox 3121 3671 3331 3726; x_wconf 83' lang='grc' dir='ltr'>τελοῦσι</span> <span class='ocrx_word' id='word_1_599' title='bbox 3358 3671 3540 3744; x_wconf 81' lang='grc' dir='ltr'>ψυχῶν</span> <span class='ocrx_word' id='word_1_600' title='bbox 3559 3712 3574 3738; x_wconf 90' lang='grc'><strong>,</strong></span> <span class='ocrx_word' id='word_1_601' title='bbox 3605 3672 3671 3725; x_wconf 83' lang='grc' dir='ltr'>ού</span> 
     </span>
    </p>
   </div>
   <div class='ocr_carea' id='block_1_82' title="bbox 2088 3763 3673 3836">
    <p class='ocr_par' dir='ltr' id='par_1_82' title="bbox 2088 3763 3673 3836">
     <span class='ocr_line' id='line_1_82' title="bbox 2088 3763 3673 3836; baseline -0.004 -13"><span class='ocrx_word' id='word_1_602' title='bbox 2088 3768 2400 3830; x_wconf 85' lang='grc' dir='ltr'>Μωσαῖκοῖς</span> <span class='ocrx_word' id='word_1_603' title='bbox 2434 3765 2729 3836; x_wconf 83' lang='grc' dir='ltr'>ἐντάλμασι</span> <span class='ocrx_word' id='word_1_604' title='bbox 2777 3765 3310 3835; x_wconf 84' lang='grc' dir='ltr'>παιδαγωγουμένων</span> <span class='ocrx_word' id='word_1_605' title='bbox 3351 3763 3429 3818; x_wconf 77' lang='grc' dir='ltr'>ἔτι</span> <span class='ocrx_word' id='word_1_606' title='bbox 3453 3806 3467 3831; x_wconf 91' lang='grc'><strong>,</strong></span> <span class='ocrx_word' id='word_1_607' title='bbox 3504 3782 3673 3817; x_wconf 79' lang='grc' dir='ltr'>πνευ-</span> 
     </span>
    </p>
   </div>
   <div class='ocr_carea' id='block_1_83' title="bbox 2092 3855 3671 3931">
    <p class='ocr_par' dir='ltr' id='par_1_83' title="bbox 2092 3855 3671 3931">
     <span class='ocr_line' id='line_1_83' title="bbox 2092 3855 3671 3931; baseline -0.004 -16"><span class='ocrx_word' id='word_1_608' title='bbox 2092 3860 2327 3931; x_wconf 85' lang='grc' dir='ltr'>ματικὴν</span> <span class='ocrx_word' id='word_1_609' title='bbox 2357 3858 2413 3912; x_wconf 79' lang='grc' dir='ltr'><strong>δὲ</strong></span> <span class='ocrx_word' id='word_1_610' title='bbox 2449 3859 2646 3930; x_wconf 81' lang='grc' dir='ltr'>μᾶλλον</span> <span class='ocrx_word' id='word_1_611' title='bbox 2686 3857 2778 3911; x_wconf 76' lang='grc' dir='ltr'><strong>καὶ</strong></span> <span class='ocrx_word' id='word_1_612' title='bbox 2809 3856 3172 3928; x_wconf 83' lang='grc' dir='ltr'>εὐαγγελικὴν</span> <span class='ocrx_word' id='word_1_613' title='bbox 3208 3855 3671 3927; x_wconf 79' lang='grc' dir='ltr'>ἁναδεδειγμένων</span> 
     </span>
    </p>
   </div>
   <div class='ocr_carea' id='block_1_84' title="bbox 2088 3948 3672 4026">
    <p class='ocr_par' dir='ltr' id='par_1_84' title="bbox 2088 3948 3672 4026">
     <span class='ocr_line' id='line_1_84' title="bbox 2088 3948 3672 4026; baseline -0.004 -19"><span class='ocrx_word' id='word_1_614' title='bbox 2088 3952 2186 4024; x_wconf 87' lang='grc' dir='ltr'>τὴν</span> <span class='ocrx_word' id='word_1_615' title='bbox 2228 3951 2502 4006; x_wconf 86' lang='grc' dir='ltr'>πολιτείαν</span> <span class='ocrx_word' id='word_1_616' title='bbox 2532 3951 2670 4026; x_wconf 80' lang='grc' dir='ltr'>ήδη,</span> <span class='ocrx_word' id='word_1_617' title='bbox 2710 3949 2804 4002; x_wconf 74' lang='grc' dir='ltr'><strong>καὶ</strong></span> <span class='ocrx_word' id='word_1_618' title='bbox 2834 3948 3119 4002; x_wconf 86' lang='grc' dir='ltr'>πατουσῶν</span> <span class='ocrx_word' id='word_1_619' title='bbox 3157 3949 3258 4002; x_wconf 84' lang='grc' dir='ltr'>οὐκ</span> <span class='ocrx_word' id='word_1_620' title='bbox 3285 3949 3541 4020; x_wconf 80' lang='grc' dir='ltr'>ἀνιδρωτὶ</span> <span class='ocrx_word' id='word_1_621' title='bbox 3567 3949 3672 4012; x_wconf 75' lang='grc' dir='ltr'>τὰς</span> 
     </span>
    </p>
   </div>
   <div class='ocr_carea' id='block_1_85' title="bbox 2091 4025 3671 4114">
    <p class='ocr_par' dir='ltr' id='par_1_85' title="bbox 2091 4025 3671 4114">
     <span class='ocr_line' id='line_1_85' title="bbox 2091 4025 3671 4114; baseline -0.004 -15"><span class='ocrx_word' id='word_1_622' title='bbox 2091 4045 2367 4113; x_wconf 80' lang='grc' dir='ltr'>ἐπιγείους</span> <span class='ocrx_word' id='word_1_623' title='bbox 2384 4025 2607 4114; x_wconf 65' lang='grc' dir='ltr'>ῆδονὰς,</span> <span class='ocrx_word' id='word_1_624' title='bbox 2634 4025 2728 4094; x_wconf 70' lang='grc' dir='ltr'><strong>καὶ</strong></span> <span class='ocrx_word' id='word_1_625' title='bbox 2752 4041 3254 4111; x_wconf 70' lang='grc' dir='ltr'>ἀναμορφουμένων</span> <span class='ocrx_word' id='word_1_626' title='bbox 3278 4035 3335 4094; x_wconf 77' lang='grc' dir='ltr'><strong>εὖ</strong></span> <span class='ocrx_word' id='word_1_627' title='bbox 3360 4040 3504 4110; x_wconf 86' lang='grc' dir='ltr'>μάλα</span> <span class='ocrx_word' id='word_1_628' title='bbox 3531 4040 3671 4111; x_wconf 71' lang='grc' dir='ltr'>πρὸς</span> 
     </span>
    </p>
   </div>
   <div class='ocr_carea' id='block_1_86' title="bbox 2089 4130 3672 4207">
    <p class='ocr_par' dir='ltr' id='par_1_86' title="bbox 2089 4130 3672 4207">
     <span class='ocr_line' id='line_1_86' title="bbox 2089 4130 3672 4207; baseline -0.004 -16"><span class='ocrx_word' id='word_1_629' title='bbox 2089 4136 2152 4190; x_wconf 81' lang='grc' dir='ltr'>τὸ</span> <span class='ocrx_word' id='word_1_630' title='bbox 2181 4137 2459 4207; x_wconf 87' lang='grc' dir='ltr'>ἀκήρατον</span> <span class='ocrx_word' id='word_1_631' title='bbox 2492 4132 2706 4196; x_wconf 85' lang='grc' dir='ltr'>κάλλος,</span> <span class='ocrx_word' id='word_1_632' title='bbox 2740 4131 2829 4184; x_wconf 86' lang='grc' dir='ltr'><strong>διὰ</strong></span> <span class='ocrx_word' id='word_1_633' title='bbox 2857 4130 2917 4183; x_wconf 80' lang='grc' dir='ltr'>τὸ</span> <span class='ocrx_word' id='word_1_634' title='bbox 2946 4130 3022 4201; x_wconf 84' lang='grc' dir='ltr'>μὴ</span> <span class='ocrx_word' id='word_1_635' title='bbox 3058 4130 3342 4200; x_wconf 83' lang='grc' dir='ltr'>ἀνέχεσθαι</span> <span class='ocrx_word' id='word_1_636' title='bbox 3378 4130 3570 4183; x_wconf 86' lang='grc' dir='ltr'>παθεῖν</span> <span class='ocrx_word' id='word_1_637' title='bbox 3600 4131 3672 4184; x_wconf 71' lang='grc' dir='ltr'>τὰ</span> 
     </span>
    </p>
   </div>
   <div class='ocr_carea' id='block_1_87' title="bbox 2094 4219 3661 4298">
    <p class='ocr_par' dir='ltr' id='par_1_87' title="bbox 2094 4219 3661 4298">
     <span class='ocr_line' id='line_1_87' title="bbox 2094 4219 3661 4298; baseline -0.005 -17"><span class='ocrx_word' id='word_1_638' title='bbox 2094 4226 2313 4298; x_wconf 82' lang='grc' dir='ltr'>μυσαρά</span> <span class='ocrx_word' id='word_1_639' title='bbox 2342 4242 2401 4277; x_wconf 88' lang='grc' dir='ltr'><strong>τε</strong></span> <span class='ocrx_word' id='word_1_640' title='bbox 2434 4224 2528 4276; x_wconf 78' lang='grc' dir='ltr'>καὶ</span> <span class='ocrx_word' id='word_1_641' title='bbox 2557 4221 2756 4293; x_wconf 82' lang='grc' dir='ltr'>βέϐηλα</span> <span class='ocrx_word' id='word_1_642' title='bbox 2782 4221 2882 4291; x_wconf 90' lang='grc' dir='ltr'><strong>τῆς</strong></span> <span class='ocrx_word' id='word_1_643' title='bbox 2916 4220 3272 4291; x_wconf 85' lang='grc' dir='ltr'>φιλοσαρκίας</span> <span class='ocrx_word' id='word_1_644' title='bbox 3319 4219 3661 4290; x_wconf 74' lang='grc' dir='ltr'>ἐγκλήματα.</span> 
     </span>
    </p>
   </div>
   <div class='ocr_carea' id='block_1_88' title="bbox 420 4295 1982 4389">
    <p class='ocr_par' dir='ltr' id='par_1_88' title="bbox 420 4309 1982 4371">
     <span class='ocr_line' id='line_1_88' title="bbox 420 4309 1982 4371; baseline -0.004 0"><span class='ocrx_word' id='word_1_645' title='bbox 420 4314 788 4371; x_wconf 84' lang='lat' dir='ltr'><strong>ehritudinem</strong></span> <span class='ocrx_word' id='word_1_646' title='bbox 820 4313 1207 4368; x_wconf 80' lang='lat' dir='ltr'><strong>reformantur.</strong></span> <span class='ocrx_word' id='word_1_647' title='bbox 1238 4309 1318 4366; x_wconf 89' lang='lat' dir='ltr'><strong>An</strong></span> <span class='ocrx_word' id='word_1_648' title='bbox 1341 4325 1474 4365; x_wconf 86' lang='lat' dir='ltr'><strong>vero</strong></span> <span class='ocrx_word' id='word_1_649' title='bbox 1502 4325 1613 4364; x_wconf 89' lang='lat' dir='ltr'><strong>non</strong></span> <span class='ocrx_word' id='word_1_650' title='bbox 1636 4310 1754 4366; x_wconf 65' lang='lat' dir='ltr'><strong>htec</strong></span> <span class='ocrx_word' id='word_1_651' title='bbox 1775 4319 1859 4365; x_wconf 88' lang='lat' dir='ltr'><strong>est</strong></span> <span class='ocrx_word' id='word_1_652' title='bbox 1891 4326 1982 4365; x_wconf 88' lang='lat' dir='ltr'><strong>no-</strong></span> 
     </span>
    </p>
   </div>
   <div class='ocr_carea' id='block_1_89' title="bbox 2087 4295 3672 4389">
    <p class='ocr_par' dir='ltr' id='par_1_89' title="bbox 2096 4295 3672 4389">
     <span class='ocr_line' id='line_1_89' title="bbox 2096 4295 3672 4389; baseline -0.006 -17"><span class='ocrx_word' id='word_1_653' title='bbox 2096 4295 2167 4373; x_wconf 77' lang='grc' dir='ltr'><strong>Ἦ</strong></span> <span class='ocrx_word' id='word_1_654' title='bbox 2196 4295 2292 4389; x_wconf 67' lang='grc' dir='ltr'><strong>ούχ</strong></span> <span class='ocrx_word' id='word_1_655' title='bbox 2317 4316 2488 4379; x_wconf 75' lang='grc' dir='ltr'>οὕτως</span> <span class='ocrx_word' id='word_1_656' title='bbox 2506 4316 2638 4386; x_wconf 80' lang='grc' dir='ltr'>ἡμῖν</span> <span class='ocrx_word' id='word_1_657' title='bbox 2666 4316 2694 4367; x_wconf 93' lang='lat'><strong>6</strong></span> <span class='ocrx_word' id='word_1_658' title='bbox 2720 4311 2811 4365; x_wconf 81' lang='grc' dir='ltr'><strong>τοῦ</strong></span> <span class='ocrx_word' id='word_1_659' title='bbox 2846 4311 2961 4382; x_wconf 88' lang='grc' dir='ltr'>βίου</span> <span class='ocrx_word' id='word_1_660' title='bbox 2992 4311 3190 4383; x_wconf 86' lang='grc' dir='ltr'>τρόπος</span> <span class='ocrx_word' id='word_1_661' title='bbox 3220 4313 3330 4376; x_wconf 89' lang='grc' dir='ltr'>τοῖς</span> <span class='ocrx_word' id='word_1_662' title='bbox 3360 4313 3418 4365; x_wconf 84' lang='grc' dir='ltr'>ὲν</span> <span class='ocrx_word' id='word_1_663' title='bbox 3443 4311 3672 4381; x_wconf 75' lang='grc' dir='ltr'>Χριστῷ</span> 
     </span>
    </p>
   </div>
   <div class='ocr_carea' id='block_1_90' title="bbox 422 4398 1991 4468">
    <p class='ocr_par' dir='ltr' id='par_1_90' title="bbox 422 4398 1991 4468">
     <span class='ocr_line' id='line_1_90' title="bbox 422 4398 1991 4468; baseline -0.005 -8"><span class='ocrx_word' id='word_1_664' title='bbox 422 4406 613 4460; x_wconf 87' lang='lat' dir='ltr'><strong>strain</strong></span> <span class='ocrx_word' id='word_1_665' title='bbox 642 4404 863 4459; x_wconf 88' lang='lat' dir='ltr'><strong>Christo</strong></span> <span class='ocrx_word' id='word_1_666' title='bbox 892 4399 1117 4456; x_wconf 85' lang='lat' dir='ltr'><strong>vivendi</strong></span> <span class='ocrx_word' id='word_1_667' title='bbox 1150 4400 1312 4463; x_wconf 87' lang='lat' dir='ltr'><strong>ratio,</strong></span> <span class='ocrx_word' id='word_1_668' title='bbox 1354 4399 1446 4468; x_wconf 87' lang='lat' dir='ltr'><strong>qui</strong></span> <span class='ocrx_word' id='word_1_669' title='bbox 1489 4398 1556 4453; x_wconf 87' lang='lat' dir='ltr'><strong>ad</strong></span> <span class='ocrx_word' id='word_1_670' title='bbox 1601 4398 1991 4454; x_wconf 77' lang='lat' dir='ltr'><strong>sanctificatio-</strong></span> 
     </span>
    </p>
   </div>
   <div class='ocr_carea' id='block_1_91' title="bbox 420 4491 1992 4569">
    <p class='ocr_par' dir='ltr' id='par_1_91' title="bbox 420 4491 1992 4569">
     <span class='ocr_line' id='line_1_91' title="bbox 420 4491 1992 4569; baseline -0.006 -16"><span class='ocrx_word' id='word_1_671' title='bbox 420 4514 570 4561; x_wconf 89' lang='lat' dir='ltr'><strong>nem,</strong></span> <span class='ocrx_word' id='word_1_672' title='bbox 605 4497 1080 4569; x_wconf 85' lang='lat' dir='ltr'><strong>gracilitatemquc</strong></span> <span class='ocrx_word' id='word_1_673' title='bbox 1121 4493 1270 4547; x_wconf 90' lang='lat' dir='ltr'><strong>illam</strong></span> <span class='ocrx_word' id='word_1_674' title='bbox 1299 4491 1639 4562; x_wconf 86' lang='lat' dir='ltr'><strong>spiritualem</strong></span> <span class='ocrx_word' id='word_1_675' title='bbox 1674 4493 1849 4554; x_wconf 83' lang='lat' dir='ltr'><strong>vocati</strong></span> <span class='ocrx_word' id='word_1_676' title='bbox 1898 4508 1992 4545; x_wconf 92' lang='lat' dir='ltr'><strong>su-</strong></span> 
     </span>
    </p>
   </div>
   <div class='ocr_carea' id='block_1_92' title="bbox 423 4588 576 4642">
    <p class='ocr_par' dir='ltr' id='par_1_92' title="bbox 423 4588 576 4642">
     <span class='ocr_line' id='line_1_92' title="bbox 423 4588 576 4642; baseline -0.013 0"><span class='ocrx_word' id='word_1_677' title='bbox 423 4588 576 4642; x_wconf 86' lang='lat' dir='ltr'><strong>mus?</strong></span> 
     </span>
    </p>
   </div>
   <div class='ocr_carea' id='block_1_93' title="bbox 497 4677 1129 4734">
    <p class='ocr_par' dir='ltr' id='par_1_93' title="bbox 497 4677 1129 4734">
     <span class='ocr_line' id='line_1_93' title="bbox 497 4677 1129 4734; baseline -0.002 0"><span class='ocrx_word' id='word_1_678' title='bbox 497 4679 691 4734; x_wconf 85' lang='lat' dir='ltr'><strong>PALL.</strong></span> <span class='ocrx_word' id='word_1_679' title='bbox 724 4677 954 4733; x_wconf 74' lang='lat' dir='ltr'><strong>Maxime</strong></span> <span class='ocrx_word' id='word_1_680' title='bbox 979 4691 1129 4733; x_wconf 86' lang='lat' dir='ltr'><strong>vero.</strong></span> 
     </span>
    </p>
   </div>
   <div class='ocr_carea' id='block_1_94' title="bbox 493 4767 1988 4839">
    <p class='ocr_par' dir='ltr' id='par_1_94' title="bbox 493 4767 1988 4839">
     <span class='ocr_line' id='line_1_94' title="bbox 493 4767 1988 4839; baseline -0.004 -12"><span class='ocrx_word' id='word_1_681' title='bbox 493 4769 651 4827; x_wconf 81' lang='lat' dir='ltr'><strong>CYR.</strong></span> <span class='ocrx_word' id='word_1_682' title='bbox 675 4770 853 4839; x_wconf 86' lang='lat' dir='ltr'><strong>Atque</strong></span> <span class='ocrx_word' id='word_1_683' title='bbox 896 4770 1012 4823; x_wconf 84' lang='lat' dir='ltr'><strong>haec</strong></span> <span class='ocrx_word' id='word_1_684' title='bbox 1042 4770 1266 4839; x_wconf 88' lang='lat' dir='ltr'><strong>quidem</strong></span> <span class='ocrx_word' id='word_1_685' title='bbox 1305 4770 1574 4824; x_wconf 90' lang='lat' dir='ltr'><strong>hactenus</strong></span> <span class='ocrx_word' id='word_1_686' title='bbox 1616 4768 1683 4822; x_wconf 93' lang='lat' dir='ltr'><strong>dc</strong></span> <span class='ocrx_word' id='word_1_687' title='bbox 1710 4769 1880 4823; x_wconf 89' lang='lat' dir='ltr'><strong>sacris</strong></span> <span class='ocrx_word' id='word_1_688' title='bbox 1903 4767 1988 4821; x_wconf 55' lang='lat' dir='ltr'><strong>in»</strong></span> 
     </span>
    </p>
   </div>
   <div class='ocr_carea' id='block_1_95' title="bbox 423 4860 1993 4930">
    <p class='ocr_par' dir='ltr' id='par_1_95' title="bbox 423 4860 1993 4930">
     <span class='ocr_line' id='line_1_95' title="bbox 423 4860 1993 4930; baseline -0.003 -12"><span class='ocrx_word' id='word_1_689' title='bbox 423 4862 745 4919; x_wconf 83' lang='lat' dir='ltr'><strong>strumcntis</strong></span> <span class='ocrx_word' id='word_1_690' title='bbox 777 4861 981 4916; x_wconf 79' lang='lat' dir='ltr'><strong>dixisse</strong></span> <span class='ocrx_word' id='word_1_691' title='bbox 1013 4860 1263 4915; x_wconf 85' lang='lat' dir='ltr'><strong>suliiciat.</strong></span> <span class='ocrx_word' id='word_1_692' title='bbox 1298 4861 1416 4915; x_wconf 87' lang='lat' dir='ltr'><strong>Jam</strong></span> <span class='ocrx_word' id='word_1_693' title='bbox 1448 4875 1579 4915; x_wconf 89' lang='lat' dir='ltr'><strong>vero</strong></span> <span class='ocrx_word' id='word_1_694' title='bbox 1611 4861 1788 4930; x_wconf 89' lang='lat' dir='ltr'><strong>ipsum</strong></span> <span class='ocrx_word' id='word_1_695' title='bbox 1814 4861 1993 4915; x_wconf 88' lang='lat' dir='ltr'><strong>taber-</strong></span> 
     </span>
    </p>
   </div>
   <div class='ocr_carea' id='block_1_96' title="bbox 425 4950 1995 5021">
    <p class='ocr_par' dir='ltr' id='par_1_96' title="bbox 425 4950 1995 5021">
     <span class='ocr_line' id='line_1_96' title="bbox 425 4950 1995 5021; baseline -0.003 -14"><span class='ocrx_word' id='word_1_696' title='bbox 425 4952 684 5007; x_wconf 88' lang='lat' dir='ltr'><strong>naculum</strong></span> <span class='ocrx_word' id='word_1_697' title='bbox 706 4951 983 5020; x_wconf 91' lang='lat' dir='ltr'><strong>quomodo</strong></span> <span class='ocrx_word' id='word_1_698' title='bbox 1010 4952 1248 5021; x_wconf 89' lang='lat' dir='ltr'><strong>positum</strong></span> <span class='ocrx_word' id='word_1_699' title='bbox 1277 4950 1349 5004; x_wconf 87' lang='lat' dir='ltr'><strong>sit</strong></span> <span class='ocrx_word' id='word_1_700' title='bbox 1376 4958 1432 5004; x_wconf 89' lang='lat' dir='ltr'><strong>et</strong></span> <span class='ocrx_word' id='word_1_701' title='bbox 1461 4956 1821 5013; x_wconf 72' lang='lat' dir='ltr'><strong>exstructum,</strong></span> <span class='ocrx_word' id='word_1_702' title='bbox 1862 4964 1995 5004; x_wconf 87' lang='lat' dir='ltr'><strong>con-</strong></span> 
     </span>
    </p>
   </div>
   <div class='ocr_carea' id='block_1_97' title="bbox 428 5042 1993 5112">
    <p class='ocr_par' dir='ltr' id='par_1_97' title="bbox 428 5042 1993 5112">
     <span class='ocr_line' id='line_1_97' title="bbox 428 5042 1993 5112; baseline -0.003 -13"><span class='ocrx_word' id='word_1_703' title='bbox 428 5043 766 5099; x_wconf 84' lang='lat' dir='ltr'><strong>sideremus:</strong></span> <span class='ocrx_word' id='word_1_704' title='bbox 824 5044 1075 5112; x_wconf 89' lang='lat' dir='ltr'><strong>quamvis</strong></span> <span class='ocrx_word' id='word_1_705' title='bbox 1129 5052 1312 5097; x_wconf 90' lang='lat' dir='ltr'><strong>autem</strong></span> <span class='ocrx_word' id='word_1_706' title='bbox 1339 5058 1403 5096; x_wconf 92' lang='lat' dir='ltr'><strong>ea</strong></span> <span class='ocrx_word' id='word_1_707' title='bbox 1445 5056 1534 5095; x_wconf 87' lang='lat' dir='ltr'><strong>res</strong></span> <span class='ocrx_word' id='word_1_708' title='bbox 1586 5042 1868 5096; x_wconf 85' lang='lat' dir='ltr'><strong>recondita</strong></span> <span class='ocrx_word' id='word_1_709' title='bbox 1901 5042 1993 5105; x_wconf 89' lang='lat' dir='ltr'><strong>sit,</strong></span> 
     </span>
    </p>
   </div>
   <div class='ocr_carea' id='block_1_98' title="bbox 425 5131 1996 5206">
    <p class='ocr_par' dir='ltr' id='par_1_98' title="bbox 425 5131 1996 5206">
     <span class='ocr_line' id='line_1_98' title="bbox 425 5131 1996 5206; baseline -0.002 -15"><span class='ocrx_word' id='word_1_710' title='bbox 425 5143 787 5205; x_wconf 90' lang='lat' dir='ltr'><strong>nostrumque</strong></span> <span class='ocrx_word' id='word_1_711' title='bbox 843 5136 1066 5191; x_wconf 92' lang='lat' dir='ltr'><strong>modum</strong></span> <span class='ocrx_word' id='word_1_712' title='bbox 1118 5143 1360 5206; x_wconf 87' lang='lat' dir='ltr'><strong>superet,</strong></span> <span class='ocrx_word' id='word_1_713' title='bbox 1405 5133 1541 5188; x_wconf 89' lang='lat' dir='ltr'><strong>nihil</strong></span> <span class='ocrx_word' id='word_1_714' title='bbox 1599 5141 1776 5187; x_wconf 89' lang='lat' dir='ltr'><strong>tamen</strong></span> <span class='ocrx_word' id='word_1_715' title='bbox 1827 5131 1996 5188; x_wconf 84' lang='lat' dir='ltr'><strong>ollicit</strong></span> 
     </span>
    </p>
   </div>
   <div class='ocr_carea' id='block_1_99' title="bbox 426 5224 1998 5296">
    <p class='ocr_par' dir='ltr' id='par_1_99' title="bbox 426 5224 1998 5296">
     <span class='ocr_line' id='line_1_99' title="bbox 426 5224 1998 5296; baseline -0.003 -15"><span class='ocrx_word' id='word_1_716' title='bbox 426 5226 653 5283; x_wconf 88' lang='lat' dir='ltr'><strong>omnino</strong></span> <span class='ocrx_word' id='word_1_717' title='bbox 714 5227 1009 5295; x_wconf 88' lang='lat' dir='ltr'><strong>quominus</strong></span> <span class='ocrx_word' id='word_1_718' title='bbox 1060 5227 1304 5296; x_wconf 86' lang='lat' dir='ltr'><strong>undique</strong></span> <span class='ocrx_word' id='word_1_719' title='bbox 1354 5226 1599 5280; x_wconf 90' lang='lat' dir='ltr'><strong>studiose</strong></span> <span class='ocrx_word' id='word_1_720' title='bbox 1677 5224 1998 5294; x_wconf 81' lang='lat' dir='ltr'><strong>colligamus</strong></span> 
     </span>
    </p>
   </div>
   <div class='ocr_carea' id='block_1_100' title="bbox 424 5314 1993 5386">
    <p class='ocr_par' dir='ltr' id='par_1_100' title="bbox 424 5314 1993 5386">
     <span class='ocr_line' id='line_1_100' title="bbox 424 5314 1993 5386; baseline -0.001 -16"><span class='ocrx_word' id='word_1_721' title='bbox 424 5315 570 5386; x_wconf 86' lang='lat' dir='ltr'><strong>quod</strong></span> <span class='ocrx_word' id='word_1_722' title='bbox 602 5315 735 5371; x_wconf 85' lang='lat' dir='ltr'><strong>utile</strong></span> <span class='ocrx_word' id='word_1_723' title='bbox 768 5316 859 5379; x_wconf 77' lang='lat' dir='ltr'><strong>sit,</strong></span> <span class='ocrx_word' id='word_1_724' title='bbox 892 5324 948 5369; x_wconf 91' lang='lat' dir='ltr'><strong>et</strong></span> <span class='ocrx_word' id='word_1_725' title='bbox 976 5331 1038 5369; x_wconf 84' lang='lat' dir='ltr'><strong>ea</strong></span> <span class='ocrx_word' id='word_1_726' title='bbox 1079 5316 1243 5369; x_wconf 68' lang='lat' dir='ltr'><strong>etiam</strong></span> <span class='ocrx_word' id='word_1_727' title='bbox 1295 5332 1417 5386; x_wconf 68' lang='lat' dir='ltr'><strong>qum</strong></span> <span class='ocrx_word' id='word_1_728' title='bbox 1462 5316 1621 5385; x_wconf 85' lang='lat' dir='ltr'><strong>longe</strong></span> <span class='ocrx_word' id='word_1_729' title='bbox 1673 5314 1993 5369; x_wconf 81' lang='lat' dir='ltr'><strong>sublimiora</strong></span> 
     </span>
    </p>
   </div>
   <div class='ocr_carea' id='block_1_101' title="bbox 424 5406 1551 5475">
    <p class='ocr_par' dir='ltr' id='par_1_101' title="bbox 424 5406 1551 5475">
     <span class='ocr_line' id='line_1_101' title="bbox 424 5406 1551 5475; baseline -0.004 -13"><span class='ocrx_word' id='word_1_730' title='bbox 424 5413 575 5472; x_wconf 83' lang='lat' dir='ltr'><strong>sunt,</strong></span> <span class='ocrx_word' id='word_1_731' title='bbox 600 5406 779 5475; x_wconf 86' lang='lat' dir='ltr'><strong>quoad</strong></span> <span class='ocrx_word' id='word_1_732' title='bbox 814 5420 1122 5475; x_wconf 81' lang='lat' dir='ltr'><strong>possumus,</strong></span> <span class='ocrx_word' id='word_1_733' title='bbox 1151 5406 1551 5474; x_wconf 70' lang='lat' dir='ltr'><strong>aggrediantur.</strong></span> 
     </span>
    </p>
   </div>
   <div class='ocr_carea' id='block_1_102' title="bbox 510 5590 965 5659">
    <p class='ocr_par' dir='ltr' id='par_1_102' title="bbox 510 5590 965 5659">
     <span class='ocr_line' id='line_1_102' title="bbox 510 5590 965 5659; baseline -0.007 -14"><span class='ocrx_word' id='word_1_734' title='bbox 510 5590 551 5625; x_wconf 78' lang='grc'><strong>⁵³</strong></span> <span class='ocrx_word' id='word_1_735' title='bbox 581 5591 746 5650; x_wconf 85' lang='lat' dir='ltr'><strong>ilcbr.</strong></span> <span class='ocrx_word' id='word_1_736' title='bbox 776 5607 888 5659; x_wconf 68' lang='lat' dir='ltr'><strong>vui,</strong></span> <span class='ocrx_word' id='word_1_737' title='bbox 913 5591 965 5643; x_wconf 70' lang='grc' dir='ltr'><strong>εὶ.</strong></span> 
     </span>
    </p>
   </div>
   <div class='ocr_carea' id='block_1_103' title="bbox 1043 5588 2019 5657">
    <p class='ocr_par' dir='ltr' id='par_1_103' title="bbox 1043 5588 2019 5657">
     <span class='ocr_line' id='line_1_103' title="bbox 1043 5588 2019 5657; baseline -0.003 -15"><span class='ocrx_word' id='word_1_738' title='bbox 1043 5590 1083 5619; x_wconf 70' lang='grc'><strong>⁸⁸³</strong></span> <span class='ocrx_word' id='word_1_739' title='bbox 1105 5589 1262 5642; x_wconf 83' lang='lat' dir='ltr'><strong>Rom.</strong></span> <span class='ocrx_word' id='word_1_740' title='bbox 1308 5605 1398 5657; x_wconf 74' lang='lat' dir='ltr'><strong>xu,</strong></span> <span class='ocrx_word' id='word_1_741' title='bbox 1429 5590 1473 5641; x_wconf 90' lang='lat' dir='ltr'><strong>l.</strong></span> <span class='ocrx_word' id='word_1_742' title='bbox 1557 5593 1599 5621; x_wconf 67' lang='lat'><strong><em>“3</em></strong></span> <span class='ocrx_word' id='word_1_743' title='bbox 1630 5591 1649 5645; x_wconf 86' lang='grc' dir='ltr'><strong>Ι</strong></span> <span class='ocrx_word' id='word_1_744' title='bbox 1682 5590 1803 5644; x_wconf 77' lang='lat' dir='ltr'><strong>Cor.</strong></span> <span class='ocrx_word' id='word_1_745' title='bbox 1835 5607 1905 5653; x_wconf 52' lang='grc' dir='ltr'><strong>τι,</strong></span> <span class='ocrx_word' id='word_1_746' title='bbox 1938 5588 2019 5640; x_wconf 63' lang='lat'><strong>&#39;20.</strong></span> 
     </span>
    </p>
   </div>
   <div class='ocr_carea' id='block_1_104' title="bbox 2093 4399 3674 4479">
    <p class='ocr_par' dir='ltr' id='par_1_104' title="bbox 2093 4399 3674 4479">
     <span class='ocr_line' id='line_1_104' title="bbox 2093 4399 3674 4479; baseline -0.006 -18"><span class='ocrx_word' id='word_1_747' title='bbox 2093 4407 2449 4476; x_wconf 73' lang='grc' dir='ltr'>κεκλημένοις</span> <span class='ocrx_word' id='word_1_748' title='bbox 2489 4405 2567 4467; x_wconf 85' lang='grc' dir='ltr'><strong>είς</strong></span> <span class='ocrx_word' id='word_1_749' title='bbox 2603 4399 2871 4471; x_wconf 80' lang='grc' dir='ltr'>ἁγιασμὸν</span> <span class='ocrx_word' id='word_1_750' title='bbox 2913 4400 3008 4459; x_wconf 69' lang='grc' dir='ltr'><strong>καὶ</strong></span> <span class='ocrx_word' id='word_1_751' title='bbox 3044 4399 3333 4479; x_wconf 76' lang='grc' dir='ltr'>ἰσχνότητα</span> <span class='ocrx_word' id='word_1_752' title='bbox 3364 4400 3462 4472; x_wconf 82' lang='grc' dir='ltr'>τὴν</span> <span class='ocrx_word' id='word_1_753' title='bbox 3505 4415 3674 4452; x_wconf 72' lang='grc' dir='ltr'>πνεύ-</span> 
     </span>
    </p>
   </div>
   <div class='ocr_carea' id='block_1_105' title="bbox 2098 4499 2365 4571">
    <p class='ocr_par' dir='ltr' id='par_1_105' title="bbox 2098 4499 2365 4571">
     <span class='ocr_line' id='line_1_105' title="bbox 2098 4499 2365 4571; baseline -0.026 -18"><span class='ocrx_word' id='word_1_754' title='bbox 2098 4499 2329 4571; x_wconf 70' lang='grc' dir='ltr'>ματικήν</span> <span class='ocrx_word' id='word_1_755' title='bbox 2352 4514 2365 4559; x_wconf 85' lang='lat'>;</span> 
     </span>
    </p>
   </div>
   <div class='ocr_carea' id='block_1_106' title="bbox 2166 4668 2820 4743">
    <p class='ocr_par' dir='ltr' id='par_1_106' title="bbox 2166 4668 2820 4743">
     <span class='ocr_line' id='line_1_106' title="bbox 2166 4668 2820 4743; baseline -0.011 -13"><span class='ocrx_word' id='word_1_756' title='bbox 2166 4676 2374 4730; x_wconf 72' lang='grc' dir='ltr'><strong>ῙΙΛΛΛ.</strong></span> <span class='ocrx_word' id='word_1_757' title='bbox 2404 4674 2552 4728; x_wconf 85' lang='grc' dir='ltr'>Πάνυ</span> <span class='ocrx_word' id='word_1_758' title='bbox 2585 4674 2684 4743; x_wconf 75' lang='grc' dir='ltr'>μὲν</span> <span class='ocrx_word' id='word_1_759' title='bbox 2710 4668 2820 4727; x_wconf 74' lang='grc' dir='ltr'>οὖν.</span> 
     </span>
    </p>
   </div>
   <div class='ocr_carea' id='block_1_107' title="bbox 2160 4758 3676 4835">
    <p class='ocr_par' dir='ltr' id='par_1_107' title="bbox 2160 4758 3676 4835">
     <span class='ocr_line' id='line_1_107' title="bbox 2160 4758 3676 4835; baseline -0.008 -15"><span class='ocrx_word' id='word_1_760' title='bbox 2160 4768 2323 4821; x_wconf 80' lang='grc' dir='ltr'><strong>ΚΥΡ.</strong></span> <span class='ocrx_word' id='word_1_761' title='bbox 2359 4764 2522 4819; x_wconf 86' lang='grc' dir='ltr'>Ἀλλὰ</span> <span class='ocrx_word' id='word_1_762' title='bbox 2545 4767 2701 4819; x_wconf 81' lang='grc' dir='ltr'>ταυτὶ</span> <span class='ocrx_word' id='word_1_763' title='bbox 2733 4765 2830 4835; x_wconf 82' lang='grc' dir='ltr'><strong>μὲν</strong></span> <span class='ocrx_word' id='word_1_764' title='bbox 2858 4766 2936 4828; x_wconf 84' lang='grc' dir='ltr'><strong>εἰς</strong></span> <span class='ocrx_word' id='word_1_765' title='bbox 2976 4763 3037 4817; x_wconf 79' lang='grc' dir='ltr'>τὸ</span> <span class='ocrx_word' id='word_1_766' title='bbox 3068 4763 3239 4833; x_wconf 72' lang='grc' dir='ltr'>παρὸν</span> <span class='ocrx_word' id='word_1_767' title='bbox 3268 4758 3476 4813; x_wconf 82' lang='grc' dir='ltr'>σκευῶν</span> <span class='ocrx_word' id='word_1_768' title='bbox 3504 4758 3676 4828; x_wconf 81' lang='grc' dir='ltr'>ἱερῶν</span> 
     </span>
    </p>
   </div>
   <div class='ocr_carea' id='block_1_108' title="bbox 2088 4850 3676 4929">
    <p class='ocr_par' dir='ltr' id='par_1_108' title="bbox 2088 4850 3676 4929">
     <span class='ocr_line' id='line_1_108' title="bbox 2088 4850 3676 4929; baseline -0.008 -19"><span class='ocrx_word' id='word_1_769' title='bbox 2088 4857 2328 4929; x_wconf 77' lang='grc' dir='ltr'>εἰρήσθω</span> <span class='ocrx_word' id='word_1_770' title='bbox 2350 4855 2499 4928; x_wconf 82' lang='grc' dir='ltr'>πέρι.</span> <span class='ocrx_word' id='word_1_771' title='bbox 2526 4855 2661 4925; x_wconf 84' lang='grc' dir='ltr'>Φέρε</span> <span class='ocrx_word' id='word_1_772' title='bbox 2691 4856 2767 4921; x_wconf 82' lang='grc' dir='ltr'>δὲ,</span> <span class='ocrx_word' id='word_1_773' title='bbox 2797 4857 2845 4908; x_wconf 90' lang='grc' dir='ltr'><strong>εί</strong></span> <span class='ocrx_word' id='word_1_774' title='bbox 2864 4854 3028 4918; x_wconf 83' lang='grc' dir='ltr'>δοκεῖ,</span> <span class='ocrx_word' id='word_1_775' title='bbox 3062 4853 3157 4905; x_wconf 73' lang='grc' dir='ltr'><strong>καὶ</strong></span> <span class='ocrx_word' id='word_1_776' title='bbox 3178 4850 3346 4920; x_wconf 79' lang='grc' dir='ltr'>αὐτὴν</span> <span class='ocrx_word' id='word_1_777' title='bbox 3368 4851 3497 4920; x_wconf 79' lang='grc' dir='ltr'>ἡμῖν</span> <span class='ocrx_word' id='word_1_778' title='bbox 3522 4850 3676 4910; x_wconf 79' lang='grc' dir='ltr'>ὅπως</span> 
     </span>
    </p>
   </div>
   <div class='ocr_carea' id='block_1_109' title="bbox 2090 4936 3674 5016">
    <p class='ocr_par' dir='ltr' id='par_1_109' title="bbox 2090 4936 3674 5016">
     <span class='ocr_line' id='line_1_109' title="bbox 2090 4936 3674 5016; baseline -0.004 -19"><span class='ocrx_word' id='word_1_779' title='bbox 2090 4946 2202 5016; x_wconf 81' lang='grc' dir='ltr'>ἔχει</span> <span class='ocrx_word' id='word_1_780' title='bbox 2230 4943 2430 5008; x_wconf 85' lang='grc' dir='ltr'>θέσεώς</span> <span class='ocrx_word' id='word_1_781' title='bbox 2454 4961 2514 4999; x_wconf 88' lang='grc' dir='ltr'><strong>τε</strong></span> <span class='ocrx_word' id='word_1_782' title='bbox 2544 4944 2636 4999; x_wconf 72' lang='grc' dir='ltr'><strong>καὶ</strong></span> <span class='ocrx_word' id='word_1_783' title='bbox 2664 4944 3006 5015; x_wconf 80' lang='grc' dir='ltr'>κατασκευῆς</span> <span class='ocrx_word' id='word_1_784' title='bbox 3029 4937 3537 5010; x_wconf 69' lang='grc' dir='ltr'>κατασκεπιῦμεθα</span> <span class='ocrx_word' id='word_1_785' title='bbox 3570 4936 3674 5007; x_wconf 82' lang='grc' dir='ltr'>τὴν</span> 
     </span>
    </p>
   </div>
   <div class='ocr_carea' id='block_1_110' title="bbox 2096 5030 3674 5107">
    <p class='ocr_par' dir='ltr' id='par_1_110' title="bbox 2096 5030 3674 5107">
     <span class='ocr_line' id='line_1_110' title="bbox 2096 5030 3674 5107; baseline -0.006 -18"><span class='ocrx_word' id='word_1_786' title='bbox 2096 5038 2320 5107; x_wconf 78' lang='grc' dir='ltr'>σκηνήν.</span> <span class='ocrx_word' id='word_1_787' title='bbox 2353 5037 2463 5090; x_wconf 72' lang='grc' dir='ltr'><strong>Καὶ</strong></span> <span class='ocrx_word' id='word_1_788' title='bbox 2490 5036 2626 5106; x_wconf 79' lang='grc' dir='ltr'>βαθὺ</span> <span class='ocrx_word' id='word_1_789' title='bbox 2661 5037 2759 5107; x_wconf 81' lang='grc' dir='ltr'><strong>μὲν</strong></span> <span class='ocrx_word' id='word_1_790' title='bbox 2786 5037 2845 5090; x_wconf 76' lang='grc' dir='ltr'>τὸ</span> <span class='ocrx_word' id='word_1_791' title='bbox 2875 5036 3084 5107; x_wconf 82' lang='grc' dir='ltr'>χρῆμα,</span> <span class='ocrx_word' id='word_1_792' title='bbox 3116 5033 3209 5086; x_wconf 69' lang='grc' dir='ltr'><strong>καὶ</strong></span> <span class='ocrx_word' id='word_1_793' title='bbox 3236 5031 3344 5085; x_wconf 87' lang='grc' dir='ltr'><strong>τῶν</strong></span> <span class='ocrx_word' id='word_1_794' title='bbox 3371 5030 3491 5083; x_wconf 84' lang='grc' dir='ltr'>καθ’</span> <span class='ocrx_word' id='word_1_795' title='bbox 3522 5030 3674 5099; x_wconf 75' lang='grc' dir='ltr'>ἡμᾶς</span> 
     </span>
    </p>
   </div>
   <div class='ocr_carea' id='block_1_111' title="bbox 2100 5119 3670 5201">
    <p class='ocr_par' dir='ltr' id='par_1_111' title="bbox 2100 5119 3670 5201">
     <span class='ocr_line' id='line_1_111' title="bbox 2100 5119 3670 5201; baseline -0.009 -16"><span class='ocrx_word' id='word_1_796' title='bbox 2100 5131 2355 5185; x_wconf 75' lang='grc' dir='ltr'>ἐπέκεινα</span> <span class='ocrx_word' id='word_1_797' title='bbox 2397 5129 2608 5201; x_wconf 83' lang='grc' dir='ltr'>μέτρων</span> <span class='ocrx_word' id='word_1_798' title='bbox 2626 5171 2640 5197; x_wconf 86' lang='grc'><strong>,</strong></span> <span class='ocrx_word' id='word_1_799' title='bbox 2673 5129 2868 5199; x_wconf 75' lang='grc' dir='ltr'>βλάϐος</span> <span class='ocrx_word' id='word_1_800' title='bbox 2893 5129 2949 5182; x_wconf 81' lang='grc' dir='ltr'><strong>δὲ</strong></span> <span class='ocrx_word' id='word_1_801' title='bbox 2977 5124 3128 5198; x_wconf 82' lang='grc' dir='ltr'>οἶμαι</span> <span class='ocrx_word' id='word_1_802' title='bbox 3157 5125 3218 5179; x_wconf 81' lang='grc' dir='ltr'><strong>τὸ</strong></span> <span class='ocrx_word' id='word_1_803' title='bbox 3253 5123 3470 5195; x_wconf 85' lang='grc' dir='ltr'>σύμπαν</span> <span class='ocrx_word' id='word_1_804' title='bbox 3493 5119 3670 5185; x_wconf 70' lang='grc' dir='ltr'>οὐδὲν,</span> 
     </span>
    </p>
   </div>
   <div class='ocr_carea' id='block_1_112' title="bbox 2102 5213 3674 5295">
    <p class='ocr_par' dir='ltr' id='par_1_112' title="bbox 2102 5213 3674 5295">
     <span class='ocr_line' id='line_1_112' title="bbox 2102 5213 3674 5295; baseline -0.009 -17"><span class='ocrx_word' id='word_1_805' title='bbox 2102 5223 2437 5295; x_wconf 72' lang='grc' dir='ltr'>πανταχόθεν</span> <span class='ocrx_word' id='word_1_806' title='bbox 2482 5225 2628 5295; x_wconf 77' lang='grc' dir='ltr'>ἡμᾶς</span> <span class='ocrx_word' id='word_1_807' title='bbox 2671 5222 3011 5295; x_wconf 75' lang='grc' dir='ltr'>ἐρανίζεσθαι</span> <span class='ocrx_word' id='word_1_808' title='bbox 3049 5222 3220 5291; x_wconf 80' lang='grc' dir='ltr'>φιλεῖν</span> <span class='ocrx_word' id='word_1_809' title='bbox 3264 5218 3326 5271; x_wconf 76' lang='grc' dir='ltr'>τὸ</span> <span class='ocrx_word' id='word_1_810' title='bbox 3364 5213 3548 5269; x_wconf 81' lang='grc' dir='ltr'>τελοῢν</span> <span class='ocrx_word' id='word_1_811' title='bbox 3590 5214 3674 5276; x_wconf 87' lang='grc' dir='ltr'>εἰς</span> 
     </span>
    </p>
   </div>
   <div class='ocr_carea' id='block_1_113' title="bbox 2062 5302 3673 5385">
    <p class='ocr_par' dir='ltr' id='par_1_113' title="bbox 2062 5302 3673 5385">
     <span class='ocr_line' id='line_1_113' title="bbox 2062 5302 3673 5385; baseline -0.006 -18"><span class='ocrx_word' id='word_1_812' title='bbox 2062 5330 2069 5337; x_wconf 87' lang='lat'><strong>&#39;</strong></span> <span class='ocrx_word' id='word_1_813' title='bbox 2100 5315 2304 5385; x_wconf 68' lang='grc' dir='ltr'>ὄνησιν,</span> <span class='ocrx_word' id='word_1_814' title='bbox 2337 5316 2558 5377; x_wconf 71' lang='grc' dir='ltr'>καὶτοῖς</span> <span class='ocrx_word' id='word_1_815' title='bbox 2584 5314 2719 5382; x_wconf 74' lang='grc' dir='ltr'>ἄγαν</span> <span class='ocrx_word' id='word_1_816' title='bbox 2751 5313 3166 5385; x_wconf 73' lang='grc' dir='ltr'>ύπερκειμὲνοις</span> <span class='ocrx_word' id='word_1_817' title='bbox 3191 5311 3264 5373; x_wconf 80' lang='grc' dir='ltr'><strong>ὡς</strong></span> <span class='ocrx_word' id='word_1_818' title='bbox 3294 5308 3371 5362; x_wconf 84' lang='grc' dir='ltr'><strong>ἔνι</strong></span> <span class='ocrx_word' id='word_1_819' title='bbox 3401 5302 3673 5377; x_wconf 75' lang='grc' dir='ltr'>προσϐἁλ-</span> 
     </span>
    </p>
   </div>
   <div class='ocr_carea' id='block_1_114' title="bbox 2100 5405 2307 5459">
    <p class='ocr_par' dir='ltr' id='par_1_114' title="bbox 2100 5405 2307 5459">
     <span class='ocr_line' id='line_1_114' title="bbox 2100 5405 2307 5459; baseline 0.014 -3"><span class='ocrx_word' id='word_1_820' title='bbox 2100 5405 2307 5459; x_wconf 59' lang='grc' dir='ltr'>λοντῖς.</span> 
     </span>
    </p>
   </div>
  </div>
