3962 6296
247 339 461 393 ΠΑΛΛ.
496 331 570 391 Εὖ
605 333 767 405 ἔφης.
854 320 863 326 ’

244 431 414 486 ΚΪῬ.
456 429 519 481 Et
563 426 664 497 μὲν
714 420 811 479 οὖν
860 423 1035 477 ἓλοιτό
1081 440 1165 486 τις
1202 423 1342 489 άγαν
1396 419 1765 491 ίσχνομυθεῖν,

181 522 391 598 μακρὸς
418 520 487 575 ἂν
516 517 734 591 γένοιτο
768 517 862 570 καὶ
894 514 1222 585 πολυσχιδὴς
1248 514 1277 565 ό
1320 512 1403 582 ἐφ’
1433 511 1648 581 ἑκάστῳ
1682 509 1771 562 λό-

178 596 298 681 γος.
334 608 536 663 ’ἰστέον
566 607 625 663 δὲ
649 608 756 669 ὅτι,
779 603 848 658 τά
873 603 971 673 μὲν
995 600 1206 657 σκευῶν
1227 600 1321 654 καὶ
1342 598 1575 670 θεωρίας
1599 596 1769 667 ἀγχοῦ

180 703 277 757 καὶ
298 701 473 769 λόγων
504 696 625 751 ἐστὶ
673 692 951 767 μυστικῶν
972 733 986 757 ,
1012 691 1082 745 τὰ
1109 691 1166 744 δὲ
1203 691 1282 752 είς
1316 688 1519 758 κόσμον
1567 705 1627 741 τε
1677 688 1770 741 καὶ

185 791 371 864 χρείαν
411 784 882 859 ὲκμεμηχάνηται
924 780 1028 851 τῆς
1068 779 1309 850 σκηνῆς⁸
1353 774 1641 847 ὑποτεμὼν
1690 774 1771 843 δὲ,

183 885 256 947 ὡς
281 882 393 946 ενι,
430 879 497 934 τὸ
525 879 702 950 μῆκος
722 873 818 933 τοῦ
854 874 1015 942 λόγου
1038 912 1052 937 ,
1087 874 1145 925 ὲν
1188 870 1449 942 βραχέσιν
1496 867 1643 939 ἐρῶ,
1675 867 1772 920 καὶ

187 972 431 1029 συστελῶ
465 972 530 1024 τὸ
575 969 844 1040 διήγημα.
890 966 1039 1037 Ἔφη
1081 963 1281 1026 τοίνυν,
1328 963 1411 1016 ὅτι
1458 980 1477 1013 ι
1512 959 1622 1013 Καὶ
1670 959 1771 1030 τὴν

188 1065 390 1138 σκηνὴν
416 1064 667 1135 ποιήσεις
696 1060 832 1116 δέκα
860 1056 1111 1122 αὐλαίας,
1138 1057 1202 1110 ὲκ
1232 1054 1430 1125 βύσσου
1455 1049 1773 1120 κεκλωσμέ-

188 1176 303 1230 νης,
327 1157 425 1209 καὶ
442 1152 702 1208 ὑακίνθου
722 1150 818 1204 καὶ
838 1146 1148 1220 πορφύρας,
1168 1146 1263 1203 καὶ
1286 1143 1541 1197 κοκκίνου
1564 1139 1771 1195 κεκλω-

190 1250 407 1321 σμένου.
440 1244 731 1317 Χερουὸὶμ
754 1242 1015 1312 ἐργασίαν
1049 1238 1286 1310 ὑφαντοῦ
1314 1237 1558 1306 ποιήσεις
1590 1232 1730 1288 αὐτά
1752 1249 1768 1263 ’

193 1342 359 1417 μῆκος
387 1338 491 1410 τῆς
513 1335 744 1398 αὐλαίας
766 1335 864 1405 τῆς
890 1334 1040 1404 μιᾶς,
1063 1330 1209 1387 ὀκτὼ
1232 1329 1327 1385 καλ⁵
1353 1328 1525 1382 εἴκοσι
1551 1326 1768 1396 πήχεις,

189 1415 275 1494 καὶ
302 1430 467 1506 εὖρος
496 1431 782 1503 τεσσάρων
826 1429 1047 1498 πήχεων
1082 1424 1117 1496 ἠ
1155 1420 1354 1476 αὐλαία
1379 1422 1413 1490 ἡ
1447 1417 1544 1489 μία
1581 1415 1767 1506 ἔσται’

193 1505 384 1600 μέτρον
407 1526 473 1579 τὸ
495 1522 629 1579 αὐτὸ
652 1521 805 1576 ἔσται
831 1518 1035 1581 πάσαις
1055 1517 1175 1578 ταῖς
1202 1510 1472 1575 αὐλαίαις.
1507 1507 1680 1562 Πέντε
1711 1505 1772 1559 δὲ

188 1599 404 1674 αὐλαῖαι
447 1615 664 1669 ἔσονται
708 1610 768 1678 ἐξ
798 1609 1043 1681 ἀλλήλων
1085 1604 1440 1675 συνεχόμεναι
1461 1642 1477 1668 ,
1510 1600 1673 1672 ἑτέρα
1703 1599 1770 1652 ὲκ

184 1714 280 1781 τῆς
317 1710 549 1780 ἑτέρας,
582 1705 677 1760 καὶ
703 1703 864 1757 πέντε
893 1701 1115 1755 αὐλαῖαι
1143 1698 1358 1751 ἔσονται
1386 1694 1764 1767 συνεχόμεναι,
1800 1686 1842 1741 Β

188 1802 345 1873 ἑτέρᾳ
369 1802 441 1871 τῇ
474 1797 656 1869 ἑτέρᾳ.
698 1814 717 1847 ι
751 1793 893 1847 Δέκα
934 1790 1032 1862 μὲν
1056 1785 1149 1844 οὖν
1177 1789 1234 1842 αί
1271 1788 1491 1842 αὐλαῖαι
1534 1787 1632 1841 καὶ¹
1658 1786 1762 1841 άλ-

187 1895 357 1964 λήλων
391 1888 567 1960 ἀπρὶξ
596 1885 842 1959 ήμμέναι
863 1899 879 1915 υ
928 1881 1121 1936 πολλαὶ
1156 1879 1266 1952 γὰρ
1303 1879 1464 1951 μοναὶ
1499 1878 1650 1949 παρὰ
1689 1878 1767 1950 τῷ

189 1985 360 2057 Πατρὶ
378 2026 395 2053 ,
419 1981 656 2040 καὶιτῶν
688 1974 1040 2032 ἐνοικούντων
1068 1973 1255 2035 αὑταῖς
1284 1968 1367 2035 εἷς
1407 1987 1511 2024 που
1547 1971 1765 2025 πάντων

191 2078 277 2132 καὶ
308 2078 459 2140 ὅσιος
484 2076 513 2129 ό
553 2072 776 2136 σκοπὸς,
806 2069 903 2141 μία
934 2068 991 2123 δὲ
1023 2067 1118 2120 καὶ
1146 2067 1180 2136 ἡ
1210 2064 1340 2135 περὶ
1372 2062 1510 2116 Θεοῦ
1540 2061 1761 2131 γνῶσις.

200 2170 284 2229 Ἐν
319 2170 432 2239 γὰρ
463 2167 656 2240 εἰρήνῃ
687 2163 954 2232 κέκληκεν
990 2159 1137 2230 ἡμᾶς
1165 2158 1195 2210 ό
1223 2156 1374 2221 Θεὸς,
1408 2153 1552 2208 κατὰ
1578 2152 1640 2206 τὸ
1675 2169 1767 2222 γε-

191 2261 525 2333 γραμμένον.
569 2255 794 2327 Ἐκδέξῃ
824 2253 901 2318 δὲ,
933 2253 982 2304 εί
1020 2250 1189 2315 δοκεῖ,
1228 2248 1328 2311 τὰς
1355 2247 1486 2300 δέκα
1517 2240 1766 2313 αὐλαίαᾷ

194 2351 321 2415 εἷναί
335 2371 397 2406 τε
424 2353 587 2424 οἰήσῃ
606 2350 667 2405 τὸ
683 2348 953 2419 πλήρωμα
967 2344 1072 2398 τῶν
1093 2344 1171 2407 εἰς
1197 2341 1397 2413 κόσμον
1412 2337 1768 2410 Ἔκκλησιῶν,

194 2447 248 2500 οὗ
274 2442 692 2516 διεσπαρμένων
725 2442 808 2503 εἰς
832 2437 1098 2509 διχόνοιαν
1118 2476 1132 2501 ,
1162 2432 1196 2504 ἢ
1220 2434 1302 2497 είς
1329 2431 1660 2503 ἀσύμφωνον
1683 2428 1775 2483 δό-

196 2538 284 2603 ξαν
306 2577 322 2601 ,
354 2535 472 2590 ἀλλ’
503 2531 802 2606 ήνωμένων
848 2530 906 2581 ὲν
953 2524 1264 2596 πνεύματι,
1315 2522 1410 2577 καὶ
1448 2522 1612 2576 οἱονεί
1650 2537 1770 2584 πως

198 2622 638 2695 συνεσφιγμένων
676 2621 754 2684 είς
788 2617 845 2679 ἰν
876 2615 999 2670 καθ’
1034 2613 1261 2685 ἑνότητα
1303 2611 1404 2683 τὴν
1447 2612 1506 2664 ὲν
1548 2608 1771 2680 Χριστῷ

197 2719 278 2773 διὰ
304 2718 566 2778 πίστεως.
598 2707 885 2781 Πανταχοῦ
913 2706 1021 2779 γάρ
1063 2707 1161 2760 καὶ
1205 2708 1271 2781 ὲν,
1294 2705 1499 2768 πάσαις
1541 2697 1625 2768 εἷς
1653 2702 1771 2757 Κύ-

200 2828 327 2884 ριος,
356 2809 458 2880 μία
486 2774 690 2868 πίστις,
719 2802 776 2856 ἓν
791 2774 1108 2872 βάπτισμα,
1132 2774 1340 2861 Πλάτος
1360 2797 1417 2851 δὲ
1439 2795 1645 2870 ἑκάστῃ
1662 2793 1774 2848 τῶν

198 2900 430 2959 αὐλιτῶν
464 2900 662 2970 πήχεις
709 2895 1004 2964 τέσσαρες,
1046 2892 1142 2945 καὶ
1178 2888 1322 2948 ὀκτὼ
1368 2890 1463 2943 καὶ
1506 2888 1679 2943 εἰκοσι
1711 2886 1774 2939 τὸ

201 2996 384 3066 μῆκος,
426 2991 543 3050 Καὶ
572 2987 861 3063 περίεργον
896 2984 995 3058 μὲν
1042 2984 1134 3039 καὶ
1180 2980 1358 3053 ίσχνὸν
1407 2980 1469 3034 τὸ
1514 2980 1767 3049 αῐνιγμα,

200 3083 328 3155 πλὴν
352 3077 512 3152 οἶμαι
538 3072 872 3146 καταδηλοῶ
906 3071 1039 3129 αὐτὸ
1072 3069 1363 3132 σκοτεινῶς
1397 3084 1459 3127 τε
1495 3068 1588 3122 καὶ
1628 3068 1770 3138 ἀμυ-

198 3175 355 3246 δρῶς,
382 3174 469 3227 ὅτι
509 3170 604 3225 καὶ
645 3171 679 3241 ἡ
711 3165 800 3222 διὰ
841 3165 1006 3236 νόμον
1037 3162 1314 3224 παίδευσις
1342 3160 1505 3231 δεκτή
1548 3177 1667 3224 πως
1712 3159 1771 3212 ὲν

210 3263 573 3335 Ἐκκλησίαις,
610 3258 901 3328 στενοτάτη
934 3257 1031 3327 μὲν
1057 3249 1191 3309 οὖσα
1213 3253 1300 3312 διά
1330 3269 1393 3325 γε
1422 3253 1483 3306 τὸ
1510 3253 1769 3322 άσυμφα-

198 3358 277 3420 νὲς
298 3354 395 3408 τοῦ
428 3353 755 3424 γράμματος
773 3366 787 3381 ·
826 3346 1107 3417 προϊόντος
1137 3359 1201 3413 γε
1232 3342 1340 3413 μὴν
1365 3343 1444 3404 είς
1472 3338 1648 3415 μῆκος
1674 3337 1771 3392 τοῦ

197 3448 407 3520 χρόνου,
437 3444 589 3507 τέλος
617 3442 728 3506 ἕξει
752 3440 813 3493 τὸ
846 3437 977 3511 περὶ
1007 3433 1243 3507 Χριστοῦ
1275 3434 1594 3505 μυστήριον,
1624 3428 1770 3482 τοῦτ’

199 3544 327 3607 ἔστι,
398 3537 500 3609 τὴν
555 3536 780 3609 ὀγδόην,
831 3532 949 3604 ἦτοι
1004 3529 1102 3601 τὴν
1153 3530 1213 3581 ὲν
1261 3525 1424 3597 ὀγδόῃ
1472 3521 1771 3594 γενομένην

200 3632 511 3686 ἀνάστασιν.
554 3626 719 3688 Τέλος
762 3623 872 3694 γὰρ
909 3619 1072 3691 νόμου
1116 3618 1211 3671 καὶ
1244 3611 1539 3688 προφητῶν
1569 3613 1599 3664 ὁ
1634 3611 1770 3680 Χρι-

201 3725 335 3790 στὸς,
349 3721 489 3794 πρὸς
510 3719 568 3773 ὃν
586 3719 680 3773 καὶ
702 3719 732 3771 ό
755 3716 896 3778 θεῖος
916 3709 1259 3781 άνακέκραγε
1276 3706 1458 3760 Δαϐίδ’
1537 3701 1772 3794 Πλατεία

200 3817 229 3886 ἡ
260 3790 450 3883 ἐντολή
480 3827 576 3864 σου
627 3807 848 3879 σφόδρα.
898 3822 918 3856 ι
964 3801 1171 3877 Γράφει
1199 3798 1259 3851 δὲ
1302 3795 1397 3850 καὶ
1427 3795 1456 3846 ὁ
1484 3790 1770 3886 θεσπέσιος

203 3881 570 3970 ίίαὖλοςξτοῖς
595 3901 691 3972 τὴν
720 3901 778 3952 ὲν
816 3895 964 3967 νόμῳ
1000 3890 1257 3961 λατρείαν
1281 3887 1383 3958 τῆς
1412 3886 1491 3950 είς
1536 3881 1770 3954 Χριστὸν

204 4000 429 4060 πίστεως
470 3991 931 4067 προτετιμηκὼιο
987 4006 1006 4039 ι
1039 3984 1113 4038 Τὸ
1156 3981 1333 4052 στόμα
1376 3976 1531 4051 ἡμῶν
1559 3974 1770 4046 ἀνέῳγε

205 4095 328 4164 πρὸς
354 4090 527 4161 ὑμᾶς,
558 4084 854 4156 Κορίνθιοι,
880 4082 913 4149 ἡ
948 4075 1144 4151 καρδία
1176 4073 1332 4147 ἡμῶν
1375 4069 1766 4164 πεπλάτυνται·

202 4160 256 4236 ού
281 4160 706 4251 στενοχωρεῖσθε
739 4177 797 4229 ὲν
825 4174 957 4244 ἡμῖν
975 4212 990 4238 ,
1030 4163 1451 4240 στενοχωρεῖσθε
1479 4162 1536 4215 δὲ
1570 4162 1628 4215 ὲν
1656 4160 1771 4223 τοῖς

205 4276 530 4344 σπλάγχνοις
556 4268 732 4340 ὑμῶν.
768 4264 876 4339 Τὴν
906 4264 962 4319 δὲ
991 4261 1159 4331 αὐτὴν
1193 4256 1538 4329 ἀντιμισθίαν
1573 4254 1649 4318 ὼς
1684 4253 1773 4307 τέ-

900 220 989 275 DE
1026 214 1468 275 ADORATIONE
1508 218 1574 273 ΙΝ
1612 218 1763 273 SPIR

1875 220 1880 268 ῐ
1923 220 2012 274 ΕΤ
2052 220 2423 276 γΕιιιΤΑΤΕ.
2472 222 2598 278 LIB.
2640 222 2731 277 IX.

1802 341 1845 393 Α
1945 331 2141 386 PALL.
2178 332 2346 387 Recte
2382 334 2482 388 ais.

3345 227 3452 285 63$

1941 422 2099 477 ΟΥΕ.
2122 424 2222 489 Ac,
2251 424 2301 479 si
2333 426 2461 495 quis
2481 426 2599 481 haec
2620 427 2758 482 velit
2783 427 3016 483 nimium
3034 427 3317 484 subtiliter
3347 446 3450 486 ex-

1873 514 2099 584 plicare,
2125 517 2286 587 longa
2331 517 2440 571 erit
2466 532 2799 588 unaquaque
2839 517 2907 572 de
2951 533 3011 572 re
3067 533 3131 573 ac
3162 518 3456 590 multiplex

1871 602 2067 662 oratio.
2085 604 2221 658 lllud
2238 610 2419 659 tamen
2436 605 2723 661 sciendum
2736 613 2842 669 est,
2863 622 2931 661 ex
2948 605 3057 661 illis
3069 608 3456 667 instrumentis

1870 693 2121 763 quaedam
2146 695 2670 764 contemplationem
2686 695 3061 767 attingere,.et
3090 698 3157 750 ad
3204 698 3451 755 rationes

1872 784 2129 855 mysticus
2182 786 2482 855 pertinere,
2533 788 2783 857 quaedam
2832 802 2955 842 esse
3002 786 3073 841 ad
3099 797 3358 843 ornatum
3394 798 3455 845 et

1872 892 2033 932 usum
2063 877 2405 935 tabernaculi
2435 878 2726 937 fabricata.
2756 878 3039 935 Orationis
3091 879 3279 950 itaque
3326 881 3455 937 lon-

1871 968 2139 1039 gitudine,
2164 969 2345 1039 quoad
2397 970 2518 1025 ﬁeri
2564 972 2791 1040 poterit,
2826 970 3181 1037 circumcisa,
3212 971 3460 1026 breviter

1871 1058 2084 1125 dicam,
2122 1061 2605 1132 narrationemque
2638 1062 3027 1133 perstringam.
3063 1061 3209 1116 Dicit
3249 1062 3454 1133 igitur:

1879 1150 1989 1209 «Et
2030 1149 2199 1206 facies
2244 1152 2682 1219 tabernaculum,
2735 1153 2932 1210 decem
2966 1154 3138 1211 aulaea
3186 1171 3258 1210 ex
3292 1156 3457 1228 bysso

1873 1243 2456 1314 torta,'ethyaeintho,
2504 1252 2561 1300 et
2592 1260 2862 1316 purpura,
2923 1253 2981 1300 et
3023 1247 3250 1302 coccino
3294 1255 3448 1307 nete.

1870 1329 2169 1387 Cherubim
2221 1347 2388 1403 opere
2427 1342 2703 1393 textorum
2745 1334 2915 1390 facies
2971 1336 3090 1407 ipsa
3123 1354 3136 1390 :
3169 1336 3457 1408 longitudo

1873 1423 2040 1476 unius
2062 1421 2220 1505 aulaei
2246 1433 2373 1478 octo
2389 1432 2447 1479 et
2472 1425 2667 1496 viginti
2708 1424 3047 1492 cubitorum,
3070 1434 3129 1481 et
3159 1426 3457 1485 latitudine

1874 1524 2111 1585 quatuor
2133 1516 2449 1573 cubitorum
2467 1517 2827 1575 eritaulzeum
2843 1533 3046 1574 unum:
3077 1519 3270 1574 eadem
3295 1532 3456 1574 men-
3542 1526 3554 1539 '

1875 1622 2005 1664 sura
2038 1608 2420 1669 eritomnibus
2456 1610 2665 1666 aulaais.
2730 1609 2987 1681 Quinque
3040 1617 3227 1665 autem
3281 1611 3456 1667 aulaea

1869 1710 2038 1756 erunt
2069 1701 2177 1756 sibi
2222 1701 2459 1758 invicem
2493 1703 2849 1768 cohaerentia,
2887 1703 3127 1757 alterum
3151 1716 3220 1757 ex
3253 1700 3454 1766 altero,

1868 1800 1943 1847 et.
1969 1791 2212 1862 quinque
2246 1794 2419 1848 aulaea
2457 1802 2626 1849 erunt
2672 1793 3007 1849 cohaerentia
3051 1793 3286 1849 alterum
3323 1793 3460 1849 alte-

1869 1884 1917 1938 ri
1942 1882 2008 1939 ⁸⁴.
2043 1902 2062 1936 ι
2100 1884 2299 1939 Decem
2328 1884 2511 1954 itaque
2545 1884 2775 1939 cortina
2837 1894 2988 1950 sunt,
3016 1893 3072 1940 et
3101 1883 3248 1940 inter
3279 1900 3337 1940 se
3365 1899 3458 1940 ar-

1869 1974 2014 2030 ctius
2062 1983 2363 2041 consertae;
2418 1976 2607 2033 multae
2660 1988 2908 2044 namque
2958 1974 3278 2030 mansiones
3329 1980 3461 2029 sunt

1867 2066 2013 2136 apud
2041 2067 2287 2122 Patrem:
2322 2074 2381 2121 et
2413 2066 2509 2137 qui
2557 2065 2614 2119 in
2644 2064 2757 2119 illis
2807 2064 3088 2129 habitant,
3125 2081 3298 2119 unum
3330 2080 3463 2135 prov

1870 2149 2012 2211 lecto
2039 2156 2295 2211 omnibus
2320 2164 2423 2221 est,
2450 2171 2514 2212 ac
2535 2155 2690 2225 pium
2728 2154 3104 2225 propositum,
3144 2169 3252 2208 una
3284 2155 3455 2210 etiam

1870 2245 1939 2301 de
1968 2246 2081 2302 Deo
2103 2246 2371 2317 cognitio;
2398 2245 2453 2299 in
2478 2260 2610 2315 pace
2637 2259 2879 2313 namque
2905 2243 3126 2298 vocavit
3151 2258 3253 2298 nos
3284 2244 3454 2306 Deus,

1870 2345 1933 2392 ut
1951 2336 2215 2406 scriptum
2237 2344 2323 2391 est
2340 2334 2409 2390 ⁸³.
2459 2334 2673 2393 Poteris
2697 2343 2890 2390 autem
2940 2334 3132 2390 deeem
3162 2335 3377 2400 aulaea,
3408 2334 3459 2391 si

1870 2428 2069 2499 placet,
2119 2427 2391 2497 accipere,
2427 2435 2593 2497 atque
2650 2426 2971 2482 existimare
3019 2441 3290 2481 summam
3331 2441 3457 2481 esse

1871 2504 2138 2581 omnium,
2173 2530 2296 2585 quae
2319 2515 2524 2585 ubique
2568 2524 2721 2580 sunt,
2770 2514 3169 2579 Ecclesiarum,
3202 2529 3324 2584 quae
3356 2513 3461 2568 mi-

1872 2608 2020 2664 nime
2047 2606 2103 2662 in
2128 2606 2380 2663 diversas
2424 2606 2737 2662 sententias
2765 2612 2822 2660 et
2852 2612 3287 2677 compugnantes
3342 2604 3460 2674 opi-

1872 2700 2069 2756 niones
2094 2698 2282 2754 divisae
2308 2704 2458 2762 sunt,
2493 2697 2592 2752 sed
2644 2697 2956 2767 conjunctae
3007 2696 3227 2767 spiritu,
3271 2702 3327 2751 et
3360 2711 3460 2765 per

1875 2793 2163 2855 unitatem,
2186 2806 2309 2858 qua:
2337 2797 2424 2845 est
2456 2789 2512 2843 in
2567 2788 2790 2843 Christo
2834 2801 2934 2856 per
2987 2785 3174 2851 ﬁdem,
3206 2787 3364 2856 quasi
3402 2788 3461 2839 in

1875 2899 2047 2939 unum
2077 2884 2415 2938 constrictae:
2445 2879 2811 2948 ubiqueenim
2834 2885 2890 2933 et
2917 2878 2975 2933 in
2999 2878 3260 2933 omnibus
3315 2893 3461 2933 unus

1874 2974 2159 3039 Dominus,
2211 2988 2318 3027 una
2363 2970 2519 3036 ﬁdes,
2557 2984 2729 3024 unum
2766 2969 3039 3038 baptisma
3060 2969 3127 3023 ⁸⁸.
3183 2967 3460 3023 Uniuscu-

1877 3067 2077 3140 jusque
2101 3072 2285 3120 autem
2314 3062 2472 3117 aulaei
2496 3062 2730 3116 latitudo
2759 3068 3000 3130 quatuor
3023 3060 3335 3114 cubitorum
3353 3066 3458 3124 est,

1871 3167 1929 3214 et
1975 3156 2169 3227 viginti
2209 3162 2266 3210 et
2313 3162 2441 3209 octo
2486 3153 2810 3225 longitudo;
2842 3151 3009 3223 316
3041 3159 3099 3206 et
3148 3150 3205 3205 id
3233 3150 3460 3221 quidem

1869 3243 2101 3321 aénigma
2123 3247 2412 3318 operosius
2433 3254 2518 3301 est
2546 3254 2712 3315 atque
2756 3244 3016 3300 subtilius
3057 3260 3070 3295 :
3104 3242 3241 3296 illud
3276 3251 3461 3298 tamen

1871 3342 2104 3397 obscure
2156 3354 2221 3396 ac
2246 3340 2484 3394 latenter
2522 3354 2590 3394 eo
2613 3336 2912 3409 signiﬁcari
2934 3335 3199 3401 arbitror,
3220 3335 3358 3406 legis
3376 3336 3461 3391 in-

1872 3433 2218 3489 stitutionem
2253 3429 2470 3485 admitti
2502 3429 2559 3483 in
2582 3428 2879 3493 Ecelesias,
2912 3436 3199 3497 angustam
3233 3425 3461 3496 quidem

1872 3525 2021 3583 illam
2051 3521 2500 3596 propterlitteraa
2527 3519 2944 3596 obscuritatem,
2978 3518 3075 3574 sed
3115 3527 3366 3588 tempore
3396 3517 3457 3571 in

1872 3594 2093 3686 longum
2117 3611 2534 3683 progrediente,
2570 3594 3079 3665 ﬁncm'babituram
3096 3608 3152 3663 in
3172 3608 3290 3679 ipso
3301 3607 3460 3662 Chri-

1871 3708 1941 3767 sti
1966 3706 2246 3778 mysterio,
2273 3704 2326 3761 id
2345 3711 2450 3769 est,
2477 3710 2672 3759 octavo
2694 3701 2911 3766 die,seu
2942 3699 3001 3754 in
3027 3699 3457 3763 resurrectione,

1871 3815 1992 3871 quae
2005 3805 2200 3855 octavo
2214 3798 2305 3853 die
2327 3796 2561 3867 contigit
2582 3813 2596 3850 :
2624 3794 2751 3850 ﬁnis
2765 3794 2971 3864 quippe
2983 3792 3118 3863 legis
3146 3807 3211 3846 ac
3227 3791 3465 3861 prophe-

1850 3898 2077 3956 «tarum,
2103 3890 2361 3953 Christus
2388 3905 2403 3956 ;
2429 3888 2497 3945 ad
2523 3902 2690 3959 quem
2721 3887 2892 3942 etiam
2927 3885 3124 3941 beatus
3145 3883 3317 3938 David
3346 3883 3461 3938 cla-

1871 3985 2086 4043 mabat:
2124 4002 2143 4036 ι
2167 3982 2367 4045 Latum
2390 3980 2713 4037 mandatum
2759 3986 2915 4034 tuum
2940 3977 3109 4032 nimis
3127 3976 3191 4030 θ’.
3251 3995 3270 4028 ι
3308 3975 3462 4030 Scri-

1871 4076 2144 4131 bitetiam
2184 4075 2379 4133 beatus
2428 4072 2632 4127 Paulus
2680 4069 2748 4125 ad
2772 4083 2871 4123 eos
2924 4067 3021 4137 qui
3069 4068 3278 4121 cultum
3327 4066 3464 4135 legis

1872 4167 2077 4226 Christi
2098 4166 2223 4221 ﬁdei
2242 4162 2649 4234 prml‘erebant:
2684 4179 2701 4210 ι
2721 4158 2793 4213 Os
2814 4165 3068 4213 nostrum
3095 4164 3348 4226 apertum
3377 4161 3463 4215 est

1874 4258 1944 4312 ad
1974 4273 2093 4321 vos,
2116 4253 2427 4318 Corinthii;
2460 4266 2557 4304 eor
2580 4256 2832 4305 nostrum
2871 4247 3161 4300 dilatatum
3183 4252 3268 4300 est
3294 4262 3307 4296 :
3348 4260 3460 4303 non

204 4335 529 4433 κνοιςλέγω.
556 4335 898 4430 [ίλατύνθηντε
921 4355 1015 4409 καὶ
1039 4354 1217 4423 ὑμεῖς,
1249 4349 1324 4421 μὴ
1352 4346 1565 4444 γίνεσθε

1880 4345 2267 4419 angustiamini
2294 4345 2350 4399 in
2380 4342 2579 4407 nobis;
2630 4337 3023 4410 angustiamini
3071 4344 3255 4391 autem
3297 4337 3353 4389 in
3379 4335 3461 4389 νίη

202 4484 226 4519 ‘I

199 4552 303 4611 tot;
339 4546 705 4617 ἀπειθήσασιν
745 4539 1016 4602 Ἰουδαίοις
1061 4539 1155 4592 καὶ
1195 4532 1450 4589 λαλοῦσιν
1493 4530 1576 4584 ἔτι
1615 4529 1684 4583 τὰ
1715 4529 1772 4582 ὲν

202 4635 341 4709 νόμῳ
372 4636 514 4708 μετὰ
537 4637 636 4706 τὴν
662 4631 864 4695 πίστιν,
894 4623 1346 4699 στενοχωρεῖσθαι
1379 4624 1560 4686 ποιεῖ;

207 4429 484 4523 ζυγοῦντες
504 4449 773 4510 ἀπίστοις.
807 4466 825 4498 ι
861 4445 1022 4516 Ὁρᾷς
1042 4444 1123 4496 ὃτι
1143 4441 1204 4494 τὸ
1225 4435 1580 4510 προσκεῖσθαι
1599 4434 1769 4488 θέλειν

1880 4440 2129 4499 secribus
2156 4437 2392 4493 vestris:
2424 4433 2676 4490 eamdem
2728 4438 2915 4486 autem
2966 4429 3236 4484 habentes
3272 4444 3457 4482 remu-

1880 4525 2245 4593 nerationem,
2269 4536 2528 4597 tanquam
2564 4523 2690 4578 liliis
2724 4521 2870 4586 dico,
2909 4519 3217 4579 dilatamini
3254 4528 3310 4574 et
3338 4534 3452 4573 vos.

1881 4622 2060 4678 Nolite
2079 4622 2272 4693 jugum
2298 4618 2503 4673 ducere
2526 4630 2652 4670 cum
2680 4613 2992 4668 inﬁdelibus
3022 4613 3089 4668 ⁸⁸.
3116 4631 3133 4663 ι
3165 4609 3328 4664 Vides
3350 4608 3454 4678 igi-

204 4699 285 4788 tur
311 4699 792 4801 quemadmodum
822 4722 963 4777 velle
1018 4717 1221 4774 Iudaeis
1264 4712 1568 4774 incredulis
1593 4710 1873 4776 adhaerere
1908 4719 2034 4781 post
2072 4712 2259 4774 ﬁdem,
2315 4724 2383 4765 ea
2429 4720 2552 4778 quae
2605 4703 2662 4760 in
2701 4703 2822 4774 lege
2881 4711 3010 4763 sunt
3072 4699 3450 4781 loquentibus,

202 4829 253 4883 in
274 4828 569 4895 angustum
599 4814 868 4875 adducat?

264 4918 471 4975 IIAAA.
510 4911 759 4983 Συνίημι.
1097 4982 1109 4996 ν

263 5014 428 5069 ΚΥΡ.
477 5006 646 5061 ’ἱστία
678 5003 736 5057 δὲ
777 5003 898 5064 ταῖς
928 4990 1180 5061 αὐλαίαις
1221 4998 1287 5049 ἐκ
1318 4991 1516 5065 βύσσου
1565 4990 1774 5045 κεκλω-

205 5106 420 5176 σμένης,
460 5103 556 5158 καὶ
597 5097 855 5156 ὑακίνθου
892 5093 985 5147 καὶ
1013 5087 1337 5163 πορφύρας,
1376 5072 1476 5140 ’καὶ
1517 5083 1777 5138 κοκκίνου

204 5174 596 5266 κεκλωσμένου.
659 5184 1032 5259 Παμποίκιλος
1085 5180 1192 5251 γὰρ
1237 5178 1339 5249 τῆς
1364 5174 1702 5266 Ἐκκλησίαςγ
1726 5174 1773 5266 ⁸ὁ

205 5263 423 5357 κόσμοςξ
471 5283 645 5338 Τοῦτό
695 5296 779 5333 τοι
824 5278 920 5331 καὶ
958 5277 988 5330 ό
1038 5271 1323 5333 θεσπέσιος
1354 5267 1547 5337 ψάλλει
1585 5263 1768 5357 Δαὸὶδ,

205 5356 389 5450 ὠδίνπη
414 5378 591 5446 λέγων
627 5374 756 5445 περ)⁹
786 5369 976 5440 αὖτῆςο
1010 5386 1029 5418 ι
1069 5364 1321 5436 Παρέστη
1339 5364 1372 5431 ἠ
1398 5358 1680 5420 βασίλισσα
1707 5356 1771 5410 ὲκ

204 5449 494 5535 δεξιῶνσου
548 5469 610 5523 ὲν
658 5460 944 5534 ἱματισμῷ
987 5454 1265 5529 διαχρύσῳ
1309 5449 1767 5525 περιϐεϐλημένη,

270 5585 309 5616 ⁸³
343 5585 514 5641 Exod.
574 5595 721 5636 xxvi.
753 5576 779 5628 .l
815 5591 968 5645 Seqq.
1074 5573 1118 5604 ⁸⁵
1144 5572 1163 5625 l
1188 5571 1312 5626 Cor.
1336 5584 1426 5632 vn,
1463 5566 1561 5620 lii.‘

212 5655 254 5689 "
284 5659 426 5721 Paul.
462 5670 608 5719 mv,
657 5649 717 5702 Μ)

1624 5564 1667 5596 ⁸⁵
1690 5563 1890 5638 Ερίιυὸ.
1912 5568 1995 5631 ἲν,

1955 4890 2151 4951 PALL.
2183 4886 2450 4958 Intelligo.

1949 4983 2108 5039 CYR.
2134 4979 2276 5038 Sunt
2296 4987 2479 5039 autem
2502 4979 2803 5034 aulaeorum
2835 4974 2956 5029 vela
2985 4988 3054 5027 ex
3099 4972 3260 5043 bysso
3285 4979 3450 5037 torta,

1877 5085 1935 5131 et
1960 5073 2276 5146 hyacintho,
2302 5079 2359 5126 et
2401 5085 2667 5140 purpura,
2701 5075 2759 5122 et
2806 5065 3031 5120 coccino
3065 5071 3213 5118 neto.
3259 5063 3455 5118 Varius

1876 5176 1962 5223 est
1985 5167 2133 5222 enim
2148 5163 2417 5223 Ecclesia:
2438 5170 2685 5217 ornatus.
2715 5159 2884 5227 quue
2924 5156 3091 5211 etiam
3128 5156 3320 5210 beatus
3352 5156 3454 5209 Da-

1878 5259 1969 5314 vid
2006 5256 2288 5329 psallendo
2337 5253 2505 5317 canit,
2538 5251 2619 5307 sic
2675 5250 2745 5304 de
2815 5248 2907 5302 illa
2958 5247 3179 5302 dicens:
3224 5246 3453 5301 «Astitit

1881 5352 2068 5424 regina
2092 5368 2124 5406 a
2147 5349 2354 5406 dextris
2389 5346 2500 5402 tuis
2531 5346 2587 5400 in
2631 5340 2835 5396 vestitu
2884 5339 3166 5403 deaurato,
3215 5337 3452 5390 cireum-

1877 5445 2023 5510 data,
2053 5445 2327 5514 variegata
2353 5443 2429 5495 3’:
2465 5460 2483 5492 ι
2514 5444 2899 5495 ornamentum
2943 5440 3125 5488 autem
3172 5430 3347 5499 ipsius
3383 5443 3450 5484 ac

2185 5561 2229 5591 ⁸⁷
2258 5558 2398 5613 Psul.
2427 5570 2607 5619 cxuu,
2683 5552 2768 5613 96.
2848 5551 2893 5583 ⁸⁸
2926 5551 2970 5606 ll
2999 5549 3123 5605 Cor.
3154 5561 3229 5612 γε,
3267 5541 3444 5603 ll-M.
