3962 6296
499 198 605 254 6ὗό

1486 188 1542 244 8.
1581 186 1855 244 CYRILLI
1894 178 2372 240 ALEXANDRINI
2410 177 2732 235 ARCHIEP.

3653 187 3756 245 668

499 310 787 382 multiplex
832 307 997 364 decor
1053 305 1307 363 Christus
1335 312 1440 369 est,
1466 304 1584 374 qui,
1644 317 1769 357 cum
1810 313 1957 354 unus
1981 312 2069 352 se—

2181 290 2589 361 πεποικιλμένη.
2632 309 2651 341 ι
2687 289 2967 382 Κόσμημα
3007 291 3060 347 δὲ
3104 292 3197 347 καὶ
3220 292 3500 367 ὡραῖσμδς
3525 297 3589 351 tv
3618 304 3754 374 αὑτῇ

499 402 740 460 cundum
768 409 1022 457 naturam
1047 400 1140 463 sit,
1166 395 1357 469 ﬁguris
1381 402 1562 451 tamen
1594 393 1782 448 multis
1799 408 1864 447 ac
1896 390 2079 445 diver-

499 491 576 546 sis
586 488 931 559 intelligitur,
947 488 1194 550 velut,ne
1205 484 1422 556 longius
1437 483 1714 545 abeam,et
1728 481 1891 553 bysso
1908 488 2074 541 torta,

496 581 645 652 quod
662 580 795 634 illud
820 595 889 634 ex
912 580 1024 635 Deo
1038 580 1200 633 Patre
1218 577 1464 648 genitum
1480 574 1742 638 Verbum,
1764 587 1889 627 cum
1914 579 2077 625 tenue

497 673 590 736 sit,
618 680 675 727 et
703 672 1091 741 incorporeum
1121 668 1424 724 secundum
1450 674 1726 729 naturam,
1758 671 1962 718 tortum
1992 669 2078 715 est

496 762 922 834 quodammodo,
977 777 1044 816 eo
1078 760 1223 830 quod
1258 776 1382 815 cum
1434 773 1600 813 carne
1628 755 1785 825 quasi
1846 768 2074 808 conser-

499 865 615 912 tum
645 866 746 912 est.
778 856 978 926 Byssus
1000 861 1085 907 est
1111 853 1276 919 igitur
1309 859 1482 905 torta:
1524 848 1824 921 hyacintho
1846 853 2076 916 praeter-

496 965 562 1004 ea
614 948 817 1011 simile,
853 946 983 1016 quia
1030 960 1141 998 non
1163 961 1229 999 ex
1255 954 1424 1006 terra,
1455 941 1554 996 sed
1594 954 1856 1010 superne,
1894 952 1959 993 ac
2004 937 2073 991 de

499 1041 664 1094 coelo:
692 1054 817 1093 nam
841 1037 1137 1108 hyacintho
1167 1036 1446 1106 persimile
1471 1042 1557 1090 est
1598 1035 1704 1088 hoc
1729 1032 1988 1095 sublime,
2017 1039 2074 1086 et

498 1144 821 1198 supernum,
846 1136 903 1183 et
932 1129 1221 1182 aetherium
1251 1142 1473 1197 corpus,
1497 1126 1641 1196 quod
1661 1124 1726 1180 ad
1768 1124 1947 1195 ipsum
1976 1138 2072 1176 us-

496 1237 604 1292 que
631 1222 1036 1276 iirmamentum
1070 1220 1330 1291 pertinet.
1368 1218 1437 1275 Ut
1493 1216 1822 1289 hyacinthus
1879 1215 2068 1285 igitur,

497 1316 628 1385 quia
662 1314 730 1368 de
752 1315 893 1369 cmlo
924 1320 1037 1369 est:
1077 1328 1322 1382 purpura
1350 1327 1502 1375 vero,
1534 1310 1664 1380 quia
1703 1308 1929 1363 minime
1957 1322 2072 1362 ser-

497 1418 621 1465 vus,
651 1413 907 1472 tanquam
936 1401 1135 1464 factus,
1154 1402 1251 1456 sed
1285 1417 1353 1456 ex
1383 1402 1496 1456 Deo
1531 1415 1647 1463 rex,
1671 1408 1728 1453 et
1776 1399 2065 1453 universo-

500 1510 622 1548 rum
664 1494 949 1549 Dominus.
976 1494 1204 1547 Tortum
1244 1508 1413 1563 porro
1453 1491 1759 1554 coccinum,
1791 1489 1919 1559 quia
1944 1502 2068 1542 cum

496 1595 644 1642 esset
663 1603 787 1642 cum
815 1602 977 1641 carne
1000 1594 1337 1649 consertum,
1363 1593 1425 1640 ut
1454 1583 1619 1638 modo
1636 1582 1768 1646 dixi,
1810 1590 1867 1637 et
1885 1590 2069 1635 tamen

496 1697 627 1736 vere
640 1683 734 1736 Dei
770 1681 1028 1744 Verbum,
1058 1695 1216 1734 suum
1244 1678 1560 1750 sanguinem
1590 1693 1690 1747 pro
1721 1674 1883 1730 nobis
1897 1674 2066 1740 dedit;

501 1773 784 1842 sanguinis
819 1773 1022 1841 quippe
1071 1772 1285 1841 signum
1315 1777 1399 1824 est
1428 1769 1732 1824 coccinum.
1767 1765 2070 1822 Cherubim

499 1870 680 1916 autem
706 1861 921 1930 depicta
949 1868 1109 1914 erant
1136 1861 1188 1913 in
1219 1860 1483 1929 pellibus;
1500 1874 1605 1928 qua
1623 1859 1677 1912 in
1700 1873 1760 1912 re
1783 1857 2068 1927 aptissime

497 1951 727 2006 fortasse
757 1950 1362 2021 signiﬁcatur,summis
1414 1949 1522 2004 ima
1545 1950 1861 2019 conjuncta,
1906 1948 2069 2018 317

499 2053 664 2113 atque
681 2043 1002 2098 ccelcstibus
1050 2042 1354 2097 virtutibus
1400 2050 1717 2096 terrestrem
1763 2041 2069 2096 Ecclesiam

498 2149 618 2189 esse
645 2150 966 2189 connexum.
999 2135 1139 2189 Illud
1165 2145 1346 2190 autem
1395 2134 1536 2188 scitu
1574 2133 1799 2204 dignum
1830 2141 1936 2199 est,
1980 2148 2069 2188 sa-

498 2225 901 2295 pientissimum
922 2240 1142 2295 quoque
1168 2227 1347 2279 virum
1395 2224 1739 2279 Salomoncm
1770 2224 1825 2278 in
1849 2224 2074 2294 parieti-

497 2314 602 2372 bus
628 2318 815 2387 templi
848 2316 1149 2372 Cherubim
1186 2316 1559 2385 insculpsisse,
1621 2324 1786 2385 atque
1818 2315 1885 2369 ad
1923 2315 2074 2370 hunc

497 2409 756 2463 eumdem
782 2409 1008 2464 modum
1027 2410 1278 2463 effectam
1301 2409 1448 2462 illam
1482 2423 1601 2462 esse
1638 2408 1835 2461 domus
1866 2406 2075 2460 deseri-

496 2499 739 2569 ptionem
786 2515 908 2568 qua:
931 2497 1237 2552 Ezechielis
1275 2510 1409 2550 voce
1456 2494 1801 2565 signiﬁcatur
1843 2494 1911 2546 ’°.
1959 2493 2073 2547 Au-

497 2588 720 2643 lazorum
751 2605 916 2658 porro
941 2587 1177 2658 tegmina
1210 2593 1340 2641 sunt
1363 2587 1483 2640 vela
1529 2584 1810 2655 capillacia
1841 2583 1988 2637 ansis
2019 2591 2075 2638 et

498 2681 722 2735 circulis
747 2681 1073 2734 constricta:
1100 2678 1442 2747 operimenta
1465 2685 1731 2746 praeterea
1762 2676 2073 2745 superjecta

499 2771 868 2843 hyacinthina
911 2771 1104 2840 pelles,
1156 2778 1212 2825 et
1250 2768 1422 2839 pelles
1461 2769 1696 2824 arietum
1756 2769 2069 2833 rubricata,

2184 382 2488 452 πολυειδὴς,
2519 383 2547 434 ὁ
2577 381 2808 453 Χριστὸς
2832 421 2846 441 ,
2879 375 2958 445 εἷς
2987 383 3086 454 μὲν
3113 385 3256 438 κατὰ
3287 385 3449 456 φύσιν
3475 388 3750 462 ὑπάρχων,

2181 475 2468 545 αἰνίγμασι
2510 474 2567 528 δὲ
2606 473 2822 537 πολλοῖς
2862 476 2956 528 καὶ
2986 475 3259 548 διαφόροις
3287 478 3596 548 νοούμενος,
3622 477 3753 547 οἷον,

2181 567 2312 637 φέρε
2345 569 2539 627 εἰπεῖν,
2568 568 2663 620 καὶ
2688 567 2883 638 βύσσος
2908 567 3285 639 κεκλωσμένη.
3326 570 3527 639 ’ἰσχνὸς
3554 573 3659 644 γὰρ
3680 574 3753 627 ὣν

2178 663 2271 711 καὶ
2300 655 2588 727 ἀσώματος
2620 658 2761 712 κατὰ
2788 656 2948 726 φύσιν
2971 661 2999 711 ὁ
3021 659 3087 710 ὲκ
3112 659 3247 712 Θεοῦ
3262 658 3372 712 ’τοῦ
3410 661 3622 731 Πατρὸς
3648 663 3751 716 Λό-

2177 763 2315 816 γος,
2376 750 2684 803 κέκλωσται
2730 750 2930 820 τρόπον
2978 750 3100 803 τινὰ
3148 749 3236 802 διὰ
3269 751 3370 820 τῆς
3423 753 3584 806 οἱονεὶ
3618 755 3752 825 πρὸς

2179 839 2356 909 σάρκα
2385 842 2723 912 συμπλοκῆς.
2765 840 2974 895 Οὐκοῦν
3012 843 3103 895 καὶ
3156 840 3352 911 βύσσος
3375 845 3748 915 κεκλωσμένη,

2176 933 2270 986 καὶ
2293 933 2420 1002 μὴν,
2445 933 2540 986 καὶ
2563 933 2638 996 ὼς
2660 933 2932 997 ὑάκινθος,
2959 935 3041 987 ὅτι
3073 936 3148 1005 μὴ
3177 937 3242 989 ὲκ
3265 935 3392 1005 γῆς,
3415 937 3528 989 ἀλλ’
3550 937 3753 992 ἄνωθεν

2175 1022 2270 1073 καὶ
2299 1019 2359 1084 ἐξ
2399 1022 2457 1073 οὑ
2469 1021 2628 1093 pavo-3
2655 1039 2670 1054 ο
2709 1022 2946 1090 ὑακίνθῳ
2974 1025 3084 1094 γάρ
3119 1041 3235 1086 πως
3280 1025 3665 1094 παρεικάζει-αι
3692 1027 3753 1080 τὸ

2175 1110 2308 1180 ὑψοῦ
2339 1128 2397 1163 τε
2427 1112 2521 1164 καὶ
2551 1111 2662 1165 ἄνω
2695 1112 2786 1164 καὶ
2819 1112 3056 1183 αἰθέριον
3103 1112 3294 1184 σῶμα,
3330 1113 3391 1168 τὸ
3434 1116 3527 1167 καλ⁸
3559 1114 3752 1186 μέχρις

2173 1202 2338 1256 αὑτοῦ
2366 1203 2551 1271 διῆκον
2579 1202 2673 1256 τοῦ
2713 1203 3110 1275 στερειὺματος.
3144 1204 3352 1259 Οὑκοῦν
3383 1206 3459 1269 ὡς
3497 1206 3752 1270 ὑάκινθος

2171 1292 2259 1346 διὰ
2291 1292 2352 1345 τὸ
2380 1294 2438 1357 ἐξ
2478 1294 2737 1366 οὐρανοῦ,
2770 1295 3025 1367 πορφύρα
3069 1295 3127 1347 δὲ.
3149 1336 3162 1358 ,
3195 1296 3278 1350 ὅτι
3314 1297 3388 1368 μὴ
3424 1297 3644 1362 δοῦλος,
3675 1297 3752 1363 ὡς

2171 1384 2419 1455 γενητὸς,
2447 1385 2560 1438 ἀλλ’
2583 1388 2648 1440 ἐκ
2669 1386 2803 1440 Θεοῦ
2829 1386 3100 1457 βασιλεὺς,
3128 1387 3223 1441 καὶ
3245 1387 3352 1441 τῶν
3372 1388 3507 1443 ὅλων
3528 1387 3749 1460 Κύριος.

2170 1474 2562 1545 Κεκλωσμένον
2606 1476 2659 1530 δὲ
2698 1478 2968 1531 κόκκινον·
3031 1480 3090 1533 ὲν
3142 1478 3434 1548 συμπλοκῇ
3480 1478 3613 1549 γὰρ.
3673 1479 3753 1543 ὡς

2172 1567 2327 1639 ἔφην,
2349 1572 2414 1640 τῇ
2440 1569 2575 1639 πρὸς
2598 1570 2775 1641 σάρκα
2799 1569 2919 1623 νοοὺ
2929 1587 3108 1639 μενος,
3134 1570 3231 1623 καὶ
3254 1569 3512 1639 ὑπάρχων
3535 1568 3753 1640 ἀληθῶς

2171 1663 2199 1714 ό
2227 1659 2317 1713 τοῦ
2344 1660 2478 1714 Θεοῦ
2509 1661 2700 1730 Λόγος,
2730 1663 2792 1716 τὸ
2821 1662 2951 1715 ἴδιον
2980 1656 3120 1733 αἷμα
3147 1661 3378 1715 δέδωκεν
3404 1662 3543 1733 ὑπὲρ
3569 1664 3603 1731 ἡ
3614 1660 3753 1732 μῶν.

2171 1753 2409 1823 Αἵματος
2436 1752 2543 1824 γὰρ
2569 1756 2815 1825 σημεῖον,
2841 1753 2901 1807 τὸ
2931 1754 3203 1808 κόκκινον
3227 1753 3508 1825 Χερουϐὶμ
3536 1753 3615 1815 δὲ,
3646 1752 3754 1808 τῶν

2170 1844 2394 1915 δείρεων
2422 1847 2454 1915 ἡ
2486 1845 2694 1917 γραφὴ,
2725 1845 2786 1899 τὺ
2818 1846 3086 1915 συνῆφθαι
3117 1845 3259 1917 τάχα
3284 1864 3386 1899 που
3411 1849 3526 1909 τοῖς
3547 1844 3662 1900 ἄνω
3686 1846 3756 1899 τὰ

2172 1936 2323 1989 κάτω
2340 1973 2357 2000 ,
2385 1935 2479 1990 καὶ
2508 1938 2628 1999 ταῖς
2656 1937 2713 1989 ὲν
2754 1935 2966 2008 οὐρανῷ
2990 1935 3250 2005 δυνάμεσι
3289 1935 3387 2006 τὴν
3413 1935 3506 1989 ἐπὶ
3529 1935 3627 2004 τῆς
3653 1934 3755 2005 γῆς

2184 2024 2506 2095 Ἐκκλησίαν
2532 2026 2773 2095 ἡνῶσθαι
2797 2025 2981 2079 λοιπὸν
3003 2025 3430 2096 καταδηλοῦντος
3454 2025 3549 2082 τοῦ
3576 2024 3755 2097 πράγ-

2176 2134 2342 2187 ματος
2382 2113 2442 2170 εὖ
2474 2118 2636 2189 μάλα.
2678 2117 2874 2175 Ἰστὲον
2896 2118 2954 2171 δὲ
2971 2119 3052 2174 ὅτι
3078 2118 3171 2172 καὶ
3194 2117 3223 2170 ὁ
3264 2115 3572 2186 σοφώτατος
3598 2116 3756 2171 Σολορ

2176 2208 2309 2280 μὼν,
2347 2210 2639 2279 ἐνεκόλαψε
2667 2213 2782 2274 τοῖς
2818 2210 3022 2280 τείχεσι
3068 2209 3160 2263 τοῦ
3190 2208 3320 2264 ναοῦ
3351 2211 3419 2263 τὰ
3450 2208 3757 2281 Χερουϐίμ.

2187 2300 2577 2370 Ἐκπεποίηται
2623 2301 2679 2354 δὲ
2726 2301 2819 2353 τὸν
2864 2300 3027 2355 αὐτὸν
3072 2301 3282 2355 τουτονὶ
3331 2300 3533 2372 τρόπον
3582 2301 3678 2354 καὶ
3720 2303 3757 2372 ἡ

2171 2389 2504 2454 διατύπωσις
2535 2391 2627 2445 τοῦ
2660 2392 2809 2445 οἴκου
2849 2392 2942 2445 τοῦ
2988 2392 3387 2462 σημαινομένου
3439 2392 3526 2445 διὰ
3571 2392 3758 2465 φωνῆς

2186 2480 2466 2551 Ἰεζεκιήλ.
2497 2482 2847 2552 Καλύμματα
2872 2483 2928 2535 δὲ
2952 2485 3073 2546 ταῖς
3103 2482 3352 2547 αὐλαίαις
3380 2482 3628 2555 δέρρεις,
3661 2484 3763 2553 ἁγ-

2173 2572 2362 2636 κὺλαις
2395 2590 2455 2625 τε
2487 2574 2580 2626 καὶ
2619 2574 2828 2644 κρίκοις
2874 2574 3320 2643 συνεσφιγμέναι.
3362 2573 3472 2631 Καὶ
3514 2573 3621 2647 μὴν
3664 2574 3760 2629 καὶ

2173 2663 2635 2735 ἐπικαλύμματα,
2688 2664 2936 2736 δέρματα
2995 2666 3308 2727 ὑακίνθινα,
3365 2665 3463 2719 καὶ
3508 2664 3771 2737 δέρματα

2173 2758 2366 2828 κριῶν,
2393 2759 2909 2830 ὴρυθροδανωμένα,
2934 2760 3037 2829 τῆς
3073 2759 3397 2828 Ἐκκλησίας
3423 2758 3513 2811 τὸν
3543 2776 3758 2814 σκεπα-

498 2864 913 2936 quaeChristum
949 2863 1207 2918 Ecclesite
1234 2867 1603 2931 protectorem
1647 2860 1930 2927 indicant;
1969 2876 2072 2930 per

2181 2851 2306 2920 στῆν
2340 2850 2575 2921 Χριστὸν
2609 2851 3040 2921 ὑπεμφαίνοντα,
3088 2850 3177 2905 διὰ
3225 2850 3328 2921 μὲν.
3359 2850 3454 2904 τοῦ
3497 2851 3771 2907 ὑακίνθοιι

498 2957 856 3029 hyacinthum
891 2971 1106 3021 rursus,
1166 2962 1354 3025 utpote
1386 2955 1478 3023 qui
1506 2969 1537 3010 e
1570 2953 1710 3009 caelo
1753 2952 1846 3018 sit,
1903 2968 2071 3022 supe-

2181 2943 2357 3004 πάλιν,
2392 2944 2468 3007 ὼς
2492 2944 2550 3010 ἐξ
2573 2945 2802 3015 οὐρανοῦ
2838 2946 2931 2998 καὶ
2957 2944 3181 3004 ἄνωθεν,
3211 2945 3300 2999 διὰ
3329 2944 3385 2999 δέ
3411 2962 3474 3013 γε
3499 2945 3593 3000 τοῦ
3622 2950 3760 3019 ὲρυ-

498 3050 687 3119 risque
716 3049 883 3114 locis;
915 3065 1013 3119 per
1037 3049 1277 3103 colorem
1311 3053 1495 3102 autem
1526 3045 1779 3110 rubrum,
1808 3052 1869 3099 ut
1896 3045 1991 3115 qui
2016 3045 2073 3098 in

2181 3033 2307 3106 θροῦ
2338 3034 2646 3106 χρώματος,
2682 3036 2758 3100 ὡς
2785 3037 2843 3090 ὲν
2876 3037 3041 3109 σαρκὶ
3070 3038 3312 3107 γέγονεν.
3349 3037 3623 3097 Τοιουτονὶ
3649 3037 3758 3110 γάρ

498 3157 663 3196 carne
698 3140 771 3195 sit
793 3149 977 3209 ortus;
1009 3140 1132 3195 talis
1152 3147 1237 3195 est
1265 3139 1412 3196 enim
1445 3136 1851 3210 quodammodo
1894 3136 2075 3225 carnis

2181 3126 2294 3192 πώς
2327 3128 2444 3181 ἐστι
2483 3128 2542 3181 τὸ
2569 3129 2668 3199 τῆς
2695 3129 2896 3201 σαρκὸς
2924 3129 3139 3201 χρῶμα.

498 3230 765 3376 ωίξέξίι.
803 3320 1012 3376 Harum
1054 3337 1238 3377 rerum
1269 3317 1785 3392 contemplationem
1832 3335 1940 3387 non
1981 3321 2079 3375 ab-

498 3411 665 3467 surde
696 3428 753 3467 se
782 3413 986 3468 habere
1009 3428 1227 3468 censeo.

567 3504 725 3560 CYR.
776 3504 1056 3561 Columna:
1100 3513 1285 3561 autem
1328 3506 1625 3562 aulaeorum
1679 3507 1734 3561 in
1785 3505 2077 3563 latitudine

497 3596 721 3666 quidem
742 3597 989 3653 cubitum
1005 3613 1068 3652 ac
1087 3597 1379 3652 dimidium
1399 3598 1632 3663 habent,
1658 3599 1713 3653 in
1732 3598 2077 3669 longitudine

498 3687 699 3753 denos;
744 3701 1045 3756 earumque
1076 3692 1192 3741 tum
1241 3688 1448 3756 capita,
1483 3694 1598 3742 tum
1646 3702 1876 3758 corpora
1920 3692 2079 3742 erant

2247 3332 2453 3386 ΠΛΛΛ.
2494 3331 2607 3386 Οὑκ
2634 3330 2737 3399 ἔξω
2767 3331 2925 3402 λόγου
2958 3334 3116 3388 ταυτὶ
3145 3333 3516 3409 τεθεωρῆσθαί
3549 3353 3720 3408 φημι.

2247 3512 2410 3566 ΚΥΡ.
2455 3511 2643 3566 Στύλοι
2693 3512 2752 3566 δὲ
2803 3515 2925 3578 ταῖς
2981 3513 3253 3578 αὐλαίαις,
3306 3507 3465 3586 εὖρος
3519 3513 3622 3585 μὲν
3675 3515 3759 3579 είς

2179 3605 2357 3676 πῆχυν
2390 3604 2557 3669 ἰόντες
2587 3604 2683 3658 ἕνα
2711 3622 2770 3658 τε
2799 3605 2895 3659 καὶ
2921 3606 3115 3677 ἥμισυ.
3145 3606 3337 3676 Μῆκος
3363 3606 3421 3659 δέ
3446 3621 3510 3674 γε
3544 3604 3653 3676 μὴν
3678 3607 3769 3669 είς

2177 3697 2332 3761 δέκα,
2366 3697 2610 3767 κεφαλὰς
2640 3697 2738 3767 μὲν
2779 3699 2874 3751 καὶ
2915 3697 3143 3769 σώματα
3169 3696 3357 3769 χρυσῷ
3377 3697 3761 3769 διαπεπασμέο

498 3792 638 3832 auro
676 3793 971 3847 conspersa
992 3818 1006 3840 ,
1040 3778 1295 3848 binisque
1318 3778 1573 3843 basibus,
1596 3779 1773 3848 iisque
1804 3777 2079 3849 argenteis

498 3867 897 3924 innitebantur.
943 3869 1004 3924 In
1056 3868 1287 3940 singulis
1342 3884 1511 3938 porro
1561 3870 1833 3925 columnis
1884 3886 2123 3927 rursuso

497 3957 1124 4032 Christusintelligitur,
1158 3961 1415 4016 Ecclesiae
1455 3960 1722 4025 fulcrum,
1746 3977 1812 4017 ac
1831 3963 2080 4019 veritatis

502 4050 908 4105 ﬁrmamentum
923 4092 937 4116 ,
965 4060 1027 4106 ut
1049 4052 1251 4107 Paulus
1266 4052 1421 4106 ait'”.
1446 4050 1641 4106 Omnia
1665 4067 1799 4107 vero
1816 4053 1931 4123 ipse
1949 4069 2075 4109 con-

2181 4066 2323 4118 κατὰ
2351 4063 2450 4136 τὴν
2480 4062 2573 4117 τοῦ
2606 4063 2816 4116 Παύλου
2850 4065 3053 4133 φωνήν.
3094 4065 3303 4133 Ἰστησι
3333 4064 3390 4116 δὲ
3425 4064 3519 4118 καὶ
3547 4064 3762 4133 συνέχει

503 4141 683 4198 ﬁrmat
720 4150 776 4198 et
815 4144 1085 4210 continet;
1113 4159 1238 4197 nam
1294 4159 1394 4214 per
1427 4158 1599 4197 unum
1638 4134 1885 4198 cubitum
1915 4152 2075 4215 atque

2181 4156 2249 4210 τὰ
2276 4134 2452 4209 πάντα
2477 4153 2658 4217 αὑτός.
2690 4153 2790 4208 Διὰ
2824 4154 2925 4224 μὲν
2958 4154 3067 4224 γὰρ
3112 4153 3207 4207 τοῦ
3255 4154 3373 4216 ἑνός
3405 4170 3466 4206 τε
3500 4155 3594 4207 καὶ
3622 4156 3761 4223 ἠμί-

501 4231 789 4287 dimidium
827 4240 940 4287 tum
973 4232 1280 4304 perfectus,
1315 4234 1463 4304 quod
1501 4234 1568 4288 ad
1602 4244 1853 4289 naturam
1876 4235 2075 4290 divini-

2183 4263 2306 4309 σους
2332 4246 2575 4314 πήχεως,
2600 4243 2675 4305 ὼς
2707 4243 2911 4305 τέλειος
2930 4241 3070 4295 κατὰ
3095 4241 3256 4310 φύσιν
3285 4241 3557 4312 θεότητος.
3587 4243 3761 4304 μείων

502 4324 630 4378 tatis
648 4325 917 4394 pertinet,
941 4333 1058 4379 tum
1093 4340 1227 4380 vero
1261 4325 1467 4391 minor,
1506 4327 1566 4379 in
1598 4341 1854 4381 mensura
1882 4328 2075 4383 huma-

2181 4339 2237 4392 δὲ
2265 4334 2355 4397 αὖ,
2499 4337 2554 4389 ὲν
2588 4335 3010 4406 ἀνθρωπότητος
3055 4335 3293 4405 μέτροις,
3339 4335 3586 4404 πλαγίως
3632 4342 3763 4392 ὑπο-

2178 3807 2280 3851 νοι,
2326 3789 2513 3860 βάσεσι
2535 3790 2591 3844 δὲ
2623 3789 2837 3853 διπλαῖς
2857 3790 2951 3843 καὶ
2981 3791 3249 3861 ἀργυραῖς
3273 3791 3757 3861 ὲπερηρεισμένοι.

2178 3882 2398 3935 Νοεῖται
2431 3882 2487 3936 δὲ
2517 3881 2678 3935 πάλιν
2718 3880 2793 3944 ὠς
2836 3882 2892 3933 ὲν
2922 3882 3139 3951 ἑκάστῳ
3171 3880 3347 3950 στόλῳ
3378 3880 3628 3952 Χριστὸς,
3659 3882 3768 3950 τῆς

2192 3973 2517 4043 Ἐκκλησίας
2556 3972 2617 4025 τὸ
2664 3971 2913 4042 ἔρεισμα,
2937 3971 2998 4024 τὸ
3041 3972 3138 4042 τῆς
3166 3971 3425 4041 ἀληθείας
3454 3970 3759 4042 ἑδραίωμα,

500 4413 686 4469 nitatis
719 4415 940 4484 oblique
972 4414 1328 4485 signiﬁcatur.
1368 4416 1556 4486 Neque
1601 4432 1735 4472 vero
1775 4417 2077 4473 absurdum

502 4510 606 4566 est,
645 4503 692 4558 si
732 4503 981 4557 dicamus
1015 4503 1475 4572 perfectissimum
1501 4506 1724 4575 quidem
1761 4521 1883 4562 esse
1915 4507 2078 4563 Chri-

501 4600 677 4658 stum,
713 4600 773 4647 ut
815 4593 872 4647 in
936 4593 1149 4674 integro
1182 4594 1389 4660 cubito,
1432 4612 1557 4651 cum
1588 4598 1733 4652 Deus
1780 4598 2081 4654 secundum

502 4692 752 4736 naturam
777 4683 875 4747 sit;
900 4681 1155 4737 eumdem
1183 4690 1366 4738 tamen
1384 4695 1444 4738 ut
1470 4685 1524 4739 in
1550 4685 1780 4740 dimidio
1804 4687 1991 4742 cubito
2011 4704 2080 4743 ex

504 4773 746 4829 humana
777 4784 975 4830 natura
993 4776 1423 4831 submissiorem.
1458 4778 1607 4832 Nihil
1636 4789 1719 4834 est
1740 4779 1887 4833 enim
1912 4780 1965 4835 in
1990 4797 2078 4836 re-

500 4864 607 4921 bus
642 4866 778 4922 ortis
824 4867 1168 4937 perfectum:
1204 4884 1369 4938 porro
1412 4869 1504 4923 ille
1552 4870 1908 4941 Unigenitus,
1954 4887 2078 4926 cum

501 4956 656 5013 dives
686 4966 861 5024 esset,
899 4975 1107 5030 pauper
1128 4960 1185 5014 in
1225 4959 1387 5014 nobis
1411 4960 1586 5017 factus
1618 4970 1729 5026 est,
1754 4978 1819 5017 ac
1865 4976 1984 5019 sese
2007 4964 2080 5023 ad

500 5051 925 5107 cxinanitionem
962 5052 1182 5109 demisit
1209 5055 1273 5107 ".

570 5139 766 5194 PALL.
797 5140 875 5195 Ita
911 5150 1014 5197 est.
1814 5186 1817 5187 ν

570 5227 727 5284 CYR.
761 5230 877 5285 Non
899 5232 1065 5303 igitur
1092 5248 1309 5303 aequare
1351 5233 1554 5304 poterit
1575 5233 1875 5290 divinitatis
1900 5237 2080 5292 excel-

500 5321 722 5377 lentiam
743 5323 980 5379 humana
1002 5334 1225 5391 natura;
1253 5326 1307 5380 id
1337 5326 1484 5381 enim
1500 5326 1857 5383 ﬁeriminime
1874 5338 2073 5399 potest.

501 5412 715 5484 Itaque,
768 5424 829 5469 ut
857 5416 951 5485 qui
1009 5417 1185 5469 nostri
1233 5418 1429 5473 similis
1468 5419 1646 5474 factus
1688 5427 1860 5485 esset,
1914 5429 2077 5489 atque

583 5592 627 5624 ‘°
669 5592 865 5646 Ezech.
901 5608 982 5658 XL,
1022 5594 1105 5649 i7.
1169 5597 1210 5627 ⁹¹
1241 5597 1259 5651 l
1286 5595 1522 5660 Tim.m,
1557 5598 1634 5650 l5.

2186 4426 2530 4498 σημαίνεται.
2564 4427 2678 4479 Οὑκ
2715 4424 2906 4494 εῦηθες
2957 4423 3013 4476 δὲ
3062 4425 3257 4488 εἰπεῖν,
3306 4424 3388 4477 ὅτι
3443 4421 3763 4485 παντέλειος

2188 4519 2306 4589 μὲν,
2332 4519 2406 4582 ὡς
2437 4519 2495 4571 ἐν
2522 4516 2801 4586 ὁλοκλήρῳ
2843 4515 3006 4585 πήχει
3038 4512 3293 4585 Χριστὸς,
3323 4514 3445 4567 ὲπεί
3492 4531 3574 4568 τοι
3626 4513 3759 4576 Θεός

2188 4611 2302 4662 ἐστι
2330 4607 2470 4663 κατὰ
2504 4608 2684 4677 φύσιν.
2735 4607 2824 4669 Ὧς
2851 4606 2906 4659 δὲ
2940 4607 2998 4657 ὲν
3029 4605 3219 4675 ἡμίσει
3264 4606 3500 4676 πήχεως,
3530 4604 3756 4675 ὑφειμέ-

2187 4717 2277 4764 νος
2331 4700 2418 4753 διὰ
2460 4699 2520 4752 τὸ
2574 4697 2930 4765 ἀνθρώπινον.
2986 4696 3203 4750 Τέλειον
3255 4697 3365 4766 γὰρ
3406 4698 3464 4748 ὲν
3509 4698 3756 4766 γενητοῖς

2186 4793 2358 4846 οὐδέν.
2424 4790 2683 4853 Πλούσιος
2724 4789 2782 4842 δὲ
2830 4788 2925 4853 ὢν,
2979 4787 3323 4859 ἐπτώχευσεν
3364 4789 3420 4841 ἐν
3469 4789 3620 4857 ἡμῖν,
3663 4786 3764 4845 καὶ

2189 4883 2430 4953 καθῆκεν
2461 4881 2650 4935 ἑαυτὸν
2681 4882 2760 4947 εἱς
2791 4879 3017 4934 κένωσιν
3048 4883 3076 4935 ὸ
3098 4879 3429 4949 Μονογενής.

2258 5141 2465 5193 nam.
2521 5138 2760 5212 ’Λληθές.

2257 5234 2415 5286 ΚΥΡ.
2459 5233 2667 5287 Οὐκοῦν
2696 5235 2797 5286 οὑκ
2838 5234 3176 5303 ίσοστατήσει
3206 5235 3325 5295 ταῖς
3376 5231 3477 5301 τῆς
3508 5230 3761 5299 θεότητος

2184 5327 2481 5396 ὑπεροχαῖς
2509 5326 2567 5378 τὸ
2611 5324 2973 5396 ἀνθρώπινον*
3008 5322 3199 5378 πολλοῦ
3255 5340 3318 5390 γε
3365 5322 3458 5379 καὶ
3506 5321 3604 5375 δεῖ.
3638 5320 3757 5372 Το;«

2185 5421 2374 5489 γάρτοι
2400 5418 2491 5471 καὶ
2523 5417 2780 5486 ἔφασκεν,
2815 5417 2888 5480 ὡς
2916 5416 3036 5473 καθ’
3057 5417 3202 5486 ἡμᾶς
3226 5412 3461 5484 γεγονὼς
3493 5413 3585 5469 καὶ
3610 5409 3759 5466 vecti-

1723 5600 1765 5628 ’³
1803 5599 2120 5661 liilor.vnt.
2160 5601 2214 5653 9.
