3962 6296
739 237 805 246 ..ηρ-

225 272 339 331 657
739 237 805 246 ﬂ
980 265 1070 322 DE
1106 263 1552 320 ADOIlATIONE
1594 263 1663 319 IN
1700 262 1973 319 SPIRITU
2013 263 2104 319 ET
2145 263 2518 320 VERITATE.
2561 261 2692 319 LIB.
2733 258 2825 315 IX.
3390 254 3496 308 F38
3576 198 3581 201 Π

232 402 426 462 μενοςο
456 404 476 439 ι
513 385 574 441 ’0
607 384 803 455 Πατήρ
849 400 948 454 μου
992 380 1191 453 μείζων
1252 398 1351 450 μου
1400 381 1537 441 ἐστὶ,
1566 399 1583 430 ›
1624 378 1805 432 καίτοι
1840 384 1860 435 ιε

1973 380 2078 435 iam
2131 378 2566 448 intelligeretur,
2603 374 2822 430 dicebat
2857 390 2872 427 :
2919 389 2938 423 ι
2975 370 3136 426 Pater
3195 366 3368 441 major
3406 380 3494 420 me

231 460 371 537 κατὰ
402 477 566 549 φύσιν
600 476 875 546 θεότητος,
912 473 1213 545 ίσομέτρως
1251 473 1408 542 ἔχων,
1458 473 1550 526 καὶ
1583 473 1684 540 τῆς
1717 468 1810 522 τοῦ

1975 479 1996 523 t
2026 469 2106 535 ⁹³;
2141 490 2158 514 ι
2200 485 2324 524 cum
2359 478 2543 523 tamen
2588 481 2656 520 ex
2692 473 2889 519 natura
2926 460 3231 517 divinitatis
3273 461 3502 531 aequalis

231 572 485 633 τεκόντος
538 568 817 639 ὑπεροχῆς
859 568 957 635 ούχ
1008 564 1341 636 ἡττώμενος.
1404 563 1597 632 Μῆκος
1647 562 1702 614 δὲ
1735 561 1812 630 τῷ

1973 572 2006 626 t,
2029 570 2084 616 et
2106 560 2278 615 nihilo
2302 558 2533 614 inferior
2548 554 2871 613 excellentia
2882 552 3177 609 Genitoris.
3191 551 3503 623 Longitudo

238 664 394 732 ξύλῳ,
426 661 733 729 δεκάπηχυ.
766 657 1084 720 Παντέλειος
1106 655 1213 726 γὰρ
1240 656 1314 719 ὡς
1340 657 1397 708 ἐν
1429 654 1686 725 ὑψώμασι
1717 653 1814 722 τῆς

1973 669 2046 707 :ro
2070 653 2336 707 columnae
2359 651 2549 706 decem
2572 648 2888 704 cubitorum
2908 653 3028 699 erat
3043 662 3058 710 ;
3074 651 3161 699 est
3180 645 3327 700 enim
3343 643 3505 702 Chri-

238 755 509 824 θεότητος,
544 754 574 805 ὁ
627 750 883 827 Χριστός.
925 748 1272 818 Τελειότητος
1305 747 1360 800 δὲ
1404 751 1645 818 σημεῖον,
1680 748 1707 799 ὁ
1735 747 1815 809 εἰς

1973 760 2061 808 us,
2093 742 2239 813 quod
2298 742 2366 797 ad
2412 740 2718 796 divinitatis
2775 736 3171 793 sublimitatem
3228 735 3500 804 pertinet.

236 822 390 899 δέκα
414 844 629 915 τρέχων
675 822 908 911 ἀριθμὸς
950 838 1104 909 παρά
1130 855 1194 906 γε
1224 841 1289 909 τῇ
1323 837 1441 908 Θεία
1482 836 1814 906 λαμϐάνεται

1973 835 2377 899 :rfectissimus;
2423 846 2591 904 porro
2633 831 2690 885 in
2716 827 2921 884 divinis
2969 824 3197 880 Litteris
3241 822 3507 878 denarius

244 939 461 1036 Γραφῇ.
508 934 705 1005 ’Χρυσῆ
758 933 814 985 δὲ
861 930 937 1000 τῷ
989 930 1129 1001 ξύλῳ
1169 928 1398 1000 κεφαλὴ,
1433 930 1525 980 καὶ
1571 928 1675 999 μὴν
1723 925 1817 980 καὶ

1973 944 2182 983 unerus
2210 926 2604 998 perfectionem
2634 920 2923 999 significat.
2960 922 3206 974 Aureum
3236 925 3321 971 est
3363 931 3507 986 pra:-

2110 1035 2114 1036 ,
2165 1020 2176 1036 1
2239 1034 2266 1036 η
2403 1024 2554 1036 --..--Α
2628 1022 2674 1036 ,ι
2715 1013 2848 1036 2.-..
2887 1025 3118 1036 ..η-...πη
3153 1015 3231 1036 Α...
3265 1005 3395 1036 tum!
3423 1006 3507 1036 νὴ

243 1025 397 1093 σῶμα
431 1022 689 1094 χρυσοῦν.
718 1019 936 1084 Φύσεώς
969 1037 1033 1088 γε
1071 1020 1177 1089 μὴν
1205 1019 1303 1089 τῆς
1356 1018 1617 1071 ἀνωτάτω
1648 1034 1816 1069 κατα-

1977 1037 2067 1083 rea
2096 996 2363 1075 colu—mna:
2394 1024 2588 1087 caput,
2621 1022 2679 1070 et
2715 996 2853 1069 item
2883 1025 3120 1081 corpus;
3150 1015 3236 1063 est
3265 1005 3397 1060 illud
3423 1006 3510 1059 vi-

244 1116 465 1168 πλουτεῖ
498 1115 588 1166 τὸν
629 1111 953 1182 ὲναυλισμὸν
985 1112 1013 1163 ὁ
1050 1113 1113 1163 ὲκ
1148 1108 1426 1180 Παρθένου
1478 1108 1623 1172 ναός.
1668 1107 1817 1178 Σύμ-

1974 1111 2105 1165 ssim
2147 1109 2214 1164 de
2256 1108 2479 1179 Virgine
2522 1107 2788 1177 templum
2832 1117 3060 1158 summa:
3102 1100 3251 1153 illius
3296 1105 3510 1153 natura

1981 1201 1994 1218 ι
2054 1199 2310 1218 n-._.9-_.-
2371 1196 2637 1218 __--_.J:-...-
2679 1212 2691 1218 -
2728 1193 2888 1218 nio
2939 1189 3237 1218 A:-u:-\:Ini:a
3309 1187 3510 1218 nn:an

245 1209 393 1261 ϐολον
432 1207 490 1260 δὲ
543 1205 817 1271 θεότητος,
873 1205 899 1256 ὁ
947 1202 1167 1274 χρυσὸς,
1230 1201 1501 1273 ὑπεροχὴν
1562 1200 1818 1270 ἔχωντὴν

1973 1199 2316 1255 habitatione
2370 1196 2640 1267 praedives
2679 1212 2692 1248 :
2727 1193 2893 1264 318
2936 1189 3239 1246 divinitatis
3307 1187 3510 1258 quippe

246 1297 386 1351 κατὰ
419 1298 659 1356 πάντων,
690 1296 763 1358 ὠς
799 1298 853 1348 ὲν
897 1292 1028 1363 ὕλης
1075 1293 1234 1362 τυχὸν
1264 1293 1363 1361 τῆς
1396 1290 1606 1345 τοιᾶσδε
1650 1289 1817 1359 λόγῳ.

1973 1291 2226 1345 νηώοιυιῐι
2274 1298 2358 1344 est
2403 1303 2637 1351 aurum,
2683 1300 2809 1340 cum
2852 1282 3110 1338 omnibus
3154 1286 3405 1350 praestet,
3464 1276 3512 1333 si

260 1388 350 1454 Ἐξ
378 1388 620 1459 ἀργύρου
668 1386 725 1439 δὲ
775 1385 867 1438 καὶ
899 1386 964 1437 ὲκ
1000 1384 1200 1454 δυοϊνή
1237 1382 1412 1453 βάσις.
1467 1380 1735 1452 Λαμπρδς
1764 1380 1821 1433 δὲ

1973 1381 2129 1437 etalli
2170 1380 2439 1433 rationem
2469 1377 2803 1433 consideres.
2844 1373 2998 1428 Basis
3036 1378 3303 1441 praeterea
3330 1384 3399 1423 ex
3426 1383 3514 1423 ar-

249 1483 339 1535 καὶ
371 1479 638 1547 διαφανὴς
686 1479 742 1529 ὲν
789 1478 859 1546 γῇ
910 1477 939 1528 ὁ
974 1476 1227 1545 Χριστὸς,
1259 1475 1401 1527 κατά
1417 1490 1480 1540 γε
1524 1471 1605 1535 τὸ,
1639 1491 1656 1523 ι
1687 1471 1822 1534 Θεὸς

1973 1481 2085 1527 mlo
2108 1513 2123 1538 ,
2153 1488 2216 1528 ac
2257 1470 2473 1525 duobus
2496 1475 2744 1533 constat;
2776 1464 3027 1536 splendet
3058 1462 3189 1516 item
3218 1460 3271 1514 in
3302 1458 3466 1514 terris
3495 1497 3513 1523 ,

250 1573 475 1641 Κύριος,
505 1568 597 1622 καὶ
628 1567 891 1634 ὲπέφανεν
941 1566 1072 1635 ἡμῖν
1094 1580 1109 1596 ’
1134 1583 1153 1616 ι
1194 1564 1286 1616 καὶ
1326 1563 1485 1617 οἱονεὶ
1521 1562 1684 1630 διφυᾶ
1724 1561 1822 1631 τὴν

332 1662 358 1673 an
506 1659 528 1673 υ
773 1660 794 1672 υ
922 1658 1019 1673 γετί
1068 1656 1083 1673 ε
1172 1653 1285 1673 νθκνθ
1331 1654 1459 1673 n_l_
1507 1669 1560 1673 _-
1601 1651 1685 1673 ---Α
1736 1652 1792 1673 ι..

1973 1563 2230 1618 ιίιιυεῐνίε
2253 1570 2333 1616 est
2359 1559 2647 1625 Christus;
2677 1556 2822 1611 unde
2856 1554 2992 1609 illud
3034 1559 3119 1607 est
3149 1570 3160 1604 :
3197 1570 3215 1601 ι
3239 1550 3383 1604 Deus
3405 1548 3515 1603 Do~

1984 1655 1995 1673 ,-
2022 1670 2104 1673 νη-
2187 1660 2233 1673 _.
2270 1651 2443 1673 :n----:.
2476 1649 2632 1673 _..|.:..
2658 1649 2728 1673 η.
2765 1666 2780 1673 -
2818 1644 3143 1673 --m:nnn.m
3168 1648 3246 1673 ac!
3275 1641 3391 1673 nim:
3418 1652 3515 1673 nn-

256 1662 457 1737 γνῶσιν
504 1659 636 1729 ἔχει·
684 1660 884 1710 νοεῖται
918 1658 1027 1725 γάρ
1066 1656 1121 1706 ὲν
1148 1653 1296 1724 αύτῴ
1329 1654 1461 1715 Θεός
1505 1669 1564 1705 τε
1599 1651 1691 1705 καὶ
1729 1652 1823 1705 ἄν·
1854 1713 1860 1737 1

1973 1655 2107 1709 linus
2134 1694 2148 1719 ,
2181 1660 2237 1708 et
2270 1651 2449 1706 illuxit
2475 1649 2636 1704 nobis
2658 1649 2729 1714 ";
2765 1666 2782 1699 ι
2816 1644 3143 1717 geminaque
3168 1648 3255 1695 est
3275 1641 3394 1710 ejus
3418 1652 3515 1692 co-

253 1713 489 1825 ἁρωπος.
524 1749 686 1803 Τουτὶ
734 1748 862 1817 γὰρ,
896 1742 1070 1816 οἶμαι,
1104 1745 1240 1811 ἔστι,
1269 1713 1361 1797 ¹τὸ
1408 1744 1603 1815 διπλῆν
1637 1742 1824 1814 ὥσπερ
1854 1713 1860 1768 1

1973 1745 2133 1809 uitio,
2171 1753 2470 1812 utrumque
2495 1740 2642 1795 enim
2681 1739 2739 1794 in
2769 1753 2835 1793 eo
2861 1737 3008 1791 Deus
3045 1741 3101 1788 et
3126 1733 3292 1787 homo
3316 1727 3520 1783 intelliv.

253 1820 396 1921 ἔχειν
426 1842 520 1899 καὶ
546 1840 605 1906 ἐξ
625 1838 866 1911 ἀργύρου
896 1835 992 1909 τὴν
1019 1835 1196 1907 βάσιν.

1973 1839 2095 1892 itur.
2138 1835 2254 1890 Hoc
2282 1833 2428 1887 enim
2463 1839 2577 1895 est,
2614 1838 2676 1884 ut
2717 1828 2943 1898 opinor,
2975 1823 3254 1896 duplicem
3311 1820 3519 1878 habere

1932 1929 2169 2002 quodam
2196 1925 2358 1980 modo
2384 1932 2440 1977 et
2469 1929 2783 1991 argenteam
2807 1918 3006 1973 basim.

326 2021 538 2075 ΠΑᾹΛ.
579 2015 833 2078 Εἰκάζεις
865 2012 1058 2085 ὀρθῶς.

330 2114 492 2166 ΚΥΡ.
535 2112 643 2164 Θέα
666 2126 727 2177 γε
762 2108 866 2178 μὴν
896 2107 1089 2170 έκεῖνο,
1118 2097 1162 2157 ὦ
1193 2102 1311 2157 τᾶν.

325 2205 539 2262 ΠΛΛᾹ.
581 2203 649 2255 '0
682 2219 733 2253 τι
760 2201 862 2269 δή;

328 2298 492 2351 ΚΥΡ.
536 2296 629 2358 Εἰς
680 2292 903 2353 αὐλαίας
952 2288 1061 2360 γάρ
1118 2287 1249 2341 δέκα
1301 2283 1682 2358 προστεταχὼς
1707 2285 1837 2354 ὅλην

261 2386 597 2443 ὲκτείνεσῦαι
651 2385 749 2456 τὴν
806 2381 1047 2451 σκηνὴν,
1099 2379 1341 2446 ἐπιλέγει
1402 2376 1627 2448 μεταξύ·
1683 2376 1836 2432 «Καὶ

266 2483 508 2549 ποιήσεις
556 2479 767 2549 δέρρεις
796 2473 1058 2546 τριχίνας,
1092 2471 1300 2541 σκέπην
1346 2471 1438 2523 ἐπὶ
1483 2470 1580 2538 τῆς
1608 2470 1833 2540 σκηνῆς·

264 2574 455 2627 ἕνδεκα
481 2572 731 2641 ποιήσεις
750 2566 917 2629 αὐτὰς
941 2564 1171 2637 δέῤῥεις,
1199 2562 1260 2615 τὸ
1283 2561 1456 2633 μῆκος
1488 2563 1588 2632 τῆς
1604 2562 1839 2633 δέρῤεως

266 2667 360 2736 τῆς
389 2666 518 2735 μιᾶς
561 2663 713 2716 ἔσται
759 2660 1049 2732 τριάκοντα
1110 2656 1346 2726 πήχεων,
1410 2655 1506 2708 καὶ
1560 2655 1840 2726 τεσσάρων

268 2758 485 2828 πήχεων
532 2754 593 2808 τὸ
645 2749 802 2825 εὖρος
846 2753 944 2821 τῆς
973 2751 1207 2819 δέρῤεως
1245 2750 1342 2820 τῆς
1404 2751 1566 2821 μιᾶς·
1618 2751 1677 2803 τὸ
1712 2751 1843 2805 αὐτὸ

274 2851 444 2925 μῆκος
478 2848 572 2900 ἐπὶ
624 2850 741 2909 ταῖς
770 2845 962 2899 ἕνδεκα
994 2844 1229 2916 δέρρεσι.
1284 2844 1394 2896 Καὶ
1440 2843 1696 2913 συνάψεις
1745 2845 1843 2907 τὰς

272 2943 427 3000 πέντε
455 2942 671 3014 δέρρεις
706 2940 797 2991 ἐπὶ
823 2939 884 2992 τὸ
913 2939 1063 3001 αὐτὸ,
1093 2938 1188 2991 καὶ
1213 2937 1309 3000 τὰς
1337 2936 1394 3002 ἒξ
1420 2936 1635 3008 δέρρεις
1666 2938 1759 2991 ἐπὶ
1784 2938 1845 2991 τὸ

1833 2070 1844 2105 ι

2004 2019 2202 2077 PALL.
2228 2018 2400 2072 Recte
2423 2013 2669 2083 conjicis.

2007 2113 2164 2169 CYR.
2188 2109 2325 2165 Illud
2369 2117 2549 2162 tamen
2582 2101 2988 2159 animadvertas
3017 2098 3203 2154 velim.

2008 2203 2205 2260 PALL.
2236 2201 2379 2268 Quid
2414 2198 2560 2253 istud
2601 2194 2856 2251 tandem?

2010 2297 2167 2354 CYR.
2186 2296 2321 2350 Nam
2339 2335 2352 2359 ,
2381 2307 2505 2348 cum
2546 2289 2611 2344 ad
2655 2288 2845 2342 decem
2873 2283 3043 2338 aulaea
3070 2287 3239 2334 totum
3262 2276 3523 2331 taberna-

1938 2389 2123 2446 culum
2148 2385 2354 2457 porrigi
2392 2383 2648 2454 iussisset
2667 2419 2681 2443 ,
2710 2378 2826 2431 haec
2858 2370 3160 2444 interponit
3179 2369 3375 2425 verba:
3410 2384 3430 2417 ι
3456 2364 3526 2420 Et

1940 2479 2107 2538 facies
2143 2479 2264 2534 vela
2304 2474 2583 2545 capillacia
2616 2474 2990 2541 tegumentum
3015 2478 3180 2533 super
3202 2460 3517 2515 tabernacu-

1940 2575 2089 2629 lum:
2120 2569 2375 2625 undecim
2400 2567 2565 2621 facies
2596 2564 2712 2633 ipsa
2736 2561 2884 2623 vela,
2909 2554 3196 2626 longitudo
3218 2550 3385 2605 unius
3419 2543 3527 2600 veli

1942 2668 2051 2723 erit
2081 2663 2307 2734 triginta
2331 2659 2645 2715 cubitorum
2665 2697 2681 2721 ,
2704 2662 2760 2710 et
2788 2657 3025 2723 quatuor
3060 2646 3374 2702 cubitorum
3398 2638 3526 2694 lati-

1946 2754 2079 2811 tudo
2100 2728 2206 2809 veli
2229 2750 2393 2806 unius
2417 2746 2636 2802 :eadem
2660 2740 2946 2813 longitudo
2967 2738 3072 2792 erit
3089 2733 3224 2790 velis
3242 2728 3520 2786 undecim.

1945 2848 2014 2902 Et
2043 2845 2342 2913 conjunges
2365 2837 2611 2908 quinque
2648 2834 2768 2887 vela
2807 2832 2952 2884 inter
2982 2844 3069 2891 se,
3117 2834 3172 2879 et
3196 2838 3291 2878 sex
3317 2819 3435 2875 vela
3468 2818 3526 2872 in

1948 2908 2187 3004 idipsum
2213 2948 2228 2994 ;
2254 2908 2315 2983 et
2336 2924 2647 2996 duplicabis
2662 2922 2843 2976 velum
2868 2926 3079 2973 sextum
3108 2914 3160 2968 in
3189 2911 3325 2966 facie
3354 2908 3530 2963 taber-

273 3036 419 3095 αύτδ,
456 3034 553 3087 καὶ
582 3031 963 3094 ὲπιδιπλώσεις
1009 3030 1107 3100 τὴν
1154 3028 1335 3101 δέρῤιν
1386 2996 1680 3101 τὴνέκτην
1708 3030 1846 3083 κατὰ

1973 3024 2252 3089 iaculi;et
2283 3019 2453 3073 facies
2501 3028 2663 3069 ansas
2714 3007 3107 3079 quinquaginta
3168 3003 3223 3055 in
3277 3015 3372 3055 ora
3426 2996 3535 3053 veli

276 3128 564 3199 πρόσωπον
588 3125 688 3194 τῆς
714 3124 937 3194 σκηνῆς·
982 3122 1073 3177 καὶ
1105 3123 1351 3190 ποιήσεις
1381 3122 1622 3190 ἀγκύλας
1656 3124 1845 3192 πεντή-

276 3234 437 3272 κοντα
487 3216 584 3268 ἐπὶ
631 3213 723 3268 τοῦ
765 3213 974 3284 χείλους
1018 3213 1116 3282 τῆς
1166 3211 1402 3283 δέρῤεως
1432 3213 1531 3281 τῆς
1566 3213 1717 3281 μιᾶς,
1742 3212 1844 3280 τῆς

276 3308 375 3361 ὰνᾶ
401 3307 563 3376 μέσον
609 3303 750 3357 κατὰ
773 3302 869 3372 τὴν
901 3301 1194 3371 συμϐολήν.
1232 3302 1342 3354 Καὶ
1383 3301 1717 3369 πεντήκοντα
1741 3301 1841 3367 ἁγ-

278 3398 443 3461 κύλας
479 3398 725 3465 ποιήσεις
767 3395 859 3447 ἐπὶ
910 3392 1004 3446 τοῦ
1060 3392 1270 3463 χείλους
1336 3391 1435 3461 τῆς
1482 3391 1720 3463 δέῤῥεως
1749 3392 1849 3460 τῆς

282 3488 662 3558 συναπτούσης
696 3489 790 3556 τῆς
825 3485 1104 3557 δευτέρας.
1130 3505 1147 3536 ι
1177 3485 1240 3539 Τί
1275 3484 1336 3537 τὺ
1364 3485 1553 3554 χρῆμα
1576 3484 1782 3546 λοιπὸν,
1808 3479 1852 3537 ὧ

283 3581 712 3644 Παλλάδιεςδέκα
739 3579 836 3650 μὲν
859 3579 966 3649 γὰρ
981 3579 1182 3647 ἐγείρει
1204 3577 1300 3640 τὰς
1316 3576 1561 3639 αὐλαίας.
1586 3572 1712 3629 Εἶτα
1739 3577 1854 3639 πῶς

283 3673 382 3725 οὐκ
418 3670 694 3742 ίσάριθμοι
724 3669 947 3731 ταύταις
971 3669 1028 3721 ai
1056 3667 1292 3739 δέρρεις,
1320 3665 1626 3736 περιττεύει
1651 3667 1707 3721 δὲ
1743 3667 1861 3737 μία,

1949 3116 2134 3174 unius,
2189 3108 2338 3180 quod
2376 3114 2461 3161 est
2504 3100 2891 3157 intermedium
2935 3096 2991 3153 in
3021 3089 3422 3148 commissura:
3480 3092 3538 3140 et

1951 3199 2346 3276 quinquaginta
2371 3209 2532 3249 ansas
2586 3190 2755 3244 facies
2817 3188 2871 3241 in
2911 3200 3007 3238 ora
3031 3181 3140 3235 veli
3194 3175 3534 3235 cohaerentis

1951 3272 2181 3353 secundi
2204 3274 2249 3322 θ’θ’
2276 3331 2288 3343 .
2326 3308 2343 3339 ι
2372 3284 2643 3353 Quidnam
2667 3287 2752 3335 est
2774 3277 2878 3332 hoc
2900 3318 2913 3341 ,
2953 3272 3197 3330 Palladi?
3224 3285 3383 3333 nam,
3409 3282 3537 3322 cum

1962 3563 2362 3625 undecimum?
2407 3559 2720 3629 Conjunges
2784 3552 2969 3616 enim,
3026 3548 3242 3619 inquit,
3298 3544 3539 3615 quinque

1973 3664 2093 3720 vela
2123 3660 2269 3716 inter
2301 3671 2361 3711 se
2381 3695 2395 3720 ,
2420 3661 2477 3708 et
2502 3665 2599 3706 sex
2624 3647 2746 3705 vela
2784 3646 2928 3701 inter
2949 3659 3027 3698 se.

282 3764 426 3828 τοῦτ’
449 3724 619 3816 ἔστινῖ
649 3763 682 3833 ή
710 3724 1001 3831 ἑνδεκάτης
1323 3724 1449 3829 γὰρ,
1482 3760 1666 3830 φησὶν,
1699 3724 1796 3825 τάς
1821 3724 1982 3814 πέντε
2003 3756 2213 3827 ὂέρῤεις
2246 3747 2339 3802 ἐπὶ
2364 3746 2425 3799 τὸ
2452 3742 2604 3806 αὐτὸ,
2639 3740 2732 3794 καὶ
2749 3738 2843 3802 τὰς
2865 3734 2927 3801 ἓξ
2951 3736 3159 3808 δέρῤεις
3190 3730 3282 3785 ἐπὶ
3310 3729 3370 3782 τὺ
3387 3724 3543 3784 αὐτό.

352 3858 564 3911 ΠΛΛΛ.
607 3854 719 3907 οὐκ
749 3853 856 3924 ἔχω
887 3852 1112 3923 φράσαι.

362 3949 526 4002 ΚΥΡ.
579 3945 717 3998 Ἀλλ’
742 3945 778 4016 ἦ
816 3961 880 4013 γε
915 3944 1063 4007 θέσις
1096 3944 1352 4014 σαφηνιεῖ
1378 3943 1440 3997 τὸ
1468 3943 1823 4017 ζητούμενον.

363 4126 569 4186 ΠΑΛΛ.
608 4124 732 4188 Πῶς
769 4122 938 4193 Ξφης;

363 4222 528 4275 ΚΥΡ.
570 4221 739 4273 Πέντε
770 4219 866 4289 μὲν
891 4218 997 4290 γὰρ
1023 4217 1252 4280 αὐλαίας
1286 4217 1542 4287 ἀλλήλαις
1576 4234 1869 4286 συνεσφιγ-

2034 3825 2232 3905 ΡΑιι.
2258 3841 2373 3911 Ego
2404 3851 2539 3894 vero
2566 3833 2695 3905 quid
2727 3831 2904 3886 dicam
2926 3869 2940 3893 ,
2968 3843 3079 3882 non
3100 3825 3298 3880 habeo.

2037 3935 2195 3993 ΟΥΕ.
2251 3908 2419 3999 Atqui
2466 3927 2585 3998 ipsa
2641 3920 2931 3982 collocatio
2976 3915 3328 3994 perspicuum
3383 3908 3547 3968 faciet

1971 4029 2120 4103 quod
2142 4025 2431 4097 quaeritur.

2041 4119 2238 4178 PALL.
2267 4118 2387 4183 Quo
2409 4112 2632 4169 tandem
2659 4107 2855 4165 modo?

2041 4212 2196 4269 (ΝΒ.
2244 4209 2379 4262 Nam
2419 4203 2661 4273 quinque
2695 4200 2893 4263 aultea,
2929 4192 3137 4263 inquit,
3176 4191 3318 4245 inter
3334 4203 3390 4243 se
3413 4203 3549 4243 con-

296 4314 461 4384 μένας
485 4314 565 4366 ὅτι
603 4312 842 4382 προσῆκε
877 4310 1126 4380 γενέσθαι
1163 4310 1344 4379 φησίν·
1377 4310 1569 4380 ἐτέρας
1594 4310 1651 4362 δὲ
1686 4313 1860 4373 πέντε,

1980 4319 2119 4358 nexa
2146 4299 2265 4354 ﬁeri
2303 4302 2585 4366 oportere,
2621 4290 2863 4359 quinque
2909 4284 3097 4339 itidem
3136 4281 3326 4342 altera,
3357 4277 3553 4333 eadem

294 4405 437 4459 κατὰ
468 4405 530 4456 τὸ
580 4403 711 4456 αὐτὸ
739 4403 794 4455 δὲ
829 4403 1037 4472 σχῆμα,
1071 4402 1193 4454 καὶ.
1222 4404 1277 4453 ὲν
1320 4402 1418 4471 ἴσῳ
1449 4402 1634 4471 τρόπῳ
1664 4403 1872 4453 ἀντιτε-

295 4496 591 4565 ταγμένας.
625 4494 923 4567 Τοιγαροῦν
968 4493 1226 4564 ἀλλήλοιιν
1283 4492 1376 4545 καὶ
1446 4491 1874 4561 ἁντιπροσώπως

297 4587 822 4659 ἀντεγηγερμέναιν,
865 4587 941 4649 ὼς
991 4587 1054 4638 ἐκ
1107 4584 1333 4655 βορῤἐου
1385 4583 1546 4653 τυχὸν
1579 4584 1672 4635 καὶ
1698 4583 1873 4645 νότου,

297 4681 465 4759 ήγουν
494 4678 555 4752 ἐξ
600 4679 728 4749 ήοῦς
752 4679 847 4732 καὶ
879 4678 1062 4747 μέντοι
1106 4679 1199 4731 καὶ
1235 4675 1474 4744 δυσμῶν,
1503 4675 1759 4744 ἑνδεκάτη
1793 4691 1877 4738 τις

298 4771 333 4840 ἡ
365 4768 453 4822 διὰ
489 4769 655 4840 μέσου
697 4767 880 4822 λοιπὸν
926 4765 1270 4837 ὲσχεδιάζετο
1321 4764 1546 4835 πλευρὰ,
1584 4763 1687 4816 ἀνὰ
1717 4763 1879 4833 μέρος

306 4860 608 4930 ποιουμένη
641 4858 758 4921 τὰς’
775 4858 926 4922 δέκα,
959 4857 1294 4928 διῃρημένας
1316 4857 1395 4919 είς
1417 4855 1528 4921 δύο,
1557 4855 1642 4924 ἐφ’
1738 4854 1880 4922 τάχα

303 4966 405 5003 που
430 4950 523 5003 καὶ
541 4949 722 5021 δέῤῥις
747 4951 779 5018 ἡ
813 4948 1075 5014 ἑνδεκάτη
1095 4965 1159 5000 πε
1169 4945 1407 5018 ριτετά[ν
1418 4945 1648 5016 ινυσται,
1668 4943 1880 5013 κρίκοις

302 5058 361 5094 τε
399 5042 493 5096 καὶ
518 5040 783 5111 ἀγκύλαις
816 5040 981 5109 ἄμφω
1010 5039 1299 5108 συνέχοντα
1334 5036 1431 5099 τὰς
1457 5036 1725 5105 πλευράς·
1756 5032 1879 5087 καθ’

306 5134 602 5211 ὁμοιότητα.
642 5132 701 5186 δὲ
757 5131 864 5187 τῶν
911 5132 1108 5196 ἄλλων,
1164 5131 1257 5189 καὶ
1309 5131 1358 5183 οἱ
1425 5129 1628 5199 ταύτης
1680 5127 1880 5191 στύλοι,

308 5227 447 5297 πλὴν
482 5227 680 5297 ἥττους
718 5227 775 5280 ὲν
819 5224 1058 5296 ἀριθμῷ.
1092 5224 1159 5276 Αἱ
1192 5223 1290 5293 μὲν
1322 5222 1430 5293 γὰρ
1450 5221 1581 5274 δέκα
1636 5219 1880 5285 αὐλαῖαι,

309 5315 560 5386 καθάπερ
605 5314 704 5386 ήδη
767 5317 1050 5385 προεῖπον,
1088 5314 1168 5376 είς
1214 5314 1386 5383 μῆκος
1417 5311 1743 5375 ὲξετείνοντο
1775 5311 1885 5379 πή-

310 5424 448 5478 χεων
468 5405 614 5461 ὀκτὼ
639 5406 732 5459 καὶ
770 5407 992 5469 εἴκοσιν,
1015 5405 1115 5475 ’ήγε
1155 5403 1258 5481 μὴν
1281 5403 1538 5472 ἑνδεκάτη
1577 5402 1886 5470 καιμεσαι-

312 5499 444 5569 τάτη
497 5499 607 5552 τῶν
653 5496 847 5561 ἄλλων,
888 5495 946 5549 τὸ
979 5491 1133 5567 εὖρος
1165 5494 1272 5547 τῶν
1307 5493 1466 5546 πέντε
1497 5491 1886 5563 (τετραπήχεις

388 5677 435 5717 ν
471 5677 634 5739 Juvat].
675 5691 777 5738 τιν,
816 5673 901 5729 "2.8.
997 5671 1041 5701 ”
1076 5670 1215 5731 Psal.
1249 5684 1409 5736 cam,
1470 5668 1560 5721 27.

1642 5667 1687 5699 ’⁵
1738 5663 1910 5722 Exod.

1978 4395 2172 4465 figura;
2210 4388 2519 4455 eodemque
2554 4381 2716 4437 modo
2744 4376 3017 4448 Opposita,
3053 4372 3256 4442 quibus
3297 4385 3327 4424 e
3365 4367 3553 4437 regio-

1978 4503 2047 4542 ne
2074 4494 2240 4553 atque
2273 4496 2341 4534 ex
2361 4477 2594 4532 adverso
2623 4470 2847 4530 erectis,
2881 4483 2948 4523 ex
3002 4461 3311 4535 aquilonari
3353 4460 3549 4522 latere,

1983 4577 2139 4634 verbi
2154 4551 2367 4646 gratia,
2413 4577 2470 4624 et
2507 4565 2760 4629 australi,
2805 4570 2901 4618 aut
2930 4568 3078 4615 certe
3104 4556 3173 4610 ab
3207 4563 3334 4610 ortu
3386 4563 3460 4607 et'
3483 4551 3558 4604 ab.

1985 4680 2206 4728 occasu,
2232 4660 2590 4718 undecimum
2618 4657 2729 4727 jam
2757 4649 3146 4708 intermedium
3172 4646 3317 4700 latus
3350 4641 3553 4697 eilicie-

1985 4760 2081 4814 bat
2134 4754 2283 4828 quod
2339 4754 2431 4808 illa
2476 4750 2671 4806 decem
2703 4747 2876 4803 aulaea
2934 4745 3267 4814 sejungeret,
3324 4736 3461 4791 duas
3497 4734 3554 4789 in

1986 4855 2175 4919 partes
2219 4844 2418 4909 divisa,
2478 4856 2588 4913 quo
2634 4855 2702 4894 ex
2739 4839 2913 4892 latere
2964 4830 3317 4887 undecimum
3373 4825 3557 4879 velum

1984 4918 2341 5003 tendebatur,
2397 4935 2621 4990 annulis
2670 4939 2835 5001 atque
2889 4925 3038 4981 ansis
3074 4931 3370 4990 utrumque
3413 4918 3560 4973 latus

1986 5030 2317 5086 continens:
2347 5026 2513 5097 hujus
2538 5011 2758 5094 quoque
2790 5016 2979 5073 lateris
3027 5013 3297 5068 columna:
3348 5006 3565 5068 caeteris

1984 5123 2197 5179 similes
2233 5128 2414 5184 erant,
2435 5099 2670 5172 numero
2711 5118 2922 5166 tantum
2948 5105 3259 5177 pauciores.
3296 5101 3432 5158 Nam
3464 5098 3560 5153 illa

1984 5214 2210 5286 quidem
2236 5212 2428 5266 decem
2453 5208 2593 5270 vela,
2619 5211 2681 5259 ut
2715 5204 2827 5256 iam
2867 5198 3004 5261 dixi,
3039 5211 3137 5266 per
3172 5195 3394 5263 longum
3428 5203 3561 5257 por-

1987 5281 2316 5376 rigebantur
2338 5297 2545 5354 cubitis
2573 5301 2699 5349 octo
2733 5298 2791 5347 et
2809 5289 3029 5361 viginti,
3058 5285 3155 5342 sed
3182 5281 3557 5359 undecimum,

1987 5369 2134 5466 qdod
2159 5369 2409 5451 medium
2435 5397 2561 5444 erat
2607 5390 2752 5440 inter
2793 5390 3012 5447 caetera,
3046 5392 3171 5439 eum
3215 5369 3560 5443 longitudine

1989 5459 2344 5542 latitudinem
2379 5481 2627 5551 quinque
2681 5477 3019 5547 reliquorum
3070 5472 3348 5541 aequaret.
3397 5459 3563 5533 319

1991 5678 2138 5729 xxvi,
2173 5658 2327 5718 7-10.
