3962 6296
468 169 570 223 633

463 559 588 606 ante
636 552 833 609 faciem
886 557 1230 617 tabernaculi
1275 584 1287 619 :
1340 585 1439 635 ne,
1496 578 1644 644 quod
1712 592 2032 651 protensum

461 645 825 713 redundabat,
868 649 1208 709 tabernaculi
1251 660 1645 726 pulchritudini
1677 645 1935 734 obiceret.
1972 645 2034 738 In

462 736 569 791 hoc
633 737 842 807 igitur,
898 742 1047 811 quod
1105 749 1319 803 caeteris
1374 754 1616 811 medium
1681 762 2034 837 interjectum

457 838 595 896 erat,
644 841 703 887 et
747 834 1007 905 tanquzlm
1057 841 1432 914 undecimum,
1483 866 1637 911 sacra
1682 858 1774 914 illa
1815 861 2031 922 divina-

459 936 568 991 que
614 940 744 980 vasa
792 929 1057 987 collocata
1110 946 1288 1001 erant,
1334 956 1454 1010 quae
1500 944 1556 999 in
1593 962 1652 1002 se
1703 950 1836 1021 ipsis
1877 958 2029 1015 vario

460 1014 628 1069 modo
686 1016 839 1072 illum
887 1020 1209 1081 Emmanuel
1262 1029 1570 1100 ﬁgurabant
1610 1056 1622 1091 :
1669 1014 1739 1096 ac
1781 1042 2030 1105 fortassis

457 1106 549 1163 ille
573 1125 839 1168 numerus
887 1115 993 1172 hoc
1019 1134 1240 1190 quoque
1275 1124 1636 1198 signiﬁcabat,
1672 1133 1728 1188 in
1766 1144 2030 1199 extremis

454 1197 641 1252 δίκαιιί
671 1204 1035 1272 temporibus,
1066 1216 1124 1264 et
1153 1212 1440 1270 undecima
1478 1197 1652 1277 ferme
1684 1225 1840 1292 hora,
1864 1229 2026 1287 Chri-

456 1297 600 1342 stum
621 1296 679 1344 et
703 1289 838 1346 illud
882 1296 1319 1367 tabernaculum,
1352 1309 1498 1374 quod
1518 1289 2026 1378 ,Christum'conti-

451 1375 639 1441 nebat,
665 1379 718 1433 id
737 1389 821 1436 est
844 1383 1165 1452 Ecclesiam,
1189 1394 1528 1460 apparuisse.

523 1467 722 1525 PALL.
745 1471 892 1526 Nihil
923 1476 1151 1533 absurdi
1186 1491 1291 1548 est,
1323 1493 1383 1539 ut
1424 1488 1667 1559 videtur,
1702 1498 2023 1562 existimare

452 1553 617 1626 hujus
655 1576 874 1632 quoque
900 1566 982 1620 rei
1019 1568 1288 1627 rationem
1323 1584 1447 1645 apte
1466 1553 1739 1639 redditam
1764 1604 1912 1645 esse.

520 1645 678 1705 CYR.
713 1651 1007 1724 Postquam
1052 1658 1220 1730 igitur
1250 1666 1419 1722 verba
1463 1668 1531 1725 de
1568 1674 1923 1736 tabernaculo
1946 1682 2023 1739 fe-

449 1733 543 1799 cit,
566 1752 631 1791 ac
653 1737 855 1809 ﬁguras
872 1746 1138 1813 praebuit:
1166 1772 1183 1802 ι
1208 1753 1471 1824 Etlacies,
1498 1780 1516 1813 ι
1546 1763 1744 1835 inquit,
1775 1788 1794 1821 ι
1815 1774 2016 1831 atrium

447 1826 805 1887 tabernaculo
852 1834 908 1889 in
948 1838 1139 1907 latere,
1174 1846 1320 1914 quod
1367 1853 1595 1923 respicit
1622 1826 1701 1913 .ad
1743 1872 2014 1935 austrum,

445 1923 503 1972 et
534 1924 767 1978 tentoria
791 1927 919 1981 atrii
943 1945 1011 1985 ex
1040 1932 1206 2004 bysso
1251 1946 1430 1997 torta:
1480 1945 1771 2019 longitudo
1796 1923 2017 2016 centum

444 2008 759 2067 cubitorum
788 2018 896 2072 erit
951 2023 1046 2076 uni
1098 2026 1278 2096 lateri,
1307 2041 1364 2087 et
1410 2037 1678 2097 columnae
1703 2059 1895 2103 eorum
1931 2052 2015 2107 vi-

443 2097 603 2167 ginti,
629 2111 687 2157 et
716 2104 876 2163 bases
928 2127 1118 2171 earum
1160 2120 1354 2191 viginti
1380 2142 1565 2197 aeneae,
1606 2143 1663 2188 et
1701 2138 1893 2196 circuli
1925 2128 2018 2200 ea-

441 2202 586 2256 rum,
624 2202 679 2247 et
697 2211 859 2254 arcus
886 2217 1076 2260 earum
1124 2216 1387 2283 argentei.
1433 2219 1525 2277 Sic
1563 2226 1728 2281 etiam
1754 2231 1814 2286 in
1840 2233 2012 2292 latere

437 2284 585 2352 quod
636 2297 723 2343 est
750 2291 817 2347 ad
852 2297 1188 2369 aquilonem,
1220 2310 1461 2366 tentoria
1494 2313 1836 2387 longitudine
1879 2342 2011 2384 cen—

439 2382 553 2428 tum
585 2378 925 2447 cubitorum,
952 2397 1008 2445 et
1042 2394 1309 2453 columnae
1344 2416 1535 2459 eorum
1570 2408 1785 2481 viginti,
1829 2426 1887 2472 et
1910 2419 2011 2475 ba-

431 2735 828 2811 quinquaginta
851 2748 1186 2821 cubitorum,
1217 2759 1484 2817 columnae
1497 2781 1689 2825 eorum
1719 2773 2005 2846 decem,et

432 2826 492 2846 μ
510 2844 525 2846 _
547 2844 581 2846 ί,
870 2838 884 2846 .

1797 2826 1929 2846 -__.,
1949 2826 2001 2838 ν.

432 2826 592 2884 bases
625 2846 818 2889 earum
852 2838 1043 2896 decem
1082 2846 1147 2900 ⁸⁸.
1179 2867 1197 2899 ι
1225 2848 1680 2918 Animadvertere
1711 2864 1880 2936 igitur
1900 2887 2001 2927 an-

429 2929 588 2988 gusta
614 2924 839 2993 quidem
882 2932 1069 3002 priora
1109 2937 1200 2994 illa
1248 2945 1418 3002 aulaea
1462 2948 1650 3020 fuisse,

430 3015 540 3065 tres
597 3013 912 3074 cubitorum
966 3024 1201 3085 decadas
1254 3041 1645 3103 pervenirent:

424 3115 664 3173 namque
694 3119 935 3178 quatuor
956 3117 1271 3178 cubitorum
1292 3137 1470 3197 erant,
1501 3133 1847 3207 longitudine
1870 3156 1996 3206 octo

423 3201 479 3247 et
501 3193 730 3266 viginti;
756 3218 877 3272 qua
897 3220 1031 3263 vero
1059 3221 1185 3280 post
1211 3214 1305 3274 illa
1341 3193 1670 3295 sequuntur,
1700 3232 1810 3290 lata
1853 3239 1995 3297 adeo

422 3297 487 3338 ac
513 3287 709 3359 longa;
739 3303 962 3352 centum
990 3302 1139 3358 enim
1184 3322 1284 3376 per
1331 3287 1553 3372 centum
1589 3319 1888 3395 habebant,
1936 3345 1995 3390 et

421 3378 842 3454 quinquaginta,
894 3405 995 3459 per
1046 3395 1473 3473 quinquaginta,
1533 3378 1992 3494 pertinebantque

423 3467 524 3494 Ιυ...
553 3474 763 3494 ---μιμμ
857 3480 872 3494 1
1189 3490 1242 3494 -__
1308 3493 1312 3494 ,

420 3467 525 3524 hoc
548 3474 772 3541 quidem
804 3480 874 3535 ad
932 3494 1139 3555 ortum,
1186 3467 1323 3549 illud
1354 3513 1486 3554 vero
1531 3504 1601 3558 ad
1655 3467 1916 3570 occasum1
1934 3530 1991 3575 et

417 3570 691 3619 austrum.

484 3649 685 3707 PALL.
717 3655 988 3722 Quidnam
1014 3668 1233 3725 tandem
1260 3649 1366 3730 ho-c
1405 3681 1637 3752 aenigma
1675 3688 1988 3761 signiﬁcat?

476 3742 633 3802 CYR.
673 3747 758 3801 An
789 3767 901 3806 non
939 3754 1045 3811 hoc
1088 3759 1223 3817 illud
1248 3774 1332 3819 est
1364 3742 1700 3846 planevquod

412 3831 563 3911 Isaiae
613 3853 801 3895 vocem
835 3843 1093 3905 Ecclesiae
1119 3852 1176 3908 in
1202 3864 1461 3918 extremis
1502 3873 1842 3940 temporibus
1883 3831 1983 3938 5e—

417 3920 574 3940 _,,_A.
816 3931 827 3940 .

1532 3920 1842 3940 frum“,
1883 3920 1981 3938 υν-

408 3920 627 3979 clarata:
651 3931 986 3995 promissum
1025 3947 1146 3996 est:
1181 3962 1200 3995 ι
1221 3945 1395 4005 Dilata
1424 3952 1606 4012 locum
1639 3963 1981 4029 tabernaculi

413 4012 512 4077 tui,
542 4021 599 4069 et
621 4018 741 4072 vela
773 4022 1072 4082 aulaeorum
1100 4038 1343 4106 tuorum;
1380 4040 1502 4113 ﬁge,
1528 4062 1598 4103 ne
1619 4067 1835 4125 parcas,
1878 4064 1979 4118 ad-

413 4103 511 4125 ι...Δ
537 4105 583 4125 ἐμ
640 4108 655 4125 1
736 4119 745 4125 ι
1024 4121 1035 4125 ⁸
1084 4122 1094 4125 ‘

405 4103 515 4161 huc
537 4105 592 4161 in
623 4108 871 4169 dextram
916 4126 973 4174 et
994 4121 1270 4182 sinistram
1306 4136 1539 4193 extende
1578 4142 1657 4193 '7:

1694 4164 1712 4198 ι
1748 4164 1977 4212 angusta

923 4169 970 4174 η
994 4169 1270 4182 ---ην-...ω
1306 4169 1539 4193 νυυιιυσ
1579 4169 1659 4210 υ,
1694 4169 1712 4198 ι
1748 4169 1971 4222 angusta

402 4194 550 4250 enim
566 4208 684 4255 erat
709 4201 867 4259 initio
891 4205 1097 4267 Christi
1128 4215 1393 4287 Ecclesia,
1432 4237 1619 4294 postea
1670 4236 1736 4291 ad
1768 4250 1971 4314 ortum,

402 4292 455 4314 ΔΙ
474 4296 733 4314 ’ΛΔΑΑα--μ
802 4311 814 4314 Α
830 4304 842 4314 ⁸
987 4308 998 4314 ⁴
1087 4312 1093 4314 ”
1136 4306 1147 4314 ³

1470 182 1525 239 S.
1571 186 1845 246 CYlllLLl
1883 194 2351 259 ALEXANDRINI
2389 207 2706 268 ARCHIEP.

2064 318 2111 377 Α
2136 315 2192 370 δὲ
2232 314 2436 392 αὗται),
2465 326 2604 396 πρὸς
2645 330 2705 382 τὸ
2734 332 3150 412 εἰκοσάπηχύ[ν]
3186 358 3287 395 που
3320 343 3713 424 διατετάν[ν]υ-

3612 239 3714 315 oio

2137 588 2213 659 μὴ
2248 590 2310 643 τὸ
2349 597 2617 665 περιττῶς
2659 601 3026 675 ἐκτεταμένον
3063 609 3141 680 τῷ
3179 588 3279 683 τῆς
3312 588 3482 687 αὐλῆς
3515 588 3710 676 ’κάλλει

2135 678 2557 752 διαλυμαίνοιτο.
2595 690 2680 743 Ἐν
2702 693 2874 764 ταύτῃ
2914 696 2977 769 δὴ
3021 678 3122 755 οὖν
3156 678 3598 776 τῆμεταξύντῶν
3618 715 3712 770 άλο

2133 770 2240 825 λων
2267 777 2359 828 καὶ
2387 776 2462 840 ὡς
2490 780 2749 856 ἑνδεκάτῃ
2783 786 2853 840 τὰ
2894 789 3017 859 ίερά
3052 809 3112 845 τε
3153 770 3420 852 καὶῗθεῖαν
3442 805 3710 874 τετάχατο

2134 863 2325 944 σκεύη,
2362 865 2770 941 διαμορφοῦντα
2816 877 3074 944 ποικίλως
3101 880 3160 936 ἔν
3186 900 3249 952 γε
3280 885 3343 957 δὴ
3387 863 3708 958 σφίσινηαύ-

2130 955 2244 1017 τοῖς
2292 940 2385 1010 τὸν
2445 958 2827 1037 Ἐμμανουήλ·
2868 968 3011 1040 τάχα
3054 940 3163 1027 ἰῖιου
3197 940 3296 1030 τοῦ
3331 940 3568 1053 aptatia?)
3613 988 3705 1040 καὶ

2128 1045 2247 1099 τόδε
2275 1053 2798 1122 κατασημαίνοντος,
2831 1059 2907 1124 ὡς
2941 1062 2998 1116 ὲν
3033 1064 3362 1134 τελευταίοις
3389 1072 3482 1126 τοῦ
3513 1077 3706 1142 αἰῶνος

2130 1141 2360 1209 καιροῖς,
2393 1142 2487 1195 καὶ
2523 1145 2600 1210 ὡς
2641 1148 2699 1200 ἐν
2727 1147 2846 1220 ὥρᾳ
2885 1155 2950 1223 τῇ
2987 1155 3249 1233 ἑνδεκάτῃ
3279 1163 3441 1233 τυχὸν
3473 1141 3704 1236 άναφαίξ

2128 1242 2277 1278 νεται
2314 1230 2567 1299 Χριστὸς,
2613 1236 2708 1289 καὶ
2752 1239 2783 1308 ή
2820 1240 3058 1312 Χριστὸν
3090 1230 3289 1317 ἔχουσα
3332 1230 3528 1326 σκηνὴ,
3558 1230 3702 1312 τοῦτ’

2127 1315 2297 1384 ἐστιν,
2331 1322 2363 1392 ή
2401 1322 2717 1397 Ἐκκλησία.

2195 1490 2401 1546 ΠΔΛΛ.
2445 1488 2632 1563 Οὐδὲν,
2660 1497 2734 1563 ὡς
2759 1499 2953 1577 ἔοικεν,
2976 1505 3205 1574 ἀπεικὸς
3229 1511 3432 1569 ἐννοεῖν
3462 1512 3520 1571 εὖ
3547 1518 3694 1590 ἔχειν

2127 1581 2333 1637 καὶτὸν
2369 1585 2461 1638 ἐπὶ
2480 1586 2615 1657 τῷδε
2637 1589 2815 1658 λόγον.

2054 1666 2096 1721 Β
2193 1673 2356 1728 ΚΥΡ.
2399 1676 2554 1730 Μετὰ
2592 1678 2651 1731 δέ
2697 1697 2759 1749 γε
2806 1685 2934 1751 τοὺς
2974 1688 3069 1742 ἐπὶ
3102 1692 3167 1762 τῇ
3208 1696 3380 1767 σκηνῇ
3412 1695 3607 1768 λόγους
3640 1720 3700 1756 τε

2124 1765 2219 1820 καὶ
2250 1766 2455 1833 τύπους
2474 1809 2489 1835 ,
2513 1789 2531 1822 ι
2555 1772 2665 1826 Kal.
2692 1777 2958 1847 ποιήσεις,
2988 1784 3176 1852 φησιν,
3206 1765 3379 1857 αὐλὴν
3401 1792 3467 1861 τῇ
3486 1765 3698 1866 σκηνῇ,

2122 1857 2290 1920 είςλτὸ
2322 1859 2504 1926 κλίτος
2534 1864 2592 1918 τὸ
2620 1867 2756 1939 πρὸς
2788 1869 2915 1925 λίϐα
2935 1913 2949 1938 ,
2988 1875 3083 1928 καὶ
3114 1877 3259 1931 ἱστία
3304 1879 3403 1955 τῆς
3431 1857 3605 1954 αὐλῆς

2122 1947 2322 2017 βύσσου
2365 1952 2774 2029 κεκλωσμένης·
2818 1962 2992 2033 μῆκος
3030 1967 3223 2020 ἑκατὸν
3249 1947 3465 2042 πήχεων
3502 1947 3578 2047 tif;
3617 1978 3700 2032 ἑνὶ

2120 2039 2325 2094 κλίτειο
2375 2044 2469 2097 καὶ
2523 2047 2572 2099 oi
2616 2048 2798 2103 στύλοι
2835 2053 3015 2109 αὐτῶν
3064 2039 3376 2126 είκοσι,κναλ
3407 2065 3464 2118 ai
3508 2039 3699 2137 βάσεις

2117 2131 2299 2186 αὐτῶν
2332 2132 2505 2189 εἴκοσι
2548 2139 2779 2210 χαλκατο
2813 2143 2911 2198 καὶ
2950 2148 2999 2200 oi
3046 2150 3225 2220 κρίκοι
3266 2153 3467 2222 αὐτῶν,
3504 2161 3600 2213 καὶ
3637 2163 3696 2214 αἱ

2113 2217 2335 2288 ψαλίδες
2386 2223 2645 2314 άργυραϊ.
2683 2229 2867 2296 Οὕτως
2925 2234 3004 2305 τῷ
3056 2217 3225 2292 κλίτει
3276 2240 3354 2311 τῷ
3407 2217 3543 2316 πρὸς
3594 2248 3698 2300 ἀπ-

2113 2311 2350 2385 ηλιώτην
2378 2304 2522 2371 ἱστία
2551 2319 2743 2375 ἑκατὸν
2779 2304 3000 2395 πήχεων
3034 2330 3243 2400 μῆκος“
3290 2304 3384 2388 καὶ
3418 2304 3467 2391 oi
3510 2304 3697 2397 στύλοι

2111 2402 2293 2458 αὐτῶν
2340 2407 2531 2474 εἴκοσι,
2584 2411 2679 2463 καὶ
2710 2413 2767 2464 αί
2818 2414 3006 2484 βάσεις
3058 2420 3237 2475 αὐτῶν
3266 2424 3436 2479 εἴκοσι
3468 2429 3696 2499 χαλκαῖ’

2109 2492 2205 2544 καὶ
2238 2495 2287 2547 οὶ
2334 2497 2515 2566 κρίκοι
2563 2501 2657 2553 καὶ
2699 2502 2756 2555 al
2803 2502 3030 2573 ψαλίδες
3075 2509 3186 2563 τῶν
3238 2492 3599 2579 στύλωνξῠκαὶ
3633 2524 3695 2575 αἱ

1989 2643 2002 2655 _
2109 2579 2295 2651 βάσεις
2328 2585 2507 2639 αὐτῶν
2540 2596 3059 2666 περιηργυρωμέναι
3092 2601 3360 2676 ἀργυρίῳ.
3410 2608 3483 2661 Τὸ
3513 2610 3570 2662 δὲ
3601 2608 3695 2666 εὗ-

2111 2690 2201 2743 ρος
2240 2677 2338 2747 τῆς
2372 2679 2541 2750 αὐλῆς
2576 2680 2635 2734 τὸ
2664 2685 2805 2738 κατά
2834 2685 3129 2756 θάλασσαν,
3171 2694 3315 2748 ίστία
3345 2699 3691 2770 πεντήκοντα

2106 2767 2344 2836 πήχεων,
2368 2769 2546 2824 στύλοι
2568 2774 2747 2831 αὐτῶν
2769 2777 2925 2844 δέκα,
2947 2781 3040 2834 καὶ
3069 2781 3255 2851 βάσεις
3276 2787 3456 2843 αὐτῶν
3473 2789 3627 2846 δέκα.
3664 2814 3684 2847 ι

2109 2861 2304 2933 Ἀθρει
2340 2863 2404 2935 δὴ
2438 2862 2552 2932 οὖν,
2583 2869 2666 2922 ὅτι
2702 2873 2884 2926 στεναὶ
2909 2876 3009 2945 μὲν
3055 2880 3109 2931 ai
3145 2880 3359 2951 πρῶται
3391 2888 3689 2956 γεγόνασιν

1683 2965 1740 3014 ει
1784 2977 1906 3031 qua;
1932 2966 2001 3021 ad
2028 2993 2070 3050 ϐ
2102 2952 2283 3021 αὐλαὶ,
2309 2957 2422 3050 καὶγ
2442 2961 2523 3022 εἰς
2549 2961 2739 3033 τρίτην
2764 2963 3045 3034 διήκουσαι
3078 2968 3276 3025 δεκάδα
3306 2952 3542 3046 πήχεών.
3579 2976 3688 3034 Εὗ-

1708 3048 1999 3114 ]amudine
2039 3046 2070 3050 “
2110 3060 2200 3114 ρος
2229 3046 2327 3116 μὲν
2367 3049 2475 3119 γὰρ
2523 3051 2715 3117 αὐταῖς
2751 3054 3032 3129 τέσσαρες,
3071 3063 3245 3133 μῆκος
3285 3065 3342 3119 δὲ
3394 3067 3536 3123 ὀκτὼ
3584 3072 3688 3127 καὶ

2104 3134 2299 3188 εἴκοσι·
2331 3140 2388 3191 αἱ
2433 3139 2491 3192 δὲ
2519 3143 2635 3211 μετ’
2660 3144 2892 3212 ὲκείνας,
2926 3149 3134 3221 εὑρεϊαί
3160 3170 3218 3206 τε
3244 3155 3392 3210 οὕτω
3432 3160 3526 3212 καὶ
3571 3178 3682 3232 μα-

2103 3227 2262 3295 κραί⁸
2304 3228 2500 3283 ἑκατὸν
2546 3236 2669 3304 γάρ’
2702 3236 2788 3305 ἐφ’
2820 3237 3033 3305 ἑκατὸν,
3088 3244 3180 3296 καὶ
3220 3249 3553 3319 πεντήκοντα
3571 3227 3679 3308 ’ἐπὶ

2104 3319 2464 3389 πεντήκοντα,
2491 3323 2782 3394 τρέχουσαί
2813 3346 2872 3383 τε
2921 3332 3085 3403 ἡμὲν
3130 3336 3210 3401 είς
3261 3337 3363 3409 ἠῶ,
3401 3341 3433 3412 ἡ
3478 3341 3534 3396 δὲ
3590 3345 3679 3410 είς

2102 3408 2339 3481 ἑσπέραν
2368 3429 2427 3465 τε
2452 3408 2547 3466 καὶ
2572 3414 2714 3471 λίϐα.

2165 3675 2374 3733 ΠΔΛΛ.
2419 3674 2550 3733 Εῖτα
2582 3681 2638 3733 τί
2666 3680 2726 3736 τὸ
2748 3682 3009 3757 αῖνιγμα;

2157 3765 2319 3821 ΚΥΡ.
2361 3771 2493 3842 Οὐχὶ
2520 3772 2584 3844 δὴ
2608 3774 2769 3829 τοῦτό
2827 3777 2972 3832 ἐστιν
2999 3778 3262 3854 ἐναργῶς,
3291 3783 3354 3839 τὸ
3390 3786 3556 3842 πάλαι
3584 3790 3668 3845 δι-

2091 3860 2501 3931 επηγγελμένον
2530 3854 2617 3917 διά
2641 3867 2828 3937 φωνῆς
2867 3868 3094 3925 Ἡσαΐου
3126 3874 3263 3945 πρὸς
3279 3877 3378 3950 τήν
3411 3881 3467 3932 ὲν
3498 3881 3663 3952 ὲσχά-

2088 3964 2200 4010 τοις
2231 3954 2441 4022 καιροῖς
2463 3953 2913 4031 ἀναδεδειγμένην
2950 3961 3277 4034 Ἐκκλησίαν
3296 3982 3311 3997 ⁸
3350 3968 3660 4025 «Πλάτυνον

2085 4037 2176 4091 τὸν
2203 4039 2366 4093 τόπον
2397 4041 2497 4111 τῆς
2529 4044 2733 4114 σκηνῆς
2772 4064 2886 4112 σου,
2917 4050 3010 4104 καὶ
3053 4052 3151 4115 τὰς
3182 4052 3396 4124 δέρῤεις
3418 4056 3529 4110 τῶν
3556 4060 3658 4113 αὐ-

2084 4128 2252 4184 λαιῶν
2281 4149 2392 4186 σου.
2427 4131 2623 4202 Πῆξον,
2652 4135 2726 4205 μὴ
2759 4137 2921 4210 φείσῃ
2952 4139 3033 4194 ἔτι
3057 4142 3138 4204 είς
3162 4143 3230 4196 τὰ
3258 4143 3426 4210 δεξιὰ,
3448 4149 3540 4201 καὶ
3569 4152 3653 4215 είς

2082 4220 2151 4274 τὰ
2176 4223 2439 4293 ἀριστερά
2463 4225 2788 4279 ὲκπέτασον.
2804 4229 3174 4302 »Στενουμένη
3199 4232 3307 4305 γὰρ
3326 4235 3384 4289 ὲν
3397 4238 3592 4308 ἀρχαῖς
3610 4243 3645 4312 ή

400 4292 457 4340 et
474 4296 761 4359 occasum,
791 4304 848 4351 et
883 4306 1336 4377 septentrionem,
1380 4292 1449 4369 et
1491 4331 1740 4383 austrum
1773 4292 1975 4395 dilata:

2105 4292 2387 4381 Ἐκκλησία
2409 4313 2667 4385 Χριστοῦ,
2703 4315 2887 4371 λοιπὸν
2913 4321 2996 4383 είς
3019 4292 3102 4391 iit?)
3129 4292 3190 4375 τὲ
3210 4292 3308 4378 καὶ
3343 4292 3515 4391 δύέιξ,
3548 4292 3648 4382 έαέ

400 4383 511 4443 tur,
528 4386 585 4434 et
604 4382 673 4438 ad
695 4399 912 4444 omnem
943 4391 1125 4451 locum
1147 4405 1420 4467 pervenit.

456 4643 614 4700 CYR.
639 4646 1030 4711 Animadverte
1052 4670 1237 4718 autem
1284 4668 1419 4727 alias
1451 4689 1641 4734 omnes
1681 4685 1965 4747 columnas

392 4732 581 4788 decem
611 4739 932 4810 aulazorum,
958 4754 1015 4802 et
1041 4749 1190 4807 illius
1222 4755 1534 4819 intermedii
1574 4783 1711 4826 auro
1746 4779 1961 4850 contegi

383 4826 638 4896 jussisse,
679 4833 775 4887 sed
808 4834 1034 4895 basibus
1062 4841 1377 4914 duplicibus
1421 4852 1584 4911 inniti
1618 4875 1685 4915 ex
1729 4826 1960 4937 argento

385 4918 563 4976 factis.
614 4923 794 4995 Atque
846 4928 1011 5002 hujus
1049 4936 1129 4990 rei
1163 4953 1383 5011 quoque
1422 4948 1564 5003 ratio
1596 4952 1707 5023 jam
1742 4918 1954 5015 reddita

384 5017 488 5074 est,
538 5020 602 5066 ut
645 5015 875 5086 opinor;
931 5032 1188 5081 caeterum
1259 5029 1546 5104 longorum
1596 5015 1954 5120 latorumque

385 5097 674 5120 ,ηιμ-μ,
715 5118 731 5120 _
775 5106 788 5120 .
1079 5115 1111 5120 --
1290 5119 1297 5120 κ

383 5097 682 5155 aulaeorum
706 5106 990 5167 columnas
1040 5115 1147 5170 alia
1197 5119 1412 5177 ratione
1443 5132 1700 5186 exornari
1752 5097 1946 5208 jubét;

380 5202 504 5242 nam
543 5204 574 5244 a
605 5194 783 5263 capite
827 5199 895 5255 ad
941 5208 1111 5270 pedes
1148 5211 1332 5265 ornari
1361 5225 1598 5285 argento
1651 5194 1899 5298 prm'cipit

378 5279 472 5332 sed
503 5278 727 5339 basibus
756 5286 856 5340 niti
888 5291 1055 5347 amcis
1094 5309 1159 5351 ac
1199 5278 1569 5373 deargenvtatis
1605 5330 1617 5364 :
1649 5278 1701 5369 id
1728 5278 1946 5390 quoque

434 5568 476 5600 "‘
518 5571 689 5626 Exod.
730 5590 890 5643 xxvn,
920 5581 1064 5641 94:3.
1163 5587 1205 5619 "
1248 5592 1347 5646 lsa.
1394 5611 1496 5662 Liv,
1540 5602 1589 5655 2.

2079 4404 2282 4474 βορρᾶν
2329 4422 2389 4457 τε
2437 4405 2532 4459 καὶ
2565 4407 2716 4462 νότον
2768 4407 3131 4480 ὲξευρύνεται,
3171 4415 3267 4469 καὶ
3308 4416 3396 4471 διὰ
3443 4421 3647 4484 παντὸς

2072 4497 2197 4566 ἣκει
2230 4497 2415 4551 τόπου.

2139 4592 2344 4645 nam.
2399 4591 2636 4663 Ἀληθές.

2138 4682 2302 4734 ΚΥΡ.
2358 4683 2638 4754 Ἐπιτήρει
2680 4685 2736 4739 δὲ
2764 4686 2844 4740 ὅτι
2871 4689 2998 4752 τοὺς
3037 4690 3134 4761 μὲν
3159 4690 3350 4757 ἄλλους
3394 4694 3636 4762 ἅπαντας

2068 4773 2292 4840 στύλους
2320 4775 2429 4830 τῶν
2455 4776 2589 4831 δέκα
2610 4778 2870 4843 αύλαιῶν,
2900 4781 2995 4833 καὶ
3026 4781 3126 4851 τῆς
3148 4783 3252 4837 ἀνά
3286 4784 3472 4855 μέσον,
3500 4803 3635 4856 χρυ-

2065 4865 2142 4937 σῷ
2174 4867 2271 4938 μὲν
2303 4867 2407 4938 ἔφη
2439 4868 2828 4926 διαπάττεσθαι
2864 4871 2995 4937 δεῖν,
3044 4873 3235 4942 βάσεσί
3268 4893 3331 4945 γε
3378 4877 3483 4949 μὴν
3526 4881 3625 4932 ὲπο
3672 4901 3687 4909 ’

2060 4958 2381 5030 ερηρεῖσθαι
2402 4961 2636 5030 διπλαῖς,
2658 4963 2900 5035 ἀργύρου
2923 4966 3336 5038 πεποιημέναις.
3355 4970 3463 5023 Kal.
3496 4972 3577 5037 τίς
3600 4976 3629 5026 ὁ

2054 5048 2208 5102 τοῦδε
2254 5049 2427 5119 λόγος,
2468 5054 2701 5125 εἴρηται,
2731 5054 2982 5127 καθάπερ
3019 5050 3258 5129 ὲγῶμαι’
3302 5059 3410 5113 τῶν
3440 5061 3495 5114 δὲ
3525 5080 3630 5130 μα-

2053 5141 2202 5211 κρῶν
2251 5143 2345 5196 καὶ
2387 5144 2656 5200 πλατειῶν
2697 5147 2933 5203 αύλαιῶν
2982 5150 3109 5213 τοὺς
3173 5151 3417 5216 στύλους,
3451 5152 3623 5225 ἑτέρῳ

2054 5232 2407 5288 διαποικίλλει
2442 5235 2604 5306 λόγῳ.
2643 5238 2893 5310 Ἀργύρῳ
2932 5239 3030 5308 μὲν
3052 5241 3116 5293 ἐκ
3140 5240 3383 5312 κεφαλῆς
3416 5244 3494 5306 είς
3521 5244 3621 5297 πό-

2054 5325 2149 5388 δας
2179 5327 2638 5395 καταγλαῖζεσθαι
2668 5329 2776 5384 δεῖν
2798 5325 2856 5384 εὖ
2897 5330 3038 5402 μάλα
3066 5332 3220 5403 φησὶ,
3260 5331 3447 5402 βάσεσι
3466 5333 3521 5387 δὲ
3549 5329 3616 5388 αὖ

2055 5416 2443 5488 ἐπερηρεῖσθαι
2517 5418 2745 5490 χαλκαῖς
2821 5421 2911 5475 καὶ
2984 5423 3392 5496 περιαργύροις.
3435 5423 3616 5488 Τύπος
