3962 6296
241 329 333 383 641

957 333 1045 386 DE
1085 329 1528 387 ADORATIONE
1567 331 1633 386 IN
1672 331 1939 387 SPIRITU
1981 332 2068 386 ET
2117 333 2482 389 V’ERITATE.
2527 335 2653 390 LIB.
2696 337 2787 390 IX.

3393 341 3498 396 642

240 446 284 497 δ’
326 443 391 496 ἂν
423 440 508 514 εἴη
532 444 628 499 καὶ
654 438 808 499 τοῦδε
828 445 1081 515 Χριστὸς,
1113 447 1290 515 φωτὸς
1327 445 1425 514 μὲν
1451 447 1534 499 ὅτι
1561 446 1809 517 διέλαμψε

1926 450 2147 519 quidem
2192 449 2552 520 signiﬁcatur,
2598 452 2824 507 luminis
2880 452 3051 507 instar
3104 453 3257 508 illum
3307 457 3492 525 splen-

241 534 414 605 δίκην,
461 535 660 602 αὐγαῖς
703 536 946 608 δηλονότι
992 539 1113 600 ταῖς
1145 539 1359 608 νοηταῖς
1396 537 1723 609 ἀστράπτων
1750 538 1824 602 ὡς

243 626 392 689 Θεὸς,
424 627 519 680 τοῦ
550 628 796 698 ἀργύρου
830 627 1203 699 σημαίνοντος.
1230 629 1352 681 Ὅτι
1380 629 1436 682 δὲ
1459 629 1709 700 λαμπρὸς
1732 629 1825 683 καὶ

243 718 445 790 εὐηχὴς
472 720 503 772 6
533 721 663 791 περὶ
696 722 799 790 γῆν
826 721 974 792 αὐτῷ
1004 721 1298 790 πεποίηται
1319 720 1495 790 λόγος,
1523 719 1664 773 τοῦτ’
1686 721 1820 785 ἔστι,

239 812 298 862 τὸ
343 813 606 883 κήρυγμα
642 813 703 865 τὸ
746 813 1122 882 εὐαγγελικὸν,
1152 813 1246 866 τοῦ
1279 813 1651 883 περιαργύρου
1692 812 1820 882 χαλ-

240 903 338 957 κοῦ
382 904 633 971 πλαγίως
680 905 812 976 ἡμῖν
847 906 1301 976 ὐπεμφαίνοντος.
1338 903 1552 975 Εὐηχὴς
1589 905 1687 974 μὲν
1714 903 1822 975 γὰρ

240 996 332 1048 καὶ
363 997 392 1048 6
421 996 642 1065 χαλκὸς,
676 996 929 1067 λαμπρὸν
967 997 1024 1049 δὲ
1057 997 1120 1066 δὴ
1163 997 1284 1050 λίαν
1323 996 1414 1048 καὶ
1437 995 1694 1062 διαφανὲς
1727 993 1821 1048 τοῦ

242 1091 485 1161 ἀργύρου
518 1087 580 1140 τὸ
618 1089 824 1160 χρῆμα.
860 1089 1079 1143 ’Ένεστι
1121 1089 1178 1142 δὲ
1222 1088 1380 1142 τοῦτο
1405 1091 1516 1150 τοῖς
1548 1086 1824 1155 εὐαγγελι-

243 1182 354 1242 κοῖς
403 1179 752 1250 κηρύγμασι,
789 1181 882 1234 καὶ
942 1180 1149 1232 κατίδοι
1183 1197 1264 1242 τις
1299 1178 1385 1245 ἂν,
1443 1177 1537 1230 τοῦ
1568 1178 1819 1247 Σωτῆρος

241 1272 328 1326 τὸν
361 1273 543 1341 λόγον,
580 1273 774 1343 ἔχοντα
812 1272 910 1342 μὲν
958 1272 1057 1343 τῆς
1101 1274 1181 1335 εις
1229 1273 1397 1341 ἄκρον
1454 1269 1729 1332 εὐσεϐείας
1760 1268 1820 1320 τὸ

241 1363 429 1427 διειδές
473 1381 534 1416 τε
565 1365 656 1417 καὶ
678 1364 933 1434 καθαρὸν,
952 1364 1080 1431 ὅλην
1095 1363 1149 1416 δὲ
1179 1361 1368 1432 ὥσπερ
1384 1359 1818 1431 περιϐομϐοῦντα

241 1454 334 1522 τὴν
356 1455 703 1524 οἰκουμένην.
735 1456 797 1507 Et
826 1455 881 1507 δὲ
912 1454 974 1522 δή
1001 1472 1083 1515 τις
1117 1453 1292 1504 ἕλοιτο
1317 1453 1443 1514 τοὺς
1468 1452 1656 1518 ἁγίους
1680 1452 1816 1504 ἁπο-

245 1545 459 1607 στόλους
487 1546 582 1598 καὶ
610 1544 1001 1614 εὐαγγελιστάς
1037 1545 1110 1606 ὡς
1142 1547 1198 1596 ἐν
1239 1546 1349 1606 τοῖς
1401 1542 1630 1595 τοιοῖσδε
1657 1543 1817 1611 τυχὸν

244 1635 653 1688 ἀνατυποῦσθαι
683 1636 916 1699 στύλοις,
947 1634 1209 1701 λογιεῖται
1239 1633 1305 1686 τὰ
1335 1631 1540 1684 εἱκὸτα.
1575 1632 1685 1684 Καὶ
1709 1633 1818 1701 γάρ

243 1729 373 1780 εἰσιν
399 1727 619 1797 ἀληθῶς
649 1725 838 1798 ὥσπερ
871 1727 1274 1798 ἠργυρωμένοι,
1305 1725 1397 1778 διὰ
1420 1724 1480 1776 τὸ
1511 1725 1568 1776 ἐν
1605 1724 1817 1794 μεθέξει

1929 540 2138 605 duisse,
2166 557 2290 595 cum
2339 548 2398 594 ut
2445 541 2786 595 Deus-radiis
2824 542 3084 595 nimirum
3115 543 3495 613 Spiritualibus

1925 620 2179 704 fulgeret:
2209 633 2424 688 Claram
2451 649 2584 688 vero
2616 649 2680 688 ac
2718 642 3065 689 resonantem
3103 637 3160 690 in
3192 638 3359 694 terris
3374 642 3492 710 ejus

1924 725 2406 794 praedicationem,
2475 725 2528 780 id
2576 735 2678 792 est,
2724 725 3060 796 praeconium
3121 732 3490 801 evangelicum

1925 817 2110 882 fuisse,
2134 833 2208 872 ass
2258 817 2394 871 illud
2438 818 2849 888 deargentatum
2889 817 3108 887 oblique
3138 820 3297 874 nobis
3347 822 3490 875 indi-

1923 916 2044 974 cat;
2113 925 2238 963 nam
2307 925 2381 964 aes
2435 910 2655 979 quidem
2729 915 2984 975 resonat,
3067 911 3160 965 sed
3208 921 3492 982 argentum

1923 1001 2130 1054 clarum
2160 1009 2242 1055 est
2267 1017 2330 1055 ac
2355 1001 2620 1055 lucidum.
2654 1001 2803 1056 Inest
2850 1009 3030 1056 autem
3090 1013 3389 1074 utrumque
3437 1006 3493 1059 in

1922 1091 2237 1160 evangelico
2297 1092 2606 1161 praaconio:
2673 1108 2737 1146 ac
2789 1092 2977 1147 videre
3032 1093 3162 1148 licet
3196 1093 3495 1150 Salvatoris

1920 1181 2097 1236 nostri
2159 1182 2606 1252 praedicationem
2657 1196 2869 1236 summa
2927 1183 3129 1251 pietate
3175 1185 3377 1238 claram
3430 1200 3494 1238 ac

1918 1289 2111 1343 puram
2126 1289 2266 1336 esse,
2285 1282 2339 1327 et
2364 1289 2462 1343 per
2483 1275 2799 1327 universum
2822 1273 3012 1327 orbem
3031 1283 3299 1329 terrarum
3336 1292 3490 1330 reso-

1917 1382 2072 1420 nare.
2116 1365 2271 1432 Quod
2302 1367 2347 1421 si
2381 1368 2505 1436 quis
2527 1367 2662 1421 velit
2687 1374 2910 1421 sanctos
2939 1368 3218 1436 apostolos
3250 1376 3305 1421 et
3330 1384 3492 1422 cvan-

1918 1461 2162 1531 gelistas,
2182 1470 2240 1514 ut
2264 1461 2316 1514 in
2343 1461 2616 1532 ejusmodi
2638 1462 2907 1515 columnis
2933 1462 3300 1532 prazﬁgurari,
3321 1463 3366 1516 is
3382 1479 3490 1516 non

1917 1553 2154 1607 absurde
2189 1553 2478 1622 cogitabit:
2522 1563 2648 1608 sunt
2677 1553 2822 1608 enim
2863 1569 2990 1609 sane
3028 1554 3185 1623 quasi
3221 1556 3490 1625 dcargen-

1919 1653 2064 1710 tntae,
2095 1662 2220 1699 cum
2249 1646 2359 1699 sint
2379 1645 2581 1701 Christi
2611 1645 2974 1700 illuminantis
3014 1646 3326 1716 participes.
3381 1647 3490 1700 Ita-

1918 1753 2024 1806 que
2048 1737 2154 1790 ait:
2192 1756 2209 1787 ι
2232 1738 2298 1790 Et
2336 1738 2440 1790 erit
2479 1737 2738 1807 Splendor
2763 1737 2980 1791 Domini
3011 1737 3106 1792 Dei
3128 1737 3300 1792 nostri
3324 1747 3492 1807 super

241 1819 488 1888 γενέσθαι
514 1817 753 1889 Χριστοῦ
781 1819 874 1871 τοῦ
923 1817 1270 1887 φωτίζοντος.
1314 1817 1600 1888 Τοιγάρτοι
1659 1817 1809 1887 φησί·

1915 1843 2016 1882 nos
2049 1829 2113 1880 π.
2142 1847 2159 1877 ι
2193 1827 2551 1897 Appellantur
2584 1838 2886 1898 praeterea:
2925 1848 2942 1880 ι
2981 1829 3099 1884 Lux
3148 1829 3429 1883 mundi”.
3464 1849 3482 1880 ι

247 1929 264 1961 ι
291 1913 401 1964 Καὶ
435 1910 588 1963 ἔσται
615 1912 646 1980 ἡ
678 1908 998 1982 λαμπρότης
1021 1908 1227 1977 Κυρίου
1265 1908 1357 1961 τοῦ
1391 1908 1524 1960 Θεοῦ
1548 1907 1705 1977 ἡμῶν
1729 1907 1813 1976 ἐφ’

241 2004 400 2072 ἡμᾶς.
424 2022 444 2054 ι
463 2000 845 2070 Ὀνομάζονται
859 1999 915 2052 δὲ
931 2001 1024 2054 καὶ
1051 1998 1184 2052 «Τοῦ
1213 1999 1419 2069 κόσμου
1438 1999 1604 2067 φῶς,›
1631 1998 1816 2070 χαλκῷ

240 2092 291 2144 δὲ
339 2090 707 2162 περιαργύρῳ
749 2090 1028 2160 μονονουχὶ
1074 2089 1166 2141 καὶ
1218 2088 1606 2159 ἐμϐεϐηκότες.
1643 2090 1817 2158 Ἔρει-

253 2199 363 2252 σμα
393 2183 504 2250 γὰρ
534 2181 739 2245 αὐτοῖς,
770 2179 959 2250 ὥσπερ
983 2178 1058 2248 τῷ
1080 2177 1317 2248 λαμπρῷ
1345 2179 1437 2230 καὶ
1462 2179 1815 2248 εὐηχεστάτῳ

241 2272 543 2344 κεχρῆσθαι
563 2271 725 2342 λόγῳ.
749 2291 768 2323 ι
797 2272 997 2342 Κύριος
1017 2269 1146 2338 γὰρ,
1189 2289 1206 2320 ι
1233 2270 1388 2338 φησὶ,
1421 2288 1437 2320 ι
1473 2268 1630 2321 δώσει
1663 2269 1816 2336 ῥῆμα

240 2369 343 2429 τοῖς
390 2365 902 2434 εὐαγγελιζομένοις
948 2363 1177 2430 δυνάμει
1234 2361 1425 2432 πολλῇ.
1453 2381 1472 2412 ›
1513 2362 1714 2432 Ὠραῖοι
1759 2361 1816 2414 δὲ

239 2459 326 2509 καὶ
368 2458 419 2508 οἱ
467 2456 625 2518 πόδες
669 2453 778 2507 τῶν
820 2451 1322 2522 εὐαγγελιζομένων
1365 2453 1432 2505 τὰ
1487 2451 1685 2520 ἀγαθὰ,
1719 2451 1813 2521 γέ-

240 2564 499 2618 γραπται.

303 2637 520 2690 ΠΔΛΛ.
566 2635 752 2699 Βαθὺς
782 2635 880 2705 μὲν
901 2637 928 2688 ό
952 2633 1126 2702 λόγος,
1157 2633 1317 2704 πλὴν,
1347 2631 1600 2705 ἀληθείας
1626 2632 1810 2702 ἐγγύς.

301 2807 469 2860 ΚΥΡ.
532 2806 1093 2877 Συμπεπερασμένων
1142 2807 1207 2877 δὴ
1257 2799 1350 2860 οὖν
1399 2805 1496 2859 καὶ
1551 2805 1660 2858 τῶν
1719 2807 1814 2861 ἐπὶ

236 2901 350 2961 ταῖς
400 2898 593 2960 αὐλαῖς
639 2897 1108 2968 τεθεσπισμένωνι
1152 2899 1231 2962 είς
1284 2896 1464 2951 ἐλαίου
1493 2914 1554 2949 τε
1587 2898 1682 2950 καὶ
1707 2898 1813 2968 μύ-

240 3005 329 3059 ρου
366 2990 462 3042 καὶ
527 2989 633 3060 μὴν
695 2989 789 3042 καὶ
837 2988 1199 3060 θυμιαμάτων
1263 2989 1588 3059 μετατρέπει
1644 3007 1812 3042 κατα-

237 3080 453 3152 σκευὴν,
482 3079 627 3133 οὕτω
653 3081 846 3149 λέγων·
909 3101 926 3132 ι
955 3083 1066 3134 Καὶ
1112 3083 1198 3145 σὺ,
1234 3079 1492 3143 σύνταξον
1524 3083 1636 3142 τοῖς
1678 3083 1812 3144 υἱοῖς

1916 1919 2096 1986 Quid?
2148 1935 2332 1974 nonne
2400 1920 2567 1974 iidem
2645 1921 2741 1975 atri
2793 1921 3146 1991 deargenlato
3192 1921 3490 1978 insistunt?

1914 2027 2040 2066 nam
2112 2012 2266 2066 velut
2327 2010 2732 2082 ﬁrmamentum
2779 2013 3051 2082 quoddam
3107 2014 3325 2069 illorum
3367 2023 3486 2082 est,

1914 2101 2060 2172 quod
2117 2102 2426 2172 splendida,
2461 2103 2849 2172 resonantique
2885 2103 3272 2174 praedicatione
3321 2113 3488 2160 utun-

1912 2202 2035 2247 tur:
2063 2213 2080 2244 ι
2102 2193 2366 2248 Dominus
2397 2195 2565 2259 enim,
2594 2214 2611 2245 ι
2632 2194 2830 2264 inquit,
2854 2214 2870 2245 ι
2893 2195 3046 2249 dabit
3075 2196 3302 2250 verbum
3324 2213 3491 2253 evan-

1912 2285 2274 2356 gelizantibus
2308 2286 2510 2340 virtute
2539 2287 2708 2340 multa
2751 2288 2790 2341 ¹.
2819 2306 2836 2338 ι
2875 2286 3166 2356 Speciosos
3204 2289 3335 2344 item
3365 2305 3490 2347 esse

1911 2375 2080 2446 pedes
2113 2377 2608 2448 evangelizantium
2631 2377 2795 2444 bona,
2831 2378 3093 2448 scriptum
3121 2387 3206 2434 est
3232 2383 3271 2434 ³.

1979 2627 2178 2682 PALL.
2203 2628 2509 2683 Recondita
2534 2636 2618 2682 est
2642 2628 2746 2682 ista
2789 2627 3011 2698 quidem
3036 2626 3342 2698 expositio;
3387 2625 3486 2681 sed

1912 2729 2095 2774 tamen
2118 2721 2183 2774 ad
2213 2721 2501 2775 veritatem
2533 2719 2781 2790 proxime
2823 2721 3054 2775 accedit.

1984 2811 2141 2867 CYR.
2169 2813 2304 2867 Cum
2329 2813 2498 2884 igitur
2540 2813 2608 2868 de
2643 2813 2832 2868 aulaeis
2876 2814 3174 2885 praecipere
3211 2815 3490 2881 desiisset,

1913 2903 1980 2957 ad
2012 2904 2140 2968 olei,
2171 2912 2227 2958 et
2256 2904 2543 2975 unguenti,
2583 2913 2639 2959 et
2671 2906 3087 2975 thymiamatum
3134 2907 3486 2977 compositio-

1909 3010 2036 3048 nem
2074 2997 2291 3060 transil,
2316 2997 2389 3049 ita
2408 2996 2631 3050 dicens:
2653 3015 2672 3045 ι
2697 2997 2766 3049 Et
2793 3004 2851 3049 tu
2881 2997 3113 3066 praecipe
3144 2997 3272 3051 ﬁliis
3293 2999 3485 3063 Israel,

1910 3092 1966 3137 et
1993 3085 2264 3154 accipiant
2290 3085 2394 3138 tibi
2423 3086 2608 3139 oleum
2653 3099 2721 3138 ex
2772 3085 2954 3149 olivis,
3004 3085 3348 3150 defaecatum,
3380 3103 3486 3156 pu-

247 3173 484 3244 Ἰσραήλο
517 3175 612 3228 καὶ
643 3174 954 3228 λαϐέτωσαν
1003 3191 1086 3227 σοι
1133 3174 1310 3228 ἔλαιον
1335 3174 1396 3240 ἐξ
1422 3174 1616 3228 ἐλαιῶν
1646 3175 1808 3246 ἄτρυ-

1914 3190 2053 3238 rum,
2082 3183 2395 3239 contusum,
2427 3175 2495 3229 ad
2519 3175 2724 3238 lumen,
2763 3182 2823 3227 ut
2861 3175 3052 3229 ardeat
3083 3177 3308 3230 lucerna
3342 3193 3486 3231 sem—

243 3280 358 3332 γον,
390 3264 652 3334 καθαρὸν,
685 3267 1025 3336 κεκομμένον
1045 3267 1122 3329 εῑς
1146 3266 1259 3335 φῶς
1284 3266 1504 3332 καῦσαι,
1536 3267 1620 3320 ἵνα
1651 3267 1808 3336 καίη-

233 3371 318 3408 ται
349 3355 542 3424 λύχνος
571 3356 862 3420 διαπαντὺς
911 3359 969 3411 ὲν
1008 3360 1074 3428 τῇ
1133 3360 1306 3430 σκηνῇ
1340 3358 1433 3411 τοῦ
1483 3358 1802 3429 μαρτυρίου,

233 3448 429 3514 ἔξωθεν
461 3449 557 3503 τοῦ
581 3449 1073 3520 καταπετάσματος
1113 3449 1206 3503 τοῦ
1262 3450 1354 3502 ἐπὶ
1397 3450 1498 3519 τῆς
1520 3450 1803 3520 διαθήκης,

232 3540 326 3594 καὶ
355 3539 551 3593 καύσει
582 3540 714 3594 αὐτὸ
734 3539 984 3611 όἊαρὼν
1018 3541 1112 3594 καλ⁵
1130 3543 1177 3594 οἱ
1195 3541 1300 3594 υἱοὶ
1326 3541 1489 3594 αὐτοῦ
1516 3543 1608 3610 ἀφ’
1647 3543 1806 3594 ἐσπέ-

235 3648 330 3701 ρας
358 3632 467 3694 ἕως
498 3629 662 3702 πρωῒ,
699 3631 939 3685 ἐναντίον
969 3632 1196 3703 Κυρίου,
1236 3633 1464 3703 νόμιμον
1489 3632 1702 3686 αἰώνιον
1727 3633 1805 3696 εἰς

231 3725 324 3788 τὰς
360 3723 559 3793 γενεὰς
591 3723 766 3795 ὑμῶν,
804 3725 954 3796 παρὰ
975 3726 1084 3778 τῶν
1116 3726 1249 3780 υἱῶν
1287 3725 1525 3797 Ἰσραήλ.
1570 3743 1588 3777 ι

297 3815 508 3869 ΠΔΛΛ.
549 3816 658 3868 Καὶ
686 3815 738 3869 τί
765 3815 830 3886 δὴ
849 3812 1006 3869 τοῦτό
1034 3818 1182 3870 ἐστιν
1207 3833 1221 3880 ;

295 3904 460 3959 ΚΥΡ.
513 3905 967 3975 Ἀναγκαιοτάτην
1007 3905 1119 3977 ἔχει
1166 3907 1266 3976 τὴν
1311 3905 1560 3976 δήλωσιν,
1595 3905 1689 3958 καὶ
1719 3921 1806 3958 σο·

233 3996 326 4062 φὺν
363 3994 506 4048 εἷναί
537 4013 681 4066 φημι
707 3996 770 4049 τὸ
797 3997 1023 4066 αἴνιγμα
1047 4014 1062 4028 ο
1099 3995 1240 4049 ἑπτὰ
1278 3997 1375 4067 μὲν
1420 3996 1528 4067 γὰρ
1567 3995 1802 4066 λύχνοις,

234 4089 544 4160 καιομένοις
597 4105 657 4140 τε
687 4089 774 4141 ἀεὶ
812 4091 906 4142 καὶ
929 4089 1207 4158 φαίνουσιν
1240 4090 1296 4143 ἐν
1339 4091 1404 4160 τῇ
1444 4089 1573 4160 ἁγίᾳ
1609 4091 1800 4160 σκηνῇ,

233 4181 316 4233 τὸν
347 4182 440 4236 διὰ
492 4181 730 4252 Χριστοῦ
781 4183 1058 4253 φωτισμὸν
1103 4182 1502 4253 παρεικαστέον
1543 4177 1602 4236 εὖ
1637 4183 1801 4253 μάλα,

232 4274 466 4350 διαρκῶς
493 4273 683 4346 ἔχοντα
714 4275 849 4346 πρὸς
873 4275 933 4328 τὸ
961 4275 1258 4346 ὲλλάμπειν
1283 4274 1536 4328 δύνασθαι
1559 4275 1652 4328 καὶ
1674 4276 1804 4328 ἀνα-

234 4367 426 4432 καίειν,
455 4367 577 4436 ῆτοι
610 4366 967 4437 ἀναμεστοῦν,
997 4367 1105 4420 τῶν
1135 4367 1493 4420 πιστευόντων
1523 4366 1614 4419 τὸν
1654 4365 1798 4419 νοῦν.

244 4457 500 4529 Ἀριθμὸς
541 4457 648 4527 γάρ
677 4475 794 4520 πως
838 4459 982 4526 ό,εἰς
1020 4457 1159 4510 ὲπτὰ
1190 4455 1286 4527 τὴν
1325 4456 1426 4525 τῆς
1470 4454 1802 4518 τελειώσεως

1908 3280 2006 3336 per
2043 3267 2098 3319 in
2143 3266 2501 3320 tabernaculo
2537 3265 2859 3330 testimonii,
2911 3273 3066 3320 extra
3097 3266 3278 3320 velum
3337 3267 3485 3336 quod

1906 3366 1992 3412 est
2024 3373 2188 3428 super
2225 3373 2410 3412 arcam
2453 3357 2778 3422 testimonii,
2815 3364 2872 3412 et
2901 3357 3167 3412 accendet
3195 3358 3342 3411 illam
3375 3357 3484 3411 Aa-

1907 3463 2027 3511 ron,
2059 3457 2116 3502 et
2141 3448 2235 3502 filii
2263 3449 2404 3518 ejus,
2423 3465 2454 3503 a
2474 3463 2701 3518 vespera
2730 3463 2905 3517 usque
2927 3448 3086 3518 321
3120 3463 3280 3502 mane
3297 3464 3483 3502 coram

1905 3537 2158 3602 Domino,
2182 3537 2484 3607 legitimum
2524 3537 2922 3608 sempiternum
2977 3539 3033 3592 in
3080 3538 3372 3610 progenies
3393 3555 3485 3593 ve—

1905 3635 2048 3682 stras
2074 3644 2104 3682 a
2126 3628 2252 3684 ﬁliis
2277 3629 2446 3684 Israel
2471 3628 2516 3683 ³.
2559 3648 2579 3681 ›

1975 3805 2175 3862 PALL.
2205 3805 2346 3873 Quid
2373 3807 2518 3862 istud
2545 3807 2762 3863 tandem
2789 3809 2912 3864 est?

1973 3897 2131 3954 CYR.
2179 3899 2561 3954 Necessarium
2591 3915 2720 3955 sane
2746 3901 2802 3954 in
2825 3901 3020 3971 primis
3044 3908 3106 3955 ut
3150 3901 3483 3968 declaretur,

1904 4000 1960 4046 et
1988 3992 2186 4047 scitum
2207 4007 2325 4046 esse
2348 3992 2576 4061 aenigma
2599 4008 2795 4047 censeo
2821 4011 2833 4045 :
2864 4009 2988 4048 nam
3012 4002 3221 4063 septem
3244 3995 3487 4050 lucernis

1905 4083 2258 4146 ardentibus,
2298 4098 2362 4137 ac
2407 4098 2624 4151 semper
2657 4086 2713 4136 in
2757 4082 3111 4137 tabernaculo
3147 4083 3480 4148 lucentibus,

1903 4175 2107 4230 Christi
2150 4173 2476 4227 illuminatio
2515 4172 2794 4240 aptissime
2839 4180 3205 4240 comparatur,
3250 4189 3372 4242 quae
3413 4175 3482 4229 ad

1903 4267 2116 4320 animos
2155 4264 2395 4317 ﬁdelium
2437 4262 2822 4325 illustrandos,
2871 4270 3034 4331 atque
3073 4263 3477 4330 accendendos,

1903 4353 2363 4423 complendosque
2395 4350 2594 4405 sufﬁcit
2632 4369 2643 4403 :
2683 4366 2806 4405 nam
2839 4351 3181 4421 septenarius
3215 4369 3483 4411 numerus

1902 4447 2107 4515 ubique
2129 4443 2578 4514 signiﬁcationem
2597 4441 2951 4512 perfectionis
2972 4443 3230 4510 insinuat,
3265 4454 3326 4499 ut
3354 4462 3479 4500 cum

227 4520 456 4613 δήλωσιν
478 4520 807 4616 ὑπεμφαίνει
834 4520 1098 4616 πανταχῆ.
1137 4544 1223 4608 Ὦς
1245 4520 1300 4597 ἓν
1327 4520 1393 4613 γε
1415 4543 1491 4614 τῷ
1518 4545 1682 4613 φάναι
1709 4562 1798 4596 τυ-

1914 4536 2056 4590 verbi
2077 4533 2250 4604 gratia
2266 4532 2400 4587 dicit
2420 4550 2464 4584 τι
2490 4531 2704 4585 Sterilis
2728 4538 2907 4585 autem
2929 4534 3140 4602 peperit
3159 4544 3366 4603 septem
3387 4536 3426 4600 ⁸,
3452 4556 3472 4588 ν
3496 4520 3510 4598 ἶ

230 4637 338 4706 χὺν,
381 4655 401 4688 ι
439 4635 638 4706 Στεῖρα
661 4636 716 4689 δὲ
741 4636 926 4690 ἔτεκεν
959 4636 1116 4699 ἑπτὰ,
1155 4655 1174 4688 ι
1215 4635 1360 4688 τοῦτ’
1394 4634 1508 4688 ἔστι
1530 4674 1544 4699 ,
1576 4635 1801 4686 πλεῖστά

227 4745 282 4780 τε
303 4729 398 4782 καὶ
428 4728 529 4780 ὅσα
553 4728 720 4799 ἐχρῆν
747 4724 886 4782 εῖναι
913 4728 1046 4798 πρὸς
1068 4728 1416 4798 αὐτάρκειαν.
1455 4725 1798 4779 Ἀνακαίουσι

226 4816 424 4880 δὲτοὺς
448 4817 676 4887 λύχνους
714 4818 925 4889 Ἀαρών
950 4835 1011 4870 τε
1045 4819 1140 4871 καὶ
1169 4818 1220 4869 οἱ
1250 4817 1448 4880 λοιποὶ,
1479 4817 1528 4867 οἱ
1559 4815 1652 4867 καὶ
1684 4816 1798 4882 μετ’

229 4909 394 4961 αὐτὸν
435 4910 625 4978 ἱερεῖς.
660 4909 956 4972 ’Δσϐεστος
980 4908 1088 4979 γὰρ
1123 4907 1312 4978 ὥσπερ
1333 4909 1360 4960 ό
1390 4907 1542 4978 παρὰ
1565 4905 1800 4978 Χριστοῦ

227 4999 507 5069 φωτισμδς
534 5001 593 5052 ἐν
628 5000 974 5070 Ἑκκλησίαις
1014 4999 1242 5063 σώζεται
1272 5001 1390 5061 ταῖς
1418 4997 1526 5051 τῶν
1557 4996 1800 5068 ἱερᾶσθαι

227 5093 659 5163 κεκληρωκότων
717 5093 1041 5155 ὲπιεικείαις
1070 5135 1084 5156 ,
1145 5092 1195 5144 οἳ
1239 5094 1358 5154 ταῖς
1411 5091 1490 5152 εἱς
1529 5089 1802 5160 ὀρθότητα

232 5185 637 5254 μυσταγωγίαις
666 5184 756 5236 τὸν
780 5185 885 5236 τῶν
903 5183 1261 5237 πιστευόντων
1283 5179 1801 5250 καταλαμπρύνουσι

230 5275 370 5329 νοῦν.
407 5275 574 5328 Τουτὶ
617 5275 750 5346 γὰρ,
798 5271 973 5345 οἶμαι,
1005 5273 1120 5326 ἔστι
1164 5275 1225 5326 τὸ
1273 5270 1628 5326 ἀνακαίεσθαι
1674 5270 1801 5332 τοὺς

229 5366 450 5437 λύχνους
488 5367 598 5422 ἀπὸ
643 5367 883 5436 ἑσπέρας
931 5367 1034 5429 ἓως
1077 5365 1243 5436 πρωΐ.
1299 5365 1526 5418 Σκοτίαν
1563 5363 1620 5415 δὲ
1647 5356 1801 5432 οἶμαι

229 5459 324 5530 την
356 5461 420 5511 ὲκ
452 5457 698 5510 διαϐόλου
735 5458 1021 5526 πλάνησιν,
1075 5459 1168 5511 καὶ
1213 5457 1406 5527 νοητὴν
1445 5457 1633 5525 ὥσπερ
1679 5452 1800 5506 τινὰ

232 5548 394 5600 νύκτα
425 5546 567 5602 κατὰ
604 5545 729 5600 νοῦν
763 5547 1072 5616 ἀνθρώποις
1127 5547 1551 5616 συμϐαίνουσαν,
1585 5546 1654 5599 τὰ
1684 5545 1792 5598 τῶν

318 5659 530 5732 ⁹ξΡεει1.
567 5675 780 5732 Lxxxlx,
815 5661 902 5714 I7.
982 5662 1026 5694 ³⁸
1047 5661 1237 5716 Matth.
1269 5677 1323 5728 v,
1347 5660 1450 5732 βό.
1537 5661 1554 5692 ³
1600 5659 1741 5715 Psal.

233 5730 253 5763 ⁸
289 5725 472 5801 llieg.
503 5746 561 5796 ιι,
596 5731 650 5784 5.

1850 5669 2009 5719 van,
2068 5644 2153 5703 ιε.

1906 4629 1960 4683 id
1989 4635 2090 4692 est,
2125 4625 2410 4696 plurimos,
2445 4631 2500 4676 et
2525 4631 2659 4691 quot
2683 4637 2820 4691 opus
2848 4630 2967 4676 erat
2999 4632 3059 4676 ut
3095 4623 3228 4677 satis
3271 4634 3476 4679 essent.

1903 4717 2224 4773 Accendunt
2265 4729 2428 4784 porro
2467 4713 2719 4768 lucernas
2745 4713 2945 4778 Aaron,
2975 4720 3030 4767 et
3066 4713 3260 4783 reliqui
3293 4731 3478 4769 sacer-

1899 4811 2076 4873 dotes,
2106 4807 2199 4877 qui
2241 4806 2294 4861 ei
2337 4813 2751 4870 successerunt;
2788 4820 2898 4859 non
2929 4805 3073 4859 enim
3111 4806 3476 4877 exstinguitur

1899 4905 1991 4958 illa
2015 4900 2221 4957 Christi
2249 4898 2599 4963 illuminatio,
2636 4914 2756 4968 qua:
2787 4898 2841 4951 in
2872 4896 3138 4963 ccclesiis,
3163 4913 3352 4953 eorum
3381 4900 3475 4969 qui

1899 4993 1966 5048 ad
2005 4990 2296 5047 sacerdotii
2330 5005 2534 5043 munus
2569 4989 2866 5058 eliguntur,
2898 4986 3172 5056 probitate
3200 4999 3473 5053 servatur,

1900 5085 2029 5140 dum
2053 5081 2220 5137 rectis
2247 5080 2552 5150 disciplinis
2579 5080 2788 5133 animos
2809 5077 3149 5132 credentium
3178 5079 3472 5135 illustrant.

1903 5176 2017 5230 Hoc
2041 5173 2210 5237 enim,
2247 5179 2308 5226 ut
2330 5171 2544 5242 Opinor,
2571 5179 2654 5226 est
2683 5186 2713 5224 a
2734 5184 2962 5238 vespera
2989 5185 3160 5239 usque
3194 5187 3352 5225 mane
3385 5187 3474 5225 ar-

1899 5269 2030 5323 dere
2061 5267 2335 5321 lucernas.
2376 5262 2654 5316 Tenebras
2686 5268 2867 5314 autem
2895 5275 3014 5316 esse
3047 5268 3180 5331 puto
3205 5277 3472 5325 errorem,

1898 5358 1967 5412 ad
2003 5371 2166 5426 quem
2195 5353 2444 5408 diabolus
2474 5351 2724 5420 impellit,
2750 5366 2815 5405 ac
2838 5351 3178 5420 spiritualem
3207 5349 3469 5420 quodam-
3511 5359 3513 5362 ‘

1899 5448 2061 5503 modo
2099 5452 2316 5500 noctem
2344 5443 2543 5496 animis
2570 5441 2855 5496 hominum
2878 5442 3136 5506 offusam,
3154 5456 3350 5495 censeo
3378 5456 3467 5495 ne-

1898 5541 2162 5594 fariorum
2186 5532 2568 5589 luereticorum
2608 5533 2870 5588 obscuras
2893 5532 3370 5600 tenebricosasque
3395 5535 3475 5589 fa-

2246 5649 2264 5678 ²
2298 5646 2400 5700 Isa.
2459 5662 2547 5711 ιιι,
2609 5647 2658 5699 7.
2764 5646 2784 5678 ³
2814 5645 2984 5699 Exod.
3031 5659 3195 5706 xxv“,
3239 5640 3330 5708 20,
3380 5637 3464 5697 21.
