3962 6296
451 280 559 334 643

1471 273 1526 330 ε.
1568 273 1843 329 CYRILLI
1882 271 2352 345 ALEXANDBINI
2384 270 2683 328 ARCHIEP

3606 268 3709 327 6ίῦ

453 395 630 451 bulas.
646 393 977 462 Perpetuum
999 390 1165 462 igitur
1189 407 1251 446 ac
1274 391 1402 463 jnge
1426 392 1599 447 nostri
1630 390 1927 446 Salvatoris
1947 390 2035 444 lu-

2140 390 2368 444 ἀνοσίων
2400 389 2688 460 αἰρετικῶν
2739 386 2953 457 ἁφεγγῆ
2994 403 3049 438 τε
3076 386 3168 440 καὶ
3199 384 3418 457 ἀμυδρά
3449 385 3710 458 μυθάρια.

458 500 584 539 men
604 483 661 537 in
682 481 943 537 Ecclesiis
965 481 1264 545 videbitur,
1295 481 1339 535 si
1362 495 1552 535 earum
1584 480 1828 549 magistri
1855 477 2040 532 divina

455 572 879 643 evangelicaque
918 571 1191 641 praeconia
1227 580 1374 625 recte
1417 572 1867 639 interpretentur.
1902 568 2039 622 Pur-

454 674 637 737 gatum
675 680 840 735 porro
880 673 963 719 est
1005 665 1185 718 oleum
1220 681 1234 729 ;
1270 679 1395 717 nam
1423 663 1491 717 ab
1529 661 1676 717 omni
1713 661 1843 715 fzece
1880 668 2041 729 atque

454 756 819 813 crassitudine
851 771 1075 825 prorsus
1101 746 1310 809 remota
1337 761 1423 808 est
1459 754 1546 807 illa
1575 752 1642 806 de
1673 752 1875 806 divinis
1904 752 2040 822 dog-

455 848 618 903 matis
652 856 801 902 recta
829 864 892 902 ac
922 863 1071 911 vera,
1100 857 1156 902 et
1194 846 1371 900 omnis
1395 845 1514 899 vitii
1553 860 1748 914 expers
1778 844 2041 913 prcedica-

456 939 559 1005 tio,
582 955 702 1010 qua:
728 940 875 993 illam
900 938 1200 993 Salvatoris
1223 938 1398 992 nostri
1424 936 1879 991 illuminationem
1904 951 2044 989 sem-

455 1045 557 1100 per
576 1030 812 1095 excitat;
845 1045 954 1083 non
983 1030 1129 1098 quod
1152 1029 1267 1099 ipsa
1294 1045 1392 1100 per
1419 1044 1476 1083 se
1509 1027 1716 1097 aliquid
1746 1026 1812 1080 ad
1836 1025 2041 1082 Christi

455 1120 801 1189 splendorem
850 1120 1069 1190 adjiciat
1134 1120 1291 1191 (nam
1357 1119 1510 1173 illum
1562 1125 1755 1191 putare
1804 1118 2043 1173 hominis

456 1188 624 1281 opera
667 1188 933 1280 indigere,
971 1188 1197 1265 summae
1245 1211 1537 1266 dementia:
1570 1188 1697 1279 est),
1732 1209 1826 1263 sed
1871 1211 2038 1280 quod,

454 1315 581 1357 cum
614 1301 709 1355 lux
740 1317 869 1354 vera
901 1310 957 1355 et
984 1301 1243 1370 splendor
1289 1302 1466 1357 Patris
1507 1301 1579 1355 sit
1624 1298 1896 1364 Christus,
1940 1301 2041 1355 do-

459 1398 672 1446 ctorum
705 1390 868 1443 rectis
889 1390 1371 1459 prmdicationibus
1397 1392 1657 1461 idipsum,
1682 1392 1828 1460 quod
1854 1408 2042 1447 revera

454 1487 560 1544 est,
589 1477 930 1533 credentium
956 1478 1232 1535 mentibus
1259 1489 1540 1551 appareat.

2139 484 2397 553 Διηνεκές
2429 478 2522 535 οὖν
2552 481 2659 552 ἄρα
2709 481 2801 533 καὶ
2834 478 3210 547 ἀκατάληκτον
3245 477 3340 529 τοῦ
3375 477 3627 549 Σωτῆρος
3652 477 3713 531 τὸ

2141 575 2258 643 φῶς
2305 574 2477 643 ὁρῷτο
2522 575 2587 626 ἂν
2627 575 2688 625 ἐν
2735 568 3099 640 Ἐκκλησίαις,
3129 568 3593 639 διερμηνευόντων
3619 568 3713 640 ὀρ-

2140 664 2248 727 θῶς
2275 664 2342 717 τά
2371 663 2490 716 θεῖά
2536 681 2593 715 τε
2625 663 2718 715 καὶ
2763 660 3094 729 εὐαγγελικά
3138 660 3470 729 κηρύγματα
3512 659 3622 712 τῶν
3653 662 3711 714 ἐν

2140 757 2329 818 αὐταῖς
2373 754 2727 808 διδασκάλων.
2778 753 3032 821 Καθαρδν
3077 750 3223 804 δὲτὸ
3263 751 3438 803 ἔλαιον
3469 768 3483 779 ·
3511 751 3711 822 τρυγὸς

2140 851 2248 919 γάρ
2274 849 2422 902 ὥσπε
2433 867 2462 919 ρ
2489 850 2580 901 καὶ
2609 848 2779 919 ῥύπου
2806 847 3003 909 παντὸς
3038 847 3382 916 ἀπήλλακται
3437 844 3713 910 παντελῶς

2139 943 2169 995 ὁ
2208 943 2335 1010 περί
2369 960 2433 1010 γε
2472 941 2581 994 τῶν
2614 940 2772 993 θείων
2793 940 3076 1011 δογμάτων
3106 936 3264 1009 ὀρθός
3290 956 3348 990 τε
3379 938 3471 991 καὶ
3506 939 3715 1010 ἀληθὴς

2141 1034 2237 1087 καὶ
2272 1033 2480 1105 ἀμιγὴς
2515 1031 2608 1085 τοῦ
2650 1033 2889 1103 χείρονος
2920 1031 3097 1098 λόγος,
3138 1031 3196 1094 ὃς
3225 1031 3310 1083 ἀεὶ
3340 1029 3433 1083 τοῦ
3462 1030 3717 1102 Σωτῆρος
3824 1080 3829 1085 ,

2140 1123 2341 1194 ἐγείρει
2389 1124 2479 1176 τὸν
2512 1123 2808 1193 φωτισμὸν,
2845 1124 2942 1175 οὐκ
2974 1118 3135 1182 αὐτὸς
3161 1120 3369 1175 οἴκοθέν
3409 1140 3462 1174 τι
3493 1139 3720 1192 προστι-

2142 1217 2252 1280 θεὶς
2276 1217 2355 1279 εἰς
2376 1216 2735 1287 λαμπρότητα
2761 1214 2835 1285 τῷ
2865 1215 3085 1286 Χριστῷ
3130 1215 3346 1284 (κομιδῇ
3383 1214 3491 1286 γὰρ
3521 1213 3716 1283 εὔηθες

2139 1309 2201 1362 τὸ
2245 1308 2535 1380 ἀνθρώπου
2585 1307 2789 1362 δεῖσθαι
2824 1306 3065 1377 νομίζειν
3098 1295 3303 1376 αὐτδν),
3336 1305 3448 1358 ἀλλ’
3479 1300 3561 1358 ὅτι
3597 1306 3714 1374 φῶς

2140 1399 2202 1453 τὸ
2245 1399 2496 1469 ἀληθινὸν
2540 1399 2631 1452 καὶ
2664 1398 3004 1467 ἀπαύγασμα
3028 1397 3119 1450 τοῦ
3163 1397 3375 1466 Πατρδς
3401 1395 3661 1466 ὑπάρχων
3686 1399 3716 1449 ὀ

2139 1490 2397 1559 Χριστὸς,
2455 1494 2567 1553 τοῖς
2606 1493 2683 1553 εἰς
2710 1489 2978 1561 ὀρθότητα
3004 1488 3113 1541 τῶν
3145 1486 3481 1541 διδασκάλων
3510 1486 3710 1554 λόγοις,

2139 1581 2284 1634 τοῦθ’
2312 1581 2449 1650 ὅπερ
2482 1582 2631 1633 ἐστὶν
2666 1580 2904 1651 άληθῶς,
2928 1582 3043 1643 ταῖς
3075 1578 3181 1631 τῶν
3210 1577 3571 1631 πιστευόντων
3599 1578 3717 1632 δια-

2140 1669 2308 1733 νοίαις
2355 1671 2620 1738 φαίνεται.

532 1755 727 1814 PALL.
750 1757 861 1813 Cur
884 1766 1069 1815 autem
1093 1757 1272 1812 oleum
1298 1773 1363 1812 ex
1388 1757 1550 1813 olivis
1571 1773 1691 1814 esse
1716 1758 1884 1814 dicit?
1903 1757 2036 1813 Nam

2211 1764 2419 1817 HAAA.
2450 1764 2556 1817 Καὶ
2590 1763 2733 1815 διατι
2767 1763 2827 1815 τὸ
2864 1762 3041 1816 ἔλαιον
3074 1762 3134 1828 ἐξ
3161 1762 3355 1816 ἐλαιῶν
3387 1759 3714 1832 εἷναίφησι;

456 1850 627 1906 verba
658 1858 766 1903 tam
800 1860 1055 1905 accurate
1083 1850 1228 1905 dicta
1258 1849 1491 1906 fortasse
1524 1851 2039 1921 contemplationem

453 1938 696 2011 aliquam
731 1941 1096 1994 necessariam
1139 1941 1442 1995 continent.

530 2028 686 2085 ΟΥΕ.
721 2028 937 2099 Optime
970 2030 1270 2085 existimas.
1304 2031 1508 2086 ‘Dicam
1559 2029 1742 2102 itaque
1782 2029 1929 2101 quod
1985 2030 2041 2086 in

459 2129 699 2175 mentem
729 2119 898 2174 venit.
943 2117 1063 2175 Non
1108 2136 1175 2175 ex
1219 2121 1379 2177 olivis
1418 2123 1615 2189 solum,
1660 2123 1887 2188 Palladi,
1933 2123 2039 2177 olei

458 2224 620 2266 usum
655 2224 900 2282 quaerere
933 2211 1113 2267 solent
1139 2213 1411 2285 ejusmodi
1439 2230 1621 2269 rerum
1649 2215 1832 2285 periti,
1858 2215 1952 2270 sed
1974 2232 2039 2270 ex

457 2299 582 2357 aliis
614 2303 1033 2372 quamplurimis
1070 2304 1294 2369 alienis,
1327 2304 1785 2375 terrestribusque
1815 2305 2039 2359 semini-

458 2390 564 2447 bus
591 2410 605 2446 :
632 2400 797 2462 atque
821 2392 954 2448 illud
976 2395 1198 2465 quidem
1221 2395 1497 2450 sincerum
1525 2413 1591 2451 ex
1617 2394 1775 2450 olivis
1805 2406 1888 2450 est
1909 2412 2040 2466 pro-

458 2478 786 2548 batissimis;
822 2482 1189 2537 adulterinum
1222 2499 1408 2553 porro,
1433 2493 1489 2538 et
1516 2484 1570 2537 vi
1600 2484 1854 2553 quadam,
1888 2492 1944 2538 et
1974 2499 2041 2538 ex

457 2580 575 2629 arte
609 2572 829 2638 factam,
856 2574 1016 2642 322
1049 2582 1106 2629 et
1132 2575 1537 2645 quodammodo
1570 2576 1795 2629 minime
1823 2590 2037 2642 verum,

458 2663 595 2720 illud
622 2664 903 2729 nimirum,
930 2666 1077 2735 quod
1108 2682 1139 2720 e
1174 2668 1535 2722 terrestribus
1569 2666 1874 2720 seminibus
1905 2681 2040 2721 con-

459 2751 662 2807 ﬁcitur.
707 2751 945 2808 Sincerze
990 2755 1157 2824 igitur
1210 2770 1273 2810 ac
1303 2770 1448 2810 verte
1484 2755 1875 2825 praedicationi,
1920 2772 2041 2826 qua:

458 2855 558 2910 per
587 2856 881 2910 supernam
916 2843 1238 2912 sapientiam
1274 2844 1343 2898 iis
1366 2844 1460 2913 qui
1492 2852 1620 2898 sunt
1664 2844 1847 2898 idonei
1905 2846 2039 2900 sub-

460 2932 823 2998 ministratur,
865 2934 1046 2988 oleum
1088 2949 1157 2988 ex
1200 2933 1360 2989 olivis
1403 2934 1713 2989 confectum
1762 2936 2041 3005 aptissime

456 3029 823 3091 comparatur.
859 3021 996 3076 Illud
1018 3037 1151 3078 vero
1176 3038 1369 3093 genus,
1400 3024 1546 3094 quod
1575 3041 1644 3079 ex
1671 3024 1924 3079 humanis
1948 3041 2040 3081 co-

457 3112 643 3186 gitatis
673 3120 728 3167 et
777 3112 1038 3168 instinctu
1062 3113 1399 3169 daemoniaco
1414 3125 1692 3185 repertum
1713 3125 1816 3180 est,
1837 3117 1885 3170 ei
1910 3132 2038 3187 per-

458 3203 636 3259 simile
663 3202 784 3257 oleo
811 3200 1049 3269 videtur,
1072 3205 1218 3273 quod
1241 3220 1306 3259 ex
1335 3205 1697 3275 quorumdam
1723 3217 1839 3261 arte
1874 3217 1931 3262 et
1963 3216 2041 3262 ιιι-

459 3292 842 3348 bernariorum
890 3308 1057 3362 opera
1099 3294 1423 3360 conﬁcitur,
1472 3296 1738 3366 cujusque
1781 3313 1915 3352 usus
1957 3302 2041 3352 est

458 3382 683 3437 minime
710 3382 1007 3454 legitimus.
1044 3379 1260 3438 Inutilis
1294 3401 1460 3455 porro
1486 3395 1569 3440 est
1596 3388 1865 3457 ejusmodi
1898 3404 2038 3458 pne-

457 3473 679 3538 dicatio,
712 3482 768 3529 et
796 3473 1111 3544 rejicienda,
1134 3484 1189 3530 et
1211 3476 1436 3530 omnino
1459 3475 1526 3531 ad
1557 3478 1800 3533 scientiae
1835 3478 2039 3534 Christi

458 3563 914 3619 illuminationem
944 3565 1211 3621 ineﬂieax.
1240 3567 1426 3637 Itaque
1450 3568 1505 3622 in
1531 3569 1791 3625 Ecclesiis
1815 3571 2039 3627 minime

458 3658 746 3727 recipitur,
778 3675 957 3730 neque
987 3660 1339 3730 fragrantiam
1370 3662 1543 3717 sancti
1571 3662 1808 3733 Spiritus
1828 3664 1994 3720 habet
2021 3683 2033 3718 :

465 3766 485 3798 ι
518 3748 691 3802 Nemo
719 3749 923 3827 quippe
952 3749 1106 3814 dicit,
1141 3749 1407 3805 Dominus
1445 3750 1625 3816 Iesus,
1666 3753 1772 3807 nisi
1812 3754 1867 3807 in
1913 3754 2037 3825 Spi-

458 3837 569 3891 ritu
602 3847 792 3893 sancto
828 3841 888 3905 ⁵;
946 3857 966 3891 ι
1019 3855 1198 3910 neque
1238 3841 1610 3897 sinceritatem
1646 3860 1710 3898 ac
1744 3846 2037 3915 puritatem

455 3930 728 3995 veritatis,
765 3939 860 3986 aut
892 3948 1053 3987 usum
1078 3933 1339 4003 aliquem,
1369 3937 1463 4005 qui
1499 3936 1907 4009 intelligentiam
1938 3940 2037 3995 ad-

452 4024 629 4093 juvet.
664 4023 801 4078 Illud
852 4033 1033 4080 autem
1077 4024 1336 4082 observes
1378 4028 1573 4093 velim,
1620 4028 1794 4099 legem
1841 4032 2036 4101 praeci-

460 4128 592 4183 pere
643 4122 704 4168 ut
743 4131 775 4170 a
808 4114 935 4171 ﬁliis
957 4117 1122 4172 Israel
1152 4117 1419 4188 ejusmodi
1450 4134 1515 4174 ex
1545 4120 1704 4176 olivis
1738 4123 1918 4177 oleum
1953 4124 2036 4179 af-

452 4202 667 4261 feratur
690 4224 703 4260 :
732 4214 791 4261 ut
811 4208 959 4262 enim
989 4210 1153 4278 paulo
1180 4217 1307 4264 ante
1330 4210 1464 4277 dixi,
1491 4213 1808 4282 prazdicatio
1830 4217 2035 4273 verita-

453 4293 526 4349 tis
560 4294 671 4351 Deo
698 4304 952 4368 tanquam
979 4298 1191 4355 fructus
1243 4301 1465 4370 quidam
1507 4312 1670 4373 atque
1697 4306 1901 4363 oblatio
1926 4309 2038 4378 spi-

2138 1853 2415 1921 τοιγάρτοι
2444 1853 2565 1906 λίαν
2598 1854 2824 1925 ἀκριϐὲς
2842 1853 3128 1924 τοῦλόγου,
3166 1853 3305 1925 τάχα
3332 1871 3386 1907 τι
3414 1853 3523 1907 τῶν
3544 1855 3717 1922 ἀναγ-

2139 1944 2309 1997 καίων
2346 1943 2524 1998 ὡδίνει
2549 1944 2942 2015 θεωρημάτων.

2209 2032 2374 2087 ΚΥΡ.
2405 2036 2637 2106 "Aptata
2662 2034 2866 2106 διανοῇ,
2897 2036 2991 2089 καὶ
3019 2030 3142 2104 τόγε
3175 2037 3254 2101 είς
3277 2027 3399 2090 νοῦν
3423 2030 3556 2107 ἧκον
3578 2026 3714 2107 ἐρῶδ

2140 2125 2253 2177 Οὐκ
2276 2126 2340 2176 ὲκ
2359 2124 2536 2194 μόνων
2557 2126 2685 2194 ἡμῖν
2703 2125 2916 2188 ἐλαιῶν,
2938 2118 2982 2177 ὦ
3002 2114 3286 2190 Παλλάδιε,
3303 2126 3398 2195 τὴν
3419 2125 3511 2179 τοῦ
3530 2122 3715 2179 ἐλαίου

2139 2215 2329 2286 χρείαν
2377 2215 2720 2285 ἐπιτηδεύειν
2774 2210 2893 2278 ἔθος
2940 2210 3052 2278 τοῖς
3098 2217 3274 2269 ταῦτα
3328 2210 3544 2285 σοφοῖς,
3575 2214 3721 2270 ἀλλά

2140 2307 2233 2358 καὶ
2253 2304 2311 2369 ἐξ
2328 2307 2529 2375 ἐτέρων
2547 2308 2687 2359 ὅσων
2734 2307 2903 2359 νόθων
2931 2325 2988 2359 τε
3014 2309 3109 2360 καὶ
3137 2308 3518 2378 γεωδεστέρων
3544 2325 3722 2379 σπερά

2142 2397 2347 2463 μάτων.
2382 2398 2491 2449 Καὶ
2516 2397 2577 2448 τὸ
2608 2397 2706 2466 μὲν
2736 2400 2956 2468 γνήσιον
2983 2399 3197 2468 ἀληθῶς
3241 2402 3299 2463 ἐξ
3327 2400 3521 2453 ἐλαιῶν
3558 2398 3723 2452 ἔσται

2138 2485 2243 2537 τῶν
2297 2485 2700 2555 δοκιμωτάτων,
2753 2486 2998 2557 κίὸδηλον
3047 2488 3104 2540 δέ
3137 2506 3249 2553 πως
3291 2488 3349 2540 τὸ
3394 2488 3468 2551 ὡς
3509 2490 3575 2541 ἐκ
3615 2506 3724 2558 μου

2137 2576 2320 2645 χλείας
2355 2577 2448 2628 καὶ
2478 2575 2693 2647 τέχνης,
2726 2579 2820 2630 καὶ
2856 2578 3019 2631 οἱονεί
3049 2597 3166 2643 πως
3193 2581 3292 2632 οὐκ
3313 2580 3527 2649 ἀληθὲς,
3557 2582 3619 2633 τὸ
3649 2584 3725 2636 ἐκ.

2140 2666 2467 2737 σπερμάτων
2491 2666 2599 2719 τῶν
2628 2668 3027 2739 γεωδεστέρων,
3060 2671 3222 2741 φημί.
3259 2671 3467 2724 Οὐκοῦν
3488 2671 3632 2741 λόγῳ
3653 2689 3719 2726 τε

2136 2760 2215 2831 τῷ
2249 2762 2527 2832 ἀκιδδήλῳ
2564 2763 2657 2814 καὶ
2683 2760 2892 2830 ἀληθεῖ,
2924 2761 3018 2813 καὶ
3039 2761 3125 2813 διὰ
3159 2762 3351 2830 σοφίας
3378 2763 3476 2832 τῆς
3505 2761 3720 2815 ἀνωθεν

2137 2855 2247 2915 τοῖς
2277 2854 2445 2919 ἀξίοις
2473 2853 2883 2925 χορηγουμένῳ,
2901 2852 2961 2905 τὸ
2981 2852 3040 2916 ἐξ
3061 2852 3253 2906 ἐλαιῶν
3276 2853 3450 2907 ἔλαιον
3476 2850 3535 2906 εὖ
3566 2853 3727 2924 μάλα

2140 2946 2556 3018 παρεικαστέον.
2590 2947 2727 3014 Τόγε
2756 2946 2861 3016 μὴν
2891 2945 2950 3011 ἐξ
2991 2946 3343 3017 ἀνθρωπίνων
3365 2945 3583 3001 ἐννοιῶν
3612 2948 3719 3002 καὶ

2139 3035 2546 3106 δαιμωνιώδους
2582 3036 2846 3106 ἐμπνοὶας
2897 3033 3278 3105 ἐξευρημένον.
3309 3035 3369 3087 τὸ
3407 3035 3472 3088 ἐκ
3494 3035 3591 3105 τῆς
3627 3052 3718 3089 τι-ιι

2141 3146 2246 3182 νων
2275 3129 2471 3200 τέχνης
2500 3130 2593 3182 καὶ
2630 3128 2957 3198 καπηλείας,
2987 3128 3083 3181 καὶ
3111 3128 3269 3197 νόθην
3295 3127 3417 3198 ἔχον
3446 3128 3545 3197 τὴν
3577 3129 3720 3199 χρῆ-ς

2142 3235 2245 3272 σιν.
2289 3218 2530 3289 Ἀχρείος
2563 3218 2618 3270 δέ
2645 3219 2739 3271 καὶ
2770 3217 3075 3288 ἀπόϐλητος
3112 3219 3140 3270 ὁ
3159 3218 3362 3271 τοιόσδε
3406 3218 3584 3286 λόγος,
3610 3219 3717 3271 καὶ

2139 3310 2433 3382 ἁσυντελὴς
2479 3310 2756 3374 παντελῶς
2798 3311 2934 3382 πρὸς
2991 3310 3271 3382 φωτισμὸν
3316 3311 3417 3381 τῆς
3456 3309 3716 3379 γνώσεως

2138 3402 2230 3455 τοῦ
2264 3402 2521 3472 Χριστοῦ.
2542 3403 2830 3472 Τοιγάρτοι
2869 3404 2963 3457 καὶ
2985 3405 3360 3476 ἀπαράδεκτος
3396 3406 3453 3456 ἐν
3480 3403 3719 3475 Ἐκκληδ

2141 3492 2302 3555 σίπις,
2333 3491 2460 3545 οὔτε
2522 3492 2583 3546 τὸ
2619 3493 2816 3558 εὐῶδες
2856 3494 2994 3565 ἔχων
3046 3495 3140 3548 τοῦ
3182 3495 3338 3562 ἁγίου
3394 3493 3716 3563 Πνεύματος

2139 3587 2159 3655 (
2184 3604 2199 3635 ι
2230 3584 2418 3648 Οὐδεὶς
2448 3586 2557 3656 γὰρ
2584 3586 2751 3655 λέγει,
2777 3587 2982 3659 Κύριος
3016 3588 3244 3658 Ἰησοῦς,
3268 3589 3316 3641 εί
3352 3587 3427 3657 μὴ
3453 3588 3510 3639 ἐν
3536 3586 3716 3641 Πνειὶ⁴⁵

2142 3694 2268 3747 ματι
2302 3677 2439 3747 ἁγίῳ
2468 3696 2486 3728 ι
2507 3678 2549 3748 ),
2573 3677 2693 3731 οὔτε
2731 3679 2837 3751 μὴν
2864 3678 2926 3732 τὸ
2945 3682 3163 3751 γνήσιον
3192 3680 3286 3734 καὶ
3315 3679 3581 3734 ἀθόλωτον
3612 3680 3716 3749 τῆς

2139 3766 2420 3836 ἀληθείας,
2455 3770 2550 3820 καὶ
2602 3770 2682 3831 είς
2715 3777 2993 3841 χρησίμην
3033 3770 3131 3841 τὴν
3177 3771 3363 3840 ὄνησιν
3391 3772 3710 3839 ἀναγκαῖον.

2150 3858 2431 3928 Ἐπιτήρει
2461 3858 2517 3912 δὲ
2548 3861 2628 3913 ὃτι
2667 3861 2817 3932 παρὰ
2853 3863 2959 3916 τῶν
2991 3863 3120 3916 υἱῶν
3160 3862 3375 3932 Ἰσραὴλ
3406 3864 3714 3935 προσκομί-

2138 3947 2326 4012 ζεσθαι
2352 3950 2459 4004 δεῖν
2489 3951 2549 4003 τὸ
2576 3952 2636 4016 ἐξ
2673 3952 2869 4006 ἐλαιῶν
2908 3954 3080 4008 ἔλαιον
3110 3957 3138 4008 ὁ
3181 3956 3346 4025 νόμος
3390 3957 3575 4027 φησίν.
3621 3956 3713 4019 Ὠς

2137 4040 2244 4112 γάρ
2280 4040 2417 4111 ἔφην
2447 4041 2679 4110 φθάσας,
2708 4047 2917 4115 καρπὸς
2946 4047 3098 4100 ἔσται
3132 4048 3264 4118 παρ’
3286 4049 3443 4118 ἡμῶν
3485 4051 3580 4103 καὶ
3610 4049 3714 4103 δωέ

2141 4134 2365 4204 ροφορία
2385 4135 2726 4206 πνευματικὴ
2746 4136 2823 4206 τῷ
2849 4137 2989 4207 Θεῷ,
3020 4138 3177 4205 λόγος
3198 4138 3422 4209 ἀληθὴς,
3448 4140 3541 4192 τὸν
3558 4140 3717 4211 παρά

2136 4224 2371 4295 Χριστοῦ
2408 4226 2684 4295 φωτισμὸν
2705 4228 2806 4281 οὐκ
2829 4230 3009 4297 ἀφιεὶς
3042 4230 3285 4284 ἀσθενεῖν
3317 4232 3374 4283 ἐν
3406 4235 3519 4294 τοῖς
3538 4248 3710 4301 μυστυ

2136 4317 2557 4387 αγωγουμένοις.
2588 4319 2824 4383 Ἔξωθεν
2850 4320 2904 4373 δὲ
2922 4320 3015 4374 τοῦ
3044 4324 3556 4391 καταπετάσματος,
3587 4325 3622 4395 ἦ
3646 4343 3716 4379 τε

454 4382 672 4441 ritualis
712 4403 742 4442 a
787 4390 947 4444 nobis
987 4390 1238 4456 offertur,
1283 4408 1404 4462 quae
1437 4392 1643 4450 Christi
1675 4397 2036 4454 illuminatio-

2141 4382 2248 4461 τῶν
2268 4382 2493 4479 λύχνων
2526 4382 2694 4475 θέσις,
2743 4414 2838 4466 καὶ
2872 4414 2978 4482 μὴν
3010 4416 3104 4467 καὶ
3128 4416 3161 4484 ἡ
3199 4382 3414 4480 καῦσις.
3446 4382 3566 4482 Φῶς
3596 4382 3710 4491 γὰρ

454 4488 580 4529 nem
616 4478 671 4532 in
708 4477 777 4533 iis
811 4481 905 4551 qui
932 4484 1206 4555 mysteriis
1237 4484 1582 4552 imbuuntur,
1617 4489 1886 4559 exstingui
1921 4506 2032 4545 non

452 4566 603 4622 sinit.
630 4568 901 4626 Caeterum
926 4581 1081 4628 extra
1113 4576 1293 4630 velum
1323 4577 1563 4634 lucerna
1594 4586 1650 4632 et
1674 4579 2031 4649 imponuntur

450 4664 510 4710 et
529 4660 925 4716 accenduntur.
966 4663 1101 4718 Nam
1132 4663 1404 4733 Christus,
1438 4668 1566 4738 quia
1600 4670 1899 4724 secundum
1928 4687 2028 4726 na—

452 4754 634 4802 turam
666 4750 850 4807 lumen
895 4760 1006 4819 est,
1036 4770 1146 4810 non
1190 4757 1399 4829 indiget
1436 4759 1673 4824 lumine;
1717 4760 1814 4816 sed
1845 4762 2024 4828 nobis,

451 4836 546 4904 qui
579 4853 647 4893 eo
672 4839 790 4910 ipso
822 4845 968 4913 quod
1006 4860 1196 4900 sumus
1221 4848 1350 4912 orti,
1387 4857 1539 4903 extra
1565 4848 1905 4907 divinitatem
1933 4869 2026 4907 sua

452 4944 596 4997 mus,
629 4948 792 4989 suum
815 4934 1001 4993 lumen
1035 4938 1300 4995 immittit.
1328 4941 1472 4996 Intra
1504 4941 1685 4997 velum
1710 4960 1877 5013 porro
1901 4962 2027 5003 arca

453 5019 753 5078 l’erendam.

526 5109 723 5167 PALL.
757 5114 924 5172 Recte
958 5118 1121 5176 dicis.

517 5199 675 5257 CYR.
718 5203 925 5263 Deinde
968 5210 1148 5281 inquit
1190 5230 1203 5266 :
1238 5232 1256 5265 ι
1288 5214 1356 5269 Et
1390 5216 1609 5274 locutus
1645 5226 1730 5275 est
1764 5221 2031 5278 Dominus

2143 4497 2403 4568 ὑπάρχων
2424 4498 2562 4553 κατά
2585 4500 2747 4570 φύσιν
2772 4504 2800 4556 ό
2822 4503 3075 4575 Χριστὸς,
3092 4505 3151 4557 οὐ
3172 4505 3343 4559 δεῖται
3365 4507 3565 4575 φωτὸς,
3590 4510 3708 4562 ἀλλ’

2134 4591 2266 4660 ημῖν
2297 4590 2479 4655 αὐτοῖς
2512 4595 2625 4656 τοῖς
2672 4592 2777 4658 ἔξω
2815 4594 3087 4667 θεότητος,
3137 4597 3271 4651 καθὸ
3331 4602 3608 4671 γενητοῖς,
3647 4599 3712 4653 τὸ

2136 4680 2266 4734 ἴδιον
2300 4684 2473 4753 ἐνίησι
2498 4684 2632 4752 φῶς.
2671 4684 2757 4750 Ὠς
2784 4688 3040 4760 ἐσωτέρω
3060 4688 3117 4743 δὲ
3147 4689 3241 4743 τοῦ
3280 4692 3707 4760 καταπετάσμα-

2132 4772 2277 4841 τοςὴ
2306 4771 2534 4837 κιῦωτὸς
2562 4769 2748 4844 ἦν,είς
2777 4776 3122 4833 ὑποτύπωσιν
3152 4781 3242 4834 καὶ
3273 4782 3456 4837 εἰκόνα
3477 4781 3704 4853 κειμένη

2069 4915 2072 4919 .
2134 4860 2391 4931 Χριστοῦ.

2062 4953 2241 5020 posita
2297 4966 2434 5023 erat,
2465 4958 2532 5013 ad
2593 4958 2795 5016 Christi
2826 4960 3054 5033 ﬁguram
3082 4974 3246 5036 atque
3280 4965 3572 5038 imaginem
3611 4981 3700 5020 re-

2206 5134 2415 5189 IlAAA.
2455 5132 2527 5190 Εὖ
2563 5136 2718 5209 ἔφης.

2203 5225 2367 5280 ΚΥΡ.
2394 5223 2529 5280 Εἷτά
2549 5246 2682 5299 φησι
2699 5246 2712 5259 ·
2739 5249 2757 5281 ι
2789 5231 2898 5284 Καὶ
2924 5231 3154 5305 eam“
3201 5235 3406 5306 Κύριος
3425 5238 3559 5310 πρὸς
3574 5243 3701 5297 Μω-

448 5290 518 5346 ad
549 5293 791 5401 Mpysen,
822 5299 1045 5357 dicens:
1073 5305 1141 5359 Et
1185 5314 1241 5362 tu
1288 5309 1475 5381 accipe
1506 5322 1769 5380 aromata,
1830 5315 2029 5371 ﬂorum

2140 5305 2235 5384 σῆν
2254 5330 2268 5345 ο
2329 5316 2438 5368 Καὶ
2476 5318 2540 5371 σὺ
2561 5290 2698 5372 λάθε
2741 5320 3047 5392 ἡδύσματα,
3075 5290 3233 5390 ἀνθος
3263 5290 3698 5401 σμύρνης⁷

448 5384 682 5488 myrrhae
706 5388 896 5445 electae
917 5393 1244 5464 quingentos
1271 5400 1457 5467 siclos,
1484 5411 1541 5457 et
1565 5402 1890 5460 cinnamomi
1916 5407 2028 5462 fra-

2140 5407 2267 5477 κτῆς
2302 5409 2690 5474 πεντακοσίους
2715 5413 2951 5481 σίκλους,
2979 5418 3073 5470 καὶ
3093 5420 3446 5493 κινναμώμου
3468 5423 3699 5491 εὐώδους

447 5481 657 5545 εωιὶε
703 5481 823 5551 ejus
861 5482 1174 5553 dimidium,
1216 5489 1482 5550 ducentos
1523 5497 1939 5570 quinquaginta,
1973 5512 2030 5554 et

2140 5499 2190 5552 τὸ
2227 5501 2397 5570 ἥμισυ
2427 5501 2640 5571 τούτου,
2672 5504 2978 5571 διακοσίους
3016 5512 3370 5582 πεντήκοντα,
3403 5515 3496 5569 καὶ
3528 5516 3694 5576 καλά-

530 5649 595 5709 ’1
626 5653 753 5714 Cor.
794 5675 891 5727 sn,
928 5663 954 5707 ’Ξ
