3962 6296
217 304 315 360 635

969 304 1057 360 DE
1096 304 1538 361 ADORATIONE
1578 306 1645 362 ΙΝ
1688 305 1801 363 SP1]

1899 309 1956 365 Ὃ
1998 310 2086 364 ΕΤ
2128 310 2495 366 νΕιιιΤΑτε.
2537 312 2664 368 LIB.
2708 314 2817 369 lX.‘

3377 322 3483 379 646

225 437 321 491 μου
347 417 586 483 εὐώδους
614 419 921 485 διακοσίους
957 427 1315 495 πεντήκοντα,
1346 425 1441 479 καὶ
1476 426 1634 497 ίρεως
1675 443 1801 480 πεν-

1908 429 2068 484 casia:
2095 430 2425 500 quingentos
2450 431 2614 487 siclos
2637 433 2953 499 sanctuarii,
2985 441 3040 489 et
3068 435 3248 491 oleum
3288 453 3353 492 ex
3378 435 3493 493 oli-

221 511 505 574 τακοσίους
537 511 757 577 σίκλους
808 512 902 567 τοῦ
933 515 1112 584 ἁγίου,
1147 517 1241 570 καὶ
1285 517 1466 571 ἔλαιον
1512 518 1571 585 ἐξ
1608 518 1807 573 ἐλαιῶν

224 605 393 667 ἔσται,
428 604 527 656 καί¹
561 604 814 674 ποιήσεις
846 607 976 659 αὐτὸ
1005 607 1184 661 ἔλαιον
1209 608 1418 679 χρίσμα
1453 607 1606 677 ἆγιον
1638 609 1807 679 μύρον

231 693 528 767 μυρεψικδν
566 695 733 768 τέχνῃ
790 696 1058 767 μυρεψοῦ.
1114 698 1331 752 Ἐλαιον
1395 699 1603 769 χρίσμα
1655 700 1810 767 ἆγιον

224 786 393 841 ἔσται.
429 786 546 840 Καὶ
578 788 793 857 χρίσεις
824 788 887 852 ἐξ
925 788 1091 842 αὑτοῦ
1124 789 1223 858 τὴν
1254 789 1455 859 σκηνὴν
1483 788 1576 843 τοῦ
1610 806 1812 861 μαρτυ-

227 879 363 950 ρίου.
410 878 508 931 καὶ
529 878 628 949 τὴν
658 878 886 932 κιϐωτὸν
912 881 1010 951 τῆς
1036 881 1234 950 σκηνῆς
1260 880 1355 933 τοῦ
1385 882 1683 952 μαρτυρίου
1716 883 1810 935 καὶ

225 972 401 1024 πάντα
430 970 500 1023 τὰ
534 970 700 1042 σκεύη
758 972 944 1037 αὐτῆς,
985 972 1080 1025 καὶ
1116 972 1214 1042 τὴν
1244 972 1462 1042 λυχνίαν
1499 974 1607 1045 καῖ’
1630 973 1807 1027 πάντα

226 1061 289 1113 τὰ
319 1060 495 1131 σκεύη
539 1063 733 1132 αὐτῆς,
764 1063 860 1116 καὶ
898 1061 960 1115 τὺ
1004 1062 1386 1135 θυσιαστήριον
1407 1064 1501 1121 τοῦ
1525 1063 1806 1136 ουμιάμα-

225 1171 330 1217 τος,
375 1155 474 1207 καὶ
528 1153 589 1207 τδ
640 1152 1024 1225 Θυσιαστήριον
1056 1155 1164 1208 τῶν
1196 1156 1685 1224 ὁλοκαυτωμάτων,
1715 1157 1810 1211 καὶ

228 1245 399 1298 πάντα
462 1244 630 1298 αὐτοῦ
713 1245 782 1296 τὰ,
836 1244 1004 1316 σκεύη
1037 1285 1052 1309 ,
1104 1246 1196 1299 καὶ
1241 1246 1339 1316 τὴν
1386 1248 1668 1315 τράπεζαν
1714 1248 1845 1321 καὶ,

228 1336 401 1389 πάντα
452 1334 525 1388 τά
564 1335 731 1406 σκεύη
776 1336 967 1405 αὐτῆς,
1019 1338 1110 1390 καὶ
1163 1337 1253 1391 τὸν
1301 1338 1558 1410 λουτῆρα,
1587 1340 1681 1392 καὶ
1711 1339 1809 1411 τὴν

231 1428 381 1498 βάσιν
409 1425 599 1489 αὐτοῦ,
631 1429 725 1479 καὶ
752 1427 999 1496 ἁγιάσεις
1028 1428 1186 1482 αὐτά*
1216 1431 1312 1482 καὶ
1332 1429 1483 1483 ἔσται
1519 1430 1683 1498 Ἀγια
1700 1431 1808 1483 τῶν

229 1518 413 1587 ἁγίων.
447 1518 561 1580 Πᾶς
599 1520 628 1571 ὁ
681 1517 985 1589 ἁπτόμενος
1010 1518 1212 1580 αὐτῶν,
1244 1520 1661 1591 ἀγιασθήσεται.
1699 1522 1808 1575 Καὶ

239 1607 447 1681 Ἀαρὼν
493 1609 587 1663 καὶ
627 1611 755 1672 τοὺς
791 1608 941 1673 υἱοὺς
976 1607 1142 1661 αὐτοῦ
1166 1609 1395 1680 χρίσεις,
1430 1611 1524 1664 και)⁸
1554 1612 1806 1679 άγιάσεις

228 1702 424 1765 αὐτοὺς
465 1697 769 1771 ἱερατεύειν
798 1717 906 1770 μοι.
938 1700 1048 1753 Καὶ
1090 1702 1200 1763 τοῖς
1231 1701 1364 1764 υἱοῖς
1403 1702 1618 1772 Ἰσραὴλ
1647 1702 1808 1774 λαλή-

230 1811 361 1858 σεις,
407 1793 606 1861 λέγων’
650 1790 871 1846 Ἐλαιον
910 1791 1151 1861 ἄλειμμα
1179 1792 1413 1862 χρίσεως
1458 1793 1611 1862 ᾶγιον
1646 1793 1803 1848 ἔσται

226 1883 377 1939 τοῦτο
412 1884 544 1954 ὑμῖν
569 1885 648 1945 είς
669 1881 770 1946 τὰς
798 1883 994 1951 γενεάς
1044 1882 1222 1953 ὑμῶν’
1281 1883 1373 1935 ἐπὶ
1395 1883 1574 1955 σάρκα
1600 1883 1803 1957 ἀνθρὼ-

228 1992 322 2028 mo
353 1976 420 2028 οὐ
449 1974 827 2045 χρισθήσεται,
867 1972 962 2026 καὶ
1020 1973 1161 2027 κατὰ
1192 1972 1289 2044 τὴν
1316 1972 1563 2028 σύνθεσιν
1598 1975 1803 2048 ταύτην

226 2068 283 2121 ού
308 2068 565 2139 ποιήσετε
602 2066 731 2136 ὑμῖν
763 2066 977 2128 ἑαυτοῖς
998 2064 1285 2128 ὡσαύτως.
1318 2065 1509 2133 Ἀγιόν
1547 2068 1684 2132 ἐστι,
1707 2068 1804 2121 καὶ

227 2158 471 2228 ἁγίασμα
497 2156 650 2210 ἔσται
692 2157 842 2227 ὑμῖν.
897 2154 999 2220 ’ος
1043 2155 1109 2210 ἂν
1159 2158 1359 2230 ποιήσῃ
1400 2157 1678 2222 ὡσαύτως,
1709 2159 1804 2212 καὶ

225 2251 279 2314 ὃς
309 2250 376 2305 ἂν
401 2249 480 2320 δῷ
506 2249 602 2302 ἀπ’
636 2247 803 2302 αὑτοῦ
848 2245 1145 2315 άλλογενεῖ,
1183 2244 1699 2320 ὲξολοθρευϐἠσεται
1738 2251 1805 2305 ὲκ

227 2343 316 2396 τοῦ
354 2341 488 2395 λαοῦ
525 2338 713 2394 αὐτοῦ.
763 2357 782 2391 ι
823 2339 1116 2411 Ποιότητος
1160 2341 1257 2410 μὲν
1298 2336 1519 2411 οὖνπερ,
1554 2341 1649 2394 καὶ
1696 2342 1804 2414 μὴν

227 2434 316 2487 καὶ
352 2431 655 2502 συνθήκης,
684 2430 999 2501 ἀνισότητός
1033 2447 1093 2484 τε
1123 2425 1216 2493 αὖ,
1241 2430 1343 2501 τῆς
1386 2434 1466 2496 είς
1524 2431 1688 2503 ὁλκὴν
1718 2433 1802 2505 δὴ,

225 2523 383 2593 λέγω,
405 2523 518 2576 τῶν
542 2522 949 2593 ὠνομασμένων
972 2522 1151 2585 εἱδῶν,
1181 2521 1334 2576 οὐδὲν
1363 2523 1428 2576 ἂν
1457 2523 1635 2593 ἔχοιμι
1661 2524 1805 2596 φρά-

228 2632 333 2668 σαι’
369 2614 505 2684 φίλη
543 2614 651 2684 γὰρ
694 2615 729 2683 ὴ
766 2613 994 2684 ἀλήθεια
1036 2614 1146 2677 τοῖς
1180 2608 1239 2666 εὖ
1280 2616 1498 2685 φρονεῖν
1536 2615 1800 2671 εἰωθόσιν.

229 2708 441 2762 Ἐλαιον
490 2705 549 2759 δὲ
606 2706 798 2777 μύροις
839 2704 1178 2776 ἀνακραοὲν,
1229 2707 1668 2777 κατασημήνειεν
1715 2706 1803 2777 ἂν,

227 2801 411 2873 ὥσπερ
453 2796 550 2854 οὖν
592 2795 827 2870 ἐγῷμαι,
866 2797 958 2851 τὸν
1001 2800 1060 2852 ὲν
1096 2798 1318 2871 Χριστῷ
1357 2798 1449 2852 διὰ
1479 2798 1799 2870 Πνεύματος

228 2891 495 2962 ἀγιασμὺν
510 2892 622 2954 τοῖς
640 2895 775 2961 ὴλεη
784 2889 964 2960 μένοις
983 2889 1219 2960 χορηγού
1228 2906 1404 2960 μενον.
1449 2889 1610 2943 Κατά
1628 2907 1692 2958 γε
1722 2889 1802 2956 τὸ,

232 3002 248 3035 ι
294 2983 590 3045 Ἐλίπανας
623 2983 681 3034 ὲν
715 2980 884 3050 ἐλαίῳ
931 2981 1029 3050 τὴν
1083 2979 1324 3051 κεφαλήν
1391 2998 1515 3052 μου.
1572 3000 1590 3033 ι
1624 2984 1807 3036 Κατα-

229 3072 434 3178 χρίεῖαι
461 3072 521 3174 ρὲ
549 3072 582 3142 ἡ
615 3069 810 3169 σκτγνὴ,
828 3070 939 3178 ‘xal.’
958 3070 1136 3178 πάντὲ
1154 3069 1229 3178 τὰ
1255 3071 1314 3168 ἐν
1346 3072 1505 3141 αὐτῇ,
1544 3072 1802 3143 μετάσχοι
1827 3121 1869 3178 C

226 3163 329 3234 γὰρ
358 3161 427 3215 ἂν
453 3158 729 3229 ἁγιασμοῦ
756 3158 850 3211 καὶ
882 3157 1048 3222 τόπος
1090 3157 1181 3211 διὰ
1220 3157 1313 3211 τοῦ
1359 3158 1703 3230 ἐνοικοῦντος
1741 3163 1798 3214 ἐν

224 3252 391 3322 αὐτῷ.
438 3248 754 3318 Ἀγιάζεται
784 3248 840 3303 δὲ
871 3248 961 3302 καὶ
988 3248 1058 3302 τὰ
1087 3248 1277 3319 σκεύη,
1310 3249 1451 3303 κατά
1489 3267 1554 3318 γε
1580 3250 1671 3304 τὸν
1699 3251 1796 3306 αύ-

223 3346 330 3407 τοῖς
349 3342 631 3415 πρέποντα
662 3341 885 3411 τρόπον,
934 3341 1016 3394 ὅτι
1075 3344 1196 3403 ταῖς
1247 3340 1384 3394 Θεοῦ
1436 3341 1799 3413 λειτουργίαις

222 3435 495 3505 χρήσιμα,
551 3432 645 3487 καὶ
690 3433 719 3485 ὁ
760 3432 1077 3502 ’ἁπτόμενος
1143 3432 1325 3486 αὐτῶν
1382 3433 1795 3505 ἁγιασθήσεται.

234 3525 509 3593 Ἀνέπαφα
540 3523 605 3595 δὴ
638 3518 733 3576 οὖν
767 3526 879 3586 τοῖς
915 3523 995 3576 ἔτι
1038 3524 1286 3595 βεϐήλοις
1334 3526 1405 3579 τὰ
1436 3526 1568 3595 ἅγιά
1596 3544 1655 3579 τε
1704 3527 1799 3581 καὶ

224 3617 358 3688 ίερά·
395 3635 414 3668 ι
447 3615 543 3677 Τίς
568 3615 676 3687 γὰρ
703 3616 955 3669 κοινωνία
994 3617 1134 3686 φωτὶ
1165 3617 1299 3689 πρὸς
1334 3619 1562 3685 σκότος;
1603 3638 1622 3671 ι
1657 3618 1798 3673 κατὰ

218 3707 277 3759 τὸ
295 3706 711 3776 γεγραμμένον.
779 3705 1114 3774 Ἀποφάσκει
1161 3706 1219 3759 δὲ
1266 3707 1542 3771 παντελῶς
1587 3708 1648 3760 τὸ
1687 3708 1797 3761 δεῖν

218 3798 434 3862 ἑαυτοῖς
500 3797 603 3866 τὴν
646 3796 836 3867 ὁμοίαν
884 3796 1066 3850 ελαίου
1116 3798 1387 3851 ποιεῖσθαι
1432 3796 1823 3869 κατασκευήν.’

221 3887 525 3960 Ἰδιονύγὰρ
554 3888 714 3958 μόνου
752 3888 813 3941 τὸ
844 3888 1090 3957 ἅγιάζειν
1119 3891 1235 3942 ἐστὶ
1266 3888 1360 3943 τοῦ
1393 3889 1552 3955 Θεοῦ,
1587 3892 1680 3943 καὶ
1717 3891 1794 3954 ὡς

211 3968 504 4051 Ἐξαίρετον
532 3977 747 4050 ἀληθῶς
776 3979 1120 4033 ἁνακείσεται
1165 3980 1227 4033 τὸ
1272 3984 1460 4052 χρῆμα
1497 3981 1667 4050 αὐτῷ,
1702 3998 1795 4050 γε-

219 4073 348 4141 νητῇ
389 4068 449 4122 δὲ
499 4069 595 4122 καὶ
637 4069 983 4141 πεποιημένῃ
1010 4068 1168 4140 φύσει
1210 4070 1268 4124 τὸ
1290 4070 1536 4138 ἁγιάζειν
1565 4072 1791 4141 ἑτέρους

208 4160 247 4232 ,ὃ
279 4159 499 4223 νσσθαι,
546 4158 664 4223 πῶς
707 4159 772 4213 ἂν
801 4159 915 4230 ἔχοι
956 4160 1084 4212 ποτέ
1111 4177 1125 4225 ;
1159 4160 1386 4216 Πλουτεῖ
1412 4162 1517 4232 γὰρ
1542 4160 1693 4231 μόλις
1732 4163 1794 4215 ἐκ

228 4250 465 4321 μετοχῆς
487 4250 586 4321 τῆς
610 4249 817 4304 ἄνωθεν
840 4250 929 4303 τὸν
953 4250 1242 4321 ἁγιασμόν.
1262 4251 1469 4323 Πρέποι
1494 4251 1537 4305 δ’
1561 4251 1627 4304 ἂν
1657 4251 1793 4321 αὐτῇ

225 4338 306 4391 διὰ
357 4338 460 4409 τῆς
517 4338 626 4393 τῶν
663 4336 834 4407 ἁγίων
882 4337 1203 4393 ὲπιὸοᾶσθαι
1266 4339 1466 4409 φωνῆς.
1526 4356 1545 4389 ι
1591 4338 1656 4391 Τί
1686 4339 1794 4408 γὰρ

221 4426 359 4498 ἔχεις
381 4430 412 4483 ὃ
444 4430 547 4483 οὐκ
587 4429 813 4496 έλαδεςς
868 4449 887 4481 ι
922 4432 1031 4484 Καὶ
1064 4429 1172 4503 γὰρ
1218 4428 1467 4499 Ἰωάννης
1505 4428 1637 4499 φησὶ
1668 4429 1793 4499 περὶ

218 4517 307 4571 τοῦ
336 4519 702 4588 Μονογενοῦς,
752 4521 833 4574 ὅτι
879 4540 898 4574 ι
945 4521 1043 4576 Ἐκ
1094 4520 1187 4574 τοῦ
1230 4518 1592 4592 πληρώματος
1625 4519 1790 4573 αὑτοῦ

217 4611 377 4679 ἡμεῖς
408 4611 611 4674 πάντες
649 4610 931 4684 ἐλάϐομεν.
968 4632 986 4664 ι
1026 4611 1155 4675 Καὶ,
1191 4631 1208 4663 ι
1242 4612 1356 4664 Οὐκ
1388 4612 1452 4664 ἐκ
1482 4609 1680 4681 μέτρου
1709 4610 1790 4663 δί-

216 4699 348 4752 δωσι
378 4699 442 4753 τὸ
478 4700 730 4772 Πνεῦμα,
770 4721 789 4754 ι
827 4702 976 4775 πηγὴ
1006 4703 1063 4756 δὲ
1099 4701 1298 4772 μᾶλλον
1333 4702 1591 4772 ὑπάρχων
1632 4700 1791 4765 αὐτὸς

215 4789 515 4861 ἀγιασμοῦ,
541 4792 828 4864 ἐπιμετρεί
858 4797 972 4858 τοῖς
1005 4794 1176 4861 ἀξίοις
1207 4795 1268 4847 τὸ
1296 4794 1537 4864 Πνεῦμα,
1570 4794 1666 4847 καὶ
1688 4795 1788 4864 τὴν

213 4879 437 4953 λογικὴν
466 4883 685 4952 ἁγιάζει
716 4885 911 4938 κτίσιψ
940 4905 958 4938 ι
1000 4886 1122 4940 Ἐπὶ
1166 4886 1344 4957 σάρκα
1380 4885 1435 4938 δὲ
1476 4882 1786 4956 ἀνθρώπου,

215 4978 402 5044 φησιν,
467 4976 529 5028 οὐ
580 4974 954 5048 χρισθήσεται,
1003 4997 1021 5030 ι
1070 4978 1249 5033 καίτοι
1288 4977 1669 5050 προστεταχὼς
1693 4996 1790 5032 κα-

213 5067 534 5137 ταχρίεσθαι
566 5068 676 5121 δεῖν
709 5069 803 5123 ἀπ’
838 5069 1026 5135 αὑτοῦ,
1064 5072 1157 5127 τόν
1187 5088 1243 5125 τε
1278 5071 1487 5142 ’Λαρὼν
1527 5073 1620 5125 καὶ
1664 5072 1789 5134 τοὺς

215 5158 717 5227 συνιερατεύοντας.
754 5161 962 5216 Οὐκοῦν
1001 5162 1140 5234 ὑπὲρ
1177 5162 1513 5233 ἀνθρώπινον
1544 5163 1605 5216 τὸ
1634 5163 1789 5231 γένος

214 5247 312 5320 ἤδη
332 5248 395 5302 τὸ
427 5249 592 5321 ἱερὸν,
636 5251 731 5305 ἆτε
761 5252 824 5325 δὴ
855 5253 949 5307 καὶ
992 5252 1227 5323 Χριστοῦ
1274 5253 1498 5323 μέτοχον
1526 5252 1617 5306 τοῦ
1649 5252 1788 5322 ὑπὲρ

212 5336 310 5406 τὴν
335 5337 535 5392 κτίσιν.
571 5339 862 5410 Τοιγάρτοι
892 5342 986 5395 καὶ
1021 5341 1156 5411 πρὸς
1188 5339 1248 5392 τὸ
1284 5339 1423 5411 ὑπὲρ
1445 5339 1604 5408 φύσιν
1644 5341 1790 5409 ἡμᾶς

213 5428 558 5501 ἀνακομίζων
598 5431 841 5501 ἀξίωμα,
872 5432 965 5485 καὶ
1016 5432 1176 5485 οἱονεὶ
1224 5431 1330 5483 τῶν
1362 5429 1619 5497 ἐπιγείων
1649 5431 1785 5483 ἀπο-

212 5517 414 5587 τεμὼν,
438 5525 553 5588 τοῖς
591 5525 707 5578 ἄνω
732 5522 1051 5594 προσνέμει·
1095 5541 1114 5575 ι
1150 5522 1369 5592 Πατέρα
1403 5542 1419 5573 ι
1456 5523 1588 5593 γὰρ,
1630 5521 1781 5592 φησὶ,

226 5656 313 5781 m‘
334 5656 511 5784 g‘xod.
571 5675 703 5717 xxx.
745 5656 929 5713 23-31.
1042 5660 1059 5689 ⁷
1092 5656 1232 5714 Psal.
1266 5672 1355 5721 xx,
1388 5656 1438 5710 5.

1524 5657 1543 5688 ⁸
1574 5656 1617 5709 ll
1663 5653 1787 5710 Cor.
1822 5667 1895 5718 vx,
1940 5649 2027 5702 14.

1908 520 2012 586 vis,
2035 530 2090 575 et
2110 520 2277 576 facies
2295 522 2428 576 illud
2450 522 2632 576 oleum
2655 524 2951 587 unctionis,
2970 534 3215 581 sanctum
3238 543 3489 599 unguen-

1910 620 2026 667 tum
2083 616 2444 685 compositum
2486 624 2603 670 arte
2645 618 3016 686 unguentarii.
3062 618 3251 674 Oleum
3298 622 3486 681 unctio
3582 678 3585 681 .

1909 716 2093 759 sancta
2133 706 2261 760 erit.
2295 708 2364 762 Et
2392 722 2564 777 unges
2591 724 2656 762 ex
2690 723 2758 762 eo
2791 708 3200 764 tabernaculum
3236 714 3483 767 testimo-

1906 798 2007 861 nii,
2032 812 2087 853 et
2122 814 2324 870 arcani,
2364 805 2419 853 et
2446 800 2857 864 candelabrum,
2884 808 2940 855 et
2973 801 3155 855 omnia
3186 817 3313 855 vasa
3345 805 3484 873 ejus,

1907 897 1962 944 et
1993 890 2164 945 altare
2199 878 2430 955 incensi,
2456 900 2512 945 et
2538 892 2708 946 altare
2732 891 3199 956 holocaustorum,
3227 900 3283 946 et
3306 894 3488 949 omnia

1907 995 2034 1034 vasa
2055 982 2197 1050 ejus,
2221 987 2278 1035 et
2301 996 2565 1045 mensam,
2582 990 2638 1036 et
2653 982 2833 1035 omnia
2857 997 2985 1035 vasa
3006 982 3145 1051 ejus,
3169 991 3226 1036 et
3247 984 3486 1047 labrum,

1907 1076 1963 1122 et
1993 1068 2164 1123 basim
2209 1070 2360 1140 ejus,
2391 1077 2447 1124 et
2473 1069 2839 1123 sanctiﬁcabis
2871 1084 2968 1133 ea;
3013 1078 3070 1122 et
3100 1078 3269 1123 erunt
3291 1068 3489 1124 Sancta

1907 1170 2257 1227 sanctorum;
2288 1170 2344 1216 et
2385 1162 2563 1215 omnis
2593 1161 2687 1230 qui
2719 1160 2960 1231 tetigerit
2991 1175 3077 1223 ea,
3118 1159 3488 1216 sanctiﬁcabi-

1909 1261 2019 1308 tur.
2054 1253 2121 1307 Et
2160 1255 2362 1317 Aaron,
2394 1263 2449 1307 et
2485 1252 2625 1307 ﬁlios
2663 1252 2782 1322 ejus
2820 1267 3009 1322 unges,
3036 1260 3092 1307 et
3119 1251 3489 1307 sanctiﬁcahis

1906 1360 2021 1409 eos,
2046 1353 2107 1398 ut
2136 1345 2445 1399 sacerdotio
2467 1344 2766 1413 fungantur
2794 1343 2949 1397 mihi.
2980 1344 3047 1397 Et
3071 1344 3137 1397 ad
3163 1344 3322 1413 323
3346 1343 3490 1397 ﬁlios

1907 1436 2072 1490 Israel
2124 1435 2399 1504 loqueris,
2445 1434 2633 1488 dicens
2681 1451 2693 1487 :
2745 1431 2937 1487 Oleum
2986 1433 3167 1487 linitio
3213 1432 3489 1487 unctionis

1907 1534 2156 1580 sanctum
2191 1525 2296 1579 hoc
2333 1525 2439 1579 erit
2469 1524 2625 1579 vobis
2652 1524 2704 1577 in
2736 1523 3027 1593 progenies
3050 1532 3296 1577 vestras:
3322 1538 3491 1594 super

1907 1630 2134 1671 carnem
2170 1613 2409 1669 hominis
2447 1629 2556 1668 non
2600 1613 2825 1667 linietur
2862 1628 2929 1667 ex
2957 1628 3052 1677 eo;
3087 1622 3142 1667 et
3182 1612 3486 1667 secundum

1906 1704 2049 1759 hanc
2081 1704 2533 1774 compositionem
2572 1718 2683 1757 non
2714 1702 2924 1758 facietis
2955 1703 3113 1757 vobis
3156 1702 3288 1773 ipsis
3328 1702 3485 1756 simi-

1834 1782 1875 1840 Β
1905 1796 2050 1852 liter.
2084 1795 2344 1851 Sanctum
2377 1803 2482 1859 est,
2510 1803 2568 1849 et
2601 1794 2958 1853 sanctiﬁcatio
2983 1795 3088 1850 erit
3117 1794 3292 1849 vobis.
3318 1793 3484 1860 Quis-

1903 1886 2027 1958 quis
2051 1887 2245 1942 fecerit
2267 1887 2540 1952 similiter,
2566 1897 2622 1942 et
2647 1887 2899 1957 quisquis
2928 1886 3144 1941 dederit
3164 1901 3232 1940 ex
3255 1900 3324 1940 eo
3347 1885 3485 1940 alie-

1902 1980 2135 2050 nigenae,
2158 1978 2612 2033 exterminabitur
2637 1993 2667 2031 a
2693 1978 2895 2049 populo
2918 1992 3019 2032 suo
3047 1977 3088 2029 ‘.
3116 1977 3192 2031 De
3218 1976 3486 2045 qualitate

1904 2073 2093 2145 igitur,
2122 2081 2178 2128 et
2224 2072 2641 2142 compositione,
2688 2069 3053 2139 inaequalitate
3096 2068 3285 2131 etiam,
3335 2066 3483 2136 quod

1904 2164 1971 2219 ad
1998 2163 2214 2235 pondus
2246 2162 2503 2234 pertinet,
2531 2161 2801 2216 dictorum
2829 2167 3131 2213 aromatum
3162 2157 3300 2212 nihil
3321 2156 3480 2226 equi-

1904 2254 2029 2311 dem
2073 2256 2249 2311 habeo
2285 2254 2501 2320 dicere;
2533 2251 2873 2323 sapientibus
2906 2250 3051 2305 enim
3085 2249 3289 2304 veritas
3314 2247 3484 2303 chara

1904 2355 2022 2415 est;
2055 2348 2237 2403 oleum
2266 2361 2431 2417 porro
2471 2360 2594 2399 cum
2630 2341 2966 2399 aromatibus
3006 2341 3229 2395 mistum
3266 2337 3481 2409 signiﬁ-

1905 2446 2014 2505 cat,
2045 2446 2106 2494 ut
2127 2438 2264 2493 mihi
2291 2445 2439 2491 certe
2460 2434 2698 2499 videtur,
2730 2434 2875 2488 illam
2907 2433 2962 2487 in
2985 2430 3204 2487 Christo
3231 2445 3329 2500 per
3353 2427 3479 2500 Spi-

1886 2532 2072 2599 _ritum
2101 2529 2609 2591 sanctiﬁcationem,
2652 2541 2773 2597 quae
2813 2522 3245 2579 misericordiam
3282 2535 3489 2575 conse-

1906 2623 2052 2678 cutis
2100 2622 2387 2677 tribuitur.
2432 2619 2587 2676 Unde
2618 2627 2701 2673 est
2731 2617 2864 2671 illud
2908 2633 2922 2668 :
2958 2634 2975 2666 ι
3026 2612 3382 2683 lmpinguasti
3417 2610 3478 2667 in

1906 2714 2028 2770 oleo
2050 2724 2215 2785 caput
2237 2728 2419 2768 meum
2441 2712 2484 2766 ⁷.
2521 2730 2539 2763 ι
2570 2711 2804 2781 Ungitur
2832 2716 3013 2763 autem
3042 2706 3482 2769 tabernaculum,

1904 2814 1963 2863 ct
2011 2806 2196 2861 omnia
2233 2820 2355 2875 quae
2401 2802 2458 2857 in
2487 2818 2554 2857 eo
2600 2810 2757 2867 sunt;
2794 2815 2919 2854 nam
2963 2798 3118 2853 locus
3161 2812 3380 2868 quoque
3421 2795 3481 2852 ﬁt

1907 2897 2355 2954 sanctiﬁcationis
2392 2895 2665 2966 particeps
2694 2909 2794 2963 per
2824 2907 2950 2946 eum
2998 2890 3094 2961 qui
3128 2889 3184 2943 in
3217 2904 3284 2944 eo
3320 2887 3480 2942 habi-

1906 2997 2006 3044 tat.
2039 2987 2462 3044 Sanctiﬁcantur
2485 3002 2612 3040 vasa
2646 2999 2866 3053 quoque
2894 2998 2959 3037 eo
3007 2981 3100 3051 qui
3139 2981 3246 3035 illis
3276 2995 3479 3034 conve-

1906 3081 1991 3135 nit
2039 3080 2238 3145 modo,
2269 3089 2331 3134 ut
2377 3078 2446 3132 ad
2485 3075 2855 3132 exhibendum
2896 3075 3008 3129 Deo
3052 3072 3282 3135 cultum,
3315 3085 3479 3125 usum

1900 3170 2198 3242 praabeant.
2235 3156 2259 3221 ἑ
2290 3170 2360 3224 Ει
2383 3169 2477 3239 qui
2523 3167 2697 3237 tangit
2728 3182 2812 3230 ea,
2848 3162 3299 3220 sanctiﬁcabitur.
3346 3180 3364 3213 ι
3393 3161 3480 3217 Ab

1901 3262 1968 3316 iis
1990 3260 2155 3332 igitur
2205 3259 2297 3330 qui
2324 3258 2539 3330 profani
2561 3257 2740 3312 adhuc
2765 3262 2912 3318 sunt,
2940 3261 3156 3308 sanctas
3184 3266 3477 3321 sacrasque

1899 3368 1991 3408 res
2015 3351 2259 3422 contingi
2280 3350 2434 3406 nefas
2456 3358 2578 3405 est:
2613 3366 2632 3399 ι
2667 3346 2799 3413 Quae
2828 3345 2975 3401 enim
3010 3344 3242 3398 societas
3270 3342 3380 3397 luci
3405 3342 3475 3397 ad

1899 3445 2157 3502 tenebras
2189 3444 2248 3497 εἳ
2295 3462 2314 3494 ›
2344 3443 2487 3497 sicut
2517 3440 2783 3509 scriptum
2814 3445 2917 3492 est.
2967 3435 3251 3491 interdicit
3288 3444 3475 3489 autem

1898 3538 2124 3594 omnino
2176 3551 2246 3592 ne
2279 3534 2514 3590 similem
2559 3532 2689 3587 huic
2720 3530 2826 3585 olei
2874 3527 3325 3598 compositionem
3366 3525 3473 3581 sibi

1898 3628 2134 3695 faciant;
2178 3626 2349 3681 solius
2373 3624 2521 3678 enim
2550 3621 2645 3677 Dei
2673 3619 2957 3691 proprium
2987 3625 3071 3672 est
3108 3614 3473 3679 sanctiﬁcare,

1896 3735 2071 3790 eaque
2112 3734 2202 3774 res
2227 3718 2307 3772 illi
2342 3724 2601 3785 tanquam
2639 3710 3169 3770 eximiaxtribuenda
3202 3716 3315 3775 est;
3345 3724 3476 3763 nam

1896 3820 2030 3866 ortae
2057 3810 2399 3878 conditaeque
2427 3814 2639 3861 natura:
2670 3805 2763 3874 qui
2796 3803 3012 3858 tandem
3057 3803 3234 3856 inesse
3272 3798 3477 3870 poterit

1895 3901 2127 3957 facultas
2153 3896 2528 3955 sanctiﬁcandi
2556 3903 2805 3960 caeteros,
2829 3909 2951 3965 qua:
2976 3893 3192 3949 ccelitus
3222 3890 3474 3960 imparti-

1895 4001 2005 4047 tam
2036 3990 2520 4047 sanctiﬁcationem
2559 3987 2652 4042 vix
2680 3986 2895 4055 assequi
2924 3984 3140 4055 potest?
3164 3982 3265 4038 Cui
3291 3981 3477 4052 potius

1896 4081 2153 4137 convenit
2174 4093 2364 4134 vocem
2393 4078 2541 4131 illam
2570 4083 2884 4130 sanctorum
2909 4073 3152 4127 virorum
3179 4071 3434 4126 insonare
3454 4088 3472 4123 :

1903 4193 1920 4223 ι
1950 4172 2093 4239 Quid
2131 4170 2302 4225 habes
2341 4166 2488 4238 quod
2521 4180 2632 4220 non
2653 4162 2913 4234 accepisti
2936 4162 2997 4215 9?
3030 4180 3049 4212 ι
3075 4160 3381 4227 Quinetiam
3402 4160 3473 4214 de

1895 4260 2177 4331 unigenito
2210 4258 2348 4313 Filio
2388 4254 2568 4325 inquit
2595 4254 2836 4311 Joannes
2874 4269 2888 4305 :
2933 4271 2953 4303 ι
3003 4252 3083 4307 Ex
3128 4249 3472 4320 plenitudine

1894 4353 2015 4423 ejus
2046 4364 2147 4405 nos
2167 4362 2357 4403 omnes
2387 4344 2702 4416 accepimus
2727 4343 2792 4399 ¹⁰.
2830 4362 2848 4394 ι
2877 4343 2945 4396 Ει
2971 4359 2986 4394 :
3025 4360 3043 4393 ι
3074 4341 3193 4395 Non
3218 4340 3285 4396 ad
3320 4355 3472 4395 men-

1896 4458 2079 4498 suram
2110 4440 2204 4495 dat
2235 4437 2498 4508 Spiritum
2533 4436 2597 4490 “.
2646 4454 2666 4488 »
2696 4434 2801 4491 Sed
2832 4433 3036 4504 potius,
3077 4446 3201 4487 cum
3236 4429 3308 4486 sit
3353 4429 3472 4500 ipse

1895 4537 2018 4592 fons
2043 4529 2510 4594 sanctiﬁcationis,
2554 4528 2623 4583 iis
2668 4527 2764 4598 qui
2805 4524 2954 4597 digni
2990 4532 3047 4579 et
3089 4523 3269 4578 idonei
3316 4529 3465 4586 sunt,

1895 4625 2161 4697 Spiritum
2192 4621 2510 4685 admetitur,
2529 4628 2585 4674 et
2604 4616 2927 4673 rationalem
2942 4624 3246 4671 creaturam
3260 4613 3466 4669 sancti-

1893 4718 2052 4772 ﬁcat:
2086 4736 2102 4765 ι
2130 4713 2307 4783 Super
2340 4725 2560 4766 carnem
2585 4724 2718 4763 vero
2740 4706 2999 4772 hominis,
3037 4727 3054 4758 ι
3082 4705 3280 4774 inquit,
3311 4723 3330 4756 ι
3354 4719 3468 4758 non

1888 4809 2116 4863 linietur
2140 4822 2208 4860 ex
2234 4820 2320 4859 eo.
2365 4823 2381 4855 I
2415 4798 2581 4872 Atqui
2602 4802 2843 4873 jusserat
2892 4806 2950 4852 ut
2976 4813 3043 4853 ex
3076 4796 3194 4866 ipso
3218 4803 3331 4850 tum
3356 4794 3466 4851 Aa-

1890 4912 2010 4961 ron,
2038 4904 2152 4950 tum
2181 4894 2301 4964 ejus
2332 4893 2388 4947 in
2414 4888 2739 4947 sacerdotali
2769 4902 2995 4943 munere
3023 4885 3157 4942 socii
3189 4899 3466 4955 ungeren-

1888 4997 1997 5043 tur.
2025 4987 2120 5042 Est
2149 4985 2316 5059 igitur
2353 4997 2570 5038 sacrum
2604 4980 2739 5036 illud
2771 4993 2941 5050 genus
2973 4992 3137 5048 supra
3163 4975 3464 5043 hominem,

1890 5087 2079 5151 utpote
2102 5077 2247 5151 quod
2293 5075 2499 5131 Christi
2523 5074 2794 5145 particeps
2816 5080 2918 5136 est,
2941 5071 3035 5141 qui
3059 5070 3329 5125 creaturis
3350 5083 3465 5125 om-

1889 5171 2053 5226 nibus
2077 5168 2315 5233 excellit,
2353 5167 2424 5221 ob
2445 5180 2674 5235 eamque
2698 5177 2938 5228 causam,
2967 5177 3091 5217 cum
3121 5161 3188 5217 ad
3215 5161 3465 5232 superio-

1889 5284 2005 5323 rem
2039 5267 2155 5337 ipsa
2193 5279 2411 5335 quoque
2446 5269 2645 5316 natura
2683 5258 3004 5329 dignitatem
3043 5273 3146 5314 nos
3182 5257 3462 5319 eveheret,

1887 5356 2050 5429 324
2079 5363 2242 5424 atque
2265 5368 2295 5408 a
2316 5350 2549 5407 terrenis
2578 5348 2744 5403 rebus
2772 5345 3174 5418 quodammodo
3201 5340 3463 5415 praecidc-
3481 5366 3500 5381 ο

1890 5456 2000 5509 ret,
2046 5443 2370 5514 superisque
2405 5439 2765 5509 conjungeret
2798 5455 2811 5490 :
2858 5456 2876 5489 ι
2918 5438 3166 5499 Patrem,
3193 5451 3211 5484 ι
3246 5430 3459 5501 inquit,

1901 5558 1917 5590 ι
1946 5552 2013 5591 ne
2057 5533 2266 5590 vocetis
2301 5531 2458 5586 vobis
2493 5545 2658 5600 super
2688 5536 2921 5593 terram;
2973 5540 3115 5580 unus
3166 5530 3251 5578 est
3310 5519 3461 5575 enim

2139 5646 2160 5676 ’
2192 5643 2214 5700 Ι
2260 5643 2388 5698 Cor.
2442 5658 2512 5707 iv,
2550 5641 2600 5694 7.
2706 5640 2747 5671 ¹⁶
2782 5638 2940 5694 Joan.
2971 5651 3011 5705 ι,
3049 5635 3137 5692 16.
3228 5635 3267 5667 ⁸³
3297 5631 3457 5688 Joan.
