3962 6296
480 294 579 352 647

1473 297 1529 354 S.
1573 294 1850 355 CYRILLI
1891 286 2370 353 ALEXANDRIN‘I
2410 294 2730 357 ARCHIEP.

3637 302 3743 363 648

476 408 639 462 Pater
660 415 861 472 vester,
885 406 979 476 qui
1004 413 1088 462 cst
1109 406 1165 461 in
1192 406 1378 474 caelis;
1404 422 1598 463 omnes
1621 417 1804 462 autem
1822 421 1921 461 vos
1943 405 2055 459 fra-

2165 421 2185 454 (
2217 404 2291 476 μὴ
2309 407 2576 478 καλέσητε
2594 409 2621 460 ὑ
2629 408 2747 479 μῶν
2760 408 2852 462 ἐπὶ
2867 407 2963 481 τῆς
2980 406 3103 478 γῆς’
3122 402 3201 471 εἷς
3222 407 3332 479 γάρ
3349 408 3497 464 ἐστιν
3510 412 3539 465 ό
3554 412 3743 487 Πατὴρ

475 506 593 553 tres
610 497 829 553 estis".
855 517 874 548 ι
904 498 1391 554 Exterminationis
1422 509 1606 554 autem
1640 515 1802 570 paena
1836 499 1905 554 iis
1933 514 2066 553 con-

472 588 666 645 stituta
692 589 896 658 estqui
922 604 990 643 ex
1012 604 1079 643 eo
1103 590 1421 660 alienigenae
1470 590 1727 644 dederint
1763 608 1776 643 :
1812 610 1829 640 ι
1851 590 1929 643 Ne
1968 588 2066 644 de-

473 680 546 735 tis
566 680 735 745 enim,
763 700 783 733 ι
824 680 929 745 ait,
968 699 985 731 ι
1010 689 1197 735 sancta
1248 682 1508 746 canibus,
1545 697 1725 750 neque
1767 679 2071 751 projiciatis

472 773 799 842 margaritas
818 780 1029 826 vestras
1049 781 1174 826 ante
1191 787 1389 841 porcos
1408 772 1471 825 ".
1504 791 1522 823 ›
1543 771 1701 832 Nam,
1738 786 1859 841 qua;
1877 786 2069 825 recona

471 862 587 918 dita
619 871 769 929 sunt,
798 871 856 918 et
897 863 1103 919 sanctis
1129 863 1393 918 duntaxat
1420 862 1776 928 conveniunt,
1818 878 1884 917 ea
1918 861 2068 916 nulla

471 955 687 1009 ratione
730 953 937 1019 habita,
960 953 1030 1009 iis
1052 954 1144 1024 qui
1163 963 1291 1009 sunt
1313 954 1496 1009 adhuc
1514 953 1784 1019 inﬁdeles,
1808 952 2064 1023 prodere,

469 1047 705 1117 periculi
739 1047 963 1116 plenum
1000 1053 1086 1101 est
1114 1064 1126 1100 :
1154 1062 1334 1116 neque
1364 1046 1513 1100 enim
1569 1046 1664 1117 qui
1698 1045 1913 1117 profani
1936 1052 2068 1101 sunt

469 1137 671 1203 adhuc,
693 1144 750 1192 et
769 1137 1066 1192 immodica
1089 1125 1406 1206 impuritatc
1427 1137 1712 1201 laborant,
1758 1137 1854 1191 sed
1876 1144 2065 1191 sancto

470 1228 800 1299 baptismate
821 1229 1039 1301 purgati
1064 1229 1494 1286 sanctiﬁcantur.

545 1322 747 1377 PALL.
777 1323 918 1377 Vera
950 1322 1109 1377 dicis.

435 1460 449 1468 .
538 1412 696 1467 CYR.
713 1413 1027 1485 Eademque
1043 1412 1256 1468 ratione
1270 1428 1335 1468 ac
1351 1412 1516 1468 modo
1534 1410 1902 1484 thymiamatis
1916 1425 2063 1464 com-

463 1503 798 1574 positionem
829 1503 948 1557 fieri
973 1504 1158 1575 jussit,
1191 1503 1415 1558 dicens:
1443 1522 1462 1556 ι
1493 1503 1563 1557 Ει
1593 1514 1652 1560 ιιι
1677 1517 1809 1573 cape
1837 1501 1939 1556 tibi
1957 1500 2060 1571 ipsi

470 1603 740 1660 aromata,
780 1603 1013 1661 stacten,
1053 1604 1109 1651 et
1141 1595 1430 1667 onychem,
1468 1601 1525 1649 et
1566 1592 1858 1664 galbanum
1894 1606 2062 1647 suave

466 1688 643 1753 olens,
679 1695 736 1742 et
759 1688 887 1742 thus
909 1687 1190 1753 lucidum;
1222 1686 1375 1755 paria
1403 1684 1547 1739 inter
1570 1700 1629 1740 se
1651 1693 1818 1739 erunt
1847 1701 1859 1736 :
1890 1690 1947 1737 et
1976 1683 2059 1738 fa-

2171 494 2347 565 ύμῶν,
2372 497 2400 548 ὁ
2426 497 2484 549 ὲν
2511 500 2623 560 τοῖς
2660 500 2925 569 ούρανρῖς,
2962 499 3162 562 πάντες
3208 497 3265 552 δὲ
3322 499 3480 570 ὑμεῖς
3526 500 3743 574 ἀδελφοί

2167 587 2311 640 ἐστε.
2336 606 2354 638 ι
2393 587 2652 659 Ὄλεθρος
2673 589 2779 660 δὲὴ
2811 589 2933 660 δίκη
2957 591 3066 652 τοῖς
3092 589 3187 641 ἀπ’
3223 590 3389 643 αὑτοῦ
3414 593 3742 664 παρέχωσιν

2166 677 2464 746 ἀλλογενεί·
2484 699 2501 730 ι
2526 681 2618 750 Μὴ
2641 679 2777 733 δῶτε
2807 680 2941 751 γὰρ,
2966 699 2983 731 ι
3006 680 3195 750 φησὶ,(
3210 679 3277 733 τὰ
3297 681 3428 750 ἅγια
3451 687 3562 748 τοῖς
3595 688 3739 751 κυσὶ,

2172 768 2305 837 μηδὲ
2344 767 2543 839 βάλητε
2574 772 2701 834 τοὺς
2746 771 3089 842 μαργαρίτας
3123 771 3276 840 ὑμῶν
3304 772 3607 845 ἔμπροσθεν
3632 776 3741 830 τῶν

2172 859 2391 929 χοίρων.
2407 861 2508 913 »Τὸ
2527 861 2635 932 γάρ
2656 877 2736 915 τοι
2753 862 3048 933 προσάγειν
3067 862 3167 933 ἀτη
3176 862 3350 933 μελῶς
3366 868 3477 928 τοῖς
3494 867 3740 931 ἀπίστοις

2166 951 2247 1003 ἔτι
2273 951 2343 1004 τὰ
2374 954 2753 1024 κεκρυμμένα,
2791 953 2885 1006 καὶ
2908 953 2976 1006 τὰ
3017 953 3200 1023 μόνοις
3228 954 3404 1022 ἁγίοις
3438 958 3737 1026 πρέποντα,

2166 1042 2414 1097 κινδύνου
2465 1045 2694 1114 μεστόν·
2724 1044 3009 1113 ἁγιάζεται
3037 1046 3147 1116 γὰρ
3186 1046 3248 1098 οὑ
3295 1046 3356 1099 τὸ
3391 1047 3619 1119 βέϐηλον
3656 1047 3739 1102 In

2165 1134 2261 1187 καὶ
2294 1135 2485 1190 νοσοῦν
2518 1136 2764 1197 ἐκτόπως
2807 1136 2908 1208 τὴν
2944 1138 3309 1205 ἀκαθαρσίαν,
3346 1139 3483 1194 ἀλλὰ
3521 1141 3581 1193 τὸ
3636 1140 3739 1213 ἥδη

2165 1227 2577 1297 κεκαθαρμένον
2612 1228 2700 1282 διὰ
2741 1227 2837 1282 τοῦ
2872 1230 3030 1299 ἁγίου
3058 1230 3454 1303 βαπτίσματος.

2234 1311 2447 1372 ΠΑΛΛ.
2497 1319 2741 1391 Ἀληθές.

2234 1411 2400 1465 ΚΥΡ.
2423 1413 2580 1466 Κατὰ
2603 1414 2693 1466 τὸν
2730 1413 2841 1467 ἴσον
2870 1417 3076 1469 τουτονὶ
3100 1415 3301 1494 τρόπον
3328 1417 3419 1470 καὶ
3447 1417 3620 1487 λόγον,
3638 1419 3739 1491 τὴν

2162 1498 2258 1553 τοῦ
2315 1500 2661 1571 θυμιάματος
2723 1503 2997 1557 ποιεῖσθαι
3047 1506 3389 1578 κατασκευὴν
3446 1507 3734 1574 διετύπου,

2163 1591 2354 1660 λέγων·
2402 1613 2421 1644 ι
2460 1595 2571 1647 Kal.
2607 1596 2670 1647 σὺ
2704 1594 2836 1648 λάϐε
2884 1598 3095 1669 σεαυτῷ
3145 1599 3454 1669 ἡδύσματα,
3503 1601 3737 1673 στακτὴν

2163 1683 2257 1736 καὶ
2294 1683 2480 1755 ὄνυχα,
2514 1684 2609 1738 καὶ
2637 1685 2910 1758 χαλϐάνην
2935 1687 3200 1759 ἡδυσμοῦ,
3243 1690 3339 1743 καὶ
3366 1691 3581 1746 λίϐανον
3619 1692 3738 1747 δια·

467 1776 619 1832 cient
655 1793 722 1832 ex
758 1778 893 1847 ipsis
922 1777 1220 1847 thymiama
1250 1775 1699 1847 unguentariam,
1736 1789 1877 1844 opus
1907 1788 2059 1829 com-

2167 1775 2331 1846 φανῆ,
2365 1776 2479 1828 ίσον
2520 1777 2620 1848 ῖσῳ
2647 1778 2815 1845 ἐστὶν,
2840 1780 2933 1832 καὶ
2958 1781 3273 1851 ποιήσουσιν
3305 1782 3452 1854 αὐτῷ
3485 1783 3741 1854 θυμίαμα

466 1869 761 1938 positionis
809 1867 1157 1939 unguentarii
1202 1867 1446 1933 mistum,
1486 1881 1709 1937 purum,
1749 1880 1889 1936 opus
1929 1881 2059 1920 san-

465 1968 641 2016 ctum.
683 1962 753 2017 Et
790 1960 1132 2016 comminues
1162 1959 1230 2014 de
1271 1959 1380 2015 illis
1422 1958 1701 2013 minutim.
1727 1958 1795 2013 Et
1824 1973 1997 2029 pones
2027 1973 2061 2014 e

464 2053 691 2123 regione
726 2051 1025 2106 testimonii
1058 2051 1115 2106 in
1143 2051 1501 2107 tabernaculo
1544 2051 1868 2117 testimonii,
1911 2052 2060 2108 unde

465 2142 806 2199 innotescam
838 2142 936 2197 tibi
970 2142 1119 2197 inde.
1146 2142 1407 2198 Sanctum
1431 2151 1746 2199 sanctorum
1771 2143 1879 2197 erit
1902 2144 2060 2198 vobis

467 2233 784 2306 thymiama.
814 2233 1129 2289 Secundum
1171 2234 1315 2289 hanc
1346 2234 1802 2304 compositionem
1841 2250 1949 2289 non
1974 2235 2058 2289 fa-

463 2326 623 2382 cietis
643 2326 801 2381 vobis
826 2326 992 2397 ipsis;
1016 2326 1070 2381 in
1095 2326 1583 2381 sanctiﬁcationem
1618 2328 1725 2382 erit
1764 2328 1921 2383 vobis
1947 2328 2059 2383 Do-

466 2419 639 2473 mino.
664 2418 927 2489 Quisquis
949 2418 1144 2474 fecerit
1175 2419 1452 2485 similiter,
1478 2427 1539 2474 ut
1562 2421 1683 2491 ejus
1705 2419 1873 2475 odore
1899 2421 2056 2475 frua-

468 2516 582 2575 tur,
608 2509 817 2579 peribit
837 2510 905 2565 de
930 2510 1134 2580 populo
1166 2525 1267 2580 suo
1293 2510 1357 2564 ⁸⁵.
1386 2530 1406 2563 ι
1434 2512 1649 2566 Rursus
1681 2512 1774 2567 hic
1798 2513 1952 2567 locus
1973 2514 2055 2566 la-

467 2610 651 2657 tenter
682 2603 843 2658 nobis
872 2604 1078 2659 indicat
1107 2619 1230 2673 qua:
1263 2605 1487 2675 propria
1539 2613 1665 2659 sunt
1692 2619 1757 2658 ac
1783 2604 2056 2674 praecipua

466 2694 619 2751 illius
642 2695 1110 2766 praestantissimae
1134 2697 1380 2752 omnium
1407 2705 1638 2763 naturae,
1666 2712 1730 2751 ea
1755 2696 1823 2751 ad
1849 2697 2055 2751 nullam

463 2802 585 2842 rem
613 2794 853 2843 creatam
874 2790 1126 2845 essentia:
1145 2789 1356 2844 ratione
1373 2789 1653 2859 pertinere
1668 2803 1848 2859 posse,
1875 2789 2056 2845 omni—

463 2893 648 2950 noque
665 2880 810 2949 quod
828 2880 896 2936 ad
914 2880 1199 2952 dignitatis
1214 2879 1486 2939 rationem
1514 2888 1571 2935 ct
1585 2880 1856 2935 honorum
1878 2881 2058 2936 excelo

462 2970 693 3026 lentiam
739 2973 1000 3042 pertinet,
1039 2987 1330 3027 commune
1372 2980 1638 3027 creatura:
1693 2987 1819 3026 cum
1846 2972 2056 3027 factore

463 3068 629 3131 atque
651 3062 883 3117 Domino
908 3062 1049 3116 nihil
1071 3066 1174 3114 est.
1198 3058 1613 3115 Meminerimus
1647 3069 1829 3115 autem
1851 3060 2057 3117 dixisse

2163 1866 2502 1937 μυρεψικόνο
2555 1868 2715 1939 ἔργον
2758 1868 3002 1940 μυρεψοῦ
3051 1872 3409 1942 μεμιγμένον,
3475 1871 3737 1944 καθαρὸν,

2160 1957 2322 2030 ἔργον
2355 1959 2528 2029 ἅγιον.
2569 1961 2682 2014 Καὶ
2716 1961 3010 2031 συγκόψεις
3048 1965 3113 2016 ὲκ
3146 1962 3349 2017 τούτων
3379 1964 3611 2029 λεπτῶς,
3643 1960 3740 2018 καὶ

2160 2050 2345 2124 θήσεις
2400 2052 2660 2107 ἀπέναντι
2727 2053 2825 2107 τοῦ
2876 2054 3178 2126 μαρτυρίου
3229 2056 3288 2109 ὲν
3324 2058 3391 2126 τῇ
3432 2058 3603 2128 σκηνῇ
3639 2056 3739 2110 τοῦ

2164 2144 2464 2214 μαρτυρίου
2491 2185 2505 2208 ,
2554 2145 2675 2197 ὅθεν
2712 2143 3098 2216 γνωσθήσομαί
3153 2162 3235 2198 σοι
3287 2145 3520 2200 ἐκεῖθεν.
3551 2146 3741 2213 ’Λγιον

2157 2233 2267 2289 τῶν
2299 2236 2471 2305 ἁγίων
2499 2235 2652 2289 ἔσται
2693 2237 2821 2306 ὑμῖν
2849 2236 3121 2307 θυμίαμα.
3157 2237 3317 2291 Κατὰ
3343 2237 3444 2309 τὴν
3493 2237 3744 2291 σύνθεσιν

2157 2324 2362 2396 ταύτην
2394 2327 2455 2381 ού
2485 2327 2842 2399 ποιηθήσεται
2874 2329 3001 2399 ύμῖν
3020 2329 3250 2392 ἑαυτοῖς.
3289 2328 3563 2399 Ἀγίασμα
3583 2328 3742 2382 ἔσται

2160 2418 2290 2489 ύμῖν
2317 2418 2527 2489 Κυρίῳ.
2561 2420 2657 2482 Ὃς
2696 2418 2762 2472 ἂν
2790 2420 2991 2490 ποιήσῃ
3031 2418 3311 2482 ὡσαύτως,
3337 2418 3481 2471 ὥστε
3504 2418 3746 2492 ὀσφραίιι

2157 2510 2345 2565 νεσθαι
2401 2512 2459 2563 ἐν
2521 2510 2691 2581 αύτῷ,
2736 2510 3019 2563 ἀπολεῖται
3069 2511 3134 2563 ἐκ
3167 2509 3263 2563 τοῦ
3310 2510 3439 2563 λαοῦ
3480 2511 3674 2565 αὐτοῦ.
3720 2529 3740 2563 ι

2167 2601 2486 2670 ’Υποφαίνει
2530 2601 2588 2655 δὲ
2626 2601 2787 2655 πάλιν
2820 2603 2951 2673 ἡμῖν
2985 2604 3013 2656 ὁ
3043 2602 3136 2654 ἐπὶ
3182 2601 3320 2673 τῷδε
3350 2600 3527 2671 λόγος,
3560 2602 3647 2656 ὅτι
3677 2602 3747 2657 τὰ

2160 2690 2343 2753 ίδικῶς
2371 2689 2623 2761 ἐξαίρετα
2643 2689 2742 2761 τῆς
2780 2689 3009 2744 ἁπασῶν
3044 2692 3300 2743 ἐπέκεινα
3337 2688 3569 2759 φύσεως.
3591 2690 3743 2744 Μέτ-

2156 2800 2272 2837 εστι
2306 2784 2404 2854 μὲν
2440 2782 2549 2837 τῶν
2587 2782 2978 2854 πεποιημένων
3015 2783 3190 2837 οὐδενὶ⁵
3233 2781 3527 2849 ούσιωδῶς,
3559 2785 3745 2837 κοινὸν

2155 2875 2214 2929 δὲ
2252 2878 2316 2947 τῇ
2354 2876 2528 2930 κτίσει
2572 2876 2853 2941 παντελῶς
2885 2876 3058 2942 οὐδὲν,
3088 2876 3225 2948 πρὸς
3251 2876 3343 2930 τὸν
3375 2877 3604 2949 ποιητὴν
3647 2879 3743 2932 καὶ

2156 2966 2444 3039 δεσπότην,
2498 2968 2625 3038 τόγε
2686 2962 2823 3041 ἧκον
2877 2970 2959 3033 είς
3012 2968 3169 3033 ἀξίας
3228 2967 3386 3038 λόγον
3436 2969 3530 3023 καὶ
3558 2968 3742 3041 γερῶν

2160 3060 2451 3133 ὑπεροχήν.
2503 3063 2700 3134 Μεμνη
2714 3061 2922 3133 σόμεθα
2958 3061 3014 3115 δὲ
3047 3061 3140 3115 καὶ
3177 3061 3238 3114 τὸ
3263 3061 3648 3135 θυσιαστήριον
3682 3061 3744 3117 τὸ

461 3166 586 3217 nos,
608 3152 778 3207 altare
798 3165 1052 3216 aureum,
1082 3160 1139 3206 et
1164 3151 1345 3221 ipsum
1377 3150 1674 3221 thymiama
1706 3160 1868 3205 tenue
1892 3157 2056 3221 atque

2164 3152 2419 3223 χρυσοῦν,
2454 3153 2547 3206 καὶ
2571 3152 2703 3207 αὐτὸ
2731 3154 2788 3206 δὲ
2817 3153 2878 3207 τὸ
2912 3153 3161 3207 σύνθετον
3198 3152 3293 3207 καὶ
3319 3153 3511 3207 λεπτὸν
3539 3154 3743 3227 θυμία-

462 3244 831 3314 compositum
860 3241 1141 3297 Christum
1165 3258 1309 3309 esse,
1335 3253 1500 3314 atque
1523 3243 1704 3314 ipsum
1732 3244 2055 3300 Emmanuel

462 3338 625 3394 nobis
652 3346 888 3407 utroque
915 3336 1233 3407 signiﬁcari.
1260 3338 1457 3409 Igitur,
1490 3339 1535 3393 si
1564 3339 1633 3393 ad
1666 3338 1948 3394 Christum
1968 3354 2058 3394 re-

462 3429 641 3486 fertur
669 3431 987 3503 thymiama,
1005 3447 1129 3487 cum
1159 3432 1362 3488 mirum
1390 3433 1447 3487 in
1464 3433 1686 3489 modum
1717 3433 1872 3489 suavi
1886 3433 2057 3490 odore

464 3525 558 3592 sit,
574 3540 686 3580 non
710 3524 977 3582 faciemus
998 3527 1162 3583 nobis
1179 3527 1477 3599 thymiama
1503 3527 1582 3581 illi
1603 3526 1801 3593 simile;
1824 3541 1949 3581 nam
1972 3526 2056 3581 al-

465 3625 646 3673 terum
663 3626 861 3687 praeter
873 3620 1053 3689 ipsum
1069 3619 1401 3689 recipiemus
1418 3619 1715 3683 neminem,
1733 3619 1877 3673 sicut
1896 3618 2058 3673 nimi-

465 3722 590 3762 rum
621 3708 868 3763 infelices
882 3709 1055 3764 ,ιιιᾱωί
1077 3709 1248 3762 ﬁlium
1275 3709 1603 3778 iniquitatis;
1623 3709 1661 3762 ii
1689 3724 1926 3779 namque
1951 3709 2057 3763 sibi

465 3797 842 3866 composuisse
865 3797 1356 3866 deprehenduntur
1375 3798 1444 3852 ad
1468 3798 1884 3854 similitudinem
1912 3800 2058 3855 illius

462 3883 682 3937 odorati
703 3892 866 3954 atque
887 3884 1074 3939 eximii
1104 3885 1471 3956 thymiamatis
1517 3886 1664 3955 quod
1684 3888 1797 3941 Deo
1818 3895 1874 3942 et
1894 3888 2057 3959 325

466 3974 612 4031 Patri
630 3974 871 4030 dicatum
888 3983 990 4042 est,
1005 3977 1099 4047 qui
1118 3976 1343 4032 odorem
1360 3978 1570 4035 notitiae
1586 3994 1697 4048 sua;
1712 3979 1873 4035 nobis
1885 3981 2059 4035 mani-

465 4066 689 4121 festavit
713 4066 768 4122 in
791 4069 951 4135 Filio,
973 4085 1073 4141 per
1090 4086 1256 4140 quem
1280 4087 1381 4126 nos
1408 4088 1626 4142 quoque
1650 4074 1790 4129 bene
1811 4074 2053 4142 olemus;

465 4175 580 4214 non
617 4162 772 4231 quasi
803 4163 963 4218 nobis
991 4163 1287 4236 thymiama
1317 4165 1450 4221 illud
1492 4174 1655 4222 tenue
1679 4168 2057 4239 composueri-

468 4268 611 4318 mus,
658 4254 755 4309 sed
798 4261 1061 4326 tanquam
1110 4256 1258 4312 illius
1286 4258 1602 4329 participes,
1636 4274 1761 4315 cum
1801 4270 1857 4315 et
1885 4261 2057 4332 gratia

467 4344 643 4399 sancti
672 4344 912 4416 Spiritus
934 4349 1085 4403 uncti
1112 4349 1306 4413 simus,
1329 4358 1386 4404 et
1409 4366 1508 4420 per
1535 4350 1904 4407 Christianam
1928 4368 2058 4408 con-

468 4438 837 4493 versationem
862 4442 1238 4496 commendari
1265 4443 1603 4498 Studeamus.

540 4615 740 4675 PALL.
784 4618 889 4673 Per
938 4621 1122 4676 omnia
1153 4620 1320 4692 igitur
1348 4638 1411 4677 ca
1445 4639 1566 4694 qua:
1606 4625 1661 4679 in
1701 4625 2053 4682 tabernaculo

467 4718 650 4776 erant,
689 4709 895 4766 Christi
931 4712 1111 4780 nobis,
1145 4722 1206 4768 ut
1240 4714 1477 4782 videtur,
1509 4717 1826 4787 mysterium
1856 4718 2051 4772 adum-

474 4802 689 4858 bratur.

543 4894 700 4951 CYR.
736 4896 1009 4953 Praeterea
1054 4898 1425 4966 admirabere,
1469 4901 1513 4955 si
1554 4900 1816 4958 didiceris
1884 4902 2051 4958 etiam

475 4987 624 5057 ipsos
661 4987 886 5056 opifices
916 4989 1256 5045 tabernaculi
1292 4991 1349 5044 in
1386 5006 1442 5045 se
1467 4990 1600 5061 ipsis
1626 4991 1830 5047 Christi
1857 4992 2051 5063 imagi—

475 5093 604 5132 nem
641 5076 865 5132 referre.

547 5166 744 5222 PALL.
787 5167 1071 5235 Quomodo
1098 5171 1355 5227 tandem?
1380 5187 1507 5227 nam
1541 5172 1686 5228 istud
1712 5174 1935 5244 quidem
1960 5190 2053 5230 ex—
2080 5212 2083 5219 ς

477 5261 720 5333 cogitare
754 5278 989 5335 nequeo.

546 5351 705 5408 CYR.
749 5352 1025 5425 Scriptum
1055 5363 1140 5409 est
1172 5356 1372 5413 iterum
1402 5372 1414 5412 :
1450 5377 1468 5410 ι
1498 5358 1567 5417 Ει
1587 5359 1804 5415 locutus
1832 5370 1918 5417 est
1948 5361 2057 5416 Do-

476 5441 663 5496 minus
699 5442 767 5497 ad
805 5443 1046 5514 Moysen,
1074 5444 1265 5501 dicens
1297 5465 1310 5500 :
1343 5448 1484 5504 Ecce
1519 5448 1707 5504 vocavi
1739 5465 1807 5505 ex
1832 5451 2056 5506 nomine

476 5526 720 5585 BescIecl
755 5532 928 5586 ﬁlium
963 5532 1126 5601 Uria),
1158 5533 1257 5589 ﬁlii
1291 5535 1365 5592 0r
1394 5552 1462 5592 ex
1498 5539 1650 5594 tribu
1684 5539 1845 5608 Juda,
1873 5549 1930 5595 ct
1963 5557 2127 5636 ιιι-*ν

523 5726 569 5760 ⁸³
593 5726 785 5783 Matth.
837 5746 987 5800 χχιιι,
1022 5730 1076 5799 8,
1113 5732 1166 5787 9.
1248 5733 1289 5765 ¹³
1339 5732 1529 5787 Matth.
1566 5750 1660 5804 vn,
1700 5738 1754 5792 6.
1836 5739 1881 5772 ιδ
1910 5740 2083 5797 Exod.

2159 3261 2238 3315 μα
2278 3247 2512 3318 Χριστὸν
2545 3247 2853 3319 εἰρηκότες,
2902 3246 2994 3301 καὶ
3034 3245 3195 3300 αὑτὸν
3223 3247 3357 3318 ἡμῖν
3393 3246 3486 3300 τὺν
3527 3246 3743 3318 Ἐμμα-

2159 3336 2320 3406 νουὴλ
2368 3336 2436 3389 δι’
2478 3336 2681 3407 ἀμφοῖν
2722 3336 3100 3408 σημαίνεσθαι.
3131 3336 3340 3391 Οὐκοῦν
3383 3338 3463 3402 είς
3504 3338 3741 3409 Χριστὸν

2157 3427 2567 3499 ἀναφερομένου
2583 3427 2692 3482 ’τοῦ
2723 3426 3065 3500 θυμιάματος
3095 3428 3311 3498 (εὐῶδες
3333 3428 3444 3500 γὰρ
3475 3430 3743 3501 acu-{xpl-

2156 3518 2312 3589 τως),
2336 3520 2398 3573 οὐ
2434 3520 2737 3591 ποιήσομεν
2771 3521 2984 3584 ἑαυτοῖς
3008 3520 3128 3574 κατ’
3144 3520 3276 3573 αὐτὸ
3291 3519 3353 3592 δὴ
3380 3520 3442 3574 τὸ
3463 3519 3736 3592 θυμίαμα.

2159 3612 2388 3683 Ἕτερον
2420 3611 2530 3683 γὰρ
2579 3614 2666 3666 ἐπ’
2702 3612 2851 3683 αὐτῷ
2903 3612 3181 3677 παντελῶς
3214 3613 3402 3667 οὐδένα
3439 3613 3741 3684 παραδεξό-

2142 3701 2320 3786 μεθα,
2375 3702 2627 3774 καθάπερ
2656 3703 2847 3774 ἀμέλει
2884 3702 2977 3756 καὶ
3009 3704 3059 3756 οἱ
3094 3702 3323 3767 τάλανες
3359 3703 3621 3769 Ἰουδαῖοι,
3648 3703 3739 3759 τὸν

2156 3795 2258 3864 τῆς
2280 3792 2508 3865 ἀνομίας
2541 3792 2679 3848 υἱόν.
2721 3795 2973 3858 Ἑαυτοῖς
3005 3795 3114 3867 γὰρ
3152 3796 3200 3848 οί
3236 3795 3426 3849 τοιοίδε
3456 3797 3741 3861 συνθέντες

2160 3885 2482 3953 ἁλώσονται,
2507 3887 2599 3940 καὶ
2633 3886 2757 3940 κατ’
2794 3886 2972 3941 ἐκεῖνο
3000 3887 3064 3959 δὴ
3102 3887 3161 3941 τὸ
3186 3887 3381 3952 εὑῶδες
3410 3887 3503 3943 καὶ
3526 3888 3739 3960 ἐξαίρει

2157 3996 2249 4032 τον
2272 3978 2489 4049 άληθῶς
2520 3976 2791 4048 θυμίαμα,
2828 3977 2922 4032 τοῦ
2953 3977 3089 4031 Θεοῦ
3121 3979 3215 4032 καὶ
3248 3977 3479 4049 Πατρὸς,
3509 3980 3603 4032 τοῦ
3639 3979 3738 4050 τὴν

2162 4069 2268 4141 μὲν
2295 4069 2469 4141 ὀσμὴν
2501 4068 2602 4138 τῆς
2630 4068 2887 4137 γνώσεως
2924 4068 3089 4123 αὐτοῦ
3126 4069 3575 4139 πεφανερωκότος
3606 4071 3738 4140 ἡμῖν

2158 4162 2215 4216 ὲν
2242 4160 2320 4233 τῷ
2356 4161 2492 4232 Υίῷ,
2523 4162 2589 4214 δι’
2610 4155 2669 4215 οὗ
2696 4162 2787 4214 καὶ
2812 4162 2972 4232 ἡμεῖς
2999 4156 3377 4227 εὐωδιάζομεν,
3401 4160 3498 4228 οὐχ
3520 4160 3737 4224 ἑαυτοῖς

2160 4254 2448 4318 συνθέντες
2501 4254 2563 4307 τὸ
2615 4254 2867 4324 θυμίαμα
2905 4252 2964 4304 τὸ
3014 4251 3226 4314 λεπτὸν,
3266 4249 3380 4301 ἀλλ’
3414 4248 3490 4312 ὡς
3518 4250 3737 4322 μέτοχοι

2159 4348 2250 4402 τοῦ
2278 4347 2644 4420 θυμιάματος,
2677 4347 2769 4400 καὶ
2812 4347 2876 4415 τῇ
2918 4341 3011 4395 τοῦ
3053 4340 3369 4411 Πνεύματος
3416 4340 3598 4413 χάριτι
3643 4360 3739 4395 και

2086 4475 2131 4531 D
2158 4439 2597 4511 τακεχρισμένοι,
2636 4437 2729 4490 καὶ
2762 4435 2850 4488 διὰ
2872 4434 2971 4505 τῆς
3004 4434 3061 4486 ἐν
3088 4430 3310 4503 Χριστῷ
3337 4432 3608 4497 πολιτείας
3648 4433 3737 4487 εύσ-

2157 4531 2403 4602 δοκιμεῖν
2441 4528 2849 4592 σπουδάζοντες.

2230 4623 2434 4677 ΠΑΛΛ.
2456 4620 2553 4673 Διὰ
2572 4618 2771 4682 παντὸς
2788 4612 2903 4683 οῦν,
2922 4615 2996 4680 ὡς
3016 4616 3213 4682 ἔοικεν,
3236 4613 3330 4669 τοῦ
3351 4614 3633 4684 γεγονότος
3653 4614 3733 4680 ὲν,

2156 4719 2223 4787 τῇ
2255 4714 2383 4785 ἁγίᾳ
2416 4715 2626 4784 σκηνῇ,
2654 4711 2715 4765 τὸ
2742 4710 2838 4764 τοῦ
2869 4709 3123 4781 Σωτῆρος
3165 4710 3296 4781 ἡμῖν
3334 4706 3735 4781 διαμορφοῦται

2161 4812 2476 4879 μυστήριον.

2230 4900 2393 4952 ΚΥΡ.
2431 4900 2540 4953 Ka‘t
2575 4898 2713 4970 πρός
2741 4910 2805 4965 γε
2833 4895 2896 4967 δὴ
2919 4894 3095 4967 τούτῳ
3131 4893 3618 4964 καταθαυμάσειας
3643 4893 3728 4958 ἂν,

2158 4997 2208 5047 εἰ
2234 4993 2426 5064 μάθοις
2454 4993 2535 5045 ὅτι
2561 4992 2656 5044 καὶ
2685 4990 2839 5043 αὐτοὶ
2860 4989 2959 5059 τῆς
2988 4986 3145 5056 ἁγίας
3170 4986 3377 5057 σκηνῆς
3413 4987 3463 5039 oi
3482 5002 3733 5057 τεχνουρ-

2160 5089 2249 5160 yol.
2271 5087 2505 5158 Χριστὸν
2538 5083 2977 5145 διαπλάττουσιν,
3014 5081 3090 5145 ὡς
3118 5081 3176 5134 ἓν
3197 5097 3263 5150 γε
3296 5079 3479 5152 σφίσιν
3499 5079 3699 5140 αὐτοῖς.

2231 5181 2436 5235 ΠΑΛΛ.
2480 5179 2612 5232 Τίνα
2653 5177 2757 5247 φὴς
2786 5175 3021 5247 τρόπον;
3049 5177 3249 5228 ἐννοεῖν
3278 5173 3385 5243 γὰρ
3413 5173 3513 5225 οὐκ
3537 5169 3662 5241 ἔχω.

2160 5370 2181 5427 /
2225 5357 2390 5411 ΚΥΡ.
2424 5347 2739 5427 Γέγραπται
2784 5352 2894 5425 γὰρ
2923 5349 2991 5407 αὖ
3014 5369 3028 5382 ο
3067 5372 3085 5404 ι
3132 5351 3244 5405 Καὶ
3278 5349 3504 5421 ἐλάλησε
3529 5347 3731 5419 Κύριος

2158 5451 2293 5523 πρὸς
2322 5449 2551 5519 Μωσῆν,
2587 5447 2787 5517 λέγων’
2816 5444 2946 5498 Ἰδοὺ
2973 5443 3245 5513 ἀνακέκλη
3256 5460 3351 5513 μαι
3388 5440 3446 5507 ἐξ
3475 5440 3730 5510 ὀνόματος

2153 5541 2243 5595 τὸν
2275 5537 2539 5607 Βεσελεὴλ
2558 5536 2650 5591 τὸν
2678 5534 2771 5590 τοῦ
2802 5533 3001 5606 Οὐρίου
3030 5531 3166 5601 υἱὸν,
3196 5531 3314 5587 υίοῦ
3365 5533 3465 5601 “np
3502 5530 3601 5602 τῆς
3633 5544 3729 5599 φυ-

2139 5755 2265 5805 xxx,
2322 5737 2506 5794 54-58.
