3962 6296
271 193 366 247 4H9

928 185 1016 239 DE
1056 182 1495 238 ADORKTIONE
1537 181 1603 235 IN
1647 179 1839 235 SPllll'

1958 177 2046 232 ET
2088 173 2457 230 VERITATE.
2501 176 2567 212 '—
2608 173 2737 226 LIB.
2769 171 2836 226 Χ.

3402 171 3507 225 ϐξΞο

269 306 359 374 λῆς
399 299 591 364 Ἰούδα,
620 298 718 352 καὶ
746 295 1016 367 ἐνέπλησα
1040 297 1200 350 αὑτὸν
1235 295 1460 366 Πνεῦμα
1481 294 1621 347 θἐῖον
1645 292 1834 362 σοφίας

1948 289 2080 360 pleri
2104 303 2228 343 eum
2247 285 2458 358 Spiritu
2484 285 2692 348 divino,
2712 283 3011 354 sapientiae,
3030 291 3088 338 et
3110 283 3507 354 intelligentia.

272 397 354 450 καὶ
393 392 660 454 συνέσεως
703 391 798 442 καὶ
846 389 1176 458 ἐπιστήμης.
1221 387 1333 440 Καὶ
1377 388 1435 439 ἐν
1482 386 1644 439 παντὶ
1686 385 1833 454 ἔργῳ

273 484 579 540 διανοεῖσθαι
601 483 664 536 τὸ
693 480 936 552 χρυσίον,
965 480 1060 532 καὶ⁸
1086 479 1147 532 τὸ
1163 478 1444 551 ἀργύριον,
1469 479 1562 531 καὶ
1584 477 1675 531 τὸν
1704 478 1833 547 χαλ-

275 579 386 644 κὸν,
421 577 513 629 καὶ
563 573 662 644 τὴν
699 571 974 633 ὑάκινθον,
1016 573 1110 623 καὶ
1157 569 1253 640 τὴν
1291 568 1598 641 πορφύραν,
1631 569 1727 621 καὶ
1772 567 1833 620 τὸ

275 669 506 721 κόκκινον
525 664 586 717 τὸ
604 661 819 734 νηστδν,
846 662 938 714 καὶ
959 661 1056 729 τὴν
1083 659 1277 729 βύσσον
1298 661 1397 730 τὴν
1421 660 1633 712 κεκλωσ
1640 660 1830 730 μένην,

278 756 358 810 καὶ
382 754 447 807 τὰ
472 751 816 820 λιθουργικα,
845 749 938 802 καὶ
959 750 1036 812 εἰς
1071 747 1139 802 τὰ
1159 747 1294 819 ἔργα
1313 748 1381 800 τὰ
1413 746 1699 800 τεκτονικὰ
1726 748 1834 800 τῶν

277 847 431 912 ξύλων
453 843 785 916 ἐργάζεσθαι
820 842 960 894 κατὰ
985 841 1161 894 πάντα
1194 840 1262 893 τὰ
1294 840 1448 911 ἔργα.
1481 841 1590 892 Καὶ
1614 838 1726 908 ἐγὼ
1750 839 1834 892 δέ·

275 939 405 991 δωκα
431 934 618 996 αὑτὸν,
651 933 745 987 καὶ
779 933 870 985 τὸν
911 931 1095 985 Ἐλιὰϐ
1124 930 1218 984 τοῦ
1262 930 1555 1002 ’Δχισαμὰ,
1584 933 1648 985 ἐκ
1664 931 1836 1003 φυλῆς

275 1027 386 1091 diu,
411 1027 509 1080 καὶ
538 1026 701 1078 παντὶ
733 1023 938 1094 συνετῷ
970 1022 1169 1094 καρδίᾳ
1226 1022 1435 1076 δέδωκα
1477 1023 1711 1088 σύνεσιν,
1742 1025 1836 1076 καὶ

277 1120 582 1188 ποιήσουσιν
624 1118 802 1170 πάντα
853 1115 954 1168 ὅσα
1003 1113 1286 1179 συνέταξα.
1341 1133 1360 1165 ι
1402 1113 1594 1185 Ἀθρει
1629 1115 1692 1186 δὴ
1742 1110 1836 1169 οὖν

275 1210 405 1272 ὅπως
434 1208 761 1279 καθηγεῖται
792 1205 891 1276 μὲν
943 1205 1051 1259 τῶν
1087 1205 1579 1280 τεχνουργημάτων
1604 1209 1633 1262 6
1671 1206 1836 1260 Βεσε-

275 1299 407 1370 λεὴλ.
456 1298 642 1352 Ἐλιὰὸ
668 1299 725 1352 δέ
749 1297 1060 1370 ἐργάζεται.

337 1393 544 1446 ΠΑΛΛ.
582 1392 646 1444 Τί
680 1389 774 1446 οῦν
801 1393 958 1446 τοῦτό
982 1410 1044 1462 γε
1071 1410 1086 1457 ;

335 1483 500 1535 ΚΥΡ.
543 1482 729 1554 Πεύσῃ
767 1482 830 1553 δὴ
871 1479 997 1536 οὖν⁹
1038 1482 1238 1547 Ἰούδας
1267 1501 1327 1537 τε
1372 1485 1464 1537 καὶ
1509 1485 1636 1549 Δὰν,
1672 1483 1838 1555 ἄμφω

279 1573 364 1643 μὲν
391 1574 448 1638 ἐξ
490 1572 706 1636 Ἰακὼϐ,
741 1574 856 1627 ἀλλ’
891 1576 918 1627 6
949 1574 1045 1644 μὲν
1101 1574 1159 1640 ἐξ
1189 1575 1476 1648 ἐλευθέρας
1512 1577 1610 1648 τῆς
1644 1577 1835 1644 Λείας,

1938 390 1995 436 et
2017 381 2277 444 scientiae,
2305 379 2372 432 ad
2415 377 2830 447 excogitandum
2864 375 2918 430 in
2948 375 3098 429 omni
3127 390 3314 445 opere,
3341 384 3398 429 et
3429 375 3512 428 fa-

1940 471 2351 527 brefaciendum
2396 479 2454 524 et
2489 467 2828 538 Operandum
2870 482 3086 530 aurum,
3116 475 3172 519 et
3200 472 3512 536 argentum,

1938 570 1995 617 et
2035 577 2128 624 ms,
2162 569 2218 615 et
2256 558 2632 630 hyacinthum,
2669 564 2726 611 et
2774 571 3093 625 purpuram,
3135 563 3191 610 et
3231 556 3514 612 coccinum

1938 662 2150 716 netum,
2184 658 2240 706 et
2281 651 2504 722 byssum
2550 655 2769 711 tortam,
2798 654 2854 700 et
2885 645 2951 699 ad
2985 645 3195 714 lapides
3227 646 3516 701 elaboran-

1938 743 2060 806 dos,
2085 751 2141 796 et
2177 742 2245 796 ad
2292 742 2566 811 lignorum
2603 753 2770 808 opera
2812 735 3048 799 fabrilia,
3078 735 3146 790 ad
3180 736 3518 805 operandum

1936 835 2090 905 juxta
2124 834 2308 888 omnia
2342 847 2529 902 opera.
2566 831 2636 886 Et
2665 846 2764 901 ego
2802 828 2928 885 dedi
2958 828 3159 898 ipsum,
3185 837 3241 882 et
3266 828 3422 882 Eliab
3455 830 3518 880 li-

1939 922 2076 977 lium
2106 920 2415 986 Achisama,
2441 937 2508 976 ex
2543 921 2689 976 tribu
2721 922 2868 986 Dan;
2902 930 2959 975 et
2996 919 3147 973 omni
3181 919 3276 988 qui
3305 918 3522 988 sapiens

1939 1019 2025 1068 est
2055 1013 2241 1078 corde,
2273 1013 2402 1068 dedi
2441 1012 2799 1082 sapientiam;
2836 1019 2892 1067 et
2931 1012 3135 1067 facient
3160 1010 3344 1065 omnia
3369 1025 3521 1080 quae-

1937 1117 2158 1173 cunque
2209 1103 2444 1173 praecepi
2477 1104 2540 1156 “'.
2588 1122 2605 1154 ι
2646 1103 3035 1158 Animadverte
3078 1103 3246 1173 igitur
3287 1116 3523 1172 prmessc

1943 1196 2167 1266 quidem
2191 1193 2426 1266 opiﬁciis
2457 1194 2719 1261 Beselcel,
2745 1195 2901 1250 Eliab
2930 1210 3062 1250 vero
3091 1209 3258 1264 opera
3284 1194 3521 1250 efficere.

2015 1391 2210 1446 PALL.
2252 1391 2394 1459 Quid
2427 1407 2558 1448 vero
2591 1392 2738 1448 istud
2775 1392 2903 1448 est?

2011 1480 2170 1536 ΟΥΕ.
2213 1482 2419 1537 Audies
2445 1484 2556 1554 jam
2587 1500 2600 1536 :
2632 1483 2801 1538 Judas
2829 1491 2899 1537 ‘ct
2936 1484 3050 1536 Dan
3097 1481 3260 1536 ambo
3302 1481 3525 1551 quidem

1944 1587 2013 1626 ex
2047 1588 2249 1642 genere
2275 1573 2444 1628 Jacob
2479 1573 2666 1640 fuere;
2702 1574 2795 1629 sed
2840 1574 2931 1628 ille
2972 1573 3194 1642 quidem
3222 1587 3286 1626 ex
3322 1572 3419 1627 Lia
3455 1572 3546 1646 II"

273 1664 300 1714 6
325 1663 376 1715 δέ
425 1665 496 1716 ὲκ
531 1663 866 1735 θεραπαίνης
893 1666 991 1734 τῆς
1023 1664 1220 1734 Βὰλης.
1258 1666 1439 1729 Τύπος
1465 1661 1557 1720 οὖν
1590 1666 1698 1738 ἄρα
1745 1667 1838 1720 καὶ

1948 1664 2069 1718 bera
2107 1672 2428 1734 susceptus,
2458 1665 2548 1720 hic
2574 1681 2640 1719 ex
2668 1665 2863 1719 ancilla
2897 1664 3045 1719 Bala.
3087 1663 3330 1719 Beseleel
3360 1663 3528 1734 igitur

277 1754 505 1824 ἐναργὴς
535 1755 565 1806 6
604 1754 870 1824 Βεσελεὴλ
928 1754 1023 1807 τοῦ
1067 1756 1367 1827 πεφηνότος
1397 1759 1527 1827 ἡμῖν
1573 1760 1638 1811 ἐκ
1671 1757 1843 1830 φυλῆς

286 1843 444 1898 Ἰούδα
473 1843 537 1896 τὸ
596 1844 737 1898 κατά
767 1844 944 1915 σάρκα
965 1844 1219 1914 Χριστοῦ,
1255 1844 1351 1897 καὶ
1378 1847 1442 1898 ἐκ
1468 1845 1681 1912 φύσεως
1709 1846 1842 1917 ἀλη-

277 1933 372 1997 θῶς
399 1934 505 2003 τῆς
538 1933 852 2004 ἐλευθέρας,
880 1935 1038 2004 δῆλον
1071 1935 1126 1988 δὲ
1144 1936 1237 1988 -ὃτι
1260 1935 1360 2005 τῆς
1387 1935 1532 1999 θείας
1559 1937 1654 1990 καὶ
1679 1939 1844 2019 61-559-

273 2026 444 2096 τάτης.
491 2027 782 2096 Ἐμφήνειε
800 2027 846 2079 δ’
875 2025 939 2080 ἂν
971 2022 1028 2080 εὖ
1060 2026 1202 2098 μάλα
1223 2029 1316 2080 καὶ
1359 2028 1544 2083 Ἐλιὰδ
1602 2029 1749 2096 τοὺς,
1768 2029 1843 2094 ὡς

274 2117 331 2169 ἐκ
349 2116 543 2186 δούλης
603 2118 703 2186 τῆς
743 2119 1114 2189 Ἰερουσαλὴμ,
1165 2119 1385 2190 Χριστῷ
1439 2123 1846 2192 συνεργασαμέ-

274 2225 384 2270 νους
410 2208 748 2271 ἀποστόλους
797 2211 891 2262 καὶ
927 2210 1346 2278 εὐαγγελιστάς’
1385 2212 1518 2266 Θεοῦ
1542 2215 1649 2285 γὰρ
1692 2215 1844 2283 γεγό-

275 2316 382 2354 νασι
399 2301 656 2370 συνεργοὶ
683 2300 753 2352 τὰ
771 2303 847 2363 εἰς
864 2301 1122 2355 σύστασιν
1140 2302 1247 2356 τῶν
1300 2304 1468 2372 ἁγίων
1503 2305 1843 2376 Ἐκκλησιῶν

277 2392 550 2461 μονονουχὶ
578 2392 834 2444 πονοῦντι
858 2394 953 2445 καὶ
969 2395 1311 2466 τεχνωμένῳ.
1328 2396 1686 2468 Συνεκὸμιζον
1702 2397 1758 2451 δὲ
1776 2399 1845 2451 τὰ

274 2480 328 2546 ἐξ
355 2483 566 2544 οἰκείας
596 2481 833 2552 σπουδῆς
859 2483 954 2536 καὶ
979 2484 1281 2548 ἐπιεικείας
1313 2487 1393 2548 εἰς
1421 2486 1488 2540 τὰ
1513 2489 1612 2558 τῆς
1642 2489 1844 2558 σκηνῆς

275 2572 397 2643 ἔργα
420 2573 630 2636 πάντες
660 2574 710 2625 oi
734 2574 943 2626 συνετοὶ
971 2577 1034 2645 τῇ
1069 2576 1286 2648 καρδίᾳ,
1317 2577 1425 2630 τῶν
1449 2579 1590 2632 κατὰ
1619 2581 1845 2651 καιροὺς

273 2664 600 2718 διδασκάλων
634 2664 1084 2735 ἀποπληροῦντες
1131 2667 1380 2732 είκόνας,
1414 2664 1496 2732 οἷς
1534 2671 1592 2723 ἐν
1639 2671 1842 2742 σπουδῇ

276 2755 360 2807 καὶ
381 2753 626 2826 φροντίδι
650 2754 714 2806 τὸ
747 2754 1073 2826 ἐργάζεσθαι
1113 2757 1180 2811 τὰ
1203 2757 1297 2811 τοῦ
1329 2759 1484 2827 Θεοῦ,
1515 2762 1608 2815 καὶ
1636 2763 1844 2834 ὅσαπερ

278 2843 336 2898 ἂν
359 2846 539 2918 τελοίη
567 2845 707 2916 πρὸς
731 2846 923 2919 ὄνησιν
950 2848 1049 2919 τῆς
1087 2849 1415 2922 Ἐκκλησίας
1441 2853 1700 2924 Χριστοῦ.

248 3155 254 3160 _
342 3087 382 3120 "
417 3087 592 3143 Exod.
622 3104 776 3156 xxxv,
805 3091 921 3148 l-6.

1943 1753 2116 1826 ﬁgura
2155 1762 2241 1810 est
2281 1756 2510 1810 evidens
2548 1755 2775 1820 Christi,
2804 1757 2899 1826 qui
2952 1757 3256 1812 secundum
3303 1772 3525 1811 carnem

1940 1862 2010 1902 ex
2044 1846 2191 1900 tribu
2217 1845 2356 1901 Juda
2396 1847 2628 1911 exstitit,
2652 1856 2815 1916 atque
2839 1863 2903 1902 ex
2935 1855 3132 1903 natura
3161 1865 3290 1904 vere
3329 1846 3524 1914 libera,

1942 1935 2204 1989 nimirum
2247 1935 2434 1989 divina
2470 1935 2562 1990 illa
2596 1946 2761 2006 atque
2801 1951 3078 2006 suprema.
3114 1939 3272 1992 Eliab
3306 1955 3526 2009 quoque

1945 2027 2165 2081 illorum
2191 2026 2415 2096 ﬁguram
2445 2027 2648 2096 Optime
2679 2043 2792 2097 pra:
2829 2043 2887 2082 se
2929 2027 3057 2093 fert,
3098 2029 3190 2098 qui
3214 2043 3280 2083 ex
3305 2030 3526 2085 Jerusa-

1943 2119 2050 2173 lem
2089 2118 2286 2174 ancilla
2322 2118 2459 2182 nati,
2495 2118 2716 2173 Christo
2751 2120 3030 2188 cooperati
3067 2130 3213 2186 sunt,
3248 2123 3527 2191 apostolos

1944 2208 2070 2263 dico
2108 2217 2166 2263 et
2207 2210 2605 2279 evangelistas;
2643 2210 2738 2265 Dei
2777 2211 2922 2264 enim
2968 2220 3354 2280 cooperatores
3401 2211 3524 2267 fuc-

1945 2309 2093 2359 runt.
2130 2301 2186 2354 in
2215 2300 2613 2355 constituendis
2641 2301 2903 2356 Ecclesiis
2932 2303 3327 2372 propemodum
3369 2304 3525 2358 labo—

1946 2393 2117 2446 rantis
2173 2399 2337 2460 atque
2375 2406 2596 2461 operam
2638 2390 2839 2447 dantis.
2867 2393 3237 2450 Conferebant
3263 2397 3428 2450 etiam
3458 2413 3527 2452 ex

1945 2484 2130 2538 studio
2160 2497 2226 2537 ac
2255 2481 2527 2553 probitate
2563 2498 2759 2553 operas
2793 2483 2862 2538 ad
2902 2485 3318 2542 tabernaculum
3352 2487 3525 2542 confi-

1944 2577 2203 2632 ciendum
2248 2576 2412 2646 326
2455 2591 2666 2638 omnes,
2709 2579 2806 2648 qui
2847 2581 3302 2650 erantsapicntes
3336 2581 3523 2646 corde,

1946 2667 2233 2723 doctorum
2262 2667 2552 2738 imaginem
2583 2677 2849 2735 tenentes,
2876 2674 2970 2740 qui
2997 2687 3098 2726 suo
3121 2673 3354 2744 quisque
3387 2681 3526 2728 tem-

1945 2767 2082 2830 pore
2128 2758 2301 2813 futuri
2347 2767 2524 2824 erant,
2573 2761 2778 2831 quique
2821 2761 2891 2816 ad
2928 2763 3025 2818 Dei
3063 2780 3248 2834 opera,
3282 2772 3337 2820 et
3373 2781 3525 2836 qure-

1947 2864 2166 2920 cunque
2212 2849 2282 2905 ad
2327 2851 2622 2907 utilitatem
2668 2852 2874 2909 Christi
2921 2855 3180 2911 Ecclesiae
3227 2858 3525 2927 pertinent.

1949 2941 2240 2997 eﬂicienda
2265 2942 2413 2996 omni
2445 2943 2889 3016 studioucuraque
2918 2946 3264 3002 incumbunt.

280 3295 2138 3330 mw

855 3478 1252 3606 ΠΕΡΙ
1325 3478 1665 3607 ΤΗΣ
1763 3481 1972 3606 ΕΝ
2021 3471 2948 3613 ’ΠΝΕΥΜΑΤΙ

1054 3737 1056 3740 ’
1524 3727 1719 3813 ΚΑΙ
1790 3722 2287 3818 ΑΛΗΘΕΙΑ

525 3919 1935 4038 ΠΡΟΣΚΥΝΗΣΕΩΣ
2047 3873 2346 4035 KAI
2440 3913 3280 4036 ΑΑΤΡΕΙΑΣ

1434 4136 1799 4226 ΛΟΓΟΣ
1874 4122 2384 4227 ΔΕΚᾹΤΟΣ

358 4491 545 4605 DE
648 4490 1576 4610 ADORATIONE
1695 4495 1874 4607 ET
2010 4494 2500 4612 CULTU
2595 4493 2744 4608 IN
2857 4490 3431 4609 SPIRITU

1479 4714 1646 4837 ET
1705 4729 2368 4838 VEBITATE

1397 4965 1760 5059 LIBER
1862 4964 2424 5060 DECIMUS.

270 5329 408 5399 Περὶ
432 5327 565 5383 τῶν
593 5325 794 5381 αὐτῶν
819 5327 926 5390 ἐτι,
953 5327 1053 5380 καὶ
1082 5328 1214 5399 περὶ
1246 5330 1365 5387 τῶν
1383 5331 1454 5387 ἐν
1475 5333 1610 5403 ἁγίᾳ
1634 5339 1838 5405 σκηνῇ

2028 5335 2218 5406 ι327
2242 5335 2318 5390 De
2361 5335 2426 5389 iis
2448 5335 2639 5388 iterum
2669 5346 2788 5403 qua?
2809 5343 2962 5388 erant
2996 5335 3051 5388 in
3081 5332 3443 5388 tabernaculo.

368 5441 494 5511 Αρά
525 5457 614 5493 σοι
645 5437 840 5509 σαφὴς,
867 5433 912 5491 ὦ
934 5438 1211 5503 Παλλάδιε,
1238 5441 1329 5496 καὶ
1354 5443 1608 5516 ἀποχρῶν
1626 5447 1653 5498 6
1674 5448 1852 5515 λόγος,

275 5532 336 5585 ὃν
363 5535 460 5588 ἐπὶ
486 5535 556 5604 τῇ
595 5530 729 5602 ἁγίᾳ.
765 5533 934 5602 σκηνῇ
965 5531 1058 5583 καὶ
1092 5532 1200 5584 τῶν
1226 5534 1283 5585 ἐν
1315 5534 1452 5605 αὐτῇ
1477 5538 1853 5608 πεποιήμεθα;

607 5719 878 5780 ΡΑτῐιοι,
925 5723 1038 5781 Gn.
1088 5721 1346 5786 LXVIII.

2032 5447 2172 5501 Num
2207 5445 2372 5517 igitur
2397 5443 2687 5515 perspicua
2717 5443 2837 5508 tibi,
2865 5444 3093 5511 Palladi,
3122 5461 3185 5500 ac
3220 5443 3353 5503 satis
3380 5444 3538 5521 p‘ena

1963 5541 2184 5595 videtur
2228 5539 2426 5603 oratio,
2487 5555 2650 5610 quam
2701 5539 2769 5595 de
2820 5540 3192 5604 tabernaculo,
3229 5548 3283 5595 et
3318 5540 3383 5594 iis
3419 5554 3540 5609 quc

1968 5631 2022 5683 in
2041 5631 2134 5685 illo
2160 5639 2338 5697 erant,
2367 5629 2697 5686 habuimus?

3113 5724 3181 5785 ‘21
