3962 6296
518 200 614 257 6ὂὶ

1536 199 1590 253 S.
1632 197 1906 254 CYRILLI
1944 198 2414 254 ALEXANDRINI
2456 196 2772 252 ARCHIEP.

3668 203 3769 260 032

590 310 786 368 PAL'L.
844 310 1142 382 Perspicua
1189 311 1279 366 illa
1330 327 1460 367 sane
1506 312 1763 382 quidem,
1811 315 1913 370 sed
1951 325 2076 369 cera

2274 312 2487 366 HAAA.
2548 313 2731 384 Σαφὴς
2799 310 2895 381 μὲν
2953 303 3014 364 εὖ
3068 311 3253 384 μάλα,
3306 313 3448 384 πλὴν
3514 290 3766 389 ἅποχρίτίν

520 409 668 465 haud
696 408 831 464 satis
856 409 1040 479 plena.

582 500 741 556 CYR.
778 501 1034 555 Placetne
1062 499 1228 570 igitur
1269 505 1331 551 ut
1358 497 1423 551 ad
1463 497 1518 551 id
1557 512 1750 553 rursus
1782 498 2089 563 redeamus,

516 591 664 662 quod
703 590 801 644 tibi
838 589 893 644 in
931 589 1020 655 iis,
1048 604 1171 659 qua:
1201 588 1269 643 de
1303 588 1657 644 tabernaculo
1687 597 1905 644 narrata
1941 600 2089 656 sunt,

515 683 707 736 deesse
734 678 989 733 videtur?
1022 694 1149 733 nam
1192 677 1445 744 fortasse,
1471 678 1574 733 nisi
1610 678 1790 746 fallor,
1815 680 2094 735 existimas

514 788 634 826 eam
672 769 939 824 orationis
972 777 1185 839 partem
1219 784 1343 825 esse
1379 769 1806 842 adiungendam,
1833 786 1941 840 qua
1972 771 2091 841 pla-

513 877 647 918 num
690 859 786 914 ﬁat
840 859 1120 929 quomodo
1164 859 1300 914 illud
1347 869 1595 915 erectum
1640 861 1744 926 sit;
1782 876 1893 931 quo
1927 861 2090 916 etiam

514 961 782 1021 tempore,
804 965 980 1021 quave
1018 950 1251 1016 ratione,
1277 965 1399 1021 quae
1434 950 1491 1005 in
1536 951 1632 1006 illo
1660 958 1840 1016 erant,
1865 967 2091 1022 compo-

514 1043 619 1097 sita
672 1041 826 1107 sint;
863 1040 931 1094 de
971 1039 1456 1110 justiﬁcationibus
1487 1042 1653 1098 etiam
1693 1056 1757 1097 ac
1796 1041 2010 1112 legibus
2036 1050 2093 1096 et

513 1131 772 1187 encaeniis
806 1137 865 1185 et
900 1128 1354 1197 sanctiﬁcatione,
1393 1146 1458 1187 ac
1492 1131 1733 1202 denique
1768 1132 1837 1187 de
1869 1132 2091 1203 judiciis

513 1238 634 1280 esse
656 1221 909 1277 nonnihil
936 1220 1252 1276 dicendum.
2004 1278 2008 1282 ,

580 1312 777 1369 PALL.
820 1312 993 1383 Igitur
1035 1310 1219 1366 denuo
1262 1310 1332 1366 de
1377 1312 1608 1385 singulis
1646 1312 1853 1369 dissere
1887 1313 2091 1385 :328

513 1413 663 1462 recte
686 1403 1093 1474 enim‘cogitas.

582 1497 740 1552 ΟΥΕ.
782 1495 896 1566 Ego
930 1509 1065 1549 vero
1113 1494 1313 1551 dicam.
1356 1494 1463 1552 Sed
1500 1505 1551 1552 te
1586 1497 1655 1552 ad
1695 1496 2088 1568 ignoscendum

2195 403 2395 474 ἣκιστά
2419 418 2502 471 γε.

2266 494 2431 550 ΚΥΡ.
2465 492 2652 545 Βούλει
2675 491 2739 562 δὴ
2761 486 2853 547 οὗν
2877 494 2965 545 ἐπ’
2991 494 3167 547 ἐκεῖνο
3195 495 3359 549 πάλιν
3386 496 3766 569 προθυμότατα

2192 584 2605 655 διαστείχωμεν,
2641 583 2670 647 ὃ
2700 587 2812 647 τοῖς
2853 583 2939 638 ἐπ’
2982 584 3118 655 αὐτῇ
3159 584 3495 658 διηγήμασιν
3535 589 3764 646 suam-

2194 675 2354 730 πέναι
2387 675 2569 740 δοκεῖς
2595 675 2698 729 οἴει
2726 676 2836 746 γάρ
2874 692 2999 738 που,
3034 676 3178 731 κατὰ
3203 676 3266 730 τὸ
3317 678 3486 744 εἰκὸς,
3527 698 3766 753 προσςπ..

2194 768 2424 838 άγεσθαι
2465 769 2576 823 δεῖν
2608 770 2701 823 τὸν
2733 768 3099 840 σαφηνιοῦντα
3127 769 3305 838 λόγον,
3348 772 3469 826 τίνα
3511 773 3611 844 μὲν
3639 780 3766 846 ἡμῖν

2193 859 2493 930 ἐγήγερται
2535 858 2758 929 τρόπον,
2790 858 2995 929 πηνίκα
3026 861 3082 914 δὲ
3114 861 3211 915 καὶ
3260 861 3409 925 ὃπως
3439 862 3508 915 τὰ
3543 865 3601 916 ἐν
3630 864 3762 937 αὐτῇ

2193 949 2534 1004 συντέθειται
2562 947 2914 1020 δικαιώματά
2939 968 3000 1003 τε
3033 952 3130 1004 καὶ
3164 953 3347 1023 νόμοι,
3400 954 3496 1007 καὶ
3526 955 3765 1023 ἐγκαινι-

2195 1040 2331 1111 σμὸς
2359 1039 2453 1096 καὶ
2479 1041 2745 1112 ἁγιασμὸς
2785 1041 2882 1093 καὶ
2908 1042 3105 1110 κρίσις.

2260 1306 2467 1359 ‘IIAAA.
2497 1304 2675 1377 Φράζε
2703 1304 2766 1377 δὴ
2787 1302 2879 1358 οὖν
2900 1305 2967 1359 τὰ
2993 1305 3077 1375 ἐφ’
3100 1306 3314 1378 ἑκάστῳ
3343 1307 3508 1363 πάλιν
3530 1324 3542 1338 ·
3581 1309 3763 1383 διανοῇ

2104 1436 2105 1443 η
2194 1397 2303 1468 γὰρ
2327 1395 2523 1468 ὀρθῶς.

2262 1456 2429 1541 ἰαὶ).
2465 1456 2675 1541 nexos»
2734 1486 2846 1559 ἐρῶ
2875 1488 2975 1559 μὲν
2995 1488 3125 1558 ἐγώ.
3152 1489 3226 1542 Σὺ
3249 1488 3306 1542 δὲ
3330 1483 3395 1543 αὖ
3432 1456 3767 1563 συγγνώμων

512 1587 728 1645 facilem
756 1602 877 1643 esse
908 1587 1095 1652 velim,
1122 1585 1259 1642 illud
1297 1588 1646 1658 cogitantem,
1676 1602 1945 1643 summam
1968 1603 2076 1644 esse

2192 1581 2285 1635 ἔσο
2315 1621 2330 1646 ,
2370 1580 2470 1651 τὴν
2503 1580 2737 1634 είσάπαν
2770 1581 3092 1652 δυσχέρειαν
3129 1581 3239 1636 τῶν
3277 1582 3648 1654 θεωρημάτων
3681 1586 3765 1638 ὲν-

514 1693 699 1735 rerum
735 1678 804 1733 ad
841 1678 1323 1761 contemplandum
1357 1679 1762 1749 propositarum
1800 1677 2076 1735 difﬁculta-

2192 1672 2484 1745 νενοηκὼς,
2515 1671 2619 1727 κᾶν
2650 1672 2804 1727 εἵπου
2831 1690 2885 1755 τι
2936 1673 3147 1744 λέγοιμι
3169 1674 3329 1744 τυχὸν
3352 1675 3459 1729 τῶν
3486 1677 3767 1747 ἀκριϐείας

514 1780 623 1826 tem
655 1789 666 1825 :
695 1785 778 1835 ac,
806 1771 851 1826 si
891 1770 1025 1841 quid
1063 1769 1294 1827 fortasse
1333 1770 1545 1836 dixero,
1575 1770 1721 1841 quod
1753 1786 1785 1825 a
1809 1778 1961 1827 certa
2002 1787 2093 1826 ra-

2193 1767 2621 1839 ἡμαρτηκότων,
2661 1766 2757 1820 καὶ
2801 1750 2958 1836 λόγου
2989 1767 3085 1820 τοῦ
3127 1767 3338 1831 δέοντος
3376 1768 3766 1839 ἐκπεφοιτηκὸ-

515 1862 661 1917 tione
686 1863 936 1928 aberret,
959 1869 1015 1916 et
1043 1877 1076 1916 a
1108 1870 1259 1918 recta
1281 1877 1523 1932 veraque
1549 1861 1890 1932 expositione
1915 1862 2076 1919 disce-

2193 1874 2326 1923 των,
2370 1857 2714 1928 μετάπλαττε
2761 1856 2855 1909 καὶ
2895 1855 3228 1928 μεθάρμοζε.
3266 1857 3618 1930 Συλλήπτορα
3659 1860 3765 1931 γάρ

511 1955 625 2019 dat,
653 1953 885 2010 emenda
900 1963 962 2009 .et
982 1952 1195 2024 corrige
1226 1970 1239 2006 :
1267 1959 1320 2008 te
1349 1952 1496 2008 enim
1526 1952 1737 2009 socium
1761 1953 2093 2025 adiutorem-

510 2060 618 2113 que
646 2058 782 2099 mea:
806 2042 1074 2099 orationis
1100 2041 1398 2097 adhibebo.

580 2135 778 2191 PALL.
812 2137 1005 2207 Perge,
1036 2135 1134 2190 Dei
1165 2135 1372 2191 auxilio
1401 2133 1592 2190 fretus.

2195 1964 2252 2000 σε
2285 1948 2378 2002 καὶ
2410 1947 2624 2018 ἀρωγὸν
2652 1945 2760 2000 τῶν
2789 1945 3027 2018 ἐμαυτοῦ
3068 1948 3367 2020 ποιήσομαι
3400 1948 3594 2016 λόγων.

2261 2041 2472 2096 ΠΑΛΛ.
2511 2041 2615 2095 Ἴθι
2637 2039 2756 2110 Θεῷ
2783 2041 3031 2104 πίσυνος.

2261 2134 2424 2188 ΚΥΡ.
2472 2132 3024 2205 Συμπεπερασμένων
3073 2132 3137 2205 δὴ
3193 2127 3286 2187 οῦν
3342 2130 3401 2187 εὖ
3457 2133 3601 2206 μάλα
3659 2135 3769 2189 τῶν

575 2228 733 2283 CYB.
774 2226 1074 2297 Completis
1122 2226 1291 2297 igitur
1333 2226 1596 2298 operibus
1637 2227 1999 2293 tabernaculi,
2035 2238 2076 2283 el

2190 2225 2367 2299 ἔργων
2395 2226 2496 2296 τῆς
2521 2227 2684 2295 ἁγίας
2714 2225 2941 2296 σκηνῆς,
2974 2225 3068 2280 καὶ
3100 2226 3206 2296 μὴν
3259 2225 3354 2280 καὶ
3394 2225 3625 2280 ἑκάστου
3661 2226 3770 2279 τῶν

506 2319 756 2389 singulis,
781 2333 902 2388 quae
922 2318 978 2372 in
1005 2332 1072 2372 eo
1097 2318 1540 2383 continebantur,
1566 2318 1635 2373 ad
1661 2319 1810 2375 illius
1841 2320 2087 2390 pulchri-

508 2404 715 2461 tudinis
761 2405 818 2459 in
864 2415 1052 2461 monte
1098 2405 1490 2461 demonstrata:
1535 2404 1956 2462 similitudinem
2004 2422 2090 2462 sa-

504 2497 722 2567 pienter
754 2504 810 2552 et
848 2495 1143 2552 artiﬁciose
1178 2495 1357 2562 factis,
1385 2496 1605 2553 locutus
1626 2506 1711 2553 est
1732 2497 1996 2552 Dominus
2017 2496 2086 2550 ad

502 2588 748 2661 Moysen,
777 2587 969 2644 dicens
998 2606 1014 2642 :
1050 2607 1068 2639 ι
1100 2588 1159 2643 In
1191 2588 1282 2645 die
1319 2604 1425 2643 una
1452 2587 1659 2642 mensis
1682 2587 1847 2657 primi
1872 2586 2086 2642 novilu-

502 2680 598 2735 nio
619 2682 796 2752 eriges
819 2679 1236 2747 tabernaculum
1256 2678 1563 2741 testimonii
1588 2680 1652 2732 ".
1684 2697 1704 2730 ›
1738 2678 1808 2732 Ει
1829 2685 1953 2748 post
1979 2677 2084 2732 alia

503 2787 695 2831 rursus
721 2790 734 2825 :
771 2792 789 2824 ι
813 2773 882 2828 Ει
902 2773 1107 2828 factum
1130 2779 1236 2839 est,
1260 2792 1278 2825 ι
1310 2771 1508 2842 inquit,
1542 2790 1561 2823 ι
1587 2770 1647 2826 in
1668 2784 1858 2827 mense
1880 2769 2080 2841 primo,

500 2862 748 2918 secundo
789 2878 953 2929 anno,
978 2872 1334 2947 posteaquam
1358 2862 1569 2933 egressi
1593 2870 1808 2919 suntex
1826 2861 2080 2934 Egypto,

2190 2317 2248 2369 ὲν
2288 2315 2425 2385 αὐτῇ
2460 2315 2639 2384 σοφῶς
2682 2314 2776 2369 καὶ
2839 2313 3104 2385 εὐτέχνως
3141 2315 3590 2387 ὲκπεποιημένων
3632 2317 3771 2388 πρός

2188 2423 2252 2473 γε
2304 2404 2365 2460 τὸ
2428 2406 2785 2478 παραδειχθὲν
2838 2408 2897 2460 ὲν
2954 2406 3033 2478 τῷ
3083 2405 3199 2478 ὄρει
3252 2408 3446 2471 κάλλος
3470 2448 3484 2474 ,
3533 2409 3770 2479 tremas

2188 2495 2391 2566 Κύριος
2420 2495 2557 2566 πρὸς
2590 2496 2824 2566 Μωσῆν,
2862 2495 3056 2565 λέγων,
3099 2515 3118 2548 ι
3166 2495 3254 2551 Ἐν
3294 2496 3480 2568 ἡμέρᾳ
3516 2500 3615 2569 μιᾷ
3659 2518 3771 2571 μη-

2186 2585 2274 2649 νὸς
2299 2584 2393 2638 τοῦ
2420 2583 2634 2654 πρώτου
2660 2622 2675 2648 ,
2720 2586 3002 2659 νεομηνία,
3050 2587 3270 2658 στήσεις
3295 2588 3394 2658 τὴν
3435 2589 3647 2659 σκηνὴν
3674 2590 3772 2644 τοῦ

2189 2675 2512 2748 μαρτυρίου.
2572 2694 2590 2727 ι
2615 2675 2728 2731 Καὶ
2771 2676 2888 2747 μεθ’
2912 2677 3077 2748 ἔτερα
3101 2677 3288 2731 πάλιν·
3325 2695 3346 2728 ι
3380 2678 3492 2733 Καὶ
3512 2679 3771 2748 ἐγένετο,

2185 2769 2371 2841 φησὶν,
2430 2771 2489 2824 ὲν
2530 2768 2607 2840 τῷ
2660 2768 2792 2839 μηνὶ
2850 2766 2931 2839 τῷ
2977 2767 3209 2840 πρώτῳ,
3260 2768 3341 2841 τῷ
3382 2769 3620 2841 δευτέρῳ
3654 2771 3771 2824 ἔτει

2183 2861 2631 2934 ἐκπορευομένων
2653 2861 2830 2917 αὐτῶν
2857 2860 2917 2925 ἐξ
2932 2860 3207 2930 Αἰγύπτου
3225 2861 3533 2933 νεομηνίας,
3558 2861 3767 2934 ἐστάθη

500 2953 787 3009 novilunio
841 2964 1090 3010 erectum
1142 2963 1227 3010 est
1289 2952 1706 3009 tabernaculum
1750 2971 1763 3009 :
1812 2963 1870 3011 et
1906 2955 2076 3011 erexit

2190 2954 2219 3026 ἡ
2250 2955 2447 3027 σκηνὴ,
2472 2954 2569 3008 καὶ
2591 2953 2789 3025 ἔστησε
2812 2955 3019 3027 Μωσῆς
3047 2952 3146 3025 τὴν
3178 2954 3404 3025 σκηνήν.
3437 2971 3457 3005 ι
3501 2954 3771 3028 Ἐγήγερο

499 3047 716 3118 Moyses
757 3046 1176 3103 tabernaculum
1206 3045 1269 3099 ⁸⁷.
1312 3064 1331 3096 ›
1372 3045 1632 3100 Erectum
1667 3055 1754 3101 est
1789 3047 1959 3118 igitur
1989 3063 2076 3103 ve-

2190 3063 2283 3100 ται
2319 3046 2418 3118 μὲν
2446 3041 2539 3102 οῦν
2564 3088 2579 3112 ,
2612 3046 2755 3102 κατὰ
2786 3047 2850 3101 τὸ
2886 3045 3006 3117 Θεῷ
3034 3044 3247 3110 δοκοῦν,
3280 3045 3313 3117 ἡ
3344 3045 3564 3116 ἀρχαία
3585 3047 3767 3118 σκηνὴ

497 3148 590 3193 tus
622 3138 758 3194 illud
798 3138 1214 3194 tabernaculum
1253 3137 1352 3191 Dei
1383 3136 1689 3203 voluntate,
1722 3139 1867 3208 quod
1898 3139 2076 3194 Eccle-

2190 3138 2288 3209 τῆς
2310 3140 2368 3191 ὲν
2393 3139 2615 3210 Χριστῷ
2634 3139 2929 3210 νοουμένης
2961 3137 3306 3209 Ἐκκλησίας,
3330 3140 3413 3208 ἐφ’
3430 3141 3595 3211 ἑαυτῇ
3636 3143 3770 3204 τοὺς

497 3230 591 3283 siae
631 3245 753 3300 quae
797 3229 851 3282 in
894 3227 1115 3283 Christo
1157 3226 1507 3299 intelligitur,
1548 3227 1605 3281 in
1644 3228 1827 3298 seipso
1884 3228 2076 3299 ﬁguras

2190 3232 2388 3294 τύπους
2416 3227 2476 3286 εὖ
2508 3231 2656 3303 μάλα
2699 3231 3242 3304 προσαναφαίνουσα.
3279 3230 3763 3302 Πολυπραγμονῶ-
3876 3258 3885 3265 -

496 3320 704 3390 optime
748 3319 1055 3390 praeferret.
1106 3317 1214 3375 Sed
1262 3318 1720 3389 pervestigemus,
1754 3319 1801 3373 si
1841 3318 2081 3385 videtur,

2187 3339 2287 3395 μεν
2316 3323 2394 3388 δὲ,
2426 3325 2475 3377 εί
2506 3323 2672 3391 δοκεῖ,
2702 3323 2801 3387 τὰς
2828 3323 3008 3386 αίτίας
3030 3321 3124 3376 τοῦ
3148 3322 3234 3376 διὰ
3262 3323 3505 3388 Μωσέως
3528 3325 3768 3397 ἐγηγέρ-

491 3413 696 3482 quibus
724 3411 792 3466 de
823 3410 1005 3466 causis
1029 3425 1129 3480 per
1152 3409 1373 3482 Moysen
1402 3410 1589 3480 potius
1618 3419 1865 3465 erectum
1891 3411 1980 3466 sit.
2006 3411 2076 3466 Ac

2190 3414 2273 3469 θαι
2310 3414 2508 3486 μᾶλλον
2537 3415 2706 3488 αὐτὴν
2726 3457 2742 3483 ,
2787 3415 3147 3486 σεσιγημένου
3179 3413 3317 3486 πρὸς
3342 3414 3404 3469 τὸ
3428 3417 3604 3488 παρὸν
3650 3419 3765 3489 Ἰη-

494 3504 563 3558 de
584 3504 712 3559 Jesu
740 3502 852 3557 ﬁlio
886 3503 1032 3558 Nave
1060 3502 1129 3557 ad
1156 3517 1400 3572 praesens
1428 3502 1677 3567 sileatur,
1709 3503 1962 3573 quamvis
1990 3503 2082 3559 ille

493 3613 713 3667 semper
752 3597 916 3651 beato
942 3596 1110 3667 Moysi
1145 3605 1347 3665 pmsto
1371 3594 1561 3661 fuerit,
1588 3603 1645 3650 et
1684 3611 1793 3650 una
1832 3596 1888 3649 in
1920 3610 2079 3649 mon-

2184 3509 2278 3562 σοῦ
2310 3509 2404 3563 τοῦ
2448 3509 2643 3582 Ναυῆ,
2711 3509 2894 3565 καίτοι
2927 3508 3333 3579 παρεστηκότος
3366 3508 3455 3562 ἀεὶ
3498 3507 3576 3580 τῷ
3616 3527 3764 3563 παν-

2182 3600 2388 3673 αρίστῳ
2405 3603 2598 3673 Μωσῇ,
2616 3601 2710 3656 καὶ
2730 3600 3270 3673 συναναθρώσκοντος
3296 3601 3394 3671 μὲν
3426 3601 3519 3655 ὲπὶ
3540 3600 3601 3656 τὸ
3632 3602 3765 3673 ὅρος

494 3701 606 3744 tem
636 3688 767 3742 Sina
788 3687 1192 3752 conscenderit,
1226 3694 1283 3741 et
1311 3687 1381 3742 ab
1410 3687 1591 3758 Moyse
1638 3687 1853 3757 iussum
1875 3687 2076 3741 bellum

2190 3693 2239 3746 τὸ
2268 3694 2418 3760 Σινᾶ,
2451 3693 2813 3766 πολεμοῦντος
2836 3695 2893 3749 δὲ
2926 3696 3020 3750 καὶ
3053 3695 3440 3763 ἀντεξάγοντος
3458 3694 3538 3765 τῷ
3579 3695 3764 3767 Ἀμα-

491 3778 746 3850 gesserit,
777 3786 833 3832 et
861 3793 986 3833 cum
1017 3777 1241 3832 Amalec
1273 3778 1427 3848 signa
1464 3777 1779 3834 contulerit.
1814 3777 1907 3834 Sic
1930 3779 2076 3833 enim

2190 3786 2282 3858 λὴκ
2310 3787 2404 3840 διὰ
2435 3792 2619 3860 φωνῆς
2645 3790 2907 3852 Μωσέως.
2953 3791 3097 3859 Ἔφη
3130 3791 3240 3861 γάρ
3271 3806 3371 3844 που
3402 3789 3537 3861 πρὸς
3567 3790 3760 3857 αὐτὸν,

491 3868 572 3923 illi
600 3868 737 3923 dixit
766 3886 778 3921 :
817 3887 835 3919 ι
863 3868 1016 3938 Elige
1039 3867 1139 3922 tibi
1162 3867 1312 3923 viros
1334 3868 1525 3934 fortes,
1547 3877 1603 3924 et
1623 3884 1879 3940 egressus
1896 3884 2076 3940 pugna

2190 3898 2205 3931 ι
2251 3878 2527 3944 Ἐπίλεξαι
2569 3880 2780 3953 σεαυτῷ
2817 3881 3017 3955 ἄνδρας
3051 3881 3311 3945 δυνατοὺς
3334 3918 3351 3946 ,
3396 3878 3493 3936 καὶ
3520 3881 3763 3948 ἐξελθὼν

488 3972 615 4011 cum
654 3955 877 4012 Amalec
907 3972 1030 4011 cras
1055 3956 1116 4009 ³⁸.
1151 3974 1171 4009 ι
1204 3955 1273 4010 Et
1293 3970 1620 4027 congressus
1659 3965 1765 4021 est,
1823 3972 1888 4011 ac
1918 3955 2071 4010 vicit.

2190 3969 2488 4042 παράταξαι
2534 3969 2610 4040 τῷ
2647 3969 2892 4041 Ἀμαλὴκ
2928 3969 3136 4040 αὔριον.
3175 3987 3196 4024 ι
3236 3971 3346 4025 Καὶ
3372 3971 3759 4041 παρετάξατο,

488 4049 748 4117 Quianam
778 4050 850 4104 sit
877 4049 1043 4120 igitur
1068 4049 1233 4121 hujus
1261 4048 1342 4103 rei
1377 4049 1538 4115 ratio,
1568 4065 1750 4106 nonne
1777 4050 2074 4120 exquiren-

2190 4063 2268 4114 ια).
2296 4061 2567 4129 νενίκηκε.
2622 4060 2718 4124 Τίς
2755 4057 2847 4115 οὖν
2885 4061 2992 4132 ἄρα
3042 4062 3191 4115 ἐστὶν
3225 4064 3253 4117 ὁ
3284 4061 3438 4115 τοῦδε
3478 4062 3655 4131 λόγος,
3693 4065 3762 4121 οὐ

488 4144 619 4197 dum
647 4142 844 4212 putas?

2190 4151 2480 4220 ἱοκιμάζειν
2508 4149 2657 4216 ἄξιον
2677 4165 2691 4215 ;

556 4234 754 4291 PALL.
793 4234 1025 4290 Maxime
1058 4250 1211 4290 vero.

2243 4243 2454 4295 ΠΑΛΛ.
2496 4241 2646 4294 Πάνυ
2680 4240 2780 4311 μὲν
2812 4234 2926 4295 οῦν.

552 4326 710 4382 CYR.
751 4326 808 4382 Si
857 4327 1025 4398 igitur
1069 4327 1127 4381 in
1170 4342 1499 4398 unaquaque
1534 4343 1594 4382 re
1627 4338 1781 4400 gesta
1823 4335 2068 4406 mysterii

2241 4328 2404 4382 ΚΥΡ.
2434 4327 2642 4392 Οιὶκοῦν
2678 4328 2762 4398 ἐφ’
2793 4328 3010 4398 ἑκάστῳ
3045 4327 3155 4381 τῶν
3197 4326 3490 4400 δρωμένων
3523 4331 3613 4385 τὸν
3655 4334 3758 4389 τοῦ

481 4419 756 4473 rationem
802 4419 927 4489 quis
969 4417 1122 4482 velit,
1159 4417 1341 4487 quoad
1385 4418 1503 4473 ﬁeri
1549 4423 1776 4490 poterit,
1810 4434 2065 4481 accurate

2190 4420 2482 4491 μυστηρίου
2513 4419 2669 4488 λόγον
2698 4419 2856 4490 εἴπερ
2883 4418 3056 4473 ἓλοιτό
3080 4435 3163 4483 τις
3188 4420 3508 4492 ἐξακριϐοῦν
3541 4421 3618 4486 ὠς
3645 4424 3754 4491 ἔνι,

483 4520 742 4575 tractare,
777 4508 1194 4579 obstupefactus
1237 4508 1425 4566 dicet:
1463 4529 1481 4561 ι
1511 4509 1556 4566 Ο
1581 4512 1815 4568 altitudo
1849 4514 2066 4571 divitia-

479 4615 605 4654 rum
644 4606 701 4654 et
746 4598 1037 4667 sapientia:
1075 4607 1131 4653 e‘t
1178 4599 1423 4654 scientiae
1447 4599 1547 4655 Dei
1577 4600 1648 4655 ποι
1686 4622 1704 4653 ι
1749 4603 1885 4658 Vide
1915 4607 2064 4660 enim

479 4707 644 4762 quam
685 4691 906 4747 subtilis
957 4699 1013 4747 et
1042 4706 1209 4761 quam
1248 4692 1401 4748 utilis
1438 4693 1509 4748 sit
1546 4693 1605 4748 in
1646 4711 1972 4768 unaquaque
2002 4715 2062 4755 re

479 4798 675 4839 sensus
703 4802 716 4838 :
753 4800 901 4849 nam,
933 4784 1267 4840 ascendente
1300 4785 1357 4839 in
1395 4796 1637 4849 montem
1672 4789 1833 4849 beato
1858 4791 2061 4864 Moyse,

478 4874 644 4928 simul
688 4874 936 4929 ascendit
978 4874 1177 4929 Iesus:
1211 4889 1393 4944 neque
1438 4876 1586 4930 enim
1625 4879 1786 4935 aliter
1820 4882 1959 4937 adiri
1995 4883 2062 4938 ad

477 4963 698 5033 Patrem
744 4972 926 5035 potest
971 4965 1077 5021 nisi
1117 4979 1218 5034 per
1254 4964 1454 5019 Filium
1494 4983 1664 5033 :vere
1700 4971 1847 5026 enim
1883 4973 2057 5032 dicit:

485 5072 503 5105 ‹
536 5053 713 5110 Nemo
736 5058 887 5112 venit
909 5058 979 5113 ad
1000 5058 1220 5113 Patrem
1243 5054 1350 5111 nisi
1374 5071 1475 5128 per
1497 5073 1586 5114 me
1611 5061 1677 5113 '°.
1710 5081 1728 5113 ι
1762 5062 1820 5117 In
1841 5063 2061 5122 Christo

476 5145 647 5216 igitur
680 5147 814 5219 ipsis
848 5163 1068 5219 quoque
1100 5147 1304 5204 sanctis
1345 5148 1483 5203 viris
1522 5160 1674 5220 patet
1712 5153 1926 5223 aditus;
1957 5172 2057 5213 ne-

472 5249 580 5304 que
632 5238 891 5305 cuiquam
941 5237 1022 5292 fas
1066 5246 1154 5294 est
1202 5238 1273 5293 ad
1322 5240 1594 5295 excelsam
1654 5242 2056 5317 sublimemque

473 5328 992 5400 contemplationem
1031 5331 1187 5398 quasi
1224 5330 1280 5384 in
1323 5339 1567 5387 montem
1600 5336 1920 5405 ascendere,
1954 5355 2054 5395 ne-

472 5432 576 5485 (με
652 5434 784 5474 vero
848 5420 1078 5490 propius
1143 5421 1211 5476 ad
1270 5423 1439 5478 Deum
1513 5426 1811 5496 accedere,
1887 5431 2053 5502 329

2171 4509 2564 4582 κατατεθηπὼς
2592 4512 2709 4582 ἐρεῖ
2756 4511 2844 4575 τὸ,
2882 4528 2902 4562 ι
2947 4506 3019 4563 Ὦ
3048 4509 3211 4582 βάθος
3267 4512 3501 4567 πλούτου
3531 4514 3627 4567 καὶ
3661 4532 3757 4570 σο-

2171 4604 2298 4673 φίας
2336 4603 2431 4657 καὶ
2464 4600 2721 4671 γνώσεως
2750 4600 2918 4656 Θεοῦι
2959 4618 2980 4653 ι
3012 4601 3202 4673 ’Δθρει
3229 4601 3336 4673 γὰρ
3376 4602 3525 4667 ὅπως
3550 4602 3755 4670 λεπτός

2168 4711 2228 4750 τε
2261 4695 2356 4750 καὶ
2399 4695 2696 4762 ἀναγκαῖος
2722 4694 2751 4746 ὁ
2779 4693 2865 4762 ἐφ’
2895 4692 3110 4763 ἑκάστῳ
3130 4691 3255 4756 νοῦς
3277 4705 3291 4719 ·
3323 4690 3604 4746 ἀναθέοντι
3649 4695 3756 4762 μὲν

2167 4789 2277 4861 γὰρ
2304 4790 2384 4854 εἰς
2408 4788 2469 4847 τὸ
2500 4788 2625 4858 ὅρος
2654 4786 2732 4858 τῷ
2761 4785 3033 4857 θεσπεσίῳ
3060 4782 3594 4854 Μωσῇ,·συνάνεισιν
3644 4783 3754 4853 Ἰη-

2171 4879 2320 4945 σοῦς’
2348 4880 2408 4934 οὐ
2437 4879 2547 4953 γὰρ
2568 4877 2824 4951 προσιτδς
2843 4876 3086 4948 ἑτέρωςὸ
3106 4873 3322 4947 Πατὴρ,
3340 4875 3389 4927 εί
3417 4873 3492 4945 μὴ
3506 4874 3572 4928 δι’
3585 4872 3750 4927 Υἰοῦ.

2164 4972 2276 5027 Καὶ
2305 4973 2417 5044 γάρ
2453 4972 2601 5026 ἐστιν
2626 4968 2843 5041 ἀληθὲς,
2889 4970 2939 5023 εί
2994 4968 3225 5036 λέγοιτο·
3244 4985 3264 5018 ι
3290 4965 3478 5029 Οὐδεὶς
3518 4964 3749 5037 ἔρχεται

2164 5065 2303 5138 πρὸς
2325 5065 2418 5119 τὸν
2452 5063 2693 5134 Πατέρα,
2724 5062 2773 5115 εἰ
2805 5060 2880 5133 μὴ
2900 5060 2966 5114 δι’
2989 5059 3145 5132 ἐμοῦ.
3178 5077 3197 5110 ι
3233 5058 3320 5112 Ἐν
3365 5058 3588 5129 Χριστῷ
3627 5076 3748 5112 τοι-

2164 5158 2367 5231 γαροῦν
2401 5157 2497 5212 κα)⁸
2531 5156 2715 5220 αὐτοῖς
2769 5157 2881 5218 τοῖς
2909 5153 3083 5223 ἁγίοις
3121 5153 3155 5222 ή
3196 5150 3477 5222 πρόσοδοςο
3509 5151 3605 5205 καὶ
3640 5150 3747 5203 οὐκ

2163 5252 2229 5306 ἄν
2259 5268 2343 5315 τις
2365 5250 2606 5314 δύναιτο,
2628 5246 2879 5317 καθάπερ
2905 5245 2985 5308 εἰς
3013 5244 3161 5313 ὅρος,
3190 5242 3472 5313 ἀναπηδᾷν
3491 5243 3570 5305 είς
3597 5242 3746 5314 ὑψη-

2161 5341 2260 5411 λήν
2288 5357 2408 5394 τινα
2439 5339 2533 5394 καὶ
2566 5337 2853 5408 ὑπερφερῆ
2880 5332 3133 5405 θεωρίαν,
3163 5333 3276 5386 ἀλλ’
3302 5332 3410 5387 οὐδ’
3432 5331 3518 5395 ἂν,
3554 5327 3741 5402 οἶμαι,

2157 5433 2241 5496 τὶς
2268 5430 2438 5503 ἀγχοῦ
2453 5430 2660 5500 γένοιτο
2682 5428 2837 5493 Θεοῦ,
2869 5425 3009 5481 κατὰ
3034 5423 3231 5497 τρόπον
3253 5422 3308 5478 δὲ
3334 5420 3576 5479 δηλονότι
3606 5437 3744 5478 συν·

500 5578 504 5583 i
542 5601 773 5658 "Exod.
799 5620 885 5671 τι,
911 5603 1035 5670 1,9...
1111 5605 1150 5635 "
1177 5603 1308 5660 ibid.
1341 5608 1423 5671 ιδ,
1454 5606 1534 5661 l6.
1616 5607 1658 5638 ¹⁸
1693 5608 1862 5663 Exod.
1889 5626 2014 5677 xvu,
2045 5610 2262 5681 9,5eqq.
2365 5611 2405 5645 ¹⁹
2428 5611 2582 5669 Rom.
2612 5626 2685 5676 xx,
2720 5608 2806 5665 '53.
2885 5608 2931 5641 "
2959 5607 3113 5665 Joan.
3162 5624 3266 5675 xn',
3290 5608 3343 5662 6.
