3962 6296
242 202 341 259 635

989 203 1078 259 DE
1107 200 1554 258 .ADORATIONE
1594 201 1663 256 IN
1704 197 1976 258 SPlRlTU
2002 198 2091 255 ET
2131 195 2500 254 \‘ERITATE.
2542 194 2672 249 Ll‘B.
2703 191 2771 247 Χ.

3396 192 3501 248 σπι

245 321 475 389 αςεεας,
522 319 627 390 τῆς
677 321 738 372 ἐν
780 320 1052 392 πνεύματι
1092 322 1187 375 καὶ
1221 321 1477 393 ἁγιασμῷ
1511 321 1784 384 πολιτείας
1809 364 1822 385 ,
1856 374 1858 380 λ

1962 335 1994 376 o
2032 319 2294 380 nimirum
2336 314 2737 386 conjunctionis
2781 313 2964 380 modo,
2996 312 3092 384 qui
3130 314 3185 368 in
3225 312 3420 383 spiritu
3446 322 3503 369 et

252 410 323 484 μὴ
355 410 480 480 οὐχὶ
514 412 772 475 συνόντος
798 429 857 465 τε
887 412 1036 484 αὐτῷ
1077 411 1172 466 τοῦ
1216 412 1565 484 Ἐμμανουὴλ
1584 453 1598 476 ,
1628 412 1723 477 καὶ
1758 412 1828 465 τὰ

1958 411 2215 464 anctitate
2244 405 2677 467 conversationis
2694 403 2951 472 eﬂicitur,
2974 404 3083 460 nisi
3114 405 3193 467 illi
3213 404 3357 461 adsit
3374 405 3503 460 Em-

247 499 557 572 ἀνθρὼποις
585 500 852 570 ἀνέφικτα
908 501 1114 577 βάσιμα
1136 502 1372 568 τιθέντος
1400 502 1494 558 καὶ
1525 502 1824 574 ίππήλατα.

250 593 356 646 Καὶ
391 589 577 655 τοῦτο,
609 588 783 664 οἶμαι,
838 594 957 647 ἐστὶ
987 593 1049 648 τὸ
1076 593 1163 647 διὰ
1206 594 1389 666 φωνῆς
1423 592 1643 648 Ἡσαΐου
1677 593 1828 664 είρη-

1928 501 2168 566 manucl,
2193 508 2270 564 et,
2298 514 2419 570 qua:
2442 496 2758 555 hominibus
2778 495 2950 550 ardua
2977 503 3106 551 sunt
3122 505 3179 552 et
3202 497 3500 559 inaccessa.

1928 593 2113 665 pervia
2150 592 2342 647 reddat
2371 606 2434 645 ac
2470 589 2670 660 plana:
2734 588 2898 659 idque
2925 603 3045 644 esse
3078 589 3319 649 arbitror
3356 589 3505 662 quod

253 682 430 754 μένον,
469 702 490 736 ι
524 685 687 739 Πᾶσα
712 685 931 758 φάραγξ
959 686 1411 761 πληρωθήσεται,
1443 687 1539 741 καὶ
1566 688 1673 740 πᾶν
1706 685 1829 757 ὅρος

1964 694 2014 740 st
2043 684 2194 739 lsaiae
2218 698 2352 739 voce
2375 682 2583 737 dictum
2610 698 2622 734 :
2659 699 2677 733 ι
2708 678 2898 735 Omnis
2916 680 3073 741 vallis
3096 680 3429 751 implebitur,
3450 697 3509 738 et

251 775 342 826 καὶ
393 774 585 844 βουνὸς
626 776 1130 846 ταπεινωθήσεται,
1165 778 1261 831 καὶ
1310 779 1490 836 πάντα
1539 776 1608 831 τὰ
1642 775 1831 838 σκολιὰ

1958 777 2111 833 ιῐιῖῐὶίε
2140 788 2300 832 mons
2334 784 2391 830 et
2420 775 2576 839 collis
2602 773 3006 840 humiliabitur,
3037 782 3094 838 et
3132 774 3313 830 omnia
3341 790 3508 845 prava

251 864 404 918 ἔσται
438 868 521 930 είς
553 866 767 922 εὐθεῖαν
789 908 803 932 ,
839 869 934 924 καὶ
959 871 1016 924 αἱ
1048 872 1297 940 τραχεῖαι
1320 869 1401 933 εἰς
1425 868 1580 933 ὁδοὺς
1600 867 1769 932 λείας.
1806 885 1826 919 ι

1958 879 2096 926 erunt
2134 869 2189 923 in
2220 868 2448 933 directa,
2498 877 2556 923 et
2590 882 2784 941 aspera
2829 867 2884 921 in
2927 866 3047 922 vias
3078 866 3269 938 planas
3292 865 3358 920 “.
3398 885 3417 918 ι
3446 865 3509 921 In

262 957 351 1010 Ἐν
376 956 601 1029 Χριστῷ
626 958 735 1030 γὰρ
765 960 897 1030 ἡμῖν
930 960 1025 1013 καὶ
1055 960 1124 1013 τὰ
1146 960 1351 1031 ἀνάντη
1384 959 1524 1025 λεῖα,
1559 958 1654 1013 καὶ
1676 957 1831 1028 βάσι-

257 1065 353 1118 μον
390 1050 453 1101 τδ
482 1050 687 1121 τραχύ·
739 1049 877 1120 ψιλὰ
908 1051 967 1105 δὲ
1001 1051 1085 1105 καὶ
1126 1050 1327 1117 ὕπτια,
1373 1051 1441 1105 τὰ
1469 1050 1827 1122 ὃυσπόρευτα.

254 1134 364 1190 Kal
392 1136 527 1207 γὰρ,
559 1137 636 1200 ὡς
676 1138 837 1202 αὑτός
884 1155 988 1191 που
1030 1139 1191 1195 πάλιν
1228 1140 1393 1213 φησιν
1436 1143 1465 1193 6
1513 1141 1831 1219 προφήτης,

1930 960 2153 1017 Christo
2174 960 2321 1015 enim
2341 959 2507 1016 nobis
2533 958 2705 1019 ardua
2729 958 2911 1014 omnia
2946 959 3107 1030 plana
3136 966 3285 1024 sunt,
3327 966 3383 1013 et
3419 972 3511 1013 as-

1932 1068 2064 1124 pera
2093 1052 2282 1123 pervia
2309 1092 2322 1118 ,
2360 1051 2540 1106 facilia
2568 1051 2696 1105 item
2729 1065 2792 1104 ac
2821 1064 3015 1120 prona,
3045 1066 3166 1120 qua:
3204 1058 3333 1105 sunt
3362 1050 3515 1105 inac-

1935 1160 2088 1201 cessa
2119 1164 2131 1198 :
2160 1144 2221 1199 u't
2253 1145 2399 1200 enim
2428 1144 2697 1215 propheta
2719 1143 2810 1198 ille
2832 1144 2978 1199 idem
3000 1144 3130 1200 alibi
3161 1144 3318 1210 dicit,
3366 1163 3383 1196 ι
3413 1144 3513 1200 Via

260 1244 280 1277 ι
320 1226 473 1291 Ὁδὸς
503 1228 747 1285 εὐσεϐῶν
766 1228 947 1284 εὐθεῖα
974 1230 1208 1299 ἐγένετο,
1226 1233 1319 1295 καὶ
1343 1230 1834 1304 παρεσκευασμένη

1958 1237 2154 1292 »ἱοτυπι
2188 1243 2336 1292 recta
2371 1235 2511 1291 facta
2542 1245 2628 1291 est
2660 1253 2673 1288 :
2706 1244 2898 1310 parata
2930 1244 3014 1292 est
3041 1236 3129 1291 via
3151 1235 3366 1307 piorum
3388 1237 3454 1290 ”.
3487 1255 3505 1288 ι

254 1319 288 1388 ἡ
311 1319 430 1383 ὁδὸς
454 1320 566 1373 τῶν
591 1319 852 1377 εὐσεϐῶν.
896 1339 915 1373 ι
950 1322 1160 1378 Οὐκοῦν
1192 1324 1505 1393 ἀναγκαίως
1535 1322 1836 1383 συνάγεισιν

1958 1328 2256 1384 lecessario
2283 1328 2448 1399 igitur
2488 1343 2596 1383 una
2638 1343 2764 1385 cum
2797 1327 2959 1383 beato
2988 1327 3169 1399 Moyse
3196 1327 3516 1384 conscendit

269 1409 479 1480 Ἰησοῦς
498 1409 578 1483 τῷ
603 1409 878 1483 θεσπεσίῳ
897 1413 1095 1484 Μωσῇ.
1130 1414 1395 1486 Προσιτὸς
1423 1414 1556 1486 γὰρ,
1580 1413 1656 1477 ὡς
1678 1412 1834 1484 ἔφην,

258 1501 287 1552 6
311 1501 504 1573 Πατὴρ
548 1501 616 1555 δι’
644 1502 798 1568 Υίοῦ,
826 1503 922 1557 καὶ
947 1503 1109 1568 αὑτός
1150 1507 1299 1558 εστιν
1341 1506 1371 1559 6
1415 1504 1665 1576 μεσίτης,
1706 1520 1835 1557 συν-

262 1598 447 1652 άπτων
468 1599 622 1670 ἡμᾶς
648 1599 716 1652 δι’
749 1598 964 1668 ἑαυτοῦ,
996 1600 1091 1655 καὶ
1115 1603 1173 1655 ὲν
1200 1602 1313 1666 τοῖς
1343 1600 1485 1673 ὑπὲρ
1502 1598 1668 1671 φύσιν
1694 1596 1840 1669 ὑψώ-

1936 1419 2124 1487 Jesus;
2162 1436 2309 1486 nam,
2354 1428 2416 1476 ut
2450 1419 2616 1474 modo
2641 1419 2777 1485 dixi,
2816 1434 2915 1489 per
2942 1419 3142 1474 Filium
3170 1418 3309 1474 adiri
3335 1428 3518 1491 potest

1938 1511 2007 1566 ad
2033 1500 2273 1576 Patrem,
2302 1520 2359 1567 et
2389 1512 2504 1582 ipse
2541 1511 2712 1566 Filius
2737 1511 3005 1567 mediator
3026 1518 3130 1577 est,
3157 1511 3251 1582 qui
3279 1526 3381 1566 nos
3407 1500 3517 1582 per

1940 1618 1997 1658 se
2024 1604 2322 1676 conjungit,
2355 1612 2410 1659 et
2439 1603 2506 1659 ad
2544 1604 2689 1657 illam
2711 1603 3125 1667 sublimitatem,
3156 1617 3276 1673 quae
3301 1611 3386 1658 est
3413 1618 3515 1657 na-

265 1706 431 1758 μασιν
468 1690 838 1760 ἀνακομίζων.
887 1691 1269 1763 Παρετέτακτο
1298 1691 1355 1745 δὲ
1395 1670 1492 1745 σὺν
1519 1670 1840 1753 ἀπλέκτοις

1958 1711 2065 1755 uta
2095 1670 2470 1760 excellentior,
2509 1695 2747 1750 attollit:
2791 1694 2963 1751 aciem
2987 1670 3206 1765 quoque
3243 1710 3369 1750 cum
3407 1693 3518 1748 illis

262 1779 515 1851 ἀνδράσι,
541 1780 637 1833 καὶ
665 1779 823 1840 ἐνίκα
853 1779 944 1834 τὸν
979 1780 1247 1852 Ἀμαλήκ.
1291 1778 1706 1851 Ἐπιλεξάμενος
1730 1777 1839 1850 γὰρ

261 1871 387 1934 τοὺς
412 1871 604 1940 ἀγίους
635 1871 665 1923 6
700 1871 956 1943 Χριστὸς,
991 1865 1066 1926 ὧν
1091 1871 1315 1947 ἀπαρχὴ
1345 1871 1629 1942 γεγόνασιν
1655 1872 1704 1924 oi
1726 1869 1843 1927 θεσ-

1958 1879 2193 1937 Ξιπίειιιε
2219 1878 2388 1942 enim,
2413 1893 2539 1933 cum
2566 1885 2784 1933 sanctos
2809 1878 2958 1933 viros
2978 1878 3252 1949 elegisset,
3283 1892 3520 1948 quorum
3634 1923 3645 1932 .

1940 1789 2157 1844 selectis
2182 1787 2526 1859 egregiisque
2549 1787 2687 1841 viris
2726 1787 3006 1851 instruxit,
3045 1794 3101 1842 et
3119 1785 3252 1842 vicit
3274 1785 3515 1841 Amalec.

264 1962 442 2017 πὲσιοι
492 1962 767 2034 μαθηταὶ,
802 1965 1060 2035 νενίκηκε
1096 1965 1189 2024 τὸν
1235 1964 1477 2036 ἀρχηγὸν
1504 1963 1600 2017 τοῦ
1647 1961 1842 2026 αἰῶνος

1958 1972 2195 2043 primitiae
2229 1971 2377 2027 beati
2426 1971 2506 2026 illi
2546 1969 2802 2040 discipuli
2831 1968 3076 2034 fuerunt,
3109 1969 3243 2025 vicit
3277 1969 3367 2025 ille
3388 1969 3520 2049 qui-

265 2051 454 2114 τούτου
471 2069 486 2082 ο
506 2053 712 2123 Μωσῆς
743 2052 803 2112 δὲ
826 2055 855 2107 6
878 2054 1113 2109 κελεύων
1140 2050 1207 2127 ἦν
1225 2070 1241 2088 ·
1273 2055 1463 2126 γέγονε
1496 2054 1606 2129 γάρ
1630 2053 1735 2107 ὑπὸ
1757 2053 1844 2106 νό-

269 2159 370 2221 μον
394 2144 425 2196 6
454 2143 606 2207 Υἱὸς,
634 2144 812 2198 καίτοι
838 2144 1136 2217 νομοθέτης
1166 2146 1427 2216 ὑπάρχων
1445 2146 1521 2209 ὡς
1546 2143 1699 2208 Θεύς.
1734 2143 1846 2198 Καὶ

266 2235 364 2306 τῆς
412 2235 776 2309 παρατάξεως
818 2237 848 2290 6
890 2234 1085 2307 καιρὸς
1131 2238 1193 2290 οὐ
1250 2236 1370 2290 κατ’
1411 2235 1579 2313 αὐτὴν
1627 2235 1844 2306 εκείνην

271 2329 572 2406 ἐπράττετο
595 2329 697 2401 τὴν
724 2330 964 2401 ἡμέραν,
1000 2329 1123 2383 καθ’
1145 2329 1212 2401 ἢν
1240 2331 1289 2383 οί
1318 2329 1563 2393 Μωσέως
1589 2327 1846 2397 γεγόνασι

270 2420 435 2487 λόγοι,
472 2421 591 2475 ἀλλ’
614 2423 698 2486 είς
718 2422 817 2494 τὴν
845 2420 1054 2493 αὔριον,
1082 2420 1225 2475 τοῦτ’
1255 2421 1423 2486 ἔστιν,
1453 2423 1533 2485 είς
1555 2418 1848 2495 ὑπέρθεσιν

273 2512 462 2584 ἑτέρου
483 2507 697 2584 καιροῦ.
720 2499 1102 2591 Προηγόρευσε
1123 2511 1233 2583 γὰρ
1255 2513 1287 2569 6
1302 2512 1466 2583 νόμος
1490 2510 1561 2565 τὰ
1588 2511 1843 2583 ἐσόμενα,

275 2604 369 2663 καὶ
402 2603 516 2656 τῶν
539 2602 637 2657 τοῦ
671 2604 926 2676 mea”;
965 2603 1409 2676 κατορθωμάτων
1437 2602 1699 2676 λαμπρὰν
1736 2601 1848 2672 ἔχει

274 2693 370 2765 τὴν
412 2695 718 2767 ἀφήγησιν,
758 2695 817 2749 ει
856 2697 1030 2750 νοοῖτο
1081 2694 1487 2767 πνευματικῶς.
1542 2693 1847 2767 Ταύτῃτοι,

279 2788 529 2860 καθάπερ
563 2780 799 2859 ἐγῷμαι,
821 2787 915 2841 καὶ
945 2787 1045 2859 τὴν
1076 2786 1240 2856 άγίαν
1271 2786 1475 2859 σκηνὴν
1508 2785 1804 2855 ἀνέστησεν
1824 2787 1853 2839 6

278 2878 506 2949 Μωσῆς.
535 2879 693 2934 Ἐστι
726 2878 838 2959 γὰρ
875 2878 977 2937 οὐκ
1014 2877 1312 2958 ἀσυντελὴς
1341 2880 1375 2951 ἡ
1400 2876 1488 2932 διὰ
1524 2878 1692 2948 νόμου
1721 2879 1849 2931 παί-

1942 2041 2066 2120 dem
2105 2064 2410 2134 principem
2443 2060 2848 2132 hujus'szeculi;
2893 2057 2988 2115 sed
3048 2057 3228 2131 Moyse
3261 2041 3521 2129 jubeute;

1943 2154 2122 2217 (actus
2144 2161 2229 2209 est
2248 2152 2394 2208 enim
2422 2150 2525 2207 sub
2552 2151 2669 2222 lege
2693 2149 2887 2215 Filius,
2901 2150 3154 2220 quamvis
3179 2149 3325 2205 idem
3352 2150 3522 2221 legis-

1946 2245 2089 2302 lator
2112 2252 2278 2308 esset,
2330 2258 2439 2313 qua
2462 2242 2609 2298 Deus
2631 2248 2770 2307 erat.
2798 2240 2999 2311 Pugnae
3016 2247 3282 2311 praeterea
3311 2249 3527 2311 tempus

1944 2353 2056 2393 non
2090 2338 2209 2409 ipso
2239 2337 2327 2405 die
2351 2336 2479 2401 fuit,
2512 2349 2623 2407 quo
2644 2334 2857 2415 Moyses
2874 2332 3059 2405 jussit,
3094 2334 3192 2399 sed
3227 2332 3524 2415 postridie,

1947 2430 2140 2495 idest,
2173 2429 2342 2492 dilata
2382 2437 2466 2484 est
2503 2426 2563 2482 in
2606 2426 2754 2481 aliud
2794 2433 3028 2501 tempus,
3070 2425 3208 2485 Nam
3228 2425 3317 2481 lex
3342 2425 3529 2481 futura

1947 2521 2371 2594 praenuntiabat,
2400 2528 2457 2576 et
2483 2519 2786 2576 Salvatoris
2812 2518 2990 2575 nostri
3024 2533 3112 2575 res
3147 2518 3408 2589 praeclare
3431 2532 3528 2589 ge-

1950 2623 2062 2671 stas
2083 2613 2368 2687 splendide
2399 2611 2762 2677 demonstrat,
2792 2609 2840 2676 si
2868 2609 3231 2685 spiritualiter
3257 2608 3528 2680 intelliga-

1950 2713 2060 2760 tur.
2092 2705 2206 2761 Hac
2245 2704 2313 2761 do
2338 2720 2524 2769 causa,
2555 2702 2663 2767 nisi
2691 2701 2870 2767 fallor,
2913 2701 3080 2763 etiam
3119 2699 3529 2756 tabernaculum

1949 2796 2127 2852 erexit
2164 2796 2394 2867 Moyses.
2436 2794 2625 2865 Neque
2659 2792 2806 2849 enim
2847 2791 2940 2858 illa
2968 2790 3105 2862 legis
3134 2790 3419 2862 disciplina
3448 2800 3535 2853 est

1952 2889 2021 2944 ad
2047 2888 2309 2944 Ecclesiae
2340 2886 2789 2947 constitutionem
2823 2883 3063 2951 inutilis;
3102 2898 3228 2938 nam
3268 2881 3337 2937 ad
3368 2881 3535 2938 Chri-

279 2972 456 3034 δευσις
476 2972 565 3044 εἰς,
587 2970 687 3041 τὴν
700 2971 799 3042 τῆς
840 2970 1167 3042 Ἐκκλησίας
1195 2969 1475 3024 σύστασιν.
1505 2969 1854 3039 Παιδαγωγεῖ

1958 2988 2097 3036 stum
2124 2979 2377 3037 homines
2408 2977 2584 3041 ducit,
2615 2976 2709 3047 qui
2738 2972 2996 3029 Ecclesia:
3028 2979 3191 3041 caput
3210 2977 3313 3037 est,
3343 2977 3400 3027 et
3421 2986 3569 3026 om?-

280 3064 385 3134 γάρ
409 3064 492 3126 είς
520 3064 776 3134 Χριστὸν,
801 3064 861 3128 ὅς
888 3063 1036 3116 εστιν
1063 3065 1098 3134 ἡ
1130 3060 1340 3133 κεφαλὴ
1365 3061 1466 3131 τῆς
1506 3060 1853 3133 Ἐκκλησίας,

283 3156 375 3215 καὶ
395 3157 430 3226 ἡ
453 3156 608 3211 πᾶσα
626 3153 914 3224 σύστασιςξ,
963 3155 1153 3221 στύλος
1181 3158 1276 3210 καὶ
1301 3155 1578 3230 ἑδραίωμα
1601 3156 1700 3227 τῆς
1727 3154 1860 3224 άλη-

284 3246 432 3310 θείας
457 3284 474 3312 ,
507 3246 651 3301 κατά
691 3247 752 3301 τὸ
800 3248 1204 3320 γεγραμμένον.
1259 3248 1373 3302 Καὶ
1400 3247 1534 3317 γοῦν
1584 3245 1861 3310 Ἰουδαίοις

285 3338 752 3419 προσπεφώνηκεν
780 3339 808 3401 6
835 3339 1068 3411 Χριστός
1087 3355 1102 3370 ο
1139 3358 1159 3393 ι
1198 3339 1263 3392 El
1297 3337 1611 3399 ἐπιστεύετε
1651 3338 1822 3409 Μωσῇ
1844 3374 1861 3402 ,

288 3432 608 3495 ἐπιστεύετε
630 3432 697 3486 ἂν
719 3433 815 3486 καὶ
850 3431 993 3503 ὲμοί·
1026 3431 1289 3505 περὶγὰρ
1313 3431 1447 3504 ἐμοῦ
1472 3432 1679 3494 ἐκεῖνος
1701 3429 1865 3503 ἔγρα-

289 3525 407 3595 ψεν.
444 3542 461 3578 ι
492 3524 783 3594 οἰκοδομεῖ
799 3525 1087 3599 τοιγαροῦν
1111 3526 1207 3579 καὶ
1227 3527 1256 3579 6
1275 3523 1504 3595 Μωσῆς,
1527 3522 1677 3577 τοῦτ’
1697 3522 1866 3587 ἐστιν,

289 3618 325 3687 ἡ
358 3616 447 3670 διὰ
493 3617 659 3687 νόμου
693 3615 995 3684 παίδευσις,
1025 3616 1126 3689 τὴν
1165 3614 1494 3686 Ἐκκλησίαν
1520 3613 1784 3688 Χριστοῦ,
1806 3614 1870 3669 τὸ

293 3706 361 3758 ἐκ
374 3702 388 3723 ⁸
406 3705 548 3784 αὐτῇ
581 3707 757 3778 μυστή
769 3724 880 3777 ριον
897 3707 974 3771 ὡς
989 3709 1047 3760 ὲν
1066 3708 1245 3770 σκιαῖς
1264 3704 1344 3759 ἔτι
1366 3702 1866 3779 προαναφαίνουσα.

297 3796 595 3874 Πρόσωπον
612 3797 669 3851 δὲ
692 3797 754 3851 τὸ
786 3799 1031 3862 Μωσέως
1060 3797 1182 3868 ,ἐσθ’
1208 3799 1298 3853 ὅτε
1326 3797 1418 3851 τὸν
1436 3797 1503 3851 δι’
1520 3794 1687 3852 αὐτοῦ
1728 3810 1870 3866 παρ-

282 3886 483 3958 .ίστησι
513 3885 699 3957 νόμον,
726 3887 869 3942 κατά
881 3904 946 3957 γε
964 3888 1100 3943 τὸέν
1128 3888 1509 3958 εὐαγγελικαῖς
1538 3884 1872 3959 παραϐολαῖς

294 3978 467 4052 ὀρθῶς
483 3979 821 4052 upupam/,1
834 3980 1053 4052 Ἔχουσι
1063 3980 1265 4036 Μωσέα
1282 3981 1373 4035 καὶ
1392 3981 1517 4045 τοὺς
1532 3982 1833 4054 προφήτας.
1846 3995 1869 4033 ι

366 4159 580 4217 ΠΔΛΛ.
626 4157 833 4229 Ὀρθῶς
868 4157 1025 4230 ἔφης.

365 4252 539 4306 ΚΥΡ.
568 4250 635 4303 Τί
662 4250 708 4303 δ’
738 4250 803 4305 ἂν
837 4249 1083 4321 βούλοιτο
1108 4248 1495 4320 κατασημῆναι
1526 4247 1684 4302 πάλιν
1709 4241 1877 4315 τδ,εν

1957 3071 2046 3126 nis
2067 3068 2408 3136 constitutio,
2435 3073 2492 3123 et
2520 3067 2777 3120 columna
2804 3073 2860 3119 et
2900 3062 3302 3117 ﬁrmamentum
3327 3061 3535 3115 verita-

1957 3162 2048 3228 tis,
2081 3161 2225 3216 sicut
2262 3160 2527 3230 seriptum
2552 3165 2638 3214 est
2662 3157 2727 3211 ".
2767 3155 3006 3226 Ideoque
3045 3154 3261 3211 Iudaeos
3289 3153 3535 3224 alioque?

1956 3255 2120 3310 batur
2154 3253 2407 3315 Christus
2450 3268 2465 3314 ι
2518 3269 2537 3301 ι
2577 3248 2634 3305 Si
2663 3247 2963 3303 crederetis
3003 3244 3194 3317 Moysi,
3237 3244 3539 3305 crederetis

1961 3346 2150 3415 utique
2174 3353 2229 3400 et
2250 3343 2421 3410 mihi;
2450 3341 2518 3398 dc
2544 3356 2632 3396 me
2669 3340 2816 3396 enim
2844 3340 2937 3397 ille
2957 3337 3176 3409 scripsit
3196 3337 3262 3393 εδ.
3305 3355 3325 3388 ι
3379 3335 3537 3393 Edi-

1961 3438 2088 3493 ticat
2109 3437 2274 3508 igitur
2299 3435 2530 3507 Moyses.
2563 3433 2620 3489 id
2649 3441 2753 3497 est,
2785 3432 2877 3487 illa
2915 3446 3014 3502 per
3038 3430 3213 3502 legem
3245 3428 3538 3494 institutio,

1960 3527 2166 3594 Christi
2210 3527 2557 3592 Ecclesiam,
2586 3539 2712 3580 cum
2756 3524 2875 3595 ejus
2916 3520 3241 3595 mysterium
3280 3527 3541 3591 tanquam

1963 3620 2146 3676 adhuc
2177 3619 2234 3674 in
2259 3619 2471 3674 umbris
2491 3623 2895 3689 praemonstret.
2919 3613 3088 3686 Moysi
3116 3628 3283 3684 porro
3308 3626 3543 3684 persona

1965 3727 2359 3783 nonnunquam
2389 3711 2562 3782 legem
2589 3724 2689 3780 per
2717 3708 2895 3779 ipsum
2923 3707 3104 3762 datam
3137 3705 3402 3777 designat.
3426 3702 3544 3760 Unr

1967 3801 2038 3860 de
2066 3801 2202 3857 illud
2239 3807 2328 3856 est
2352 3809 2502 3857 recte
2532 3799 2589 3854 in
2616 3797 2947 3869 evangelicis
2979 3794 3256 3867 parabolis
3290 3791 3497 3859 dictum
3524 3807 3543 3859 ς

1976 3913 1996 3946 ι
2026 3893 2243 3950 Habent
2268 3892 2489 3966 Moysen
2518 3898 2575 3947 et
2599 3888 2897 3959 prophetas
2916 3888 2984 3941 ’⁸.
3031 3905 3050 3939 ι

2042 4157 2241 4218 PALL.
2274 4156 2441 4211 Recte
2471 4151 2628 4213 dicis,

2043 4250 2203 4307 CYR.
2233 4245 2377 4314 Quid
2409 4258 2541 4299 vero
2569 4239 2673 4296 sibi
2700 4238 2835 4302 vult,
2866 4234 3012 4308 quod
3047 4249 3154 4290 uno
3175 4233 3263 4290 die
3295 4240 3352 4289 et
3390 4233 3582 4288 novi;

299 4344 486 4417 ἡμέρᾳ
524 4343 723 4417 χρῆναι
771 4345 890 4417 μιᾷ,
923 4343 1019 4398 καὶ
1050 4342 1160 4415 μὴν
1200 4343 1296 4397 καὶ
1336 4340 1417 4406 τὸ,
1464 4338 1733 4412 νουμηνίᾳ
1778 4338 1858 4400 {toi

1975 4343 2129 4407 Iunio
2163 4338 2366 4396 mensis
2397 4334 2583 4409 primi,
2611 4341 2668 4387 et
2690 4328 2933 4386 secundo
2957 4342 3102 4383 anno
3138 4325 3300 4397 330
3328 4340 3541 4381 sacrum

298 4436 470 4507 μηνὸς
514 4436 612 4489 τοῦ
664 4434 905 4507 πρώτου,
962 4434 1058 4488 καὶ
1102 4432 1201 4505 τδξ,
1233 4435 1291 4487 ὲν
1337 4431 1576 4503 δευτέρῳ
1626 4429 1736 4486 ἔτει
1772 4429 1872 4499 τὴν

303 4527 464 4595 ἁγίαν
494 4524 901 4597 διαπήγνυσθαι
934 4524 1163 4596 σκηνὴν,
1199 4523 1332 4596 φέρε
1354 4522 1419 4594 δὴ
1449 4522 1697 4592 λέγωμεν
1729 4520 1880 4591 ἰχνη-

301 4618 595 4681 λατοῦντες
645 4618 706 4677 τὸ
738 4617 956 4689 ἀληθὲς,
1005 4617 1100 4671 καὶ
1128 4615 1192 4670 τὸ
1223 4616 1298 4681 ὡς
1337 4614 1534 4687 ἄριστα
1573 4611 1717 4683 ἔχειν
1767 4613 1881 4674 τοῖς

303 4713 711 4784 ἐντευξομένοις
754 4710 966 4766 δοκοῦν.
1012 4709 1228 4782 Ἡμέρα
1276 4708 1405 4782 μὲν⁸
1429 4707 1539 4779 γὰρ
1569 4707 1604 4779 ἡ
1638 4704 1736 4778 μία
1791 4705 1881 4759 τὸν

308 4806 641 4861 πολύευκτον
675 4805 805 4875 ἡμῖν
860 4805 956 4859 καὶ
1007 4804 1272 4875 σωτήριον
1330 4799 1618 4869 ὑποφαίνει
1669 4796 1880 4868 καιρὸν,

306 4899 432 4952 καθ’
460 4897 521 4950 δν
559 4895 844 4969 ἄνθρωπος
874 4892 1114 4966 γεγονὼς
1145 4897 1173 4949 6
1204 4893 1535 4963 Μονογενὴς,
1561 4890 1638 4962 τῷ
1667 4889 1881 4954 θανάτῳ

305 4990 411 5059 τῆς
440 4988 576 5053 ιδίας
611 4988 815 5061 σαρκὸς
870 4987 1249 5058 κατεκτήσατο
1272 4986 1399 5047 τοὺς
1430 4983 1522 5037 ἐπὶ
1552 4982 1650 5052 τῆς
1678 4980 1780 5051 γῆς
1805 4977 1883 5050 τῷ

307 5081 430 5153 Θεῷ
464 5082 559 5136 καὶ
609 5080 806 5154 Πατρί.
854 5074 951 5145 Εἷς
991 5078 1048 5133 δὲ
1081 5078 1148 5151 δὴ
1174 5078 1390 5135 πάντων
1424 5078 1453 5129 6
1480 5073 1632 5128 τοῦδε
1661 5070 1879 5143 καιρός·

306 5174 457 5242 ἅπαξ
486 5173 596 5245 γὰρ
641 5171 952 5238 ἀποθανὼν,
1002 5171 1188 5226 οὐκέτι
1241 5168 1610 5241 ἀποθνήσκειο
1658 5163 1885 5226 θάνατος

304 5266 457 5339 αύτῷ
506 5265 690 5321 οὐκέτι
731 5264 1032 5337 κυριεύσει,
1078 5262 1219 5318 κατὰ
1248 5261 1346 5326 τὰς
1380 5260 1634 5334 Γραφάς·
1685 5258 1744 5310 οὐ
1773 5254 1883 5327 γὰρ

305 5359 390 5421 ἔτι
421 5358 871 5432 προσδοκήσομεν
907 5355 1049 5428 ὑπὲρ
1083 5372 1141 5409 τε
1164 5354 1321 5426 ἡμῶν
1351 5351 1534 5407 αὐτῶν
1574 5348 1667 5404 καὶ
1694 5347 1801 5402 τῶν
1827 5348 1884 5400 ὲν

306 5451 439 5525 ᾲδου
485 5449 816 5522 πνευμάτων
831 5440 1204 5519 ’τεθνήξεσθαι
1261 5445 1354 5500 τδν
1413 5442 1563 5508 Υίδν,
1620 5438 1735 5494 ἀλλ’
1765 5437 1884 5491 οὐδὲ

1971 4433 2106 4492 illud
2128 4429 2540 4488 tabernaculum
2562 4425 2766 4497 ﬁgitur,
2785 4437 2881 4493 age
2897 4423 3009 4494 jam
3030 4418 3296 4484 dicamus,
3323 4417 3551 4472 investi-

1971 4534 2272 4596 gemusque
2317 4517 2463 4590 quod
2491 4530 2684 4571 verum
2717 4513 2808 4577 sit,
2844 4522 2899 4566 et
2924 4512 3098 4569 lector
3126 4508 3343 4581 probet.
3382 4506 3556 4577 Igitur

1973 4616 2064 4671 ille
2092 4627 2237 4669 unus
2269 4611 2388 4666 dies
2431 4616 2648 4677 tempus
2682 4603 2819 4660 illud
2843 4603 3007 4659 nobis
3032 4607 3349 4671 exoptatum
3373 4603 3431 4652 et
3462 4611 3551 4650 sa-

1974 4707 2152 4761 lutare
2179 4702 2540 4763 demonstrat,
2566 4711 2676 4769 quo
2697 4695 2789 4751 ille
2811 4693 3139 4766 Unigenitus
3161 4691 3327 4745 homo
3353 4687 3553 4750 factus,

1978 4797 2161 4855 carnis
2201 4809 2314 4850 sua:
2378 4798 2578 4855 morte,
2621 4803 2717 4844 eos
2768 4786 2862 4859 qui
2893 4786 2950 4841 in
2989 4783 3155 4839 terris
3193 4778 3556 4835 versabantur

1976 4884 2228 4941 homines
2249 4883 2363 4938 Deo
2383 4892 2448 4936 ac
2475 4878 2623 4935 Patri
2661 4875 2972 4947 acquisivit.
3006 4872 3193 4930 Unum
3225 4877 3410 4924 autem
3435 4867 3558 4939 ejus

1977 4978 2059 5033 rei
2087 4977 2247 5047 plane
2284 4983 2502 5045 tempus
2526 4970 2660 5039 fuit;
2686 4968 2853 5026 semel
2878 4978 3117 5037 namque
3144 4968 3419 5026 mortuus,
3445 4973 3561 5016 non

1979 5067 2215 5140 amplius
2239 5065 2496 5130 moritur,
2527 5078 2676 5120 mors
2703 5061 2782 5116 illi
2821 5059 2965 5115 ultra
3009 5071 3123 5113 non
3162 5052 3558 5116 dominabitur,

1980 5171 2043 5217 ut
2075 5161 2343 5232 scriptum
2377 5164 2463 5214 est
2489 5158 2570 5224 ’σς
2606 5170 2788 5226 neque
2816 5154 2963 5209 enim
3005 5150 3240 5223 amplius
3274 5151 3559 5217 exspecta-

1984 5269 2127 5319 mus,
2168 5230 2229 5307 ιιι
2260 5265 2360 5322 pro
2387 5249 2547 5307 nobis
2577 5248 2729 5319 ipsis,
2760 5255 2816 5303 et
2843 5243 3132 5318 spiritibus
3173 5241 3265 5315 qui
3297 5235 3440 5311 apud
3472 5230 3559 5291 ιιι,

1985 5343 2128 5400 feros
2149 5350 2298 5408 sunt,
2323 5341 2413 5397 ille
2434 5340 2530 5396 Dei
2552 5338 2721 5396 Filius
2748 5337 3015 5394 moriatur
3036 5377 3051 5404 ,
3076 5347 3255 5404 neque
3279 5337 3340 5386 ut
3367 5340 3564 5384 secum-

1986 5434 2070 5490 σω
2101 5434 2209 5489 sint
2233 5431 2488 5504 primitiae
2513 5439 2877 5487 mortuorum.
2902 5429 3061 5494 Nam,
3105 5424 3151 5481 si
3193 5434 3343 5479 mors
3376 5418 3561 5485 futura

378 5567 423 5602 ⁸¹
447 5567 548 5625 lsa.
574 5582 666 5635 IL,
689 5565 742 5620 4.
822 5563 868 5597 ¹¹
900 5562 1165 5629 lsa.xm,
1195 5559 1249 5615 7.
1323 5557 1371 5594 ⁸⁸
1402 5555 1592 5621 ἰΤὶω.
1621 5570 1700 5623 ιιι,
1726 5553 1842 5607 15.-

1958 5548 2106 5613 loan,
2129 5566 2182 5614 ν,
2209 5548 2296 5604 46.
2373 5548 2416 5582 ³⁸
2435 5545 2565 5602 Luc.
2586 5562 2695 5603 τίνι,
2716 5543 2805 5600 29.
2883 5546 2928 5577 ³⁸
2954 5544 3111 5609 Rom,
3139 5536 3277 5607 κως),
