3962 6296
514 204 617 257 6ὃῦ

1538 196 1593 250 S.
1636 195 1908 251 CYRILIJ
1946 195 2419 252 ALEXANDRINI
2450 197 2768 254 ARClllEP.

3662 205 3765 261 6356

508 320 656 373 nulla
693 327 797 382 est,
836 331 957 387 qua:
988 308 1154 371 fuerit
1185 313 1554 371 resurrectio?
1599 313 1754 369 Licet
1790 313 1961 385 igitur
1992 329 2057 368 ve

2194 286 2447 387 ἀπαρχὴν
2477 316 2692 369 ἔσεσθαι
2749 315 2857 371 τῶν
2908 317 3322 389 κεκοιμημένων
3369 317 3648 391 δευτέραν.
3690 323 3765 375 υῦ

507 408 722 463 rissime
749 407 956 471 dicere,
983 421 1150 460 unum
1174 421 1293 460 esse
1318 405 1483 477 hujus
1511 405 1592 459 rei
1621 414 1857 475 tempus,
1882 414 1943 459 ut
1964 420 2083 458 mo-

453 487 461 493 ’
504 501 575 555 do
618 498 751 564 dixi,
805 508 862 553 et
908 497 1054 551 diem
1087 510 1295 561 unum,
1337 511 1501 565 quem
1546 496 1813 567 propheta
1843 510 2082 565 quoque,

504 604 764 663 tanquam
817 606 885 646 ex
943 604 1175 659 persona
1227 587 1343 653 Dei,
1382 598 1793 656 commemorat,
1847 589 2081 645 dicens:

509 707 527 737 ι
563 687 833 755 Tempore
861 689 1086 752 accepto
1113 680 1367 734 exaudivi
1396 689 1469 745 te,
1503 689 1559 735 et
1583 680 1638 734 in
1661 681 1749 735 die
1770 682 1960 737 salutis
1985 683 2083 737 ad-

497 779 614 849 juvi
655 787 705 832 te
745 777 809 829 ".
850 794 868 825 ι
905 773 1110 829 Scribit
1149 771 1313 827 etiam
1346 772 1543 827 beatus
1582 772 1830 827 Paulus:
1880 792 1897 823 ι
1943 773 2084 828 Ecce

500 885 647 924 nunc
670 878 885 938 tempus
905 865 1259 936 acceptabile,
1282 879 1408 920 ecce
1428 880 1575 919 nunc
1597 864 1716 919 dics
1736 864 1928 919 salutis
1943 866 1989 896 "
2014 883 2026 918 :
2058 885 2075 916 ι

499 977 608 1031 quo
635 961 722 1015 die
745 959 1002 1015 Christus
1026 975 1093 1013 ex
1116 958 1353 1017 mortuis
1380 957 1597 1023 revixit,
1620 972 1685 1012 ac
1709 957 1865 1012 triste
1886 956 2084 1012 mortis

498 1052 772 1107 destruxit
812 1050 1128 1121 imperium,
1173 1059 1230 1106 et
1273 1066 1397 1106 cum
1431 1049 1691 1105 Ecclesiae
1730 1066 1795 1104 ex
1827 1048 2081 1119 gentibus

496 1142 651 1197 velut
693 1140 1057 1203 aediﬁcatores
1104 1124 1368 1211 quosdam
1415 1147 1471 1195 et
1498 1140 1813 1210 spirituales
1845 1139 2082 1195 artiﬁces

498 1243 715 1290 sanctos
749 1234 1022 1305 apostolos
1053 1232 1361 1317 constituit,
1388 1232 1620 1288 dicens:
1656 1252 1675 1283 ι
1712 1231 1920 1287 Euntes
1976 1233 2078 1287 do-

496 1338 617 1384 cete
654 1343 845 1383 omnes
882 1335 1092 1399 gentes,
1124 1315 1471 1425 hbptizantes
1509 1340 1606 1381 eos
1635 1325 1689 1379 in
1725 1325 1945 1380 nomine
1975 1325 2078 1380 Pa-

496 1421 613 1483 tris,
636 1430 691 1474 et
713 1420 857 1485 Filii,
887 1428 944 1473 et
969 1418 1217 1489 Spiritus.
1231 1418 1424 1484 sancti,
1458 1418 1720 1473 docentes
1742 1432 1838 1472 eos
1860 1431 2079 1471 servare

494 1513 677 1566 omnia
707 1526 829 1581 qua:
884 1509 1122 1579 ιιι-ωοορί
1158 1508 1349 1575 vobis;
1384 1517 1442 1562 et
1481 1523 1609 1563 ecce
1652 1522 1755 1578 ego
1795 1506 2076 1561 vobiscum

493 1619 614 1659 sum
662 1602 918 1657 omnibus
967 1600 1164 1655 diebus
1211 1615 1386 1670 usque
1435 1600 1505 1654 ad
1545 1598 2073 1654 consummationem

2186 405 2295 477 γὰρ
2329 406 2587 476 ἐσομένου
2623 406 2877 473 Θανάτου,
2909 406 3027 471 πῶς
3055 407 3121 461 ἂν
3154 408 3363 477 γένοιτο
3385 410 3480 463 καὶ
3528 410 3750 465 ἀνάστα-

2187 513 2270 561 σις
2295 513 2309 562 ;
2345 498 2504 551 Ἔστι
2534 497 2714 551 τοίνυν
2745 498 2806 551 οὐ
2827 497 3193 569 ψευδοεπῆςαι
3209 499 3488 569 λέγοντας,
3520 499 3603 566 ὡς
3634 496 3714 566 εἷς
3736 505 3761 552 ἐ

2184 587 2336 642 τοῦδε
2370 588 2581 663 καιρὸς,
2613 589 2867 662 καθάπερ
2888 589 3027 662 ἔφην
3050 589 3274 661 ἀρτίως,
3315 593 3411 646 καὶ
3431 594 3612 666 ἡμέρα
3635 595 3759 664 μία,

2182 675 2249 751 ἧς
2283 681 2376 733 καὶ
2407 683 2436 735 6
2467 683 2751 755 προφήτης
2785 681 3030 755 ἐμνήσθη
3066 682 3242 750 λέγων
3275 681 3350 749 ὡς
3373 686 3439 738 ἐκ
3466 687 3758 758 προσώπου

2183 771 2341 836 Θεοῦ,
2381 790 2400 823 ι
2435 773 2628 846 Καιρῷ
2665 773 2840 845 δεκτῷ
2883 774 3166 846 ἐπήκουσά
3214 793 3331 841 σου,
3365 777 3458 831 καὶ
3491 780 3550 832 ἐν
3581 779 3758 851 ἡμέρᾳ

2186 864 2459 936 σωτηρίας
2486 864 2761 937 ἐϐοήθησά
2789 856 2890 920 σοι.
2927 885 2945 917 ι
2981 866 3187 939 Γράφει
3224 867 3397 923 δὲκαὶ
3426 871 3454 923 6
3477 868 3755 936 Θεσπέσιος

2183 954 2417 1020 Παῦλος,
2454 976 2472 1008 ι
2529 957 2659 1010 Ἰδοὺ
2692 958 2786 1012 νῦν
2816 957 3005 1029 καιρὸς
3044 958 3462 1031 εὐπρόσδεκτος,
3513 962 3623 1015 ἰδοὺ
3661 963 3755 1018 νῦν

2182 1046 2363 1118 ἡμέρα
2395 1048 2689 1121 σωτηρίας,
2737 1068 2755 1100 ι
2798 1049 2922 1103 καθ’
2944 1049 3012 1120 ἢν
3050 1051 3115 1104 ἐκ
3148 1051 3357 1123 νεκρῶν
3395 1052 3594 1107 ἀνεϐίω
3624 1056 3740 1130 Χριι

2184 1138 2329 1203 στὸς,
2368 1139 2430 1193 τὸ
2466 1139 2691 1211 ἀμειδὲς
2731 1140 2827 1196 τοῦ
2878 1142 3111 1198 Θανάτου
3159 1143 3472 1210 καταλύσας
3528 1148 3755 1219 κράτος,

2180 1232 2268 1285 ὅτε
2303 1233 2523 1303 καὶτῆς
2556 1235 2615 1302 ἐξ
2661 1233 2831 1288 ἐθνῶν
2865 1236 3189 1307 Ἐκκλησίας
3228 1238 3541 1310 οἰκοδόμους
3565 1240 3754 1314 ὥσπερ

2180 1326 2331 1389 τινάς
2366 1326 2460 1379 καὶ
2493 1327 2735 1398 τεχνίτας
2797 1330 3202 1400 πνενματικοὺς
3233 1331 3359 1396 τοὺς
3400 1333 3589 1402 ἁγίους
3615 1336 3755 1390 ἀπο·

2180 1416 2401 1481 στόλους
2423 1416 2676 1490 καθίστη,
2705 1419 2906 1487 λέγων,
2942 1440 2960 1474 ι
2989 1422 3354 1494 Πορευθέντες
3377 1424 3753 1496 μαθητεύσατε

2178 1507 2357 1561 πάντα
2385 1507 2454 1560 τὰ
2480 1506 2628 1579 ἔθνη,
2664 1508 3019 1580 βαπτίζοντες
3039 1512 3237 1578 αὐτοὺς
3260 1515 3342 1578 εἰς
3372 1515 3433 1569 τὸ
3453 1515 3623 1588 ὄνομα
3654 1518 3750 1573 τοῦ

2178 1598 2392 1670 Πατρὸς
2422 1600 2518 1653 καὶ
2560 1600 2656 1654 τοῦ
2696 1601 2828 1656 Υἱοῦ
2864 1604 2957 1658 καὶ
2984 1605 3079 1659 τοῦ
3113 1606 3270 1676 ἁγίου
3300 1608 3639 1680 Πνεύματος,
3670 1611 3751 1666 δι⁴

492 1696 674 1771 szeculi
711 1696 773 1750 ¹⁹.
813 1715 831 1746 ι
869 1694 951 1749 An
983 1701 1039 1748 tu
1073 1692 1133 1748 id
1174 1692 1400 1748 minime
1436 1707 1556 1747 esse
1596 1706 1788 1746 censes
1820 1690 2061 1746 Ecclesia

2174 1664 2465 1754 δάσκοντες
2518 1692 2716 1759 αὐτοὺς
2765 1697 2954 1767 τηρεῖν
2995 1664 3196 1763 πάντα,
3251 1699 3355 1755 ὅσα
3395 1664 3751 1776 ἐνετειλάμην

493 1785 978 1843 constitutionem?

559 2041 753 2096 PALL.
787 2038 1073 2105 Quodnam
1105 2038 1253 2094 istud
1292 2039 1547 2093 tandem?
1576 2021 1589 2029 κ

557 2131 712 2190 CYK.
744 2134 951 2199 Fidem,
988 2133 1232 2203 inquam,
1261 2148 1360 2203 per
1399 2140 1616 2189 sanctos
1660 2133 1912 2189 doctores
1957 2143 2067 2189 tra-

488 2229 679 2291 ditam,
724 2233 887 2296 atque
928 2225 1076 2280 illam
1121 2225 1176 2279 in
1216 2223 1436 2279 Christo
1481 2226 1953 2281 conversationem
1997 2227 2066 2282 ab

487 2321 679 2375 iisdem
704 2319 1053 2390 praedicatam
1069 2318 1134 2383 ³⁸,
1153 2318 1302 2373 illam
1329 2302 1546 2387 quoque
1568 2334 1691 2372 cum
1708 2318 1819 2373 Deo
1835 2321 2064 2390 conjun-

486 2414 744 2479 ctionem,
794 2426 902 2481 qua
957 2410 1036 2465 illi
1064 2425 1162 2480 per
1203 2425 1420 2472 sacrum
1469 2410 1739 2483 baptisma
1785 2414 2067 2483 sanctique

484 2505 727 2576 Spiritus
758 2503 1229 2575 participationem
1267 2503 1568 2573 jungimur.
1603 2504 1680 2558 ita
1706 2520 1940 2575 namque
1968 2521 2068 2560 nos

484 2584 868 2665 alloquebatur
895 2593 1115 2657 Paulus,
1147 2592 1339 2647 dicens
1372 2612 1385 2648 :
1421 2613 1439 2645 ι
1468 2595 1536 2649 Et
1569 2610 1667 2650 vos
1700 2602 1954 2665 tanquam
1985 2596 2064 2649 la-

486 2690 641 2757 pides
678 2687 787 2741 vivi
842 2686 1376 2757 supertediticamini,
1436 2688 1632 2742 domus
1674 2686 1972 2757 spiritualis
2008 2686 2065 2741 in

486 2780 750 2850 templum
773 2788 1040 2845 sanctum,
1062 2780 1115 2834 in
1136 2780 1510 2835 habitaculum
1534 2779 1630 2833 Dei
1651 2779 1705 2831 in
1728 2777 2054 2849 Spiritum.)

486 2873 627 2928 Olim
654 2888 888 2942 namque
920 2886 1019 2942 per
1049 2872 1263 2928 diversa
1292 2868 1786 2927 vasa'tahernaculi
1812 2871 2064 2929 Christus

486 2965 951 3036 prmﬁgurahatur,
967 2981 1163 3036 nempe
1179 2972 1432 3035 tanquam
1448 2978 1676 3018 aureum
1693 2964 2056 3029 thuribulum,

485 3066 740 3127 tanquam
767 3071 912 3120 arca,
949 3067 1206 3126 tanquam
1241 3055 1484 3120 lucerna,
1526 3060 1783 3124 tanquam
1821 3054 2059 3125 denique

482 3160 691 3208 mensa,
715 3153 770 3199 et
793 3159 914 3214 quae
938 3143 993 3198 in
1019 3158 1082 3198 ea
1108 3142 1284 3212 posita
1309 3150 1486 3197 erant.
1513 3141 1621 3198 Sed
1645 3144 1900 3214 pmsenti
1927 3151 2063 3199 tem-

482 3250 637 3306 pore,
685 3244 747 3289 ut
791 3234 1005 3305 opinor,
1045 3232 1423 3302 unusquisque
1461 3231 1703 3288 ﬁdelium
1750 3232 1946 3288 domus
1978 3243 2063 3287 est

480 3342 545 3380 ac
576 3326 838 3396 templum
867 3323 985 3390 Dei,
1015 3338 1141 3378 cum
1179 3322 1462 3379 Christum
1501 3324 1701 3380 habeat
1747 3324 2059 3379 inhabitan-

482 3425 622 3483 tem;
650 3414 861 3470 habitat
884 3413 1031 3469 enim
1063 3414 1121 3469 in
1157 3413 1417 3470 cordibus
1441 3414 1645 3470 nostris
1680 3429 1778 3485 per
1806 3415 1962 3486 331
1994 3417 2059 3471 ti-

480 3509 627 3574 dem,
658 3507 801 3564 sicut
822 3508 1085 3579 scriptum
1116 3514 1200 3563 est
1223 3506 1263 3538 "
1285 3523 1302 3573 ;
1327 3522 1471 3561 unus
1492 3506 1746 3577 idemque
1778 3523 1877 3576 per
1896 3517 2058 3563 natu-

414 3660 419 3665 _
480 3617 619 3665 ram,
656 3601 909 3671 quamvis
949 3615 1076 3658 cum
1098 3616 1263 3655 carne
1291 3599 1646 3670 intelligatur.
1681 3620 1698 3652 ι
1738 3601 1891 3657 Unus
1911 3602 2057 3657 enim

479 3694 624 3747 Dens
651 3693 832 3756 Pater,
865 3709 933 3747 ex
961 3707 1071 3761 quo
1095 3691 1299 3755 omnia,
1324 3698 1379 3745 et
1411 3705 1554 3745 unus
1589 3691 1854 3747 Dominus
1899 3693 2058 3750 Jesus

476 3784 750 3847 Christus,
779 3799 879 3854 per
910 3797 1071 3852 quem
1097 3784 1278 3837 omnia
1308 3782 1373 3835 “.
1412 3800 1429 3832 ι
1466 3781 1573 3837 Sed
1605 3791 1784 3839 tamen
1825 3786 2057 3842 diversis

477 3875 700 3929 deitatis
727 3873 1157 3945 proprietatibus
1185 3872 1354 3927 veluti
1377 3871 1835 3943 multiplicitatem
1861 3891 2054 3944 quam-

476 3969 602 4023 dam
637 3967 691 4021 in
729 3981 787 4021 se
810 3965 928 4035 ipso
956 3964 1185 4030 habens,
1204 3964 1362 4038 ~varie
1401 3964 1744 4036 intelligitur.
1790 3965 1884 4021 Est
1909 3968 2054 4023 enim

479 4060 535 4112 in
564 4057 725 4111 nobis
753 4065 815 4110 ut
843 4056 940 4110 Dei
971 4055 1235 4131 Verbum,
1260 4065 1317 4110 et
1357 4054 1646 4125 sapientia,
1686 4065 1742 4110 et
1768 4055 1974 4125 lumen,
1999 4070 2056 4118 et

476 4151 609 4215 vita,
636 4160 691 4205 et
713 4149 871 4221 panis
891 4151 1050 4205 vivus
1070 4163 1134 4203 ac
1154 4148 1222 4203 de
1245 4149 1384 4204 coelo
1421 4148 1780 4205 descendens.

547 4242 743 4297 PALL.
774 4240 929 4308 Quod
958 4239 1119 4306 dicis,
1151 4239 1414 4310 intelligo.

2175 1783 2337 1854 ὑμῖν·
2375 1784 2469 1837 καὶ
2507 1784 2617 1839 ἰδοὺ
2649 1785 2761 1855 ἐγὼ
2803 1787 2922 1859 μεθ’
2955 1788 3109 1860 ὑμῶν
3137 1790 3254 1862 εἰμι
3279 1792 3460 1859 πάσας
3477 1794 3576 1858 τὰς
3613 1796 3752 1866 ὴμέ-

2174 1894 2274 1950 ρας
2300 1876 2405 1941 ἓως
2436 1877 2536 1949 τῆς
2569 1879 2880 1945 συντελείας
2911 1881 3006 1935 τοῦ
3050 1883 3267 1949 αἰῶνος.
3305 1903 3325 1939 ι
3355 1887 3427 1939 Ἦ
3450 1886 3568 1959 ,γὰρ
3626 1889 3751 1960 οὐχὶ

2169 1965 2329 2022 τοῦτο
2356 1961 2497 2020 εἶναι
2529 1967 2636 2038 φὴς
2691 1969 2791 2038 τῆς
2841 1970 3165 2043 Ἐκκλησίας
3185 1974 3287 2045 τὴν
3311 1973 3602 2043 σύστασινς

2240 2058 2446 2114 ΠΑΛΛ,
2489 2057 2563 2111 Τὸ
2598 2058 2650 2111 τί
2678 2058 2742 2130 δὴ
2771 2061 2916 2133 φής;

2239 2150 2404 2204 ΚΥΡ.
2455 2148 2568 2222 Τὴν
2614 2149 2703 2204 διὰ
2733 2150 2842 2206 τῶν
2880 2152 3053 2222 ἁγίων
3095 2157 3468 2227 μυσταγωγῶν
3506 2161 3749 2233 παραδο-

2168 2241 2353 2297 θεῖσαν
2382 2242 2587 2308 πίστιν,
2614 2244 2719 2299 ’καὶ
2753 2246 3173 2318 κεκηρυγμένην
3194 2248 3496 2317 πολιτείαν,
3519 2253 3665 2323 φημὶ
3684 2252 3748 2324 δὴ

2167 2334 2264 2407 τὴν
2294 2338 2351 2389 ἐν
2377 2336 2619 2409 Χριστῷ,
2654 2337 2748 2390 καὶ
2778 2338 2879 2408 τὴν
2907 2336 2995 2393 διὰ
3035 2337 3128 2393 τοῦ
3169 2340 3326 2410 ἁγίου
3366 2341 3749 2414 βαπτίσματος

2168 2428 2305 2501 πρὸς
2333 2428 2466 2482 Θεὸν
2492 2429 2707 2495 ἕνωσιν,
2738 2428 2826 2482 διὰ
2850 2430 3083 2502 μετοχῆς
3095 2430 3190 2484 τοῦ
3213 2433 3369 2501 ἁγίου
3401 2433 3746 2504 Πνεῦματος.

2167 2517 2326 2571 Οὕτω
2351 2516 2463 2590 γάρ
2495 2520 2626 2589 ἡμῖν
2658 2517 2997 2589 προσεφώνει
3049 2518 3222 2588 λέγων
3247 2521 3276 2573 6
3302 2519 3535 2586 Παῦλος,
3570 2544 3588 2573 ι
3633 2524 3750 2578 Καὶ

2165 2608 2324 2680 ὑμεῖς
2349 2608 2425 2672 ὡς
2451 2607 2591 2662 λίθοι
2626 2607 2827 2673 ζῶντες
2854 2609 3299 2681 ἐποικοδομεῖσθε
3327 2607 3472 2675 οἶκος
3504 2629 3749 2684 πνευμα-

2162 2699 2334 2765 τικὸς,
2362 2700 2445 2763 εἰς
2464 2698 2591 2753 ναὸν
2624 2698 2799 2767 ἅγιον,
2826 2700 2907 2762 είς
2932 2701 3350 2771 κατοικητήριον
3378 2700 3477 2754 τοῦ
3505 2700 3644 2755 Θεοῦ
3685 2704 3746 2757 ἑν

2163 2791 2464 2863 Πνεύματι.
2492 2809 2511 2844 ι
2548 2790 2724 2845 Πάλαι
2750 2791 2851 2860 μὲν
2880 2791 2987 2863 γὰρ
3013 2791 3089 2856 ὡς
3116 2794 3173 2846 ἐν
3197 2792 3473 2865 διαφόροις
3490 2795 3744 2849 σκεύεσιν

2163 2884 2222 2936 ἐν
2248 2885 2312 2954 τῇ
2335 2882 2468 2953 ἁγίᾳ
2490 2884 2662 2954 σκηνῇ
2682 2881 3102 2954 προεμορφοῦτο
3126 2882 3381 2955 Χριστὸς,
3408 2887 3484 2948 ὡς
3504 2884 3746 2956 χρυσοῦν

2165 2974 2546 3047 θυμιατήριον,
2566 2974 2641 3038 ὡς
2671 2972 2925 3039 κιϐωτὸς,
2955 2974 3030 3037 ὼς
3054 2974 3268 3045 λυχνία,
3298 2975 3392 3029 καὶ
3422 2974 3526 3047 μὴν
3555 2976 3652 3030 καὶ
3665 2975 3742 3040 ὠς

2163 3065 2433 3137 τράπεζα,
2462 3065 2556 3120 καὶ
2579 3064 2649 3119 τὰ
2669 3066 2726 3120 ἐν
2758 3065 2897 3137 αὐτῇ
2914 3079 2928 3094 '
2946 3065 3177 3128 ἕκαστος
3196 3067 3275 3133 δὲ,
3303 3062 3479 3139 οἶμαι,
3505 3067 3614 3122 τῶν
3636 3085 3744 3121 πε-

2162 3156 2550 3223 πιστευκότων,
2579 3156 2723 3210 κατά
2758 3171 2823 3225 γε
2853 3156 2944 3210 τὸν
2981 3156 3311 3227 ἐνεστηκότα
3346 3158 3559 3230 καιρὸν,
3586 3153 3740 3222 οἶκος

2161 3247 2256 3301 καὶ
2291 3247 2416 3311 ναὸς
2448 3246 2777 3318 χρηματίζει
2800 3244 2958 3313 Θεοῦ,
2991 3245 3227 3317 Χριστὸν
3253 3246 3391 3318 ἔχων
3414 3246 3741 3318 ἐνηυλισμέ-

2161 3356 2271 3395 νον.
2318 3339 2580 3392 Κατοικεῖ
2615 3336 2724 3408 γὰρ
2750 3339 2810 3391 ἐν
2846 3339 2968 3401 ταῖς
3008 3338 3257 3409 καρδίαις
3304 3339 3461 3411 ήμῶν
3495 3338 3582 3393 διὰ
3635 3341 3739 3411 τῆς
3820 3320 3837 3336 ’

2160 3430 2417 3495 πίστεως,
2449 3429 2595 3484 καθὰ
2624 3429 2956 3504 γέγραπται,
2992 3424 3073 3495 εἷς
3098 3430 3198 3501 μὲν
3226 3431 3319 3485 καὶ
3347 3433 3375 3485 6
3402 3431 3565 3495 αὐτὸς
3592 3432 3737 3487 κατά

2161 3520 2321 3592 φύσιν
2344 3520 2636 3593 ὑπάρχων,
2660 3522 2709 3574 εί
2739 3522 2833 3575 καὶ
2853 3524 3023 3575 νοοῖτο
3043 3521 3181 3593 μετά
3205 3522 3427 3594 σαρκός.
3462 3539 3480 3573 ι
3510 3516 3603 3587 Εἷς
3626 3522 3736 3597 γὰρ

2158 3612 2291 3676 Θεὸς
2316 3612 2344 3664 6
2372 3612 2584 3683 Πατὴρ,
2625 3609 2686 3675 ἐξ
2712 3605 2774 3665 οὗ
2812 3610 2882 3666 τὰ
2911 3611 3108 3680 πάντα,
3140 3614 3234 3667 καὶ
3266 3607 3348 3677 εἷς
3384 3612 3587 3685 Κύριος
3630 3615 3737 3685 Ἰη-

2160 3702 2287 3767 σοῦς
2312 3703 2567 3775 Χριστὸς,
2594 3703 2662 3756 δι’
2692 3695 2753 3757 οὗ
2772 3702 2843 3757 τὰ
2872 3703 3067 3769 πάντα,
3106 3722 3124 3756 ι
3142 3707 3254 3769 τοῖς
3283 3704 3341 3760 δὲ
3364 3704 3465 3775 τῆς
3482 3704 3736 3777 θεότητος

2156 3794 2435 3866 διαφόροις
2481 3792 2769 3866 ίδιὼμασιν
2829 3794 2894 3849 τὸ
2931 3796 3095 3849 οίονεὶ
3138 3794 3418 3861 πολυειδὲς
3456 3796 3593 3867 ἔχων
3644 3796 3733 3866 ἐφ’

2158 3885 2357 3958 ἐαυτῷ,
2387 3886 2483 3940 καὶ
2510 3885 2784 3958 διαφόρως
2815 3886 3124 3958 νοούμενος.
3169 3887 3325 3941 Ἔστι
3372 3887 3480 3960 γὰρ
3510 3889 3568 3942 ἐν
3598 3889 3733 3960 ἡμῖν

2154 3976 2231 4041 ώς
2259 3977 2430 4046 Λόγος
2460 3975 2622 4042 Θεοῦ,
2654 3977 2747 4030 καὶ
2780 3976 2957 4045 σοφία,
3011 3977 3108 4031 καὶ
3151 3976 3285 4047 φῶς,
3340 3977 3436 4033 καὶ
3469 3976 3602 4051 ζωὴ,
3634 3977 3732 4031 καὶ

2153 4067 2314 4140 ἄρτος
2338 4068 2366 4121 6
2391 4067 2498 4133 ζῶν
2519 4067 2614 4121 καὶ
2634 4065 2695 4132 ἐξ
2719 4065 2969 4138 οὐρανοῦ.

2223 4246 2432 4299 ΠΛΛΔ.
2470 4244 2687 4315 Συνῆκα
2713 4244 2743 4298 6
2781 4246 2903 4315 φής.

544 4335 704 4390 CYR.
739 4332 1139 4389 lncarnationis
1176 4330 1359 4402 itaque
1403 4340 1616 4402 tempus
1647 4340 1703 4387 et
1740 4332 1858 4389 dies
1892 4344 2049 4406 Opta-

2224 4337 2389 4390 ΚΥΡ.
2423 4334 2632 4390 οὐκοῦν
2657 4336 2686 4387 6
2713 4335 2812 4406 τῆς
2856 4333 3322 4405 ἐνανθρωπήσεως
3352 4331 3541 4405 καιρὸς
3567 4335 3728 4405 ἡμῖν,

475 4428 721 4484 tissimus
767 4424 1184 4481 resurrectionis
1240 4439 1307 4478 ex
1354 4424 1588 4479 mortuis
1641 4425 1801 4481 nobis
1858 4442 2051 4482 rursus

471 4518 926 4591 praeﬁgurabatur
964 4517 1020 4572 in
1055 4531 1122 4570 eo
1155 4513 1300 4587 quod
1363 4514 1501 4570 dixit
1555 4517 1738 4571 Deus:
1807 4517 1903 4573 Die
1939 4534 2048 4573 uno

470 4619 682 4667 statues
745 4608 1175 4664 tabernaculum.
1251 4607 1345 4661 illa
1403 4622 1569 4677 porro
1630 4608 1839 4684 verba’,
1896 4608 1963 4663 Ει
1993 4608 2047 4664 in

470 4702 756 4757 novilunio
795 4699 1000 4755 mensis
1040 4697 1233 4768 primi,
1305 4697 1513 4753 utiliter
1540 4705 1701 4767 atque
1740 4700 2049 4753 necessario

469 4796 728 4865 adjuncta
765 4806 908 4856 esse,
956 4790 1114 4845 facile
1153 4788 1391 4860 perspici
1437 4796 1653 4859 potest,
1704 4789 1928 4845 Palladi.
1977 4791 2049 4847 Ut

467 4889 617 4942 enim
647 4885 850 4941 mensis
885 4883 1099 4939 initium
1138 4881 1350 4952 primus
1388 4890 1472 4936 est
1508 4881 1628 4952 ejus
1668 4882 1873 4938 mensis
1907 4883 2046 4949 dies,

470 4979 525 5034 id
557 4988 641 5033 est
686 4977 1062 5034 noviluniutn:
1093 4975 1170 5029 sic
1202 4972 1359 5043 quasi,
1384 4972 1604 5026 initium
1635 4972 1910 5042 quoddam
1959 4990 2049 5029 re-

470 5070 647 5125 centis
674 5068 880 5133 saeculi,
913 5084 975 5123 ac
1005 5067 1216 5137 primus
1250 5064 1432 5118 aditus
1470 5062 1537 5117 ad
1584 5063 1881 5118 novitatem
1911 5073 2049 5119 tem-

442 5176 665 5232 porum
707 5166 790 5213 est
833 5156 887 5212 id
936 5166 1169 5228 tempus,
1214 5169 1324 5225 quo
1374 5152 1462 5206 ille
1502 5151 1742 5206 advenit.
1820 5172 1838 5205 ι
1902 5140 2017 5210 Nov

468 5268 707 5327 namque
730 5252 784 5305 in
802 5249 1022 5306 Christo
1043 5258 1327 5313 creatura;
1352 5252 1537 5299 vetera
1565 5243 1901 5300 transierunt
1924 5246 1988 5312 ³³,
2018 5266 2035 5297 ι

468 5345 801 5415 ctTulgetque
855 5342 1017 5397 nobis
1090 5336 1495 5409 quodammodo
1566 5335 1701 5390 illud
1760 5337 2041 5403 smculum,

467 5436 614 5509 quod
647 5444 768 5507 post
798 5436 902 5491 hoc
936 5446 1173 5502 prtesens
1200 5430 1447 5500 proxime
1491 5428 1865 5499 consequitur,
1897 5433 2042 5501 quod

1122 5568 1166 5599 ’⁵
1191 5568 1207 5624 1
1232 5566 1359 5627 Cor.
1416 5584 1488 5632 γι,
1518 5568 1573 5623 2.

536 5576 707 5628 "lsa.
758 5580 911 5639 xux,’
956 5569 1007 5629 8.

471 5649 515 5684 ”
550 5648 746 5709 livius.
776 5660 850 5706 tu,
913 5641 991 5694 i7.

1651 5568 1733 5641 ff
1778 5568 1967 5624 Matth.
2012 5589 2195 5639 xxvtn,
2240 5574 2324 5641 i9,
2360 5574 2448 5630 '20.

1072 5639 1111 5670 ³³
1152 5639 1323 5693 lCur.
1357 5654 1468 5701 vttt,
1494 5639 1545 5691 6.
1623 5636 1735 5691 ³³Ιί
1770 5641 1894 5693 Cor.
1931 5658 1979 5707 v,
2015 5644 2105 5695 '17.

2152 4429 2247 4483 καὶ
2278 4427 2380 4498 τῆς
2406 4429 2470 4481 ἐκ
2491 4426 2701 4497 νεκρῶν
2726 4425 3076 4491 ἀναστάσεως
3110 4427 3145 4498 ἡ
3170 4424 3494 4498 τριπόθητος
3518 4426 3726 4498 ἡμέρα,

2151 4521 2595 4593 προανετυποῦτο
2674 4521 2845 4575 πάλαι
2912 4520 3001 4574 διά
3050 4519 3112 4574 τὸ
3168 4519 3335 4590 φάναι
3398 4518 3550 4584 Θεὸν,
3638 4521 3729 4575 Ἐν

2150 4613 2335 4686 ἡμέρᾳ
2385 4616 2485 4686 μιᾷ
2522 4613 2742 4684 στήσεις
2777 4612 2876 4684 τὴν
2946 4612 3174 4684 σκηνήν.
3232 4610 3307 4663 Τὸ
3338 4609 3437 4675 δὲ,
3498 4610 3609 4663 Καὶ
3669 4611 3728 4663 ἐν

2149 4707 2413 4779 νουμηνία
2438 4706 2531 4762 τοῦ
2567 4707 2735 4779 μηνὸς
2767 4705 2861 4760 τοῦ
2903 4704 3140 4776 πρώτου,
3198 4704 3485 4775 χρησίμως
3511 4720 3569 4756 τε
3634 4703 3729 4757 καὶ

2150 4798 2464 4866 ἀναγκαίως
2504 4797 3006 4872 προσενηνεγμένον
3043 4794 3250 4851 κατίδοι
3283 4812 3366 4857 τις
3393 4793 3479 4857 ἂν,
3506 4786 3551 4847 ῶ
3581 4794 3734 4848 Παλο.

2147 4886 2314 4942 λάδιε.
2346 4888 2555 4961 Ὥσπερ
2592 4887 2701 4959 γὰρ
2749 4887 2892 4959 ἀρχὴ
2944 4885 3130 4957 μηνὸς,
3174 4884 3394 4956 ἡμερῶν
3425 4886 3459 4954 ἡ
3490 4883 3548 4936 ἐν
3574 4880 3724 4952 αὐτῷ
3764 4882 3769 4933 ἶ

2151 4976 2364 5049 πρώτη,
2392 4976 2538 5031 τοῦτ’
2568 4977 2738 5042 ἐστιν,
2774 4979 2807 5049 ἡ
2841 4976 3132 5048 νουμηνία·
3157 4975 3327 5040 οὕτως
3356 4975 3449 5028 καὶ
3475 4974 3617 5046 ἀρχή
3641 4991 3721 5036 τις

2150 5068 2339 5141 ῶσπερ
2374 5070 2569 5135 αἰῶνος
2596 5070 2738 5137 νέου,
2775 5069 2870 5122 καὶ
2898 5066 3225 5140 προεισϐολὴ
3251 5065 3568 5136 καινότητος
3596 5064 3721 5136 χρό·

2150 5176 2280 5225 νων,
2303 5161 2332 5213 6
2354 5160 2450 5231 τῆς
2479 5159 2771 5232 ἐπιδημίας
2798 5159 3006 5230 καιρός.
3040 5176 3059 5210 ι
3099 5156 3277 5229 Καινὴ
3315 5156 3425 5229 γάρ
3457 5155 3634 5220 κτίσις
3663 5157 3719 5208 ἐν

2150 5250 2401 5322 Χριστῷ·
2456 5250 2527 5305 τὰ
2576 5253 2779 5324 ἀρχαῖα
2838 5250 3139 5323 παρῆλθεν.
3196 5269 3215 5301 ι
3278 5248 3613 5318 Ἀναλάμπει
3662 5245 3720 5300 δὲ

2152 5343 2339 5415 ὥσπερ
2385 5344 2519 5415 ἡμῖν
2567 5345 2595 5397 6
2632 5343 2767 5414 μετά
2825 5342 3013 5396 τοῦτον
3047 5341 3204 5408 αἰὼν,
3239 5340 3333 5394 νῦν
3393 5340 3490 5412 μὲν
3534 5338 3610 5402 ὡς
3660 5336 3719 5391 ἐν

2151 5436 2360 5490 ἐλπίσιν
2408 5435 2488 5489 ἔτι
2539 5436 2889 5507 βλεπόμενος,
2939 5436 3057 5490 τότε
3108 5435 3164 5489 δὲ
3202 5435 3303 5513 καὶ
3349 5431 3718 5506 παρεσόμενος

2564 5575 2607 5608 ⁸⁸
2644 5575 2838 5630 IPetr.
2886 5591 2943 5639 ιι,
2980 5573 3062 5628 12.
3097 5574 3159 5607 ³ο·
3191 5573 3385 5643 Ephes.
3420 5588 3476 5637 ιι,
3512 5570 3600 5633 91,
3623 5565 3713 5622 ΞΞ.
