3962 6296
244 329 336 389 657
982 326 1071 382 DE
1109 325 1553 383 ADORATIO‘NE
1589 328 1655 383 IN
1694 327 1961 385 SPIRITU
2004 330 2091 385 ET
2132 325 2500 383 \‘ElllTATE.
2544 327 2672 381 LIB.
2713 326 2779 381 Χ.
3394 326 3500 382 658

238 443 469 517 ἀληθῶς,
496 444 640 498 ¹ὅταν
675 441 809 513 ἡμῖν
838 441 867 495 6
902 441 1136 513 Χριστὸς
1168 440 1452 512 ἐπιλάμψῃ
1486 441 1649 496 πάλιν
1680 441 1812 512 μετά

1919 459 2067 499 nunc
2097 442 2321 514 quidem
2356 455 2454 510 spe
2488 439 2844 510 conspicitur,
2885 447 3015 495 tunc
3046 448 3229 496 autem
3278 456 3336 495 re
3384 441 3501 510 ipsa

236 535 336 590 τῶν
365 533 544 602 ἁγίων
566 531 823 602 ἀγγέλων
859 531 918 586 ἐν
942 532 1010 603 τῇ
1043 528 1170 605 δόξῃ
1200 531 1296 585 τοῦ
1338 532 1571 603 [lat-96;,
1603 533 1731 597 τοὺς
1754 534 1812 586 ὲν

1924 543 2125 605 praesto
2160 534 2288 598 erit,
2322 548 2449 587 cum
2489 530 2745 586 Christus
2787 529 2946 585 nobis
2995 530 3194 586 iterum
3234 531 3505 587 all'ulserit

239 628 513 699 καινότητι
542 624 693 695 ζωῆς
710 626 1035 697 περιπατεῖν
1060 624 1368 696 ἑλομένους,
1399 625 1490 679 καὶ
1519 624 1581 678 τὸ
1603 626 1808 696 ἐκπρε-

1924 641 2047 681 cum
2083 626 2287 681 sanctis
2326 624 2533 696 angelis
2561 624 2618 679 in
2652 621 2824 695 gloria
2856 621 3064 689 Patris,
3092 632 3149 679 et
3171 637 3287 689 eos,
3322 625 3418 695 qui
3445 623 3499 679 in

241 719 502 772 πέστατον
527 715 730 781 κάλλος
760 716 861 787 τῆς
886 715 1250 787 εὐαγγελικῆς
1282 715 1559 780 πολιτείας
1596 718 1654 771 ἐν
1684 717 1812 771 ὑπο·

1922 716 2163 772 novitate
2182 717 2307 771 vitae
2326 715 2609 771 ambulare
2630 712 2962 779 studuerint,
2979 720 3037 768 et
3057 713 3207 769 illam
3225 716 3502 786 egregiam

240 813 365 882 μονῇ
392 809 833 881 πλουτήσαντας,
858 807 1316 879 παραληψόμενος
1343 808 1460 880 μεθ’
1479 807 1693 873 ἑαυτοῦ,
1722 808 1812 863 καὶ

1922 808 2250 878 evangelicae
2275 800 2707 863 conversationis
2746 803 3216 877 pulchritudinem
3258 821 3356 876 per
3402 823 3502 876 pa-

236 904 311 966 εξς
338 901 442 974 τὴν
479 900 656 956 πάλαι
710 899 1167 973 προσδοκωμένην
1203 898 1358 966 δόξαν
1402 900 1497 952 καὶ
1540 899 1812 970 βασιλείαν

1924 899 2171 954 tientiam
2194 899 2569 970 acquisierint,
2601 912 2788 955 secum
2826 903 3091 963 assumet,
3131 905 3297 968 atque
3326 897 3396 952 ad
3435 898 3503 951 il-

235 993 552 1064 είσκομιῶν.
585 991 712 1048 Ὀτι
742 994 800 1047 δέ
843 991 1023 1065 καινὴ·
1047 991 1224 1055 κτίσις
1267 992 1360 1046 καὶ
1397 992 1560 1046 οἱονεὶ
1608 994 1815 1065 καιρῶν

236 1086 323 1140 καὶ
349 1086 702 1157 πραγμάτων
729 1085 931 1156 βλάστη
953 1083 1051 1138 νέα
1071 1081 1180 1136 τῶν
1208 1084 1266 1137 ἐν
1296 1082 1537 1155 Χριστῷ,
1558 1084 1812 1138 καταδεί-

236 1176 371 1241 ξειεν
418 1176 489 1230 ἂν
521 1170 581 1230 εὖ
635 1175 780 1246 μάλα
832 1173 892 1229 τδ
933 1175 1163 1245 αἴνιγμα
1202 1173 1303 1243 τοῦ
1354 1173 1573 1247 πρώτου
1624 1176 1812 1247 μηνὸς,

234 1265 351 1321 καθ’
386 1265 450 1321 δν
488 1267 621 1320 πόαι
654 1267 753 1337 μὲν
784 1267 878 1320 καὶ
921 1265 1132 1320 ἁπαλαὶ
1169 1267 1264 1319 καὶ
1295 1267 1615 1338 άρτιφανεῖς
1638 1268 1695 1320 ἐν
1718 1271 1811 1339 γῇ,

234 1359 415 1428 φυτῶν
454 1359 514 1411 δὲ
553 1358 906 1431 άναθήλησις,
942 1358 1174 1413 καὶτῶν
1209 1361 1268 1414 ἐν
1311 1359 1571 1430 λειμῶσιν
1608 1361 1811 1416 ἀνθέων

231 1448 291 1502 τὸ
340 1448 628 1511 πολυειδὲς
669 1449 993 1519 ἐμφαίνεται
1030 1450 1249 1514 κάλλος,
1290 1451 1515 1523 ἐαρινῆς
1567 1451 1814 1525 γελώσης
1861 1467 1892 1480 υ

232 1539 498 1604 εὐωδίας·
532 1541 699 1594 οἱονεὶ
734 1541 843 1614 γάρ
872 1560 989 1605 πως
1020 1542 1079 1596 ἐν
1106 1541 1295 1613 τοιῷδε
1318 1543 1496 1615 καιρῷ
1544 1543 1812 1614 κέκληκεν

231 1633 260 1684 6
302 1632 545 1703 Χριστὸς
586 1632 685 1704 τὴν
722 1632 783 1698 ἐξ
811 1632 979 1687 ἐθνῶν
1044 1634 1393 1707 Ἐκκλησίαν,
1436 1634 1579 1689 οὕτω
1615 1635 1809 1706 λέγων,

235 1742 255 1775 ι
301 1723 563 1787 Ἀνάστα,
583 1724 726 1791 ἐλθὲ,
747 1727 781 1796 ὴ
812 1723 1040 1796 πλησίον
1064 1742 1187 1795 μου,
1208 1727 1346 1799 καλή
1368 1745 1491 1798 μου,
1513 1729 1813 1800 περιστερά

229 1832 358 1887 μου,
393 1817 480 1870 ὅτι
522 1816 633 1870 ἰδοὺ
671 1817 701 1869 6
734 1816 943 1888 χειμὼν
986 1817 1250 1890 ἀπῆλθεν,
1287 1821 1316 1873 6
1363 1819 1519 1882 ὑετὸς
1547 1820 1809 1892 ἀπῆλθενς

226 1904 506 1978 ἐπορεύθη
531 1908 588 1961 ἐν
614 1906 786 1978 αὐτῷ·
818 1907 887 1964 τὰ
925 1908 1062 1981 ἄνθη
1088 1908 1245 1982 ὤφθη
1286 1912 1344 1965 ἐν
1373 1914 1439 1983 τῇ
1480 1914 1582 1983 γῇο
1625 1913 1816 1986 καιρὸς

225 1998 328 2070 τῆς
353 1998 531 2069 τομῆς
564 1996 821 2068 ἔφθασεν.
859 2019 880 2052 ι
927 2000 1188 2072 ’Δνεθάλη
1216 2002 1325 2074 γὰρ
1348 2004 1382 2074 ἠ
1406 2003 1694 2075 ἀνθρώπου
1716 2004 1817 2074 φύ-

228 2106 316 2153 σις
363 2084 459 2155 αὖ,
499 2090 692 2162 ῶσπερ
729 2108 784 2144 τι
823 2090 1011 2161 φυτὸν,
1053 2093 1536 2165 καταμαρανθείσα
1572 2093 1815 2166 θανάτῳ,

223 2178 319 2233 διά
353 2196 417 2233 τε
451 2180 552 2251 τὴν
572 2181 631 2235 ἐν
672 2180 845 2253 ’Δδὰμ
871 2181 1203 2254 παράϐασιν,
1236 2183 1332 2238 καὶ
1363 2183 1464 2256 τὴν
1499 2185 1641 2240 κατὰ
1673 2187 1814 2241 πάν-

226 2286 340 2322 των
356 2269 517 2340 ἡμῶν
544 2272 959 2344 τυραννήσασαν
991 2273 1288 2345 ἁμαρτίαν.
1324 2273 1532 2329 ’Δκοὸω
1556 2275 1613 2329 δὲ
1632 2276 1816 2348 λέγον-

226 2378 319 2426 τος
362 2361 460 2416 τοῦ
499 2362 738 2434 Χριστοῦ
770 2364 862 2418 καὶ
890 2364 956 2418 δι’
983 2365 1102 2429 ἐνὸς
1131 2365 1239 2421 τῶν
1272 2367 1445 2435 ἁγίων
1487 2369 1810 2440 προφητῶν,

234 2471 253 2504 ι
293 2453 467 2517 Αὐτὸς
494 2456 525 2508 6
548 2453 726 2509 λαλῶν
761 2456 1016 2528 πάρειμι,
1044 2458 1120 2522 ὡς
1147 2457 1266 2529 ὥρα
1294 2458 1387 2511 ἐπὶ
1417 2458 1528 2514 τῶν
1559 2460 1750 2532 ὀρέων.
1787 2481 1808 2516 ι

229 2546 413 2618 Ὅπερ
435 2545 546 2620 γὰρ
578 2549 637 2601 ἐν
678 2547 832 2623 ὄρεσι
860 2551 952 2603 καὶ
996 2550 1223 2622 δρυμοῖς
1254 2550 1316 2605 τὸ
1348 2550 1448 2625 ἔαρ
1495 2551 1811 2623 ἐργάζεται,

1922 991 2031 1046 lam
2055 993 2185 1047 olim
2214 997 2580 1061 exspectatam
2619 989 2848 1062 gloriam
2901 1004 2968 1045 ac
2997 1004 3225 1062 regnum
3250 988 3505 1044 introdu-

1921 1090 2026 1137 cet.
2059 1082 2192 1139 Esse
2219 1090 2401 1139 autem
2428 1089 2738 1138 creaturam
2761 1094 2980 1146 novam,
3003 1095 3068 1137 ac
3090 1079 3260 1136 veluti
3289 1086 3502 1149 tempo-

1920 1188 2043 1229 rum
2083 1184 2140 1231 et
2174 1190 2360 1230 rerum
2405 1175 2464 1229 in
2507 1173 2727 1231 Christo
2761 1189 2965 1229 novum
3003 1182 3248 1245 germen,
3272 1173 3506 1243 aenigma

1918 1266 2085 1338 primi
2117 1266 2322 1321 mensis
2344 1266 2551 1336 optime
2585 1265 2945 1331 demonstrat,
2975 1281 3086 1337 quo
3118 1274 3260 1321 terra
3299 1267 3505 1322 teneris

1918 1373 1983 1414 ac
2006 1357 2324 1413 recentibus
2345 1356 2534 1412 herbis
2559 1357 2917 1423 convestitur,
2948 1357 3146 1428 stirpes
3172 1356 3501 1428 germinant,

1918 1451 2047 1505 etin
2068 1451 2240 1522 pratis
2259 1450 2411 1506 varia
2437 1450 2633 1505 ﬂorum
2657 1450 2872 1521 species
2900 1450 3258 1520 conspicitur,
3289 1450 3505 1507 ridente

1918 1542 2081 1598 simul
2109 1542 2264 1598 verni
2304 1542 2569 1613 temporis
2602 1542 2898 1613 fragrantia
2927 1560 2940 1596 :
2973 1542 3067 1597 tali
3096 1558 3331 1613 namque
3363 1558 3502 1615 quo-

1918 1631 2210 1688 dammodo
2241 1642 2487 1703 tempore
2512 1632 2769 1689 Christus
2795 1633 3097 1689 Ecclesiam
3142 1650 3209 1689 ex
3249 1635 3505 1705 gentibus

1916 1721 2152 1786 vocavit,
2182 1722 2265 1778 sic
2291 1723 2518 1779 dicens:
2560 1743 2578 1776 ι
2616 1723 2808 1795 Surge,
2843 1724 2989 1789 veni,
3016 1724 3322 1795 propinqua
3359 1741 3519 1791 mea,

1841 1802 1886 1864 B
1913 1812 2142 1883 pulchra
2182 1829 2325 1880 mea,
2372 1816 2627 1872 columba
2672 1832 2817 1882 mea,
2856 1818 2983 1887 quia
3023 1832 3152 1872 ecce
3187 1817 3298 1887 jam
3330 1817 3507 1872 hiems
3526 1838 3553 1877 ς·

1914 1904 2155 1970 transiit,
2193 1890 2371 1961 imber
2405 1906 2564 1972 abiit,
2594 1906 2734 1961 abiit
2772 1907 2908 1973 sibi;
2952 1906 3118 1962 ﬂores
3146 1906 3263 1962 visi
3292 1908 3506 1963 suntin

1911 2000 2082 2060 terra,
2138 2002 2359 2068 tempus
2405 1996 2711 2068 putationis
2745 1997 2970 2053 advenit
2999 1998 3065 2053 “.
3103 2017 3121 2050 ο
3167 1998 3507 2053 Carminavit

1911 2087 2061 2142 enim
2089 2087 2293 2155 denuo,
2330 2097 2593 2160 tanquam
2618 2090 2809 2156 arbor,
2840 2090 3125 2145 hominum
3154 2100 3506 2162 natumgqua:

1912 2183 2091 2231 morte
2113 2186 2405 2234 exaruerat
2429 2186 2547 2233 tum
2577 2187 2802 2251 propter
2833 2179 2964 2234 Adae
2985 2181 3500 2251 transgressionem,

1914 2275 2028 2323 tum
2058 2278 2286 2339 propter
2307 2277 2616 2341 peccatum,
2643 2272 2793 2342 quod
2809 2272 2985 2327 nobis
3005 2274 3273 2329 omnibus.
3287 2276 3501 2346 tyranni

1911 2375 2063 2416 more
2083 2360 2489 2417 dominabatur.
2508 2362 2688 2419 Audio
2708 2364 2873 2420 etiam
2894 2364 3171 2421 Christum
3193 2381 3293 2437 per
3312 2382 3473 2436 quem
3498 2394 3508 2405 -

1912 2451 2091 2508 damc
2120 2454 2323 2510 sanctis
2355 2455 2469 2509 suis
2496 2454 2803 2526 prophetis,
2829 2455 3104 2512 dicentem
3135 2475 3149 2511 :
3192 2476 3211 2508 ι
3246 2457 3380 2529 Ego,
3405 2456 3501 2527 qui

1910 2542 2196 2613 loquebar,
2235 2544 2450 2609 adsum,
2487 2545 2635 2600 sicut
2675 2561 2907 2615 vernum
2952 2555 3170 2618 tempus
3198 2548 3253 2602 in
3296 2548 3502 2603 monti-

228 2636 433 2710 βλάστῃ
458 2640 555 2710 νέᾳ
583 2641 883 2710 στεφανοῦν
914 2641 983 2695 τὰ
1011 2642 1175 2711 φυτά,
1210 2640 1366 2698 τοῦτο
1402 2644 1498 2698 καὶ
1535 2646 1623 2715 ἐφ’
1651 2645 1812 2717 ἡμῶν

1917 2633 2016 2691 bus
2040 2635 2108 2691 ³⁸.
2148 2655 2166 2688 ι
2215 2635 2377 2707 332
2416 2635 2573 2704 Quod
2616 2637 2767 2692 enim
2823 2639 2882 2693 in
2923 2639 3206 2695 montibus
3273 2655 3511 2696 vernum

228 2732 261 2803 η
294 2729 387 2784 τοῦ
426 2731 683 2802 Σωτῆρος
723 2732 879 2803 ὴμῶν
917 2734 1357 2806 ἀποπεπλήρωκε
1384 2735 1676 2808 παρουσία,
1720 2753 1812 2806 γε·

1917 2733 2128 2797 tempus
2153 2726 2341 2794 edicit,
2366 2736 2428 2783 ut
2446 2728 2671 2784 arbores
2701 2744 2845 2786 novo
2867 2730 3513 2801 germine-coronentur,-

228 2823 428 2893 νομένη
463 2825 608 2877 κατὰ
640 2825 887 2896 καιροὺς,
920 2825 996 2891 ὡς
1035 2828 1094 2881 ἐν
1130 2825 1241 2881 ἔτει
1285 2826 1546 2899 δευτέρῳ,
1580 2828 1675 2883 καὶ
1711 2829 1812 2884 οὐκ

1917 2818 2020 2874 hoc
2052 2819 2198 2875 idem
2230 2820 2287 2874 in
2317 2820 2480 2876 nobis
2512 2820 2815 2877 Salvatoris
2846 2822 3020 2877 nostri
3061 2822 3332 2878 adventus
3368 2825 3503 2879 elle-

226 2914 286 2968 ἔν
311 2931 373 2983 γε
402 2913 481 2985 τῷ
509 2914 713 2988 πρώτῳ
742 2916 940 2988 καιρῷ,
968 2918 1092 2971 καθ’
1121 2918 1180 2972 6v
1215 2914 1283 2989 ἦν
1314 2920 1343 2973 6
1363 2919 1546 2990 νόμος,
1581 2920 1676 2974 καὶ
1700 2919 1812 2975 τῶν

1917 2909 2007 2975 cit,
2051 2910 2148 2981 qui
2196 2911 2251 2966 in
2293 2910 2491 2966 ordine
2529 2919 2841 2981 temporum
2886 2913 3043 2983 quasi
3082 2930 3226 2969 anno
3264 2915 3507 2970 secundo
3540 2926 3545 2929 ·

225 3007 527 3078 προφητῶν
554 3010 583 3062 6
613 3008 791 3080 χορὸς,
821 3010 913 3062 καὶ
936 3009 1057 3063 καθ’
1084 3009 1142 3064 6v
1181 3012 1403 3082 ἐκράτει
1438 3012 1687 3078 θάνατος.
1716 3014 1812 3066 Βε-

1917 2999 2038 3065 fuit,
2070 3017 2180 3056 non
2204 3010 2388 3056 autem
2416 3002 2595 3071 primo
2616 3009 2885 3073 tempore,
2936 3020 3047 3072 quo
3071 3004 3159 3058 lex
3192 3014 3247 3059 et
3270 3006 3506 3075 pl‘OpllE‘

225 3098 520 3153 εασῑλευκε
555 3099 664 3172 γὰρ
685 3100 794 3155 ἀπὸ
829 3102 999 3173 Ἀδάμ
1053 3103 1147 3157 καὶ
1176 3105 1337 3176 μέχρι
1365 3106 1629 3171 Μωσέως.
1660 3108 1805 3162 06x-

1917 3100 2096 3146 tarum
2125 3093 2328 3147 chorus
2363 3091 2602 3163 vigebat,
2644 3100 2702 3148 et
2745 3107 2855 3162 quo
2887 3109 3036 3149 mors
3073 3094 3460 3151 dominabatur
3489 3117 3500 3151 :

224 3191 320 3245 οὖν
353 3192 429 3257 ὡς
488 3193 549 3247 ἐν
597 3193 835 3265 δευτέρῳ
867 3193 998 3258 ἔτει,
1025 3194 1171 3249 τοῦτ’
1218 3196 1388 3262 ἔστιν,
1420 3197 1496 3262 ὠς
1526 3200 1584 3254 ἐν
1631 3199 1809 3272 χρόνῳ

1917 3184 2162 3255 regnavit
2194 3183 2340 3239 enim
2365 3183 2434 3239 ab
2465 3182 2636 3239 Adam
2671 3198 2844 3254 usque
2873 3186 2939 3240 ad
2975 3185 3212 3258 Moysem
3232 3186 3297 3243 “.
3333 3187 3506 3258 Igitur

142 3325 159 3339 .
222 3280 311 3355 τῷ
333 3285 472 3354 μετὰ
499 3284 595 3339 τὸν
631 3284 870 3355 πρῶτον,
894 3286 1017 3340 καθ’
1040 3287 1101 3342 ὃν
1132 3283 1200 3360 ἦν
1229 3291 1256 3341 6
1281 3289 1465 3360 νόμος,
1496 3292 1530 3362 η
1560 3291 1621 3358 ἐξ
1648 3292 1812 3348 ἐθνῶν

1917 3285 2173 3346 tanquam
2209 3276 2451 3331 secundo
2478 3291 2642 3341 anno,
2676 3277 2731 3331 id
2764 3287 2867 3342 est,
2899 3286 3175 3349 tempore,
3204 3281 3350 3350 quod
3379 3291 3505 3352 post

223 3374 544 3447 ἀνέλαμψεν
592 3376 913 3446 Ἐκκλησία,
949 3379 1186 3450 Χριστὸν
1219 3380 1444 3436 ἔναυλον
1489 3383 1708 3461 ἔχουσα,
1753 3386 1812 3438 τὸ

1917 3367 2046 3421 illud
2089 3368 2348 3438 primum,
2394 3383 2504 3437 quo
2533 3367 2638 3423 fuit
2669 3369 2778 3434 lex,
2825 3370 3072 3440 proxime
3119 3375 3501 3443 consequitur,

221 3463 338 3519 τῶν
359 3466 658 3537 προφητῶν
697 3466 791 3521 καὶ
818 3468 912 3521 τοῦ
942 3469 1106 3539 νόμου
1140 3469 1311 3535 τέλος.
1347 3469 1416 3525 *Α
1429 3473 1498 3544 ρά
1539 3460 1622 3527 σοι
1668 3475 1812 3529 δοκεῖ

1917 3461 2158 3516 Ecclesia
2190 3477 2259 3516 ex
2300 3460 2555 3530 genlibus
2591 3461 2838 3529 emicuit,
2873 3478 2998 3532 quas
3029 3462 3308 3519 Christum
3341 3466 3506 3521 inha-

223 3556 364 3631 πρὶς
395 3556 458 3613 τὸ
480 3557 613 3612 εὐθύ
642 3575 703 3613 τε
737 3559 830 3614 καὶ
867 3559 1067 3632 ἀληθὲς
1109 3561 1342 3617 διάττειν
1368 3563 1523 3635 ἡμῶν
1551 3567 1581 3617 6
1615 3564 1809 3635 7.670;;

1917 3550 2177 3606 bitantem
2210 3552 2399 3615 habet,
2439 3551 2535 3621 qui
2569 3560 2653 3608 est
2681 3553 2816 3625 legis
2844 3570 2907 3609 ac
2929 3554 3322 3625 prophetarum
3355 3557 3501 3614 linis.

1913 3639 2218 3696 Videturne
2256 3640 2355 3696 tibi
2388 3649 2575 3696 nostra
2601 3642 2778 3698 oratio
2808 3651 2959 3699 recto
2989 3658 3155 3700 cursu
3193 3644 3265 3700 ad
3294 3645 3505 3702 verita-

1913 3737 2022 3786 tem
2051 3731 2182 3787 ferri
2199 3734 2234 3788 ?‘

300 3827 508 3882 ΠΑΛΛ.
546 3827 872 3884 Παντάπασι
906 3831 1003 3901 μὲν
1029 3828 1143 3889 οὗν.

298 3918 461 3972 ΚΥΡ.
497 3915 666 3990 Οἶμαι
703 3920 761 3974 δὲ
792 3919 968 3992 ἔγωγε
994 3923 1093 3996 τὴν
1125 3924 1497 3998 ἀληθεστέραν
1524 3927 1656 3997 ἡμῖν
1678 3944 1823 3999 προ-η

222 4010 599 4081 κατηιγέλθαι
632 4013 838 4083 σκηνὴν
861 4014 950 4068 διὰ
977 4016 1422 4087 φωνῆςἭσαῖου,
1448 4017 1697 4088 λέγοντος
1732 4019 1810 4083 ὡς

223 4102 362 4172 πρὸς
385 4102 621 4158 ἕκαστον
643 4102 755 4157 τῶν
787 4106 846 4159 ἐν
880 4105 1062 4161 πίστει
1092 4107 1446 4178 κεκλημένων
1484 4111 1564 4172 είς
1606 4108 1808 4163 δικαιο-

225 4193 414 4266 σῦνην,
450 4213 470 4246 ι
509 4196 572 4249 Οί
602 4193 870 4266 όφθαλμρί
901 4213 994 4250 σου
1043 4196 1264 4268 ὄψονται
1303 4199 1681 4272 Ἰερουσαλὴμ,
1712 4202 1808 4254 πό-

1979 3828 2176 3883 PALL.
2203 3829 2433 3885 Maxime
2471 3845 2624 3887 vero.

1980 3920 2138 3976 CYR.
2190 3921 2461 3992 Equidem
2504 3930 2640 3994 puto
2685 3923 2879 3979 verius
2915 3922 3051 3979 illud
3092 3924 3503 3981 tabernaculum

1910 4013 2063 4068 Isaiae
2092 4028 2227 4069 voce
2259 4014 2694 4089 praznuntiatum
2738 4030 2879 4079 esse,
2906 4029 3031 4069 cum
3069 4016 3367 4099 unicuique
3405 4032 3506 4086 per

1908 4103 2071 4160 ﬁdem
2099 4105 2167 4160 ad
2196 4106 2469 4178 justitiam
2491 4115 2687 4162 vocato
2720 4107 2929 4162 diceret
2954 4125 2967 4159 :
3002 4126 3021 4157 ι
3053 4105 3208 4161 Oculi
3238 4109 3317 4162 tui
3349 4109 3502 4164 vidc-

1906 4192 2045 4248 bunt
2088 4194 2415 4259 Jerusalem,
2467 4195 2720 4249 civitates
2768 4196 3078 4265 opulentas,
3126 4196 3501 4260 tabernacula,

222 4285 336 4349 λεις
370 4287 656 4353 πλουσίας,
691 4289 887 4361 σκηναὶ
916 4288 972 4343 αἳ
1014 4289 1077 4343 οὐ
1110 4293 1186 4362 μὴ
1218 4290 1527 4354 σεισθῶσιν,
1572 4291 1694 4346 οὐδὲ
1730 4291 1805 4363 μὴ

1917 4299 2028 4353 quae
2071 4298 2182 4337 non
2222 4283 2627 4349 concutientur,
2672 4299 2870 4353 neque-
2899 4285 3269 4340 movebuntur
3312 4285 3499 4356 paxilli

221 4376 521 4447 κινηθῶσιν
553 4380 605 4434 οἱ
652 4378 919 4435 πάσσαλοι
948 4379 1048 4450 τῆς
1079 4381 1284 4452 σκηνῆς
1332 4382 1533 4453 αὐτῆς
1567 4382 1688 4435 οὑδέ
1734 4382 1806 4435 τὰ

1917 4375 2250 4431 tabernaculi
2278 4376 2429 4447 ejus;
2462 4391 2642 4446 neque
2679 4375 2911 4432 funiculi
2960 4378 3080 4447 ejus
3107 4378 3501 4449 dirumpentur

226 4468 440 4536 σχοινία
465 4468 639 4540 αὐτῆς
664 4470 726 4522 οὐ
760 4471 835 4542 μὴ
859 4471 1226 4545 διαρραγῶσιν
1247 4474 1327 4536 είς
1355 4473 1447 4526 τὸν
1476 4471 1651 4527 αίῶνα
1678 4473 1804 4544 χρό-

1917 4466 1963 4520 in
2005 4464 2403 4536 sempiternum
2447 4460 2662 4538 tempus
2700 4466 2767 4522 ⁸⁷.
2829 4487 2847 4519 ι
2891 4468 2988 4524 Dei
3032 4484 3271 4541 namque
3306 4471 3502 4526 civitas

220 4573 336 4612 νον,
377 4575 397 4609 ι
430 4557 569 4613 Θεοῦ
594 4560 705 4632 γάρ
739 4562 895 4625 πόλις
925 4563 959 4634 ἡ
994 4563 1310 4635 Ἐκκλησία,
1342 4559 1410 4636 ἧς
1437 4566 1531 4619 καὶ
1556 4567 1584 4618 6
1610 4565 1806 4619 θεσπέ-

1917 4557 2154 4613 Ecclesia
2175 4565 2280 4624 est,
2315 4560 2477 4630 cujus
2504 4559 2671 4615 etiam
2694 4560 2890 4616 beatus
2913 4562 3084 4617 David
3110 4563 3381 4627 meminit,
3410 4564 3498 4618 di-

219 4664 341 4712 σιος
369 4650 533 4705 Δαϐὶδ
555 4653 873 4726 ἐπεμνήσθη
890 4654 1085 4723 λέγων,
1116 4674 1135 4707 ι
1156 4654 1534 4726 Δεδοξασμένα
1564 4656 1802 4730 ἐλαλήθη

1917 4663 2079 4703 cens:
2126 4668 2143 4699 ι
2175 4647 2421 4704 Gloriosa
2463 4649 2610 4705 dicta
2649 4660 2780 4706 sunt
2817 4651 2885 4707 de
2917 4660 2990 4716 te,
3016 4654 3208 4709 civitas
3238 4653 3334 4709 Dei
3360 4655 3424 4735 ⁸δί
3472 4674 3491 4704 ι

218 4742 355 4813 περὶ
404 4741 520 4809 σοῦ,
555 4745 589 4815 ὴ
620 4745 774 4810 πόλις
811 4745 908 4799 τοῦ
938 4745 1096 4800 Θεοῦ.
1135 4766 1154 4799 ι
1218 4747 1458 4802 Πλουσία
1496 4748 1605 4819 γὰρ
1640 4748 1803 4821 αῦτη,

1917 4741 2072 4797 Dives
2097 4741 2246 4796 enim
2271 4757 2335 4796 ea
2370 4749 2475 4809 est,
2502 4744 2755 4814 supernis
2781 4744 3205 4815 cmlestibusque
3246 4747 3494 4807 muneri:

216 4832 318 4884 καὶ
358 4833 472 4895 τοῖς
520 4831 728 4889 ἄνωθεν
772 4836 867 4889 καὶ
915 4835 975 4901 ἐξ
1028 4837 1258 4909 οὐρανοῦ
1304 4838 1606 4910 χαρίσμασι
1671 4856 1800 4894 κατ-

1917 4833 2013 4888 bus
2036 4834 2314 4900 decorata,
2340 4851 2522 4906 neque
2557 4853 2801 4907 unquam
2835 4838 3102 4893 dimoveri
3137 4847 3336 4908 potest,
3368 4855 3496 4893 cum

208 4920 590 4994 ηγλαῖσμένη,
616 4925 710 4979 καὶ
724 4926 999 4998 ἄρρηκτον
1024 4927 1222 4998 ἔχουσα
1245 4929 1343 4999 τὴν
1360 4931 1418 4983 ἐν
1452 4928 1653 5000 βεϐαίῳ
1676 4930 1806 4985 στά-

1917 4923 2223 4982 ﬁrmissime
2247 4928 2547 4984 constituta
2589 4929 2682 4995 sit,
2723 4937 2781 4985 et
2810 4929 2914 4985 ﬁxa
2943 4938 3260 5000 permaneat
3290 4948 3303 4983 ι
3337 4951 3353 4982 ι
3386 4932 3496 4986 Nc-

212 5030 327 5076 σιν,
381 5014 589 5086 ἵδρυσεν
620 5033 681 5069 τε
711 5018 805 5071 καί
831 5018 1113 5091 διαμονήν.
1153 5039 1170 5072 ι
1214 5021 1386 5075 Πύλαι
1415 5020 1528 5093 γὰρ
1579 5020 1707 5092 ᾅδου
1743 5021 1805 5076 οὐ

1917 5033 2017 5087 quo
2050 5018 2199 5073 enim
2231 5030 2401 5090 porta:
2427 5021 2587 5078 inferi
2613 5024 2985 5094 prmvalcbunt
3006 5023 3271 5082 adversus
3297 5042 3437 5094 eam,
3471 5046 3489 5077 ι

212 5106 642 5177 κατισχύσουσιν
689 5108 896 5179 αὐτῆς,
959 5129 980 5163 ι
1048 5111 1191 5166 κατὰ
1240 5113 1341 5185 τὴν
1401 5112 1495 5167 τοῦ
1551 5112 1806 5185 Σωτῆρος

1917 5117 1972 5164 ιιι
2005 5109 2258 5167 Salvator
2286 5113 2362 5167 ait
2392 5112 2481 5169 ’3‘.

210 5196 426 5265 φωνήν.

292 5285 501 5354 ΠᾼΛΛ.
547 5290 845 5363 Ὀρθότατα
879 5292 972 5347 καὶ
999 5294 1184 5349 εἰκότα
1211 5295 1419 5368 διανοῇ.
1676 5285 1693 5295 ⁷
1725 5285 1802 5295 ’Ἣ

1982 5293 2179 5349 PALL.
2216 5296 2385 5352 Recte
2418 5305 2581 5368 atque
2615 5298 3007 5354 convenienter
3034 5300 3332 5355 existimas.

290 5377 451 5433 ΚΥΡ.
502 5378 913 5453 Ἐγηγερμένης
930 5382 985 5435 δὲ
1017 5384 1117 5454 τῆς
1152 5386 1379 5457 σκηνῆς,
1413 5387 1494 5440 ὅτι
1524 5387 1801 5459 προσῆκεν

1977 5384 2133 5439 (ῖγιι.
2159 5385 2279 5440 Jam
2305 5403 2458 5452 vero,
2493 5398 2680 5443 erecto
2722 5389 3095 5456 tabernaculo,
3137 5391 3255 5460 ejus
3284 5389 3492 5444 instru~

210 5466 281 5520 ἐν
330 5470 519 5543 κόσμῳ
561 5472 782 5526 κεῖσθαι
823 5473 893 5526 τὰ
937 5477 993 5527 ἐν
1027 5475 1186 5546 αὐτῇ,
1239 5479 1335 5532 καὶ
1379 5477 1454 5549 μὴ
1496 5479 1664 5549 χύδην
1703 5479 1798 5533 καὶ

1917 5487 2090 5533 menta
2118 5494 2238 5534 esse
2266 5496 2372 5534 non
2404 5480 2650 5550 disperse
2673 5489 2730 5537 ct
2763 5484 3124 5555 negligenter,
3162 5481 3253 5536 sed
3297 5481 3494 5538 ordine

207 5561 519 5632 ἀτημελῶς,
558 5564 805 5619 διδάσκει
827 5566 1001 5635 λέγων
1032 5570 1061 5621 6
1095 5569 1312 5623 πάντων
1346 5570 1613 5643 δεσπότης
1642 5572 1793 5636 Θεός·

1917 5574 2245 5642 collocanda,
2291 5577 2451 5633 docet
2492 5579 2581 5633 illc
2616 5581 2877 5636 Dominus
2919 5583 3320 5643 universorum,
3365 5594 3490 5632 cum

1554 5276 1657 5291 ----
1675 5277 1699 5295 4-
1725 5276 1802 5295 σευ-τ

313 5676 352 5709 ³⁸
380 5679 537 5737 Cant.
572 5696 632 5747 ll,
667 5678 748 5744 l0,
783 5678 863 5734 l3.
927 5683 969 5715 ³⁵
995 5683 1108 5739 lsa.‘
1131 5701 1219 5751 LII,
1246 5687 1297 5741 6.
1362 5687 1403 5717 ³⁵
1430 5674 1587 5742 an,
1620 5705 1671 5753 γ,
1709 5687 1789 5743 Η,

1921 5690 2021 5745 lsa.
2046 5708 2228 5754 “sui,
2253 5691 2338 5746 ΞΟ.
2397 5694 2438 5725 ³⁸
2461 5694 2599 5749 l‘sal.
2630 5712 2841 5763 LXXX”,
2870 5696 2920 5749 73.
2967 5697 3025 5726 ³⁸·
3054 5694 3240 5755 Matth.
3264 5708 3368 5758 xu,
3407 5691 3485 5744 I8.
