3962 6296
478 309 584 365 659

1486 311 1560 384 VS.
1603 309 1876 365 CYlllLLl
1915 310 2380 366 ALEXANDRINI
2418 309 2734 367 ARCHIEP.

3622 315 3724 370 660

479 421 651 478 dieit:
686 439 703 469 ι
737 421 804 474 Et
839 435 1008 490 pones
1034 435 1214 474 arcam
1254 423 1585 488 testamenti,
1611 432 1666 479 et
1693 432 1840 496 teges
1872 441 2045 479 arcam

2163 441 2180 474 ι
2214 423 2322 474 Kal
2361 421 2546 492 θήσεις
2585 422 2685 490 τὴν
2724 421 2956 475 κιϐωτὸν
2988 421 3082 476 τοῦ
3121 422 3439 494 μαρτυρίου,
3470 428 3564 480 καὶ
3597 445 3722 482 σκε-

476 511 600 567 velo
623 551 637 576 ,
665 518 722 564 et
743 510 944 566 inferes
967 524 1228 573 mensam,
1256 519 1311 564 et
1333 527 1604 582 propones
1624 515 2049 584 propositionem

476 604 617 674 ejus,
651 610 707 656 et
740 601 946 656 infercs
966 600 1374 668 candelabrum,
1419 613 1476 658 et
1513 605 1761 674 impones
1799 605 2051 660 lucernas

475 696 614 764 ejus,
649 701 704 748 et
729 707 901 762 pones
921 692 1090 746 altare
1123 707 1352 748 aureum
1395 695 1463 749 ad
1500 695 1827 750 adolendum
1865 711 2049 750 coram

475 784 831 840 tabernaculo
856 784 1176 849 testimonii,
1205 795 1261 840 et
1283 785 1529 855 imponcs
1549 796 1920 857 tegumentum
1943 788 2049 841 veli

474 875 542 928 ad
573 875 773 929 ostium
797 876 1133 932 tabernaculi
1159 878 1481 941 testimonii,
1522 887 1577 932 et
1599 879 1768 932 altare
1795 878 2050 933 holocau-

475 975 681 1021 storum
727 983 898 1038 pones
931 970 1084 1040 juxta
1106 978 1318 1040 portam
1347 969 1682 1026 tabernaculi
1708 969 2003 1025 testimonii
2031 1009 2047 1035 ,

472 1067 530 1114 et
553 1060 937 1130 circumpones
969 1063 1405 1128 tabernaculum,
1436 1072 1491 1118 et
1515 1064 1699 1118 omnia
1735 1079 1855 1133 qua:
1900 1063 1954 1116 in
1981 1077 2048 1116 eo

474 1160 602 1205 aunt
638 1152 1022 1224 circumpones
1065 1155 1120 1209 in
1152 1155 1387 1210 circuitu
1411 1155 1477 1209 ”.
1508 1175 1526 1207 ›
1557 1155 1664 1210 Sed
1697 1156 1754 1209 in
1783 1155 1871 1209 his
1896 1170 2075 1209 sacra'

474 1247 602 1296 Vasa
629 1241 797 1299 fuisse
821 1245 909 1299 illa
931 1245 1152 1315 quidem
1183 1245 1238 1299 in
1259 1261 1473 1300 sacrum
1497 1245 1908 1301 tabernaculum
1932 1246 2050 1300 illa-

476 1342 530 1387 ta
555 1333 747 1389 videre
771 1335 931 1402 licet;
960 1351 1069 1390 non
1095 1337 1226 1390 item
1256 1337 1415 1406 plane
1453 1337 1577 1407 quis
1603 1337 1800 1408 cuique
1826 1338 1940 1392 vasi
1963 1338 2047 1392 lo-

473 1438 573 1478 cus
593 1440 692 1494 pro
713 1427 833 1496 ejus
857 1428 1236 1484 convenientia
1266 1431 1337 1484 sit
1359 1431 1675 1485 attributus.
1695 1430 1856 1500 333
1884 1430 2048 1486 Visne

473 1514 644 1584 igitur
667 1517 935 1588 ejusmodi
957 1529 1360 1590 praeceptorum
1389 1537 1509 1592 quae
1533 1521 1601 1576 ad
1634 1521 2047 1576 tabernaculum

474 1607 772 1676 pertinent,
799 1611 1058 1668 subtilem
1096 1621 1153 1669 et
1184 1623 1498 1669 accuratam
1541 1613 1908 1684 cognitionem
1932 1613 2047 1668 col-

473 1698 707 1768 ligamus
723 1701 747 1754 ?

545 1875 742 1930 PALL.
775 1877 887 1949 Ego
911 1893 1042 1933 vero
1068 1879 1448 1936 libentissime.

546 1967 704 2024 CYR.
726 1969 1012 2040 Aititaque
1028 1971 1096 2025 ad
1110 1971 1329 2043 Moysen
1349 1975 1523 2030 Deus:
1564 1994 1582 2026 ι
1619 1975 1686 2030 Et
1707 1973 1876 2030 facies
1900 1975 2047 2029 vela-

473 2075 602 2113 men
623 2074 691 2113 ex
712 2058 1010 2128 hyacintho
1027 2068 1083 2114 et
1098 2076 1364 2132 purpura,
1382 2072 1437 2119 et
1453 2081 1618 2120 cocco
1633 2073 1797 2129 torto,
1813 2073 1869 2120 et
1887 2065 2050 2137 bysso

470 2158 632 2216 neta;
666 2164 808 2220 opus
838 2151 1024 2207 textile
1050 2152 1220 2208 facies
1249 2155 1384 2210 illud
1414 2155 1735 2221 Gherubim,
1763 2163 1822 2210 et
1853 2171 2048 2226 super-

471 2243 722 2312 impones
765 2243 902 2298 illud
949 2260 1114 2315 super
1154 2251 1391 2317 quatuor
1421 2249 1706 2303 columnas
1737 2247 2050 2318 imputribi-

467 2334 550 2390 les
585 2334 865 2390 inauratas
881 2351 1016 2390 auro
1041 2352 1055 2390 :
1081 2344 1138 2391 et
1170 2337 1348 2408 cupita
1379 2353 1568 2393 earum
1601 2353 1790 2403 aurea,
1813 2348 1869 2393 et
1889 2338 2050 2392 bases

467 2435 659 2476 earum
694 2429 933 2494 quatuor
972 2433 1283 2496 argenteae:
1334 2434 1391 2482 et
1412 2442 1584 2497 pones
1605 2428 1853 2483 velamen
1883 2443 2048 2497 super

467 2515 771 2579 columnas,
794 2523 850 2569 et
876 2515 1106 2572 induces
1133 2516 1279 2573 intra
1303 2518 1552 2574 velamen
1589 2535 1772 2574 arcam
1797 2519 2047 2574 testimo-

466 2605 580 2672 nii,
619 2614 678 2662 et
726 2606 934 2661 dividet
975 2606 1132 2663 vobis
1172 2607 1423 2664 velamen
1475 2609 1617 2664 inter
1656 2609 1947 2674 Sanctum,
1990 2617 2048 2664 et

465 2698 614 2754 inter
663 2695 924 2753 Sanctum
973 2706 1329 2768 sanctorum;
1360 2709 1417 2755 et
1456 2701 1740 2770 cooperies
1778 2701 2046 2756 velamine

465 2801 651 2841 arcam
697 2788 998 2843 testimonii
1035 2788 1090 2844 in
1138 2788 1338 2848 Sancto
1384 2798 1718 2856 sanctorum,
1771 2798 1828 2846 et
1873 2807 2047 2864 pones

465 2892 710 2933 mensam
760 2887 920 2934 extra
965 2880 1248 2946 "velamen,
1305 2889 1362 2937 et
1413 2881 1804 2939 candelabrum
1853 2891 2044 2937 contra

466 2983 711 3024 mensam
749 2969 804 3024 in
841 2976 996 3041 parte
1034 2972 1374 3028 tabernaculi
1440 2989 1562 3042 quae
1596 2973 1820 3043 respicit
1843 2973 1910 3028 ad
1943 2990 2043 3029 au-

2153 513 2346 576 πάσεις
2370 513 2469 583 τὴν
2501 513 2732 565 κιϐωτὸν
2755 513 2832 584 τῷ
2854 515 3324 586 καταπετάσματι.
3349 515 3460 568 Kal
3473 519 3725 582 εἰσοίσεις

2151 604 2248 674 τὴν
2287 603 2587 675 τράπεζαν,
2627 604 2722 657 καὶ
2763 606 3058 676 προθήσεις
3091 605 3190 677 τὴν
3235 605 3492 678 πρόθεσιν
3531 609 3720 680 αὐτῆς.

2151 695 2260 746 Kal
2283 695 2534 758 εἰσοίσεις
2547 695 2645 766 τὴν
2664 695 2906 766 λυχνίαν,
2928 698 3023 750 καὶ
3049 697 3328 767 ἐπιθήσεις
3349 697 3475 760 τοὺς
3499 697 3724 769 λύχνους

2151 787 2340 857 αὐτῆς.
2384 789 2495 840 Kal
2527 786 2712 858 θήσεις
2738 788 2802 840 τὸ
2827 787 3208 860 θυσιαστήριον
3254 789 3315 842 τὸ
3349 789 3598 859 χρυσοῦν,
3644 793 3724 856 είς

2150 876 2210 930 τὸ
2243 877 2442 948 θυμιᾷν
2470 878 2709 931 ἐναντίον
2753 869 2853 948 τῆς
2885 878 3140 932 κιϐωτοῦ.
3176 881 3286 933 Kal
3312 881 3594 951 ἐπιθήσεις
3619 881 3724 934 κά-

2150 967 2342 1038 λυμμα
2375 968 2864 1039 καταπετάσματος
2906 971 3000 1022 ἐπὶ
3039 971 3138 1041 τὴν
3182 970 3352 1042 θύραν
3391 973 3489 1044 τῆς
3517 972 3726 1044 σκηνῆς

2149 1060 2243 1114 τοῦ
2277 1061 2599 1132 μαρτυρίου,
2633 1063 2726 1114 καὶ
2756 1062 2816 1114 τὸ
2847 1062 3231 1134 θυσιαστήριον
3264 1063 3373 1117 τῶν
3419 1065 3726 1134 καρπωμά-

2148 1169 2256 1204 των
2285 1151 2470 1222 θήσεις
2515 1153 2664 1223 παρά
2699 1153 2798 1216 τὰς
2842 1152 3012 1224 θύρας
3037 1155 3134 1224 τῆς
3168 1155 3370 1224 σκηνῆς
3392 1154 3484 1208 τοῦ
3520 1173 3727 1226 μαρτυο

2154 1242 2287 1311 ρίου.
2315 1242 2423 1294 Kal
2439 1242 2758 1313 περιθήσεις
2776 1244 2873 1316 τὴν
2895 1245 3119 1316 σκηνὴν,
3147 1247 3241 1298 καὶ
3258 1245 3435 1299 πάντα
3461 1246 3530 1299 τὰ
3553 1248 3724 1318 αὐτῆς

2150 1333 2466 1404 περιθήσεις
2514 1334 2720 1404 κύκλῳ.
2765 1354 2784 1387 ι
2849 1335 2987 1388 Ἀλλ’
3036 1336 3213 1389 ἔνεστι
3262 1335 3360 1406 μὲν
3409 1336 3468 1388 ἐν
3514 1335 3725 1400 τούτοις

2150 1425 2610 1496 εἰσκεκομισμένα
2638 1426 2766 1478 ίδεϊν
2798 1429 2855 1480 ἐν
2877 1429 2942 1498 τῇ
2977 1427 3106 1497 ἁγία
3135 1430 3304 1498 σκηνῇ
3359 1426 3429 1480 τά
3459 1428 3626 1498 σκεύη
3652 1427 3725 1480 τά

2151 1514 2301 1585 ίερά·
2331 1516 2392 1568 ού
2424 1516 2530 1586 μὴν
2573 1517 2652 1572 ἔτι
2698 1519 2793 1572 καὶ
2841 1518 3027 1587 σαφῶς
3057 1519 3150 1572 τὸν
3195 1520 3408 1590 ἑκάστῳ
3444 1520 3725 1588 πρέποντά

2149 1623 2207 1658 τε
2238 1607 2332 1660 καὶ
2360 1607 2733 1678 ἐκνεμηθέντα
2756 1611 2951 1663 τόπον.-
2968 1609 3156 1663 Βούλει
3185 1609 3250 1680 δὴ
3279 1606 3372 1664 οὖν
3397 1611 3506 1663 τῶν
3529 1610 3620 1663 ἐπὶ
3651 1613 3720 1682 τῇ

2153 1699 2322 1767 σκηνῇ
2377 1700 2813 1770 προσταγμάτων
2859 1700 3062 1770 λεπτήν
3113 1717 3178 1753 τε
3218 1702 3313 1754 καὶ
3364 1700 3566 1772 ἀκριϐῆ
3611 1701 3724 1765 τῶν

2079 1774 2122 1830 Β
2149 1786 2366 1839 τοιῶνδε
2401 1787 2498 1858 τὴν
2533 1788 2732 1856 γνῶσιν
2765 1787 3172 1860 ἐρανιζώμεθα;

2220 1877 2428 1931 ΠΑΛΛ.
2469 1878 2557 1943 Ὠς
2587 1877 2779 1947 ἥδιστά
2813 1895 2899 1946 γε.

2220 1967 2382 2022 ΚΥΡ.
2417 1969 2561 2038 Ἔφη
2593 1967 2771 2022 τοίνυν
2815 1969 2952 2038 πρὸς
2982 1967 3074 2022 τὸν
3120 1969 3264 2040 ίερὸν
3307 1967 3514 2024 Μωσέα
3563 1969 3720 2033 Θεός·

2155 2077 2173 2109 ι
2211 2059 2321 2112 Kal
2344 2059 2590 2130 ποιήσεις
2615 2058 3014 2129 καταπέτασμα
3043 2058 3101 2124 ἐξ
3125 2059 3380 2112 ὑακίνθου
3399 2057 3722 2129 καὶπορφύ-

2151 2168 2270 2221 ρας,
2308 2150 2403 2204 καὶ
2427 2150 2676 2204 κοκκίνου
2703 2150 3104 2220 κεκλωσμένου,
3121 2151 3215 2204 καὶ
3244 2147 3442 2218 βύσσου
3458 2149 3726 2220 νενησμέ-

2148 2259 2264 2314 νης·
2310 2241 2470 2312 ἔργον
2517 2242 2751 2311 ὑφαντὸν
2805 2243 3050 2312 ποιήσεις
3097 2242 3227 2295 αὐτὸ
3264 2241 3565 2312 Χερουϐίμ.
3608 2240 3724 2293 Kal

2147 2335 2432 2406 ἐπιθήσεις
2471 2333 2603 2387 αὐτὸ
2637 2334 2730 2387 ἐπὶ
2776 2334 3059 2402 τεσσάρων
3089 2333 3295 2387 στύλων
3327 2335 3590 2402 ἀσήπτων
3623 2347 3726 2384 κει

2149 2428 2516 2499 χρυσωμένων
2549 2427 2778 2498 χρυσίῳ.
2808 2428 2918 2480 Kal
2962 2430 3018 2481 ai
3051 2428 3337 2495 κεφαλίδες
3373 2425 3554 2478 αὐτῶν
3586 2441 3728 2496 χρυι

2149 2523 2258 2584 cal,
2309 2519 2404 2572 καὶ
2446 2519 2501 2571 αι
2555 2518 2742 2588 βάσεις
2789 2518 2970 2571 αὐτῶν
3009 2518 3272 2590 τέσσαρες
3305 2518 3566 2588 ἀργυραῖ.
3608 2517 3729 2571 Kal

2147 2609 2333 2682 θήσεις
2370 2610 2430 2662 τὸ
2461 2609 2864 2679 καταπέτασμα
2901 2609 2994 2661 ἐπὶ
3022 2609 3130 2662 τῶν
3167 2607 3397 2673 στύλων,
3432 2606 3525 2660 καὶ
3555 2607 3730 2659 εἰσοί-

2147 2718 2259 2765 σεις
2279 2702 2397 2754 ἐκεῖ
2423 2701 2686 2772 ἐσώτερον
2717 2699 2811 2754 τοῦ
2843 2700 3330 2770 καταπετάσματος
3362 2698 3461 2770 τὴν
3486 2696 3731 2754 κιϐωτὸν

2145 2791 2238 2845 τοῦ
2282 2791 2602 2862 μαρτυρίου.
2652 2793 2763 2845 Kal
2810 2791 3002 2861 διοριεῖ
3047 2791 3107 2843 τὸ
3138 2789 3541 2859 καταπέτασμα
3589 2787 3727 2858 ὑμῖν

2145 2881 2416 2952 ἀναμέσον
2447 2881 2540 2934 τοῦ
2583 2881 2789 2950 Ἀγίου,
2821 2882 2915 2935 καὶ
2946 2879 3220 2950 ἀναμέσον
3252 2877 3346 2930 τοῦ
3390 2875 3570 2944 Ἀγίου
3608 2874 3727 2929 τῶν

2144 2976 2334 3045 ἁγίωνι
2363 2974 2786 3044 Κατακαλύψεις
2811 2973 2890 3044 τῷ
2913 2972 3360 3042 καταπετάσματι
3375 2969 3472 3040 τήν
3489 2967 3728 3024 κιϐωτὸν

468 3065 686 3127 strum;
741 3067 796 3115 et
843 3075 1087 3117 mensam
1140 3076 1312 3132 pones
1361 3062 1420 3116 in
1467 3072 1622 3132 parte
1707 3063 2044 3119 tabernaculi

2149 3067 2240 3120 τοῦ
2279 3067 2578 3140 μαρτυρίου
2613 3069 2671 3120 ἐν
2700 3065 2778 3136 τῷ
2822 3066 2992 3136 Ἀγίῳ
3031 3064 3139 3119 τῶν
3167 3063 3356 3133 ἁγίων.
3387 3062 3496 3115 Kal
3528 3059 3727 3132 ἐπιθή-

469 3167 590 3222 qua:
626 3153 854 3223 respicit
890 3154 957 3209 ad
996 3153 1328 3224 aquilonem.
1365 3155 1434 3209 Et
1463 3154 1632 3210 facies
1659 3155 2045 3211 adductorium

2150 3177 2261 3224 σεις
2287 3161 2384 3230 τὴν
2412 3158 2690 3232 τράπεζαν
2720 3158 2919 3224 ἔξωθεν
2949 3157 3044 3210 τοῦ
3076 3155 3586 3225 καταπετάσματος,
3621 3154 3725 3206 καὶ

463 3258 534 3299 ex
571 3243 869 3315 hyacintho
897 3253 954 3300 et
983 3261 1247 3327 purpura,
1278 3253 1335 3300 et
1365 3259 1530 3301 cocco
1563 3251 1732 3312 torto,
1781 3255 1839 3302 et
1885 3247 2045 3318 bysso

2149 3250 2237 3321 ἰὴν
2270 3249 2489 3320 λυχνίαν
2537 3249 2796 3302 ἀπέναντι
2817 3249 2914 3318 τῆς
2947 3246 3225 3320 τραπέζης
3269 3246 3361 3298 ἐπὶ
3394 3245 3590 3316 μέρους
3617 3243 3724 3314 τῆς

463 3343 630 3402 torta,
681 3352 822 3406 opus
850 3336 1143 3392 variator-is
1170 3353 1184 3404 ;
1239 3344 1295 3392 et
1324 3336 1494 3394 facies
1523 3339 1781 3393 velamini
1803 3340 2046 3410 quinque

463 3427 768 3496 columnas,
803 3437 860 3484 et
901 3429 1181 3485 inaurabis
1217 3444 1310 3485 eas
1344 3445 1502 3496 auro,
1532 3437 1589 3486 et
1628 3431 1807 3501 capita
1851 3446 2045 3486 earum

462 3533 650 3585 aurea,
685 3528 740 3576 et
767 3521 1028 3578 conﬂabis
1055 3523 1137 3579 eis
1160 3524 1402 3594 quinque
1422 3523 1582 3578 bases
1602 3538 1782 3578 teneas
1807 3525 1872 3577 ⁸ο.
1913 3543 1930 3574 ι
1960 3523 2040 3579 Ac

463 3607 532 3663 de
565 3607 652 3665 his
677 3610 904 3680 quidem
924 3612 1211 3668 hactenus.
1243 3613 1318 3667 De
1339 3612 1491 3667 labro
1512 3619 1698 3667 autem
1719 3613 1837 3668 haec
1867 3612 2002 3667 dicit
2026 3641 2042 3677 ε

471 3716 491 3748 ι
520 3699 708 3754 Facies
757 3700 974 3755 labrum
1029 3717 1263 3765 aeneum,
1305 3709 1361 3756 et
1397 3701 1574 3756 basim
1609 3703 1783 3771 ipsius
1814 3718 2043 3768 aeneam,

464 3797 527 3840 ut
554 3789 830 3853 laventur,
860 3799 918 3844 et
951 3804 1123 3860 pones
1162 3791 1294 3844 illud
1329 3791 1472 3845 inter
1501 3791 1920 3847 tabernaculum
1960 3802 2046 3848 te-

461 3878 709 3932 stimonii
749 3887 807 3934 et
837 3879 1011 3936 altare
1042 3880 1110 3934 “.
1144 3898 1163 3932 ι
1212 3879 1356 3935 Num
1392 3880 1494 3934 tibi
1525 3881 1816 3952 perspicue
1840 3881 1908 3936 de
1928 3882 2046 3937 sin-

462 3969 604 4039 gulis
642 3968 850 4024 dictum
879 3970 1146 4026 videtur?

2143 3343 2349 3414 σκηνῆς
2372 3343 2432 3395 τὸ
2464 3343 2604 3414 πρὸς
2633 3341 2807 3394 νότον.
2838 3341 2946 3394 Kal
2976 3339 3074 3412 τὴν
3103 3338 3380 3412 τράπεζαν
3409 3337 3595 3407 θήσεις
3625 3336 3723 3388 ἐπὶ

2145 3435 2343 3506 μέρους
2391 3434 2488 3505 τῆς
2530 3433 2736 3504 σκηνῆς
2769 3433 2828 3489 τὸ
2879 3431 3015 3502 πρὸς
3048 3429 3270 3502 βορρᾶν.
3317 3427 3424 3480 Kal
3471 3427 3723 3496 ποιήσεις

2142 3525 2512 3596 ἐπίσπαστρον
2552 3527 2620 3595 τῇ
2649 3524 2789 3597 θύρᾳ
2841 3524 2940 3594 τῆς
2986 3521 3194 3594 σκηνῆς
3235 3519 3294 3585 ἐξ
3333 3517 3587 3572 ὑακίνθου
3622 3518 3723 3571 καὶ

2148 3614 2456 3686 πορφύρας,
2490 3614 2585 3668 καὶ
2629 3615 2883 3668 κοκκίνου
2927 3612 3330 3682 κεκλωσμένου,
3377 3608 3472 3662 καὶ
3516 3606 3720 3678 βύσσου

2144 3707 2552 3777 κεκλωσμένης,
2579 3707 2739 3778 ἔργον
2768 3705 3065 3760 ποικιλτοῧι
3088 3705 3198 3758 Καὶ
3225 3703 3471 3772 ποιήσεις
3501 3699 3577 3770 τῷ
3608 3716 3719 3753 κα-

2143 3793 2524 3864 ταπετάσματι
2555 3795 2717 3848 πέντε
2749 3795 2992 3858 στύλους,
3031 3794 3127 3847 καὶ
3171 3789 3476 3862 χρυσώσεις
3514 3789 3719 3853 αὐτοὺς

2142 3885 2352 3958 χρυσίῳ
2372 3901 2385 3916 ·
2409 3885 2504 3938 καὶ
2526 3888 2582 3939 al.
2606 3886 2889 3955 κεφαλίδες
2928 3885 3107 3939 αὐτῶν
3135 3884 3355 3955 χρυσαῖ,
3387 3882 3480 3936 καὶ
3511 3879 3720 3952 χωνεύ-

2146 3993 2260 4040 σεις
2289 3977 2472 4039 αὐτοῖς
2514 3976 2674 4029 πέντε
2707 3976 2893 4046 βάσεις
2936 3975 3166 4046 χαλκᾶς.
3205 3993 3224 4025 ι
3263 3973 3373 4026 Kal
3418 3972 3576 4024 ταυτὶ
3612 3971 3718 4040 μὲν

464 4061 837 4132 περὶτούτων.
869 4064 1004 4134 Περὶ
1029 4061 1087 4116 δέ
1137 4081 1198 4132 γε
1233 4063 1326 4117 τοῦ
1363 4064 1624 4136 λουτῆρος
1661 4056 1762 4119 ὧδέ
1800 4063 1874 4136 πή
1906 4083 2058 4137 φησι·
2107 4086 2126 4119 ι
2168 4069 2397 4139 Ποίησον
2420 4068 2656 4138 λουτῆρα
2693 4069 2948 4138 χαλκοῦν,
2991 4068 3083 4121 καὶ
3134 4067 3291 4136 βάσιν
3323 4063 3471 4134 αύτῷ
3503 4061 3718 4134 χαλκῆν

477 4155 620 4209 ὥστε
663 4155 974 4221 νίπτεσθαι,
1013 4157 1108 4210 καὶ
1141 4156 1324 4227 θήσεις
1376 4155 1540 4210 αὐτὸν
1583 4157 1688 4210 ἀνὰ
1736 4158 1898 4227 μέσον
1943 4160 2042 4230 τῆς
2083 4163 2289 4231 σκηνῆς
2351 4158 2443 4212 τοῦ
2486 4159 2809 4230 μαρτυρίου,
2841 4158 2934 4212 καὶ
2958 4158 3062 4212 ἀνά
3086 4156 3249 4228 μέσον
3279 4155 3374 4209 τοῦ
3409 4155 3714 4226 θυσιαστη-

466 4247 606 4319 ρίου.
639 4265 658 4299 ι
686 4242 835 4319 *Αρά
867 4265 949 4301 σοι
986 4247 1159 4318 σαφής
1193 4247 1221 4297 ὁ
1257 4248 1342 4317 ἐφ’
1368 4245 1582 4318 ἑκάστῳ
1620 4247 1776 4317 λόγος
1806 4263 1822 4316 ;

535 4331 734 4394 PALL.
761 4337 983 4395 Minime
1003 4355 1189 4394 .vero:
1222 4337 1416 4393 dubito
1452 4339 1602 4394 enim
1639 4355 1790 4406 sane,
1833 4336 2040 4411 etquid

2212 4338 2417 4392 HAAA.
2450 4338 2524 4391 Ού
2559 4338 2659 4408 μὲν
2688 4330 2780 4392 οὖν
2808 4353 2821 4370 ”
2856 4336 3164 4408 διηπόρηκα
3189 4336 3296 4409 γὰρ
3316 4375 3331 4403 ,
3359 4335 3486 4392 ῐσθι’
3534 4335 3631 4390 καὶ
3659 4339 3719 4393 τί

463 4424 602 4486 illud
623 4430 729 4486 sibi
756 4431 909 4496 velit,
943 4447 1055 4486 non
1089 4430 1266 4485 habeo
1299 4429 1505 4485 dicere.

530 4522 692 4578 CYR.
750 4521 1102 4593 Singulorum
1149 4522 1318 4592 igitur
1359 4521 1673 4586 verborum,
1717 4533 1839 4591 quas
1871 4521 2034 4577 modo

460 4611 643 4684 posui,
686 4611 782 4666 ubi
819 4625 884 4666 ea
922 4626 1207 4680 sumpsero
1233 4623 1354 4681 quae
1390 4609 1460 4665 ad
1479 4623 1671 4666 eorum
1702 4611 2036 4680 contempla-

461 4705 668 4758 tionem
685 4703 841 4758 utilia
863 4711 1012 4768 sunt,
1033 4701 1331 4759 dilucidam
1363 4711 1526 4773 atque
1558 4703 1904 4773 perspicuam
1934 4717 2035 4772 pro

460 4795 674 4850 viribus
696 4794 1092 4866 expositionem
1133 4793 1378 4849 aﬂ‘eram.
1402 4795 1658 4850 Erectum
1686 4809 1923 4863 namque
1951 4801 2036 4847 est

463 4887 522 4940 in
554 4886 774 4942 deserto
809 4901 1028 4942 sacrum
1055 4885 1192 4940 illud
1228 4885 1661 4949 tabernaculum,
1685 4883 1914 4949 Palladi,
1942 4884 2044 4938 du-

463 4978 594 5048 plici
622 4978 1022 5048 quodammodo
1043 4978 1151 5033 situ
1173 4991 1238 5034 ac
1265 4978 1436 5049 ﬁgura
1462 4995 1476 5043 ;
1503 4985 1665 5046 atque
1687 4991 1796 5031 una
1819 4975 2041 5046 quidem

463 5067 586 5137 ejus
617 5082 744 5136 pars
789 5067 981 5122 intima
1038 5075 1184 5132 erat,
1234 5082 1408 5136 eaque
1464 5065 1666 5120 Sancta
1725 5073 2048 5142 sanctorum.

465 5157 844 5227 appellabatur
866 5158 1082 5230 :hujus
1101 5167 1223 5214 erat
1245 5157 1417 5212 veluti
1447 5157 1655 5227 primus
1675 5155 1894 5225 quidam
1938 5155 2038 5208 ad-

465 5241 597 5313 itus,
627 5255 685 5305 et
712 5248 855 5304 circa
879 5259 1000 5306 eam
1032 5255 1207 5322 posita
1238 5264 1364 5319 pars
1385 5248 1474 5303 illa
1493 5248 1666 5318 prior,
1687 5262 1808 5316 quae
1838 5245 2037 5302 Sancta

463 5341 802 5410 Vocabatur;
842 5352 1006 5414 atque
1037 5345 1094 5398 in
1133 5343 1328 5399 intimo
1377 5342 1472 5397 illo
1514 5340 1866 5396 tabernaculo
1913 5348 2036 5395 erat

464 5440 590 5486 arca
624 5434 884 5504 reposita,
926 5434 995 5489 de
1041 5442 1276 5502 quatuor
1305 5433 1575 5490 columnis
1608 5432 1857 5488 velamen
1909 5446 2034 5486 sus-

467 5530 694 5592 pensum
732 5525 944 5582 habens
989 5523 1280 5582 artiﬁciose
1298 5541 1362 5581 ex
1401 5525 1714 5597 hyacintho,
1771 5539 2032 5596 purpura,

2141 4427 2202 4480 τὸ
2233 4428 2443 4498 χρῆμα,
2477 4427 2654 4480 εἰπεῖν
2683 4427 2782 4480 οὐκ
2808 4427 2937 4497 ἔχω.

2211 4518 2374 4570 ΚΥΡ.
2405 4515 2616 4570 Οὐκοῦν
2635 4517 2720 4585 ἐφ’
2744 4511 2958 4588 ἑκάστῳ
2973 4517 3080 4571 τῶν
3099 4517 3476 4589 προκειμένων
3507 4516 3712 4589 ῥητῶν,

2142 4611 2222 4673 εἰς
2253 4607 2485 4678 θεωρίαν
2501 4608 2598 4678 τὴν
2625 4607 2710 4660 ἐπ’
2735 4608 2917 4673 αὐτοῖς
2946 4610 3006 4662 τὸ
3034 4608 3223 4664 τελοῦν
3251 4609 3525 4681 ἀρπάσας,
3565 4611 3714 4682 σαφῆ

2143 4701 2239 4753 καὶ
2271 4700 2721 4770 εὐκρινεστάτην,
2759 4700 2834 4764 ὡς
2867 4701 2932 4754 ἂν
2960 4695 3071 4766 οἷός
3103 4719 3162 4756 τε
3189 4696 3255 4770 ὦ,
3283 4703 3580 4774 ποιήσομαι
3614 4705 3715 4773 τὴν

2141 4793 2440 4862 ἀφήγησιν.
2483 4789 2812 4862 Ἐγήγερται
2853 4792 2950 4862 μὲν
2975 4793 3105 4864 γὰρ,
3147 4788 3193 4847 ὦ
3239 4792 3528 4859 Παλλάδιε,
3569 4795 3714 4847 κατά

2137 4881 2240 4952 τὴν
2269 4879 2474 4950 ἔρημον
2504 4881 2536 4949 ὴ
2563 4879 2692 4948 άγία
2720 4879 2912 4951 σκηνὴ,
2938 4881 3013 4943 ὡς
3035 4883 3092 4934 ἐν
3124 4881 3272 4936 θέσει
3291 4898 3352 4936 τε
3386 4883 3476 4936 καὶ
3499 4884 3558 4935 ἐν
3581 4882 3712 4936 είδει

2136 4971 2332 5041 διπλῷ.
2361 4973 2470 5026 Kal
2507 4973 2605 5042 μία
2643 4971 2739 5042 μὲν
2778 4967 2846 5044 ῆν
2881 4974 2914 5042 ἡ
2961 4973 3205 5046 ἐσωτάτη
3228 4989 3242 5005 ο
3272 4972 3442 5044 ὖνομα
3465 4973 3520 5026 δὲ
3547 4973 3708 5043 αὐτῇ,

2135 5063 2203 5117 τά
2241 5063 2404 5132 Ἀγια
2421 5064 2530 5118 τῶν
2571 5065 2760 5132 ἁγίων.
2788 5067 3120 5138 Προεισδολὴ
3157 5066 3214 5119 δέ
3254 5064 3444 5138 ὥσπερ
3486 5083 3570 5129 τις
3615 5065 3711 5118 καὶ

2136 5156 2264 5226 περὶ
2289 5155 2458 5226 αὐτὴν
2485 5157 2518 5226 ή
2549 5157 2760 5228 πρώτη,
2790 5159 2858 5210 τά
2891 5157 3120 5229 ἐπίκλην
3149 5158 3335 5226 Ἅγια.
3362 5157 3470 5210 Kal
3499 5159 3578 5220 εἰς
3609 5156 3709 5227 μέν

2143 5247 2240 5317 τὴν
2275 5247 2531 5301 ἐσωτάτω
2577 5249 2885 5320 σκηνὴν,ή
2938 5249 3164 5313 κιϐωτὸς
3219 5249 3562 5314 ἀπετέθειτο,
3615 5247 3706 5301 ἐπὶ

2141 5339 2422 5408 τεσσάρων
2457 5338 2663 5392 στύλων
2697 5340 2913 5412 χρυσῶν
2957 5341 3154 5412 ἔχουσα
3186 5340 3574 5412 περιπέτασμα
3606 5355 3705 5392 τιε-

2141 5431 2437 5500 ποιημένον
2464 5431 2726 5500 ἐντέχνως
2759 5431 2818 5496 ἐξ
2859 5432 3111 5485 ὑακίνθου
3143 5433 3236 5485 καὶ
3269 5432 3579 5502 πορφύρας,
3611 5429 3706 5482 καὶ

2143 5522 2394 5576 κοκκίνου
2443 5523 2844 5594 κεκλωσμένου,
2871 5524 2963 5580 καὶ
2999 5523 3196 5595 βύσσου
3231 5523 3581 5593 νενησμένης.
3614 5519 3703 5572 Ei-

569 5705 588 5735 ”
614 5705 785 5760 Exod.
820 5723 905 5773 XL,
939 5707 1050 5764 5—8.
1132 5707 1172 5740 ⁵ο
1209 5705 1378 5762 Exod.
1421 5722 1564 5774 xxx-1,
1615 5707 1797 5762 3l-37.
1877 5709 1913 5739 δ’
1948 5703 2124 5761 Exod.
2165 5719 2288 5769 xxx,
2323 5703 2404 5761 18.
2444 5703 2522 5758 19.
