3962 6296
210 289 296 345 θϐί

946 285 1034 339 DE
1066 283 1506 340 ADORATIONE
1544 284 1610 338 IN
1643 281 1912 338 SPIRITU
1954 281 2042 336 ET
2080 280 2446 336 VElllTA'l'E.
2491 280 2616 334 LIB.
2660 279 2725 333 Χ.

3364 277 3473 334 οω-

211 397 431 468 ρηκότες
474 398 535 452 δὲ
581 398 708 470 ἤδη,
742 397 1126 469 καὶ,καθάπερ
1159 391 1392 469 ἐγῷμαι,
1438 398 1677 470 διαρκῶς
1714 397 1782 451 τὰ

1906 410 2051 450 :occo
2094 403 2261 460 torto,
2312 411 2375 449 ac
2422 393 2583 465 bysso
2628 379 2753 448 neta
2795 393 3124 451 confectura.
3162 393 3303 458 .Sed,
3337 397 3466 463 quia

210 488 296 542 δπί
333 505 393 542 τε
422 490 490 559 τῇ
529 487 716 561 βύσσῳ
747 490 843 543 καὶ
880 491 945 560 τῇ
999 490 1275 561 πορφύρᾳ,
1322 489 1414 543 καὶ
1445 488 1524 559 τῷ
1586 488 1792 542 κεκλω-

217 578 390 650 σμὲνῳ
404 578 672 650 κοκκίνῳ,
696 580 791 634 καὶ¹
815 578 915 651 μέν
933 597 1015 633 τοι
1036 580 1130 634 καὶ
1149 579 1406 651 ὑακίνθῳ,
1422 578 1791 650 παρωσόμεθα

220 669 313 740 μιν
335 669 396 723 τὸ
422 670 726 733 ταυτοεπές
744 685 758 701 ⁸
789 670 965 724 ἐκεῖνὸ
991 686 1055 739 γε
1085 671 1190 742 μὴν
1222 669 1450 741 ἐροῦμεν
1472 672 1553 733 είς
1576 669 1637 722 τὸ
1652 685 1792 739 παρ-

217 759 292 815 ϐψ
338 760 414 813 Τὸ
444 761 849 831 καταπέτασμα
885 748 954 829 τὸ]
985 760 1078 813 ἐπὶ
1108 759 1391 831 τεσσάρων
1428 759 1635 811 στύλων
1661 775 1792 829 χρυ-

219 851 345 914 σῶν.
376 845 453 906 ὧν
482 852 542 913 ai,
591 849 778 920 βάσεις
803 851 1064 923 ἀργυραῖ,
1108 850 1172 904 τὸ
1216 848 1457 923 Χριστοῦ
1492 851 1791 921 μυστήριον

216 942 483 1013 ὑπεδήλου
513 942 658 996 τότε.
681 941 747 994 Τί
775 941 882 1013 γάρ
903 958 917 1007 ;
942 942 1063 1012 οὐχὶ
1088 942 1489 1013 καταπέτασμα
1540 941 1602 994 τὸ
1631 940 1791 1011 σῶμα

221 1039 454 1113 Χριστοῦ
480 1042 574 1094 καὶ
588 1038 749 1108 σοφὸς
765 1040 896 1111 ἡμῖν
918 1038 1169 1110 ὠνόμασε
1185 1038 1418 1104 Παῦλος,
1432 1037 1574 1091 οῦτω
1593 1037 1789 1105 λέγων,

227 1150 243 1182 ι
282 1131 383 1183 Ἢν
434 1130 771 1184 ἐνεκαίνισεν
819 1132 949 1201 ἡμῖν
976 1130 1092 1184 ὁδὸν
1122 1130 1433 1205 πρόσφατον
1468 1130 1562 1183 καὶ
1610 1128 1791 1194 ζῶσαν

218 1218 302 1272 διὰ
336 1218 433 1272 τοῦ
475 1221 995 1289 καταπετάσματος,
1039 1220 1307 1286 τουτέστι,
1338 1220 1438 1291 τῆς
1462 1219 1661 1290 σαρκὸς
1690 1220 1789 1274 αύ-

218 1327 353 1377 tot»;
390 1329 410 1361 ι

284 1401 494 1456 ΠΑΛΛ.
547 1401 751 1474 Ὀρθῶς
781 1401 942 1474 ἔφης.

281 1490 448 1544 ΚΥΡ.
495 1491 685 1563 Ἀθρει
717 1491 781 1563 δὴ
809 1488 903 1545 οὖν
928 1491 1003 1554 ὡς
1027 1493 1085 1545 ἐν
1113 1491 1292 1555 σκιαῖς
1323 1491 1418 1545 καὶ
1450 1492 1789 1562 αἰνίγμασιν,

215 1582 294 1635 ὅτι
313 1581 446 1646 Θεὸς
474 1580 553 1636 ῶν
581 1584 676 1636 καὶ
700 1584 767 1637 ἐκ
788 1582 922 1637 Θεοῦ
953 1582 1166 1655 Πατρὸς
1200 1583 1340 1637 κατά
1362 1582 1524 1654 φύσιν
1548 1586 1576 1637 ὁ
1599 1585 1788 1655 Λόγος,

1887 485 2000 555 jam
2052 484 2120 541 de
2150 485 2331 557 bysso,
2372 492 2430 539 et
2477 499 2719 554 purpura
2749 492 2805 538 ct
2836 498 2999 539 cocco
3024 491 3187 550 torto,
3222 482 3388 556 33E.
3413 493 3478 539 et

1892 574 1961 629 dc
1988 575 2282 647 hyacintho
2308 575 2459 640 satis,
2502 580 2562 628 ut
2593 572 2852 638 arbitror,
2893 572 3151 638 diximus,
3180 572 3480 629 vitandum-

1892 675 2045 736 puto,
2076 682 2147 721 ne
2175 666 2366 721 eadem
2390 672 2720 736 repetamus.
2745 662 2880 718 illud
2909 671 3091 718 tamen
3122 663 3178 717 in
3211 664 3468 734 presenti

1892 761 2157 828 dicemus,
2185 762 2434 817 velamen
2467 761 2623 827 illud,
2654 760 2801 831 quod
2832 759 2888 814 in
2921 766 3159 830 quatuor
3197 760 3472 816 columnis

1893 855 2168 912 deauratis
2205 855 2443 926 positum
2480 863 2617 921 erat,
2644 868 2880 925 quarum
2915 858 3076 908 erant
3097 851 3258 907 bases
3280 867 3473 923 argen-

1893 956 2015 1012 teae,
2039 945 2245 1002 Christi
2268 954 2381 1001 tum
2404 945 2737 1020 significasse
2761 945 3102 1017 mysterium.
3129 942 3272 1010 Quid
3298 944 3474 999 enim?

1891 1037 2083 1094 Nonne
2134 1038 2336 1093 Paulus
2377 1052 2596 1109 quoque
2635 1036 2721 1091 vir
2767 1036 2984 1108 sapiens
3023 1035 3229 1092 Christi
3271 1048 3475 1105 corpus

1891 1128 2142 1184 velamen
2192 1130 2506 1200 appellavit,
2556 1145 2682 1185 cum
2736 1128 2918 1183 dixit:
2961 1146 2980 1179 ι
3015 1125 3189 1191 Quam
3235 1126 3474 1182 initiavit

1891 1219 2052 1274 nobis
2072 1220 2215 1273 viam
2245 1235 2440 1275 novam
2466 1229 2522 1275 et
2557 1220 2831 1275 viventem
2865 1232 2964 1288 per
2986 1217 3256 1284 velamen,
3288 1217 3342 1273 id
3364 1227 3493 1282 est,.

1893 1325 2115 1365 carnem
2147 1327 2301 1366 suam
2322 1311 2405 1364 “?
2445 1330 2465 1363 ι

1965 1401 2163 1457 PALL.
2191 1402 2358 1458 Recte
2381 1402 2539 1458 dicis.

1963 1491 2120 1548 GYR.
2150 1493 2285 1549 Vide
2315 1495 2480 1565 igitur
2505 1500 2763 1564 tanquam
2786 1493 2841 1548 in
2867 1490 3078 1548 umbris
3092 1492 3493 1564 etaenigmate,

1894 1581 2137 1638 Verbum
2172 1582 2329 1648 illud,
2361 1582 2509 1653 quod
2535 1584 2681 1639 Deus
2718 1589 2856 1649 erat,
2880 1592 2937 1637 et
2963 1597 3031 1638 ex
3053 1583 3166 1638 Deo
3198 1583 3360 1638 Patre
3385 1598 3474 1638 se-

217 1676 293 1738 ὡς
338 1677 398 1729 ὲν
435 1679 611 1748 χρυσῇ
665 1678 761 1730 καὶ
805 1677 1037 1749 άσήπτῳ
1079 1676 1272 1746 γέγονε
1320 1677 1561 1749 κιϐωτῷ,
1607 1677 1686 1749 τῷ
1729 1682 1793 1733 ὲκ

1906 1675 2136 1730 cundum
2174 1687 2450 1742 naturam,
2489 1678 2546 1732 in
2574 1692 2737 1733 aurea
2765 1684 2929 1747 atque
2970 1675 3295 1747 imputribili
3323 1692 3473 1742 arca,

217 1764 497 1836 Παρθένον
559 1765 693 1836 ναῷ⁶
745 1765 989 1838 ἄσηπτον
1033 1767 1140 1839 γὰρ
1188 1769 1284 1821 zeal.
1320 1768 1503 1839 τίμιον
1544 1770 1605 1823 τὸ
1635 1771 1794 1841 σῶμα

218 1855 474 1928 Χριστοῦ·
514 1858 798 1928 μονονουχὶ
842 1858 900 1912 δὲ
942 1859 1037 1912 καὶ
1077 1858 1380 1930 ἐκρύπτετο
1438 1860 1691 1932 καθάπερ
1735 1863 1793 1915 ὲν

218 1946 365 2010 τάξει
386 1946 902 2019 καταπετάσματος,
931 1948 1031 2021 τὴν
1048 1947 1226 2021 σάρκα
1241 1948 1441 2003 λαϐὼν·
1457 1949 1794 2022 κρύπτεσθαι

218 2039 273 2091 δέ
306 2055 492 2109 φαμεν
521 2038 612 2092 τὸν
634 2040 698 2093 ὲκ
727 2039 862 2093 Θεοῦ
904 2041 1098 2111 Λόγον,
1146 2042 1246 2113 οὐχ
1275 2042 1351 2106 ὡς
1378 2043 1437 2097 ὲν
1472 2041 1665 2114 βραχεῖ
1696 2060 1794 2097 πε-

219 2128 564 2202 ριορισθέντα
609 2129 843 2202 σώματι·
895 2132 1142 2205 πανταχῆ
1172 2132 1281 2202 γάρ
1326 2132 1418 2187 καὶ
1465 2133 1524 2185 ὲν
1564 2133 1729 2185 πᾶσιν
1765 2135 1795 2187 ὁ

218 2223 361 2286 Υἱός·
393 2222 536 2277 ἀλλὰ
577 2223 655 2295 τῷ
695 2224 978 2280 λανθάνειν
1018 2225 1399 2298 οἰκονομικῶς,
1433 2226 1527 2280 καὶ
1567 2224 1659 2279 τὸν
1692 2225 1794 2295 τῆς

219 2312 543 2379 ἀναδείξεως
594 2314 892 2386 ὑπομένειν
942 2316 1152 2388 καιρόν.
1201 2317 1547 2383 Ἀναδείξεως
1598 2318 1655 2372 δὲ
1698 2317 1796 2387 τῆς

222 2406 295 2470 είς
330 2407 581 2470 ἅπαντας
606 2407 635 2460 ὁ
665 2407 879 2479 καιρὸς,
926 2410 959 2479 ἡ
995 2410 1059 2461 ἐκ
1076 2408 1285 2480 νεκρῶν
1332 2409 1647 2475 άναϐίωσις.
1683 2410 1798 2481 Πρὸ

225 2497 319 2568 μὲν
359 2497 473 2569 γὰρ
503 2496 600 2551 τοῦ
644 2499 829 2570 τιμίου
879 2498 1138 2571 σταυροῦ,
1167 2502 1283 2564 τοῖς
1311 2501 1488 2569 ἁγίοις
1531 2500 1797 2555 ἐπέταττε

225 2590 515 2663 μαθηταῖς,
548 2590 637 2646 ἵνα
666 2592 742 2662 μὴ
770 2592 1003 2664 φανερὸν
1037 2592 1199 2646 αὐτὸν
1234 2593 1454 2648 ποιῶσι.
1482 2592 1800 2664 Γέγραπται

224 2681 328 2752 γὰρ
349 2679 473 2734 ὡδί.
504 2681 661 2735 Μετά
685 2680 743 2734 δέ
764 2698 827 2750 γε
859 2682 920 2734 τὸ
948 2681 1246 2736 ἀναϐιῶναι
1291 2682 1528 2736 παθόντα
1585 2683 1676 2736 τὸν
1706 2683 1802 2739 θά-

224 2785 397 2835 νατον,
430 2787 449 2820 ‹
502 2767 902 2840 Πορευθέντες,
930 2770 1082 2838 φησὶ,
1124 2768 1502 2840 μαθητεύσατε
1530 2769 1708 2823 πάντα
1732 2768 1803 2822 τὰ

226 2858 370 2931 ἔθνη,
397 2858 752 2931 βαπτίζοντες
800 2859 994 2924 αὐτοὺς
1016 2860 1097 2924 εἰς
1141 2859 1202 2913 τὸ
1232 2861 1401 2931 δνομα
1441 2858 1533 2913 τοῦ
1571 2860 1802 2930 Πατρὸς,

229 2951 437 3006 καὶτοῦ
479 2950 627 3017 Υἰοῦ,
646 2952 740 3005 καὶ
769 2950 858 3006 τοῦ
882 2951 1040 3020 ἀγίου
1068 2950 1403 3020 Πνεύματος.
1436 2968 1457 3003 ι
1480 2949 1688 3004 Οὐκοῦν
1707 2951 1807 3003 ἐπ-

1895 1766 1952 1820 in
1970 1780 2036 1820 eo
2057 1765 2321 1822 nimirum
2347 1768 2574 1838 templo,
2598 1769 2747 1840 quod
2766 1775 2886 1824 erat
2908 1784 2975 1824 ex
3000 1767 3242 1839 Virgine,
3274 1768 3468 1823 fuisse:

1894 1857 2235 1927 imputribile
2282 1873 2520 1929 namque
2572 1874 2637 1913 ac
2669 1859 2969 1930 pretiosum
2997 1867 3082 1915 est
3113 1858 3319 1915 Christi
3350 1874 3478 1914 cor-

1892 1962 2033 2017 pus:
2082 1954 2246 2017 atque
2292 1956 2549 2018 suscepta
2610 1963 2797 2014 carne,
2856 1956 3117 2019 tanquam
3170 1950 3298 2004 velo
3344 1963 3482 2019 quo-

1893 2035 2018 2091 dam
2074 2030 2473 2107 propemOdum
2519 2037 2830 2092 occultari:
2872 2039 3140 2093 occultari
3181 2046 3365 2094 autem
3392 2039 3479 2094 di-

1892 2129 2067 2183 cimus
2094 2127 2231 2183 illud
2257 2143 2325 2183 ex
2369 2128 2482 2184 Deo
2520 2128 2783 2195 Verbum,
2820 2143 2932 2184 non
2963 2128 3116 2199 quod
3144 2130 3329 2201 exigui
3352 2145 3480 2185 cor-

1892 2220 2045 2291 poris
2105 2219 2359 2275 terminis
2415 2218 2740 2275 deﬁniretur
2825 2219 3066 2293 (ubique
3126 2220 3274 2276 enim
3323 2229 3380 2276 et
3424 2220 3484 2275 in

1894 2312 2150 2367 omnibus
2172 2318 2256 2367 est
2285 2309 2501 2384 Filius),
2526 2311 2625 2367 sed
2641 2311 2790 2382 quod
2820 2311 3247 2383 dispensationis
3268 2312 3485 2367 ratione

1894 2406 2112 2469 lateret,
2157 2411 2215 2458 et
2261 2402 2651 2458 declarationis
2710 2413 2929 2474 tempus
2979 2410 3345 2473 exspectaret.
3376 2401 3483 2457 De-

1898 2495 2220 2551 clarationis
2256 2504 2441 2551 autem
2474 2503 2711 2566 tempus,
2738 2509 2849 2565 quo
2874 2504 2991 2551 erat
3014 2494 3273 2550 omnibus
3296 2502 3484 2550 osten-

1903 2589 2139 2655 dendus,
2166 2589 2302 2644 illud
2331 2590 2455 2655 fuit,
2483 2605 2609 2644 cum
2634 2605 2666 2644 a
2688 2589 2923 2644 mortuis
2947 2587 3147 2643 revixit
3173 2606 3184 2641 :
3208 2603 3337 2642 nam
3359 2596 3487 2642 ante

1899 2681 2197 2753 pretiosam
2228 2681 2376 2736 illam
2397 2698 2618 2737 crucem
2659 2681 2866 2736 sanctis
2893 2680 3007 2736 suis
3033 2680 3319 2751 discipulis
3343 2694 3488 2750 prae-

1904 2772 2071 2843 cepit,
2094 2788 2162 2828 ne
2186 2789 2244 2828 se
2264 2773 2613 2829 manifestum
2638 2772 2884 2827 facerent
2908 2789 2924 2839 ;
2946 2771 3027 2828 sic
3047 2771 3196 2827 enim
3222 2770 3517 2841 scriptum.

1904 2873 1991 2921 est
2031 2865 2096 2919 ⁸³.
2126 2864 2321 2921 Postea
2362 2880 2493 2920 vero
2528 2880 2691 2934 quam
2714 2870 2948 2920 mortem
2981 2862 3212 2935 pertulit
3255 2877 3319 2917 ac
3347 2860 3492 2917 revi—

1906 2956 2025 3020 xit,
2070 2974 2088 3007 ‹
2124 2956 2355 3022 Euntes,
2395 2956 2599 3026 inquit,
2625 2956 2821 3013 docete
2850 2970 3043 3023 omnes
3068 2961 3278 3026 gentes,
3298 2952 3489 3024 bapti-

227 3046 502 3117 εκρέματο
533 3045 633 3115 μὲν
652 3047 767 3109 τοῖς
788 3043 999 3108 στύλοις
1026 3045 1086 3098 τὸ
1114 3044 1534 3115 καταπέτασμα,
1562 3060 1803 3098 κατακα-

1909 3055 2098 3102 zantes
2128 3062 2224 3102 eos
2249 3047 2306 3102 in
2328 3046 2548 3101 nomine
2574 3046 2771 3109 Patris,
2791 3054 2849 3100 et
2871 3044 3103 3110 Filii,_et
3120 3043 3356 3114 Spiritus
3368 3059 3491 3101 san-

230 3134 428 3191 λύπτον
472 3136 582 3191 έσω
610 3136 709 3209 τὴν
753 3135 1001 3201 κιϐωτὸν,
1062 3136 1229 3200 τύπος
1257 3135 1301 3189 δ’
1328 3135 1507 3207 ἂνεῖη
1541 3134 1800 3207 Χριστοῦ,

229 3230 339 3293 τοῖς
363 3228 479 3282 τῶν
499 3228 671 3298 ἁγίων
702 3227 1104 3297 εὐαγγελιστῶν
1133 3226 1485 3298 κηρύγμασιν
1513 3226 1804 3297 αἰρομένου

232 3338 288 3375 τε
315 3320 473 3392 ὑψοῦ,
512 3322 605 3374 καὶ
634 3322 693 3374 ὲν
737 3320 863 3392 δόξῃ
892 3319 1145 3390 θεότητος
1192 3319 1468 3389 ὁρωμένου
1506 3321 1618 3382 τοῖς
1649 3319 1706 3372 ὲν
1737 3320 1803 3390 τῇ

231 3414 363 3486 ἁγίᾳ
392 3416 591 3485 σκηνῇ,
624 3411 977 3482 τουτέστι,τῇ
1019 3408 1335 3480 Ἐκκλησία.
1356 3408 1633 3479 Τέσσαρες
1670 3408 1729 3462 δὲ
1756 3409 1805 3460 oi

234 3506 433 3571 στύλοι,
464 3506 659 3577 χρυσοῖ
702 3503 798 3564 καὶ
823 3502 1203 3574 περιάργυροι·
1246 3499 1594 3571 ίσάριθμοιδὲ
1623 3499 1808 3558 αὐτοῖς

232 3601 280 3654 oi
298 3596 708 3668 εὐαγγελισταὶ,
735 3595 979 3667 λαμπροί
992 3610 1051 3646 τε
1074 3591 1371 3663 καὶτίμιοι.
1401 3589 1610 3645 Ουἰκοῦν
1631 3590 1809 3644 ἔκειτο

234 3691 388 3760 μὲνὴ
423 3688 675 3752 κιϐωτὸς,
717 3685 925 3741 ἄνωθεν
985 3683 1042 3737 δὲ
1083 3684 1233 3738 κάτω
1260 3682 1446 3752 διῆκον
1482 3681 1542 3734 τὸ
1572 3679 1810 3735 καταπέ-

233 3797 439 3852 τασμα,
472 3780 532 3834 τὸ
558 3781 623 3833 ὲκ
656 3776 859 3848 βύσσου
885 3773 982 3830 καὶ
1019 3773 1306 3846 πορφύρας
1335 3772 1430 3826 καὶ
1460 3771 1566 3824 τῶν
1610 3769 1805 3835 ἄλλων,

234 3874 332 3944 οὐχ
361 3870 573 3945 ὁρατὴν
600 3868 791 3924 ἐτίθει.
826 3866 1067 3922 Ἀνωθεν
1105 3864 1162 3918 δὲ
1186 3862 1280 3917 τοῦ
1319 3863 1810 3932 καταπετάσματος

235 3967 330 4021 καὶ
354 3963 467 4019 τῶν
501 3964 582 4028 είς
609 3961 761 4029 δεξιά
782 3978 841 4014 τε
882 3960 977 4015 καὶ
1007 3958 1262 4028 εὐώνυμα
1303 3955 1607 4027 Χερουϐὶμ,
1647 3956 1811 4025 ἐχρη-

240 4054 433 4127 μάτιζε
465 4055 621 4118 Θεὸς,
643 4053 855 4118 δεικνὺς
876 4053 959 4107 ὅτι
979 4052 1071 4106 καὶ
1099 4050 1239 4122 ὑπὲρ
1256 4050 1437 4103 πᾶσαν
1454 4047 1634 4101 κτίσιν
1665 4044 1804 4098 ἐστί·

238 4149 330 4206 καὶ
357 4148 503 4203 αύτά
541 4148 599 4201 δὲ
642 4147 820 4201 πάντα
844 4146 911 4199 τὰ
946 4144 1055 4199 τῶν
1078 4140 1311 4211 λογικῶν
1343 4139 1625 4204 ἀνωτάτω,
1655 4154 1812 4192 τουτ-

238 4242 352 4295 έστι
396 4240 473 4295 τά
518 4239 789 4310 Σεραφὶμ,
833 4239 934 4309 τὴν
967 4236 1117 4289 θείαν
1176 4250 1237 4286 τε
1268 4234 1364 4286 καὶ
1397 4233 1635 4304 ἄρρητον
1679 4230 1813 4282 ὑπος-

241 4333 476 4403 κάθηται
508 4330 688 4396 δόξαν,
716 4330 814 4383 καὶ
842 4328 1004 4397 αὐτὸν
1023 4323 1428 4399 δορυφοροῦντα
1459 4322 1550 4376 τὸν
1579 4320 1728 4385 Υίὸν,
1763 4320 1813 4371 εί

1907 3138 1981 3195 eti
2008 3137 2072 3191 ιδ.
2108 3156 2127 3189 ι
2156 3136 2328 3209 Igitur
2352 3150 2680 3207 suspensum
2705 3142 2826 3191 erat
2849 3134 2918 3190 de
2944 3133 3215 3188 columnis
3239 3133 3507 3189 velamen.

1906 3229 2063 3294 illud,
2118 3228 2266 3299 quod
2312 3243 2496 3283 arcam
2546 3226 2781 3282 interius
2827 3224 3160 3290 occultabat,
3216 3239 3280 3279 ac
3320 3223 3503 3294 ﬁgura.

1905 3320 2112 3378 Christi
2154 3328 2294 3385 erat,
2324 3319 2417 3390 qui
2451 3327 2766 3374 sanctorum
2791 3315 3254 3387 evangelistarum
3288 3314 3490 3384 praedi-

1906 3414 2121 3469 catione
2166 3412 2225 3467 in
2271 3411 2504 3467 sublime
2547 3408 2780 3469 tollitur.
2807 3417 2864 3464 et
2905 3407 2974 3462 ab
3022 3405 3109 3469 iis,
3144 3405 3240 3477 qui
3273 3414 3401 3460 sunt
3434 3407 3492 3460 in

1910 3504 2280 3570 tabernaculo,
2300 3504 2355 3558 in
2370 3508 2558 3558 sancta
2568 3501 2827 3556 nimirum
2840 3500 3102 3566 Ecclesia,
3124 3500 3177 3553 in
3188 3497 3493 3555 divinitatis
3509 3543 3525 3552 ..

1909 3598 2080 3670 gloria
2101 3597 2339 3653 videtur.
2389 3595 2635 3663 Quatuor
2660 3603 2844 3650 autem
2874 3601 3004 3650 sunt
3029 3593 3305 3649 deaurata:
3331 3592 3492 3647 dear-

1909 3698 2247 3762 gentataeque
2298 3690 2605 3755 columnae;
2650 3687 2877 3742 totidem
2925 3686 3273 3758 evangelista
3299 3726 3314 3751 ,
3362 3685 3493 3743 clari

1911 3782 2075 3838 simul
2100 3797 2164 3837 ac
2192 3780 2439 3852 pretiOsi.
2485 3780 2671 3836 Posita
2721 3789 2843 3835 erat
2868 3778 3034 3850 igitur
3056 3794 3186 3836 arca
3215 3792 3497 3848 :superne

1911 3882 2096 3930 autem
2143 3873 2393 3931 velamen
2435 3871 2695 3928 deorsum
2733 3887 2908 3943 usque
2932 3872 3219 3943 pertinens
3242 3886 3310 3927 ex
3332 3871 3495 3943 bysso

1912 3973 1968 4023 et
2017 3980 2264 4036 purpura
2291 3973 2597 4035 cmteraque
2629 3964 2859 4019 materia
2887 3962 3200 4019 confectum
3224 3978 3335 4017 non
3355 3963 3499 4018 sine-

1911 4056 2008 4113 bat
2050 4065 2112 4111 ut
2152 4072 2219 4112 ea
2261 4057 2547 4112 videretur
2577 4073 2591 4111 :
2626 4071 2791 4125 supra
2812 4055 2998 4109 velum
3022 4063 3228 4121 autem,
3250 4062 3306 4108 et
3332 4069 3497 4124 supra

1913 4147 2213 4205 Cherubim
2270 4162 2393 4216 quae
2437 4162 2469 4200 a
2511 4145 2704 4200 dextra
2748 4145 2991 4214 laevaque
3029 4150 3206 4208 erant,
3235 4159 3497 4215 responsa

1914 4239 2079 4293 dabat
2122 4238 2289 4302 Deus,
2333 4234 2630 4291 ostendens
2666 4250 2726 4289 se
2762 4242 2819 4288 et
2844 4249 3010 4304 supra
3032 4248 3249 4289 omnem
3283 4242 3498 4289 creatu-

1916 4343 2035 4383 ram
2060 4340 2201 4392 esse,
2242 4334 2298 4380 et
2336 4325 2451 4396 ipsa
2476 4339 2695 4396 quoque
2718 4323 3028 4394 Seraphim,
3057 4338 3178 4394 quae
3201 4330 3331 4378 sunt
3354 4323 3498 4379 inter

240 4426 335 4478 καὶ
360 4402 561 4493 γέγονε
603 4419 764 4494 σάρξ,
795 4421 891 4475 καλ⁸
936 4419 1013 4482 ὡς
1040 4420 1099 4473 ὲν
1131 4417 1322 4488 ὑφέσει
1349 4414 1510 4485 τυχὸν
1539 4414 1637 4484 τῆς
1678 4411 1803 4482 πρὸς

1917 4418 2214 4473 rationales
2253 4422 2537 4472 creaturas
2558 4414 3028 4486 praestantissima,
3056 4430 3176 4471 esse
3199 4414 3383 4470 divina
3407 4417 3498 4470 illa

239 4518 332 4571 τὸν
362 4516 587 4588 Πατέρα
617 4516 886 4586 ἰσότητος,
908 4512 1050 4567 καθὸ
1079 4512 1322 4590 πέφυκεν
1352 4508 1661 4578 ἄνθρωπος.
1692 4505 1817 4557 Τοιο-

239 4607 431 4679 γάρτοι
460 4608 556 4661 καὶ
579 4605 816 4675 ἔφασκεν
829 4602 1040 4666 αὐτός’‹
1061 4600 1120 4654 Ὀ
1141 4599 1291 4669 Πατή
1300 4617 1331 4669 ρ
1362 4613 1461 4667 μου
1496 4592 1697 4665 μείζων
1717 4590 1816 4662 μού

239 4700 409 4754 ἐστιν.
453 4717 475 4751 ›
505 4694 657 4761 Ἶσος
681 4697 739 4750 δὲ
769 4694 845 4751 ὣν
883 4694 1025 4749 κατά
1051 4692 1210 4763 φύσιν
1248 4690 1328 4762 τῷ
1354 4686 1729 4759 γεγεννηκότι,
1758 4683 1821 4737 τὸ

241 4790 302 4842 ιν
332 4789 515 4861 μείοσι
557 4787 809 4858 γενέσθαι
838 4785 972 4857 φησὶ
1039 4783 1127 4838 διὰ
1171 4783 1330 4855 μόνον
1354 4781 1431 4834 τὸ
1462 4777 1818 4851 ἀνθρώπινον.

239 4860 344 4934 Διά
371 4860 533 4934 τοῦτο
560 4878 655 4933 καὶ
683 4878 741 4931 ὲν
768 4879 836 4949 τῇ
871 4875 1003 4947 ἁγίᾳ
1026 4876 1221 4945 σκηνῇ,
1245 4869 1429 4941 κύκλῳ
1466 4868 1562 4940 μὲν
1591 4865 1683 4920 τοῦ
1717 4881 1818 4919 κα-

242 4972 688 5043 ταπετάσματος,
723 4969 791 5023 τὰ
831 4966 1136 5040 Χερουϐὶμ,
1175 4964 1273 5018 καὶ
1305 4960 1442 5017 αύτά
1467 4960 1543 5024 ὡς
1569 4959 1701 5012 Θεὸν
1733 4958 1818 5011 δο-

248 5064 592 5137 ρυφοροῦντα
624 5062 714 5116 τὸν
737 5060 888 5115 Υίόν.
911 5058 1024 5114 Καὶ
1049 5056 1157 5129 μὴν
1204 5054 1297 5110 καὶ
1329 5052 1494 5109 αὐτοῦ
1526 5050 1620 5106 τοῦ
1648 5067 1818 5106 κατα-

245 5157 596 5228 πετάσματος
624 5152 851 5218 ἄνωθεν,
874 5150 902 5204 ὃ
921 5147 988 5222 ἦν
1019 5151 1098 5213 είς
1118 5147 1288 5200 τύπον
1320 5145 1580 5217 Χριστοῦ,
1617 5147 1818 5198 νοεῖται

244 5248 398 5312 Θεός.
419 5268 440 5299 ι
460 5246 573 5301 Καὶ
593 5243 979 5315 γνωσθήσομαι
1009 5260 1029 5294 ι
1067 5239 1195 5312 γὰρ,
1213 5239 1396 5310 φησὶν,
1431 5257 1449 5289 ‹
1475 5236 1704 5302 ἐκεῖθεν,
1728 5237 1823 5289 καὶ

244 5341 462 5413 λαλήσω
487 5359 591 5395 σοι.
607 5360 626 5392 ι
648 5339 935 5392 Ἐπέκεινα
953 5336 1064 5407 γὰρ
1098 5335 1279 5404 πάσης
1302 5331 1530 5395 κτίσεως
1558 5330 1587 5382 ό
1608 5328 1818 5400 Πατὴρ,

248 5434 340 5488 καὶ
378 5433 547 5488 αὑτοῦ
597 5429 696 5486 τοῦ
740 5427 1111 5500 Ἐμμανουὴλ,
1162 5426 1223 5479 ού
1263 5424 1384 5478 καθ’
1412 5423 1440 5477 ὃ
1487 5424 1689 5475 νοεῖται
1727 5419 1822 5473 καὶ

250 5523 362 5579 ἔστι
394 5524 544 5589 Θεός·
576 5518 700 5585 ἶσος
734 5521 841 5591 γάρ
875 5520 989 5572 ἐστι
1018 5516 1159 5571 κατά
1186 5516 1359 5570 πάντα
1378 5515 1527 5586 Θεῷ·
1561 5512 1677 5567 ἀλλ’
1697 5512 1821 5566 ὅσον

1914 4517 2079 4579 atque
2130 4506 2397 4562 ineﬂ‘abili
2443 4505 2614 4578 gloria
2661 4504 2958 4568 inferiora,
3022 4505 3325 4576 stiparique
3391 4506 3499 4560 illis

1916 4602 2097 4672 ipsum
2147 4601 2369 4666 Filium,
2420 4597 2673 4670 quamvis
2713 4596 2786 4653 sit
2821 4612 2948 4652 caro
2976 4597 3174 4662 factus,
3198 4604 3254 4652 et
3277 4612 3385 4667 qua
3408 4612 3496 4650 ra-

1920 4694 2069 4749 tione
2092 4692 2258 4748 bomo
2280 4700 2384 4757 est,
2411 4690 2590 4746 Patris
2612 4690 2922 4761 aequalitate
2946 4688 3269 4745 submissior
3298 4704 3311 4755 ;
3340 4687 3495 4742 ideo-

1919 4797 2025 4853 que
2071 4782 2188 4852 ipse
2233 4780 2473 4845 dicebat,
2522 4778 2683 4849 335
2739 4778 2944 4833 «Pater
2990 4790 3148 4830 meus
3201 4774 3376 4844 major
3409 4788 3498 4827 me

1921 4881 2006 4928 est
2050 4872 2115 4925 ⁸⁸.
2153 4890 2172 4923 ι
2201 4869 2338 4926 Cum
2381 4883 2513 4925 vero
2554 4868 2627 4924 sit
2654 4865 2899 4923 Genitori
2922 4862 3223 4919 secundum
3246 4869 3498 4916 naturam

1922 4980 2041 5036 par,
2080 4963 2349 5017 minorem
2399 4977 2457 5017 se
2480 4976 2600 5016 esse
2622 4958 2756 5015 dicit
2778 4965 3005 5029 propter
3037 4955 3334 5013 humanam
3354 4952 3498 5007 dun-

1924 5062 2072 5111 taxat
2126 5062 2399 5109 naturam.
2449 5052 2532 5109 0b
2578 5067 2698 5108 eam
2743 5062 2962 5104 causam
3008 5047 3065 5101 in
3099 5061 3256 5102 sacro
3281 5061 3500 5116 quoque

1926 5143 2274 5200 tabernaculo
2311 5143 2371 5198 in
2420 5141 2657 5198 circuitu
2692 5135 2977 5194 velaminis
2998 5143 3155 5191 erant
3178 5132 3496 5195 Cherubin),

1920 5245 1975 5292 et
2026 5237 2143 5307 ipsa
2186 5232 2415 5305 perinde
2456 5248 2522 5289 ac
2565 5231 2610 5287 si
2656 5229 2855 5285 Filium
2898 5238 3159 5299 tanquam
3199 5227 3371 5281 Deum
3398 5238 3498 5279 suo

1923 5328 2180 5385 satellitio
2228 5326 2513 5396 stiparent.
2566 5321 2743 5391 Supra
2777 5322 2955 5391 ipsum
2987 5332 3202 5390 quoque
3228 5315 3494 5376 velamen,

1925 5421 2071 5492 quod
2133 5416 2338 5474 Christi
2392 5414 2620 5488 figuram
2670 5413 2913 5486 gerebat,
2954 5414 3098 5467 Deus
3129 5405 3494 5477 cognoscitur;

1934 5530 1951 5561 ι
1972 5509 2040 5563 Ει
2060 5508 2416 5568 innotescam,
2450 5522 2466 5554 ι
2499 5501 2697 5572 inquit,
2729 5521 2745 5551 ‹
2777 5501 2902 5555 inde
2927 5509 2979 5555 ct
3000 5499 3188 5565 loquar
3214 5500 3391 5547 tecum
3418 5505 3433 5545 :
3462 5502 3484 5537 ι

320 5680 557 5761 ⁸¹Ϊ1ρδικ
586 5697 750 5767 31,20.
796 5696 1071 5771 _7”'_.\Iatth.
1114 5695 1323 5764 “1,16.
1402 5694 1444 5726 δ’*
1477 5693 1663 5748 Matth.
1691 5708 1803 5749 XXV]

1906 5690 1981 5759 l9,
2011 5688 2099 5742 20.
2176 5685 2219 5717 ’⁵³
2253 5684 2410 5739 Juan.
2454 5697 2558 5747 λιν,
2587 5679 2675 5733 28.
