3962 6296
447 278 551 334 665
1477 275 1532 328 S.
1575 273 1850 330 CYRILLI
1888 273 2720 335 ALEXANDRINIARCIIIEP.
3609 294 3715 348 665

444 406 571 447 nam
604 398 805 461 praeter
848 405 1070 445 omnem
1116 399 1422 445 creaturam
1465 398 1550 446 est
1598 391 1779 459 Pater,
1829 400 2011 462 praeter

2127 388 2261 465 ἧκεν
2300 396 2380 460 εἰς
2408 394 2594 449 δούλου
2640 396 2876 470 μορφὴν,
2911 400 3004 454 καὶ
3041 402 3123 468 είς
3163 403 3582 479 ἀνθρωπότητος
3618 410 3717 481 μέ-

446 484 626 552 ipsum
672 495 894 551 quoque
935 480 1277 545 Emmanuel,
1326 496 1437 535 non
1474 496 1538 536 ea
1572 482 1784 537 ratione
1836 498 1944 553 qua
1970 489 2026 537 et
2129 501 2281 556 τρον.
3276 526 3287 535 ,

442 583 527 631 cst
556 582 614 631 et
635 574 983 647 cognoscitur
1011 572 1185 627 Deus:
1211 588 1338 627 nam
1369 573 1594 643 aequalis
1619 581 1714 628 cst'
1725 589 1825 644 per
1847 572 2030 629 omnia
2062 574 2175 630 Deo
2200 592 2213 629 :
2242 575 2338 632 sed
2375 592 2443 633 ex
2482 593 2546 634 ea
2568 586 2747 649 parte,
2774 597 2897 652 qua:
2946 584 3014 641 ad
3039 562 3187 642 servi
3237 586 3470 645 formam
3507 599 3563 646 et
3609 591 3714 646 hu-
3740 626 3746 631 ο

442 669 725 726 tnanitatis
754 681 1068 723 mensuram
1092 666 1350 737 pertinet.

516 763 714 820 PALL.
740 761 971 818 Subtilis
1001 776 1132 816 sane
1165 769 1221 815 et
1243 760 1525 817 recondita
1554 762 1843 833 expositio.

509 856 667 913 CYR.
696 853 805 909 Sed
835 861 1020 908 tamen
1045 867 1154 907 non
1178 852 1398 908 aberrat
1422 868 1454 908 a
1475 855 1776 924 proposito.

509 946 708 1004 PALL.
734 946 953 1002 Fateor.
1236 976 1243 979 ~

506 1038 666 1096 CYR.
710 1038 852 1092 Area
902 1035 1070 1106 igitur
1114 1035 1183 1090 ad
1229 1035 1378 1091 hunc
1424 1036 1646 1093 modum
1693 1039 2014 1110 composita,

447 1152 467 1185 ‹
494 1131 692 1196 Poncs,
722 1149 741 1182 ι
795 1128 996 1200 inquit,
1058 1148 1077 1180 ε
1108 1129 1278 1185 altare
1316 1146 1542 1186 aureum
1583 1130 1653 1185 ad
1686 1130 2014 1186 adolendum

438 1231 633 1279 contra
648 1237 862 1287 arcam.
901 1240 920 1274 ι
948 1220 1126 1292 Atque
1159 1221 1440 1278 Christum
1478 1222 1703 1293 quidem
1726 1223 2017 1295 signiﬁcari

438 1314 599 1370 altari
623 1314 718 1368 illo
745 1328 935 1379 aureo,
971 1313 1105 1369 satis
1127 1313 1335 1370 dictum
1358 1330 1389 1369 a
1412 1314 1572 1371 nobis
1593 1324 1747 1386 puto.
1773 1315 2020 1371 Positum

437 1414 522 1461 est
552 1413 735 1460 autem
760 1413 950 1460 contra
976 1419 1180 1470 arcam,
1226 1420 1390 1475 supra
1416 1421 1581 1476 quam
1606 1414 1723 1461 erat
1746 1405 2016 1472 velamen,

2194 766 2402 822 ΠΑΛΛ.
2451 767 2541 833 Ὦς
2571 769 2767 833 λεπτὸς
2797 771 2826 823 6
2852 770 3009 841 λόγος
3040 774 3135 827 καὶ
3168 773 3359 844 βαθύς.

2191 857 2357 911 ΚΥΡ.
2392 859 2657 930 Ἔρχεται
2682 861 2739 914 δὲ
2767 862 2918 932 ὅμως
2947 864 3047 919 οὐκ
3075 865 3184 921 ἀπὸ
3209 870 3438 925 σκοποῦ.

2192 948 2403 1005 ΠΑΛΛ.
2439 949 2727 1023 Σύμφημι.

2185 1038 2349 1093 ΚΥΡ.
2391 1040 2652 1114 Ἐχούσης
2682 1043 2739 1097 δὲ
2767 1038 2869 1099 ὧδε
2900 1046 3001 1118 τῆς
3037 1049 3296 1118 κιϐωτοῦ,
3322 1073 3342 1106 ι
3361 1054 3473 1109 Καὶ
3494 1054 3702 1126 θήσεις,

2115 1127 2269 1199 φησὶ,
2309 1127 2370 1181 τὸ
2426 1129 2810 1204 θυσιαστήριον
2853 1134 2919 1189 τὸ
2951 1139 3187 1207 χρυσοῦν
3242 1144 3325 1206 είς
3370 1143 3432 1197 τὸ
3503 1144 3704 1218 θυμιᾷν

2117 1220 2359 1274 ἐναντίον
2387 1221 2488 1292 τῆς
2519 1222 2776 1279 κιῦωτοῦ.
2807 1243 2825 1278 t
2863 1227 2973 1281 Kal.
2999 1229 3236 1301 Χριστὸς
3259 1234 3355 1304 μὲν
3384 1235 3467 1289 ὅτι
3495 1236 3556 1290 τὸ
3591 1228 3704 1291 θυ-

2118 1312 2435 1383 σιαστήριόν
2460 1314 2578 1368 ἐστι
2611 1315 2671 1369 τὸ
2703 1319 2960 1389 χρυσοῦν,
3005 1321 3247 1395 διαρκῶς
3275 1326 3405 1397 ἡμῖν
3448 1329 3701 1401 εἰρῆσθαι

2117 1401 2277 1497 δοκῶ.
2314 1404 2563 1497 Τέθειταί
2600 1424 2665 1477 γε
2700 1410 2807 1480 μὴν
2846 1413 3107 1469 ἀπέναντι
3129 1416 3229 1487 τῆς
3261 1418 3517 1486 κιϐωτοῦ,
3549 1417 3701 1497 ἐφ’ᾖ

438 1498 496 1552 in
542 1499 700 1570 cujus
736 1497 973 1579 circuitu
1018 1484 1177 1552 erant
1203 1496 1512 1569 Seraphim,
1549 1506 1607 1554 et
1629 1499 1687 1553 in
1713 1498 2011 1554 summitate

2119 1493 2181 1548 τὸ
2204 1496 2622 1570 καταπέτασμα,
2656 1500 2751 1554 καὶ
2778 1499 2965 1574 κύκλῳ
3000 1505 3070 1559 τά
3108 1484 3384 1579 Σεραφὶμ,
3420 1484 3515 1565 καί
3554 1484 3702 1566 ἀνωΖ

436 1593 602 1658 Deus,
634 1600 892 1662 tanquam
917 1591 1065 1646 illius
1093 1591 1417 1647 Emmanuel
1458 1592 1787 1663 singularem
1832 1591 2011 1646 odoris

2121 1585 2264 1656 τέρω
2287 1586 2440 1654 Θεὸς,
2458 1590 2621 1643 οἱονεὶ
2642 1589 2932 1662 δεχόμενος
2950 1594 3050 1666 τὴν
3068 1595 3455 1670 ἀπαράόλητον
3470 1602 3705 1665 εὐωδίαν

437 1655 764 1741 suavitatem
807 1684 1123 1755 exciperet:
1174 1674 1355 1755 neque
1382 1683 1528 1739 enim
1549 1655 1835 1755 peccatum
1863 1682 2011 1750 fecit,

2115 1655 2209 1730 τοῦ
2255 1678 2618 1763 Ἐμμανουήλ.
2667 1655 2742 1735 Οῦ
2771 1655 3202 1756 *γάρνέποίησεν
3248 1655 3541 1761 ἁμαρτίαν,

435 1776 618 1844 neqde
665 1775 923 1830 inventus
954 1781 1037 1829 est
1066 1773 1225 1829 dolus
1268 1775 1326 1829 in
1367 1789 1463 1829 ore
1494 1775 1632 1845 ejus,
1674 1782 1735 1829 ut
1754 1774 2017 1844 scriptum

436 1877 521 1924 est
580 1868 664 1923 “z
702 1869 936 1941 ideoque
981 1868 1201 1924 dicebat
1244 1867 1361 1937 ipse
1391 1885 1404 1921 :
1463 1886 1480 1919 ι
1518 1867 1681 1923 Pater
1717 1867 1893 1938 diligit
1924 1867 2016 1922 Fi-

434 1960 572 2014 lium
597 1959 662 2016 ‘7.
702 1980 722 2013 ι
767 1959 990 2029 Accepti
1033 1958 1197 2013 etiam
1237 1959 1350 2014 Deo
1398 1973 1498 2013 nos
1519 1957 1622 2028 ipsi
1648 1973 1855 2025 sumus,
1891 1974 2016 2014 cum

435 2051 644 2107 Christi
699 2058 1039 2122 unguentum
1095 2049 1444 2106 redoleamus
1481 2067 1496 2117 ;
1532 2050 1686 2121 cujus
1728 2051 1809 2105 rei
1852 2048 2015 2106 ﬁdem

434 2146 568 2202 facit
614 2145 815 2201 Paulus
860 2144 1148 2200 scribens:
1196 2162 1214 2194 ι
1242 2142 1355 2197 Deo
1408 2149 1590 2196 autem
1651 2141 1869 2212 gratias,
1921 2142 2016 2212 qui

435 2250 654 2306 semper
698 2234 1002 2306 triumphat
1031 2230 1133 2289 nos
1171 2233 1227 2287 in
1251 2231 1493 2297 Christo,
1542 2240 1600 2287 et
1623 2231 1850 2287 odorem
1876 2232 2017 2287 noti-

436 2330 527 2385 tia:
561 2344 674 2385 sua:
702 2327 1016 2384 manifestat
1038 2342 1139 2399 per
1157 2340 1278 2393 nos,
1303 2325 1433 2399 quia
1450 2324 1654 2381 Christi
1678 2324 1858 2381 bonus
1878 2325 2016 2382 odor

436 2436 626 2476 sumus
647 2420 761 2476 Deo
792 2419 858 2476 ".
893 2438 913 2471 ›
1110 2442 1133 2487 ί

507 2512 705 2569 PALL.
732 2513 903 2568 Recte
926 2527 1077 2568 sane.

505 2605 665 2662 CYR.
714 2603 870 2671 Quod
904 2605 950 2659 si
972 2604 1029 2659 in
1065 2620 1150 2670 ea,
1190 2620 1313 2676 quae
1346 2605 1548 2677 scripta
1574 2614 1722 2670 sunt,
1759 2612 2013 2660 accurate

436 2694 606 2750 animi
643 2695 816 2750 aciem
850 2694 1268 2759 intenderimus,
1304 2695 1440 2751 illud
1470 2695 1797 2761 videbimus,
1828 2708 2012 2749 arcam

436 2783 658 2854 quidem
699 2783 756 2838 in
785 2784 957 2839 latere
987 2783 1325 2840 tabernaculi
1372 2785 1519 2856 quod
1551 2785 1620 2840 ad
1648 2801 1903 2840 occasum
1928 2799 2013 2839 re-

438 2874 723 2944 spiciebat,
746 2873 916 2930 fuisse
942 2875 1262 2930 collocatam
1295 2918 1310 2942 ,
1334 2883 1391 2930 et
1415 2884 1605 2930 contra
1633 2890 1753 2930 eam
1781 2889 2012 2931 aureum

436 2965 610 3023 altare
659 2966 714 3021 in
752 2966 874 3023 loco
926 2966 1020 3037 qui
1075 2966 1144 3021 ad
1192 2966 1459 3023 orientem
1506 2967 1826 3037 spectabat:
1858 2973 2012 3021 ortus
2039 2994 2082 3056 ρ

435 3058 587 3112 enim
639 3066 694 3113 et
740 3073 988 3126 occasus,
1013 3059 1196 3129 aquilo
1242 3059 1372 3114 item
1395 3067 1451 3114 et
1472 3067 1658 3114 auster
1684 3058 1901 3114 Christo
1921 3075 2011 3114 re-

439 3149 618 3219 pletus
661 3158 764 3206 est.
810 3150 998 3221 Itaque
1044 3148 1434 3206 candelabrum
1466 3149 1533 3205 ad
1558 3158 1808 3204 austrum
1837 3149 2015 3204 taber-

438 3243 619 3300 naculi
675 3244 912 3299 locatum
956 3250 1095 3309 erat,
1125 3257 1314 3298 mensa
1352 3252 1535 3299 autem
1567 3243 1637 3298 ad
1658 3242 1968 3314 aquilonem
1997 3261 2009 3295 :

435 3347 670 3407 utroque
712 3352 845 3392 vero
882 3336 1162 3394 Christum
1200 3336 1514 3409 signiﬁcari,
1553 3337 1713 3407 longa
1744 3338 1855 3408 jam
1885 3351 2011 3392 ora-

437 3429 584 3486 tione
627 3429 1126 3487 demonstravimus
1161 3449 1174 3486 :
1211 3446 1338 3486 nam
1392 3431 1581 3485 lumen
1626 3429 1845 3500 quidem
1892 3444 2013 3485 esse

432 3518 733 3589 Christum,
786 3524 1013 3579 lucerna
1069 3522 1313 3579 declarat
1344 3540 1358 3590 ;
1421 3539 1609 3578 mensa
1636 3537 1767 3578 vero
1799 3529 1856 3578 et
1891 3537 2012 3592 quae

434 3613 491 3667 in
529 3628 594 3668 ea
651 3613 1095 3679 continebantur,
1143 3613 1396 3670 eumdem
1450 3629 1572 3670 esse
1619 3612 1789 3667 vitam
1834 3628 1897 3667 ac
1918 3628 2012 3682 pa-

433 3722 560 3761 nem
592 3705 779 3762 vivum
800 3704 1119 3759 ostendunt.
1146 3705 1286 3759 Illud
1318 3713 1499 3760 tamen
1528 3705 1850 3775 mysterium
1881 3720 2013 3760 con-

432 3798 642 3853 sideres
689 3804 854 3866 atque
911 3796 1297 3866 contempleris
1328 3795 1515 3862 velim,
1547 3795 1781 3851 maxime
1807 3796 1875 3851 ad
1906 3811 2007 3849 au-

433 3896 608 3941 strum
664 3900 786 3940 esse
837 3883 1151 3940 Iudaeorum
1185 3884 1483 3955 regionem,
1518 3892 1581 3938 ut
1612 3892 1804 3938 contra
1836 3883 2010 3955 genti-

429 3977 565 4031 lium
607 3975 676 4031 ad
703 3975 1035 4046 aquilonem.
1068 3975 1233 4046 336
1261 3974 1430 4046 Igitur
1461 3990 1528 4030 ex
1554 3974 1841 4045 utriusque
1873 3975 2003 4043 situ,

431 4066 777 4133 candelabri,
823 4066 1067 4136 inquam,
1136 4074 1194 4122 et
1234 4081 1440 4122 mensae
1467 4107 1482 4133 ,
1539 4065 1799 4137 perfacile
1898 4067 2007 4123 erit

428 4157 745 4213 volentibus
793 4157 1119 4228 intelligere,
1169 4156 1375 4213 Iudaeis
1430 4157 1653 4227 quidem
1713 4164 1777 4212 ut
1816 4157 2003 4213 lumen

429 4247 701 4303 cll‘ulsisse
746 4246 1042 4312 Christum,
1070 4255 1124 4302 et
1157 4246 1302 4318 apud
1327 4246 1477 4317 ipsos
1502 4245 1594 4301 illa
1619 4246 1786 4302 verba
1808 4245 2008 4317 praedi-

2118 1768 2313 1841 εὑρέθη
2347 1769 2496 1834 δόλος
2528 1772 2584 1826 ἐν
2620 1772 2697 1844 τῷ
2725 1774 2952 1843 στόματι
2982 1776 3167 1846 αὑτοῦ,
3194 1779 3337 1834 καθά
3365 1780 3699 1853 γέγραπται·

2116 1861 2392 1933 τοιγάρτοι
2421 1863 2516 1917 καὶ
2536 1854 2777 1935 ἔφασκεν
2801 1865 2981 1932 αὐτὸς,
3018 1886 3038 1920 ι
3081 1868 3140 1924 '0
3169 1870 3358 1942 Πατὴρ
3393 1872 3584 1944 ἀγαπᾷ
3607 1871 3703 1927 τὸν

2116 1950 2267 2004 Υίόν.
2293 1970 2312 2003 ι
2333 1953 2520 2006 Δεκτοὶ
2544 1952 2601 2006 δὲ
2630 1952 2707 2025 τῷ
2725 1953 2844 2026 Θεῷ
2866 1956 2962 2010 καὶ
2988 1957 3147 2028 ἡμεῖς
3177 1958 3349 2024 αὐτοὶ,
3374 1960 3435 2014 τὸ
3458 1960 3701 2032 Χριστοῦ

2121 2042 2295 2115 μύρον
2335 2044 2738 2111 εὑωδιάζοντες.
2782 2047 3120 2104 Πιστὼσεται
3168 2051 3227 2105 δὲ
3269 2053 3365 2107 καὶ
3406 2055 3435 2108 6
3483 2053 3703 2121 Παῦλος

2117 2137 2347 2205 γράφων
2372 2152 2387 2167 ο
2424 2155 2443 2188 ι
2472 2137 2561 2208 Τῷ
2607 2138 2665 2192 δὲ
2708 2137 2829 2210 θεῷ
2868 2140 3027 2211 χάρις
3083 2141 3162 2212 τῷ
3212 2142 3444 2197 πάντοτε
3492 2144 3702 2217 θριαμ-

2117 2222 2328 2279 ϐεύοντι
2361 2228 2506 2298 ἡμᾶς
2534 2229 2591 2283 ἐν
2616 2227 2694 2299 τῷ
2728 2229 2968 2302 Χριστῷ,
3001 2232 3095 2285 καὶ
3119 2230 3216 2304 τὴν
3236 2232 3410 2305 ὀσμὴν
3430 2233 3530 2304 τῆς
3549 2234 3702 2304 γνὼ-

2118 2333 2256 2381 σεως
2288 2316 2452 2371 αὑτοῦ
2487 2319 2808 2392 φανεροῦντι
2833 2321 2902 2376 δι’
2933 2323 3105 2394 ἡμᾶς,
3126 2324 3207 2378 ὅτι
3233 2324 3472 2396 Χριστοῦ
3494 2326 3705 2382 εὐωδία.

2117 2409 2284 2479 ἐσμὲν
2317 2410 2396 2481 τῷ
2432 2411 2573 2483 Θεῷ.
2608 2432 2629 2465 ι

2186 2502 2394 2555 ΠΑΛΛ.
2435 2502 2642 2574 Ὀρθῶς
2670 2504 2827 2576 ἔφης.

2185 2593 2351 2648 ΚΥΡ.
2400 2592 2701 2666 Ἐννοῶμεν
2748 2597 2814 2668 δὴ
2864 2591 2958 2653 οῦν
2985 2599 3249 2671 ἀκριϐῶς,
3294 2603 3409 2666 τοῖς
3440 2618 3707 2678 γεγραμ-

2115 2683 2298 2754 μένοις
2329 2684 2565 2750 ἐνιέντες
2596 2687 2687 2741 τὸν
2717 2688 3016 2762 ὀφθαλμὸν,
3055 2690 3303 2764 ἱδρῦσθαι
3332 2694 3432 2765 μὲν
3466 2695 3566 2767 τὴν
3604 2713 3699 2751 κι-

2113 2773 2284 2829 ϐωτὸν
2311 2775 2370 2829 ἐν
2399 2776 2477 2847 τῷ
2501 2778 2640 2848 πρὸς
2664 2778 2788 2833 λίϐα
2836 2782 2929 2836 καὶ
2949 2782 3158 2854 δυσμὰς
3182 2783 3354 2841 κλίτει
3400 2787 3500 2857 τῆς
3527 2787 3700 2855 ἁγίας

2115 2867 2353 2938 σκηνῆς·
2388 2867 2648 2924 ἀπέναντι
2686 2871 2745 2925 δέ
2786 2874 2956 2944 αὐτῆς
3016 2876 3079 2930 τὸ
3110 2875 3346 2948 χρυσοῦν
3391 2878 3698 2952 θυσιαστή-

2117 2973 2248 3029 ριον,
2277 2959 2334 3013 ἐν
2358 2959 2435 3032 τῷ
2467 2961 2605 3033 πρὸς
2632 2963 2827 3019 ἀκτῖνα
2865 2966 3036 3038 τόπῳ.
3086 2968 3227 3032 Ἠὼς
3257 2968 3366 3042 γάρ
3400 2972 3493 3024 καὶ
3537 2971 3699 3036 δύσις

2119 3052 2466 3122 μεμέστωται
2498 3056 2591 3109 τοῦ
2616 3057 2876 3129 Χριστοῦ,
2914 3059 3116 3132 βορρᾶς
3157 3080 3216 3115 τε
3255 3063 3348 3116 καὶ
3377 3063 3545 3128 νότος.
3580 3065 3698 3118 Καὶ

2114 3141 2244 3210 γοῦν
2272 3143 2436 3209 τόπος
2465 3146 2565 3216 μὲν
2591 3151 2658 3220 τῇ
2687 3148 2898 3221 λυχνίᾳ,
2929 3151 2998 3205 τὰ
3035 3152 3185 3206 νότια
3220 3152 3318 3224 τῆς
3357 3154 3585 3228 σκηνῆς.
3617 3157 3692 3228 τῇ

2112 3233 2169 3287 δὲ
2214 3235 2485 3309 τραπέζῃ,
2523 3237 2591 3292 τά
2622 3240 2759 3312 πρὸς
2791 3242 3010 3314 βορρᾶν.
3057 3243 3169 3298 Καὶ
3203 3245 3287 3298 ὅτι
3321 3227 3627 3316 δι’ίάμφοῖν

2113 3325 2349 3398 Χριστὸς
2381 3331 2727 3401 σημαίνεται,
2782 3335 2947 3400 πολὺς
3002 3337 3137 3406 ἡμῖν
3180 3336 3278 3408 ἤδη
3329 3337 3694 3411 προαπέδειξε

2112 3420 2267 3491 λόγος
2292 3440 2307 3456 ο
2339 3425 2422 3478 ὅτι
2464 3424 2562 3495 μὲν
2594 3426 2700 3499 γὰρ
2739 3428 2854 3497 φῶς
2874 3430 2902 3482 6
2939 3430 3193 3500 Χριστὸς,
3224 3431 3258 3501 ή
3290 3430 3480 3502 λυχνία
3513 3432 3690 3504 δηλοῖο

2111 3517 2192 3570 ὃτι
2221 3516 2277 3570 δὲ
2325 3515 2437 3588 ζωὴ
2469 3518 2562 3571 καὶ
2592 3518 2752 3591 ἄρτος
2777 3522 2806 3573 ὁ
2839 3520 2967 3586 ζῶν,
2994 3524 3027 3593 ἡ
3062 3522 3310 3594 τράπεζα
3355 3523 3453 3594 μὲν
3499 3525 3591 3578 καὶ
3616 3523 3694 3579 τὰ

2111 3605 2170 3657 ἐν
2206 3606 2365 3678 αὐτῇ.
2396 3607 2544 3681 Πλὴν
2571 3610 2746 3666 ἐκεῖνο
2772 3610 3003 3675 διανοοῦ,
3029 3613 3124 3666 καὶ
3171 3613 3326 3685 ἄθρει
3372 3615 3433 3669 τὸ
3478 3616 3693 3688 μυστή-

2115 3714 2248 3768 ριον’
2282 3700 2600 3774 Νοτιωτάτη
2659 3702 2760 3774 μὲν
2805 3703 2914 3774 γὰρ
2955 3705 3063 3761 τῶν
3113 3706 3380 3760 Ἰουδαίων
3426 3708 3459 3778 ἡ
3507 3706 3686 3783 χώρα,

2113 3787 2426 3864 βορειοτέρα
2456 3793 2513 3848 δὲ
2538 3794 2751 3866 πάλινὴ
2774 3794 2882 3850 τῶν
2909 3795 3098 3853 ἐθνῶν.
3123 3795 3333 3851 Οὐκοῦν
3364 3798 3469 3852 ἀπό
3499 3815 3563 3868 γε
3583 3798 3693 3871 τῆς

2110 3878 2310 3946 θέσεως
2328 3882 2429 3954 τῆς
2453 3885 2674 3956 ἀμφοῖν,
2700 3886 2801 3955 τῆς
2822 3903 2881 3940 τε
2905 3887 3124 3958 λυχνίας
3150 3888 3364 3960 καὶτῆς
3383 3889 3686 3961 τραπέζης,

2109 3973 2271 4044 φημὶ,
2314 3975 2596 4045 περιέσται
2617 3976 2787 4048 δήπου
2829 3981 2942 4042 τοῖς
2970 3978 3241 4034 ἐθέλουσιν
3268 3977 3326 4036 εὖ
3354 3981 3498 4053 μάλα
3519 3986 3684 4050 νοεῖν,

2107 4069 2188 4122 ὅτι
2216 4072 2328 4134 τοῖς
2370 4070 2469 4140 μὲν
2520 4071 2795 4135 Ἰουδαίοις
2843 4073 2958 4142 φῶς
2996 4074 3309 4146 ἐπέλαμψεν
3355 4077 3384 4129 6
3426 4078 3683 4147 Χριστὸς,

2107 4160 2202 4213 καὶ
2238 4161 2367 4230 παρ’
2389 4154 2569 4226 αὐτοῖς
2617 4163 2914 4234 ἐκήρυττεν
2936 4204 2951 4230 ,
2991 4183 3009 4216 ι
3046 4165 3188 4234 Ἐγώ
3225 4167 3339 4237 είμι
3383 4166 3445 4219 τὺ
3487 4167 3624 4236 φῶς.
3657 4188 3678 4221 ι

2122 4249 2477 4306 Ἀπέσταλται
2523 4251 2634 4324 γὰρ
2678 4254 2759 4319 είς
2807 4254 2876 4309 τὰ
2926 4255 3173 4327 πρόϐατα
3231 4255 3301 4310 τὰ
3359 4255 3682 4312 ἀπολωλότα

432 4355 607 4407 casse,
645 4359 663 4391 ι
703 4340 817 4421 _Ego
850 4355 972 4395 sum
1028 4340 1122 4393 lux
1169 4339 1235 4393 ‘9.
1274 4359 1293 4391 ι
1339 4339 1536 4395 Missus
1577 4347 1662 4395 est
1724 4339 1872 4394 enim
1932 4339 2000 4394 ad

2114 4341 2260 4396 οίκου
2308 4342 2545 4414 Ἰσραήλ.
2581 4344 2710 4407 Καὶ,
2748 4362 2768 4396 ι
2803 4345 2993 4400 Αὐτῶν
3021 4346 3158 4402 είσιν
3201 4346 3258 4400 αἱ
3286 4345 3674 4416 ἐπαγγελίαι,›

429 4440 582 4490 oves,
617 4441 736 4496 qua:
772 4427 1047 4495 perierant
1091 4426 1288 4481 domus
1324 4426 1490 4482 Israel
1521 4428 1588 4493 "°,
1618 4434 1675 4482 et
1706 4444 1719 4480 :
1754 4446 1773 4479 ι
1802 4426 2006 4483 Eorum

429 4524 559 4572 sunt
586 4516 980 4588 promissiones
1014 4558 1028 4582 ,
1063 4537 1080 4569 ι
1109 4528 1171 4573 u‘t
1210 4517 1511 4589 Scripturae
1542 4518 1734 4574 dicunt
1771 4520 1814 4552 δι
1848 4562 1860 4573 .
1899 4518 2005 4574 Sed

428 4610 688 4680 quoniam
754 4610 889 4665 illud
958 4611 1209 4667 veritatis
1263 4613 1450 4669 lumen
1511 4613 1735 4669 minime
1771 4612 2009 4668 admise-

429 4711 579 4769 runt,
617 4702 794 4759 factus
829 4712 914 4759 est
950 4703 1206 4774 gentibus
1239 4704 1350 4759 vita
1396 4712 1452 4760 et
1509 4704 1668 4774 panis
1719 4703 1787 4759 de
1843 4704 2002 4759 caelo.

426 4794 619 4866 Neque
651 4810 780 4850 vero
800 4803 991 4867 gentes
1017 4795 1226 4850 lumine
1250 4804 1477 4863 carent;
1522 4796 1686 4866 idque
1712 4811 1782 4850 ex
1808 4809 1876 4850 eo
1918 4795 2006 4849 in-

432 4885 667 4957 telliges.
691 4886 840 4957 quod
864 4886 1180 4941 candelabri
1206 4887 1394 4941 lumen
1421 4887 1588 4942 etiam
1611 4887 1679 4941 ad
1719 4888 2005 4956 aquilona-

432 4989 521 5029 res
560 4974 900 5030 tabernaculi
937 4984 1121 5047 partes
1163 4975 1505 5045 penetrabat.
1563 4975 1633 5030 Et
1672 4975 1801 5044 quia
1832 4990 2007 5044 angu-

429 5067 732 5123 stissimum
777 5076 897 5123 erat
948 5068 1153 5124 factum
1211 5068 1346 5122 illud
1390 5067 1824 5133 tabernaculum,
1868 5067 2008 5121 nihil

429 5158 656 5215 absurdi
711 5169 796 5215 est
841 5161 1174 5227 existimare,
1217 5158 1615 5230 propemodum
1669 5158 1749 5212 illi
1803 5173 2007 5214 mensae

429 5244 743 5320 appositum
782 5247 951 5305 fuisse
985 5249 1398 5315 candelabrum,
1438 5247 1570 5304 licet
1604 5246 1899 5302 australem
1921 5248 2007 5303 lo-

430 5354 556 5395 cum
615 5348 847 5397 teneret.
908 5341 1160 5397 Declarat
1203 5341 1370 5398 etiam
1428 5340 1535 5396 alia
1590 5339 1802 5395 ratione
1848 5339 2012 5395 nobis

430 5428 567 5488 illud
606 5430 725 5487 haec
758 5432 950 5504 ﬁgura.
978 5432 1073 5487 ubi
1102 5432 1351 5487 divinum
1380 5431 1568 5488 lumen
1606 5432 1848 5498 illuceat,
1895 5441 2012 5488 tum

430 5521 520 5585 iis,
564 5523 660 5593 qui
705 5523 856 5595 digni
908 5534 1058 5591 sunt,
1120 5524 1289 5580 licere
1317 5524 1522 5581 Christi
1555 5530 1811 5595 tanquam
1857 5524 2015 5595 panis

2103 4430 2245 4485 κατά
2276 4431 2374 4496 τὰς
2396 4433 2639 4504 Γραφάς.
2682 4435 2836 4489 Ἐπεὶ
2864 4437 2920 4490 δὲ
2949 4438 3010 4491 οὐ
3047 4439 3394 4510 προσήκαντο
3421 4438 3522 4507 τῆς
3545 4437 3685 4510 ἀληο

2103 4521 2253 4586 θείας
2284 4523 2344 4575 τὸ
2386 4522 2530 4592 φῶς,
2583 4524 2774 4594 γέγονε
2805 4528 2918 4590 τοῖς
2959 4526 3169 4582 ἔθνεσιν
3201 4527 3313 4600 ζωὴ
3377 4527 3472 4582 καὶ
3517 4517 3685 4595 ἄρτος

2103 4612 2161 4681 ἐξ
2191 4615 2449 4688 οὐρανοῦο
2501 4617 2593 4670 καὶ⁵
2628 4618 2688 4671 οὐ
2720 4618 2842 4688 δίχα
2875 4620 3049 4686 φωτὸς
3080 4618 3150 4673 τά
3199 4619 3327 4690 ἔθνη
3347 4636 3363 4652 ο
3392 4620 3487 4673 καὶ
3524 4616 3684 4672 τοῦτο

2102 4703 2147 4757 δ’
2177 4704 2243 4758 ἂν
2272 4704 2484 4775 μάθοις,
2515 4706 2795 4778 διήκοντος
2837 4709 2929 4762 τοῦ
2966 4711 3142 4778 φωτὸς
3192 4713 3293 4782 τῆς
3325 4709 3545 4779 λυχνίας
3582 4709 3682 4763 καὶ

2103 4796 2185 4859 είς
2211 4796 2283 4848 τὰ
2316 4796 2499 4869 βόρεια
2530 4798 2631 4868 τῆς
2665 4801 2889 4871 σκηνῆς.
2926 4802 3255 4873 Στενοτάτης
3287 4802 3345 4855 δὲ
3377 4800 3542 4871 οὔσης
3579 4802 3683 4870 τῆς

2105 4890 2310 4957 σκηνῆς
2333 4888 2431 4956 τῆς
2473 4890 2650 4958 ἁγίας,
2682 4891 2745 4944 τὺ
2784 4893 3009 4956 ἀπεικὸς
3040 4893 3214 4956 οὐδὲν,
3270 4893 3549 4964 μονονουχὶ
3585 4891 3683 4945 καὶ

2105 4979 2530 5050 παρατεθεῖσθαι
2558 4982 2734 5037 δοκεῖν
2772 4986 2838 5055 τῇ
2878 4983 3126 5056 τραπέζῃ
3158 4984 3255 5055 τὴν
3301 4984 3545 5054 λυχνίαν.
3572 4981 3682 5036 κᾶν

2105 5071 2154 5123 εί
2182 5063 2273 5126 τὸν
2297 5072 2470 5127 νότιον
2498 5072 2597 5147 ἔχῃ
2633 5074 2816 5129 τόπον.
2863 5075 3182 5147 Ἐμφανίζει
3208 5076 3263 5131 δὲ
3292 5078 3424 5147 ἡμῖν
3453 5075 3544 5129 καὶ
3570 5073 3686 5127 ἐτέ-

2110 5178 2217 5233 ρως
2243 5163 2272 5215 ὁ
2297 5163 2486 5229 τύπος,
2512 5165 2588 5229 ὼς
2611 5165 2756 5220 θείου
2781 5168 2957 5237 φωτὸς
2989 5168 3362 5238 ἐκλάμποντος
3386 5166 3582 5234 γένοιτ’
3613 5166 3683 5219 ἂν

2105 5256 2216 5317 τοῖς
2249 5253 2422 5321 ἀξίοις
2446 5255 2506 5309 τὺ
2541 5257 2862 5329 μεταλαχεῖν
2891 5259 3149 5314 δύνασθαι
3178 5259 3269 5313 τοῦ
3311 5259 3568 5330 Χριστοῦ,
3603 5257 3684 5323 ὡς

2107 5342 2271 5414 ἄρτου
2306 5342 2508 5409 ζῶντος
2549 5347 2644 5401 καὶ
2691 5348 2963 5420 ἀληθινοῦ.
3006 5348 3277 5420 Σύσσωμα
3323 5349 3379 5403 δὲ
3412 5348 3505 5402 καὶ
3539 5363 3695 5419 συμτ

2115 5436 2315 5504 μέτοχα
2339 5436 2530 5505 γέγονε
2564 5439 2631 5494 τὰ
2662 5439 2788 5509 ἔθνη
2829 5438 3087 5510 Χριστοῦ.
3130 5440 3336 5512 Γράφει
3367 5439 3424 5492 δὲ
3464 5438 3626 5492 πάλιν
3654 5439 3686 5492 6

2060 5524 2067 5529 ’
2113 5523 2400 5589 θεσπέσιος
2428 5527 2635 5592 Παῦλος
2663 5545 2677 5558 ·
2711 5530 2987 5600 Σύσσωμα
3016 5531 3071 5585 δὲ
3106 5531 3199 5586 καὶ
3243 5530 3559 5602 συμμέτοχα
3595 5526 3685 5597 γέ.

501 5638 546 5670 ⁸⁸
577 5636 679 5693 lsa.
711 5653 821 5703 Lm,
848 5638 899 5694 9.
956 5638 1000 5671 ⁸⁷
1024 5637 1178 5694 Joan.
1209 5639 1392 5706 111,55.
1462 5637 1505 5671 ⁸³
1537 5638 1581 5693 II
1606 5638 1731 5697 Cor.
1761 5656 1818 5709 ιι,
1862 5640 1950 5708 Η,
1982 5639 2004 5693 l

2114 5639 2149 5673 ⁵³
2166 5636 2318 5698 Joan.
2343 5653 2457 5707 vm,
2488 5639 2570 5698 12.

2687 5641 2732 5675 ⁵ο
2759 5642 2949 5701 Matth.
2976 5660 3065 5711 xv,
3097 5643 3187 5701 2i.
3252 5645 3305 5719 ,⁵⁸
3332 5646 3489 5703 Rom.
3521 5652 3599 5711 Il,
3622 5642 3679 5701 9.
