3962 6296
175 311 269 366 663

911 315 1000 371 DE
1039 315 1484 374 ADORATIONE
1526 315 1594 371 IN
1633 313 1900 370 SPIRITU
1940 316 2028 372 ET
2070 317 2439 374 VERITATE.
2480 320 2607 374 LIB.
2649 319 2746 374 X..

2692 191 2721 204 ς

3322 321 3431 376 066

174 444 291 496 γονε
321 427 392 482 τὰ
423 427 558 500 ἔθνη
595 429 794 501 φωτὸς,
822 429 1066 501 δηλονότι
1093 433 1184 487 τοῦ
1225 435 1439 506 νοητοῦ,
1477 450 1750 504 προσανα-

1873 431 1962 486 rivi
2013 449 2077 489 ac
2131 435 2248 489 veri
2288 437 2587 506 participes
2625 437 2767 491 ﬁeri.
2811 436 3016 493 Scribit
3057 437 3206 492 cnim
3238 437 3435 493 beatus

179 521 536 591 πιμπλάμενα
587 542 606 574 ι
639 523 1039 596 διαυγαζούσης
1067 525 1300 598 ἡμέρας,
1333 525 1425 579 καὶ
1451 525 1746 596 Φωσφόρου

178 613 312 666 κατὰ
337 612 461 666 νοῦν
487 613 895 680 ἀνατέλλοντος,
924 635 942 667 ι
974 615 1079 686 ἔφη
1138 619 1246 688 γάρ
1271 635 1354 681 τις
1384 615 1491 670 τῶν
1523 615 1616 670 τοῦ
1645 617 1752 669 Σω-

177 704 336 774 τῆρος
361 705 644 776 μαθητῶν.
680 705 941 778 Ἐχόντων
975 707 1031 761 δὲ
1063 702 1164 762 ὦδε
1196 707 1396 772 θέσεὼς
1431 725 1490 762 τε
1524 708 1617 762 καὶ
1653 725 1752 762 κα-

178 797 444 868 τασκευῆς
471 799 582 851 τῶν
638 799 696 852 ἐν
745 801 859 863 τοῖς
903 799 1105 868 Ἀγίοις
1153 799 1750 869 τῶν’ἁγίων,ὲπίσπα-

183 889 496 961 στρον,ήτοι
541 891 962 962 καταπέτασμα,
983 892 1237 961 γενέσθαι
1286 892 1656 962 προστέταχεν
1695 891 1752 958 ἐξ

180 981 430 1034 ὑακίνθου
471 983 566 1036 καὶ
600 983 902 1055 πορφύρας,
940 984 1036 1037 xal.
1057 983 1311 1038 κοκκίνου
1345 983 1753 1054 κεκλωσμὲνου,

179 1074 268 1126 καὶ
288 1073 483 1142 βύσσου
501 1076 857 1146 νενησμένη;’
871 1075 1026 1129 τοῦτο
1042 1075 1098 1128 δὲ
1122 1078 1242 1140 ταῖς
1264 1075 1468 1146 σκηνῆς
1487 1073 1755 1138 εἰσϐολαῖς

178 1167 576 1237 περιτείνεσθαι
598 1167 706 1221 δεῖν
731 1167 965 1237 ἔφασκεν
990 1169 1320 1236 ἀναγκαίως,
1343 1167 1502 1221 πέντε
1534 1169 1756 1239 χρυσοῖς

180 1258 617 1329 ἔπαιωρούμενον
669 1260 900 1324 στύλοις,
936 1252 1009 1314 ὧν
1038 1261 1093 1313 ατί
1141 1260 1327 1330 βάσεις
1385 1259 1602 1329 χαλκαῖ.
1645 1257 1757 1311 Καὶ

181 1349 552 1422 ὲπίσπαστρον
605 1351 701 1420 μὲν
751 1350 1028 1421 ὀνομάζει,
1053 1351 1153 1422 τῆς
1207 1350 1378 1421 θύρας
1416 1349 1478 1404 τὸ
1530 1350 1757 1423 περιτά-

182 1457 381 1510 νυσμα,
404 1441 496 1495 διὰ
519 1440 599 1506 τὺ,
625 1439 800 1512 οἶμαι,
828 1441 1043 1506 λεπτοῖς
1061 1441 1272 1512 κρίκοις
1298 1442 1486 1496 ἀνόπιν
1503 1441 1758 1496 ἕλκεσθαι

183 1531 535 1602 δικνουμένης
584 1516 960 1610 τῆςοείσὸολῆς
980 1549 992 1562 ·
1029 1532 1462 1588 ἀντεπισπᾶσθαι
1488 1533 1544 1587 δὲ
1565 1529 1629 1588 αῦ
1666 1534 1760 1588 καὶ

184 1621 618 1692 κατευρύνεσθαι
640 1623 748 1678 τῶν
774 1623 973 1698 θυρῶν,
990 1623 1254 1695 κρύπτειν
1277 1623 1346 1677 τὰ
1375 1625 1561 1692 Ἅγια.
1589 1626 1759 1679 Πέντε

171 1705 238 1763 δὲ
255 1712 305 1763 οἱ
323 1710 531 1776 στύλοι,
558 1714 758 1783 χρυσοῖ
783 1714 878 1766 καὶ
908 1713 1248 1784 περίχαλκοι,
1271 1715 1399 1778 τοὺς
1423 1714 1500 1778 ὡς
1525 1715 1760 1787 πέμπτῳ

184 1803 383 1875 καιρῷ,
421 1804 546 1859 καθ’
578 1806 638 1859 ὃν
695 1807 728 1876 ή
786 1805 1025 1877 Χριστοῦ
1067 1805 1256 1875 γέγονε
1306 1806 1596 1878 παρουσία,
1629 1823 1761 1878 προ-

183 1897 584 1962 ανατυποῦντες
607 1899 961 1964 διδασκάλους
984 1899 1076 1953 καὶ
1102 1899 1208 1953 τῶν
1234 1899 1572 1970 Ἐκκλησιῶν
1597 1901 1760 1972 ἡγου-

187 1991 403 2060 μένους·
439 1991 490 2044 ο”ί
519 1991 608 2045 τὸν
633 1992 732 2063 τῆς
760 1992 1018 2064 ἀληθείας
1038 1992 1461 2065 ὀρθοτομοῦντες
1485 1993 1661 2063 λόγον,
1680 1992 1762 2047 τί-

187 2101 303 2154 μιοι
334 2084 434 2154 μὲν
461 2085 539 2148 ὡς
569 2084 767 2156 χρυσός
802 2087 958 2152 εἰσιν,
989 2087 1205 2157 εύηχεῖς
1232 2086 1288 2139 δὲ
1321 2084 1494 2150 οὕτως
1526 2085 1601 2149 ὡς
1635 2085 1760 2155 χαλ·

185 2174 298 2237 16;.
336 2193 355 2226 ι
381 2173 478 2240 Εἰς
510 2177 691 2230 πᾶσαν
728 2176 837 2248 γὰρ
864 2177 929 2249 δὴ
950 2179 1046 2248 τὴν
1073 2180 1176 2249 γῆν
1205 2178 1425 2248 ἐξῆλθεν
1462 2179 1490 2230 ὁ
1528 2177 1786 2246 φθόγγος

185 2264 387 2332 αὐτῶν,
425 2268 521 2320 καὶ
557 2269 638 2330 είς
691 2267 760 2321 τὰ
813 2269 1025 2341 πέρατα
1065 2271 1165 2341 τῆς
1203 2269 1530 2340 οἰκουμένης
1567 2268 1635 2322 τὰ
1667 2271 1765 2340 ῥή-

190 2374 339 2427 ματα
370 2358 571 2413 αὐτῶν·
595 2376 614 2410 ι
650 2357 701 2412 οἳ
734 2360 827 2412 καὶ
863 2359 951 2413 διὰ
977 2361 1078 2431 τῆς
1102 2360 1351 2431 ὲντέχνου
1380 2359 1475 2413 καὶ
1504 2357 1763 2412 θεοπνεύ-

188 2465 317 2501 στου
365 2449 758 2519 μυσταγωγίας
823 2452 935 2514 τοῖς
985 2452 1064 2514 εἰς
1114 2450 1185 2504 τὰ
1219 2451 1388 2519 ’Δγια
1429 2449 1538 2503 τῶν
1593 2449 1764 2517 ἁγίων

189 2541 492 2612 εἰστρέχειν
517 2540 793 2596 ἐθέλουσιν
837 2543 1222 2615 ἀνευρύνουσιν
1252 2543 1440 2615 ὥσπερ
1466 2543 1565 2607 τὰς
1590 2531 1767 2596 εἰσϐο-

187 2631 308 2694 λὰς.
347 2631 432 2685 Τὰ
472 2632 570 2703 μὲν
614 2631 708 2688 οῦν
743 2635 910 2704 Ἅγια
955 2635 1062 2689 τῶν
1109 2635 1298 2703 ἁγίων,
1345 2635 1488 2688 τοῦτ’
1534 2633 1700 2698 ἔστιν,
1731 2635 1766 2704 ἡ

189 2722 438 2794 ἑσωτέρα
479 2724 654 2797 σκηνὴ
692 2725 1136 2780 κατεκαλύπτετο
1168 2725 1248 2796 τῷ
1286 2727 1763 2796 καταπετάσματι.

186 2814 606 2886 Παρερήρειστο
648 2816 706 2870 δὲ
739 2816 900 2881 εὐθὺς
929 2817 1026 2872 καί⁸
1055 2818 1396 2888 συνήρμοστο
1430 2819 1498 2887 τῇ
1540 2816 1768 2888 δευτέρᾳ

188 2909 287 2961 καὶ
334 2910 368 2979 ή
418 2909 609 2980 πρώτη
647 2909 839 2981 σκηνὴ,
878 2910 960 2963 .τὺ
1006 2909 1386 2981 θυσιαστήριον
1431 2908 1628 2979 ἔχουσα
1659 2908 1767 2962 τῶν

191 3001 612 3072 καρπωμάτων,
665 3003 726 3055 ὲν
765 2996 808 3070 ᾧ
863 3003 1012 3056 πᾶσα
1049 3004 1082 3073 ἠ
1137 3003 1203 3056 δι’
1245 3002 1491 3072 αἱμάτων
1537 3001 1769 3055 ἐτελεῖτο

1788 1767 1839 1828 B

1855 525 2075 590 Paulus,
2126 534 2318 598 gentes
2343 543 2463 583 esse
2486 529 2910 598 concorporales
2933 538 3095 598 atque
3135 530 3435 598 comparti—

1851 615 2002 686 cipes
2039 616 2246 673 Christi
2269 620 2336 672 δ’.
2361 618 2797 690 Concorporales
2817 635 2980 689 porro
3010 628 3066 673 et
3087 620 3438 688 compartici-

1851 723 1950 778 pes
1965 708 2120 764 facta:
2135 718 2486 782 suntgentes,
2509 727 2635 765 cum
2655 711 2863 766 lumine
2883 710 3156 780 spirituali
3175 710 3437 764 nimirum

1853 801 2074 869 repletae
2123 794 2288 866 sunt,
2329 821 2346 853 ι
2381 802 2474 856 ubi
2505 803 2624 858 dies
2654 803 2852 866 illuxit,
2878 811 2933 856 et
2965 801 3186 855 Lucifer
3224 801 3280 854 in
3318 801 3437 854 ani-

1853 891 1958 946 mis
1980 893 2184 948 nostris
2214 903 2436 949 exortus
2457 904 2561 960 est,
2599 915 2616 947 ι
2647 895 2723 949 ait
2755 895 2976 964 quidam
3010 893 3310 948 Salvatoris
3337 909 3439 948 no-

1856 986 1955 1040 stri
1981 987 2288 1057 discipulus
2321 989 2387 1043 ⁸³.
2428 990 2501 1044 lis
2527 989 2713 1060 igitur,
2745 1005 2867 1058 quae
2897 989 2951 1041 in
2980 987 3196 1042 Sanctis
3223 997 3443 1041 sancto-

1857 1093 1980 1133 rum
2011 1089 2190 1144 erant,
2223 1081 2290 1134 ad
2321 1081 2469 1136 hunc
2502 1081 2725 1136 modum
2765 1081 3046 1136 collocatis
3098 1088 3260 1149 atque
3287 1094 3440 1145 com-

1856 1170 2085 1239 positis,
2137 1171 2524 1228 adductorium
2577 1189 2674 1228 seu
2716 1173 2967 1227 velamen
3000 1171 3116 1225 ﬁeri
3141 1171 3326 1242 jussit,
3374 1187 3443 1225 ex

1857 1261 2153 1332 hyacintho
2175 1272 2231 1318 et
2258 1279 2521 1334 purpura,
2541 1272 2597 1319 et
2631 1280 2795 1319 cocco
2827 1271 3062 1328 torto,et
3094 1263 3258 1334 bysso
3285 1271 3438 1326 ncta;

1859 1353 2024 1424 idque
2071 1354 2139 1409 ad
2189 1355 2369 1425 ipsum
2421 1355 2759 1411 tabernaculi
2791 1355 2992 1410 ostium
3034 1352 3444 1408 extendendum

1858 1457 1979 1498 esse
2025 1443 2342 1500 necessario
2377 1444 2536 1510 dixit,
2577 1445 2645 1499 de
2674 1444 2917 1514 quinque
2945 1443 3214 1498 inauratis
3229 1444 3444 1498 colum-

1858 1534 1966 1598 nis,
1993 1537 2226 1605 qu'arum
2257 1535 2417 1590 bases
2448 1545 2633 1591 essent
2657 1552 2842 1602 aeneae,
2879 1551 3228 1605 suspensum.
3266 1536 3444 1603 Atque

1860 1623 2242 1678 adductorium
2269 1625 2490 1694 quidem
2511 1625 2752 1695 appellat
2769 1625 2952 1679 velum
2974 1625 3115 1679 ostio
3133 1624 3444 1688 obtentum,

1862 1715 2009 1784 quod
2041 1716 2273 1786 exiguis,
2310 1724 2372 1770 ut
2409 1717 2624 1786 opinor,
2651 1716 2867 1771 annulis
2893 1715 3283 1776 retraheretur,
3321 1728 3447 1766 cum

1862 1823 1961 1878 per
2011 1807 2213 1862 ostium
2255 1807 2473 1861 transiri
2515 1822 2738 1862 necesse
2789 1816 2954 1870 esset,
2991 1823 3054 1862 ac
3105 1819 3297 1860 rursus
3351 1803 3450 1858 ad-

1866 1898 2163 1954 duceretur
2207 1898 2680 1968 explica-returque
2728 1915 2828 1969 per
2880 1899 3106 1961 ostium,
3168 1906 3227 1951 ut
3261 1903 3449 1951 sancta

1866 1991 2296 2047 occultarent-ur.
2341 1989 2595 2061 Quinque
2647 2001 2830 2045 autem
2875 1997 3004 2043 sunt
3053 1990 3322 2043 columnae
3353 1997 3450 2042 'au-

1865 2100 1972 2140 rea:
2010 2094 2173 2155 atque
2212 2098 2397 2148 tenete,
2432 2069 2554 2153 quas
2602 2083 2745 2148 illos,
2798 2082 2893 2152 qui
2947 2091 3202 2150 tanquam
3252 2080 3448 2149 quinto

1867 2187 2114 2247 tempore
2158 2177 2422 2242 fuerunt,
2457 2192 2567 2248 quo
2620 2184 2866 2245 tempore
2915 2173 3122 2229 Christi
3177 2173 3448 2226 adventus

1867 2270 2116 2340 contigit,
2168 2269 2424 2324 doctores
2475 2276 2639 2338 atque
2677 2267 3048 2322 Ecclesiarum
3091 2264 3260 2318 duces
3301 2277 3445 2333 prte-

1868 2363 2170 2434 ﬁgurarent
2199 2380 2212 2416 :
2239 2362 2354 2432 qui,
2378 2377 2502 2417 cum
2541 2371 2692 2416 recte
2717 2373 3024 2415 sermonem
3057 2357 3305 2411 veritatis
3339 2364 3449 2408 tra-

1869 2464 2040 2520 ctent,
2081 2455 2311 2525 pretiosi
2346 2454 2570 2524 quidem
2606 2461 2735 2508 sunt
2769 2461 2829 2506 ut
2851 2467 3066 2515 aurum,
3107 2459 3163 2504 et
3194 2449 3345 2502 velut
3374 2462 3449 2501 ses

1867 2556 2144 2601 resonant.
2200 2546 2338 2601 Nam
2399 2564 2418 2597 ι
2456 2545 2518 2599 in
2557 2559 2782 2599 omnem
2821 2551 3025 2597 terram
3069 2541 3241 2595 exivit
3280 2554 3448 2594 sonus

1867 2653 2081 2702 eorum,
2109 2644 2166 2692 et
2184 2637 2240 2691 in
2263 2635 2400 2690 ﬁnes
2425 2636 2575 2691 orbis
2600 2643 2760 2690 terra:
2780 2634 2947 2689 verba
2965 2648 3154 2687 eorum
3175 2631 3223 2663 ’δ
3247 2674 3260 2697 ,
3307 2649 3324 2682 ι
3355 2629 3449 2699 qui

1869 2727 2058 2782 solerti
2087 2742 2152 2781 ac
2191 2726 2461 2782 divinitus
2497 2726 2762 2796 inspirata
2785 2723 3035 2780 doctrina
3060 2722 3372 2777 volentibus
3395 2720 3454 2773 in

1871 2818 2069 2874 Sancta
2123 2826 2439 2874 sanctorum
2491 2818 2726 2873 introire
2808 2816 2990 2871 aditus
3048 2813 3454 2886 quodammodo

1869 2911 2224 2982 patefaciunt.
2258 2912 2428 2981 Igitur
2449 2910 2610 2980 337
2646 2909 2846 2964 Sancta
2880 2916 3215 2970 sanctorum,
3261 2905 3311 2958 id
3347 2911 3452 2966 est,

1870 3003 2103 3058 interius
2155 3003 2290 3057 illud
2343 3001 2754 3056 tabernaculum
2796 3000 3067 3054 velamine
3121 2997 3451 3065 tegebatur;

191 3093 552 3165 προσαγωγὴ,
588 3095 808 3151 πόπανα
843 3111 903 3148 τε
934 3095 1030 3148 καὶ
1058 3097 1106 3148 ot
1145 3095 1450 3160 λιϐανωτοί,
1487 3094 1584 3148 καὶ
1617 3095 1766 3148 πᾶσα

1873 3097 2185 3152 adhaerebat
2205 3112 2337 3151 vero
2366 3095 2614 3166 proxime
2647 3103 2808 3163 atque
2848 3093 3201 3161 coniunctum
3233 3096 3352 3142 crat
3378 3086 3453 3140 illi

191 3187 352 3239 θυσία
381 3187 476 3239 καὶ
507 3186 723 3259 σπονδή.
761 3189 1015 3261 καὶπρὸς
1043 3207 1107 3258 γε
1136 3189 1214 3260 τῷ
1247 3187 1618 3260 θυσιαστηρίῳ
1673 3187 1769 3241 καὶ

189 3277 283 3331 τὸν
319 3277 562 3349 λουτῆρα
589 3279 680 3332 τὸν
706 3279 960 3351 χαλκοῦν.
993 3280 1166 3344 Τόπος
1195 3280 1250 3333 δὲ
1293 3276 1358 3334 αῦ
1405 3279 1483 3349 τῷ
1533 3279 1632 3351 μὲν
1672 3277 1768 3331 θυ-

193 3371 500 3441 σιαστηρίῳ
528 3371 678 3440 παρὰ
711 3372 809 3436 τὰς
848 3371 1015 3443 θύρας
1036 3372 1136 3442 τῆς
1175 3371 1398 3441 σκηνῆς,
1430 3369 1587 3440 δῆλον
1612 3369 1668 3421 δὲ
1689 3369 1770 3420 ὅτι

189 3462 291 3531 τῆς
320 3461 611 3534 ἐξωτέραςο
641 3461 722 3534 τῷ
756 3461 811 3515 δέ
838 3479 901 3531 γε
930 3462 1172 3534 λουτῆρι,
1215 3461 1276 3516 τὸ
1320 3461 1643 3532 μεσαίτατον
1669 3459 1772 3530 τῆς

192 3570 424 3625 σκηνης.

265 3826 479 3881 ΠΔΛΛ.
509 3825 622 3880 Καὶ
642 3827 727 3891 τίς
761 3825 828 3880 ἂν
854 3828 1025 3882 νοοῖτο
1052 3826 1212 3883 πάλιν
1241 3827 1274 3898 ή
1308 3827 1658 3896 ἐπιτήρησις;
1754 3821 1758 3824 ’

267 4006 435 4060 ΚΥΡ.
474 4005 748 4078 Ἀκριϐὲς,
776 3998 821 4060 ὦ
841 4005 1129 4072 Παλλάδιε,
1159 4005 1220 4060 τὸ
1239 4005 1480 4076 Γράμμα
1505 4003 1566 4058 τὸ
1607 4003 1772 4074 ἱερὸν,

197 4099 295 4151 καὶ
322 4099 532 4152 εἰκαῖον
564 4099 622 4151 ὲν
648 4097 797 4169 αύτῷ
826 4096 1102 4162 παντελῶς
1127 4097 1298 4151 οὐδέν.
1341 4097 1451 4150 Θέα
1488 4095 1597 4168 γὰρ
1628 4097 1778 4159 ὅπως

195 4193 331 4261 ἡμῖν
366 4191 430 4244 τὸ
468 4188 699 4260 αἴνιγμα
739 4172 1191 4259 παιδαγωγοῦντα
1237 4189 1469 4259 δέδειχεν
1503 4188 1598 4240 ἐπὶ
1651 4188 1781 4258 Χρι-

200 4280 326 4334 στὸν
349 4282 443 4335 τὸν
467 4281 652 4351 νόμον.
677 4279 927 4334 Τέθειται
955 4280 1064 4351 γὰρ
1101 4281 1232 4352 παρ’
1280 4280 1472 4344 αὐταῖς
1505 4282 1626 4343 ταῖς
1671 4282 1780 4333 εἰσ-

196 4369 339 4436 όδοις
362 4374 484 4435 ’ταῖς
513 4372 592 4435 εἰς
619 4369 688 4424 τὰ
717 4371 882 4439 Ἀγια
931 4371 1040 4424 τῶν
1076 4370 1246 4439 ἁγίων
1289 4371 1388 4441 τῆς
1437 4369 1578 4424 κατὰ
1619 4369 1780 4439 νόμον

1869 3189 2108 3245 secundo
2150 3188 2386 3258 primum
2403 3201 2622 3257 quoque
2652 3184 3082 3245 tabernaculum,
3112 3181 3256 3250 quod
3285 3180 3455 3233 altare

1870 3280 2264 3335 sacriﬁciorum
2298 3277 2637 3341 continebat,
2679 3277 2735 3331 in
2771 3291 2881 3345 quo
2902 3273 3080 3328 omnis
3113 3288 3210 3341 per
3232 3270 3456 3339 sangui-

1870 3389 1996 3428 nem
2039 3371 2402 3426 exhibebatur
2437 3369 2661 3432 oblatio,
2687 3370 2992 3438 laganaque
3013 3374 3070 3420 et
3103 3365 3263 3418 thura
3289 3371 3344 3418 et
3365 3377 3456 3417 sa-

1872 3464 2139 3521 criﬁcium
2192 3479 2353 3518 omne
2402 3471 2568 3530 atque
2637 3460 2852 3525 libatio,
2921 3467 2977 3512 et
3032 3465 3232 3527 prmtcr
3285 3456 3456 3509 altare

1871 3557 2085 3612 labrum
2131 3571 2351 3625 quoque
2395 3567 2629 3622 aeneum.
2669 3553 2801 3606 Erat
2838 3558 3020 3605 autem
3052 3549 3156 3602 hoc
3181 3547 3350 3601 altare
3378 3546 3455 3599 si-

1875 3660 1990 3706 tum
2044 3656 2269 3718 pr0pter
2310 3645 2650 3702 tabernaculi
2690 3643 2915 3708 ostium,
2965 3640 3255 3696 exterioris
3285 3639 3454 3693 nimi—

1875 3756 2017 3805 rum,
2046 3739 2263 3793 labrum
2293 3753 2428 3793 vero
2457 3736 2515 3791 in
2552 3735 2673 3806 ipso
2711 3733 2894 3789 medio
2931 3730 3271 3787 tabernaculi
3310 3730 3454 3784 loco.

1943 3829 2141 3884 PALL.
2178 3828 2320 3895 Quid
2345 3836 2532 3884 autem
2549 3826 2774 3882 latentis
2799 3823 3174 3895 intelligentia
3210 3821 3460 3877 continet

1877 3921 1993 3976 haec
2012 3919 2322 3976 observatio
2351 3919 2375 3972 ἲ

1946 4013 2103 4070 CYR.
2145 4013 2414 4068 Accurate
2467 4018 2595 4065 sunt
2639 4009 2862 4072 omnia,
2911 4005 3140 4068 Palladi,
3180 4004 3234 4056 in
3283 4001 3459 4056 sacris

1880 4104 2103 4160 Litteris
2129 4102 2463 4172 perscripta,
2487 4099 2736 4167 nihilque
2771 4109 3000 4164 prorsus
3043 4092 3102 4144 in
3133 4091 3242 4143 illis
3257 4097 3342 4142 est
3375 4098 3458 4142 te-

1879 4209 2030 4249 mere
2074 4193 2312 4262 positum
2345 4209 2356 4242 :
2388 4189 2514 4242 vide
2560 4187 2708 4240 enim
2760 4193 2823 4238 ut
2868 4183 2974 4236 hoc
3016 4181 3244 4249 aenigma
3295 4177 3459 4231 nobis

1881 4286 2132 4342 ostendat
2162 4285 2298 4354 legis
2318 4281 2716 4336 institutionem
2739 4276 2805 4330 ad
2828 4275 3105 4330 Christum
3129 4270 3454 4340 perducere:

1882 4393 2008 4433 nam
2042 4375 2175 4429 illud
2198 4372 2387 4443 legalis
2439 4368 2719 4440 religionis
2749 4366 2918 4420 altare
2951 4362 3018 4416 ad
3052 4364 3200 4431 ipsos
3230 4360 3414 4414 aditus
3440 4399 3455 4424 ,

197 4462 459 4534 λατρείας
504 4463 566 4516 τὸ
600 4463 1006 4534 θυσιαστήριον.
1067 4461 1354 4532 Ἀποφέρει
1403 4463 1512 4532 γὰρ
1546 4463 1575 4514 ὁ
1612 4461 1769 4532 νόμος

1880 4484 1979 4539 per
1999 4481 2137 4537 quos
2164 4465 2232 4519 ad
2262 4463 2460 4519 Sancta
2487 4467 2804 4515 sanctorum
2840 4453 3188 4515 tendebatur,
3225 4450 3461 4504 colloca-

200 4554 359 4625 μόλις
395 4556 544 4625 ἡμᾶς
579 4556 658 4618 εἰς
695 4554 868 4625 ἀρχὰς
893 4554 1001 4608 τῶν
1032 4554 1127 4608 τοῦ
1159 4553 1397 4624 Χριστοῦ
1443 4552 1778 4624 μυστηρίων,

196 4647 298 4701 καὶ
330 4647 496 4701 οἱονεί
537 4663 654 4710 πως
687 4646 837 4717 παρὰ
880 4645 976 4710 τὰς
1006 4644 1230 4716 πρώτας
1263 4643 1512 4708 εἰσϐολὰς
1553 4644 1652 4714 τῆς
1695 4645 1781 4698 ἐπ’

197 4737 355 4810 αὖτῷ
377 4738 634 4807 γνώσεως
673 4738 934 4810 ἀκριϐοῦς
957 4755 971 4769 ·
1004 4738 1306 4809 εἰσκομίζει
1339 4737 1396 4790 δὲ
1422 4736 1673 4807 οὐδαμῶς
1703 4739 1783 4801 εἰς

193 4833 268 4886 τὰ
298 4833 469 4899 Ἅγια
498 4830 608 4885 τῶν
640 4830 830 4900 ἁγίων,
861 4832 1006 4884 τοῦτ’
1048 4829 1213 4892 ἔστιν,
1256 4831 1337 4893 είς
1379 4827 1478 4899 τὴν
1509 4829 1781 4900 ἐσωτέραν

196 4923 434 4994 σκηνὴν,
478 4923 538 4976 ὲν
567 4917 910 4996 ᾖπολυειδὴς
943 4925 972 4976 ὁ
1013 4921 1266 4992 Χριστὸς,
1309 4920 1384 4984 ὡς
1424 4921 1558 4974 Θεοῦ
1583 4922 1777 4989 Λόγος,

193 5016 275 5079 ὡς
304 5015 444 5082 φῶς,
472 5014 548 5077 ὡς
570 5014 735 5086 ἄρτος
761 5013 890 5078 ζῶν,
920 5014 993 5078 ὡς
1020 5013 1244 5077 εὐωδίας
1275 5012 1419 5083 ὀσμὴ
1441 5010 1518 5082 τῷ
1545 5012 1663 5082 Θεῷ
1690 5012 1784 5064 καὶ

196 5107 400 5177 Πατρί.
436 5106 509 5158 Ἢ
552 5107 662 5177 γὰρ
710 5106 832 5177 οὐχὶ
885 5106 1051 5176 φαίης
1081 5105 1147 5158 ἂν
1194 5105 1275 5158 ὅτι
1323 5103 1562 5174 στοιχεῖὰ
1599 5121 1659 5157 τε
1690 5106 1785 5158 καὶ

195 5196 372 5268 ἀρχαὶ
404 5195 515 5250 τῶν
542 5195 737 5264 λογίων
755 5195 846 5249 τοῦ
871 5194 1027 5259 Θεοῦ,
1049 5194 1146 5265 τῆς
1167 5193 1306 5250 κατὰ
1328 5195 1491 5261 νόμον
1529 5195 1783 5266 λατρείας

196 5293 231 5360 ή
269 5288 672 5360 προμελέτησις
696 5283 764 5357 ἧν
784 5306 798 5353 ;

279 5381 490 5434 mum.
536 5378 779 5449 Ἀληθές.

275 5472 446 5526 ΚΥΡ.
477 5471 603 5524 Ὅτι
633 5471 691 5524 δὲ
722 5471 1070 5525 τετελείωκεν
1097 5470 1125 5524 ὁ
1157 5471 1320 5541 νόμος
1347 5470 1518 5537 οὐδὲν,
1575 5490 1592 5521 ι
1616 5471 1784 5541 ’Δμή-

198 5579 371 5634 κανον
400 5563 508 5635 γὰρ
537 5559 679 5634 αἷμα
704 5562 920 5634 ταύρων
953 5563 1046 5616 καὶ
1077 5563 1296 5634 τράγων
1327 5563 1578 5633 ἀφαιρεῖν
1607 5563 1785 5633 ἁμαρ-

281 5745 327 5776 ³²
355 5743 554 5814 Ephcs.
598 5743 754 5811 111,6.
831 5742 877 5774 ⁸³
905 5743 926 5798 I
952 5743 1096 5797 Pctr.
1122 5759 1156 5804 1,
1191 5744 1270 5798 l9.
1355 5744 1398 5776 “
1443 5743 1584 5799 Psal.
1628 5759 1778 5806 x1111,

1877 4567 1994 4612 tum
2021 4563 2160 4610 erat.
2195 4553 2307 4608 Lex
2344 4551 2492 4605 enim
2532 4548 2625 4601 vix
2667 4545 2734 4600 ad
2765 4545 2884 4614 ipsa
2917 4558 3018 4596 nos
3069 4539 3224 4594 initia
3255 4544 3461 4607 myste-

1877 4649 2085 4703 riorum
2132 4645 2252 4709 Dei,
2278 4651 2462 4711 atque,
2496 4647 2557 4693 ut
2589 4639 2665 4693 ita
2711 4636 2888 4690 dicam
2913 4675 2926 4698 ,
2972 4633 3038 4687 ad
3088 4631 3265 4701 prima
3295 4642 3460 4681 accu-

1878 4747 2008 4794 rata:
2053 4735 2258 4791 Christi
2297 4730 2626 4802 cognitionis
2662 4725 2952 4798 perducit;
2986 4723 3080 4779 scd
3109 4721 3260 4775 nullo
3299 4717 3462 4771 modo

1879 4829 2090 4886 inducit
2134 4827 2191 4881 in
2221 4825 2418 4880 Sancta
2449 4831 2788 4882 sanctorum,
2817 4817 2871 4871 id
2899 4824 2982 4870 est
3012 4815 3067 4867 in
3112 4809 3344 4864 interius
3378 4816 3461 4860 ta-

1879 4921 2262 4983 bernaculum,
2287 4917 2345 4970 in
2361 4930 2471 4985 quo
2503 4910 2887 4981 multipliciter
2919 4906 3170 4962 Christus
3208 4899 3460 4954 contine-

1879 5025 1990 5079 tur,
2021 5021 2084 5067 ut
2111 5010 2209 5066 Dei
2250 5008 2522 5070 Verbum,
2557 5013 2618 5058 ut
2641 5004 2827 5057 lumen
2853 5040 2867 5064 ,
2901 5006 2960 5052 ut
2992 4995 3149 5066 panis
3175 4992 3334 5046 vivus
3355 5032 3368 5054 ,
3403 4998 3465 5043 ut

1880 5107 2134 5162 redolens
2183 5102 2320 5159 odor
2358 5101 2471 5154 Deo
2507 5112 2571 5152 ac
2621 5095 2768 5151 Patri
2796 5092 3030 5146 oblatus.
3079 5084 3222 5153 Quid
3275 5083 3464 5138 enim?

1881 5219 2063 5259 nonne
2090 5215 2283 5256 censes
2307 5193 2569 5269 prmludia
2609 5191 2701 5244 illa
2730 5185 2920 5260 legalis
2969 5182 3150 5238 cultus
3188 5179 3459 5235 elementa

1881 5309 2002 5349 esse
2026 5303 2082 5345 et
2113 5291 2270 5345 initia
2298 5296 2612 5342 sermonum
2643 5281 2739 5332 Del
2765 5283 2783 5330 ἰ

1902 5411 1930 5446 ο
1955 5382 2152 5437 PALL.
2184 5382 2260 5434 lta
2285 5387 2369 5433 est

1957 5473 2113 5528 CYR.
2149 5471 2296 5526 Nihil
2332 5477 2512 5522 autem
2539 5465 2602 5518 ad
2631 5461 2931 5534 perlectum
2953 5454 3241 5512 adduxisse
3265 5450 3460 5519 legem,

1899 5582 1914 5612 ‹
1957 5557 2293 5630 lmpsssibilc
2323 5554 2592 5625 siquidem
2626 5559 2727 5618 cst,
2772 5549 3035 5619 sanguine
3077 5554 3358 5599 taurorum
3405 5543 3463 5591 ct
