3962 6296
520 341 621 395 667

1536 334 1589 389 S.
1632 331 1906 388 CYRILLI
1943 326 2411 385 ALEXANDRIM
2449 323 2778 392 ΑΜἙΙΠΕΡ.⁶

3658 309 3768 367 8-63

521 457 800 510 hircorum
851 454 1053 509 auferri
1093 461 1312 523 peccata
1335 455 1402 518 ³⁵,
1434 472 1450 504 ι
1487 454 1748 508 continuo
1774 451 1951 506 disces
1976 491 1989 513 ,
2038 457 2093 502 et

2204 447 2350 508 τίας,
2391 463 2407 495 ι
2445 441 2742 509 ὰναμάθοις
2773 439 2838 491 ἂν
2869 436 3050 499 εὐθὺς,
3083 432 3177 487 καὶ
3219 433 3334 485 λίαν
3374 432 3629 500 ἀμογητί,
3673 431 3768 484 καὶ

519 545 742 616 quidem
763 546 881 599 sine
901 544 1013 598 ullo
1031 544 1251 614 negotio
1275 585 1290 608 ,
1325 545 1372 598 si
1403 543 1565 599 modo
1587 543 1725 597 labri
1748 542 1914 596 etiam
1947 541 2093 594 illius

523 655 682 694 usum
715 637 1191 694 consideraveris:
1231 647 1352 692 erat
1400 638 1548 692 enim
1594 637 1649 689 in
1700 634 1883 690 medio
1916 633 2093 703 primo

523 729 873 783 tabernaculo
923 729 1089 782 situm
1125 727 1472 798 splendidum
1515 735 1680 796 atque
1709 725 2090 794 conspicuum,

520 818 682 886 cujus‘
701 832 840 886 aqua
860 817 1230 887 ingredientes
1259 818 1314 870 in
1345 817 1540 870 Sancta
1566 821 1880 870 sanctorum
1901 814 2094 868 ablue-

522 909 720 962 bantur
749 924 762 960 :
795 908 848 962 id
884 908 1030 962 enim
1050 908 1430 962 sacerdotibus
1450 909 1567 978 lege
1599 914 1928 976 praeceptmn
1951 913 2090 959 erat.

522 997 691 1068 Igitur
744 998 836 1052 illa
873 999 1071 1062 etiam,
1111 1014 1232 1068 quae
1273 999 1328 1052 in
1377 999 1493 1068 lege
1535 999 1801 1068 perfectio
1851 997 2090 1059 videtur,

524 1090 841 1159 imperfecta
874 1097 987 1154 est,
1037 1105 1100 1144 ac
1154 1091 1327 1145 sancti
1377 1089 1723 1159 baptismatis
1753 1087 2092 1158 puriﬁcatio-

526 1196 652 1234 nem
683 1181 964 1246 insinuat,
1013 1197 1123 1251 quo
1161 1196 1377 1236 sacrum
1426 1181 1560 1235 illud
1614 1195 1785 1252 genus
1826 1178 2091 1242 abluitur,

525 1288 739 1336 eorum,
770 1272 1013 1342 inquam,
1045 1274 1138 1342 qui
1163 1272 1268 1327 [ide
1291 1272 1569 1344 justiﬁcati
1597 1279 1744 1338 sunt,
1775 1287 1912 1341 quos
1929 1271 2094 1325 etiam

524 1362 717 1417 beatus
749 1363 838 1417 ille
873 1363 1175 1433 discipulus
1200 1364 1583 1433 alloquebatur
1615 1381 1627 1416 :
1664 1381 1682 1412 ι
1712 1363 1819 1418 Vos
1839 1368 2042 1426 autem,
2069 1379 2085 1411 ι

524 1449 734 1518 inquit,
768 1469 785 1500 ι
825 1467 1000 1521 genus
1026 1451 1262 1506 electum
1280 1493 1294 1517 ,
1325 1453 1504 1523 regale
1530 1450 1898 1506 sacerdotium
1919 1490 1932 1514 ,
1961 1464 2094 1519 gens

522 1549 738 1602 sancta,
777 1543 1012 1612 populus
1058 1543 1112 1597 in
1154 1545 1604 1613 acquisitionem,
1648 1549 1706 1597 ut
1738 1543 1967 1596 virtutes
1994 1557 2094 1595 an-

522 1615 786 1687 nuntietis
808 1635 927 1704 ejus
949 1675 963 1699 ,
998 1635 1090 1704 qui
1121 1635 1188 1689 de
1238 1635 1482 1690 tenebris
1511 1649 1613 1689 nos
1653 1633 1872 1687 vocavit
1910 1633 1965 1686 in
1993 1631 2094 1685 ad~

520 1721 769 1778 mirabile
829 1725 1014 1780 lumen
1052 1727 1295 1779 suum".
1328 1745 1346 1776 ›
1397 1724 1534 1778 Illud
1576 1724 1742 1779 etiam
1769 1722 2091 1786 sciendum,

521 1815 722 1872 ostium
766 1832 984 1887 quoque
1037 1817 1281 1874 exterius
1325 1815 1660 1870 tabernaculi
1693 1813 1959 1868 velamine
2006 1814 2098 1868 ob-
2127 1785 2170 1839 Β

522 1913 733 1960 tentum
761 1907 950 1972 fuisse,
978 1923 1046 1962 ne
1078 1908 1166 1972 iis,
1197 1907 1290 1976 qui
1323 1916 1478 1960 extra
1519 1914 1737 1971 essent,
1792 1914 1980 1975 aperta
2017 1913 2100 1958 at-

522 2012 628 2064 que
653 1996 940 2066 perspicua
966 1996 1158 2052 fierent
1204 1996 1422 2059 Sancta,
1453 1995 1620 2064 338
1657 1994 1712 2048 id
1748 2005 1830 2049 est
1859 1995 2097 2063 primum

525 2088 960 2154 tabernaculum,
995 2089 1050 2143 in
1077 2104 1186 2158 quo
1208 2089 1381 2160 legale
1419 2087 1553 2142 illud
1574 2089 1745 2142 altare
1773 2088 2097 2144 collocatum

522 2187 644 2232 erat
682 2197 694 2231 :
723 2194 828 2248 qua
855 2196 1052 2236 rursus
1083 2180 1255 2251 ﬁgura
1283 2180 1616 2245 declaratur,
1666 2195 1736 2234 ne
1768 2179 1939 2249 ipsam
1965 2196 2099 2250 quo-

528 2284 636 2338 que
663 2270 837 2340 legem
870 2288 991 2327 esse
1029 2272 1204 2327 cuivis
1249 2272 1597 2342 perspicuam
1625 2289 1638 2325 :
1671 2271 1918 2326 velamen
1950 2273 2097 2326 enim

529 2359 696 2416 habet
714 2363 895 2423 littera
911 2406 924 2431 ,
949 2373 1005 2420 et
1025 2365 1258 2435 quadam
1274 2365 1592 2425 umbrarum
1620 2365 1951 2420 obscuritate
1971 2380 2102 2421 con-

528 2459 672 2507 tecta
701 2461 786 2508 est
816 2463 979 2524 atque
1008 2456 1202 2510 vestita
1230 2454 1652 2526 quodammodo.

591 2544 788 2600 PALL.
827 2545 918 2602 Sic
945 2563 1003 2602 se
1037 2564 1126 2602 res
1148 2548 1332 2602 habet.

590 2634 746 2690 CYR.
783 2637 971 2706 Itaque
1029 2637 1085 2692 in
1126 2639 1306 2708 primo
1359 2640 1579 2708 quidem
1627 2638 1978 2694 tabernaculo
2015 2638 2096 2692 la-

522 2728 683 2781 brum
734 2738 854 2783 erat
899 2730 1139 2800 positum
1205 2739 1261 2785 et
1305 2732 1512 2798 altare;
1551 2733 1606 2785 in
1651 2731 1894 2786 secundo
1933 2739 2097 2798 atque

521 2819 718 2874 intimo
749 2836 874 2875 arca
913 2831 970 2876 et
998 2822 1386 2878 candelabrum
1407 2865 1421 2888 ,
1455 2840 1683 2878 aureum
1717 2823 1936 2894 quoque
1964 2823 2094 2876 thu-

522 2912 784 2976 ribulum,
822 2913 880 2967 in
903 2929 1012 2983 quo
1057 2922 1222 2969 tenue
1259 2914 1393 2968 illud
1425 2916 1716 2987 thymiama
1748 2915 2092 2979 adolebatur,

521 3018 708 3058 mensa
741 3003 979 3074 denique
1029 3021 1094 3060 ac
1119 3021 1306 3076 panes.
1374 3007 1626 3062 Meminit
1663 3022 1878 3076 quoque
1902 3005 2096 3060 beatus

524 3094 725 3150 Paulus
761 3111 942 3150 aureae
967 3112 1120 3151 urna:
1145 3137 1159 3161 ,
1219 3097 1273 3152 in
1313 3113 1420 3167 qua
1453 3106 1571 3152 erat
1623 3113 1853 3162 manna;
1884 3097 2092 3166 virgam
2123 3113 2170 3175 ο

521 3200 739 3255 quoque
763 3186 944 3241 Aaron
969 3188 1128 3242 nobis
1156 3195 1578 3252 commemorat,
1619 3202 1780 3256 quam
1809 3187 1864 3240 in
1883 3186 2095 3242 Sanctis

522 3288 836 3335 sanctorum
878 3282 1173 3351 repositam
1201 3281 1368 3338 fuisse
1400 3282 1568 3345 dicit,
1614 3288 1676 3336 ut
1707 3280 1801 3350 qui
1832 3281 1890 3334 in
1926 3281 2096 3336 sacris

523 3369 745 3426 Litteris
771 3381 1019 3428 versatus
1044 3381 1206 3439 esset,
1231 3382 1287 3430 et
1323 3390 1444 3444 qua:
1483 3374 1613 3428 olim
1641 3373 1876 3436 sancita,
1910 3386 2098 3442 quaeve

523 3457 684 3514 beato
739 3460 907 3532 Moysi
975 3462 1241 3524 divinitus
1291 3473 1563 3533 praecepta
1612 3470 1831 3526 essent,
1893 3462 2099 3531 optime

523 3554 754 3604 nosset:
799 3549 952 3604 novit
992 3551 1158 3606 etiam
1203 3567 1448 3606 mensam
1495 3560 1658 3621 atque
1707 3551 2099 3606 candelabrum

449 3674 453 3677 -
523 3639 582 3696 in
618 3641 797 3712 primo
829 3642 1180 3697 tabernaculo
1204 3642 1393 3697 fuisse.
1419 3641 1626 3696 Scribit
1654 3652 1836 3697 autem
1859 3642 1926 3696 ad
1953 3643 2102 3697 hunc

525 3732 748 3786 modum
787 3732 854 3786 de
879 3732 1096 3786 duobus
1128 3733 1498 3787 testamentis:
1532 3753 1550 3784 ι
1581 3733 1640 3786 ln
1671 3749 1738 3787 eo
1764 3733 1909 3804 quod
1931 3734 2099 3799 dicit,

525 3836 750 3884 novum,
804 3822 1073 3876 veteravit
1114 3821 1250 3875 illud
1295 3822 1484 3892 prius;
1547 3823 1701 3891 quod
1730 3833 1914 3878 autem
1943 3833 2098 3880 vete-

527 3911 668 3967 ravit
701 3920 758 3967 et
821 3911 1156 3981 antiquatur,
1192 3929 1362 3983 prope
1399 3913 1683 3967 interitum
1736 3924 1839 3970 est.
1899 3915 2103 3972 Habuit

525 4001 748 4072 quidem
789 4012 845 4058 et
889 4003 1044 4073 prius
1101 4003 1236 4058 illud
1286 4003 1707 4074 iustiﬁcationes
1762 4005 2010 4070 culturae,
2047 4015 2102 4061 et

526 4101 776 4149 sanctum
808 4090 1087 4150 saeculare.
1117 4095 1552 4150 Tabernaculum
1575 4095 1748 4152 [enim
1781 4095 1985 4150 factum
2016 4107 2102 4153 est

525 4185 784 4256 primum,
819 4187 874 4242 in
916 4202 1026 4257 quo
1057 4187 1446 4242 candelabrum
1473 4195 1528 4242 et
1563 4202 1770 4252 mensa,
1804 4196 1860 4242 et
1897 4203 2100 4258 propo-

526 4276 656 4332 sitio
704 4293 927 4347 panum,
963 4294 1084 4347 quae
1125 4277 1331 4333 dicitur
1365 4286 1550 4332 sancta
1585 4297 1597 4330 :
1634 4288 1761 4348 post
1798 4281 2102 4335 secundum

524 4376 710 4424 autem
758 4369 1156 4434 velamentum,
1223 4369 1634 4424 tabernaculum
1701 4370 1849 4439 quod
1897 4371 2101 4428 dicitur

2191 537 2291 608 τὴν
2314 537 2406 589 τοῦ
2435 535 2690 604 λουτῆρος
2715 529 2902 601 χρείαν
2936 525 3283 596 ὲννενοηκώς.
3317 525 3535 575 Ἕκειτο
3561 522 3667 592 γὰρ
3706 524 3767 574 ὲν

2197 628 2334 699 μέσῃ
2363 629 2427 698 τῇ
2453 624 2642 696 πρώτῃ
2666 623 2834 691 σκηνῇ
2863 619 3113 688 λαμπρὸς
3157 617 3250 670 καὶ
3278 615 3588 685 περίοπτος,
3633 629 3767 682 προ-

2193 717 2464 781 απονίζων
2499 716 2649 770 ὕδατι
2677 714 2802 777 τοὺς
2835 713 2912 774 εἰς
2935 709 3002 762 τὰ
3028 710 3194 776 ’Ἀγια
3228 706 3334 758 τῶν
3362 705 3766 774 άγίωνιείστρέ-

2193 824 2403 880 χοντας.
2440 805 2657 858 Τέθειτο
2682 802 2791 873 γὰρ
2819 803 2930 863 τοῖς
2963 797 3197 868 ἱερεῦσιν
3221 798 3248 850 ὁ
3276 796 3366 848 ἐπὶ
3399 793 3534 865 τῷδε
3577 793 3762 862 νόμος.

2194 898 2400 954 Οὐκοῦν
2433 899 2524 952 καὶ
2560 898 2593 968 ἡ
2632 897 2689 948 ὲν
2728 895 2878 964 νόμῳ
2915 891 3147 945 δοκοῦσα
3199 889 3500 959 πλήρωσις,
3547 886 3764 956 ἀτελὴς,

2192 988 2289 1059 τὴν
2322 987 2412 1040 διὰ
2462 987 2553 1039 τοῦ
2602 984 2757 1052 ἁγίου
2821 981 3192 1050 βαπτίσματος
3247 977 3513 1046 κάθαρσιν
3560 974 3767 1042 ὑποδη-

2194 1079 2379 1134 λοῦσα,
2406 1076 2440 1145 ἢ
2473 1075 2532 1128 τὸ
2561 1073 2702 1145 ἱερὸν
2737 1071 2990 1124 ὲκπλύνει
3012 1069 3186 1138 γένος,
3224 1067 3367 1136 φημὶ
3388 1065 3450 1134 δὴ
3487 1063 3548 1117 τὸ
3572 1063 3680 1116 τῶν
3709 1065 3768 1115 ἐν

2195 1169 2374 1223 πίστει
2402 1163 2855 1234 δεδικαιωμένων,
2887 1155 2970 1224 οἷς
3005 1161 3099 1213 καὶ
3127 1161 3154 1212 ὁ
3196 1156 3479 1218 θεσπέσιος
3517 1153 3769 1224 μαθητὴς

2195 1261 2627 1334 προσπεφώνηκε
2673 1259 2864 1326 λέγων,
2898 1275 2917 1307 ι
2967 1255 3152 1325 Ὑμεῖς
3179 1253 3237 1305 δὲ
3282 1250 3436 1320 γένος
3487 1247 3766 1307 ἐκλεκτὸν,

2197 1354 2464 1424 βασίλειον
2521 1352 2836 1422 ἱεράτευμα,
2891 1347 3041 1409 ἔθνος
3082 1346 3256 1412 ὄιγιον,
3308 1342 3433 1403 λαὸς
3477 1341 3556 1402 είς
3607 1355 3767 1407 περι-

2196 1448 2432 1516 ποίησιν,
2465 1444 2550 1498 ίνα
2575 1443 2672 1506 τὰς
2699 1440 2898 1512 ἀρετὰς
2932 1436 3282 1505 ἐξαγγείλητε
3319 1431 3413 1484 τοῦ
3451 1433 3513 1484 ἐκ
3539 1429 3768 1490 σκότους

2196 1541 2339 1611 ἡμᾶς
2357 1536 2680 1597 καλέσαντος
2705 1534 2784 1596 είς
2802 1532 2860 1584 τὸ
2874 1527 3181 1599 θαυμαστὸν
3196 1522 3359 1578 αὑτοῦ
3379 1521 3512 1590 φῶς.
3530 1540 3546 1571 ι
3567 1518 3766 1572 ’ἰστέον

2195 1630 2249 1684 δὲ
2277 1632 2358 1683 ὅτι
2387 1630 2480 1682 καὶ
2507 1629 2572 1698 τῇ
2610 1624 2750 1695 θύρᾳ.
2789 1622 2886 1692 τῆς
2920 1620 3022 1686 ἔξω
3067 1617 3270 1688 σκηνῆς
3313 1611 3769 1684 περιτετάννυστο

2196 1720 2615 1788 καταπέτασμα,
2651 1715 2725 1778 ὡς
2755 1714 2822 1767 ἂν
2854 1713 2926 1782 μὴ
2959 1710 3143 1779 γυμνά
3183 1725 3242 1760 τε
3275 1707 3368 1759 καὶ
3399 1702 3615 1774 ἐμφανῆ
3653 1703 3768 1763 τοῖς

2199 1811 2395 1877 ἔξωθεν
2423 1811 2505 1879 εῐη
2539 1808 2607 1860 τὰ
2661 1806 2844 1872 Ἅγια,
2877 1801 3021 1853 τοῦτ’
3056 1798 3280 1868 έστιν,ἡ
3327 1794 3516 1863 πρώτη
3568 1789 3766 1879 σκηνὴ,

2199 1899 2308 1976 ὲνῇ
2341 1902 2400 1956 τὸ
2421 1877 2653 1970 ἐννόμῳ
2687 1893 3085 1962 θυσιαστήριον⁸
3106 1886 3550 1957 καταδηλοῦντος,
3585 1877 3768 1951 οἶμαι,

2198 1997 2288 2050 τοῦ
2313 1995 2484 2047 τύπου
2520 1991 2699 2052 πάλιν,
2726 1989 2806 2041 ὅτι
2837 1985 2969 2056 μηδὲ
2991 1983 3153 2046 αὐτὸς
3181 1984 3291 2043 τοῖς
3312 1978 3562 2048 τυχοῦσιν
3588 1977 3771 2045 ἐμφα-

2199 2090 2294 2157 νὴς
2324 2089 2351 2139 ὁ
2377 2087 2556 2155 νόμος.
2587 2078 3004 2148 Κατακάλυμμα
3033 2074 3139 2147 γὰρ
3171 2073 3280 2143 ἔχει
3307 2071 3368 2124 τὺ
3391 2068 3644 2157 γράμμα,
3670 2064 3771 2117 καὶ

2200 2156 2675 2232 κατακεκάλυπταί
2699 2188 2760 2223 τε
2785 2171 2875 2224 καὶ
2904 2162 3312 2237 κατημφίασταί
3345 2177 3462 2223 πως
3488 2158 3584 2228 τὴν
3602 2156 3676 2219 ὡς
3713 2157 3773 2208 ὲν

2201 2273 2376 2333 σκιαῖς
2399 2267 2687 2337 ἀσάφειαν.

2267 2533 2476 2587 ΠΑΛΛ.
2508 2522 2634 2584 Ὧδε
2667 2528 2800 2598 ἔχει.

2269 2625 2432 2677 ΚΥΡ.
2473 2621 2678 2674 Οὐκοῦν
2728 2621 2784 2671 ὲν
2833 2617 2930 2688 μὲν
2978 2617 3044 2686 τῇ
3094 2610 3280 2684 πρώτῃ
3326 2606 3495 2680 σκηνῇ
3568 2604 3781 2677 λουτὴρ

2197 2716 2374 2770 ἔκειτο
2402 2715 2496 2767 καὶ
2525 2710 2930 2780 θυσιαστήριονο
2981 2708 3038 2760 ἐν
3063 2705 3121 2759 δὲ
3158 2707 3224 2774 τῇ
3252 2701 3480 2771 δευτέρᾳ
3512 2697 3607 2751 καὶ
3633 2699 3782 2749 ὲσω·

2196 2809 2362 2864 τάτω.
2398 2807 2431 2876 ἡ
2467 2803 2696 2864 κιϐωτὸς
2728 2803 2823 2855 καὶ
2863 2801 2896 2871 ἡ
2925 2797 3149 2868 λυχνία·
3181 2797 3276 2849 καὶ
3322 2793 3505 2863 μέντοι
3558 2790 3652 2844 καὶ
3717 2789 3783 2843 τὸ

2197 2896 2430 2972 χρυσοῦν
2477 2895 2867 2964 θυμιατήριον,
2928 2889 3013 2960 ἐφ’
3063 2881 3107 2956 ᾧ
3151 2887 3210 2940 τὸ
3254 2883 3448 2938 λεπτὸν
3494 2881 3778 2972 θυμίαμα,

2197 2969 2446 3059 τράπεζά
2473 3002 2530 3038 τε
2565 2985 2655 3038 καὶ
2681 2983 2855 3053 ἄρτοι.
2894 2978 3275 3049 Διαμέμνηται
3315 2973 3374 3028 δὲ
3416 2974 3444 3025 ὁ
3487 2969 3782 3034 Θεσπέσιος

2197 3079 2410 3142 Παῦλος
2431 3077 2524 3130 καὶ
2548 3074 2784 3145 στάμνου
2817 3069 3023 3142 χρυσῆς
3059 3067 3287 3138 ἐχούσης
3331 3064 3391 3118 τὸ
3427 3062 3618 3134 μάννα.
3660 3062 3781 3113 Καὶ

2205 3171 2309 3243 μὴν
2355 3171 2449 3224 καὶ
2483 3167 2676 3239 ῥάϐδον
2723 3167 2852 3235 ἡμῖν
2883 3160 3134 3233 ὀνομάζει
3172 3160 3271 3229 τὴν
3312 3155 3540 3226 Ἀαρὼν,
3569 3154 3636 3223 ἣν
3681 3153 3779 3205 καὶ

2200 3265 2258 3316 ἐν
2292 3263 2404 3324 τοῖς
2442 3260 2642 3328 Ἀγίοις
2683 3257 2790 3310 τῶν
2827 3255 2995 3323 ἁγίων
3036 3247 3417 3306 άποτεθεῖσθαί
3460 3262 3643 3316 φησιν,
3679 3245 3777 3297 Ξιτε

2199 3354 2263 3426 δὴ
2295 3353 2389 3407 καὶ
2438 3351 2546 3405 τῶν
2595 3348 2755 3420 ἱερῶν
2790 3345 3138 3416 Γραμμάτων
3169 3339 3440 3414 ἐντριϐὴς,
3475 3338 3568 3390 καὶ
3599 3336 3778 3402 ἐγνω-

2201 3442 2312 3508 κὼς
2340 3447 2420 3498 ὅτι
2454 3440 2688 3513 μάλιστά
2710 3456 2772 3507 γε
2805 3437 2874 3490 τὰ
2901 3434 3298 3504 τεθεσπισμένα
3343 3429 3482 3483 κατὰ
3523 3429 3777 3497 καιροὺς,

2203 3539 2297 3593 καὶ
2331 3535 2408 3607 τῷ
2447 3534 2699 3606 μακαρίῳ
2725 3532 2895 3600 Μωσῇ
2926 3525 3379 3598 προστεταγμένα
3408 3520 3609 3574 θεόθεν.
3647 3513 3777 3571 Οἶδε

2200 3630 2256 3684 δὲ
2279 3623 2442 3681 οὖσαν
2489 3627 2584 3679 καὶ
2634 3622 2914 3696 τράπεζαν
2959 3621 3054 3673 καὶ
3098 3617 3318 3686 λυχνίαν
3366 3617 3424 3667 ὲν
3471 3615 3536 3682 τῇ
3581 3609 3778 3682 πρώτῃ

2203 3723 2397 3791 σκηνῇ.
2429 3719 2635 3790 Γράφει
2685 3714 2741 3768 δὲ
2777 3712 2919 3766 οῦτω
2956 3711 3082 3781 περὶ
3129 3711 3248 3761 ταῖν
3294 3706 3438 3758 δυοῖν
3466 3703 3778 3770 διαθήκαιν,

2209 3811 2327 3863 ιἘν
2362 3810 2437 3880 τῷ
2464 3807 2644 3875 λέγειν
2671 3802 2884 3874 καινὴν,
2927 3799 3277 3854 πεπαλαίωκε
3305 3796 3403 3864 τὴν
3432 3792 3676 3865 πρώτην.
3704 3791 3781 3843 Τὸ

2201 3901 2255 3954 δὲ
2294 3879 2687 3968 παλαιούμενον
2737 3894 2830 3946 καὶ
2879 3889 3177 3962 γηράσκον,
3230 3886 3398 3954 ἐγγὺς
3441 3879 3776 3950 ἀφανισμοῦ.

2201 3988 2330 4062 Εἶχε
2390 3991 2487 4060 μὲν
2535 3984 2626 4043 οὖν
2676 3987 2770 4040 καὶ
2811 3986 2843 4055 ἡ
2896 3981 3084 4054 πρώτη
3123 3975 3464 4048 δικαιώματα
3494 3973 3777 4044 λατρείας,

2201 4083 2261 4136 τό
2290 4099 2348 4134 τε
2371 4083 2523 4150 ἅγιον
2575 4076 2867 4149 κοσμικόν’
2911 4074 3082 4143 σκηνὴ
3126 4071 3233 4141 γὰρ
3285 4066 3696 4136 κατεσκευάσθη
3746 4069 3780 4136 ἡ

2203 4175 2414 4248 πρώτη,
2447 4175 2504 4226 ἐν
2600 4172 2633 4242 ἦ
2670 4189 2728 4223 τε
2752 4168 2943 4238 λυχνία
2975 4166 3068 4220 καὶ
3101 4166 3134 4234 ἡ
3163 4159 3426 4234 τράπεζα,
3454 4161 3546 4212 καὶ
3577 4161 3609 4229 ἡ
3636 4161 3779 4228 πρό-

2204 4270 2351 4331 θεσις
2398 4265 2503 4320 τῶν
2553 4265 2752 4338 ἄρτων,
2790 4263 2908 4332 ἥτις
2955 4257 3168 4324 λέγεται
3222 4252 3376 4320 ἁγία.
3424 4251 3579 4302 Μετὰ
3614 4249 3672 4338 δέ
3715 4250 3781 4302 τὸ

2202 4356 2449 4427 δεύτερον
2499 4337 2894 4419 καταπέτασμα
2942 4343 3141 4413 σκηνὴ,
3188 4345 3221 4412 ὴ
3261 4338 3529 4409 λεγομένη
3604 4337 3782 4404 ’Ἅγια

530 4459 727 4514 Sancta
759 4469 1093 4525 sanctorum,
1141 4475 1370 4514 aureum
1409 4459 1619 4514 habens
1659 4460 2002 4517 thuribulum
2043 4473 2097 4520 et

2204 4448 2391 4518 ἁγίων,
2419 4443 2650 4518 χρυσοῦν
2679 4443 2876 4512 ἔχουσα
2898 4437 3276 4507 θυμιατήριον,
3302 4432 3394 4485 καὶ
3415 4431 3514 4500 τὴν
3544 4427 3780 4482 κιϐωτὸν

526 4565 708 4605 arcam
737 4549 1068 4614 testamenti,
1103 4559 1409 4604 contectam
1449 4565 1516 4604 ex
1557 4551 1706 4605 omni
1741 4561 1895 4621 parte
1925 4569 2061 4611 auro
2084 4597 2098 4622 ,

527 4641 584 4696 in
613 4657 719 4710 qua
749 4655 888 4694 urna
915 4655 1081 4694 aurea
1125 4640 1333 4695 habens
1370 4656 1564 4695 manna
1586 4683 1600 4706 ,
1653 4651 1709 4697 et
1744 4643 1895 4714 virga
1920 4645 2101 4701 Aaron

527 4745 649 4799 quae
686 4729 966 4792 ﬂoruerat,
1007 4736 1064 4784 et
1101 4729 1307 4784 tabqu
1336 4732 1647 4786 testamenti
1684 4748 1696 4785 :
1730 4749 1893 4803 supra
1917 4744 2101 4792 autem

527 4824 703 4889 ipsam
734 4820 1036 4876 Cherubim
1096 4821 1282 4891 gloriae
1338 4821 1725 4878 obumbrantia
1778 4826 2104 4894 propitiato-

529 4911 673 4964 rium
710 4911 778 4942 “'
807 4951 826 4976 ,
865 4930 884 4962 ι
919 4909 988 4966 de
1009 4911 1216 4981 quibus
1249 4926 1358 4966 non
1390 4917 1476 4966 est
1502 4928 1650 4968 nunc
1684 4913 1976 4970 dicendum
2004 4931 2104 4986 per

528 4999 761 5070 singula.

601 5089 799 5144 PALL.
833 5090 959 5156 Sed,
992 5091 1037 5147 si
1071 5093 1160 5147 cui
1197 5094 1464 5163 placuerit
1488 5094 1806 5165 diligentius
1832 5111 2098 5164 quaerere,

530 5181 840 5251 dixeritque
883 5197 1075 5238 causas
1109 5185 1266 5239 reddi
1324 5196 1584 5256 oportere
1650 5187 1821 5241 totius
1851 5197 2104 5244 constru-

529 5271 749 5336 ctionis,
777 5287 1023 5341 quaenam
1043 5289 1072 5327 a
1097 5275 1258 5330 nobis
1286 5277 1472 5332 afferri
1501 5277 1702 5346 poterit
1743 5278 1927 5332 ratio?

601 5363 758 5418 CYR.
781 5363 939 5430 Quia,
969 5365 1196 5431 Palladi,
1225 5368 1330 5422 alia
1361 5369 1582 5438 quidem
1609 5379 1734 5423 ante
1759 5370 2100 5425 tabernaculi

532 5455 1020 5519 constructionem,
1079 5456 1185 5510 alia
1223 5467 1344 5526 post
1387 5459 1504 5514 ﬁeri
1547 5461 1839 5530 praecpit;
1885 5478 2011 5515 nam
2047 5464 2101 5517 in

531 5539 738 5610 Exodo,
765 5551 1055 5613 antequam
1071 5544 1239 5598 ullum
1275 5547 1454 5602 adhuc
1473 5548 1696 5602 omnino
1719 5548 1889 5602 futuri
1927 5549 2105 5603 laber-

607 5725 652 5760 "
681 5729 848 5785 llcbr.
894 5745 987 5796 vn,
1027 5729 1114 5795 l9;
1146 5745 1196 5795 x,
1233 5731 1272 5783 ι.

2203 4543 2302 4612 τῆς
2349 4540 2614 4609 διαθήκης
2662 4528 3213 4605 περικεκαλυμμένην
3248 4525 3512 4578 πάντοθεν
3545 4522 3778 4612 χρυσίῳ,

2351 4629 2582 4698 στάμνος
2613 4624 2784 4696 χρυσῆ
2819 4621 3016 4692 ἔχουσα
3057 4618 3118 4670 τὸ
3152 4616 3344 4688 μάννα,
3380 4615 3473 4666 καὶ⁸
3505 4616 3541 4682 ἡ
3583 4611 3780 4682 ῥάϐδος

2215 4722 2424 4794 Ἀαρὼν
2457 4724 2490 4792 ἡ
2525 4718 2889 4789 βλαστήσασα,
2925 4713 3018 4764 καὶ
3042 4711 3098 4764 αἱ
3130 4708 3334 4770 πλάκες
3363 4705 3463 4776 τῆς
3491 4703 3776 4773 διαθήκης.

2215 4813 2501 4886 ’Υπεράνω
2565 4811 2620 4862 δὲ
2674 4807 2844 4876 αὐτῆς
2904 4800 3186 4886 Χερουϐὶμ
3221 4796 3408 4866 δόξης
3473 4796 3778 4886 κατασκιάά

2204 4884 2370 4974 ζοντα
2392 4905 2453 4958 τὸ
2493 4900 2824 4971 ἱλαστήριον,
2857 4915 2875 4948 ι
2908 4895 3038 4964 περὶ
3064 4885 3139 4945 ὦν
3176 4890 3275 4943 οὐκ
3316 4887 3431 4938 ἔστι
3463 4885 3556 4936 νῦν
3598 4884 3780 4950 λέγειν

2201 4995 2342 5050 κατὰ
2369 4994 2550 5064 μέρος.

2271 5085 2606 5155 ΙΙΑΛΛ.¹’Λρ’
2629 5076 2719 5137 οῦν
2757 5080 2810 5133 εἴ
2849 5097 2932 5144 τις
2953 5078 3126 5132 ἕλοιτο
3153 5075 3550 5146 φιλοπευστεῖν,
3579 5068 3780 5140 χρῆναί

2198 5201 2259 5237 τε
2282 5183 2431 5248 λέγοι
2462 5179 2558 5241 τὰς
2587 5176 2766 5238 αἰτίας
2799 5175 2973 5227 εἰπεῖν
2997 5172 3096 5240 τῆς
3134 5170 3259 5241 ὅλης
3286 5163 3656 5230 κατασκευῆς,
3695 5161 3778 5221 τίς

2203 5275 2268 5328 ἂν
2298 5272 2504 5340 γένοιτο
2530 5268 2662 5341 πρὸς
2686 5264 2843 5335 ἡμῶν
2873 5266 2900 5316 ό
2930 5263 3086 5330 λόγος
3113 5279 3126 5326 ;

2274 5365 2438 5419 ΚΥΡ.
2478 5363 2619 5424 Ὅτι,
2663 5352 2707 5410 ὦ
2757 5355 3039 5418 Παλλάδιε,
3083 5353 3152 5405 τὰ
3207 5350 3305 5421 μὲν
3331 5349 3434 5421 πρὸ
3469 5348 3566 5416 τῆς
3611 5361 3779 5398 κατα-

2207 5457 2405 5526 σκευῆς
2447 5454 2542 5522 τῆς
2587 5451 2747 5518 ἁγίας
2786 5451 3009 5519 σκηνῆς,
3040 5446 3106 5499 τά
3148 5445 3203 5498 δὲ
3252 5441 3392 5512 μετᾶ
3434 5439 3592 5493 τοῦτο
3621 5436 3775 5506 γενέ·

2208 5548 2331 5601 σθαι
2364 5523 2769 5614 προστετάχει).
2813 5538 2902 5592 Ἐν
2955 5536 3052 5608 μὲν
3101 5536 3208 5604 γάρ
3235 5536 3299 5603 τῇ
3348 5529 3542 5598 Ἐξόδῳ
3573 5523 3667 5580 καί
3697 5539 3778 5576 τοι

1358 5731 1402 5761 ⁸⁵
1433 5731 1612 5787 lPetr.
1640 5749 1698 5798 ιι,
1735 5734 1784 5786 9.
1863 5735 1926 5768 ⁸⁵⁸
1954 5735 2116 5790 llebr.
2155 5749 2263 5797 vni,
2304 5732 2355 5796 9,
2402 5731 2494 5796 IIS;
2540 5744 2615 5791 ις,
2673 5727 2758 5779 1-5
