3962 6296
172 337 277 394 669

921 336 1011 390 DE
1048 333 1488 390 ADORATIONE
1522 332 1589 387 IN
1630 331 1896 388 SPIRITU
1937 335 2026 388 ET
2069 328 2430 390 \‘ERITATE.
2472 330 2598 389 LIB.
2634 330 2700 388 Χ.

3348 334 3452 390 670

179 451 312 522 πρὶν
340 449 476 514 ὅλως
506 449 638 512 τοὺς
669 449 800 521 περὶ
845 449 945 518 τῆς
981 448 1141 516 άγίας
1174 449 1377 518 σκηνῆς
1405 449 1634 518 ὀφθῆναι
1663 449 1757 502 τὺ-

1880 452 2042 506 iaeuli
2064 452 2340 520 exemplar
2366 459 2641 505 ostensum
2669 489 2684 514 ,
2741 459 2834 504 aut
2872 449 3074 519 aliquid
3107 447 3174 505 de
3207 467 3274 506 eo
3306 469 3452 522 prae.

180 557 341 604 πους,
363 541 458 594 καὶ
487 539 559 594 τὰ
603 541 690 593 ἐπ’
720 539 892 609 αὑτῆς
931 539 1186 608 γενέσθαι
1221 540 1639 612 προστάγματα,
1673 541 1763 594 τὸν

180 634 276 688 ἐπὶ
298 635 364 704 τῇ
407 634 586 703 χρυσῇ
621 632 844 702 στάμνῳ
876 631 1373 702 κατεχρησμῴδησε
1399 631 1578 701 λόγον,
1612 632 1766 698 είδὼς

181 725 241 777 τὺ
266 724 546 794 ἐσόμενον.
578 723 733 778 Μετὰ
757 723 813 776 δέ
838 739 902 791 γε
929 722 1028 794 τὴν
1067 721 1229 792 πῆξιν
1257 723 1353 793 τῆς
1402 724 1530 794 ὅλης
1563 725 1766 795 σκηνῆς

181 818 240 869 ἑν
276 818 392 878 τοῖς
433 813 711 885 ’Λριθμοῖς
729 814 1030 884 εὑρήσομεν
1063 815 1160 884 τὴν
1201 813 1394 884 ῥάϐδον
1411 814 1510 884 τὴν
1542 814 1756 886 ’Λαρὼν

180 908 263 968 είς
286 905 354 958 τά
387 906 556 972 ’Δγια
597 903 709 957 τῶν
743 903 913 972 άγίων
945 905 1457 976 είσκεκομισμένην.
1499 905 1588 959 Ἐν
1612 906 1668 959 δὲ
1690 905 1768 976 τῷ

180 997 463 1066 Λευῖτικῷ
508 995 1032 1067 προσεπενομοθὲτει
1099 992 1232 1059 Θεὸς
1261 997 1387 1067 περί
1421 1013 1479 1050 τε
1523 996 1764 1066 λυχνίας,

183 1088 281 1141 καὶ
313 1087 420 1158 μὴν
454 1086 547 1140 xal
578 1085 857 1157 τραπέζης
891 1085 993 1155 τῆς
1028 1086 1086 1138 ὲν
1113 1087 1179 1155 τῇ
1207 1084 1396 1157 πρώτῃ
1438 1089 1630 1158 σκηνῇ.
1662 1089 1768 1140 No-

186 1177 444 1248 μομαθὴς
472 1177 531 1230 δὲ
575 1177 832 1246 ὑπάρχων
865 1177 895 1229 6
931 1173 1240 1243 σοφώτατος
1280 1175 1510 1239 Παῦλος,
1539 1177 1767 1247 παρίησι

187 1270 291 1340 μιν
319 1269 455 1331 ὅλως
475 1267 584 1323 τῶν
617 1267 918 1336 γεγονότων
950 1265 1121 1330 οὐδὲν,
1150 1264 1514 1336 διαμέμνηται
1540 1265 1596 1319 δὲ
1619 1265 1767 1338 πρώ-

185 1375 299 1413 των
327 1376 389 1412 τε
416 1359 511 1412 καὶ
543 1357 726 1428 μέσων
755 1357 849 1410 καὶ
878 1354 1220 1409 τελευταίων.

255 1449 466 1502 ΠΑΛΛ.
511 1449 742 1518 Ἀριστα
771 1445 927 1516 ἔφης.
971 1444 1150 1517 Φράζε
1188 1444 1253 1516 δὴ
1282 1439 1378 1498 οὖν
1427 1444 1637 1498 ἕκαστα
1671 1461 1768 1499 σα-

190 1541 311 1609 φῶς
344 1540 441 1594 καὶ
474 1539 907 1609 διεσταλμένως’
939 1538 1108 1610 βαθὺς
1153 1537 1263 1610 γάρ
1303 1551 1408 1592 που
1467 1523 1684 1600 πάντως
1737 1540 1766 1592 6

190 1634 278 1685 ἐπ’
305 1632 490 1694 αὐτοῖς
517 1632 633 1683 ἐστι
671 1630 848 1699 λόγος.
1460 1693 1468 1707 ¹

259 1723 426 1776 ΚΥΡ.
468 1722 599 1788 Ναὶ,
630 1722 806 1790 λέγεις
837 1721 1032 1794 ὀρθῶς.
1052 1721 1204 1792 Ἔχει
1229 1720 1338 1791 γὰρ
1359 1712 1461 1774 ὧδε
1491 1720 1554 1774 τὸ
1581 1721 1766 1792 χρῆμα

189 1813 336 1867 κατὰ
368 1781 645 1884 ἀλήθειαν.
679 1781 1077 1884 ῐίοιήσόμαι-δὲ
1123 1781 1253 1865 τῶν.
1283 1781 1637 1881 διηγημάτων
1672 1781 1773 1864 ’καὶ
1802 1781 1844 1836 Β

189 1904 293 1972 τὴν
334 1901 572 1972 στάμνον
615 1903 810 1972 ἀρχήν.
851 1899 1039 1954 ’Υετοῦ
1071 1901 1170 1971 μὲν
1218 1899 1346 1969 γοῦν
1389 1902 1547 1972 δίκην
1594 1901 1773 1956 καθίει

189 1994 326 2060 Θεὸς
355 1998 469 2059 τοῖς
522 1994 579 2061 ἐξ
623 1993 836 2064 Ἰσραὴλ
892 1993 952 2046 τὸ
999 1994 1175 2064 μάννα
1213 1993 1353 2047 κατὰ
1404 1993 1502 2064 τὴν
1545 1993 1768 2064 ἔρημον·

188 2086 368 2159 τροφὴ
412 2085 524 2158 γὰρ
570 2085 729 2138 τοῦτο
775 2085 867 2140 καὶ
909 2085 1074 2154 ἄρτος
1124 2085 1306 2148 αὑτοῖς
1353 2084 1560 2138 ἄνωθεν
1585 2085 1677 2138 καὶ
1715 2084 1775 2150 ἐξ

189 2177 445 2250 οὐρανοῦ.
495 2177 635 2230 Ἀλλ’
666 2179 750 2230 ὅτι
781 2175 856 2248 μὴ
911 2176 1075 2248 μέχρι
1107 2175 1214 2229 τῶν
1253 2175 1525 2246 αἰσθητῶν
1545 2177 1607 2229 τὸ
1637 2175 1775 2248 δρώ-

195 2287 360 2340 μενον
403 2265 494 2340 ἦν’
533 2268 794 2340 ἀναφέρει
844 2267 954 2338 γάρ
1000 2283 1058 2320 τε
1101 2265 1290 2338 ῶσπερ
1333 2267 1420 2320 διὰ
1459 2265 1632 2320 τύπου
1676 2267 1774 2320 καὶ

193 2363 354 2425 σκιᾶς
383 2361 476 2413 ἐπὶ
505 2361 564 2412 τὸ
591 2361 786 2431 χρῆναι
822 2361 983 2425 νοεῖν,
1008 2358 1088 2412 ὅτι
1134 2358 1402 2428 παρέσται
1447 2357 1586 2411 κατὰ
1655 2374 1776 2410 και-

194 2453 325 2523 ροὺς
352 2453 380 2505 6
418 2451 625 2506 ἄνωθεν
665 2452 797 2522 ἡμῖν
828 2451 921 2504 καὶ
948 2452 1014 2504 ὲκ
1038 2450 1254 2521 Πατρὸς
1287 2449 1482 2519 Λόγος,
1507 2449 1582 2513 ὡς
1613 2448 1776 2520 ἄρτος

194 2544 254 2610 ἑξ
289 2543 546 2617 οὐρανοῦ,
586 2543 662 2608 ὡς
707 2544 799 2597 καὶ
841 2545 870 2598 6
917 2543 1060 2608 θεῖος
1105 2545 1237 2614 ἡμῖν
1287 2542 1451 2596 Δαῦὶδ
1491 2542 1777 2612 ὑποφαίνει

194 2636 398 2705 λέγων·
439 2656 458 2688 ι
481 2638 677 2708 ’Λρτον
724 2635 954 2708 οὐρανοῦ
1001 2635 1202 2690 ἔδωκεν
1252 2636 1453 2698 αὐτοῖς,
1487 2635 1650 2706 άρτον
1682 2634 1779 2702 ἀγ·

193 2729 370 2796 γέλων
423 2727 626 2796 ἔφαγεν
669 2726 972 2798 ἄνθρωπος.
997 2745 1016 2778 ι
1061 2728 1172 2780 Καὶ
1206 2724 1323 2780 οὑτι
1363 2725 1466 2779 πού
1515 2742 1693 2795 φαμεν
1719 2725 1780 2778 τὸ

196 2821 378 2891 μάννα
431 2818 493 2872 τὺ
536 2815 794 2889 αἰσθητὸν
838 2818 1000 2890 ἄρτον
1030 2815 1166 2872 εἶναι
1186 2817 1278 2871 τὸν
1305 2817 1362 2884 ἐξ
1403 2817 1634 2888 οὐρανοῦ
1684 2818 1781 2870 καὶ

196 2912 469 2980 ἀγγέλων.
500 2912 774 2983 Τρέφεται
816 2909 916 2981 μὲν
971 2910 1082 2981 γάρ
1129 2909 1191 2963 τὸ
1226 2908 1442 2980 πνεῦμα
1482 2925 1781 2980 πνευματι-

197 3001 331 3064 κῶς,
399 3001 562 3071 σῶμα
609 3000 667 3052 δὲ
718 2994 786 3053 αὖ
839 3001 956 3053 κατ’
993 3000 1130 3055 ἰδίαν
1185 2999 1370 3068 φύσιν,
1429 2998 1576 3052 τοῦτ’
1639 2997 1778 3063 ἐστι,

1867 552 2086 612 ceptum
2133 551 2280 598 esset
2311 582 2325 606 ,
2361 555 2684 610 responsum
2721 539 2788 594 de
2845 555 3012 594 aurea
3045 555 3180 594 urna
3199 543 3240 573 ⁸⁷
3273 542 3450 610 dedit.

1867 650 1992 689 cum
2065 635 2231 689 sciret
2305 634 2452 704 quod
2531 632 2779 687 futurum
2845 639 2998 697 erat;
3066 641 3254 700 postea
3315 649 3450 690 vero

1867 741 2031 795 quam
2074 733 2250 780 totum
2286 724 2701 780 tabernaculum
2747 722 2916 776 ﬁxum
2947 730 3033 776 est
3058 761 3072 785 ,
3107 723 3163 776 in
3195 723 3458 780 Numeris

1867 818 2078 888 virgam
2106 818 2286 873 Aaron
2315 817 2659 872 inveniemus
2689 814 2857 870 fuisse
2900 815 2957 868 in
3003 813 3200 869 Sancta
3233 823 3454 870 sancto-

1868 926 1992 965 rum
2019 911 2221 964 illatam
2245 912 2316 975 ⁸⁸;
2341 910 2436 965 sed
2468 911 2523 962 in
2555 908 2800 963 Levitico
2827 909 3054 976 insuper
3075 906 3346 961 sancitum
3366 915 3452 961 est

1869 1007 1984 1054 tum
2009 1001 2077 1054 de
2107 1001 2436 1056 candelabro
2455 1040 2468 1066 ,
2495 1007 2610 1054 tum
2645 1000 2810 1054 etiam
2837 999 2904 1053 de
2927 1013 3116 1052 mensa
3146 1000 3213 1064 ",
3247 1013 3370 1067 qua:
3396 999 3454 1054 in

1867 1093 2044 1162 primo
2075 1093 2427 1147 tabernaculo
2459 1092 2632 1162 posita
2652 1099 2790 1146 erat.
2831 1091 2994 1161 339
3015 1091 3216 1145 Paulus
3243 1099 3451 1156 autem,

1865 1183 1952 1241 vir
1992 1183 2458 1252 sapientissimus,
2504 1198 2629 1238 cum
2680 1182 2818 1252 legis
2853 1181 3064 1250 peritus
3089 1189 3257 1244 esset,
3313 1181 3452 1236 nihil

1867 1289 2093 1344 prorsus
2143 1291 2210 1330 ex
2260 1275 2328 1329 iis
2385 1289 2506 1344 qua:
2559 1274 2702 1330 facta
2773 1280 2905 1327 sunt
2953 1271 3303 1340 praetermisit
3356 1271 3457 1325 sed

1867 1367 2064 1435 prima,
2089 1366 2268 1420 media
2289 1373 2346 1420 et
2379 1372 2625 1420 extrema
2654 1363 3123 1419 commemoravit.

1937 1457 2133 1512 PALL.
2169 1455 2384 1527 Optime
2415 1472 2544 1512 sane
2569 1465 2655 1511 est
2683 1472 2714 1510 a
2741 1465 2793 1511 te
2835 1455 3065 1510 dictum.
3096 1454 3323 1524 Explica
3354 1453 3457 1523 igi-

1869 1554 1961 1602 tur
2001 1548 2216 1618 singula
2242 1549 2483 1603 dilucide
2509 1563 2572 1602 ac
2601 1547 2846 1602 breviter
2883 1564 2897 1600 :
2931 1546 3156 1602 abditus
3189 1545 3335 1612 enim
3367 1553 3455 1599 est

1868 1653 2050 1693 sermo
2081 1679 2094 1703 ,
2128 1638 2182 1692 in
2204 1654 2312 1708 quo
2341 1638 2408 1693 de
2439 1639 2508 1693 iis
2537 1637 2704 1692 rebus
2734 1637 2932 1707 agitur.

1940 1727 2096 1784 CYR.
2129 1729 2295 1784 Recte
2325 1729 2481 1783 dicis.
2508 1730 2598 1783 Sic
2623 1729 2771 1784 enim
2807 1743 2998 1783 revera
3033 1742 3092 1782 se
3134 1742 3223 1781 res
3264 1725 3452 1780 habet.

1873 1816 2059 1887 Itaque
2092 1816 2161 1873 ab
2185 1817 2298 1885 ipsa
2323 1817 2560 1886 primum
2596 1830 2734 1869 urna
2758 1815 3020 1869 narrandi
3053 1814 3340 1870 exordium
3377 1811 3456 1866 fa-

1873 1909 2034 1964 ciam.
2067 1908 2264 1962 lmbris
2289 1907 2455 1977 igitur
2484 1907 2656 1960 instar
2689 1905 2912 1960 demisit
2949 1907 3096 1960 Deus
3132 1905 3261 1959 (iliis
3287 1902 3456 1958 Israel

1873 2013 2072 2052 manna
2124 2012 2222 2066 per
2267 1996 2574 2062 desertum;
2607 1996 2654 2049 is
2685 1996 2831 2048 enim
2862 1996 3021 2050 cibus
3063 2010 3126 2049 ac
3158 1994 3314 2063 panis
3347 1993 3458 2048 illis

1874 2097 1991 2144 erat
2016 2104 2252 2159 superne
2281 2095 2444 2158 atque
2472 2088 2539 2142 de
2571 2088 2710 2142 casio
2736 2087 2918 2142 datus.
2970 2086 3104 2140 Eam
3129 2100 3296 2155 porro
3337 2100 3456 2138 rem

1875 2190 2077 2253 gestam
2102 2197 2212 2235 non
2237 2195 2406 2250 usque
2427 2179 2496 2234 ad
2509 2178 2792 2233 sensibilia
2825 2178 2917 2232 illa
2939 2191 3062 2232 esse
3081 2190 3464 2246 progressam,

1877 2273 2060 2342 ibique
2089 2271 2397 2327 constitisse
2416 2311 2430 2331 ,
2463 2269 2558 2324 sed
2583 2285 2679 2340 per
2703 2268 2850 2322 illam
2875 2266 3103 2338 ﬁguram
3125 2274 3181 2320 et
3205 2263 3456 2319 umbram

1876 2377 1942 2417 eo
1978 2362 2300 2432 perducere,
2329 2370 2389 2415 ut
2420 2360 2826 2430 intelligeretur
2854 2358 2974 2413 fore
3000 2399 3015 2423 ,
3059 2365 3118 2412 ut
3156 2371 3458 2426 supernum

1878 2456 2011 2510 illud
2061 2464 2116 2511 et
2159 2469 2226 2510 ex
2274 2455 2436 2509 Patre
2478 2453 2722 2508 Verbum
2756 2461 3016 2522 tanquam
3062 2451 3222 2520 panis
3257 2466 3288 2505 e
3318 2449 3468 2505 ccelo

1878 2549 1945 2604 ad
1979 2563 2081 2603 nos
2132 2547 2350 2602 tandem
2389 2545 2708 2612 adveniret,
2741 2545 2962 2599 divinus
2982 2557 3202 2613 quoque
3234 2541 3462 2598 viraDa-

1877 2641 1970 2696 vid
1999 2641 2160 2696 nobis
2198 2639 2424 2704 indicat,
2449 2638 2640 2693 dicens
2673 2653 2687 2690 :
2725 2656 2743 2688 ι
2775 2638 2979 2691 Panem
3013 2635 3136 2690 coeli
3159 2633 3314 2687 dedit
3334 2632 3416 2686 eis
3445 2649 3460 2684 :

1878 2750 2073 2805 panem
2094 2733 2407 2803 angelorum
2431 2729 2959 2784 manducavithomo
2982 2727 3046 2780 ε’.
3061 2745 3079 2777 ι
3115 2725 3302 2794 Neque
3329 2737 3475 2778 vero-

1879 2821 2215 2878 censendum
2237 2829 2340 2885 est,
2367 2813 2565 2873 manna
2593 2817 2728 2872 illud
2759 2815 3017 2872 sensibile
3057 2829 3254 2884 panem
3307 2813 3463 2866 illum

1879 2913 1947 2968 de
1972 2913 2111 2968 coelo
2153 2920 2208 2967 et
2239 2911 2557 2982 angelorum
2599 2923 2758 2964 esse:
2799 2922 2927 2962 nam
2961 2905 3188 2975 spiritus
3239 2901 3474 2972 quidem.

1881 3003 2261 3074 spiritualiter,
2297 3015 2498 3070 corpus
2517 3007 2702 3053 autem
2735 2996 3136 3052 convenienter
3159 3008 3272 3047 suae
3296 3000 3469 3046 natu-

199 3091 550 3161 σωματικῶς.
587 3089 774 3162 Τροφὴ
824 3089 882 3144 δὲ
913 3091 1159 3159 ἀγγέλων
1184 3090 1280 3145 καὶ
1311 3089 1476 3164 άρτος
1502 3091 1529 3143 6
1557 3089 1778 3161 πρέπων

1883 3111 1977 3160 rte,
2013 3094 2072 3148 id
2087 3103 2188 3158 est,
2223 3092 2580 3161 corporaliter
2595 3089 2837 3159 pascitur
2863 3105 2876 3140 :
2902 3086 3061 3141 cibus
3089 3091 3272 3138 autem
3297 3098 3466 3153 ange-

197 3184 450 3252 οὐρανοῖς
474 3181 572 3236 καὶ
596 3183 709 3244 τοῖς
743 3179 856 3234 άνω
881 3181 1207 3252 πνεύμασιν,
1242 3183 1271 3235 6
1299 3183 1362 3234 ὲκ
1388 3181 1522 3234 Θεοῦ
1569 3181 1782 3252 Πατρδς

197 3275 392 3341 Λόγος.
426 3273 500 3327 Τὸ
546 3274 720 3345 μάννα
751 3273 815 3344 δὴ
860 3268 954 3327 οὖν
995 3273 1184 3346 ὲδήλου
1216 3275 1471 3345 Χριστόν.
1509 3273 1676 3327 Οὐδὲν
1713 3274 1774 3326 δὲ

196 3369 226 3422 6
248 3366 421 3429 τύπος
461 3365 520 3419 τὸ
563 3364 808 3433 ὠφελοῦν
842 3365 976 3436 ἔχει,
1007 3364 1082 3436 μὴ
1103 3365 1203 3435 τῆς
1218 3364 1474 3436 ἀληθείας
1502 3364 1772 3432 είσδεδεγ-

200 3458 392 3529 μένης.
428 3456 564 3510 Σκιά
589 3455 698 3527 γάρ
726 3456 882 3512 τοῦτο
927 3457 1167 3528 ἐκείνης,
1191 3457 1252 3508 οὑ
1281 3456 1348 3510 δι’
1386 3455 1548 3509 ἑαυτὸ
1579 3455 1782 3526 κυρίως

196 3549 447 3619 γεγονὸς,
487 3549 602 3602 ἀλλ’
633 3551 721 3604 ἵνα
751 3569 802 3604 τι
841 3549 949 3604 τῶν
992 3550 1298 3620 ἀμεινόνων
1341 3549 1427 3618 ἐφ’
1457 3547 1633 3618 ἐαυτῷ
1680 3549 1784 3612 ζω-

197 3644 411 3712 γραφῇ.
448 3642 550 3696 Διὰ
574 3641 730 3696 τοῦτο
759 3640 989 3712 Χριστὸς
1019 3643 1132 3704 τοῖς
1175 3639 1441 3695 Ἰουδαίων
1469 3640 1662 3711 δήμοις
1692 3655 1781 3691 σο-

199 3732 309 3802 φῆν
338 3734 578 3786 ἐποιεῖτο
607 3732 705 3804 τὴν
735 3731 1045 3802 ἐπίπληξιν,
1073 3733 1152 3785 ὅτι
1183 3731 1258 3804 μὴ
1297 3731 1496 3802 μᾶλλον
1519 3731 1679 3784 αὑτὸν
1708 3730 1784 3793 ὡς

201 3823 487 3894 ἀλήθειαν,
535 3823 668 3877 ἀλλὰ
707 3825 909 3879 Μωσέα
940 3823 1302 3894 Θαυμάζουσι,
1335 3823 1445 3878 τῶν
1468 3823 1653 3878 τύπων
1685 3823 1778 3876 τὸν

203 3917 500 3987 ὑπουργόν.
538 3917 683 3987 Ἔφη
723 3916 832 3989 γάρ
877 3915 1071 3983 οὕτως,
1135 3935 1154 3968 ι
1191 3917 1386 3987 Ἀμὴν,
1437 3915 1584 3987 ἀμὴν
1642 3914 1786 3984 λέγω

205 4010 358 4079 ὑμῖν,
405 4007 614 4080 Μωσῆς
658 4011 789 4079 ὑμῖν
841 4009 1042 4064 δέδωκε
1090 4009 1153 4063 τὸ
1189 4009 1364 4080 μάννα
1388 4024 1402 4040 ·
1433 4009 1462 4060 6
1484 4009 1593 4078 γάρ
1622 4009 1786 4079 ἄρτος

204 4102 297 4155 τοῦ
333 4098 472 4156 Θεοῦ
513 4103 660 4155 ἐστιν
683 4103 712 4156 6
739 4104 803 4156 ὲκ
840 4101 934 4156 τοῦ
964 4101 1197 4174 οὐρανοῦ
1231 4101 1494 4167 καταϐάς,
1521 4101 1616 4156 καὶ
1642 4101 1786 4172 ζωὴν

201 4192 377 4257 διδοὺς
409 4191 489 4262 τῷ
518 4191 726 4262 κόσμῳ.
769 4191 910 4262 Ἐγώ
931 4194 1046 4262 είμι
1077 4192 1106 4244 6
1132 4191 1296 4262 ἄρτος
1329 4194 1357 4245 ὁ
1380 4191 1508 4255 ζῶν.
1535 4211 1554 4245 ι
1590 4193 1788 4245 Εἰκόνα

203 4283 267 4354 δή
300 4279 394 4337 οὖν
419 4283 482 4336 τὸ
517 4284 692 4355 μάννα
728 4282 894 4347 τιθεὶς
941 4281 1036 4337 τοῦ
1067 4282 1273 4337 ἄνωθεν
1311 4282 1407 4337 καὶ
1434 4283 1494 4348 ἐξ
1554 4282 1785 4354 οὐρανοῦ

207 4375 707 4446 καταφοιτήσαντος
743 4375 942 4443 Λόγου,
977 4374 1045 4428 τά
1091 4373 1182 4427 ἐπί
1229 4391 1292 4443 γε
1332 4377 1399 4446 τῇ
1452 4374 1672 4448 στάμνῳ
1695 4392 1788 4428 κε-

1881 3186 2057 3240 lorum
2089 3193 2144 3239 et
2176 3183 2351 3252 panis,
2379 3181 2473 3250 qui
2499 3180 2652 3234 cmlis
2684 3177 3010 3247 superisque
3034 3173 3319 3244 spiritibus
3335 3187 3466 3226 con—

1880 3279 2084 3343 veniat,
2121 3275 2258 3331 illud
2306 3275 2404 3329 Dei
2438 3273 2616 3327 Patris
2651 3279 2735 3326 est
2757 3268 3015 3324 Verbum.
3053 3267 3248 3321 Manna
3291 3265 3464 3334 igitur

1879 3371 2162 3428 Christum
2190 3362 2686 3439 signiﬁcabat..Sed
2713 3361 2883 3432 ﬁgura
2916 3359 3053 3413 nihil
3088 3357 3340 3412 utilitatis
3380 3354 3464 3408 af-

1879 3465 2006 3528 fert,
2040 3461 2146 3517 nisi
2199 3459 2400 3514 veritas
2437 3456 2810 3510 demonstrata
2854 3451 3053 3515 fuerit;
3085 3464 3171 3503 res
3199 3447 3346 3502 enim
3373 3446 3464 3502 illa

1881 3557 2076 3613 umbra
2108 3551 2273 3623 hujus
2301 3557 2384 3605 est
2411 3585 2424 3613 ,
2457 3562 2636 3616 neque
2680 3551 2903 3615 propter
2928 3557 2987 3597 se
3035 3542 3209 3612 ipsam
3241 3537 3465 3610 proprie

1881 3655 2031 3720 gesta
2061 3654 2174 3711 est,
2219 3643 2314 3699 sed
2369 3649 2430 3696 ut
2458 3640 2514 3694 in
2560 3655 2618 3694 se
2643 3636 2849 3707 aliquid
2887 3633 3238 3706 praestantius
3278 3630 3464 3701 expri-

1881 3747 2084 3804 meret;
2125 3736 2195 3790 ob
2220 3749 2450 3803 eamque
2474 3745 2698 3787 causam
2727 3728 2981 3783 Christus
3017 3725 3331 3782 Iudaeorum
3361 3737 3464 3793 po-

1881 3831 2040 3903 pulus
2072 3829 2349 3899 sapienter
2376 3823 2719 3893 increpavit,
2770 3820 2862 3891 qui
2913 3833 3023 3873 non
3063 3831 3122 3872 se
3147 3816 3366 3887 potius,
3405 3821 3467 3868 ut

1883 3922 2194 3994 quiveritas
2215 3927 2398 3984 esset,
2426 3917 2524 3972 sed
2557 3916 2801 3986 Moysen,
2829 3911 2922 3982 qui
2953 3910 3256 3980 ﬁgurarum
3289 3905 3465 3961 admi-

1883 4015 2059 4069 nister
2123 4011 2348 4073 fuisset,
2399 4006 2820 4062 admirarentur.
2901 4001 2992 4056 Sic
3047 3999 3194 4054 enim
3269 3997 3463 4051 dixit:

1893 4120 1912 4154 ι
1939 4102 2134 4166 Amen,
2158 4114 2318 4154 amen
2355 4097 2478 4151 dico
2500 4094 2656 4148 vobis
2684 4109 2695 4144 :
2737 4092 2856 4145 Non
2880 4089 3091 4158 Moyses
3127 4086 3284 4140 vobis
3315 4084 3468 4139 dedit

1855 4213 1860 4217 '
1885 4208 2084 4249 manna
2119 4209 2130 4243 :
2159 4204 2285 4244 nam
2315 4186 2470 4256 panis
2495 4183 2592 4237 Dei
2610 4191 2693 4236 est
2720 4180 2810 4233 ille
2853 4178 2949 4247 qui
2973 4177 3040 4230 de
3073 4175 3212 4230 caalo
3234 4173 3473 4227 descen-

1887 4286 1987 4349 dit,
2009 4291 2065 4338 et
2090 4282 2184 4336 dat
2202 4280 2370 4334 vitam
2398 4273 2624 4329 mundo.
2666 4272 2779 4340 Ego
2817 4283 2937 4322 sum
2964 4265 3124 4337 panis
3156 4265 3316 4318 vivus
3339 4263 3401 4315 ⁶¹.
3438 4280 3457 4312 ι

1887 4376 2024 4432 Cum
2053 4373 2218 4443 igitur
2239 4371 2296 4424 in
2333 4380 2530 4421 manna
2556 4362 2846 4433 imaginem
2873 4355 3246 4428 proposuisset
3273 4353 3463 4417 Verbi,
3562 4376 3570 4384 -

205 4445 572 4537 χρησμῲδηκε
640 4464 790 4529 Θεός.
835 4464 1150 4536 Γέγραπται
1179 4465 1237 4518 δὲ
1280 4445 1476 4529 οὕτως·
1520 4484 1538 4516 ι
1564 4445 1698 4518 Elite
1731 4464 1778 4517 δὲ

1890 4467 2037 4540 quod
2059 4476 2296 4534 superne
2318 4468 2374 4515 et
2395 4458 2462 4513 de
2481 4457 2620 4512 caelo
2650 4452 2957 4517 descendit,
2986 4459 3102 4505 tum
3131 4447 3369 4516 denique
3397 4445 3467 4499 de

203 4557 409 4628 Μωσῆς
430 4574 446 4588 ·
479 4556 648 4610 Τοῦτο
679 4556 739 4610 τὸ
765 4556 939 4628 ῥῆμα,
977 4556 1007 4609 6
1052 4555 1308 4620 συνέταξε
1356 4555 1581 4626 Κύριος,
1641 4555 1789 4627 Πλή-

206 4662 337 4698 σατε
376 4645 441 4698 τὸ
496 4644 668 4717 γομδρ
729 4645 822 4698 τοῦ
867 4647 1065 4717 μάννα,
1113 4648 1193 4710 είς
1235 4646 1519 4716 ἀποθήκην
1558 4646 1638 4709 εἰς
1687 4645 1787 4708 τάς

204 4735 400 4802 γενεὰς
430 4734 608 4806 ὑμῶν,
641 4735 729 4788 ἵνα
767 4735 917 4790 ἴδωσι
943 4737 1034 4789 τὸν
1063 4737 1248 4808 ἄρτον,
1270 4737 1329 4790 ὃν
1364 4737 1596 4805 ἐφάγετε
1628 4737 1788 4806 ὑμεῖς

203 4825 263 4876 ὲν
297 4826 362 4895 τῇ
394 4824 610 4895 ἐρήμῳ,
639 4825 716 4885 ὡς
749 4824 1016 4896 ἐξήγαγεν
1050 4828 1196 4897 ὑμᾶς
1233 4825 1438 4897 Κύριος
1478 4827 1542 4879 ὲκ
1567 4827 1672 4896 γῆς
1696 4827 1788 4880 Αί-

204 4916 438 4984 γύπτου.
460 4916 572 4969 Καὶ
599 4910 720 4968 εῐπε
739 4916 946 4985 Μωσῆς
1005 4917 1144 4988 πρὸς
1189 4916 1428 4988 ’Λαρώνο
1461 4917 1608 4971 Λάϐε
1662 4918 1790 4972 στά-

212 5024 349 5077 μνον
400 5005 639 5078 χρυσοῦν
671 5007 790 5073 Eva,
829 5008 925 5062 καὶ
955 5007 1158 5079 ἔμϐαλε
1192 5011 1272 5072 είς
1297 5009 1458 5064 αὑτὸν
1495 5009 1704 5080 πλῆρες
1726 5009 1788 5063 τὸ

206 5097 386 5168 γομὸρ
415 5096 512 5150 τοῦ
553 5097 750 5167 μάννα,
791 5099 886 5152 καὶ
924 5099 1220 5170 άποθήσεις
1257 5100 1390 5154 αὑτὸ
1426 5101 1666 5154 ἐναντίον
1691 5100 1787 5154 τοῦ

204 5187 364 5254 Θεοῦ,
394 5189 473 5252 είς
501 5187 823 5262 διατήρησιν
853 5191 933 5254 είς
964 5189 1062 5254 τὰς
1082 5190 1276 5257 γενεὰς
1297 5191 1472 5261 ὑμῶν,
1504 5192 1564 5246 ὃν
1589 5192 1790 5262 τρόπον

208 5279 471 5345 συνέταξε
522 5280 728 5352 Κύριος
783 5281 862 5352 τῷ
905 5283 1101 5353 Μωσῇ.
1148 5283 1257 5337 Καὶ
1309 5284 1541 5338 ἀπέθετο
1579 5282 1788 5353 Ἀαρὼν

207 5371 387 5425 εναντι
416 5371 512 5426 τοῦ
538 5374 863 5445 μαρτυρίου,
900 5377 980 5441 είς
1009 5374 1349 5446 διατήρησιν.
1379 5394 1398 5426 ι
1432 5377 1642 5447 Ὠσπερ
1678 5377 1786 5446 γὰρ

207 5463 466 5536 ἐλέγομεν
497 5467 579 5521 ὅτι
611 5467 699 5520 τὸν
729 5467 872 5522 Θεῑον
904 5467 1102 5538 ἔχουσα
1166 5469 1324 5537 λόγον
1350 5470 1383 5538 ἡ
1413 5469 1644 5531 κιϐωτὸς
1689 5470 1790 5521 ὑπ-

206 5555 402 5625 εδήλου
432 5558 525 5610 τὸν
567 5558 948 5630 Ἐμμανουήλο
993 5558 1128 5612 Θεοῦ
1171 5559 1280 5627 γὰρ
1315 5554 1382 5628 ἦν
1424 5559 1593 5627 Λόγος
1625 5558 1698 5621 ὡς
1731 5561 1790 5611 ὲν

280 5666 323 5695 ³⁷
364 5667 535 5722 Exod.
592 5685 702 5730 xvr,
747 5669 836 5723 55.
913 5671 959 5702 ⁸⁵⁸
1001 5671 1160 5726 Num.
1223 5687 1347 5734 xm,

217 5732 262 5763 "
304 5735 480 5791 Exod.
546 5753 663 5806 xw,
695 5737 885 5793 52—54.

1597 5671 1640 5703 σε’
1682 5671 1854 5726 Levit.
1896 5687 2040 5734 xm,
2106 5671 2155 5723 4-.
2235 5669 2278 5700 ευ
2322 5668 2461 5723 Psal.
2499 5680 2698 5730 Lxxm,
2732 5663 2820 5717 9.2.

1888 4537 2024 4615 urna
2056 4552 2316 4628 praecepit
2341 4553 2503 4606 Deus.
2537 4548 2627 4603 Sic
2657 4555 2843 4602 autem
2873 4545 3138 4614 scriptum
3155 4548 3292 4596 estzt
3319 4537 3469 4592 Dixit

1889 4661 2071 4707 autem
2096 4648 2305 4718 Moyses
2343 4661 2356 4697 :
2393 4643 2509 4697 Hoc
2544 4649 2630 4696 est
2680 4639 2946 4702 verbum,
2986 4633 3132 4705 quod
3182 4629 3467 4686 constituit

1889 4742 2152 4798 Dominus
2181 4755 2194 4791 :
2223 4736 2449 4806 lmplete
2468 4747 2658 4804 gomor
2678 4746 2745 4785 ex
2765 4744 2966 4783 manna
2988 4725 3056 4780 ad
3087 4719 3466 4793 reponendum

1888 4830 2264 4904 improgenies
2293 4835 2505 4882 vestras
2525 4866 2538 4890 ,
2572 4832 2630 4878 ut
2669 4822 2891 4876 videant
2914 4831 3134 4888 panem,
3176 4827 3339 4882 quem
3371 4823 3468 4864 co-

1885 4900 2183 4981 mederitis'
2215 4921 2272 4974 in
2315 4919 2566 4981 deserto,
2611 4922 2966 4986 posteaquam
3027 4903 3214 4962 eduxit
3253 4918 3349 4956 vos
3399 4900 3470 4955 de

1884 5015 2134 5088 Egypto.
2154 5011 2224 5068 Et
2245 5011 2383 5066 dixit
2403 5009 2614 5080 Moyses
2636 5002 2704 5062 ad
2728 5007 2938 5058 Aaron:
2964 4998 3163 5067 Accipe
3181 5009 3278 5049 vas
3295 5001 3472 5088 unum

1884 5087 2138 5171 aureum,
2172 5111 2230 5159 et
2259 5101 2414 5156 mitte
2439 5099 2497 5154 in
2520 5096 2656 5153 illud
2689 5095 2911 5165 plenum
2936 5105 3128 5161 gomor
3151 5099 3384 5148 marinae,
3412 5087 3472 5137 et

1887 5213 2120 5269 repones
2149 5193 2284 5250 illud
2313 5207 2498 5247 coram
2531 5187 2782 5251 Domino,
2814 5191 2876 5239 ut
2911 5188 3161 5236 servetur
3188 5178 3242 5232 in
3273 5189 3471 5246 proge-

1883 5263 2006 5345 nies
2032 5296 2269 5351 vestras,
2304 5293 2365 5340 ut
2384 5280 2644 5354 praecepit
2672 5275 2936 5331 Dominus
2965 5271 3154 5343 Moysi.
3182 5266 3344 5338 35.0
3391 5263 3462 5318 Et

1892 5379 2139 5450 reposuit
2161 5377 2342 5431 Aaron
2365 5383 2488 5428 ante
2521 5365 2916 5428 testimonium,
2943 5366 3328 5417 utservaretur
3349 5355 3414 5406 θ’.
3441 5371 3460 5402 ι

1893 5469 1964 5523 Ut
1987 5467 2132 5522 enim
2165 5464 2514 5524 dicebamus,
2563 5471 2779 5519 arcam,
2817 5453 2964 5524 quod
3004 5450 3097 5506 Dei
3158 5456 3467 5502 sermonem

1897 5557 2239 5619 contineret,
2274 5553 2604 5623 signiﬁcasse
2633 5549 2787 5602 illum
2827 5541 3183 5599 Emmanuel:
3210 5551 3336 5590 nam
3367 5531 3465 5591 Dei

2901 5661 2940 5691 “
2967 5658 3120 5713 Joan.
3175 5669 3246 5720 γι,
3277 5647 3464 5716 59,55-

2271 5749 2302 5780 η
