3962 6296
473 346 572 404 671

1458 342 1512 398 S.
1559 341 1831 398 CYRILLI
1871 338 2349 396 ALEXANDRINI
2391 337 2713 393 ARClllEP.

3622 340 3736 394 672

475 456 712 514 Verbum
759 461 879 509 erat
912 461 1165 524 tanquam
1219 453 1278 508 in
1305 469 1459 509 sacro
1490 456 1710 524 templo,
1745 455 1800 508 in
1829 470 1914 518 eo,
1956 454 2041 506 in-
2075 461 2089 513 Α

2192 451 2287 521 γίῳ
2313 449 2445 520 ναῷ,
2483 449 2561 519 τῷ
2601 450 2666 501 ὲκ
2687 446 2964 518 Παρθένου
3000 446 3142 518 φημί
3162 464 3174 477 ⁸
3198 446 3289 501 τὸν
3311 446 3473 502 αὐτὸν
3510 447 3573 521 δὴ
3608 441 3770 522 τρὸ-”

476 563 662 619 quam,
682 545 829 617 quod
869 561 936 601 ex
979 546 1198 616 Virgine
1223 554 1566 615 sumpserat:
1603 547 1682 601 sic
1709 561 1878 600 aurea
1921 560 2060 599 urna

478 651 600 706 qua:
631 651 830 690 manna
867 635 1125 690 sensibile
1147 635 1483 700 continebat,
1511 635 1648 690 illud
1676 651 1979 706 super-num
1997 649 2062 690 ac

479 725 764 782 viviﬁcans
792 724 1031 781 Verbum
1057 724 1282 791 indicat,
1301 726 1562 779 nimirum
1596 726 1729 780 illud
1771 742 1839 781 ex
1868 726 2060 791 Patre,

482 826 742 887 tanquam
778 817 834 871 in
877 831 1036 871 sacro
1069 823 1125 871 et
1157 817 1444 887 impolluto
1475 832 1728 887 corpore.
1763 818 1934 871 Plena
1980 824 2066 871 est

485 916 668 962 autem
694 923 831 962 urna
851 923 1063 962 manna:
1083 925 1098 974 ;
1120 926 1138 958 (
1168 908 1499 963 lnbabitavit
1528 908 1676 963 enim
1695 908 1750 962 in
1769 908 1861 962 illo
1885 907 2065 962 omnis

485 997 770 1068 plenitudo
792 997 1097 1054 divinitatis
1125 1001 1504 1069 corporaliter,
1533 1018 1548 1050 ι
1569 1007 1630 1053 ut
1654 1000 1848 1054 beatus
1866 997 2066 1053 Paulus

489 1089 646 1142 ait“.
671 1089 884 1159 «Neque
912 1089 982 1144 ad
1004 1105 1313 1145 mensuram
1340 1091 1432 1145 dat
1447 1091 1712 1160 Spiritum
1738 1090 1803 1143 “.
1832 1108 1849 1141 ι
1877 1087 2066 1144 Perfe-

491 1181 767 1235 ctissimus
807 1180 954 1235 enim
997 1188 1082 1236 est
1122 1180 1394 1237 Christus.
1461 1181 1719 1252 Reposita
1762 1187 1846 1235 est
1901 1179 2068 1234 etiam

492 1287 653 1337 urna,
689 1279 751 1326 ut
791 1278 1103 1326 servaretur
1135 1271 1191 1326 in
1237 1272 1528 1342 progenies
1572 1272 1812 1326 ﬁliorum
1852 1272 2019 1326 Israel
2053 1289 2065 1324 :

493 1362 844 1432 incorruptus
875 1362 1021 1416 enim
1044 1377 1106 1417 ac
1137 1378 1351 1433 semper
1382 1380 1627 1429 manens,
1664 1373 1720 1418 et
1749 1363 1900 1418 omni
1927 1371 2070 1417 tem-

495 1469 628 1523 pore
649 1453 968 1509 notissimus
998 1461 1078 1508 est
1103 1453 1357 1510 Christus
1377 1495 1390 1520 ,
1416 1462 1472 1510 et
1494 1462 1581 1509 est
1609 1469 1795 1509 coram
1817 1455 2068 1519 Domino,

499 1545 555 1599 id
589 1554 672 1601 est
718 1545 774 1598 in
794 1553 1089 1615 conspectu
1114 1546 1293 1601 Patris
1328 1565 1341 1600 :
1377 1563 1502 1601 nam
1524 1587 1538 1612 ,
1575 1546 1793 1617 quando
1816 1546 1906 1600 ille
1935 1545 2071 1600 Uni—

497 1635 714 1705 genitus
729 1643 812 1689 est
827 1633 1004 1689 factus
1037 1635 1210 1689 nostri
1241 1635 1460 1700 similis,
1488 1644 1602 1690 tum
1631 1637 1797 1690 etiam
1829 1633 2075 1689 introivit

499 1727 558 1780 in
585 1725 782 1780 Sancta
806 1733 1118 1780 sanctorum
1140 1766 1154 1791 ,
1189 1741 1288 1796 per
1314 1726 1548 1796 amplius
1573 1741 1637 1780 ac
1659 1725 1960 1795 perfectius
1988 1733 2074 1778 ta—

2163 559 2264 595 πον
2292 543 2439 611 καὶὴ
2472 541 2706 610 στάμνος
2734 541 2867 609 ἡμῖν
2891 540 2924 610 ἠ
2957 541 3152 611 χρυσῆ,
3176 541 3236 593 τὺ
3257 541 3430 612 μάννα
3454 540 3516 595 τὸ
3542 535 3768 612 αἰσθηοξ

2161 635 2250 687 τὸν
2297 610 2584 697 ὠδίνουσα,
2636 632 2726 685 τὸν
2773 631 2979 685 ἄνωθεν
3037 610 3131 686 καὶ
3169 610 3428 696 ζωοποιὸν
3478 610 3766 704 ὲμφαίνέιτ

2163 723 2357 792 Λόγον,
2379 722 2538 793 δῆλον
2570 721 2627 774 δὲ
2652 722 2734 775 ὅτι
2780 721 2870 775 τὸν
2913 722 2977 775 ἐκ
3016 722 3252 794 Πατρὸς,
3291 722 3367 786 ώς
3393 725 3449 776 ὲν
3477 724 3602 794 ἱερῷ
3639 725 3744 778 καὶ

2163 814 2416 884 ἀχράντῳ
2453 812 2685 884 σώματι.
2732 813 3057 884 Ἐπίμεστος
3094 813 3152 867 δὲ
3191 815 3287 867 καὶ
3316 816 3349 886 ἡ
3379 815 3743 887 στάμνος-τοῦ

2169 903 2690 974 μάννα.ιἘνιξ›κησε
2721 902 2830 974 γὰρ
2852 905 2910 957 ὲν
2939 903 3085 974 αὐτῷ
3111 905 3219 958 πᾶν
3251 905 3313 958 τὸ
3346 905 3620 978 πλήρωμα
3650 908 3747 978 τῆς

2168 997 2422 1068 θεότητος
2477 996 2824 1068 σωματικῶς,
2863 1015 2881 1048 ι
2921 997 3065 1051 κατὰ
3115 1014 3180 1066 γε
3218 999 3317 1067 τὴν
3343 999 3439 1052 τοῦ
3467 1001 3747 1070 μακαρίου

2169 1089 2380 1144 Παύλου
2413 1090 2618 1161 φωνήν.
2643 1108 2661 1142 ι
2687 1089 2793 1142 Kal
2825 1090 2926 1143 οὐκ
2959 1091 3023 1143 ἐκ
3060 1090 3259 1161 μέτρου
3288 1091 3468 1144 δίδωσι
3489 1091 3548 1143 τὸ
3569 1091 3748 1144 Πνεῦ-

2172 1201 2271 1254 μα.
2295 1202 2314 1235 ι
2344 1181 2664 1245 Παντέλειος
2690 1180 2842 1251 γὰρὸ
2859 1181 3112 1252 Χριστός.
3156 1181 3439 1235 Ἀπέκειτο
3473 1182 3530 1235 δὲ
3553 1184 3586 1254 ἡ
3618 1181 3752 1234 στά-

2175 1288 2324 1341 μνος,
2343 1273 2422 1334 εἰς
2438 1269 2754 1341 διατήρησιν
2784 1269 2863 1332 εἰς
2891 1269 2990 1332 τὰς
3021 1268 3213 1337 γενεὰς
3229 1268 3337 1323 τῶν
3359 1269 3490 1324 υἱῶν
3507 1269 3750 1340 Ἰσραήλ.

2174 1361 2487 1432 Ἀφθαρτος
2518 1358 2626 1428 γὰρ
2659 1358 2753 1412 καὶ
2795 1357 2970 1428 μένων
3021 1358 3128 1421 ἀεὶ,
3166 1357 3260 1411 κοιλ⁴
3288 1358 3346 1411 ἐν
3381 1358 3544 1412 παντὶ
3567 1355 3753 1428 καιρῷ

2172 1469 2227 1505 τε
2259 1451 2354 1504 καὶ
2387 1450 2564 1521 χρόνῳ
2630 1447 3055 1520 γνωριμώτατος
3083 1451 3111 1503 ὁ
3139 1451 3394 1521 Χριστός.
3447 1449 3558 1503 Καὶ
3600 1449 3754 1502 ἐστιν

2173 1542 2351 1597 ἔναντι
2380 1541 2607 1612 Κυρίου,
2635 1539 2778 1594 τοῦτ’
2801 1539 2966 1607 ἐστιν,
2995 1541 3052 1595 ὲν
3076 1540 3373 1611 ὀφθαλμοῖς
3399 1540 3491 1594 τοῦ
3514 1541 3752 1612 Πατρός.

2176 1635 2305 1688 Ὅτε
2341 1633 2451 1706 γὰρ
2498 1634 2688 1702 γέγονε
2722 1632 2844 1686 καθ’
2870 1633 3016 1703 ἡμᾶς
3059 1634 3088 1686 ὁ
3133 1630 3466 1703 Μονογενὴς,
3503 1631 3622 1684 τότε
3657 1631 3756 1683 καὶ

2176 1725 2422 1795 εἰσῆλθεν
2451 1725 2531 1788 εἰς
2564 1724 2631 1777 τὰ
2650 1724 2817 1792 ’Ἅγια
2859 1723 2966 1776 τῶν
2998 1722 3190 1788 ἁγίων,
3230 1723 3320 1775 διὰ
3362 1723 3462 1793 τῆς
3509 1721 3758 1792 μείζονος

501 1817 878 1883 bernaculum,
897 1817 953 1872 id
978 1827 1063 1872 est
1086 1793 1379 1881 incoalum,
1403 1793 1469 1870 ut
1499 1793 1760 1886 appar—eat
1776 1832 1924 1870 nunc
1953 1816 2076 1870 vul-

2192 1816 2271 1869 καὶ
2297 1815 2632 1886 τελειοτέρας
2667 1815 2892 1885 σκηνῆς,
2921 1814 3064 1868 τοῦτ’
3099 1814 3271 1880 ἐστιν,
3313 1816 3394 1878 είς
3436 1814 3528 1867 τὸν
3582 1814 3760 1883 οὐρα-

503 1907 583 1960 ῑυὶ
613 1907 711 1960 Dei
735 1922 834 1976 pro
866 1907 1044 1971 nobis,
1081 1915 1139 1960 ut
1180 1907 1444 1976 scriptum
1495 1916 1581 1960 cst
1607 1907 1673 1959 °'.
1706 1906 1894 1975 Neque
1930 1906 2079 1960 enim

502 1998 743 2067 seipsum
781 1997 925 2051 sistit
961 1997 1028 2051 ad
1049 2005 1400 2066 conspectum
1429 1997 1626 2061 Patris,
1649 1997 1745 2051 sed
1767 1998 1917 2052 velut
1943 1996 1998 2050 in
2022 2011 2080 2050 se

503 2088 624 2158 ipso
647 2103 770 2153 nos,
794 2088 1043 2157 quamvis
1064 2104 1129 2143 ex
1147 2088 1293 2143 illius
1316 2094 1614 2157 conspectu
1640 2089 2078 2154 recessissemus,

503 2194 569 2234 ac
605 2179 776 2234 veluti
823 2195 890 2234 ex
927 2179 1104 2235 oculis
1141 2195 1390 2236 essemus
1431 2181 1612 2236 aversi
1662 2188 1890 2250 prOpter
1931 2180 2082 2234 illam

505 2270 1020 2340 transgressionem,
1062 2286 1171 2340 qua
1204 2270 1262 2324 in
1288 2270 1458 2327 Adam
1482 2271 1730 2325 obstricti
1752 2286 1992 2336 eramus,
2028 2278 2084 2326 et

505 2370 730 2442 propter
751 2362 1042 2431 imperium
1081 2363 1311 2432 peccati,
1348 2362 1494 2432 quod
1532 2363 1792 2417 omnibus
1829 2363 2082 2418 domina-

505 2451 688 2508 batur.
720 2453 781 2507 ln
802 2454 1021 2510 Christo
1050 2454 1215 2524 igitur
1235 2455 1529 2509 habuimus
1549 2470 1833 2510 accessum
1859 2462 1915 2509 et
1951 2453 2087 2508 ﬁdu-

506 2544 648 2599 ciam
694 2545 750 2598 in
776 2545 1062 2600 introitum
1094 2546 1443 2610 Sanctorum,
1481 2553 1543 2601 ut
1593 2547 1752 2601 nobis
1795 2547 2085 2616 sapientis-

508 2637 646 2691 sime
665 2637 869 2694 Paulus
897 2637 1036 2693 dixit
1050 2639 1205 2695 “.Ut
1238 2639 1384 2693 enim
1406 2641 1899 2701 etresurreximus,
1922 2646 1977 2691 et
2008 2637 2085 2691 si-

509 2726 626 2780 mul
653 2727 1004 2784 consedimus
1031 2728 1086 2782 in
1103 2729 1418 2784 omlestibus
1447 2729 1503 2782 in
1523 2728 1763 2790 Christo,
1798 2728 1878 2783 sic
1899 2728 2086 2782 itidem

510 2815 570 2870 in
599 2815 718 2884 ipso
747 2815 810 2870 ad
837 2825 1191 2886 conspectum
1229 2818 1408 2872 Patris
1438 2816 1710 2872 venimus.
1740 2817 1818 2871 Ae
1855 2817 1922 2871 de
1950 2831 2088 2869 urna

511 2907 735 2978 quidem
768 2922 923 2962 sacra
955 2909 1073 2964 haec
1107 2908 1252 2963 dicta
1278 2907 1566 2964 sufﬁciant.
1595 2907 1868 2964 Caeterum
1917 2908 2086 2978 ipsam

513 3009 734 3068 quoque
783 2997 964 3052 Aaron
1017 2999 1229 3069 virgam
1265 2998 1544 3055 Christum
1575 2999 1900 3070 signiﬁcare,
1930 2999 2087 3054 dein-

514 3104 664 3166 ceps,
682 3090 726 3144 si
758 3089 954 3159 placet,
991 3089 1260 3146 dicamus.

586 3181 784 3236 PALL.
817 3181 959 3237 Sane
980 3183 1221 3253 quidem.

585 3267 745 3324 CYR.
791 3267 931 3325 Core
962 3270 1126 3341 igitur
1161 3280 1324 3341 atque
1349 3270 1579 3336 Abiron,
1609 3279 1666 3326 et
1706 3270 1918 3324 Dathan
1948 3283 2092 3338 prie-

516 3366 688 3425 terea,
721 3374 789 3414 ex
819 3358 951 3415 Levi
977 3360 1125 3416 tribu
1159 3377 1223 3416 ac
1244 3376 1444 3431 genere
1477 3361 1582 3416 orti
1628 3369 1821 3427 erant;
1858 3373 2094 3428 cumque

517 3451 614 3505 Dei
657 3450 936 3506 voluntate
973 3461 1185 3507 certum
1225 3462 1387 3523 atque
1421 3454 1780 3508 constitutum
1811 3467 1967 3507 sacro
2019 3460 2098 3505 ta-

517 3544 817 3600 bernaculo
846 3543 1191 3600 ministrandi
1219 3544 1458 3599 ofﬁcium
1504 3544 1641 3614 ipsis
1686 3551 1834 3598 esset
1867 3557 2096 3597 concre—

519 3635 716 3700 ditum,
748 3635 916 3706 Moysi
962 3643 1144 3690 tamen
1169 3643 1233 3690 .et
1267 3637 1448 3690 Aaron
1477 3635 1706 3705 gloriam
1749 3634 1908 3688 avide
1935 3633 2098 3687 nimis

518 3725 887 3794 expctierunt,
917 3739 1153 3793 eumque
1186 3725 1449 3778 honorem
1483 3723 1584 3792 ipsi
1621 3731 1942 3792 rapuerunt,
1972 3737 2098 3776 cum

521 3811 589 3864 ad
608 3810 662 3864 id
690 3825 890 3864 munus
911 3826 942 3864 a
966 3811 1078 3864 Deo
1104 3810 1327 3864 minime
1354 3809 1534 3864 vocati
1551 3817 1768 3873 essent;
1796 3809 2100 3878 quinetiam

521 3902 660 3957 adeo
691 3901 992 3957 insolenter
1017 3901 1243 3957 audacia
1273 3909 1401 3954 sunt
1428 3899 1578 3964 clati,
1611 3899 1858 3968 adeoque
1905 3913 2099 3952 erexe-

525 3998 654 4045 runt
693 3991 1070 4060 supercilium,
1104 3998 1165 4044 ut
1207 4005 1316 4044 non
1346 3990 1458 4059 jam
1506 3987 1834 4048 mediocres,
1869 3986 1964 4041 sed
1995 3985 2100 4039 mi-

524 4081 671 4136 nime
697 4081 949 4136 ferendas
981 4082 1245 4137 adversus
1279 4089 1575 4150 utrumque
1601 4077 1902 4133 calumnias
1934 4077 2104 4147 jacta~

524 4181 682 4239 rent,
713 4181 769 4227 et
798 4173 948 4227 velut
984 4180 1341 4242 aspernantes
1379 4185 1601 4242 gregem
1639 4168 1782 4224 tauri
1825 4166 1982 4239 341
2013 4181 2102 4220 se-

523 4263 813 4328 cederent,
847 4278 1185 4332 excussaque
1235 4263 1330 4318 Dei
1367 4261 1634 4316 servitute
1656 4300 1672 4325 ,
1723 4259 1846 4314 aliis
1885 4271 2104 4328 quoque

2180 1907 2289 1970 νὸν,
2331 1905 2425 1961 νῦν
2469 1906 2868 1976 ἐμφανισθῆναι
2915 1907 2992 1977 τῷ
3037 1906 3312 1979 προσώπῳ
3339 1905 3432 1960 τοῦ
3455 1905 3588 1959 Θεοῦ
3613 1907 3760 1976 ὑπὲρ

2179 1998 2358 2070 ἡμῶν,
2393 1998 2534 2052 καθὰ
2565 1998 2892 2068 γέγραπται.
2925 1999 2998 2050 Οὐ
3031 1999 3142 2069 γὰρ
3174 1999 3363 2052 ἑαυτὸν
3405 1999 3462 2050 έν
3478 1997 3596 2068 ὕψει
3625 1996 3764 2049 καθ-

2185 2092 2360 2161 ίστησι
2402 2090 2496 2143 τοῦ
2529 2091 2761 2161 Πατρός,
2793 2088 2928 2144 άλλὰ
2968 2090 3116 2160 ἡμᾶς
3138 2089 3212 2152 ὡς
3236 2091 3292 2143 ὲν
3322 2087 3517 2159 ἑαυτῷ,
3574 2087 3765 2140 καίτοι

2182 2183 2468 2251 γεγονότας
2502 2184 2566 2235 ὲκ
2595 2180 2885 2250 προσώπου
2914 2180 3006 2234 καὶ
3034 2180 3194 2234 οἱονεί
3219 2175 3336 2244 πως
3351 2180 3409 2247 ἐξ
3439 2177 3761 2248 ὀφθαλμῶν,

2183 2273 2268 2327 διὰ
2299 2273 2393 2344 τὴν
2422 2276 2479 2326 ἐν
2524 2273 2695 2343 Ἀδὰμ
2727 2271 3058 2343 παράϐασιν,
3095 2272 3189 2325 καὶ
3229 2271 3327 2342 τὴν
3361 2270 3500 2325 κατὰ
3537 2271 3767 2323 πάντων
3815 2293 3817 2295 ί

2184 2367 2600 2438 τυραννήσασαν
2640 2399 2642 2401 ›
2683 2364 2977 2436 ἁμαρτίαν.
3029 2364 3120 2416 Ἐν
3180 2365 3400 2434 Χριστῷ
3471 2362 3768 2433 τοιγαροῦν

2185 2455 2499 2525 ἐσχήκαμεν
2526 2454 2628 2524 τὴν
2665 2454 3050 2524 προσαγωγὴν,
3080 2453 3174 2506 καὶ
3197 2454 3296 2523 τὴν
3336 2453 3654 2524 παρρησίαν
3690 2454 3770 2515 είς

2185 2546 2281 2614 τὴν
2320 2545 2519 2596 εἴσοδον
2551 2543 2659 2598 τῶν
2715 2544 2937 2610 Ἀγίων,
2971 2542 3222 2612 καθάπερ
3252 2543 3381 2612 ἡμῖν
3407 2545 3434 2594 ὁ
3469 2541 3634 2610 σοφὸς
3665 2542 3770 2611 ἔφη

2186 2633 2412 2695 Παῦλος.
2450 2633 2658 2702 Ὥσπερ
2708 2633 2816 2703 γὰρ
2867 2619 2956 2685 καὶ
2994 2631 3440 2702 συνεγηγέρμεθα
3487 2632 3582 2685 καὶ
3642 2649 3774 2684 συν-

2187 2723 2520 2793 εκαθίσαμεν
2542 2724 2599 2776 ὲν
2628 2725 2739 2785 τοῖς
2759 2722 3102 2793 ἐπουρανίοις
3131 2724 3189 2775 ὲν
3213 2721 3452 2792 Χριστῷ,
3487 2720 3631 2776 οὕτω
3662 2724 3771 2776 πά-

2186 2816 2268 2868 λιν
2299 2817 2354 2869 ἐν
2386 2815 2532 2885 αὐτῷ
2561 2815 2655 2868 καὶ
2685 2816 2742 2869 ἐν
2775 2814 3051 2886 προσώπῳ
3073 2815 3376 2885 γεγόναμεν
3398 2813 3490 2867 τοῦ
3529 2815 3770 2884 Πατρός.

2189 2908 2297 2962 Καὶ
2333 2909 2573 2978 στάμνου
2624 2907 2724 2977 μὲν
2764 2907 2894 2979 πέρι
2915 2904 3014 2976 τῆς
3041 2908 3189 2978 ἱερᾶς
3209 2906 3447 2976 εἰρήσθω
3477 2905 3602 2959 τάδε
3625 2922 3638 2934 ·
3670 2923 3771 2975 ση-

2194 2999 2372 3069 μαίνει
2402 2998 2458 3051 δὲ
2489 3000 2570 3051 ὅτι
2594 2999 2686 3051 καὶ
2716 2997 2853 3067 αὐτὴ
2888 2997 2977 3050 τὸν
3000 2994 3283 3067 Χριστὸνὴ
3317 2995 3505 3068 ῥάϐδος
3532 2994 3767 3067 Ἀαρὼν,

2113 3119 2157 3176 C
2191 3090 2321 3160 φέρε
2349 3089 2413 3160 δὴ
2444 3089 2716 3158 λέγωμεν,
2753 3090 2802 3141 εἰ
2833 3087 2998 3140 δοκεῖ.

2263 3183 2470 3235 ΠΑΑΑ.
2512 3181 2622 3232 Καὶ
2654 3181 2820 3250 μάλα.

2260 3274 2424 3326 ΚΥΡ.
2466 3272 2611 3342 Κορὲ
2641 3272 2822 3324 τοίνυν
2854 3274 2948 3327 καὶ
2999 3273 3183 3344 μέντοι
3226 3271 3322 3326 καὶ
3361 3269 3638 3342 ’A6stpdw,
3676 3271 3775 3327 καὶ

2195 3365 2331 3436 πρός
2355 3381 2419 3432 γε
2444 3362 2619 3433 τούτῳ
2659 3363 2857 3432 Δαθὰν,
2887 3366 3059 3434 φυλῆς
3091 3381 3149 3417 τε
3179 3365 3272 3417 καὶ
3300 3363 3527 3433 αἵματος
3572 3362 3773 3431 ἐξέφυ-

2197 3471 2292 3507 σαν
2323 3453 2419 3523 τῆς
2449 3455 2600 3506 Λευῖ·
2640 3454 3076 3524 συντεταγμένην
3119 3454 3194 3520 δὲ,
3228 3454 3380 3522 φησὶ,
3414 3456 3533 3516 ταῖς
3565 3451 3776 3507 ἄνωθεν

2196 3544 2396 3616 ψήφοις
2440 3545 2497 3596 ὲν
2550 3547 2617 3614 τῇ
2670 3545 2803 3615 ἁγίᾳ
2860 3547 3034 3616 σκηνῇ
3080 3545 3425 3614 λειτουργίαν
3475 3545 3775 3616 ἐγκεχειρι-

2199 3635 2407 3704 σμένοι,
2439 3632 2535 3704 τὴν
2566 3633 2808 3695 Μωσέως
2839 3650 2897 3685 τε
2945 3633 3042 3686 καὶ
3076 3633 3287 3704 Ἀαρὼν
3339 3633 3658 3704 δεδιψήκασι
3688 3634 3774 3687 δό-

2200 3725 2317 3791 ξαν,
2369 3720 2581 3788 ἑαυτοῖς
2613 3724 2949 3796 ἁρπάζοντες
2977 3725 3074 3796 τὴν
3113 3726 3298 3802 τιμὴν,
3347 3727 3674 3796 κεκλημένοι
3719 3728 3774 3780 δὲ

2198 3817 2319 3886 οὐχὶ
2345 3815 2480 3886 πρὸς
2517 3815 2674 3868 τοῦτο
2703 3814 2856 3884 παρὰ
2884 3815 3037 3867 Θεοῦ.
3073 3816 3182 3869 Καὶ
3213 3817 3321 3887 μὴν
3352 3818 3446 3870 καὶ
3470 3819 3549 3880 είς
3570 3817 3775 3887 ἀπηνὲς

2201 3904 2676 3977 ἀπογαυρςύμενοι
2705 3905 2925 3976 θράσος,
2950 3904 3350 3977 ὲξοφρυώμενοί
3387 3925 3443 3960 τε
3484 3909 3642 3976 ἄγαν,
3683 3924 3776 3976 φο-

2205 3997 2372 4066 ρητὴν
2409 3998 2507 4065 μὲν
2535 3996 2738 4061 οὐκέτι,
2779 3996 3055 4050 δύσοιστον
3089 3999 3144 4052 δὲ
3187 3999 3382 4070 κομιδῇ
3423 4001 3541 4052 κατ’
3571 4001 3776 4069 ἀμφοῖν

2203 4085 2482 4139 ἐποιοῦντο
2526 4087 2623 4158 τὴν
2675 4087 3054 4158 κατάρῤησιν⁸
3107 4088 3427 4157 άτιμαγέλαι
3479 4089 3536 4142 δὲ
3587 4089 3776 4158 ὥσπερ

2203 4178 2622 4245 ἀπενοσφίζοντο
2661 4178 2874 4250 ταῦροι,
2936 4180 3028 4232 καὶ
3075 4181 3174 4250 τὴν
3219 4179 3323 4231 ὑπὸ
3365 4178 3481 4249 Θεῷ
3527 4180 3776 4234 δουλείαν

2203 4271 2604 4342 ἀποσειόμενοι,
2638 4271 2879 4324 συναποθ
2890 4271 3116 4342 ρώσκειν
3143 4273 3323 4336 αὐτοῖς
3346 4271 3564 4341 ἑτέρους
3585 4272 3777 4326 δυσσε-

526 4354 690 4409 sociis
731 4354 1061 4423 impietatis,
1097 4361 1158 4408 ut
1184 4369 1290 4407 una
1333 4369 1520 4408 secum
1557 4351 1946 4415 abscederent,
1982 4367 2089 4406 sua-

2206 4361 2430 4425 6οὖντας
2467 4361 2772 4416 ἀνέπειθον.
2818 4363 2958 4416 Ἀλλ’
3011 4365 3060 4415 οἱ
3115 4362 3210 4434 μὲν
3247 4362 3354 4415 τῶν
3405 4363 3554 4434 σφίσι
3598 4365 3777 4418 τετολ-

530 4443 744 4498 dercnt.
823 4443 1031 4498 Verum
1066 4443 1104 4496 ii
1144 4459 1255 4497 sua:
1313 4442 1556 4496 audacia:
1608 4457 1800 4512 pcenas
1840 4442 2064 4496 luerunt

2216 4453 2478 4526 μημένων
2514 4454 2939 4525 εἰσεπράττοντο
2983 4455 3156 4518 δίκας.
3189 4454 3474 4524 Διοιγνῦσα
3505 4455 3614 4524 γὰρ
3645 4457 3677 4526 ή
3704 4455 3771 4524 γῆ

531 4549 660 4588 nam
695 4540 837 4586 terra
858 4573 872 4596 ,
908 4548 1032 4586 cum
1060 4549 1120 4587 os
1142 4533 1466 4603 aperuisset,
1499 4533 1660 4591 simul
1690 4548 1814 4588 cum
1845 4532 2107 4604 cognatis,

2203 4544 2264 4598 τὸ
2301 4546 2473 4614 στόμα
2503 4545 2691 4613 αὐτῆς,
2727 4545 2908 4607 αὐτοῖς
2937 4545 3244 4614 όμογενέσι,
3286 4547 3508 4614 σκηναῖς
3555 4544 3646 4596 καὶ
3676 4557 3770 4594 πε-

527 4626 897 4680 tabernaculis
927 4634 1090 4695 atque
1129 4626 1459 4695 supellectili
1494 4626 1562 4679 ad
1604 4624 1812 4680 inferos
1848 4625 2089 4679 audacen

2207 4636 2489 4707 ριουσίαις,
2530 4638 2609 4698 εἰς
2641 4635 2770 4706 ᾇδου
2827 4635 3007 4692 καθίει
3036 4636 3127 4688 τὸν
3158 4634 3392 4699 ἀλαζόνα
3421 4635 3578 4688 λαόν·
3607 4636 3686 4687 ὅτι
3718 4631 3772 4684 δὲ

527 4717 794 4787 populum
827 4715 1106 4770 demersit.
1145 4715 1282 4770 Cum
1327 4716 1494 4786 igitur
1528 4716 1807 4786 legislator
1837 4716 1982 4769 Deus
2009 4713 2107 4768 de-

529 4809 740 4862 clarare
769 4808 934 4863 vellet
959 4807 1167 4862 caelesti
1199 4807 1431 4862 arbitrio
1457 4823 1522 4862 ac
1545 4808 1773 4878 judicio,
1803 4822 1914 4860 non
1939 4805 2108 4876 Moysi

527 4899 810 4954 voluntate
847 4899 1028 4954 Aaron
1079 4899 1592 4968 praastantissimum
1648 4897 1942 4953 sacerdotii
1981 4913 2107 4967 gra-

531 4989 662 5042 dum
725 5006 845 5045 esse
908 4991 1206 5055 sortitum,
1242 4991 1380 5045 dixit
1425 4990 1493 5044 ad
1549 4990 1771 5044 beatum
1833 4988 2105 5060 Moysen:

543 5098 561 5129 ι
601 5079 854 5149 Loquere
887 5081 1013 5138 ﬁliis
1045 5083 1234 5148 Israel,
1258 5091 1314 5138 et
1337 5083 1522 5151 accipe
1559 5080 1628 5134 ab
1660 5081 1742 5135 eis
1766 5080 1975 5149 virgam
2012 5095 2111 5149 per

537 5169 733 5225 domos
788 5172 1120 5230 familiarum
1188 5190 1450 5238 suarum,
1490 5189 1521 5227 a
1570 5171 1784 5228 cunctis
1841 5172 2109 5241 principi-

536 5261 643 5316 bus
696 5277 887 5318 eorum
949 5266 1240 5322 duodecim
1289 5266 1501 5336 virgas,
1576 5274 1633 5318 et
1681 5263 1920 5318 inscribe
1981 5263 2109 5318 uni-

540 5361 873 5427 uscujusque
929 5374 1144 5434 nomen
1198 5359 1256 5412 in
1330 5357 1482 5428 virga
1547 5359 1708 5428 ejus,
1791 5363 1847 5410 ct
1910 5370 2110 5410 nomen

542 5444 718 5500 Aaron
762 5447 1002 5503 inscribe
1061 5448 1116 5500 in
1166 5448 1318 5517 virga
1384 5448 1548 5513 Levi;
1609 5455 1694 5500 est
1747 5446 1895 5500 enim
1957 5445 2110 5515 virga

541 5551 648 5589 ima
688 5555 700 5590 :
737 5553 835 5607 per
887 5539 1088 5593 tribum
1140 5538 1336 5592 domus
1374 5538 1702 5593 familiarum
1737 5538 1980 5607 ipsorum
2012 5537 2110 5590 da-

613 5683 658 5714 ⁶³
700 5684 815 5740 Col.
873 5704 930 5753 ιι,
982 5691 1031 5744 9.
1113 5692 1155 5724 δ”
1189 5692 1339 5748 Joan.
1383 5708 1458 5758 ιιι,
1491 5692 1577 5748 δι.
1659 5693 1702 5725 θ’
1732 5693 1896 5748 llcbr.
1945 5708 2017 5758 ix,
2060 5690 2146 5743 ‘25.

2201 4729 2363 4800 ψήφῳ
2411 4730 2476 4799 τῇ
2512 4726 2738 4788 ἄνωθεν,
2775 4728 2867 4780 καὶ
2916 4727 3034 4797 οὐχὶ
3071 4726 3338 4798 θελήμασι
3366 4729 3476 4790 τοῖς
3514 4726 3770 4786 Μωσέως,

2202 4818 2299 4889 τὴν
2331 4817 2681 4890 προῦχουσαν
2715 4821 2772 4871 ὲν
2819 4817 3086 4890 ἱερωσύνῃ
3127 4817 3282 4882 τάξιν
3329 4817 3536 4889 Ἀαρὼν
3563 4817 3771 4886 διεκλη-

2207 4909 2440 4979 ρώσατο,
2491 4908 2810 4980 διατρανοῢν
2873 4908 3072 4977 ἐθέλων
3123 4908 3153 4960 ὁ
3203 4909 3519 4982 νομοθέτης,
3565 4912 3643 4972 εἰς
3686 4908 3772 4960 τὸν

2207 4999 2536 5070 πανάριστον
2558 4997 2659 5069 ἔφη
2676 4997 2898 5052 Μωσέα·
2931 5016 2948 5048 ι
2972 4998 3220 5069 Λάλησον
3253 5001 3364 5062 τοῖς
3380 5001 3514 5062 υἱοῖς
3542 4996 3769 5070 Ἰσραὴλ,

2207 5093 2300 5144 καὶ
2325 5090 2455 5145 λάϐε
2501 5091 2630 5160 παρ’
2673 5090 2852 5142 αὐτῶν
2878 5088 3090 5158 ῥάϐδον,
3138 5089 3259 5144 κατ’
3303 5089 3485 5152 οἴκους
3509 5087 3766 5159 πατριῶν,

2209 5181 2360 5254 παρὰ
2389 5182 2605 5234 πάντων
2639 5181 2747 5234 τῶν
2785 5182 3062 5252 ἀρχόντων
3091 5180 3285 5240 αὐτῶν,
3313 5182 3433 5232 κατ’
3456 5179 3637 5242 οἴκους
3676 5193 3772 5229 πα-

2213 5273 2380 5346 τριῶν
2408 5273 2606 5336 αὐτῶν,
2638 5269 2844 5326 δώδεκα
2877 5272 3126 5343 ῥάϐδους,
3147 5271 3240 5324 καὶ
3260 5272 3491 5324 ἑκάστου
3525 5271 3583 5322 τὸ
3613 5269 3772 5335 ὄνομα

2217 5365 2379 5419 αὐτοῦ
2429 5363 2726 5434 ὲπίγραψον
2796 5363 2889 5416 ἐπὶ
2941 5364 3040 5434 τῆς
3101 5362 3319 5433 ῥάϐδου.
3383 5361 3489 5413 Καὶ
3535 5360 3597 5411 τὸ
3615 5359 3770 5424 ὄνομα

2229 5454 2437 5527 ’Λαρὼν
2465 5455 2767 5525 ὲπίγραψον
2795 5456 2882 5508 ἐπὶ
2928 5455 3025 5525 τῆς
3075 5453 3270 5524 ῥάϐδου
3306 5454 3460 5507 Λευῖ.
3486 5450 3640 5504 ’Ἐστι
3672 5445 3770 5515 γὰρ

2221 5547 2413 5619 ράὄδος
2443 5545 2558 5616 μία.
2592 5545 2747 5599 Κατὰ
2784 5546 2958 5616 φυλὴν
2983 5546 3132 5600 οἴκου
3185 5543 3431 5616 πατριῶν
3465 5540 3639 5596 αὐτῶν
3677 5536 3768 5591 δώ·

2251 5682 2294 5714 “
2345 5681 2545 5751 Ephcs.
2615 5697 2674 5747 ιι,
2729 5681 2807 5736 l8.
3430 5718 3444 5732 .
3771 5693 3784 5721 ι
