3962 6296
240 197 347 253 (75

992 199 1080 254 DE
1119 199 1558 258 ADORATIONE
1597 199 1664 254 IN
1705 197 1973 256 SPIRITU
2015 197 2104 253 ET
2145 197 2510 293 VERIIATE.
2549 202 2675 258 LIB.
2718 204 2781 259 Χ.

3405 213 3514 269 674

247 325 420 364 σουσι.
456 307 570 362 Kal
594 307 787 380 θήσεις
806 309 974 375 αὐτὰς
1000 311 1058 365 ἐν
1083 314 1148 384 τῇ
1181 315 1354 385 σκηνῇ
1387 312 1482 366 τοῦ
1514 313 1824 386 μαρτυρίου.

1936 309 2097 364 bunt.
2140 311 2207 365 Et
2242 325 2414 381 pones
2442 327 2536 367 eas
2566 313 2621 367 in
2672 316 3027 373 tabernaculo
3070 320 3370 378 testimonii
3416 340 3515 379 co-

244 402 537 456 κατέναντι
584 400 681 454 τοῦ
737 402 1063 474 μαρτυρίου,
1107 406 1166 456 ἐν
1211 400 1293 468 οἷς
1327 405 1712 478 γνωσθησομαί
1754 423 1834 458 σοι

245 495 381 548 ἐκεῖ.
413 493 525 554 Kal
543 491 722 559 ἔσται,
749 495 776 546 6
793 494 1076 565 ἄνθρωπος
1098 494 1157 547 ὃν
1177 495 1244 550 ἂν
1269 495 1570 568 ἐκλέξωμαι
1599 497 1833 568 αύτὸν,ἡ

247 585 440 656 ῥάϐδος
481 586 646 638 αὑτοῦ
707 585 1093 657 ἐκϐλαστήσει.
1145 588 1258 642 Kal
1295 587 1534 659 περιελῶ
1570 589 1666 642 ἀπ’
1699 589 1832 659 ἐμοῦ

245 679 333 732 τὸν
369 677 691 746 γογγυσμὸν
727 678 860 729 υἱῶν
906 677 1144 748 Ἰσραὴλ,
1193 678 1230 732 ἃ
1273 679 1428 732 αὐτοὶ
1474 679 1834 749 γογγύζουσιν

244 771 326 837 ἐφ’
361 769 513 839 ὑμῖν.
568 768 681 822 Kal
733 767 961 839 ἐλάλησε
1006 771 1214 842 Μωσῆς
1262 774 1376 835 τοῖς
1426 772 1562 835 υἱοῖς
1591 771 1828 842 Ἰσραὴλ,

244 861 337 911 καὶ
371 859 582 912 ἔδωκαν
618 856 765 927 αὐτῷ
801 857 1001 921 πάντες
1031 859 1078 911 οί
1124 860 1381 931 ἄρχοντες
1414 861 1594 914 αὐτῶν
1617 861 1828 930 ῥάϐδον,

242 952 320 1023 τῷ
358 952 583 1022 ἄρχοντι
621 951 701 1022 τῷ
739 951 820 1005 ἐνὶ
884 952 1079 1023 ῥάϐδον
1123 953 1245 1008 κατ’
1275 953 1532 1024 ἄρχοντα,
1588 953 1708 1008 κατ’
1755 951 1832 1006 οἴ-

246 1060 370 1106 κους
398 1043 650 1113 πατριῶν
671 1043 872 1110 αὐτῶν,
901 1043 1109 1098 δώδεκα
1133 1044 1380 1114 ῥάϐδους.
1408 1045 1519 1098 Kal
1557 1045 1592 1116 ὴ
1633 1045 1830 1115 ῥάϐδος

259 1133 466 1204 Ἀαρὼν
499 1135 776 1204 ἀναμέσον
815 1135 923 1189 τῶν
957 1135 1168 1205 ῥάϐδων
1211 1135 1410 1202 αὐτῶν,
1445 1137 1538 1190 καὶ
1583 1136 1826 1206 άπέθηκε

243 1225 446 1294 Μωσῆς
483 1224 583 1287 τὰς
613 1225 844 1295 ῥάϐδους
873 1225 1054 1281 ἔναντι
1102 1227 1311 1298 Κυρίου
1351 1229 1410 1280 ἐν
1437 1229 1502 1298 τῇ
1538 1230 1708 1298 σκηνῇ
1733 1225 1826 1280 τοῦ

245 1313 572 1385 μαρτυρίου.
619 1315 730 1369 Kal
777 1317 997 1384 ἐγένετο
1043 1320 1108 1388 τῇ
1148 1317 1430 1389 ἐπαύριον,
1478 1319 1572 1371 καί¹
1613 1318 1828 1389 εἰσῆλθε

240 1406 449 1475 Μωσῆς
489 1407 585 1458 καὶ
633 1404 842 1477 Ἀαρὼν
875 1409 933 1460 ἐν
957 1409 1022 1479 τῇ
1054 1410 1225 1478 σκηνῇ
1260 1409 1352 1462 τοῦ
1373 1407 1694 1479 μαρτυρίου.
1721 1408 1828 1461 Kal

245 1500 352 1552 ἰδοὺ
392 1499 734 1570 ἐϐλάστησεν
782 1501 814 1570 ἡ
856 1500 1050 1570 ῥάϐδος
1089 1499 1297 1572 Ἀαρὼν
1334 1501 1414 1564 εἰς
1469 1497 1616 1554 οἷκον
1670 1498 1821 1563 Λευῒ,

241 1592 332 1644 καὶ
390 1592 654 1661 ἐξήνεγκε
725 1589 976 1660 βλαστὸν,
1029 1590 1124 1644 καὶ
1177 1590 1473 1662 ἐξήνθησεν
1523 1590 1681 1661 ἄνθη,
1730 1591 1825 1644 καὶ

239 1657 544 1754 ἐϐλάστησε
568 1657 771 1754 κάρυα.
813 1683 922 1737 Kal
957 1683 1214 1754 ἐξήνεγκε
1256 1657 1464 1754 Μωσῆς
1511 1657 1689 1745 πάσας
1729 1681 1828 1746 τὰς
1859 1657 1899 1712 Β

241 1773 475 1842 ῥάϐδους
517 1773 627 1826 ἀπὸ
676 1774 974 1844 προσώπου
1021 1775 1228 1843 Κυρίου
1270 1774 1405 1845 πρὸς
1433 1773 1641 1836 πάντας
1679 1775 1826 1836 υἱοὺς

252 1865 493 1938 Ἰσραήλ.
527 1865 638 1919 Kal
677 1861 837 1931 εἶδον,
879 1866 974 1917 καὶ
1007 1865 1196 1920 ἔλαϐον
1219 1865 1448 1929 ἕκαστος
1478 1865 1579 1934 τῆν
1631 1864 1826 1934 ῥάϐδον

240 1957 433 2011 αὐτοῦ.
479 1958 592 2011 Kal
623 1953 746 2011 εἷπε
774 1957 976 2027 Κύριος
1004 1957 1140 2030 πρὸς
1183 1958 1409 2028 Μωσῆνο
1463 1956 1688 2020 Ἀπόθες
1729 1955 1827 2027 τὴν

241 2048 438 2118 ῥάϐδον
474 2046 686 2119 Ἀαρὼν
716 2047 946 2101 ἐνώπιον
992 2047 1100 2101 τῶν
1147 2048 1465 2119 μαρτυρίων
1509 2048 1588 2110 εἰς
1637 2046 1823 2118 διατή-

243 2157 421 2210 ρησιν,
458 2142 684 2210 σημεῖον
719 2142 831 2204 τοῖς
873 2141 1007 2204 υἱοῖς
1031 2139 1140 2194 τῶν
1185 2139 1454 2209 ἀνηκόων.
1486 2139 1595 2193 Kal
1617 2139 1828 2193 παυσά-

239 2231 354 2284 σθω
387 2233 416 2284 ὁ
440 2231 756 2302 γογγυσμὸς
785 2231 961 2286 αὐτῶν
1000 2233 1096 2286 ἀπ’
1127 2231 1285 2303 ἐμοῦ,
1315 2232 1408 2285 καὶ
1430 2232 1491 2284 ού
1520 2231 1593 2302 μὴ
1619 2231 1824 2286 ἀποθά-

241 2341 394 2378 νωσι.
426 2344 444 2375 ›
483 2324 717 2394 Σημείον
757 2319 848 2378 οὖν
899 2324 998 2378 οὐκ
1038 2325 1359 2394 άσυμφανές
1390 2322 1489 2376 τοῦ
1527 2321 1824 2395 ἐξῃρῆσθαι

238 2415 514 2485 λαμπρῶς
561 2414 658 2466 καὶ
701 2415 1117 2486 ἐκκεκριμένως
1157 2417 1238 2478 εἰς
1279 2414 1611 2486 ἱερουργίαν,
1653 2415 1727 2477 ὡς
1767 2414 1824 2480 ἐξ

237 2508 473 2577 αἵματος
516 2505 674 2572 Aeni,
701 2507 792 2561 τὸν
827 2507 1113 2560 θεσπέσιον
1165 2505 1392 2576 Ἀαρὼν,
1419 2506 1479 2559 τὸ
1532 2505 1824 2576 ἐξανθῆσαι

237 2600 340 2670 τὴν
401 2599 619 2668 ῥάϐδον.
671 2599 1150 2671 Περιτρεπομένης
1181 2598 1238 2652 δέ
1265 2593 1420 2662 αὖθις
1473 2600 1553 2662 είς
1591 2597 1824 2669 θεωρίαν

239 2692 643 2763 πνευματικὴν,
674 2691 748 2755 ὼς
783 2693 838 2745 ἐν
871 2691 1060 2754 τύποις
1096 2691 1176 2744 ἐτι
1226 2691 1576 2761 παχυτάτοις,
1603 2691 1663 2744 τὸ
1690 2692 1825 2763 Χρι-

240 2783 370 2837 στοῦ
420 2784 721 2855 μυστήριον
767 2782 1072 2854 ἀναλάμψει
1114 2782 1297 2836 πάλιν.

311 2875 524 2927 ΠΑΛΛ.
567 2872 701 2924 Τίνα
727 2871 926 2943 τρόπον
955 2889 970 2938 ;

311 2967 493 3020 ΚΥΡ.’
523 2964 980 3036 Κεχειροτόνηται
1012 2964 1108 3035 μὲν
1129 2963 1237 3036 γὰρ
1254 2964 1552 3036 νομοθέτης
1587 2963 1702 3034 ἅμα
1729 2963 1820 3016 καὶ
1848 2991 1890 3048 C

238 3058 534 3130 ἀρχιερεὺς
563 3057 648 3125 ἐφ’
684 3059 835 3127 ἡμᾶς
882 3055 1033 3127 παρά
1083 3055 1219 3109 Θεοῦ
1245 3057 1337 3110 καὶ
1373 3056 1586 3128 Πατρὸς
1624 3057 1651 3108 6
1691 3056 1821 3124 Ἐμ-

242 3150 512 3222 μανουὴλ,
549 3150 741 3203 ἐαυτὸν
780 3148 920 3219 ὑπὲρ
952 3147 1110 3219 ἡμῶν
1159 3148 1512 3221 προσκομιῶν
1555 3147 1616 3201 τὸ
1649 3146 1816 3217 θῦμα.

251 3245 342 3305 Ὠς
370 3243 481 3313 γὰρ
513 3243 540 3294 ὁ
569 3241 836 3313 μακάριος
855 3241 968 3312 ’ἐφη
993 3240 1240 3309 Παῦλος,
1275 3260 1293 3292 ι
1327 3242 1385 3293 'O
1417 3241 1515 3311 μὲν
1546 3240 1711 3310 νόμος
1734 3239 1822 3293 διὰ

237 3333 510 3396 Μωσέως,
541 3329 859 3402 ἀνθρώπους
917 3329 1234 3401 καθίστησιν
1271 3331 1548 3402 ἀρχιερεῖς
1600 3330 1822 3401 ἔχοντας

234 3425 552 3478 ἀσθένειαν·
589 3425 618 3476 6
649 3421 806 3489 λόγος
833 3421 891 3474 δέ
911 3421 1011 3491 τῆς
1040 3422 1386 3493 ὁρκωμοσίας
1429 3422 1526 3492 τῆς
1568 3421 1708 3491 μετὰ
1733 3420 1822 3474 τὸν

237 3517 432 3586 νόμον,
467 3513 596 3568 Υἰὸν
629 3516 710 3576 είς
750 3515 843 3567 τὸν
871 3513 1043 3568 αἰῶνα
1069 3512 1523 3584 τετελειωμένον.
1555 3532 1574 3563 ι
1613 3511 1822 3566 Οὐκοῦν

233 3608 501 3664 καθίκετο
541 3608 640 3678 μὲν
683 3606 740 3673 ἐξ
777 3604 1006 3678 ούρανοῦ
1045 3608 1074 3660 ὁ
1114 3606 1308 3674 Λόγος,
1349 3606 1441 3659 καὶ
1473 3604 1664 3673 γέγονε
1698 3603 1820 3658 καθ’

233 3703 408 3772 ἡμᾶς.
446 3700 558 3754 τῶν
619 3699 789 3768 ἁγίων
827 3698 1137 3770 λειτουργὸς
1189 3698 1417 3767 καὶτῆς
1471 3697 1676 3767 σκηνῆς
1723 3695 1822 3767 τῆς

233 3791 506 3861 ἀληθινῆς
559 3791 626 3862 ἦν
670 3790 868 3862 ἔπηξεν
907 3793 935 3844 6
979 3791 1199 3861 Κύριος,
1245 3791 1337 3843 καὶ
1374 3789 1473 3842 οὐκ
1515 3787 1818 3860 ἄνθρωπος.

246 3884 392 3937 Ἀλλ’
451 3885 554 3936 οὐκ
609 3883 785 3936 ἐδόκει
840 3885 1056 3954 φρονεῖν
1107 3881 1245 3952 ὀρθὰ
1301 3884 1412 3944 τοῖς
1474 3880 1534 3944 ἐξ
1591 3880 1821 3950 αἵματος

248 3977 491 4049 Ἰσραήλο
543 3976 932 4044 ἀντεξάγοντες
979 3976 1035 4029 δὲ
1068 3975 1256 4045 ὥσπερ
1303 3973 1452 4044 αὐτῷ
1482 3974 1542 4026 τὸ
1574 3975 1701 4027 ἴδιον
1732 3971 1820 4025 θέ-

233 4067 390 4138 λημα
428 4070 543 4131 τοῖς
575 4070 640 4121 ἐκ
672 4067 870 4137 φθόνου
901 4067 1077 4138 βέλεσι
1103 4066 1456 4137 πολυτρόπως
1489 4064 1731 4128 ἔϐαλλον,
1758 4064 1818 4117 οὐ

233 4157 509 4228 γλώττης,
534 4159 597 4210 ού
635 4157 871 4228 θράσους
895 4195 910 4221 ,
942 4157 1041 4210 οὐκ
1092 4156 1336 4210 ἐκτόπων
1374 4156 1820 4227 ἐπιχειρημάτων

186 4286 200 4290 -
234 4247 318 4301 ἔτι
339 4248 669 4318 φειδόμενοι,
692 4245 994 4310 διολλύντες
1025 4246 1082 4299 δὲ
1112 4248 1252 4315 σφᾶς
1278 4247 1473 4308 αὐτοὺς
1499 4247 1549 4298 οἱ
1575 4246 1814 4309 δείλαιοι,

1937 417 2056 455 ram
2085 402 2404 456 testimonio
2431 402 2486 456 in
2514 404 2716 473 quibus
2743 421 3040 477 cognoscar
3067 427 3095 464 a
3130 421 3180 466 te
3199 413 3306 480 ibi;
3337 424 3393 470 et
3408 417 3518 472 erit

1933 491 2119 557 homo,
2159 509 2322 563 quem
2339 509 2442 565 ego
2471 497 2710 566 elegero,
2741 497 2893 568 virga
2921 502 3040 570 ejus
3057 504 3388 572 germinabit
3414 525 3428 573 ;
3460 518 3518 562 et

1931 584 2179 639 auferam
2211 602 2240 639 a
2267 595 2318 640 te
2362 589 2856 644 murmurationem
2891 590 3125 647 ﬁliorum
3170 595 3366 663 Israel,
3407 614 3516 668 qua

1931 674 2035 744 ipsi
2064 686 2414 732 murmurant
2441 678 2704 735 adversus
2725 697 2840 735 vos.
2881 681 3183 739 Et-locutus
3204 695 3287 741 est
3307 689 3516 760 Moyses

1931 764 2059 820 ﬁliis
2093 767 2261 822 Israel
2287 786 2300 834 ;
2330 776 2388 823 et
2407 769 2683 826 dederunt
2714 772 2793 826 illi
2835 789 3026 829 omnes
3059 775 3338 847 principes
3364 778 3514 849 ipso-

1930 874 2054 912 rum
2101 859 2331 930 virgam,
2365 861 2600 933 principi
2623 863 2717 917 uni
2742 863 2950 933 virgam
2980 881 3079 934 per
3095 866 3340 937 singulos
3360 871 3485 939 prin
3510 899 3518 912 ο

1927 949 2079 1018 cipes
2099 990 2112 1015 ,
2150 952 2453 1007 secundum
2482 954 2674 1010 domos
2707 955 3043 1012 familiarum
3071 958 3338 1028 ipsorum,
3373 961 3513 1016 duo-

1927 1041 2104 1096 decim
2143 1044 2358 1115 virgas:
2390 1055 2448 1102 et
2504 1048 2657 1118 virga
2701 1047 2882 1104 Aaron
2924 1050 2981 1104 in
3029 1051 3214 1106 medio
3237 1052 3514 1124 virgarum

1928 1133 2219 1203 ipsorum:
2256 1148 2313 1190 et
2336 1139 2582 1208 reposuit
2610 1140 2818 1211 Moyses
2840 1142 3020 1212 virgas
3057 1153 3181 1198 ante
3219 1144 3512 1202 Dominum

1927 1227 1984 1280 in
2017 1227 2371 1284 tabernaculo
2389 1231 2708 1287 testimonii.
2731 1233 2799 1287 Et
2817 1233 3024 1288 factum
3042 1244 3126 1290 est
3152 1237 3241 1292 die
3267 1247 3509 1308 postera,

1927 1317 2210 1389 ingressus
2240 1329 2323 1376 est
2349 1322 2561 1394 Moyses
2585 1333 2641 1377 et
2665 1325 2845 1378 Aaron
2894 1325 2951 1380 in
2987 1328 3398 1384 tabernaculum
3427 1339 3511 1386 te-

1926 1406 2199 1475 stimonii;
2229 1416 2285 1464 et
2307 1425 2436 1466 ecce
2465 1414 2864 1483 germinaverat
2880 1416 3032 1487 virga
3046 1417 3228 1473 Aaron
3260 1420 3315 1474 in
3347 1420 3511 1477 domo

1926 1497 2098 1565 Levi,
2153 1510 2210 1555 et
2238 1503 2511 1558 extulerat
2563 1521 2786 1575 germen
2811 1548 2826 1572 ,
2862 1516 2920 1562 et
2947 1511 3206 1565 emiserat
3241 1510 3422 1577 ﬂores,
3455 1522 3513 1569 et

1926 1591 2330 1661 germinaverat
2353 1611 2543 1650 nuces.
2575 1597 2645 1651 Et
2671 1598 2862 1653 eduxit
2884 1600 3093 1671 Moyses
3116 1613 3304 1658 omnes
3329 1605 3510 1673 virgas

1927 1696 1959 1734 a
1997 1691 2293 1751 conspectu
2321 1685 2534 1740 Domini
2566 1687 2634 1741 ad
2663 1703 2855 1746 omnes
2878 1691 3019 1747 ﬁlios
3047 1693 3214 1748 Israel
3239 1712 3251 1748 :
3280 1704 3337 1749 et
3356 1696 3510 1751 vidc-

1928 1780 2081 1836 runt,
2117 1779 2175 1826 et
2212 1785 2544 1843 acceperunt
2573 1780 2951 1850 unusquisque
2989 1783 3197 1853 virgam
3223 1800 3411 1851 suam;
3453 1795 3510 1840 et

1928 1863 2147 1919 loeutus
2196 1873 2280 1919 est
2321 1866 2586 1923 Dominus
2635 1870 2702 1924 ad
2751 1872 2972 1944 Moysen
3003 1875 3262 1946 :Repone
3297 1879 3508 1950 virgam

1924 1953 2130 2020 Aaron,
2160 1971 2284 2025 quae
2313 1959 2673 2027 germinavit,
2706 1969 2832 2017 ante
2863 1965 3200 2030 testimonia,
3227 1976 3289 2021 ut
3319 1983 3506 2024 serve-

1926 2054 2016 2100 tur
2071 2047 2128 2101 in
2162 2047 2378 2118 signum
2415 2049 2544 2104 ﬁliis
2576 2051 3040 2120 inobedientium,
3073 2064 3130 2110 et
3162 2065 3337 2112 cesset
3357 2074 3507 2112 mur-

1925 2140 2162 2194 muratio
2191 2155 2384 2194 eorum
2421 2157 2451 2196 a
2478 2157 2594 2206 me,
2617 2151 2674 2198 et
2703 2159 2812 2197 non
2848 2145 3154 2200 moriantur
3184 2148 3246 2200 ".
3292 2168 3311 2199 ι
3348 2147 3505 2214 Quod

1926 2227 2093 2298 igitur
2128 2229 2278 2300 virga
2311 2231 2671 2301 germinavit,
2698 2232 2910 2303 signum
2942 2233 2998 2287 id
3018 2235 3240 2303 quidem
3269 2252 3379 2290 non
3400 2237 3502 2292 ob-

1925 2334 2148 2374 scurum
2180 2320 2304 2386 fuit,
2337 2337 2447 2391 quo
2470 2322 2844 2378 declararetur
2873 2339 2941 2377 ex
2964 2324 3112 2378 tribu
3149 2324 3285 2380 Levi
3324 2325 3502 2380 admi-

1925 2409 2156 2464 randum
2197 2411 2352 2465 illum
2386 2413 2567 2466 virum
2605 2413 2784 2467 Aaron
2819 2414 3106 2484 splendide
3143 2423 3307 2486 atque
3344 2433 3502 2487 egre-

1924 2500 2011 2571 gie
2060 2516 2181 2556 esse
2228 2501 2296 2556 ad
2349 2504 2641 2559 sacerdotii
2687 2521 2886 2560 munus
2917 2506 3153 2560 electum
3191 2509 3254 2560 ⁸⁸.
3294 2508 3420 2572 Sed,
3456 2510 3503 2562 si

1925 2594 2041 2649 haec
2069 2595 2259 2649 rudior
2289 2595 2459 2666 ﬁgura
2499 2596 2566 2650 ad
2607 2598 2948 2667 spiritualem
2979 2599 3501 2670 contemplationem

1927 2686 2274 2752 traducatur,
2307 2687 2510 2743 Christi
2543 2691 2867 2761 mysterium
2910 2705 3104 2747 rursus
3137 2691 3394 2746 elucebit.

1995 2866 2188 2922 PALL.
2207 2864 2334 2934 'Quo
2364 2868 2581 2923 tandem
2609 2867 2756 2922 istud
2779 2867 2976 2922 modo?

1993 2944 2150 3009 (ΝΒ.
2176 2956 2270 3011 Ille
2312 2971 2552 3026 namque
2591 2956 2912 3010 Emmanuel
2946 2971 2977 3009 a
3005 2956 3116 3010 Deo
3150 2964 3206 3012 et
3230 2957 3388 3012 Patre
3426 2958 3513 3012 led

1922 3046 2148 3117 gislator
2177 3046 2340 3101 simul
2381 3043 2437 3101 et
2462 3047 2706 3116 pontifex
2726 3055 2914 3102 noster
2949 3047 3160 3101 electus
3186 3057 3287 3114 est,
3321 3048 3413 3118 qui
3441 3065 3526 3109 se.

1923 3139 2101 3209 ipsum
2118 3137 2392 3191 victimam
2409 3152 2510 3207 pro
2525 3137 2686 3192 nobis
2701 3137 2927 3192 oﬁ‘erret
2951 3139 3016 3190 θ’.
3036 3137 3101 3192 Ut
3136 3136 3281 3191 enim
3306 3137 3504 3195 beatus

1922 3230 2122 3285 Paulus
2169 3229 2245 3282 ait
2272 3247 2284 3281 :
2319 3248 2336 3279 ι
2367 3228 2481 3282 Lex
2531 3227 2752 3297 quidem
2777 3244 2875 3298 per
2903 3228 3120 3298 Moysen
3151 3229 3276 3283 data
3325 3229 3502 3284 homi-

1923 3337 2021 3376 nes
2063 3319 2350 3376 constituit
2393 3318 2713 3388 pontiﬁces,
2770 3319 3037 3374 habentes
3088 3319 3497 3388 inﬁrmitatem;

1921 3427 2102 3467 sermo
2141 3419 2321 3466 autem
2344 3409 2723 3482 jurisjurandi,
2742 3408 2902 3480 342
2921 3409 3011 3478 qui
3043 3417 3168 3478 post
3196 3410 3369 3480 legem
3392 3419 3497 3474 est.

1922 3504 2120 3559 Filium
2148 3502 2204 3556 in
2251 3509 2516 3556 aeternum
2544 3498 2850 3570 perfectum
2881 3499 2946 3552 ⁷ο.
2981 3517 2999 3550 ›
3038 3499 3210 3570 Igitur
3254 3499 3499 3554 Verbum

1923 3595 2054 3650 illud
2082 3593 2368 3650 descendit
2398 3592 2620 3663 quidem
2646 3606 2677 3646 e
2705 3591 2880 3656 ccelis,
2913 3599 2970 3646 et
2993 3589 3196 3644 factum
3213 3598 3298 3646 est
3325 3593 3498 3646 nostri

1923 3687 2120 3752 simile,
2157 3693 2470 3741 sanctorum
2489 3683 2738 3738 minister
2761 3689 2816 3737 et
2843 3682 3176 3737 tabernaculi
3217 3683 3330 3738 veri
3350 3683 3497 3754 quod

1923 3777 2039 3832 ﬁxit
2064 3778 2228 3841 Deus,
2255 3783 2312 3831 et
2336 3791 2447 3830 non
2466 3775 2651 3830 homo.
2682 3773 2786 3828 Sed
2814 3773 2903 3839 iis,
2923 3773 3016 3844 qui
3040 3783 3197 3828 erant
3213 3789 3278 3828 ex
3300 3790 3499 3846 genere

1922 3869 2111 3933 Israel,
2146 3884 2256 3924 non
2293 3877 2439 3923 recte
2465 3867 2670 3922 sentire
2695 3865 2986 3921 videbatur
3017 3883 3030 3919 :
3059 3866 3246 3936 itaque
3276 3867 3500 3923 cumilli

1922 3976 2076 4016 suam
2102 3960 2343 4030 ipsorum
2356 3961 2691 4014 voluntatem
2719 3966 3078 4028 opponerent,
3106 3958 3161 4012 in
3190 3959 3341 4013 illum
3360 3959 3499 4014 invi-

1924 4053 2029 4107 dia:
2056 4053 2238 4124 jacula
2263 4050 2563 4106 multifarie
2595 4050 2982 4119 conjecerunt;
3011 4048 3354 4117 nonlinguac,
3386 4065 3495 4104 non

1921 4145 2183 4210 audaciaa,
2202 4157 2312 4196 non
2327 4139 2550 4195 nefariis
2569 4139 2678 4209 jam
2708 4138 3385 4216 conatibuspepercerunt,
3400 4139 3497 4194 scd

1924 4239 1980 4292 i'n
2006 4251 2159 4290 suam
2196 4233 2300 4303 ipsi
2340 4231 2640 4300 perniciem
2681 4229 2867 4283 miseri
2903 4237 3181 4298 postremo
3207 4228 3495 4284 cruciﬁxe-

234 4341 333 4393 καὶ
387 4339 696 4392 τελευταῖον
741 4337 1112 4408 ἐσταύρωσαν.
1154 4337 1300 4409 Πλὴν
1345 4336 1635 4390 ἀνέθαλλεν
1663 4339 1695 4406 ἡ
1725 4337 1820 4407 ῥά-

1925 4335 2072 4383 runt.
2101 4325 2207 4382 Sed
2241 4322 2489 4378 refloruit
2517 4321 2667 4392 virga
2685 4321 2752 4375 de
2777 4321 2960 4375 radice
2987 4320 3159 4383 Jcsse,
3197 4321 3496 4376 resurrexit

231 4432 324 4494 δος
356 4433 391 4501 ή
421 4433 486 4483 ἐκ
522 4429 680 4501 ῥίζης
721 4430 940 4484 Ἰεσσαί·
991 4430 1160 4500 ἀνέφυ
1206 4431 1315 4501 γὰρ
1365 4430 1429 4500 δὴ
1473 4431 1568 4483 καὶ
1622 4430 1822 4483 ἀνεϐίω

230 4521 689 4591 Χριστὸς,λύσας
723 4520 820 4584 τὰς
853 4521 1047 4584 ὀδύνας
1104 4519 1197 4574 τοῦ
1234 4519 1488 4585 θανάτου,
1533 4519 1676 4573 καθά
1727 4519 1820 4588 γέ-

232 4631 518 4685 γραπται·
543 4613 687 4684 ζωὴν
712 4613 821 4684 γὰρ
854 4613 983 4667 ὄντα
1010 4613 1152 4666 κατὰ
1181 4612 1366 4682 φύσιν,
1402 4613 1476 4675 ὼς
1512 4611 1664 4675 Θεὸν,
1705 4611 1821 4674 πῶς

229 4703 305 4777 ἦν
358 4706 508 4768 εἰκὸς
564 4705 886 4776 κρατεῖσθαι
928 4704 1163 4774 θανάτῳ,
1199 4705 1294 4756 καὶ
1337 4704 1458 4773 οὐχὶ
1507 4703 1572 4774 δὴ
1624 4701 1820 4772 μᾶλλον

231 4798 582 4865 καταθλῆσαι
604 4797 844 4868 φθορᾶς;
876 4798 1086 4866 Ὥσπερ
1113 4796 1170 4849 δέ
1201 4795 1263 4849 τὸ
1290 4794 1564 4865 ἀναφῦναι
1591 4793 1691 4864 τὴν
1721 4793 1820 4864 ῥά-

231 4889 382 4955 ϐδον,
411 4890 507 4942 καὶ
540 4889 894 4944 ἀναϐλαστεῖν
918 4889 1199 4961 ἀδοκήτως
1236 4889 1296 4942 τὸ
1325 4888 1550 4952 ἀνανθές
1593 4888 1692 4959 ἤδη
1728 4885 1822 4949 ξύ-

229 4981 348 5046 λον,
363 4981 585 5052 διαρκὲς
599 4984 710 5044 τοῖς
726 4981 1098 5052 ἀρχαιοτέροις
1115 4998 1180 5052 ση
1190 4982 1338 5050 μεῖον
1349 4976 1416 5048 ἦν
1430 4979 1524 5033 τοῦ
1542 4980 1629 5033 διὰ
1640 4979 1820 5050 ψήφου

227 5072 340 5142 τῆς
353 5071 562 5126 ἀνωθεν
579 5073 658 5135 εἰς
672 5071 931 5142 ἀρχιερέα
952 5070 1431 5142 κεχειροτονῆσθαι
1458 5069 1550 5124 τὸν
1588 5069 1817 5139 ’Λαρώνο

229 5162 382 5216 οὕτω
414 5163 616 5233 φαμὲν,
641 5162 725 5216 ὅτι
763 5161 992 5232 λαμπρά
1018 5178 1078 5214 τε
1117 5161 1214 5214 καὶ
1265 5161 1502 5232 ἐναργὴς
1538 5160 1632 5214 καὶ
1678 5162 1816 5214 ἀπο-

228 5254 426 5324 χρῶσα
445 5253 566 5307 λίαν
593 5253 864 5317 ἀπόδειξις
910 5253 1006 5307 τοῦ
1035 5253 1127 5305 καὶ
1155 5251 1286 5305 Θεὸν
1315 5248 1454 5306 εἶναι
1484 5250 1625 5305 κατὰ
1655 5249 1815 5320 φύσιν

226 5346 329 5398 τὸν
381 5344 752 5417 Ἐμμανουὴλ,
778 5345 838 5398 τὸ
884 5347 1125 5411 πατῆσαι
1155 5344 1406 5408 θάνατον,
1443 5343 1536 5396 καὶ
1581 5342 1814 5396 ἀναϐιῶ-

227 5455 326 5492 ναι
386 5437 746 5510 θεοπρεπῶς.
777 5437 887 5492 Kal
921 5437 1053 5506 γοῦν
1103 5436 1266 5499 αὐτὸς
1292 5438 1320 5489 6
1343 5433 1598 5507 Χριστὸς,
1635 5437 1813 5490 καίτοι

315 5554 357 5584 ετ
412 5553 572 5607 Num.
636 5569 769 5618 ιιι-ιι,
830 5553 988 5608 2-11.
1067 5555 1110 5586 ⁸³
1144 5553 1310 5609 Ilebr.
1355 5569 1446 5618 vn,
1484 5554 1515 5608 5
1545 5569 1696 5624 seqq.

1791 5554 1834 5587 "
1871 5553 2037 5608 IIebr.
2083 5565 2155 5613 Ix,
2203 5545 2282 5599 ll.

1923 4420 2196 4481 Christus,
2226 4417 2421 4472 solutis
2463 4413 2750 4471 doloribus
2782 4411 3019 4476 inferni,
3055 4411 3200 4465 sicut
3229 4413 3495 4481 scriptum

1918 4524 2002 4569 est
2029 4515 2070 4544 ἰ
2109 4530 2122 4565 :
2151 4511 2245 4581 qui
2277 4510 2422 4565 enim
2453 4517 2710 4577 tanquam
2740 4505 2885 4559 Deus
2911 4504 3026 4574 ipsa
3051 4504 3162 4558 vita
3193 4502 3496 4558 secundum

1917 4613 2168 4661 naturam
2213 4609 2350 4665 erat,
2410 4615 2537 4655 eum
2589 4613 2696 4668 qua
2749 4597 2958 4651 ratione
3017 4611 3232 4665 aequum
3303 4593 3498 4648 fuisset

1917 4705 2095 4752 morte
2126 4692 2380 4756 detineri,
2426 4706 2490 4745 ac
2520 4706 2628 4744 non
2651 4689 2833 4759 potius
2865 4688 2934 4742 ab
2967 4702 3032 4741 eo
3072 4686 3247 4756 ipsum
3275 4699 3496 4754 quoque

1919 4787 2204 4844 interitum
2236 4781 2574 4853 expugnari?
2609 4780 2714 4836 Sed
2755 4789 2816 4835 ut
2863 4778 3076 4833 aridum
3120 4778 3232 4849 jam
3264 4776 3398 4830 illud
3424 4777 3494 4851 li-

1918 4895 2106 4952 gnum.
2137 4893 2260 4933 cum
2289 4875 2643 4948 germinasset
2669 4881 2832 4941 atque
2865 4870 3160 4938 derepente
3199 4867 3492 4933 ﬂoruisset,

1922 4974 2140 5044 signum
2171 4970 2276 5024 fuit
2305 4967 2515 5032 eﬁicax,
2540 4981 2650 5037 quo
2682 4963 2964 5019 veteribus
2987 4961 3093 5016 illis
3125 4961 3496 5017 declararetur

1919 5080 2157 5137 superno
2191 5062 2446 5132 suﬁ'ragio
2471 5060 2650 5115 Aaron
2705 5070 2976 5112 summum
3009 5053 3344 5109 sacerdotem
3375 5068 3494 5107 esse

1921 5166 2166 5214 creatum
2201 5173 2214 5209 :
2244 5155 2323 5210 sic
2362 5152 2597 5207 dicimus
2634 5147 2952 5218 praeclarum
2985 5154 3042 5200 et
3070 5145 3296 5200 evidens
3332 5152 3494 5213 atque

1923 5247 2180 5301 idoneum
2199 5259 2318 5299 esse
2333 5247 2736 5312 argumentum,
2763 5252 2872 5306 quo
2887 5237 3149 5306 probetur
3175 5236 3343 5290 Deum
3373 5249 3493 5286 esse

1921 5337 2222 5394 secundum
2271 5343 2522 5386 naturam
2578 5328 2754 5397 ipsum
2817 5324 3159 5389 Emmanuel,
3199 5324 3254 5377 in
3286 5337 3351 5376 eo
3383 5335 3493 5389 quo

1923 5439 2152 5487 mortem
2174 5423 2425 5486 calcavit,
2465 5430 2540 5486 et,
2597 5431 2658 5474 ut
2702 5419 2813 5473 Deo
2853 5419 3075 5491 dignum
3109 5425 3246 5479 erat,
3274 5413 3489 5469 revixit.

2387 5541 2432 5572 το
2479 5539 2647 5594 Hebr.
2689 5556 2780 5601 vn,
2816 5538 2904 5592 9.8.
2981 5540 3020 5570 τ’
3058 5536 3176 5590 Act.
3206 5550 3261 5599 ll,
3291 5532 3361 5588 24
