3962 6296
525 189 630 242 ιιτό

1505 180 1567 234 S.
1611 177 1887 253 QYRILLI
1923 171 2396 232 ALEXANDle
2434 171 2752 229 ARCIHEP.

3677 169 3780 224 676

523 306 711 372 itaque
741 301 884 357 idem
916 301 1031 372 ipse
1045 299 1322 365 Christus,
1349 299 1598 369 quamvis
1623 297 1774 352 n'ullo
1799 295 2018 366 negotio
2042 309 2102 348 ac

2211 293 2317 346 πᾶν
2353 290 2530 345 ὁτιοῦν
2565 289 2673 342 τῶν
2720 285 2862 360 ὑπέρ
2908 302 2971 354 γε
3001 285 3062 339 τὸ
3097 281 3243 348 είκδς
3277 283 3370 336 καὶ
3392 283 3549 352 λόγον
3577 282 3780 338 ἀποπε-

521 396 680 450 facile
701 402 903 465 posset,
923 393 1187 464 quidquid
1208 407 1372 462 supra
1398 392 1713 462 Opinionem
1741 404 1804 442 ac
1835 388 2102 441 rationem

517 494 688 549 esset,
722 484 1010 554 perﬁcere,
1044 484 1256 554 signum
1281 482 1596 553 petentibus
1613 480 1816 535 Iudaeis
1838 478 2054 558 dicebat
2087 493 2098 528 :

531 595 550 626 ι
590 574 885 630 Generatio
928 575 1045 629 haec
1071 589 1234 644 prava
1268 582 1372 637 est,
1425 573 1639 642 signum
1685 569 1902 640 quaerit,
1939 577 1996 622 et
2027 567 2103 621 si-

523 683 688 736 gnum
726 683 836 720 non
860 666 1080 720 dabitur
1112 666 1184 728 ei,
1226 665 1332 719 nisi
1371 665 1587 734 signum
1616 662 1766 717 Jome
1801 660 2101 730 prophetae,

521 759 679 813 Sicut
734 756 881 811 enim
905 756 1014 811 fuit
1042 756 1208 811 Jonas
1238 756 1294 809 in
1324 762 1516 809 ventre
1544 753 1651 808 ceti
1687 752 1864 807 tribus
1910 749 2106 804 diebus

526 857 588 904 et
610 849 787 904 tribus
811 847 1087 911 noctibus,
1124 847 1204 901 sic
1235 845 1342 900 erit
1366 843 1536 898 Filius
1570 841 1811 902 hominis
1850 841 1907 894 in
1941 839 2106 894 corde

522 945 687 992 terra:
736 937 920 991 tribus
946 935 1142 990 diebus
1180 943 1234 989 et
1261 934 1439 988 tribus
1471 933 1726 989 noctibus
1783 932 1848 984 τ’.
1888 948 1906 981 ι
1939 929 2108 999 Igitur

522 1027 740 1081 celebre
764 1041 894 1081 sane
919 1034 974 1081 et
999 1026 1211 1080 illustre
1231 1025 1447 1096 signum
1473 1031 1578 1088 est,
1608 1031 1664 1077 et
1681 1023 1768 1086 iis,
1791 1021 1885 1092 qui
1916 1036 2108 1076 revera

521 1120 823 1193 prudentes
864 1128 1010 1184 sunt,
1068 1118 1202 1172 satis
1242 1117 1430 1172 ellicax
1470 1116 1538 1170 ad
1584 1115 1746 1170 ﬁdem
1780 1114 2106 1178 faciendam,

525 1210 706 1279 ipsum
738 1210 934 1263 Filium
965 1207 1270 1262 secundum
1293 1216 1548 1262 naturam
1573 1221 1692 1261 esse
1715 1207 1910 1268 Deum,
1948 1213 2004 1259 et
2042 1220 2108 1258 ex

525 1301 637 1354 Deo
653 1300 811 1354 Patre
833 1307 1032 1363 ortum,
1056 1299 1161 1353 hoc
1182 1299 1380 1368 ipsum,
1404 1299 1547 1369 quod
1571 1307 1800 1352 mortem
1819 1297 2106 1362 destruxit,

521 1401 581 1447 et
601 1391 846 1447 refloruit
881 1392 945 1446 ad
965 1392 1197 1446 vitam»:
1226 1393 1422 1447 Factus
1442 1391 1588 1445 enim
1612 1398 1695 1445 est
1716 1388 1830 1462 ipse
1858 1389 2111 1459 primitiae

523 1482 934 1544 dormientium,
963 1489 1016 1536 et
1037 1482 1434 1551 primogenitus
1455 1496 1521 1535 ex
1549 1481 1783 1534 mortuis
1805 1479 1881 1544 ⁷³;
1908 1497 1928 1531 ι
1947 1478 2110 1548 idque

525 1572 744 1640 signum
779 1571 907 1626 ﬁliis
933 1571 1366 1628 inobedientium
1397 1577 1482 1625 est
1511 1571 1720 1634 datum,
1761 1583 1871 1638 quo
1909 1568 2110 1626 intelli-

524 1663 946 1733 gantChristum
977 1663 1070 1718 Dei
1115 1678 1179 1717 ac
1209 1663 1385 1719 Patris
1428 1661 1688 1732 suffragio
1719 1675 1992 1715 summum
2019 1675 2107 1715 sa-

524 1754 798 1809 cerdotem
826 1763 1076 1809 nostrum
1107 1769 1226 1807 esse
1248 1753 1473 1816 factum,
1509 1769 1526 1802 ι
1556 1759 1828 1815 sanctum,
1849 1751 2111 1804 innocen-

525 1851 658 1907 tem,
709 1845 1093 1914 impollutum,
1153 1851 1495 1913 segregatum
1545 1857 1576 1894 a
1629 1841 2012 1910 peccatoribus
2054 1847 2110 1894 et

521 1935 876 1990 excelsiorem
898 1935 1050 1989 ccelis
1073 1934 1296 1999 factum,
1329 1951 1347 1984 ι
1387 1933 1530 1988 sicut
1558 1934 1825 2002 scriptum
1846 1941 1930 1988 est
1954 1933 2020 1989 ⁷⁸.

589 2112 786 2168 PALL.
815 2112 921 2168 Sed
967 2129 1076 2168 non
1121 2113 1297 2168 solum
1349 2112 1681 2186 geminavit
1729 2116 1882 2185 virga
1929 2114 2109 2172 Aaron

523 2206 602 2275 (id
625 2205 771 2259 enim
797 2220 963 2260 sacrze
987 2205 1203 2260 Littera:
1229 2204 1391 2259 modo
1406 2206 1566 2262 nobis
1595 2207 1996 2278 ostenderunt),
2013 2206 2110 2262 sed

523 2299 756 2370 protulit
779 2313 966 2353 nuces.
1001 2298 1062 2352 Id
1112 2312 1244 2352 vero
1266 2298 1495 2367 aenigma
1529 2297 1661 2368 quid
1686 2297 1976 2369 signiﬁcet,
2020 2301 2109 2357 in-

526 2391 773 2460 telligere
799 2405 1036 2459 nequeo.

591 2481 752 2551 343
780 2479 936 2535 CYR.
982 2479 1228 2535 Primum
1277 2480 1522 2551 quidem,
1569 2480 1798 2547 Palladi,
1846 2482 2108 2542 nihilab-

527 2571 679 2626 surdi
703 2578 806 2636 est,
825 2571 893 2625 de
917 2586 1056 2626 nuce
1081 2581 1414 2642 assumptam
1434 2588 1556 2627 esse
1577 2573 1787 2642 virgam
1807 2575 2106 2646 suspicari;

526 2669 750 2732 eratque
794 2662 988 2733 priscis
1033 2663 1140 2716 illis
1193 2662 1250 2717 in
1307 2677 1457 2718 more
1516 2664 1755 2736 positum
1807 2666 2005 2721 talibus
2029 2667 2109 2722 uti

528 2753 775 2822 sceptris.
826 2754 1033 2810 Deinde
1090 2770 1242 2819 vero,
1291 2754 1338 2810 si
1390 2754 1661 2811 rationem
1695 2757 2109 2813 accommodare

528 2852 782 2914 Oporteat
804 2846 891 2901 his
933 2847 1494 2920 contemplationibns
1533 2859 1948 2920 congruentem,
1973 2849 2108 2907 illud

2210 385 2412 455 ραίνειν
2450 381 2691 453 ἀμογητὶ
2711 381 2804 432 καὶ
2836 378 3072 440 εὐκόλως
3103 376 3422 444 δυνάμενος,
3453 376 3568 438 τοῖς
3601 374 3662 427 τὸ
3686 392 3781 446 ση-

2159 473 2163 482 ’
2209 478 2359 544 μεῖον
2427 473 2668 531 αἰτοῦσιν
2714 471 2970 540 ἔφασκεν·
3013 487 3032 520 ι
3070 468 3135 520 Ἦ
3181 465 3346 535 γενεὰ
3381 465 3520 537 αῦτη
3574 467 3785 537 πονηρά

2204 568 2343 620 ἐστι·
2375 567 2600 636 σημεῖον
2632 564 2793 626 αἰτεῖ,
2828 562 2923 615 καὶ
2957 562 3182 631 σημεῖον
3214 559 3275 612 οὐ
3315 557 3601 628 δοθήσεται
3623 558 3780 630 αὐτῇ,

2205 659 2254 709 εἰ
2283 656 2355 728 μὴ
2406 656 2466 710 τὺ
2525 657 2747 726 σημεῖον
2790 653 2946 706 Ἰωνᾶ
2985 650 3080 706 τοῦ
3113 650 3417 722 προφήτου.
3445 648 3659 719 Ὠσπερ
3679 648 3784 716 γὰρ

2205 743 2273 818 ἦν
2309 749 2492 811 Ἰωνᾶς
2513 749 2572 800 ἐν
2602 749 2667 818 τῇ
2705 745 2882 815 κοιλίᾳ
2913 743 3006 798 τοῦ
3035 744 3235 814 κήτους
3260 740 3411 812 τρεῖς
3457 741 3671 810 ἡμέρας
3692 739 3786 796 καὶ

2206 842 2355 910 τρεῖς
2388 839 2607 904 νύκτας,
2656 836 2830 898 οὕτως
2868 835 3020 888 ἔσται
3056 835 3084 885 ό
3113 833 3241 896 Υἱὸς
3267 831 3361 886 τοῦ
3409 829 3700 902 ἀνθρώπου
3729 831 3784 881 ἐν

2207 935 2272 1002 τῇ
2296 931 2493 1000 καρδίᾳ
2528 930 2627 1000 τῆς
2659 929 2761 998 γῆς
2787 929 2936 998 τρεῖς
2961 925 3176 998 ἡμέρας
3205 923 3301 978 καὶ
3333 923 3480 993 τρεῖς
3518 921 3736 980 νύκτας.
3763 939 3779 972 ι

2209 1021 2419 1076 Οὐκοῦν
2456 1021 2741 1091 διαϐόητον
2800 1017 3020 1090 ἀληθῶς
3059 1017 3155 1070 καὶ
3191 1015 3488 1088 περιφανὲς
3539 1015 3783 1084 σημεῖον,

2210 1113 2304 1166 καὶ
2327 1111 2532 1184 ἀρκοῦν
2557 1114 2636 1176 εἰς
2668 1112 2852 1166 πίστιν
2878 1113 2991 1174 τοῖς
3018 1127 3082 1179 γε
3109 1109 3186 1172 ὡς
3214 1106 3431 1179 ἀληθῶς
3456 1105 3785 1178 εὐγνώμοσι,

2209 1206 2303 1259 τοῦ
2343 1203 2484 1258 κατὰ
2510 1204 2672 1274 φύσιν
2701 1199 2840 1259 εἶναι
2876 1203 3008 1257 Θεὸν
3035 1202 3130 1256 καὶ
3156 1202 3222 1253 ἐκ
3252 1198 3388 1252 Θεοῦ
3433 1198 3648 1268 Πατρδς
3689 1213 3788 1253 πε-

2212 1297 2440 1367 φυκέναι
2467 1297 2557 1349 τὸν
2594 1295 2746 1361 Υἱδν,
2795 1295 2858 1348 τὸ
2895 1293 3245 1364 καταργῆσαι
3284 1290 3375 1344 τὸν
3421 1289 3650 1344 θάνατον
3675 1284 3788 1347 ’καὶ

2212 1387 2438 1459 φθορὰν,
2479 1387 2573 1440 καὶ
2589 1387 2852 1442 ἀναθάλαι
2889 1385 3026 1456 πρὸς
3067 1385 3232 1455 ζωήν.
3273 1403 3292 1435 ι
3321 1383 3515 1451 Γέγονε
3539 1380 3648 1452 γὰρ
3685 1381 3788 1434 αὖ·

2210 1479 2301 1543 τὸς
2331 1481 2552 1550 ἀπαρχὴ
2589 1479 2697 1534 τῶν
2733 1475 3178 1548 κεκοιμημένων,
3222 1475 3317 1528 καὶ
3350 1473 3691 1544 πρωτότοκος
3723 1474 3790 1526 ἐκ

2211 1572 2322 1625 τῶν
2349 1570 2578 1643 νεκρῶν.
2615 1591 2633 1622 ι
2659 1571 2773 1624 Καὶ
2801 1570 3011 1625 δέδοται
3037 1569 3098 1622 τὸ
3123 1569 3346 1638 σημεῖον
3375 1567 3488 1629 τοῖς
3517 1566 3652 1627 υἱοῖς
3681 1563 3789 1623 τῶν

2209 1663 2476 1734 ἀνηκόων,
2506 1663 2586 1725 ὡς
2616 1663 2682 1716 ἂν
2719 1661 2910 1716 εἰδεῖεν
2939 1663 3021 1716 ὅτι
3056 1661 3220 1731 ψήφῳ
3247 1657 3342 1711 τοῦ
3373 1656 3507 1712 Θεοῦ
3545 1656 3640 1709 καὶ
3676 1656 3791 1710 Ila-

2207 1755 2335 1826 τρὸς
2372 1756 2658 1827 ἀρχιερεὺς
2696 1755 2923 1824 γέγονεν
2958 1753 3250 1824 ἐφ’ήμᾶςό
3275 1749 3526 1820 Χριστὸς,
3565 1766 3584 1799 ι
3622 1749 3788 1811 ὅσιος,

2209 1848 2436 1911 ἄκακος,
2481 1847 2766 1918 ἀμίαντος,
2809 1845 3216 1919 κεχωρισμένος
3247 1843 3356 1897 ἀπὸ
3393 1843 3502 1897 τῶν
3529 1845 3791 1916 ἁμαρτω-

2209 1939 2337 2001 λῶν,
2356 1939 2450 1992 καὶ
2469 1938 2799 2009 ὑψηλότερος
2828 1937 2936 1994 τῶν
2963 1935 3209 2008 οὐρανῶν
3240 1934 3548 2006 γενόμενος,
3583 1954 3601 1987 ι
3645 1935 3794 1990 κατὰ

2208 2030 2269 2083 τὸ
2297 2031 2710 2103 γεγραμμένον.

2279 2123 2492 2179 ΠΑΛΛ.
2545 2121 2690 2175 Ἀλλ’
2735 2120 3000 2193 ἐξήνθησε
3076 2119 3175 2192 μέν
3243 2121 3375 2190 ἡμῖν
3425 2121 3459 2190 ἡ
3513 2117 3708 2190 ῥάϐδος
3759 2119 3792 2188 ή

2221 2212 2468 2282 Ἀαρὼνο
2501 2211 2654 2264 τουτὶ
2691 2211 2800 2282 γὰρ
2842 2213 2974 2281 ἡμῖν
3019 2210 3223 2280 ἀρτίως
3270 2210 3298 2265 ὖ
3347 2208 3489 2278 ίερδς
3542 2205 3794 2270 ὑπέδειξε

2209 2303 2384 2372 λόγος·
2422 2301 2683 2375 ἐξήνθησε
2727 2302 2785 2358 δὲ
2837 2302 3054 2373 κάρυα⁶
3106 2299 3202 2357 καὶ
3241 2299 3292 2353 τί
3342 2298 3408 2370 δὴ
3437 2299 3499 2350 τὸ
3536 2299 3793 2368 αἴνιγμα,

2211 2399 2348 2449 νοεῖν
2370 2396 2471 2448 οὐκ
2503 2395 2630 2466 ἔχω.

2281 2480 2722 2553 ΚΥΡ.’Μάλιστα
2751 2483 2872 2557 μὲν,
2895 2477 2940 2538 ὦ
2965 2482 3250 2549 Παλλάδιε,
3281 2481 3341 2536 τὸ
3365 2481 3592 2544 ἀπεικὸς
3614 2480 3793 2547 οὐδὲν,

2209 2580 2274 2633 ἐκ
2302 2576 2511 2649 καρύας
2543 2575 2794 2646 εἰλῆφθαι
2825 2574 2922 2647 τὴν
2958 2573 3148 2645 ῥάϐδον
3175 2574 3442 2630 ὑπονοεῖν.
3485 2571 3596 2626 Καὶ
3630 2567 3707 2642 ἦν
3741 2573 3797 2625 ἐν

2209 2671 2320 2724 ἔθει
2345 2671 2458 2733 τοῖς
2484 2668 2652 2722 πάλαι
2703 2665 2764 2719 τὸ
2801 2667 2897 2719 καὶ
2923 2664 3154 2718 τοιοῖσδέ
3206 2680 3348 2719 τισιν
3380 2661 3797 2734 ἁποκεχρῆσθαι

2211 2759 2530 2830 σκήπτροις.
2561 2757 2624 2809 Εἰ
2657 2755 2714 2808 δὲ
2755 2752 2820 2825 δὴ
2858 2755 2952 2806 καὶ
2989 2753 3148 2821 λόγον
3181 2753 3329 2824 ἡμᾶς
3361 2751 3674 2823 ἐφαρμόσαι
3718 2752 3799 2809 δεῖ

2207 2851 2300 2904 τὸν
2326 2852 2440 2914 τοῖς
2485 2848 2806 2919 θεωρήμασι
2837 2845 3148 2918 πρέποντα,
3193 2845 3461 2916 φράσαιμ’
3506 2843 3572 2897 ἂν
3611 2843 3799 2904 έκεῖνο

525 2950 695 3008 prope
727 2938 1105 3009 pervulgatum
1127 2939 1383 3005 dixerim,
1409 2939 1556 3011 quod
1579 2941 1742 3014 etiam
1770 2940 1914 3012 apud
1938 2957 2102 3011 quos-

2212 2941 2394 3004 πάλιν,
2427 2939 2456 2993 ὃ
2483 2937 2904 3008 ἐκτεθρύλληταί
2941 2953 3080 3002 πως,
3109 2935 3257 2988 δοκεῖ
3293 2933 3349 2987 δὲ
3378 2930 3516 2989 εἶναι
3545 2951 3659 2987 τισι
3699 2936 3799 2989 καὶ

527 3028 652 3084 dam
682 3029 785 3086 ﬁde
809 3031 1032 3102 dignum
1073 3033 1312 3100 videtur,
1341 3049 1573 3089 nuceam
1596 3034 1805 3104 virgam
1827 3035 1976 3090 vires
2002 3035 2104 3090 hav-

527 3121 657 3178 bere
680 3123 748 3178 ad
795 3124 1130 3196 vigilantiam
1182 3127 1552 3193 tribuendam,
1584 3128 1630 3182 si
1661 3128 1809 3182 illam
1839 3127 1907 3181 ad
1938 3134 2104 3198 caput

527 3213 800 3284 quispiam
850 3218 1116 3286 posuerit,
1153 3218 1302 3288 quod
1341 3217 1570 3274 fortasse
1597 3218 1835 3273 naturali
1867 3218 2102 3288 quadam

525 3305 780 3360 facultate
823 3322 890 3361 ex
920 3308 1199 3364 voluntate
1223 3309 1320 3364 Dei
1350 3308 1515 3364 efﬁcit
1550 3327 1562 3362 :
1603 3310 1832 3380 ejusque
1881 3311 1960 3365 rei
1988 3311 2104 3381 ipse

527 3411 743 3466 quoque
767 3398 930 3464 Deus,
962 3399 1057 3468 qui
1091 3402 1274 3454 omnia
1313 3409 1368 3456 et
1395 3401 1552 3455 novit
1579 3407 1635 3455 et
1658 3401 1925 3466 condidit,
1944 3401 2104 3456 nobis

525 3488 928 3557 quodammodo
983 3490 1144 3544 fidem
1194 3491 1358 3557 facit,
1417 3507 1544 3546 cum
1601 3492 1852 3548 Jeremiae
1904 3492 2038 3547 dicit
2087 3510 2099 3548 :

535 3595 553 3627 ι
577 3576 717 3643 Quid
755 3585 814 3632 .tu
847 3578 1033 3643 vides,
1075 3580 1348 3635 Jeremia?
1397 3601 1414 3632 ι
1453 3598 1689 3651 cumque
1712 3583 1759 3639 is
1782 3585 2102 3654 respondis-

527 3675 636 3720 set:
661 3669 910 3737 «Virgam
938 3685 1201 3734 nuceam;
1235 3690 1253 3721 ι
1285 3671 1353 3724 ad
1381 3672 1498 3726 ba:c
1528 3673 1674 3728 Deus
1716 3691 1728 3728 :
1771 3693 1789 3726 ι
1821 3675 1988 3730 Recte
2015 3675 2102 3728 vi-

527 3756 676 3821 disti,
709 3777 726 3807 ι
763 3758 958 3826 inquit,
1017 3777 1036 3809 ι
1093 3759 1258 3828 vigilo
1318 3761 1464 3815 enim
1527 3777 1628 3832 ego
1685 3779 1852 3833 super
1915 3765 2103 3820 verbis

527 3849 684 3914 meis,
717 3857 777 3902 ut
804 3848 992 3904 faciam
1029 3850 1119 3905 illa
1141 3851 1207 3902 ".
1252 3870 1268 3902 ι
1308 3851 1416 3908 Pro
1445 3852 1738 3922 vigilantiae
1769 3854 1936 3924 igitur
1955 3870 2102 3927 sym-

526 3937 654 3992 bolo
690 3955 754 3994 ac
780 3949 908 3996 nota
936 3958 1046 3997 non
1083 3943 1359 3997 immerito
1385 3943 1538 4014 virga
1571 3959 1744 3999 nucea
1776 3946 1979 4015 poterit
2007 3962 2101 4001 ac-

527 4029 655 4100 cipi.
682 4029 844 4100 Atqui
868 4031 960 4088 illa
998 4033 1205 4090 Christi
1234 4050 1265 4090 e
1293 4035 1530 4089 mortuis
1556 4035 1896 4092 resurrectio
1944 4039 2100 4108 quasi

525 4123 771 4190 quatdam
799 4139 828 4177 e
851 4139 1042 4179 somno
1079 4125 1356 4196 evigilatio
1392 4125 1520 4180 fuit.
1567 4127 1757 4197 Itaque
1789 4143 1887 4198 per
1927 4128 2098 4200 lyram

525 4231 744 4285 quoque
770 4216 1060 4271 Psallentis
1091 4218 1167 4271 ait
1209 4235 1221 4270 :
1278 4237 1296 4270 ι
1334 4212 1736 4290 Ego'dormivi,
1762 4227 1818 4275 et
1849 4235 2100 4276 somnum

526 4310 645 4378 cepi
695 4326 708 4362 :
741 4310 1014 4380 evigilavi,
1058 4311 1183 4380 quia
1233 4311 1496 4366 Dominus
1535 4313 1774 4383 suscepit
1798 4329 1884 4369 me
1914 4315 1979 4368 ".
2017 4333 2036 4366 ›

605 4399 799 4454 PALL.
837 4402 978 4456 Vera
1009 4402 1166 4458 dicis.

594 4489 752 4546 ΟΥΕ.
787 4491 864 4544 De
898 4492 1126 4547 lucerna
1153 4509 1373 4564 quoque
1402 4511 1468 4552 ac
1503 4513 1712 4562 mensa,
1750 4514 1870 4568 quae
1890 4500 1945 4554 in
1987 4501 2104 4570 pri-

525 4595 616 4636 mo
654 4581 1009 4637 tabernaculo
1060 4584 1167 4638 sita
1195 4594 1371 4651 erant,
1420 4587 1499 4644 sic
1531 4597 1796 4659 praeterea
1842 4591 2105 4660 scriptum

526 4682 611 4727 est
642 4691 654 4726 :
701 4693 719 4724 ι
754 4673 819 4728 Ει
841 4675 1060 4731 loeutus
1090 4684 1174 4732 est
1204 4679 1469 4735 Dominus
1501 4681 1569 4735 ad
1594 4682 1836 4752 Moysen,
1866 4683 2055 4740 dicens
2091 4702 2104 4737 :

526 4768 768 4839 Praecipe
805 4767 933 4823 ﬁliis
962 4768 1150 4834 Israel,
1181 4777 1238 4823 et
1259 4770 1529 4841 accipiant
1547 4769 1647 4826 tibi
1675 4771 1855 4826 oleum
1878 4788 2099 4841 purum,

526 4865 818 4913 contusum
867 4859 935 4914 ad
985 4860 1194 4925 lumen,
1245 4869 1307 4914 ut
1344 4861 1537 4916 ardeat
1573 4862 1798 4916 lucerna
1835 4871 2103 4933 perpetuo

526 4959 681 5001 extra
709 4950 959 5006 velamen
999 4952 1054 5006 in
1079 4951 1432 5009 tabernaculo
1458 4952 1792 5019 testimonii;
1833 4961 1888 5008 et
1912 4969 2105 5010 accen—

527 5037 622 5091 det
666 5039 799 5093 illud
833 5041 1016 5096 Aaron
1052 5050 1109 5097 et
1140 5041 1236 5098 ﬁlii
1284 5043 1403 5112 ejus
1437 5057 1467 5096 a
1495 5057 1722 5112 vespera
1744 5059 1916 5114 usque
1945 5060 2104 5100 mane

529 5131 583 5188 in
612 5143 906 5203 conspectu
957 5136 1172 5192 Domini
1216 5135 1440 5207 jugiter,
1478 5135 1781 5206 legitimum
1811 5138 2101 5208 sempiter-

529 5239 660 5278 num
693 5225 748 5279 in
783 5231 1074 5299 progenies
1110 5236 1339 5285 vestras.
1383 5228 1442 5282 In
1479 5227 1805 5285 candelabro
1837 5246 1975 5301 puro
2004 5246 2096 5285 ac-

527 5314 772 5370 cendetis
823 5317 1075 5371 lucernas
1122 5333 1303 5372 coram
1354 5317 1585 5371 Domino
1622 5333 1796 5388 usque
1824 5334 2003 5382 mane,
2043 5327 2098 5373 et

525 5404 809 5473 accipietis
823 5406 1077 5471 similam,
1096 5416 1151 5464 et
1172 5407 1384 5463 facietis
1411 5424 1476 5464 ex
1496 5424 1560 5464 ea
1587 5408 1875 5466 duodecim
1893 5425 2092 5481 panes;

630 5519 675 5553 "
715 5528 846 5572 Luc.
880 5536 951 5583 ιιι,
979 5519 1066 5586 29,
1097 5520 1182 5573 30.

2208 3039 2286 3102 ὡς
2308 3039 2366 3090 ἐν
2388 3036 2567 3090 πίστει
2593 3034 2801 3097 δεκτδν,
2821 3032 2882 3087 τὸ
2913 3030 2987 3103 μὴ
3005 3029 3275 3094 ἀνικάνως
3300 3029 3443 3100 ἔχειν
3467 3031 3564 3100 τὴν
3593 3029 3798 3100 ῥάϐδον

2208 3129 2308 3201 τὴν
2339 3129 2605 3200 καρυῗνην
2635 3125 2868 3182 ἁῦπνίαν
2901 3124 3170 3194 ἐμποιεῖν,
3206 3123 3255 3175 εἰ
3284 3121 3421 3193 πρός
3451 3139 3516 3190 γε
3553 3120 3612 3172 τὺ
3645 3121 3800 3191 κάρα

2211 3221 2390 3278 κέοιτό
2411 3237 2592 3286 τινων,
2617 3220 2755 3290 τάχα
2776 3233 2878 3270 που
2901 3215 3162 3286 δυνάμεσι
3183 3215 3438 3283 φυσικαῖς
3461 3211 3799 3283 ἐνεργοῦσαν

2208 3315 2269 3368 τὸ
2295 3314 2485 3387 χρῆμα
2512 3310 2650 3367 κατὰ
2681 3309 2899 3380 θέλησιν
2929 3307 3086 3360 Θεοῦ.
3119 3305 3456 3363 Πιστώσεται
3479 3303 3537 3356 δέ
3564 3297 3688 3366 πως
3715 3306 3798 3368 είς

2208 3404 2366 3458 τοῦτο
2394 3405 2540 3473 ἡμᾶς
2562 3401 2656 3454 καὶ⁸
2677 3399 2839 3462 αὐτὸς
2861 3399 3036 3467 λέγων
3079 3395 3217 3466 πρὸς
3259 3393 3531 3466 Ἱερεμίαν
3560 3395 3588 3446 ὁ
3610 3393 3803 3448 πάντα

2209 3494 2397 3560 εἰδὼς,
2449 3495 2542 3548 καὶ
2585 3492 2694 3549 τῶν
2747 3491 2884 3544 ὅλων
2929 3487 3288 3562 Δημιουργός’
3339 3504 3359 3537 ι
3399 3484 3464 3538 Τί
3508 3486 3573 3539 σὺ
3618 3486 3798 3556 ὁρᾷς,

2221 3587 2478 3660 Ἶερεμία;
2507 3607 2522 3636 ι
2545 3584 2604 3639 '0
2619 3585 2724 3648 ea.
2746 3582 3058 3653 Βακτηρίαν
3088 3599 3106 3631 ι
3127 3580 3330 3647 λέγων(
3355 3578 3637 3649 καρυῖνην·
3700 3576 3801 3629 καὶ

2209 3680 2273 3753 δὴ
2303 3680 2436 3750 πρὸς
2456 3677 2614 3732 τοῦτο
2639 3675 2793 3742 Θεόςς
2845 3693 2865 3726 ι
2887 3673 3090 3744 Ὀρθῶς
3121 3671 3392 3744 ἑώρακας,
3420 3689 3438 3722 ι
3462 3669 3623 3740 φησὶν
3662 3687 3682 3720 ι
3712 3669 3801 3722 ὅτι

2209 3772 2320 3841 ἐγὼ
2349 3773 2626 3843 ἐγρήγορα
2651 3769 2742 3822 ἐπὶ
2770 3768 2896 3831 τοὺς
2927 3765 3117 3834 λόγους
3157 3781 3282 3835 μου,
3318 3765 3410 3816 τοῦ
3432 3763 3658 3832 ποιῆσαι
3690 3761 3801 3814 αύ-

2207 3863 2351 3926 τούς.
2391 3881 2410 3913 ι
2452 3861 2712 3923 Ἀῡπνίας
2739 3853 2832 3912 οὖν
2865 3857 2973 3928 ἄρα
3003 3855 3269 3926 σύμϐολον
3295 3854 3452 3908 νοοῖτ⁹
3480 3852 3546 3905 ἂν
3560 3853 3800 3914 εἰκότως

2208 3955 2242 4025 ή
2285 3953 2478 4025 ῥάϐδος
2509 3955 2543 4024 ή
2578 3952 2830 4022 καρυῖνη.
2866 3949 3210 4021 Γρηγόρησις
3233 3947 3290 4000 δέ
3316 3947 3503 4017 ὥσπερ
3533 3944 3591 4009 ἐξ
3615 3945 3797 3998 ’ύπνου

2207 4045 2429 4114 γέγονεν
2454 4045 2487 4115 ἡ
2515 4046 2579 4097 ἐκ
2607 4042 2814 4113 νεκρῶν
2839 4040 3131 4102 ἀναϐίωσις
3156 4037 3250 4090 τοῦ
3271 4036 3528 4106 Χριστοῦ.
3551 4037 3801 4108 Τοιγάρ-

2206 4153 2287 4189 τοι
2315 4134 2410 4189 καὶ
2436 4134 2523 4187 διὰ
2553 4133 2655 4203 τῆς
2687 4131 2782 4185 τοῦ
2814 4129 3119 4190 Ψάλλοντος
3144 4126 3314 4197 λύρας
3342 4124 3536 4195 φησίν·
3571 4141 3591 4176 ι
3642 4124 3801 4194 Ἐγὼ

2207 4225 2504 4295 ἐκοιμήθην
2542 4223 2634 4276 καὶ
2659 4221 2902 4288 ύπνωσα,
2937 4217 3266 4290 ἐξηγέρθην,
3308 4216 3389 4270 ὅτι
3427 4214 3633 4286 Κύριος
3660 4216 3804 4270 ἀντι

2145 4317 2191 4373 ι)
2216 4316 2436 4373 ελάϐετό
2471 4333 2592 4387 μου.
2633 4333 2653 4365 ι

2270 4409 2478 4463 ΠΑΛΛ.
2528 4405 2757 4476 Ἀληθὴς
2779 4406 2806 4458 ό
2833 4403 3010 4473 λόγος.

2272 4501 2435 4555 ΚΥΡ.
2465 4498 2674 4567 Λύχνου
2699 4497 2756 4548 δὲ
2789 4497 2882 4549 καὶ
2913 4493 3194 4566 τραπέζης
3220 4492 3369 4563 πέρι,
3402 4489 3504 4561 τῆς
3534 4487 3590 4542 ἐν
3619 4505 3692 4558 γε
3723 4491 3796 4560 τῇ

2203 4592 2395 4664 πρώτῃ
2429 4592 2622 4660 σκηνῇ,
2657 4588 2966 4658 γέγραπται
2994 4585 3155 4639 πάλιν
3185 4584 3301 4646 ὠδίο
3345 4603 3364 4636 ι
3411 4582 3522 4636 Καὶ
3550 4580 3799 4652 ἐλάλησε

2204 4684 2407 4754 Κύριος
2455 4680 2591 4752 πρὸς
2642 4678 2848 4749 Μωσῆν
2890 4677 3089 4745 ’λέγων’
3153 4675 3425 4728 Ἔντειλαι
3477 4675 3590 4736 τοῖς
3647 4675 3798 4738 υἱοῖς

2211 4775 2450 4846 Ἰσραὴλ,
2485 4773 2578 4827 καὶ
2609 4770 2922 4824 λαϐέτωσαν
2947 4768 3122 4822 ἔλαιον
3148 4767 3407 4838 καθαρὸν,
3441 4764 3800 4834 κεκομμένον

2201 4868 2280 4930 είς
2310 4864 2447 4935 φῶς,
2480 4862 2678 4917 καῦσαι
2707 4861 2897 4933 λύχνον
2921 4859 3234 4926 διαπαντὸς,
3268 4858 3464 4924 ἔξωθεν
3492 4855 3586 4910 τοῦ
3615 4872 3801 4910 scata-

2202 4958 2546 5027 πετάσματος
2571 4957 2629 5009 ἐν
2654 4957 2719 5027 τῇ
2743 4957 2912 5026 σκηνῇ
2933 4954 3027 5008 τοῦ
3055 4951 3353 5025 μαρτυρίου
3382 4969 3394 4980 ·
3424 4950 3517 5004 καὶ
3543 4949 3799 5003 καύσου-

2204 5068 2288 5105 σιν
2316 5050 2446 5103 αὐτὸ
2485 5046 2694 5118 Ἀαρὼν
2723 5048 2816 5100 καὶ
2847 5050 2894 5102 οί
2929 5048 3034 5100 υἱοὶ
3060 5045 3227 5100 αὐτοῦ
3260 5043 3369 5098 ἀπὸ
3401 5041 3648 5113 ἑσπέρας
3685 5042 3799 5106 ἓως

2204 5139 2348 5214 πρωῒ
2376 5139 2606 5194 ἐνώπιον
2634 5139 2839 5211 Κυρίου
2865 5137 3175 5209 ἐνδελεχῶς,
3201 5138 3430 5208 νόμιμον
3463 5131 3690 5189 αἰώνιον
3713 5135 3798 5196 είς

2203 5232 2302 5297 τὰς
2329 5232 2522 5301 γενεὰς
2565 5232 2740 5301 ὑμῶν.
2807 5231 2929 5285 Ἐπὶ
2976 5232 3079 5302 τῆς
3124 5230 3346 5302 λυχνίας
3389 5228 3488 5299 τῆς
3530 5226 3797 5298 καθαρᾶς

2203 5323 2430 5376 καύσετε
2451 5324 2577 5386 τοὺς
2591 5321 2815 5393 λύχνους
2835 5323 3072 5376 ἐναντίον
3087 5321 3291 5392 Κυρίου
3305 5319 3412 5383 ἓως
3431 5320 3513 5383 εἰς
3535 5316 3596 5370 τὸ
3611 5316 3794 5389 πρωΐ.

2203 5412 2313 5466 Καὶ
2341 5411 2574 5483 λήψεσθε
2608 5412 2884 5483 σεμίδαλιν
2904 5453 2919 5479 ,
2963 5413 3056 5467 καὶ
3086 5413 3340 5483 ποιήσετε
3373 5408 3544 5482 αὐτὴν
3569 5405 3798 5468 δώδεκα

1283 5523 1330 5553 ⁷³
1357 5521 1522 5577 ICor.
1562 5539 1647 5587 xv,
1673 5523 1741 5577 20
1839 5525 1884 5556 "
1914 5523 2082 5580 Hebr.

2231 5523 2321 5580 26.
2399 5525 2444 5556 "
2475 5523 2586 5579 Jer.
2612 5540 2651 5594 I,
2682 5527 2740 5580 Il
2799 5525 2883 5581 12.
2918 5528 2965 5559 τε
2995 5526 3138 5582 Psal.
3170 5540 3246 5593 ιιι,
3284 5523 3338 5580 6.
