3962 6296
208 218 308 275 6ῗῖ

954 210 1043 264 οε
1082 168 1523 264 montuosis
1562 204 1632 261 IN
1674 197 1945 259 SPlBlTU
1983 198 2075 256 ET
2115 199 2483 256 VERITATE.
2520 200 2648 256 LIB.
2693 201 2761 255 x.
3365 201 3470 256 ovs

206 335 425 404 ἄρτους.
458 329 566 382 Δύο
606 328 850 383 δεκάτων
894 326 1046 381 ἔσται
1084 327 1115 379 6
1148 326 1310 398 ἄρτος
1354 327 1383 379 6
1416 322 1518 389 εἷς,
1552 324 1647 378 καὶ¹
1677 324 1800 377 ἔπι·

1902 335 1966 375 ex
1993 318 2209 375 duabus
2238 317 2467 374 decimis
2510 318 2617 373 erit
2665 318 2823 388 panis
2872 332 3056 373 unus:
3089 326 3145 373 et
3173 317 3472 389 imponetis

207 423 399 494 θήσετε
429 419 634 482 αὐτοὺς
660 417 756 472 δύο
777 416 1011 485 θέματα,
1048 416 1107 481 ἓξ
1133 415 1330 487 ἄρτους
1357 415 1418 469 τδ
1446 415 1504 468 ἓν
1529 414 1671 485 θέμα
1698 414 1790 467 ἐπὶ

208 512 299 576 τὴν
325 508 613 581 τράπεζαν
654 507 753 576 τὴν
798 504 1043 574 καθαρὰν
1075 504 1255 559 ἔναντι
1293 504 1519 576 Κυρίου,
1546 504 1641 558 καὶ
1666 503 1789 557 ἑπι-

208 602 397 673 θήσετε
438 599 535 654 ἐπὶ
575 598 638 652 τὸ
674 598 817 669 θέμα
865 596 1083 651 λίϐανον
1125 595 1367 667 καθαρὸν
1405 596 1500 650 καὶ
1532 584 1663 660 ἀλα,
1696 592 1791 648 καὶ

186 692 419 749 ,ἔσονται
474 690 556 754 είς
592 688 796 759 ἄρτους
847 688 928 750 είς
973 687 1277 757 ἀνάμνησιν
1328 685 1663 756 προκείμενα
1710 681 1790 755 τῷ

206 782 416 853 Κυρίῳ.
458 780 539 852 Τῇ
580 779 765 850 ἡμέρᾳ
808 777 918 831 τῶν
963 777 1245 832 σαὸὁάτων
1274 776 1578 848 προθήσετε
1609 774 1789 829 ἔναντι

208 873 412 945 Κυρίου
446 870 743 933 διαπαντὸς
780 865 1011 922 ἐνώπιον
1050 867 1158 921 τῶν
1203 866 1335 921 υίῶν
1386 864 1629 936 Ἰσραὴλ,
1676 863 1790 917 δια-

207 964 378 1034 θήκην
404 961 652 1016 αἰώνιον⁸
675 958 771 1013 καὶ⁵
797 957 949 1012 ἔσται
965 955 1175 1027 Ἀαρὼν
1200 956 1294 1010 καὶ
1318 958 1431 1018 τοῖς
1445 957 1576 1017 υἱοῖς
1598 952 1785 1018 αὑτοῦ,

207 1056 298 1109 καὶ
325 1054 598 1122 φάγονται
629 1049 768 1103 αύτά
826 1049 885 1101 ὲν
924 1047 1075 1118 τόπῳ
1108 1046 1273 1117 ἁγίῳ·
1327 1045 1441 1098 ἐστι
1474 1044 1582 1116 γὰρ
1623 1044 1789 1111 Ἀγια

206 1145 310 1198 τῶν
356 1143 553 1212 ἁγίων.
587 1138 760 1193 Τοῦτο
803 1136 953 1209 αὐτῷ
984 1136 1093 1192 ἀπὸ
1137 1136 1247 1189 τῶν
1277 1134 1682 1205 θυσιαζομένων
1711 1131 1788 1203 τῷ

208 1235 397 1305 Κυρίῳ
418 1272 435 1296 ,
468 1231 701 1302 νόμιμον
731 1228 967 1282 αἰώνιον.
1011 1247 1030 1279 ι
1062 1224 1316 1297 Καθαρὸν
1342 1221 1436 1278 οὖν
1479 1223 1541 1277 τὸ
1578 1222 1787 1283 ἔλαιον,

208 1327 300 1381 καὶ
332 1324 442 1395 μὴν
474 1321 571 1376 καὶ
600 1320 835 1386 ἐλάϊνον,
864 1317 1015 1372 τοῦτ’
1050 1316 1220 1379 ἔστιν,
1257 1314 1319 1380 ἑξ
1344 1313 1562 1376 ἑλαιιῖιν,
1602 1313 1702 1370 οὐκ
1730 1311 1791 1377 ἐξ

208 1415 523 1492 ἑτεροειδῶν
544 1412 875 1484 σπερμάτων
898 1411 992 1465 καὶ⁵
1016 1408 1418 1481 γεωδεστέρων,
1442 1403 1502 1470 ἐξ
1520 1398 1595 1460 ὧν
1616 1404 1788 1458 ἔλαιον

212 1513 308 1583 μὲν
337 1510 603 1573 ὲθλίϐετο,
634 1503 788 1569 νόθον
816 1503 873 1557 δὴ
902 1501 1089 1572 ὥσπερ
1125 1498 1220 1554 καὶ
1248 1497 1410 1553 οἱονεὶ
1444 1495 1793 1565 κεκαπηλευα

213 1605 397 1677 μένον·
425 1604 517 1657 ἀεὶ
548 1601 658 1672 γάρ
687 1604 806 1655 ἐστι
834 1594 1072 1666 καθαρὸν
1110 1592 1204 1647 καὶ
1232 1592 1453 1663 γνήσιον
1480 1588 1694 1659 ἀληθῶς
1732 1590 1790 1641 ὲν

1896 426 1992 467 eos
2018 411 2155 466 duas
2179 410 2510 481 positiones;
2541 425 2636 465 sex
2655 425 2823 480 panes
2842 418 3009 465 erunt
3030 427 3137 466 una
3159 412 3360 481 positio
3379 427 3474 467 su-

1896 518 1995 573 per
2029 517 2272 558 mensam
2306 518 2502 573 puram
2544 517 2730 557 coram
2769 502 3001 558 Domino
3036 520 3049 556 :
3083 512 3141 558 et
3179 504 3475 574 imponetis

1896 608 2062 664 super
2090 592 2417 664 positionem
2447 592 2576 647 thus
2616 608 2817 663 purum
2859 601 2917 646 et
2945 592 3024 669 sal
3056 610 3069 646 :
3103 601 3160 648 et
3176 603 3340 649 erunt
3372 609 3472 664 pa-

1894 700 1995 741 nes
2040 687 2096 740 in
2138 684 2460 741 memoriam
2508 685 2778 755 propositi
2824 684 3057 739 Domino
3091 700 3105 737 :
3142 684 3233 740 die
3260 685 3474 740 sabbati

1894 777 2211 848 proponetis
2268 792 2453 832 coram
2508 777 2741 831 Domino
2790 775 2848 830 in
2893 783 3221 847 perpetuum
3274 791 3306 831 a
3351 775 3478 831 (iliis

1895 869 2083 933 Israel,
2116 875 2501 923 testamentum
2540 867 2977 937 sempiternum;
3015 876 3072 923 et
3107 873 3275 922 erunt
3294 868 3480 923 Aaron

1894 967 1951 1014 et
1973 957 2101 1013 ﬁliis
2134 959 2273 1029 ejus,
2315 966 2374 1012 et
2416 956 2705 1012 comedent
2740 972 2807 1012 ea
2848 956 3054 1011 inloco
3092 964 3314 1012 sancto:
3347 963 3479 1011 sunt

1895 1051 2043 1107 enim
2064 1051 2262 1106 Sancta
2293 1059 2610 1107 sanctorum
2639 1051 2781 1105 :boc
2806 1051 2884 1106 illi
2914 1050 2985 1105 ab
3005 1051 3094 1115 iis,
3123 1066 3247 1122 qua:
3274 1050 3480 1106 sancti-

1896 1142 2128 1198 ﬁcantur
2142 1142 2394 1207 Domino,
2410 1142 2714 1213 legitimum
2730 1143 3124 1213 sempiternum
3139 1142 3205 1196 ⁷⁷.
3227 1161 3246 1194 ι
3268 1142 3477 1197 Parum

1896 1233 2063 1304 igitur
2084 1234 2351 1303 quaeritur
2391 1233 2595 1299 oleum,
2634 1245 2799 1306 atque
2834 1234 3169 1305 oleaginum,
3199 1235 3255 1290 id
3280 1243 3365 1290 est
3405 1250 3477 1290 ex

1895 1325 2051 1391 oleis,
2081 1324 2245 1398 3“
2270 1341 2380 1381 non
2412 1342 2478 1381 ex
2498 1327 2727 1383 alterius
2747 1327 2966 1398 generis
2981 1327 3287 1382 seminibus
3312 1334 3476 1397 atquo

1895 1414 2276 1481 terrestribus,
2310 1432 2341 1471 e
2364 1416 2567 1486 quibus
2591 1415 3001 1487 exprimebatur
3021 1415 3243 1487 quidem
3265 1417 3473 1483 oleum,

1895 1505 1991 1561 sed
2016 1507 2246 1565 nothum
2278 1508 2685 1578 quodammodo
2709 1549 2723 1574 ,
2766 1515 2824 1563 et
2868 1508 3026 1578 quasi
3060 1507 3429 1564 adulteratum
3456 1527 3471 1575 ;

1896 1614 2115 1669 semper
2152 1600 2299 1655 enim
2339 1609 2425 1656 est
2462 1602 2519 1655 in
2567 1601 2830 1658 Ecclesiis
2858 1615 3061 1673 purum
3099 1616 3164 1656 ac
3198 1601 3475 1657 sincerum

218 1695 570 1766 Ἐκκλησίαις
607 1694 669 1746 τὸ
713 1691 851 1762 φῶς,
887 1686 1046 1759 δῆλον
1091 1684 1147 1738 δὲ
1184 1684 1267 1738 ὃτι
1298 1683 1360 1737 τὸ
1403 1682 1490 1736 διὰ
1523 1677 1795 1753 Χριστοῦ,

1902 1703 2026 1744 vere
2061 1689 2268 1753 lumen,
2291 1690 2427 1745 illud
2467 1691 2753 1757 nimirum,
2794 1691 2942 1764 quod
2971 1707 3072 1761 per
3116 1690 3394 1748 Christum
3416 1692 3476 1747 in

210 1788 352 1842 Πνεύ
362 1803 515 1857 ματι,
535 1785 638 1839 κᾶν
662 1785 710 1838 εί
729 1782 816 1836 διὰ
836 1781 937 1852 τῆς
954 1776 1064 1834 τῶν
1081 1777 1251 1845 ἁγίων
1270 1775 1570 1830 διακονοϊτο
1589 1774 1791 1846 φωνῆς,

207 1879 345 1948 πρὸς
388 1876 485 1940 οὓς
534 1875 637 1946 ἔφη
665 1873 920 1944 Χριστός·
972 1890 991 1923 ι
1042 1868 1236 1941 Ὑμεῖς
1286 1869 1413 1921 ἐστε
1441 1866 1502 1920 τὸ
1538 1866 1655 1936 φῶς
1698 1865 1792 1919 τοῦ

207 1971 439 2040 κόσμου.
485 1987 504 2020 ι
559 1967 669 2021 Καὶ
713 1965 1021 2036 θαυμαστὸν
1049 1952 1224 2018 οὐδένί
1266 1960 1362 2024 οὓς
1390 1958 1501 2031 γὰρ
1533 1958 1793 2028 ἀδελφοὺς

206 2062 481 2131 ὠνόμασε,
514 2059 606 2113 καὶ⁸
636 2058 898 2129 μετόχους
926 2052 1121 2109 ἑαυτοῦ
1153 2047 1558 2121 κατεστήσατο,
1583 2047 1794 2111 τούτοις

210 2157 276 2207 ἂν
306 2151 534 2213 εἰκότως
561 2150 657 2203 καὶ
683 2148 791 2200 τῶν
820 2144 966 2200 ἰδίων
994 2141 1321 2214 ἀξιωμάτων
1349 2137 1662 2212 ὲπιμερίξοι
1693 2136 1793 2208 τὴν

206 2243 385 2307 δόξαν.
426 2241 659 2295 Καίεται
694 2238 758 2310 δὴ
803 2233 896 2292 οὖν
931 2238 966 2290 6
1012 2237 1204 2309 λύχνος
1246 2236 1342 2291 καὶ
1380 2237 1439 2289 ὲν
1484 2236 1552 2306 τῇ
1600 2232 1794 2304 πρώτῃ

210 2335 406 2405 σκηνῇ,
437 2333 534 2386 καὶ
567 2330 745 2384 διττὸν
769 2329 836 2384 ἂν
864 2328 975 2400 ἔχοι
1003 2328 1065 2382 τὸ
1091 2328 1279 2400 χρῆμα
1304 2326 1397 2381 τὸν
1426 2324 1572 2380 νοῦψ
1606 2326 1663 2378 έν
1694 2323 1794 2393 μὲν

209 2426 316 2496 γὰρ
374 2427 443 2497 τῇ
501 2424 746 2495 ἐσωτέρᾳ
798 2423 970 2492 σκηνῇ
1036 2420 1219 2491 λύχνοι
1284 2420 1566 2489 φαίνουσιν
1623 2418 1787 2487 ἑπτὰ,

211 2518 573 2587 ὀξαπτόμενοι
600 2514 664 2570 τὸ
689 2513 853 2585 πρωῒ,
885 2515 981 2568 καὶ
1006 2511 1260 2567 πλούσιον
1281 2514 1391 2574 τοῖς
1424 2509 1792 2582 εἰστρέχουσιν

212 2610 445 2672 ἐνιέντες
486 2608 549 2660 τὸ
590 2607 744 2676 φῶς.
784 2605 899 2660 Καὶ
926 2601 993 2683 ᾖν
1018 2605 1053 2676 ἡ
1091 2603 1280 2673 λυχνία
1317 2603 1583 2673 Χριστὸς,
1628 2601 1705 2666 ὡς
1738 2604 1795 2655 ὲν

212 2702 368 2775 τύπῳ
398 2699 565 2755 πάλιν
591 2699 719 2762 τοὺς
750 2698 828 2761 εἰς
855 2695 926 2751 τά
949 2696 1118 2766 ’Δγια
1147 2695 1256 2749 τῶν
1283 2695 1455 2764 ἁγίων
1493 2694 1794 2764 εἰστρέχειν

213 2794 499 2854 ἐθέλοντας
529 2789 710 2860 πολλῷ
742 2789 837 2844 καὶ
880 2788 1187 2860 ἀμφιλαφεῖ
1225 2784 1589 2854 καταυγάζων
1631 2784 1790 2853 φωτί·

222 2907 242 2940 ι
270 2884 604 2957 Προσέλθετε
636 2883 766 2954 γὰρ,
782 2882 936 2953 φησὶ,
962 2881 1097 2952 πρὸς
1117 2878 1279 2934 αὐτὸν
1300 2877 1397 2933 xa't
1420 2876 1744 2948 φωτίσθητε.
1770 2896 1789 2929 ι

214 2978 322 3031 Καὶ
353 2975 461 3047 μὴν
490 2975 584 3028 καὶ
616 2972 679 3026 τὸ
707 2971 1063 3028 ἀνακαίεσθαι
1095 2970 1156 3024 τὸ
1217 2967 1363 3041 πρωῒ
1399 2968 1524 3031 τοὺς
1569 2967 1798 3038 λύχνους

215 3070 654 3139 κατασημήνειεν
685 3064 754 3120 ἂν
788 3066 889 3135 τῆς
929 3063 1396 3135 ὲνανθρωπήσεως
1442 3062 1535 3115 τὸν
1581 3059 1794 3130 καιρόν.

217 3161 487 3231 Διηύγασε
539 3159 683 3230 γὰρ,
731 3151 822 3214 οἷά
847 3173 932 3220 τις
974 3155 1182 3227 ἡμέρα,
1218 3155 1313 3208 καὶ
1360 3152 1475 3222 φῶς
1523 3150 1800 3223 ἀνέλαμψε

217 3253 428 3325 νοητὸν,
458 3254 560 3322 τῆς
584 3250 816 3321 ἀρχαίας
837 3252 869 3320 ἠ
879 3248 994 3319 μῶν
1019 3246 1260 3319 ἀμαθίας
1288 3246 1528 3303 ἐλαύνων
1553 3245 1643 3299 τὸν
1672 3244 1796 3298 σκό-

218 3362 340 3407 τον,
369 3344 466 3397 καὶ
493 3343 568 3406 ὡς
602 3344 660 3396 ὲν
687 3340 838 3405 τάξει
874 3340 1097 3404 νυκτὸς,
1129 3340 1228 3410 τὴν
1260 3337 1644 3408 ὲπισκήψασαν
1680 3338 1802 3399 ταῖς

218 3437 475 3493 ἁπάντων
515 3434 763 3504 καρδίαις
787 3432 1274 3487 κατασκεδαννύων
1302 3431 1489 3501 ἀχλύν.
1514 3428 1670 3484 Οὕτω
1693 3428 1803 3501 γὰρ

219 3532 352 3600 ἡμῖν
386 3528 489 3600 τῆς
520 3526 616 3583 τοῦ
646 3527 899 3598 Σωτῆρος
937 3524 1234 3595 ἐπιδημίας
1274 3523 1366 3577 τὸν
1402 3521 1594 3594 καιρὸν
1637 3521 1732 3573 καὶ
1775 3521 1804 3573 6

220 3624 509 3694 προφήτης
542 3619 842 3692 παρεκάλει
892 3618 1088 3686 λέγων’
1135 3636 1156 3668 ι
1205 3617 1279 3670 Τὸ
1321 3615 1466 3687 πρωῒ
1508 3612 1803 3683 εἰσακούσῃ

219 3715 322 3784 τῆς
372 3713 560 3783 φωνῆς
622 3727 755 3782 μου,
803 3710 865 3765 τὸ
900 3709 1044 3782 πρωῒ
1082 3707 1510 3780 παραστήσομαί
1558 3724 1662 3769 σοι,
1710 3706 1806 3761 καὶ

223 3806 521 3875 ἰπὰᾥομαι.
592 3820 612 3854 ι
643 3802 781 3855 Πότε
808 3800 917 3870 γὰρ
940 3799 1005 3853 ἂν
1035 3800 1222 3854 δεκταὶ
1244 3798 1531 3868 γεγόνασιν
1564 3797 1618 3850 αἱ
1642 3795 1807 3852 ἁπάν-

223 3915 332 3952 των
379 3894 561 3964 εὐχαὶ,
611 3893 708 3946 καὶ
754 3894 803 3946 οἱ
853 3891 1021 3946 πάλαι
1059 3887 1403 3959 πλανώμενοι
1454 3889 1808 3966 παρέστημεν

226 3988 385 4040 οἱονεὶ
414 3985 493 4055 τῷ
518 3982 669 4053 Θεῷ,
701 3981 768 4074 θ’
784 3981 1136 4051 οἰκειότητος,
1169 3978 1408 4049 δηλονότι
1434 3977 1535 4048 τῆς
1564 3993 1809 4074 misatu-

225 4079 406 4148 τικῆς,
438 4076 532 4130 καὶ
563 4068 806 4145 ὑπακοῆς
826 4073 919 4128 καὶ
948 4073 1203 4137 πίστεως,
1233 4072 1282 4123 εί
1317 4069 1390 4141 μὴ
1450 4069 1513 4123 τὸ
1538 4068 1654 4138 φῶς
1679 4070 1810 4139 ἡμῖν

228 4173 509 4243 ἐπέλαμψε
535 4172 597 4226 τὸ
620 4170 681 4236 ἐξ
707 4167 961 4242 ούρανοῦ,
988 4164 1282 4229 τοῦτ’ἔστι,
1309 4163 1574 4234 Χριστός;
1601 4158 1809 4214 Οὐκοῦν

230 4264 287 4315 ὲν
320 4262 419 4331 μὲν
452 4264 520 4332 τῇ
558 4257 804 4329 ὲσωτέρᾳ
869 4257 1043 4328 σκηνῇ
1082 4252 1335 4308 πλούσιόν
1373 4269 1434 4304 τε
1483 4250 1579 4303 καὶ
1614 4247 1811 4301 λεπτὸν

1896 1778 2105 1851 Spiritu
2149 1790 2342 1838 sancto
2379 1783 2724 1844 accenditur.
2764 1788 3017 1855 quamvis
3039 1797 3355 1845 sanctorum
3386 1785 3472 1840 vi-

1894 1888 2083 1927 rorum
2140 1889 2275 1929 voce
2313 1874 2683 1940 ministretur,
2732 1876 2937 1945 quibus
2985 1879 3125 1934 dixit
3176 1879 3473 1938 Christus:

1902 1983 1922 2017 ι
1949 1965 2060 2021 Vos
2088 1966 2222 2022 estis
2259 1966 2356 2021 lux
2390 1967 2580 2022 mundi
2604 1968 2669 2023 ⁷⁸.
2711 1986 2730 2020 ι
2760 1969 2949 2040 Neque
2996 1972 3052 2026 id
3082 1972 3310 2038 mirum;
3346 1987 3477 2028 nam

1894 2072 2035 2127 quos
2067 2057 2268 2114 fratres
2291 2060 2603 2130 appellavit,
2631 2069 2688 2115 et
2729 2061 3026 2131 participes
3057 2063 3142 2118 sui
3163 2065 3474 2129 constituit,

1894 2150 1965 2206 iis
1983 2150 2377 2206 convenienter
2412 2166 2637 2206 suarum
2678 2152 3074 2227 pmprietatum
3100 2154 3330 2225 gloriam
3376 2154 3480 2208 im-

1894 2246 2084 2314 partit.
2118 2244 2288 2299 Ardet
2308 2245 2493 2314 itaque
2527 2245 2772 2311 lucerna,
2804 2246 2861 2301 in
2892 2247 3072 2317 primo
3123 2247 3478 2303 tabernaculo

1895 2337 2081 2404 ardet;
2106 2350 2283 2407 eaque
2308 2350 2398 2391 res
2434 2335 2715 2405 duplicem
2767 2336 2973 2392 habere
3002 2354 3225 2394 sensum
3261 2347 3476 2409 potest;

1895 2432 2023 2483 nam
2047 2429 2100 2484 in
2124 2429 2375 2485 interiori
2400 2429 2757 2485 tabernaculo
2775 2438 2984 2500 septem
3002 2430 3243 2486 lucernae
3257 2431 3445 2486 lucent
3461 2468 3478 2494 ,

1895 2537 2018 2592 quae
2049 2535 2210 2576 mane
2237 2521 2637 2587 accenduntur,
2669 2529 2833 2592 atque
2862 2522 3145 2592 cepiosum
3177 2520 3483 2592 ingredien-

1895 2615 2046 2670 tibus
2086 2615 2273 2671 lumen
2303 2616 2629 2674 immittunt.
2658 2616 2737 2672 Ac
2789 2606 3016 2671 lucerna
3049 2617 3293 2686 quidem,
3330 2625 3393 2670 ut
3424 2613 3482 2671 in

1896 2704 2093 2777 ﬁgura,
2123 2721 2318 2762 rursus
2346 2706 2601 2763 Christus
2635 2713 2774 2774 erat,
2816 2707 2912 2778 qui
2943 2707 3118 2763 multo
3148 2709 3484 2777 copiosoque

1896 2797 2104 2852 lumine
2145 2796 2201 2851 in
2240 2796 2439 2853 Sancta
2472 2806 2791 2855 sanctorum
2836 2798 3049 2870 ingredi
3085 2800 3333 2854 volentes
3361 2800 3485 2853 illu-

1897 2892 2063 2940 strat:
2095 2903 2115 2936 ‹
2136 2884 2392 2941 Accedite
2410 2887 2579 2953 enim,
2605 2908 2625 2939 ι
2651 2888 2892 2958 inquit,¢
2920 2888 2988 2941 ad
3014 2902 3164 2952 eum,
3199 2897 3255 2943 et
3277 2888 3482 2942 illumi-

1896 2978 2106 3032 namiui
2133 2978 2197 3031 ".
2239 2998 2258 3030 ι
2294 2977 2609 3044 Quinetiam
2649 2978 2799 3050 quod
2846 2995 3009 3035 mane
3040 2980 3484 3036 accendebantur

1900 3069 2172 3134 lucernas,
2237 3067 2526 3140 designare
2585 3070 2791 3139 poterit
2853 3070 3034 3139 ipsum
3086 3070 3486 3129 incarnationis

1901 3170 2120 3232 tempus
2149 3169 2303 3217 :tum
2346 3162 2495 3216 enim
2551 3162 2706 3216 velut
2748 3162 2868 3217 dies
2906 3162 3131 3233 quidam
3182 3163 3384 3229 illuxit,
3428 3174 3488 3221 et

1902 3254 2189 3324 spirituale
2215 3254 2405 3308 lumen
2438 3242 2675 3318 effulsit,
2689 3253 2835 3324 quod
2862 3260 3067 3309 nostrae
3097 3255 3299 3310 veteris
3327 3256 3484 3327 ignov

1903 3341 2096 3395 rantiae
2125 3341 2380 3395 tenebras
2416 3339 2666 3411 dispulit,
2709 3341 2968 3411 illamque
3016 3342 3325 3412 caliginem,
3363 3358 3486 3413 qua)

1901 3432 2082 3487 noctis
2136 3433 2310 3487 instar
2350 3431 2738 3486 universorum
2803 3431 3068 3487 cordibus
3118 3439 3239 3487 erat
3287 3432 3483 3497 oll‘usa,

1904 3522 2210 3594 dissipavit.
2250 3523 2342 3579 Sic
2369 3523 2515 3578 enim
2546 3532 2783 3595 tempus,
2816 3538 2927 3595 quo
2963 3523 3214 3579 Salvator
3241 3524 3484 3591 advenit,

1905 3616 2173 3686 propheta
2191 3630 2411 3686 quoque
2435 3615 2594 3687 longe
2615 3624 2743 3671 ante
2763 3615 3000 3681 vocavit,
3030 3615 3254 3671 dicens:
3285 3635 3302 3667 ι
3331 3616 3486 3671 Mane

1904 3707 2167 3762 exaudies
2192 3722 2385 3762 vocem
2418 3721 2625 3772 meam,
2663 3723 2824 3764 mane
2858 3708 3049 3764 astabo
3081 3708 3202 3777 tibi,
3238 3721 3296 3767 et
3329 3710 3489 3768 vide-
3534 3782 3541 3785 ν

1906 3800 1979 3856 bo
2010 3799 2075 3853 ⁸ο.
2123 3818 2142 3851 ι
2200 3798 2431 3866 Quando
2463 3799 2609 3854 enim
2649 3808 2887 3871 acceptae
2925 3800 3158 3858 fuissent
3202 3804 3490 3863 universov

1907 3907 2030 3946 rum
2050 3905 2262 3962 preces,
2276 3898 2333 3946 et
2357 3906 2456 3947 nos
2476 3891 2605 3946 olim
2626 3900 2877 3947 errantes
2903 3907 3003 3963 per
3022 3895 3489 3965 coniunctionem,

1907 3983 2169 4037 nimirum
2191 3983 2554 4053 spiritualem,
2575 3989 2633 4037 et
2658 3983 3028 4039 obedientiam
3055 4001 3120 4040 ac
3154 3986 3315 4041 {idem
3344 3997 3491 4043 asta~

1910 4087 2097 4127 remus
2143 4073 2277 4138 Deo,
2318 4073 2426 4127 nisi
2460 4072 2621 4127 nobis
2662 4072 2797 4127 illud
2826 4087 2856 4126 e
2889 4073 3031 4128 caalo
3059 4074 3269 4140 lumen,
3297 4076 3352 4129 id
3382 4084 3491 4142 est,

1907 4161 2181 4227 Christus,
2211 4162 2546 4216 affulsisset?
2574 4162 2748 4232 Igitur
2777 4162 2834 4216 in
2867 4162 3127 4218 interiore
3157 4165 3378 4234 quidem
3406 4174 3492 4222 ta-

1911 4250 2210 4306 bernaculo
2238 4249 2519 4319 copiosum
2550 4264 2615 4303 ac
2645 4264 2845 4319 purum
2868 4257 3107 4327 .septem
3136 4251 3354 4306 illarum
3402 4251 3492 4307 luc-

228 4351 336 4405 τῶν
377 4352 518 4408 ἑπτὰ
548 4349 758 4420 λύχνων
786 4350 848 4403 τὸ
880 4347 1035 4416 φῶς,
1095 4348 1154 4400 ὲν
1198 4344 1254 4397 δὲ
1293 4345 1358 4414 τῇ
1406 4341 1595 4412 πρώτῃ
1637 4341 1800 4409 σκηνῇ

1913 4354 2206 4396 cernarum
2251 4338 2438 4394 lumen
2477 4346 2627 4406 erat;
2675 4339 2772 4393 sed
2821 4339 2878 4394 in
2928 4338 3107 4409 primo
3138 4340 3492 4397 tabernaculo

231 4441 423 4514 λύχνος
445 4438 514 4514 ἦν
535 4444 564 4496 6
589 4441 816 4511 φαίνων,
846 4437 1128 4509 ἐμφαίνων
1158 4452 1238 4501 τε,
1272 4430 1540 4504 οἷμαι,ξμὴ
1562 4430 1686 4500 δίχα
1712 4427 1807 4482 τοῦ

233 4536 380 4590 θείου
411 4534 608 4605 φωτὸς,
639 4533 774 4604 μηδὲ
802 4530 1001 4593 αὐτοὺς
1028 4523 1173 4583 εἶναι
1228 4528 1357 4590 τοὺς
1386 4527 1444 4579 ἐν
1473 4525 1624 4594 νόμῳ
1652 4520 1812 4574 παιδ-

232 4644 454 4697 αγωγου
462 4626 653 4698 μένους
679 4623 1102 4694 ηταδηλοῦντος
1123 4618 1219 4675 τοῦ
1240 4618 1584 4690 πράγματος.
1601 4611 1814 4667 Ἐκάλει

233 4720 344 4790 γὰρ
389 4720 456 4772 ὲκ
506 4717 793 4781 πλυθεῖας
841 4719 922 4780 είς
960 4714 1256 4783 ἐπίγνωσιν
1287 4709 1382 4764 τοῦ
1425 4707 1585 4777 φύσει
1631 4722 1689 4758 τε
1723 4703 1816 4759 καὶ

234 4809 456 4883 ἀληθῶς
488 4809 643 4880 Θεοῦ,
681 4810 776 4863 καὶ
819 4809 849 4861 6
881 4807 969 4862 διὰ
996 4804 1238 4869 Μωσέως
1277 4803 1460 4872 νόμος,
1490 4798 1585 4852 καὶ
1616 4795 1817 4867 ἀφίστα

238 4905 339 4974 μὲν
380 4903 512 4965 τοὺς
550 4898 934 4974 ἀρχαιοτέρους
970 4895 1067 4952 τοῦ
1106 4893 1390 4969 λατρεύειν
1418 4890 1499 4944 ἐτι
1536 4890 1604 4960 τῇ
1644 4887 1818 4941 κτίσει

238 4995 394 5069 παρά
416 4994 509 5049 τὸν
531 4993 842 5057 κτίσαντα,
868 4990 1227 5063 προσκεῖσθαι
1249 4986 1308 5041 δὲ
1333 4985 1443 5039 δεῖν
1469 4979 1722 5038 ἀνέπειθε
1741 4976 1820 5069 τῷ

239 5067 462 5142 πάντων
491 5081 841 5155 Δημιωργῷο
890 5080 1067 5150 φωτὸς
1110 5078 1169 5132 δὲ
1212 5076 1275 5132 ού
1323 5075 1447 5146 δίχα
1490 5070 1586 5127 τοῦ
1628 5067 1819 5140 νοητοῦ

238 5178 396 5234 ταυτὶ
418 5178 538 5239 ταῖς
554 5173 664 5228 τῶν
689 5173 1036 5242 παιδαγωγου
1045 5170 1219 5242 μένων
1239 5163 1586 5238 κατωρθοῦτο
1601 5161 1818 5231 ψυχαῖς.

238 5266 473 5333 οὐκοῦν,
512 5264 625 5338 ἐρῶ
651 5265 762 5336 γὰρ
797 5262 1076 5326 εἰσαῦθις,
1107 5259 1360 5322 πλούσιος
1389 5256 1488 5328 μὲν
1528 5254 1621 5308 καὶ
1654 5251 1820 5313 πολὺς

238 5363 355 5425 τοῖς
382 5363 465 5424 εἰς
490 5359 560 5413 τὰ
595 5358 764 5427 Ἅγια
789 5356 905 5411 τῶν,
929 5356 1101 5424 ἀγίων
1131 5356 1160 5408 ὁ
1195 5352 1350 5420 παρά
1379 5346 1617 5421 Χριστοῦ
1652 5361 1819 5415 φωτι-

240 5449 402 5521 σμὺς,
435 5450 609 5521 μείων
635 5448 695 5501 δὲ
718 5449 833 5512 τοῖς
875 5449 933 5501 ἐν
968 5447 1116 5516 νόμῳ
1135 5462 1149 5477 ·
1199 5443 1295 5497 καὶ
1338 5438 1545 5511 ἀληθὴς
1572 5438 1601 5490 6
1639 5436 1814 5505 λόγος.

342 5635 389 5671 "
417 5636 600 5695 chit.
637 5650 784 5696 xxxv,
820 5634 934 5691 1-9.

1905 4433 2129 4487 lucerna
2157 4436 2278 4486 erat
2313 4431 2527 4496 lucens,
2576 4445 2687 4500 quo
2713 4430 3130 4497 declarabatur,
3173 4439 3234 4487 ut
3270 4432 3488 4503 opinor,

1906 4538 1978 4579 ne
2023 4523 2172 4592 ipsos
2206 4520 2450 4591 quidem,
2501 4521 2596 4591 qui
2631 4523 2687 4577 in
2716 4522 2855 4602 .lege
2879 4521 3329 4588 instituebantur,
3369 4539 3492 4580 esse

1910 4614 2085 4670 (ﬁvini
2116 4613 2343 4668 luminis
2380 4619 2656 4683 expertes.
2697 4613 2833 4668 Nam
2867 4614 2956 4668 lex
2985 4629 3203 4685 quoque
3225 4602 3392 4686 Meysi
3419 4631 3488 4671 ex

1914 4706 2215 4761 multorum
2265 4704 2496 4760 deorum
2548 4704 2700 4759 cultu
2758 4706 2991 4761 vocabat
3033 4706 3101 4761 ad
3155 4706 3493 4778 agnitionem

1917 4797 2055 4867 ejus,
2078 4794 2175 4865 qui
2219 4801 2417 4848 natura
2447 4809 2686 4865 vereque
2708 4795 2852 4851 Deus
2881 4802 3000 4863 est;
3038 4811 3102 4851 ac
3132 4804 3350 4852 veteres
3372 4794 3495 4853 illos

1914 4887 2169 4944 homines
2190 4885 2498 4943 abducebat
2527 4901 2559 4941 a
2587 4887 2817 4943 colenda
2856 4896 3105 4947 ereatura
3126 4888 3309 4959 potius
3328 4903 3493 4959 quam

1914 4980 2195 5047 Creatore,
2214 4979 2610 5050 suadebatque,
2639 4988 2702 5036 ut
2733 4996 2917 5037 rerum
2938 4980 3184 5036 omnium
3205 4980 3494 5037 Conditori

1917 5072 2292 5138 adhaererent;
2325 5071 2381 5127 id
2406 5087 2540 5128 vero
2573 5072 2630 5126 in
2652 5087 2845 5127 eorum
2882 5071 3101 5137 animis,
3128 5071 3223 5142 qui
3250 5071 3357 5126 illis
3388 5070 3493 5125 im-
3584 5074 3587 5075 ⁷

1924 5160 2240 5216 buebantur
2291 5159 2579 5225 institutis,
2624 5175 2737 5215 non
2790 5160 2909 5214 sine
2960 5159 3232 5230 spirituali
3288 5159 3497 5213 lumine

1924 5249 2331 5321 perﬁciebatur.
2378 5249 2571 5319 Igitur,
2610 5256 2673 5302 ut
2724 5247 2779 5303 id
2831 5256 3075 5318 repetam
3133 5247 3279 5319 quod
3332 5245 3496 5316 paulo

1925 5350 2052 5398 ante
2071 5341 2206 5405 dixi,
2252 5339 2471 5408 copiosa
2505 5346 2592 5392 est
2621 5353 2684 5392 ac
2721 5338 2881 5407 plena
2919 5336 3246 5394 illuminatio
3280 5347 3400 5405 quae
3438 5332 3495 5391 in

1928 5434 2125 5490 Sancta
2165 5439 2479 5487 sanctorum
2520 5428 2681 5501 345
2722 5429 3153 5502 ingredientibus
3195 5443 3226 5482 ιι
3274 5424 3499 5482 Christo

1045 5634 1089 5665 ⁷⁸
1122 5632 1311 5689 Matth.
1342 5648 1393 5700 ν,
1438 5631 1522 5686 14.
1608 5630 1653 5663 ’⁷⁸
1688 5626 1831 5684 Psal.
1862 5640 2048 5691 χχχιιι,
2080 5623 2133 5678 6.
2223 5622 2268 5655 ⁸ο
2300 5622 2440 5678 Psal.
2473 5637 2524 5687 v,
2556 5622 2607 5686 4,
2644 5622 2695 5676 5.
