3962 6296
533 237 638 294 ϐτί)

1557 223 1613 276 S.
1655 217 1930 276 CYRILLI
1967 206 2436 273 ALEXANDRINI
2478 210 2795 269 ARCIIIEP.

3692 210 3795 266 680

535 347 835 412 tribuitur;
886 342 1066 398 minor
1123 349 1306 396 autem
1349 353 1540 394 eorum
1572 346 1709 402 erat,
1745 339 1838 407 qui
1895 337 1949 391 in
1993 337 2110 406 lege

2226 333 2517 387 Ἰσοστατεῖ
2546 330 2654 401 γὰρ
2678 325 2950 397 οὐδαμῶς,
2969 325 3419 396 εἱςλαμπρότητα
3434 324 3532 397 τὴν
3555 341 3690 380 πνευ
3699 345 3800 397 μα-

535 442 839 497 vivebant:
878 437 1041 506 idque
1080 435 1422 488 verissimum
1469 439 1588 496 est;
1631 446 1811 499 neque
1842 430 1991 484 enim
2026 429 2118 482 illa

534 533 675 602 legis
703 530 894 585 umbra
926 542 1050 580 cum
1085 523 1415 602 evangelicis
1441 522 1885 576 institutionibus
1908 520 2118 573 illumi-

537 600 758 676 nat-ioue
821 616 1095 688 spirituali
1150 600 1356 684 aequari
1405 613 1519 667 ullo
1568 612 1733 666 modo
1786 617 2007 679 potest:
2036 610 2121 662 hie

537 727 772 781 namque
797 711 1118 764 universum
1166 707 1357 760 orbem
1395 712 1668 759 terrarum
1703 703 2003 767 illustrant,
2029 700 2118 753 illa

531 811 717 859 autem
745 801 846 855 soli
877 799 1256 854 lsraelitarum
1290 797 1481 869 generi
1505 802 1634 850 nota
1658 803 1797 849 erat.

603 893 800 950 PALL.
838 892 1006 946 Recte
1045 889 1204 944 dicis.

603 990 760 1045 CYR.
802 987 1036 1044 Videtur
1057 993 1268 1050 autem,
1307 982 1535 1046 Palladi,
1555 980 1702 1036 aliud
1726 977 1988 1050 quiddam
2020 976 2118 1032 de-

527 1081 748 1152 signare
787 1093 976 1134 mensa
1009 1085 1176 1146 atque
1217 1077 1443 1130 lucerna
1470 1074 1524 1128 in
1555 1073 1734 1144 primo
1765 1069 2118 1126 tabernaculo

526 1173 821 1226 collocata.

606 1263 803 1317 PALL.
841 1261 980 1328 Quid
1005 1259 1159 1315 istud
1182 1265 1273 1314 est
1305 1255 1564 1312 tandem?

603 1351 760 1407 CYR.
797 1352 1044 1406 Lucerna
1066 1349 1290 1419 quidem
1321 1346 1555 1400 fortasse
1593 1343 1864 1399 Joannem
1925 1339 2114 1409 Bapti-

535 1449 700 1505 stam,
746 1442 926 1496 virum
978 1438 1358 1494 admirabilem
1387 1479 1400 1502 ,
1446 1448 1616 1505 panes
1652 1447 1784 1487 vero
1825 1429 2116 1486 duodecim

535 1535 908 1605 apostolorum
934 1532 1095 1586 nobis
1117 1531 1348 1585 chorum
1377 1526 1749 1598 praefigurant.

607 1625 804 1680 PALL.
824 1624 1072 1690 Quonam
1112 1619 1310 1675 modo?

605 1719 761 1775 CYR.
801 1717 882 1771 An
901 1717 1118 1788 ignoras
1146 1715 1232 1779 iis,
1277 1712 1371 1784 qui
1401 1713 1458 1767 in
1494 1712 1613 1781 lege
1649 1718 1706 1764 et
1741 1724 1840 1779 per
1871 1707 2115 1764 Iudaeam

531 1820 713 1876 erant,
736 1811 909 1866 instar
938 1811 1178 1864 lucernae
1201 1805 1497 1876 praeeuntis
1514 1804 1684 1857 fuisse
1718 1801 1939 1856 beatum
1961 1801 2115 1855 illum

537 1902 836 1972 Baptistam
860 1941 875 1964 ,
925 1916 989 1954 ac
1033 1900 1100 1953 de
1140 1899 1236 1952 illo
1279 1913 1310 1950 a
1347 1896 1463 1950 Deo
1503 1903 1559 1950 et
1597 1895 1759 1949 Patre
1792 1893 2115 1963 praedictum

536 2006 679 2054 esse,
712 2011 729 2042 ι
762 1989 957 2044 Paravi
982 1989 1261 2042 lucernam
1280 1984 1727 2041 Christomeo'“?
1758 2004 1776 2035 ›
1805 1984 2116 2050 Quinetiam

537 2083 655 2152 ipse
675 2081 924 2135 Salvator
945 2079 1053 2134 hoc
1085 2079 1230 2133 idem
1261 2085 1492 2132 testatus
1507 2085 1611 2141 est,
1641 2091 1763 2130 cum
1800 2075 2116 2130 Judaaorum

536 2172 858 2226 doctoribus
896 2171 963 2226 de
992 2171 1086 2225 illo
1117 2170 1292 2224 dixit:
1328 2188 1346 2220 ι
1379 2169 1475 2223 llle
1495 2176 1616 2223 erat
1648 2159 1874 2222 lucerna
1917 2166 2116 2221 ardens

535 2272 593 2318 et
621 2265 830 2330 lucens;
856 2278 953 2318 vos
976 2271 1156 2317 autem
1176 2259 1427 2316 voluistis
1443 2260 1719 2314 exsultare
1756 2258 1823 2312 ad
1851 2259 2040 2313 horam
2061 2259 2114 2312 in

540 2355 754 2409 lumine
787 2356 905 2425 ejus
929 2354 994 2407 3'.
1032 2373 1050 2405 ι
1075 2353 1211 2407 Vide
1242 2353 1388 2407 enim
1422 2349 1885 2421 quemadmodum
1923 2349 2117 2404 beatus

535 2437 739 2500 Paulus
753 2445 847 2514 qui
876 2444 1013 2514 legis
1028 2442 1239 2513 peritus
1263 2449 1380 2496 erat
1399 2439 1795 2510 propemodum
1820 2439 1887 2494 ad
1910 2455 2135 2527 memo-‘

541 2537 677 2590 riam
694 2545 912 2592 revocat
925 2537 1204 2589 lucernam
1215 2532 1382 2596 illam,
1397 2546 1518 2601 quae
1529 2539 1649 2584 erat
1661 2530 1716 2584 in
1730 2531 1910 2600 primo
1940 2530 2117 2584 taber-

540 2627 756 2680 naculo.
773 2624 1160 2680 lnexstinctam
1189 2622 1335 2676 enim
1357 2621 1565 2675 servari
1580 2622 1879 2687 lucernam,
1905 2620 2118 2692 legisla-

540 2729 628 2774 tor
643 2718 902 2788 praecepit
929 2717 1016 2772 his
1037 2717 1222 2772 verbis
1253 2733 1265 2767 :
1299 2733 1316 2765 ι
1349 2714 1418 2768 Ει
1448 2712 1749 2767 accendent
1769 2728 1889 2767 eam
1908 2709 2125 2780 Aaron,'

538 2818 594 2866 et
622 2809 718 2863 filii
741 2809 906 2879 ejusa
925 2822 1152 2878 veSpcra
1185 2821 1355 2875 usque
1385 2819 1544 2858 mane
1570 2804 1777 2874 jugiter
1807 2805 1867 2858 in
1890 2819 2117 2875 conspe-

537 2908 632 2956 ctu
666 2899 902 2954 Domini.
941 2917 958 2949 ›
983 2898 1088 2953 Sed
1128 2897 1324 2961 Judaei,
1375 2911 1500 2950 cum
1539 2903 1783 2966 tempore
1821 2897 2114 2952 admodum

536 2993 734 3063 exiguo
755 2993 820 3046 de
845 2992 939 3046 illo
971 2990 1140 3062 gavisi
1177 2988 1432 3054 fuissent,
1475 2989 1742 3044 hactenus
1785 2995 1954 3054 certe,
1985 2989 2113 3044 dum
2145 3027 2189 3086 Ε

536 3085 606 3140 ad
627 3084 894 3154 baptisma
931 3083 1079 3137 illius
1119 3089 1435 3147 accurrunt,
1471 3088 1527 3136 et
1560 3080 1714 3135 illum
1751 3079 2116 3136 admiratione

537 3178 771 3231 maxima
795 3182 1204 3244 prosequuntur
1222 3215 1237 3239 ,
1269 3173 1485 3227 tandem
1514 3172 1711 3228 mortis
1737 3186 1927 3227 somno
1955 3171 2120 3227 dede-

539 3275 689 3331 runt,
737 3282 800 3321 ac
835 3264 1233 3336 prepemodum
1271 3262 1477 3334 jugiter
1532 3262 1807 3317 lucentem
1838 3261 1987 3315 illam
2030 3263 2117 3316 lu-

535 3374 757 3415 cernam
781 3358 1190 3412 exstinxerunt:
1219 3370 1367 3419 nam,
1388 3354 1518 3408 licet
1533 3352 1736 3408 Herodi
1759 3351 1892 3406 illud
1907 3352 2119 3407 facinus

538 3449 833 3512 tribuatur,
855 3457 911 3501 at
941 3448 987 3502 is
1013 3455 1163 3503 certe
1185 3446 1253 3500 de
1286 3445 1452 3500 Israel
1499 3460 1670 3515 genus
1711 3443 1968 3499 ducebat.
2008 3443 2117 3498 lta-

535 3553 643 3607 que
675 3538 946 3602 Christus,
979 3551 1103 3590 cum
1142 3534 1454 3591 Judaeorum
1496 3534 1726 3603 populos
1759 3531 1827 3587 de
1867 3533 2114 3599 audacia,

535 3646 643 3700 qua
677 3630 733 3684 in
763 3642 955 3682 omnes
980 3635 1199 3680 sanctos
1220 3623 1306 3678 usi
1331 3623 1570 3686 fuerant,
1593 3631 1882 3678 accusaret
1909 3642 1921 3676 :
1957 3643 1974 3674 ι
1996 3623 2114 3678 Νοη

537 3722 656 3776 ﬁeri
676 3727 875 3790 potest,
911 3717 1108 3786 inquit,
1136 3717 1460 3786 prephetam
1492 3716 1674 3785 perire
1717 3723 1870 3771 extra
1891 3717 2114 3772 Jerusa-

483 3866 502 3876 ,
534 3810 642 3864 lem
673 3809 737 3862 ³³.
781 3827 798 3858 ι

605 3899 800 3955 PALL.
833 3900 950 3955 Lux
979 3899 1143 3971 igitur
1180 3915 1244 3955 ac
1284 3901 1508 3957 lucerna
1533 3916 1632 3971 per
1675 3899 2110 3967 similitudinem,

535 3992 848 4062 Christique
907 3992 1383 4063 participationem
1446 3993 1643 4048 beatus
1724 4007 1944 4062 quoque
2006 3994 2110 4048 Ba-

535 4083 698 4154 ptista
738 4083 841 4138 fuit
881 4084 969 4150 iis,
990 4084 1085 4156 qui
1113 4085 1168 4138 in
1199 4084 1316 4154 lege
1339 4100 1403 4139 ac
1417 4100 1516 4154 per
1534 4085 1775 4140 Judaaam
1806 4093 1982 4138 erant.

605 4179 761 4234 CYR.
800 4179 879 4234 Ita
899 4187 1001 4234 est.
1029 4179 1110 4234 Ad
1148 4177 1403 4234 eumdem
1421 4194 1639 4248 quoque
1669 4177 1892 4232 modum
1919 4193 2107 4247 panes,

533 4275 753 4324 sanctos
775 4267 1050 4338 apostolos
1073 4266 1246 4338 accipi
1286 4273 1564 4336 putamus.
1607 4266 1762 4322 Unus
1793 4266 1942 4320 enim
1985 4281 2109 4321 cum

2221 426 2409 496 τικὴν,
2448 425 2560 486 τοῖς
2607 419 2984 489 εύαγγελικοῖς
3029 417 3433 487 θεσπίσμασιν,
3469 419 3503 488 ἡ
3553 419 3611 470 ὲν
3653 418 3802 489 νόμῳ

2223 517 2382 570 σκιά·
2435 515 2502 569 τὰ
2538 515 2634 584 μὲν
2683 512 2791 583 γὰρ
2833 513 2961 580 ὅλην
3005 510 3437 580 περιαστράπτει
3481 508 3580 580 τὴν
3627 512 3804 564 οἰκουο

2225 624 2410 680 μενην,
2442 607 2477 678 ἡ
2508 606 2566 660 δὲ
2611 601 2678 676 ἦν
2715 605 2896 676 μόνοις
2929 601 3216 674 γνώρισμα
3245 605 3358 666 τοῖς
3391 600 3451 667 ἐξ
3492 603 3730 687 Ἰσρρήλ.

2292 875 2498 929 ΠΑΛΛ.
2542 873 2747 944 Ὀρθῶς
2777 873 2934 944 ἔφης.
3786 919 3792 922 .

2289 968 2454 1021 ΚΥΡ.
2490 967 2674 1019 Ἐοικε
2703 967 2781 1030 δὲ,
2813 961 2858 1018 ὦ
2885 964 3173 1030 Παλλάδιε,
3206 963 3300 1018 καὶ
3324 963 3510 1036 ἔτερόν
3535 982 3587 1017 τι
3618 981 3800 1036 παραυ

2217 1058 2413 1130 δηλοῦν
2457 1063 2491 1131 ὴ
2525 1058 2774 1130 τράπεζα
2811 1059 2906 1112 καὶ
2944 1060 2972 1111 6
2999 1056 3190 1128 λύχνος
3212 1097 3228 1124 ,
3253 1059 3282 1110 6
3308 1055 3364 1110 ἐν
3393 1073 3455 1124 γε
3497 1059 3564 1127 τῇ
3609 1055 3808 1130 πρώτῃ

2221 1152 2414 1221 σκηνῇ.
2842 1199 2844 1202 ,

2290 1241 2495 1294 ΠΑΛΛ.
2541 1239 2614 1294 Τὸ
2640 1240 2692 1293 τί
2719 1239 2783 1311 δὴ
2809 1241 2948 1313 quis;

2288 1329 2451 1384 ΚΥΡ.
2473 1329 2726 1400 Ἰωάννην
2745 1332 2885 1400 τάχα
2907 1347 3010 1382 που
3035 1329 3126 1383 τὸν
3150 1330 3437 1384 θεσπέσιον
3482 1331 3801 1402 Βαπτιστὴν

2216 1423 2245 1476 6
2273 1422 2486 1494 λύχνος,
2532 1423 2687 1494 ἄρτοι
2719 1423 2775 1475 δὲ
2809 1423 2858 1474 ot
2903 1422 2995 1476 δύο
3027 1423 3121 1477 καὶ
3150 1423 3306 1490 δέκα,
3367 1425 3460 1478 τὸν
3489 1423 3598 1478 τῶν
3626 1425 3802 1494 ἁγίων

2215 1515 2348 1585 ἡμῖν
2375 1512 2688 1567 ἀποστόλων
2720 1513 3165 1585 προανατυποῦσι
3193 1516 3373 1587 χορόν.

2288 1607 2500 1661 ΠΑΛΛ.
2527 1606 2660 1661 Τίνα
2689 1607 2888 1678 τρόπον
2905 1625 2920 1674 ;

2150 1672 2192 1728 Β
2291 1699 2455 1752 ΚΥΡ.
2496 1701 2566 1752 Ἢ
2598 1699 2699 1752 οὐκ
2724 1672 2880 1752 οἶσθα
2907 1672 2990 1752 ότι
3018 1701 3131 1764 τοῖς
3158 1701 3217 1754 ὲν
3244 1700 3514 1787 νόμῳὶικαὶ
3539 1700 3679 1756 κατά
3699 1701 3803 1774 τὴν

2235 1791 2496 1845 Ἰουδαίαν
2539 1791 2732 1862 λύχνος
2769 1787 2838 1862 ἦν
2866 1787 2956 1846 οἷά
2979 1799 3084 1857 τις,
3114 1792 3351 1862 Χριστοῦ
3394 1793 3742 1863 προόαδίζων
3775 1796 3806 1847 6

2224 1881 2512 1948 θεσπέσιος
2548 1883 2859 1954 Βαπτιστὴς
2877 1925 2891 1948 ,
2921 1884 3014 1938 καὶ
3041 1884 3171 1955 περὶ
3199 1883 3362 1938 αὐτοῦ
3402 1887 3807 1957 προαναπεφὼ-

2222 1991 2387 2046 νηκεν
2411 1976 2438 2028 6
2459 1974 2591 2039 Θεὸς
2619 1975 2713 2028 καὶ
2734 1975 2945 2046 Πατήρ·
2976 1994 2994 2026 ι
3029 1975 3330 2046 Ἠτοίμασα
3353 1976 3541 2047 λύχνον
3564 1977 3642 2048 τῷ
3666 1980 3712 2031 Χ
3722 1996 3807 2050 ρι-

2225 2065 2334 2136 στῷ
2358 2083 2480 2136 μου.
2514 2085 2532 2119 ι
2561 2067 2969 2139 Μεμαρτύρηκε
2988 2068 3043 2121 δὲ
3062 2067 3220 2121 τοῦτο
3240 2069 3334 2122 καὶ
3358 2070 3518 2133 αὐτὸς
3537 2072 3565 2124 6
3583 2070 3805 2142 Σωτὴρ,

2222 2160 2335 2222 τοῖς
2381 2158 2488 2211 τῶν
2545 2158 2813 2214 Ἰουδαίων
2845 2161 3185 2232 καθηγηταῖς
3217 2163 3346 2233 περὶ
3387 2162 3550 2216 αὑτοῦ
3588 2163 3807 2233 λέγων’.

2229 2269 2247 2302 ‹
2316 2251 2555 2316 Ἐκεῖνος
2589 2248 2658 2324 ἧν
2699 2255 2728 2306 6
2781 2252 2972 2324 λύχνος
3018 2254 3046 2306 6
3096 2253 3386 2324 καιόμενος
3428 2255 3522 2308 καὶ
3568 2255 3805 2324 φαίνων,

2222 2344 2380 2413 ὑμεῖς
2402 2345 2460 2398 δὲ
2490 2345 2792 2417 ἠθελήσατε
2823 2346 3248 2415 ἀγαλλιασθῆναι
3278 2347 3418 2419 πρὸς
3447 2347 3594 2418 ὥραν
3633 2349 3691 2400 ἐν
3722 2349 3807 2416 τῷ

2224 2435 2364 2503 φωτὶ
2397 2428 2584 2490 αὐτοῦ.
2629 2455 2648 2487 ι
2699 2437 2808 2489 Θέα
2854 2437 2964 2508 γὰρ
3013 2439 3158 2501 ὅπως
3189 2438 3266 2502 ὡς
3305 2438 3622 2510 νομομαθὴς
3651 2437 3730 2494 ὣν
3781 2442 3810 2494 ὁ

2227 2526 2495 2597 μακάριος
2527 2527 2759 2592 Παῦλος,
2795 2529 3077 2598 μονονουχὶ
3103 2529 3239 2599 πρὸς
3265 2530 3571 2601 ἀνάμνησιν
3597 2531 3810 2601 ἀναφέ-

2225 2618 2308 2688 ρει
2337 2617 2656 2688 λύχνου,τοῦ
2684 2619 2824 2671 κατά
2848 2619 2945 2690 τὴν
2968 2620 3190 2692 πρώτην
3219 2624 3440 2692 σκηνήν.
3471 2623 3784 2679 Ἀσϐεστον

2225 2710 2324 2779 μὲν
2366 2709 2475 2781 γὰρ
2504 2711 2533 2763 6
2571 2709 2868 2780 νομοθέτης
2911 2712 3282 2783 διατηρεῖσθαι
3325 2714 3435 2767 δεῖν
3475 2715 3810 2770 κεκέλευκεν

2221 2801 2366 2856 οὕτω
2387 2802 2588 2872 λέγων·
2633 2822 2652 2854 ι
2674 2803 2784 2857 Καὶ
2817 2803 3110 2860 καύσουσιν
3131 2805 3292 2859 αὑτὸν
3334 2806 3544 2878 Ἀαρὼν
3567 2847 3582 2873 ,
3621 2810 3720 2862 καὶ
3759 2811 3812 2862 at

2221 2894 2328 2947 υἱοὶ
2368 2893 2531 2949 αὐτοῦ
2571 2895 2679 2948 ἀπὸ
2712 2895 2950 2966 ἑσπέρας
2987 2897 3092 2961 ἓως
3121 2897 3265 2969 πρωῒ
3313 2898 3543 2952 ἐνώπιον
3589 2900 3810 2971 Κυρίου

2221 2983 2528 3055 ἐνδελεχῶς.
2563 3005 2583 3038 ι
2622 2986 2826 3058 Χρόνον
2849 3005 2914 3056 γε
2943 2986 3049 3059 μὴν
3066 2989 3152 3042 ἐπ’
3180 2989 3327 3061 αύτῷ
3359 2991 3551 3062 κομιδῇ
3593 2991 3811 3062 βραχὺν

2221 3075 2477 3146 ἡσθέντες
2513 3077 2774 3146 Ἰουδαῖοι,
2804 3079 2892 3133 διά
2918 3097 2982 3148 γε
3011 3081 3071 3134 τὸ
3103 3082 3472 3153 προσδραμεῖν
3497 3083 3576 3153 τῷ
3603 3083 3671 3137 δι’
3701 3086 3809 3138 αύ-

2218 3163 2312 3217 τοῦ
2355 3164 2730 3236 βαπτίσματι,
2767 3169 2863 3222 καὶ
2895 3169 3082 3240 θαῦμα
3129 3171 3270 3224 ἑλεῖν
3310 3173 3395 3225 ἐπ’
3441 3172 3588 3244 αύτῷ
3625 3175 3805 3243 πολὺ,

2218 3255 2613 3326 κατεκοίμισαν
2645 3258 2725 3329 τῷ
2761 3258 2978 3331 θανάτῳ
3008 3263 3288 3333 μονονουχὶ
3315 3263 3407 3317 τὸν
3443 3265 3675 3337 ἀειφανῆ
3703 3266 3806 3320 λύ-

2217 3362 2343 3415 χνον
2375 3348 2881 3414 κατασϐεννύοντες.
2923 3354 2986 3406 Εἰ
3020 3352 3128 3424 γάρ
3172 3355 3265 3408 καὶ
3306 3355 3542 3427 Ἡρώδου
3566 3358 3626 3411 τὸ
3669 3359 3806 3413 τόλ-

2221 3453 2380 3507 μημα
2399 3437 2605 3508 λέγοιτο
2615 3441 2796 3511 τυχὸν,
2810 3443 2924 3496 ἀλλ’
2939 3440 3035 3498 οὖν
3054 3445 3206 3509 ὄντος
3221 3446 3278 3513 ἐξ
3293 3447 3524 3518 αἵματος
3553 3450 3801 3523 Ἰσραήλ·

2217 3527 2306 3582 διὰ
2354 3529 2512 3584 τοῦτο
2557 3531 2793 3604 Χριστὸς
2861 3537 2974 3598 τοῖς
3014 3536 3282 3593 Ἰουδαίων
3336 3539 3484 3603 λαοῖς
3535 3540 3596 3594 τὸ
3649 3545 3805 3597 κατά

2218 3621 2418 3686 παντὸς
2463 3623 2618 3692 ἁγίου
2684 3623 2882 3696 θράσος
2925 3627 3194 3694 ἐγκαλῶν,
3227 3648 3247 3680 ι
3277 3630 3392 3684 Οὐκ
3437 3631 3737 3703 ἐνδέχεται,
3776 3655 3799 3689 ι

2217 3715 2391 3786 φησὶ,
2452 3734 2472 3768 ι
2537 3717 2823 3789 προφήτην
2872 3718 3168 3775 ἀπολέσθαι
3202 3720 3309 3786 ἔξω
3350 3721 3732 3797 Ἰερουσαλήμ.
3776 3746 3796 3780 ι

2285 3902 2494 3958 ΠΑΛΛ.
2515 3902 2633 3968 Φῶς
2656 3900 2750 3958 οῦν
2765 3904 2872 3975 ἄρα
2891 3906 2983 3960 καὶ
3003 3906 3214 3978 λύχνος,
3234 3908 3357 3962 καθ’
3378 3909 3671 3980 ὁμοιότητα
3696 3915 3804 3968 καὶ.

2213 3991 2355 4046 κατὰ
2379 3993 2594 4064 μέθεξιν
2614 3994 2707 4049 τοῦ
2731 3996 2984 4068 Χριστοῦ,
3011 3998 3104 4052 καὶ
3128 4001 3156 4052 6
3176 3998 3459 4065 θεσπέσιος
3480 3999 3805 4077 Βαπτιστὴς

2211 4087 2322 4147 τοῖς
2351 4087 2408 4138 έν
2435 4088 2584 4156 νόμῳ
2611 4087 2754 4142 κατὰ
2781 4088 2880 4160 τὴν
2918 4090 3196 4144 Ἰουδαίαν.

2281 4173 2444 4229 ΚΥΡ.
2471 4173 2625 4228 Οὕτω
2647 4178 2808 4247 φημί.
2833 4179 2989 4232 Κατά
3014 4179 3105 4232 τὸν
3127 4179 3237 4232 τσον
3273 4179 3330 4232 δὲ
3360 4180 3560 4250 τρόπον
3583 4183 3805 4255 ἄρτους

2210 4265 2445 4319 νοεῖσθαί
2469 4283 2648 4338 φαμεν
2691 4269 2818 4334 τοὺς
2841 4269 3028 4338 ἁγίους
3047 4269 3397 4334 ἀποστόλους.
3425 4269 3522 4351 EE;
3546 4273 3646 4343 μὲν
3677 4278 3803 4349 γάρ

533 4360 605 4415 sit
643 4360 733 4415 ille
767 4375 866 4429 per
897 4366 1152 4412 naturam
1199 4365 1255 4412 et
1284 4373 1416 4412 vere
1465 4357 1646 4427 panis,
1705 4359 1801 4428 qui
1843 4358 1912 4413 de
1965 4358 2105 4413 coelo

2223 4356 2236 4408 5
2268 4356 2426 4424 φύσει
2459 4373 2519 4410 τε
2551 4358 2642 4412 καὶ
2667 4359 2883 4428 ἀληθῶς
2912 4362 3073 4433 ἄρτος
3100 4363 3128 4415 ὁ
3156 4361 3216 4427 ἐξ
3249 4362 3481 4434 οὐρανοῦ
3512 4366 3608 4419 καὶ
3641 4366 3802 4430 ζωο-

531 4451 836 4515 descendit,
863 4465 930 4530 ac
957 4451 1124 4504 vitam
1159 4455 1401 4519 praestat,
1446 4465 1514 4504 ex
1561 4451 1680 4520 ejus
1709 4457 1890 4504 tamen
1929 4449 2112 4504 imita-

531 4544 680 4598 tione
707 4541 1255 4613 participationeque,
1282 4541 1375 4610 qui
1415 4557 1515 4611 per
1552 4550 1807 4596 naturam
1844 4542 1970 4596 talis
2003 4551 2108 4607 est,

529 4635 702 4690 divini
751 4634 829 4689 illi
855 4633 1238 4704 mysteriorum
1279 4632 1533 4686 doctores
1577 4647 1641 4686 ac
1673 4633 1916 4706 magistri
1943 4649 2110 4702 panes

529 4733 658 4781 sunt
681 4726 750 4780 ad
773 4726 1033 4795 pietatem
1063 4723 1392 4786 nutrientes,
1420 4738 1544 4777 cum
1586 4723 1753 4778 verba
1785 4723 1913 4776 vitae
1949 4723 2110 4779 nobis

528 4820 828 4888 prmbeant,
845 4825 902 4871 et
935 4815 1098 4887 346
1139 4815 1337 4871 famem
1389 4831 1456 4870 ex
1513 4815 1818 4884 ignorantia
1884 4815 2106 4884 proﬁci-

529 4913 774 4960 scentem
828 4905 896 4959 de
933 4903 1278 4958 credentium
1311 4903 1506 4957 animis
1545 4904 1839 4973 depellant.
1897 4905 2104 4961 Eodem

529 5010 695 5064 porro
717 5002 844 5049 sunt
859 5011 1025 5064 panes
1044 5010 1295 5058 numero,
1313 5010 1422 5062 quo
1448 4994 1725 5063 discipuli,
1753 5011 1949 5066 nempe
1969 4998 2105 5054 duo-

530 5086 728 5151 decim,
768 5087 913 5156 iique
937 5088 990 5142 in
1020 5089 1157 5143 duas
1190 5087 1493 5157 positiones
1515 5086 1796 5152 collocati;
1822 5103 1918 5144 sex
1947 5089 2098 5156 hinc,

530 5177 727 5247 inquit,
763 5186 818 5233 et
844 5194 940 5233 sex
963 5179 1110 5243 inde,
1142 5177 1535 5249 propemodum
1559 5177 1613 5231 in
1644 5178 1835 5232 orbem
1862 5178 2097 5235 cireum-

527 5277 766 5335 stantes,
794 5276 850 5325 et
873 5271 929 5323 in
967 5269 1149 5324 medio
1186 5270 1306 5325 loco
1335 5269 1574 5339 positum
1617 5269 1881 5326 habentes
1921 5288 2092 5326 unum

528 5362 679 5416 illum
699 5361 843 5417 etde
873 5361 1010 5416 caelo
1044 5376 1261 5429 panem,
1291 5361 1344 5415 id
1393 5368 1478 5416 est
1525 5360 1826 5416 Christum.
1883 5361 2092 5434 Singuli

525 5454 688 5508 etiam
718 5469 784 5507 ex
807 5451 1020 5507 duabus
1048 5451 1293 5516 decimis,
1335 5452 1390 5506 id
1420 5461 1504 5509 est
1549 5470 1616 5508 ex
1639 5453 1855 5510 duabus
1908 5456 2091 5525 perfe-

611 5629 652 5659 ⁸¹
687 5629 825 5682 Psal.
870 5644 1044 5694 cxx“,
1082 5629 1161 5683 l7.
1237 5630 1281 5662 ⁸²
1303 5631 1458 5685 Joan.
1483 5645 1537 5698 v,
1566 5631 1658 5690 55.
1733 5633 1778 5666 ⁸³
1799 5632 1932 5690 Luc.
1959 5647 2072 5698 xm,
2099 5632 2186 5685 55.

2209 4446 2390 4509 ποιόςο
2420 4447 2562 4500 κατά
2591 4448 2823 4519 μίμησιν
2865 4449 2922 4502 δὲ
2943 4449 3036 4503 τοῦ
3068 4448 3226 4523 φύσει
3255 4451 3350 4504 καὶ
3376 4450 3519 4505 κατά
3563 4452 3801 4522 μέθεξιν

2207 4535 2361 4606 ἄρτοι
2386 4539 2674 4610 τρέφοντες
2702 4541 2782 4603 είς
2812 4541 3092 4595 εὐσέϐειαν
3141 4545 3193 4596 ei
3231 4541 3364 4596 θεῖοι
3405 4545 3796 4615 μυσταγωγοὶ,

2206 4628 2396 4698 λόγους
2425 4632 2556 4701 ἡμῖν
2583 4632 2820 4696 ἐνιέντες
2853 4632 3022 4703 ζωῆς,
3063 4635 3158 4688 καὶ
3185 4635 3276 4690 τὸν
3312 4636 3378 4689 ὲκ
3409 4635 3511 4706 τῆς
3537 4637 3800 4706 ἀμαθίας

2204 4719 2379 4790 λιμὸν,
2397 4722 2494 4793 τῆς
2507 4723 2616 4776 τῶν
2644 4725 3004 4781 πιστευόντων
3029 4727 3338 4792 ὲξιστάντες
3365 4727 3563 4800 ψυχῆς.
3577 4717 3799 4803 ’1σάρι-

2207 4812 2332 4883 θμοι
2367 4814 2424 4868 δὲ
2463 4817 2576 4878 τοῖς
2615 4815 2912 4887 μαθηταῖς,
2952 4819 3001 4872 οἱ
3037 4818 3226 4890 ἄρτοι·
3274 4821 3598 4874 δυοκαίδεκα
3645 4823 3794 4895 γὰρ,

2206 4905 2298 4958 καὶ
2321 4906 2402 4968 είς
2426 4905 2518 4959 δύο
2548 4907 2788 4978 κείμενοι
2819 4907 3048 4979 θέματα,
3076 4909 3137 4974 ἓξ
3173 4909 3348 4974 ἔνθεν,
3383 4912 3548 4982 φησὶ,
3590 4912 3698 4966 καὶ
3729 4915 3795 4981 ἓξ

2202 4993 2371 5061 ἐνθεν,
2419 4998 2702 5070 μονονουχὶ
2732 4998 2827 5053 καὶ
2857 5001 2916 5052 ὲν
2953 4999 3136 5072 κύκλῳ
3171 5002 3554 5073 περιεστῶτες,
3589 5005 3695 5058 καὶ
3731 5007 3796 5060 ὲν

2204 5086 2352 5158 μέσῳ
2379 5087 2527 5158 τόπῳ
2561 5089 2812 5160 κείμενον
2839 5089 3053 5161 ἔχοντες
3080 5091 3176 5145 ἕνα
3205 5110 3264 5146 τε
3298 5093 3393 5147 καὶ
3425 5093 3483 5159 ἐξ
3516 5093 3792 5164 ούρανοῦ,

2197 5177 2341 5232 τοῦτ’
2373 5180 2509 5243 ἐστι,
2541 5182 2794 5251 Χριστόν·
2824 5182 2918 5237 καὶ
2952 5182 3047 5236 δύο
3063 5182 3304 5237 δεκάτων
3345 5184 3595 5248 ἕκαστος,
3631 5185 3794 5241 τοῦτ’

2202 5269 2370 5334 ἔστιν,
2397 5271 2460 5323 ἐκ
2481 5269 2573 5324 δύο
2594 5271 2811 5342 μέτρων
2831 5271 3069 5325 τελείων.
3096 5271 3304 5326 Τέλειοι
3326 5272 3435 5343 γάρ
3459 5272 3581 5326 κατ’
3609 5274 3796 5345 ἄμφω

2201 5362 2489 5429 γεγόνασιν
2531 5361 2581 5414 οἱ
2627 5361 2903 5418 θεσπέσιοι
2933 5362 3202 5432 μαθηταὶ,
3254 5362 3392 5433 πρὸς
3436 5363 3546 5415 πᾶν
3592 5365 3794 5419 ὁτιοῦν

2200 5454 2401 5526 ἀρτίως
2421 5455 2634 5526 ἔχοντες
2655 5455 2877 5527 ἀγαθὸν,
2898 5455 3046 5527 ἔργῳ
3071 5471 3129 5510 τε
3148 5456 3465 5528 διαπρεπεῖς
3493 5456 3586 5510 καὶ
3607 5456 3791 5530 λόγῳ.
