  <div class='ocr_page' id='page_1' title='image "/cluster/home/n/w/nwhite01/storage/ocr_20150623/68/pst.000005712694/354.png"; bbox 0 0 3962 6296; ppageno 0'>
   <div class='ocr_carea' id='block_1_1' title="bbox 158 318 2707 399">
    <p class='ocr_par' dir='ltr' id='par_1_1' title="bbox 158 318 2707 399">
     <span class='ocr_line' id='line_1_1' title="bbox 158 318 2707 399; baseline -0.002 -14"><span class='ocrx_word' id='word_1_1' title='bbox 158 318 241 374; x_wconf 66' lang='grc'><strong>681</strong></span> <span class='ocrx_word' id='word_1_2' title='bbox 917 327 1008 384; x_wconf 88' lang='lat' dir='ltr'><strong>DE</strong></span> <span class='ocrx_word' id='word_1_3' title='bbox 1043 324 1487 399; x_wconf 76' lang='lat' dir='ltr'><strong>ADORATIONE</strong></span> <span class='ocrx_word' id='word_1_4' title='bbox 1523 322 1591 378; x_wconf 88' lang='lat' dir='ltr'>IN</span> <span class='ocrx_word' id='word_1_5' title='bbox 1632 318 1902 379; x_wconf 82' lang='lat' dir='ltr'><strong>SPIRITU</strong></span> <span class='ocrx_word' id='word_1_6' title='bbox 1943 321 2032 378; x_wconf 87' lang='grc' dir='ltr'><strong>ΕΤ</strong></span> <span class='ocrx_word' id='word_1_7' title='bbox 2068 324 2435 383; x_wconf 81' lang='lat' dir='ltr'><strong>VERITATE.</strong></span> <span class='ocrx_word' id='word_1_8' title='bbox 2476 327 2602 383; x_wconf 86' lang='lat' dir='ltr'><strong>LIB.</strong></span> <span class='ocrx_word' id='word_1_9' title='bbox 2640 329 2707 383; x_wconf 81' lang='grc' dir='ltr'><strong>Χ.</strong></span> 
     </span>
    </p>
   </div>
   <div class='ocr_carea' id='block_1_2' title="bbox 3320 330 3426 390">
    <p class='ocr_par' dir='ltr' id='par_1_2' title="bbox 3320 330 3426 390">
     <span class='ocr_line' id='line_1_2' title="bbox 3320 330 3426 390; baseline -0.009 0"><span class='ocrx_word' id='word_1_10' title='bbox 3320 330 3426 390; x_wconf 68' lang='lat'><strong>683</strong></span> 
     </span>
    </p>
   </div>
   <div class='ocr_carea' id='block_1_3' title="bbox 161 426 1732 515">
    <p class='ocr_par' dir='ltr' id='par_1_3' title="bbox 161 432 1732 509">
     <span class='ocr_line' id='line_1_3' title="bbox 161 432 1732 509; baseline -0.002 -18"><span class='ocrx_word' id='word_1_11' title='bbox 161 432 375 496; x_wconf 68' lang='grc' dir='ltr'>Λίϐανος</span> <span class='ocrx_word' id='word_1_12' title='bbox 409 433 473 487; x_wconf 81' lang='grc' dir='ltr'>δὲ</span> <span class='ocrx_word' id='word_1_13' title='bbox 518 433 622 488; x_wconf 76' lang='grc' dir='ltr'>καὶ</span> <span class='ocrx_word' id='word_1_14' title='bbox 659 435 796 499; x_wconf 83' lang='grc' dir='ltr'>ἁλας</span> <span class='ocrx_word' id='word_1_15' title='bbox 828 438 1015 502; x_wconf 81' lang='grc' dir='ltr'>αὐτοῖς</span> <span class='ocrx_word' id='word_1_16' title='bbox 1055 437 1126 492; x_wconf 82' lang='grc' dir='ltr'>τὰ</span> <span class='ocrx_word' id='word_1_17' title='bbox 1173 438 1616 509; x_wconf 76' lang='grc' dir='ltr'>έπιπαττόμενα,</span> <span class='ocrx_word' id='word_1_18' title='bbox 1652 432 1732 489; x_wconf 79' lang='grc' dir='ltr'><strong>τοί</strong></span> 
     </span>
    </p>
   </div>
   <div class='ocr_carea' id='block_1_4' title="bbox 1837 426 3424 515">
    <p class='ocr_par' dir='ltr' id='par_1_4' title="bbox 1848 426 3424 515">
     <span class='ocr_line' id='line_1_4' title="bbox 1848 426 3424 515; baseline 0.01 -25"><span class='ocrx_word' id='word_1_19' title='bbox 1848 426 1954 491; x_wconf 78' lang='lat' dir='ltr'><strong>etis</strong></span> <span class='ocrx_word' id='word_1_20' title='bbox 1982 438 2286 504; x_wconf 85' lang='lat' dir='ltr'><strong>mensuris;</strong></span> <span class='ocrx_word' id='word_1_21' title='bbox 2326 454 2452 493; x_wconf 87' lang='lat' dir='ltr'><strong>nam</strong></span> <span class='ocrx_word' id='word_1_22' title='bbox 2501 456 2568 509; x_wconf 79' lang='lat' dir='ltr'><strong>ex</strong></span> <span class='ocrx_word' id='word_1_23' title='bbox 2618 450 2847 512; x_wconf 90' lang='lat' dir='ltr'><strong>utraque</strong></span> <span class='ocrx_word' id='word_1_24' title='bbox 2884 452 3039 514; x_wconf 91' lang='lat' dir='ltr'><strong>parte</strong></span> <span class='ocrx_word' id='word_1_25' title='bbox 3083 446 3309 515; x_wconf 80' lang='lat' dir='ltr'><strong>perfecti</strong></span> <span class='ocrx_word' id='word_1_26' title='bbox 3345 447 3424 505; x_wconf 93' lang='lat' dir='ltr'><strong>illi</strong></span> 
     </span>
    </p>
   </div>
   <div class='ocr_carea' id='block_1_5' title="bbox 163 527 1744 602">
    <p class='ocr_par' dir='ltr' id='par_1_5' title="bbox 163 527 1744 602">
     <span class='ocr_line' id='line_1_5' title="bbox 163 527 1744 602; baseline 0.002 -22"><span class='ocrx_word' id='word_1_27' title='bbox 163 528 253 601; x_wconf 73' lang='grc' dir='ltr'>μὲν</span> <span class='ocrx_word' id='word_1_28' title='bbox 272 527 500 581; x_wconf 72' lang='grc' dir='ltr'>λιϐάνου</span> <span class='ocrx_word' id='word_1_29' title='bbox 526 527 596 581; x_wconf 59' lang='lat' dir='ltr'><strong>eo</strong></span> <span class='ocrx_word' id='word_1_30' title='bbox 625 529 830 594; x_wconf 81' lang='grc' dir='ltr'>εὑῶδες</span> <span class='ocrx_word' id='word_1_31' title='bbox 854 531 912 584; x_wconf 77' lang='grc' dir='ltr'>ὲν</span> <span class='ocrx_word' id='word_1_32' title='bbox 948 529 1226 602; x_wconf 77' lang='grc' dir='ltr'><strong>ἁγιασμῷ,</strong></span> <span class='ocrx_word' id='word_1_33' title='bbox 1263 530 1359 585; x_wconf 71' lang='grc' dir='ltr'>καὶ</span> <span class='ocrx_word' id='word_1_34' title='bbox 1387 529 1584 601; x_wconf 80' lang='grc' dir='ltr'><strong>εὐωδίᾳ</strong></span> <span class='ocrx_word' id='word_1_35' title='bbox 1608 530 1744 601; x_wconf 85' lang='grc' dir='ltr'>Χρι-</span> 
     </span>
    </p>
   </div>
   <div class='ocr_carea' id='block_1_6' title="bbox 167 618 1742 694">
    <p class='ocr_par' dir='ltr' id='par_1_6' title="bbox 167 618 1742 694">
     <span class='ocr_line' id='line_1_6' title="bbox 167 618 1742 694; baseline -0.001 -20"><span class='ocrx_word' id='word_1_36' title='bbox 167 620 302 683; x_wconf 82' lang='grc' dir='ltr'>στοῦ,</span> <span class='ocrx_word' id='word_1_37' title='bbox 325 618 425 673; x_wconf 86' lang='grc' dir='ltr'><strong>τοῦ</strong></span> <span class='ocrx_word' id='word_1_38' title='bbox 456 636 527 687; x_wconf 84' lang='grc' dir='ltr'><strong>γε</strong></span> <span class='ocrx_word' id='word_1_39' title='bbox 560 619 671 692; x_wconf 81' lang='grc' dir='ltr'>μὴν</span> <span class='ocrx_word' id='word_1_40' title='bbox 701 620 849 686; x_wconf 80' lang='grc' dir='ltr'>ἁλὸς,</span> <span class='ocrx_word' id='word_1_41' title='bbox 880 621 981 687; x_wconf 78' lang='grc' dir='ltr'>τὴν</span> <span class='ocrx_word' id='word_1_42' title='bbox 1003 622 1264 694; x_wconf 81' lang='grc' dir='ltr'><strong>φρόνησιν</strong></span> <span class='ocrx_word' id='word_1_43' title='bbox 1292 621 1742 692; x_wconf 81' lang='grc' dir='ltr'>ὑπεμφαίνοντος.</span> 
     </span>
    </p>
   </div>
   <div class='ocr_carea' id='block_1_7' title="bbox 168 710 1746 786">
    <p class='ocr_par' dir='ltr' id='par_1_7' title="bbox 168 710 1746 786">
     <span class='ocr_line' id='line_1_7' title="bbox 168 710 1746 786; baseline 0 -20"><span class='ocrx_word' id='word_1_44' title='bbox 168 715 237 767; x_wconf 69' lang='grc' dir='ltr'><strong>οο</strong></span> <span class='ocrx_word' id='word_1_45' title='bbox 259 714 364 784; x_wconf 80' lang='grc' dir='ltr'>γὰρ</span> <span class='ocrx_word' id='word_1_46' title='bbox 399 712 669 778; x_wconf 83' lang='grc' dir='ltr'>ἀσύνετος</span> <span class='ocrx_word' id='word_1_47' title='bbox 704 714 739 785; x_wconf 81' lang='grc' dir='ltr'>ἢ</span> <span class='ocrx_word' id='word_1_48' title='bbox 791 714 972 786; x_wconf 83' lang='grc' dir='ltr'>μωρὸς</span> <span class='ocrx_word' id='word_1_49' title='bbox 1003 715 1113 769; x_wconf 85' lang='grc' dir='ltr'><strong>τῶν</strong></span> <span class='ocrx_word' id='word_1_50' title='bbox 1147 714 1317 785; x_wconf 88' lang='grc' dir='ltr'>ἁγίων</span> <span class='ocrx_word' id='word_1_51' title='bbox 1348 717 1379 769; x_wconf 85' lang='grc' dir='ltr'><strong>ό</strong></span> <span class='ocrx_word' id='word_1_52' title='bbox 1415 714 1594 782; x_wconf 82' lang='grc' dir='ltr'><strong>λόγος,</strong></span> <span class='ocrx_word' id='word_1_53' title='bbox 1630 710 1746 767; x_wconf 85' lang='grc' dir='ltr'>ἁλλ’</span> 
     </span>
    </p>
   </div>
   <div class='ocr_carea' id='block_1_8' title="bbox 168 794 1746 877">
    <p class='ocr_par' dir='ltr' id='par_1_8' title="bbox 168 794 1746 877">
     <span class='ocr_line' id='line_1_8' title="bbox 168 794 1746 877; baseline -0.001 -20"><span class='ocrx_word' id='word_1_54' title='bbox 168 805 225 857; x_wconf 76' lang='grc' dir='ltr'>ὲν</span> <span class='ocrx_word' id='word_1_55' title='bbox 245 802 420 874; x_wconf 80' lang='grc' dir='ltr'>χάριτί</span> <span class='ocrx_word' id='word_1_56' title='bbox 451 819 515 856; x_wconf 83' lang='grc' dir='ltr'><strong>τε</strong></span> <span class='ocrx_word' id='word_1_57' title='bbox 557 794 655 858; x_wconf 66' lang='grc' dir='ltr'>καὶ</span> <span class='ocrx_word' id='word_1_58' title='bbox 684 803 843 859; x_wconf 78' lang='grc' dir='ltr'>ἁλατι</span> <span class='ocrx_word' id='word_1_59' title='bbox 875 804 1200 877; x_wconf 79' lang='grc' dir='ltr'>ἠρτυμένος,</span> <span class='ocrx_word' id='word_1_60' title='bbox 1232 802 1375 858; x_wconf 84' lang='grc' dir='ltr'>κατὰ</span> <span class='ocrx_word' id='word_1_61' title='bbox 1401 803 1462 857; x_wconf 84' lang='grc' dir='ltr'>τὸ</span> <span class='ocrx_word' id='word_1_62' title='bbox 1492 819 1746 874; x_wconf 82' lang='grc' dir='ltr'>γεγραμ-</span> 
     </span>
    </p>
   </div>
   <div class='ocr_carea' id='block_1_9' title="bbox 174 891 1745 966">
    <p class='ocr_par' dir='ltr' id='par_1_9' title="bbox 174 891 1745 966">
     <span class='ocr_line' id='line_1_9' title="bbox 174 891 1745 966; baseline -0.002 -19"><span class='ocrx_word' id='word_1_63' title='bbox 174 895 341 964; x_wconf 80' lang='grc' dir='ltr'>μένον.</span> <span class='ocrx_word' id='word_1_64' title='bbox 381 894 477 948; x_wconf 76' lang='grc' dir='ltr'>καὶ</span> <span class='ocrx_word' id='word_1_65' title='bbox 520 895 683 966; x_wconf 82' lang='grc' dir='ltr'>χάριν</span> <span class='ocrx_word' id='word_1_66' title='bbox 724 894 899 959; x_wconf 82' lang='grc' dir='ltr'>διδοὺς</span> <span class='ocrx_word' id='word_1_67' title='bbox 932 897 1045 957; x_wconf 83' lang='grc' dir='ltr'>τοῖς</span> <span class='ocrx_word' id='word_1_68' title='bbox 1077 893 1388 949; x_wconf 86' lang='grc' dir='ltr'>ἁκούουσιν.</span> <span class='ocrx_word' id='word_1_69' title='bbox 1426 894 1659 963; x_wconf 82' lang='grc' dir='ltr'><strong>Εἴρηται</strong></span> <span class='ocrx_word' id='word_1_70' title='bbox 1686 891 1745 944; x_wconf 83' lang='grc' dir='ltr'>δὲ</span> 
     </span>
    </p>
   </div>
   <div class='ocr_carea' id='block_1_10' title="bbox 170 983 1744 1058">
    <p class='ocr_par' dir='ltr' id='par_1_10' title="bbox 170 983 1744 1058">
     <span class='ocr_line' id='line_1_10' title="bbox 170 983 1744 1058; baseline 0 -21"><span class='ocrx_word' id='word_1_71' title='bbox 170 984 295 1053; x_wconf 73' lang='grc' dir='ltr'>πρὸς</span> <span class='ocrx_word' id='word_1_72' title='bbox 338 985 542 1048; x_wconf 72' lang='grc' dir='ltr'>αὖτοὺς</span> <span class='ocrx_word' id='word_1_73' title='bbox 585 986 678 1038; x_wconf 82' lang='grc' dir='ltr'>καὶ</span> <span class='ocrx_word' id='word_1_74' title='bbox 720 985 867 1058; x_wconf 84' lang='grc' dir='ltr'>παρὰ</span> <span class='ocrx_word' id='word_1_75' title='bbox 897 984 1157 1057; x_wconf 76' lang='grc' dir='ltr'>Χριστοῦσ</span> <span class='ocrx_word' id='word_1_76' title='bbox 1198 1002 1218 1035; x_wconf 73' lang='grc' dir='ltr'><strong>ι</strong></span> <span class='ocrx_word' id='word_1_77' title='bbox 1287 984 1476 1055; x_wconf 80' lang='grc' dir='ltr'>Ὑμεῖς</span> <span class='ocrx_word' id='word_1_78' title='bbox 1516 985 1640 1037; x_wconf 65' lang='grc' dir='ltr'>ἐστε</span> <span class='ocrx_word' id='word_1_79' title='bbox 1682 983 1744 1037; x_wconf 81' lang='grc' dir='ltr'>τὸ</span> 
     </span>
    </p>
   </div>
   <div class='ocr_carea' id='block_1_11' title="bbox 169 1072 1742 1148">
    <p class='ocr_par' dir='ltr' id='par_1_11' title="bbox 169 1072 1742 1148">
     <span class='ocr_line' id='line_1_11' title="bbox 169 1072 1742 1148; baseline -0.002 -19"><span class='ocrx_word' id='word_1_80' title='bbox 169 1074 291 1139; x_wconf 74' lang='grc' dir='ltr'>ἃλας</span> <span class='ocrx_word' id='word_1_81' title='bbox 323 1075 425 1145; x_wconf 84' lang='grc' dir='ltr'>τῆς</span> <span class='ocrx_word' id='word_1_82' title='bbox 448 1075 577 1145; x_wconf 84' lang='grc' dir='ltr'>γῆς.</span> <span class='ocrx_word' id='word_1_83' title='bbox 618 1095 639 1129; x_wconf 76' lang='grc' dir='ltr'><strong><em>ι</em></strong></span> <span class='ocrx_word' id='word_1_84' title='bbox 684 1075 1037 1148; x_wconf 86' lang='grc' dir='ltr'>Προτίθενται</span> <span class='ocrx_word' id='word_1_85' title='bbox 1067 1076 1125 1129; x_wconf 82' lang='grc' dir='ltr'>δὲ</span> <span class='ocrx_word' id='word_1_86' title='bbox 1158 1076 1253 1130; x_wconf 77' lang='grc' dir='ltr'>καὶ</span> <span class='ocrx_word' id='word_1_87' title='bbox 1279 1075 1336 1129; x_wconf 73' lang='grc' dir='ltr'>ὲν</span> <span class='ocrx_word' id='word_1_88' title='bbox 1371 1074 1559 1146; x_wconf 79' lang='grc' dir='ltr'>ἡμέρᾳ</span> <span class='ocrx_word' id='word_1_89' title='bbox 1600 1072 1742 1127; x_wconf 82' lang='grc' dir='ltr'><strong>Σασ-</strong></span> 
     </span>
    </p>
   </div>
   <div class='ocr_carea' id='block_1_12' title="bbox 167 1148 1743 1239">
    <p class='ocr_par' dir='ltr' id='par_1_12' title="bbox 167 1148 1743 1239">
     <span class='ocr_line' id='line_1_12' title="bbox 167 1148 1743 1239; baseline -0.001 -19"><span class='ocrx_word' id='word_1_90' title='bbox 167 1166 356 1220; x_wconf 79' lang='grc' dir='ltr'>6ἁτων.</span> <span class='ocrx_word' id='word_1_91' title='bbox 400 1166 620 1239; x_wconf 77' lang='grc' dir='ltr'>Ἡμέρα</span> <span class='ocrx_word' id='word_1_92' title='bbox 649 1167 758 1238; x_wconf 85' lang='grc' dir='ltr'>γὰρ</span> <span class='ocrx_word' id='word_1_93' title='bbox 798 1148 1121 1234; x_wconf 75' lang='grc' dir='ltr'>ἀναδείξεως</span> <span class='ocrx_word' id='word_1_94' title='bbox 1147 1166 1258 1220; x_wconf 86' lang='grc' dir='ltr'><strong>τῶν</strong></span> <span class='ocrx_word' id='word_1_95' title='bbox 1303 1166 1474 1236; x_wconf 85' lang='grc' dir='ltr'>ἁγίων</span> <span class='ocrx_word' id='word_1_96' title='bbox 1511 1164 1743 1220; x_wconf 83' lang='grc' dir='ltr'>ἀποστό-</span> 
     </span>
    </p>
   </div>
   <div class='ocr_carea' id='block_1_13' title="bbox 166 1248 1740 1330">
    <p class='ocr_par' dir='ltr' id='par_1_13' title="bbox 166 1248 1740 1330">
     <span class='ocr_line' id='line_1_13' title="bbox 166 1248 1740 1330; baseline -0.001 -18"><span class='ocrx_word' id='word_1_97' title='bbox 166 1258 281 1324; x_wconf 82' lang='grc' dir='ltr'>λων,</span> <span class='ocrx_word' id='word_1_98' title='bbox 320 1261 351 1312; x_wconf 81' lang='grc' dir='ltr'><strong>ό</strong></span> <span class='ocrx_word' id='word_1_99' title='bbox 378 1259 475 1312; x_wconf 83' lang='grc' dir='ltr'><strong>τοῦ</strong></span> <span class='ocrx_word' id='word_1_100' title='bbox 507 1257 702 1330; x_wconf 84' lang='grc' dir='ltr'>νοητοῦ</span> <span class='ocrx_word' id='word_1_101' title='bbox 755 1258 1034 1314; x_wconf 76' lang='grc' dir='ltr'>Σαόϐἁτου</span> <span class='ocrx_word' id='word_1_102' title='bbox 1066 1258 1291 1329; x_wconf 84' lang='grc' dir='ltr'>καιρὸς,</span> <span class='ocrx_word' id='word_1_103' title='bbox 1321 1256 1464 1312; x_wconf 87' lang='grc' dir='ltr'>τοῦτ’</span> <span class='ocrx_word' id='word_1_104' title='bbox 1495 1257 1662 1322; x_wconf 77' lang='grc' dir='ltr'>ἐστιν,</span> <span class='ocrx_word' id='word_1_105' title='bbox 1706 1248 1740 1328; x_wconf 76' lang='grc' dir='ltr'><strong>ἡ</strong></span> 
     </span>
    </p>
   </div>
   <div class='ocr_carea' id='block_1_14' title="bbox 164 1348 1741 1422">
    <p class='ocr_par' dir='ltr' id='par_1_14' title="bbox 164 1348 1741 1422">
     <span class='ocr_line' id='line_1_14' title="bbox 164 1348 1741 1422; baseline -0.001 -18"><span class='ocrx_word' id='word_1_106' title='bbox 164 1351 393 1420; x_wconf 78' lang='grc' dir='ltr'>Χριστοῦ</span> <span class='ocrx_word' id='word_1_107' title='bbox 434 1351 739 1421; x_wconf 80' lang='grc' dir='ltr'>παρουσία,</span> <span class='ocrx_word' id='word_1_108' title='bbox 788 1352 855 1421; x_wconf 73' lang='grc' dir='ltr'><strong>ην</strong></span> <span class='ocrx_word' id='word_1_109' title='bbox 896 1348 1127 1422; x_wconf 64' lang='grc' dir='ltr'>ἐπείπερ</span> <span class='ocrx_word' id='word_1_110' title='bbox 1159 1349 1259 1404; x_wconf 82' lang='grc' dir='ltr'>οὐκ</span> <span class='ocrx_word' id='word_1_111' title='bbox 1297 1349 1538 1419; x_wconf 74' lang='grc' dir='ltr'>ἔγνωσαν</span> <span class='ocrx_word' id='word_1_112' title='bbox 1585 1352 1635 1403; x_wconf 75' lang='lat' dir='ltr'><strong>oi</strong></span> <span class='ocrx_word' id='word_1_113' title='bbox 1681 1348 1741 1414; x_wconf 75' lang='grc' dir='ltr'>ἐξ</span> 
     </span>
    </p>
   </div>
   <div class='ocr_carea' id='block_1_15' title="bbox 177 1442 1739 1515">
    <p class='ocr_par' dir='ltr' id='par_1_15' title="bbox 177 1442 1739 1515">
     <span class='ocr_line' id='line_1_15' title="bbox 177 1442 1739 1515; baseline -0.001 -18"><span class='ocrx_word' id='word_1_114' title='bbox 177 1444 402 1514; x_wconf 79' lang='grc' dir='ltr'>Ἰσραὴλ.</span> <span class='ocrx_word' id='word_1_115' title='bbox 451 1444 480 1496; x_wconf 81' lang='grc' dir='ltr'>ὁ</span> <span class='ocrx_word' id='word_1_116' title='bbox 523 1442 736 1506; x_wconf 82' lang='grc' dir='ltr'>Παῦλός</span> <span class='ocrx_word' id='word_1_117' title='bbox 768 1460 900 1515; x_wconf 89' lang='grc' dir='ltr'>φησι</span> <span class='ocrx_word' id='word_1_118' title='bbox 951 1443 1082 1514; x_wconf 76' lang='grc' dir='ltr'>περὶ</span> <span class='ocrx_word' id='word_1_119' title='bbox 1126 1442 1329 1506; x_wconf 83' lang='grc' dir='ltr'>αὐτῶν,</span> <span class='ocrx_word' id='word_1_120' title='bbox 1370 1462 1388 1495; x_wconf 79' lang='grc' dir='ltr'><strong>ι</strong></span> <span class='ocrx_word' id='word_1_121' title='bbox 1429 1445 1572 1514; x_wconf 80' lang='grc' dir='ltr'>Ἀρα</span> <span class='ocrx_word' id='word_1_122' title='bbox 1606 1443 1739 1496; x_wconf 86' lang='grc' dir='ltr'>ἁπο-</span> 
     </span>
    </p>
   </div>
   <div class='ocr_carea' id='block_1_16' title="bbox 161 1531 1738 1606">
    <p class='ocr_par' dir='ltr' id='par_1_16' title="bbox 161 1531 1738 1606">
     <span class='ocr_line' id='line_1_16' title="bbox 161 1531 1738 1606; baseline -0.002 -17"><span class='ocrx_word' id='word_1_123' title='bbox 161 1536 400 1589; x_wconf 82' lang='grc' dir='ltr'>λείπεται</span> <span class='ocrx_word' id='word_1_124' title='bbox 441 1532 815 1606; x_wconf 73' lang='grc' dir='ltr'>σαϐϐατισμὸς</span> <span class='ocrx_word' id='word_1_125' title='bbox 850 1533 930 1605; x_wconf 84' lang='grc' dir='ltr'>τῷ</span> <span class='ocrx_word' id='word_1_126' title='bbox 976 1532 1090 1605; x_wconf 86' lang='grc' dir='ltr'>λαῷ</span> <span class='ocrx_word' id='word_1_127' title='bbox 1128 1531 1224 1587; x_wconf 89' lang='grc' dir='ltr'><strong>τοῦ</strong></span> <span class='ocrx_word' id='word_1_128' title='bbox 1258 1533 1414 1588; x_wconf 85' lang='grc' dir='ltr'>Θεοῦ.</span> <span class='ocrx_word' id='word_1_129' title='bbox 1455 1550 1475 1583; x_wconf 74' lang='grc' dir='ltr'><strong>ι</strong></span> <span class='ocrx_word' id='word_1_130' title='bbox 1521 1533 1596 1588; x_wconf 82' lang='grc' dir='ltr'><strong>Οὐ</strong></span> <span class='ocrx_word' id='word_1_131' title='bbox 1629 1532 1738 1604; x_wconf 82' lang='grc' dir='ltr'><strong>γὰρ</strong></span> 
     </span>
    </p>
   </div>
   <div class='ocr_carea' id='block_1_17' title="bbox 159 1622 1733 1696">
    <p class='ocr_par' dir='ltr' id='par_1_17' title="bbox 159 1622 1733 1696">
     <span class='ocr_line' id='line_1_17' title="bbox 159 1622 1733 1696; baseline 0.001 -19"><span class='ocrx_word' id='word_1_132' title='bbox 159 1623 401 1694; x_wconf 77' lang='grc' dir='ltr'>εἰσῆλθον</span> <span class='ocrx_word' id='word_1_133' title='bbox 450 1624 534 1687; x_wconf 87' lang='grc' dir='ltr'><strong>είς</strong></span> <span class='ocrx_word' id='word_1_134' title='bbox 569 1623 669 1695; x_wconf 82' lang='grc' dir='ltr'><strong>τὴν</strong></span> <span class='ocrx_word' id='word_1_135' title='bbox 700 1624 1045 1678; x_wconf 85' lang='grc' dir='ltr'>κατάπαυσιν</span> <span class='ocrx_word' id='word_1_136' title='bbox 1074 1622 1263 1690; x_wconf 81' lang='grc' dir='ltr'>αὐτοῦ,</span> <span class='ocrx_word' id='word_1_137' title='bbox 1310 1625 1412 1696; x_wconf 78' lang='grc' dir='ltr'>τὴν</span> <span class='ocrx_word' id='word_1_138' title='bbox 1451 1625 1631 1679; x_wconf 79' lang='grc' dir='ltr'>πίστιν</span> <span class='ocrx_word' id='word_1_139' title='bbox 1672 1625 1733 1678; x_wconf 80' lang='grc' dir='ltr'>οὐ</span> 
     </span>
    </p>
   </div>
   <div class='ocr_carea' id='block_1_18' title="bbox 157 1711 1730 1790">
    <p class='ocr_par' dir='ltr' id='par_1_18' title="bbox 157 1711 1730 1790">
     <span class='ocr_line' id='line_1_18' title="bbox 157 1711 1730 1790; baseline 0.003 -22"><span class='ocrx_word' id='word_1_140' title='bbox 157 1716 584 1786; x_wconf 83' lang='grc' dir='ltr'>προσηκάμενοι.</span> <span class='ocrx_word' id='word_1_141' title='bbox 615 1716 992 1787; x_wconf 75' lang='grc' dir='ltr'>Σαϐϐατισμὸς</span> <span class='ocrx_word' id='word_1_142' title='bbox 1023 1711 1118 1771; x_wconf 77' lang='grc' dir='ltr'>οὖν</span> <span class='ocrx_word' id='word_1_143' title='bbox 1151 1716 1342 1789; x_wconf 81' lang='grc' dir='ltr'>νοητὸς</span> <span class='ocrx_word' id='word_1_144' title='bbox 1374 1717 1473 1790; x_wconf 34' lang='grc' dir='ltr'>,καὶ</span> <span class='ocrx_word' id='word_1_145' title='bbox 1505 1717 1730 1789; x_wconf 80' lang='grc' dir='ltr'>ἀληθὴς,</span> 
     </span>
    </p>
   </div>
   <div class='ocr_carea' id='block_1_19' title="bbox 154 1800 1735 1880">
    <p class='ocr_par' dir='ltr' id='par_1_19' title="bbox 154 1800 1735 1880">
     <span class='ocr_line' id='line_1_19' title="bbox 154 1800 1735 1880; baseline 0.001 -18"><span class='ocrx_word' id='word_1_146' title='bbox 154 1810 182 1862; x_wconf 85' lang='grc' dir='ltr'><strong><em>ὁ</em></strong></span> <span class='ocrx_word' id='word_1_147' title='bbox 220 1809 325 1879; x_wconf 79' lang='grc' dir='ltr'>τῆς</span> <span class='ocrx_word' id='word_1_148' title='bbox 372 1808 474 1863; x_wconf 84' lang='grc' dir='ltr'><strong>τοῦ</strong></span> <span class='ocrx_word' id='word_1_149' title='bbox 523 1807 779 1879; x_wconf 82' lang='grc' dir='ltr'>Σωτῆρος</span> <span class='ocrx_word' id='word_1_150' title='bbox 802 1807 961 1879; x_wconf 74' lang='grc' dir='ltr'>ἡμῶν</span> <span class='ocrx_word' id='word_1_151' title='bbox 1011 1806 1307 1878; x_wconf 76' lang='grc' dir='ltr'>ἐπιδημίας</span> <span class='ocrx_word' id='word_1_152' title='bbox 1355 1800 1574 1880; x_wconf 86' lang='grc' dir='ltr'>καιρός.</span> <span class='ocrx_word' id='word_1_153' title='bbox 1646 1808 1735 1863; x_wconf 86' lang='grc' dir='ltr'>Ἐν</span> 
     </span>
    </p>
   </div>
   <div class='ocr_carea' id='block_1_20' title="bbox 151 1897 1737 1972">
    <p class='ocr_par' dir='ltr' id='par_1_20' title="bbox 151 1897 1737 1972">
     <span class='ocr_line' id='line_1_20' title="bbox 151 1897 1737 1972; baseline 0.001 -20"><span class='ocrx_word' id='word_1_154' title='bbox 151 1899 452 1971; x_wconf 79' lang='grc' dir='ltr'>ὀφθαλμοῖς</span> <span class='ocrx_word' id='word_1_155' title='bbox 483 1898 542 1954; x_wconf 88' lang='grc' dir='ltr'>δὲ</span> <span class='ocrx_word' id='word_1_156' title='bbox 574 1898 711 1953; x_wconf 83' lang='grc' dir='ltr'>Θεοῦ</span> <span class='ocrx_word' id='word_1_157' title='bbox 741 1898 847 1953; x_wconf 84' lang='grc' dir='ltr'><strong>τῶν</strong></span> <span class='ocrx_word' id='word_1_158' title='bbox 879 1898 1061 1971; x_wconf 87' lang='grc' dir='ltr'>ἁρτων</span> <span class='ocrx_word' id='word_1_159' title='bbox 1087 1901 1121 1971; x_wconf 79' lang='grc' dir='ltr'><strong>η</strong></span> <span class='ocrx_word' id='word_1_160' title='bbox 1157 1897 1448 1971; x_wconf 83' lang='grc' dir='ltr'>πρόθεσις,</span> <span class='ocrx_word' id='word_1_161' title='bbox 1494 1900 1589 1955; x_wconf 77' lang='grc' dir='ltr'>καὶ</span> <span class='ocrx_word' id='word_1_162' title='bbox 1629 1899 1737 1972; x_wconf 79' lang='grc' dir='ltr'>μὴν</span> 
     </span>
    </p>
   </div>
   <div class='ocr_carea' id='block_1_21' title="bbox 151 1990 1733 2066">
    <p class='ocr_par' dir='ltr' id='par_1_21' title="bbox 151 1990 1733 2066">
     <span class='ocr_line' id='line_1_21' title="bbox 151 1990 1733 2066; baseline 0.002 -22"><span class='ocrx_word' id='word_1_163' title='bbox 151 1992 241 2045; x_wconf 79' lang='grc' dir='ltr'>καὶ</span> <span class='ocrx_word' id='word_1_164' title='bbox 260 1993 320 2045; x_wconf 71' lang='grc' dir='ltr'>ἐν</span> <span class='ocrx_word' id='word_1_165' title='bbox 343 1991 649 2062; x_wconf 76' lang='grc' dir='ltr'>ὀφθαλμοῖς</span> <span class='ocrx_word' id='word_1_166' title='bbox 681 1990 917 2062; x_wconf 85' lang='grc' dir='ltr'>Ἰσραήλ.</span> <span class='ocrx_word' id='word_1_167' title='bbox 948 2009 967 2043; x_wconf 82' lang='grc' dir='ltr'><strong>ι</strong></span> <span class='ocrx_word' id='word_1_168' title='bbox 1000 1991 1309 2064; x_wconf 80' lang='grc' dir='ltr'>Προθήσετε</span> <span class='ocrx_word' id='word_1_169' title='bbox 1332 1993 1462 2066; x_wconf 79' lang='grc' dir='ltr'>γὰρ,</span> <span class='ocrx_word' id='word_1_170' title='bbox 1485 1992 1641 2066; x_wconf 78' lang='grc' dir='ltr'>φησὶ,</span> <span class='ocrx_word' id='word_1_171' title='bbox 1667 1996 1733 2065; x_wconf 77' lang='grc' dir='ltr'><strong>τῇ</strong></span> 
     </span>
    </p>
   </div>
   <div class='ocr_carea' id='block_1_22' title="bbox 150 2082 1736 2159">
    <p class='ocr_par' dir='ltr' id='par_1_22' title="bbox 150 2082 1736 2159">
     <span class='ocr_line' id='line_1_22' title="bbox 150 2082 1736 2159; baseline 0.005 -23"><span class='ocrx_word' id='word_1_172' title='bbox 150 2083 332 2155; x_wconf 72' lang='grc' dir='ltr'>ἡμέρᾳ</span> <span class='ocrx_word' id='word_1_173' title='bbox 350 2082 462 2137; x_wconf 86' lang='grc' dir='ltr'><strong>τῶν</strong></span> <span class='ocrx_word' id='word_1_174' title='bbox 489 2083 783 2138; x_wconf 77' lang='grc' dir='ltr'>Σαϐὁὰτων</span> <span class='ocrx_word' id='word_1_175' title='bbox 808 2082 988 2139; x_wconf 73' lang='grc' dir='ltr'>ἔναντι</span> <span class='ocrx_word' id='word_1_176' title='bbox 1006 2084 1213 2158; x_wconf 82' lang='grc' dir='ltr'>Κυρίου</span> <span class='ocrx_word' id='word_1_177' title='bbox 1232 2084 1320 2140; x_wconf 79' lang='grc' dir='ltr'><strong>διὰ</strong></span> <span class='ocrx_word' id='word_1_178' title='bbox 1346 2086 1566 2150; x_wconf 80' lang='grc' dir='ltr'>παντὸς,</span> <span class='ocrx_word' id='word_1_179' title='bbox 1584 2088 1736 2159; x_wconf 86' lang='grc' dir='ltr'><strong>παρὰ</strong></span> 
     </span>
    </p>
   </div>
   <div class='ocr_carea' id='block_1_23' title="bbox 150 2174 1734 2249">
    <p class='ocr_par' dir='ltr' id='par_1_23' title="bbox 150 2174 1734 2249">
     <span class='ocr_line' id='line_1_23' title="bbox 150 2174 1734 2249; baseline 0.003 -22"><span class='ocrx_word' id='word_1_180' title='bbox 150 2174 252 2227; x_wconf 79' lang='grc' dir='ltr'><strong>τῶν</strong></span> <span class='ocrx_word' id='word_1_181' title='bbox 279 2174 415 2227; x_wconf 85' lang='grc' dir='ltr'>υίῶν</span> <span class='ocrx_word' id='word_1_182' title='bbox 443 2175 681 2246; x_wconf 87' lang='grc' dir='ltr'>Ἰσραήλ·</span> <span class='ocrx_word' id='word_1_183' title='bbox 712 2193 733 2227; x_wconf 73' lang='grc' dir='ltr'><strong>ι</strong></span> <span class='ocrx_word' id='word_1_184' title='bbox 758 2174 1034 2247; x_wconf 77' lang='grc' dir='ltr'>θεωμένου</span> <span class='ocrx_word' id='word_1_185' title='bbox 1058 2178 1153 2231; x_wconf 62' lang='grc' dir='ltr'><strong>καὶ⁵</strong></span> <span class='ocrx_word' id='word_1_186' title='bbox 1175 2176 1439 2249; x_wconf 76' lang='grc' dir='ltr'>διηνεκῶς</span> <span class='ocrx_word' id='word_1_187' title='bbox 1456 2177 1734 2243; x_wconf 79' lang='grc' dir='ltr'>ἀξιοῦντος</span> 
     </span>
    </p>
   </div>
   <div class='ocr_carea' id='block_1_24' title="bbox 147 2264 1767 2339">
    <p class='ocr_par' dir='ltr' id='par_1_24' title="bbox 147 2264 1767 2339">
     <span class='ocr_line' id='line_1_24' title="bbox 147 2264 1767 2339; baseline 0.002 -23"><span class='ocrx_word' id='word_1_188' title='bbox 147 2265 270 2327; x_wconf 72' lang='grc' dir='ltr'>τοὺς</span> <span class='ocrx_word' id='word_1_189' title='bbox 320 2264 515 2334; x_wconf 87' lang='grc' dir='ltr'>ἁγίους</span> <span class='ocrx_word' id='word_1_190' title='bbox 563 2265 886 2337; x_wconf 73' lang='grc' dir='ltr'>ὶπισκοπῆς.</span> <span class='ocrx_word' id='word_1_191' title='bbox 941 2284 962 2319; x_wconf 75' lang='grc' dir='ltr'><strong>ι</strong></span> <span class='ocrx_word' id='word_1_192' title='bbox 1020 2265 1317 2337; x_wconf 80' lang='grc' dir='ltr'>Ὀφθαλμοὶ</span> <span class='ocrx_word' id='word_1_193' title='bbox 1370 2265 1479 2339; x_wconf 87' lang='grc' dir='ltr'><strong>γὰρ</strong></span> <span class='ocrx_word' id='word_1_194' title='bbox 1524 2266 1767 2338; x_wconf 58' lang='grc' dir='ltr'>Κυρίουτ</span> 
     </span>
    </p>
   </div>
   <div class='ocr_carea' id='block_1_25' title="bbox 147 2356 1731 2431">
    <p class='ocr_par' dir='ltr' id='par_1_25' title="bbox 147 2356 1731 2431">
     <span class='ocr_line' id='line_1_25' title="bbox 147 2356 1731 2431; baseline 0.004 -23"><span class='ocrx_word' id='word_1_195' title='bbox 147 2356 241 2409; x_wconf 69' lang='grc' dir='ltr'><strong>ἐπὶ</strong></span> <span class='ocrx_word' id='word_1_196' title='bbox 275 2356 544 2427; x_wconf 77' lang='grc' dir='ltr'>δικαίους,</span> <span class='ocrx_word' id='word_1_197' title='bbox 592 2376 612 2409; x_wconf 70' lang='grc' dir='ltr'><strong>ι</strong></span> <span class='ocrx_word' id='word_1_198' title='bbox 646 2356 801 2429; x_wconf 90' lang='grc' dir='ltr'>φησί.</span> <span class='ocrx_word' id='word_1_199' title='bbox 832 2357 939 2413; x_wconf 90' lang='grc' dir='ltr'>Τοῦ</span> <span class='ocrx_word' id='word_1_200' title='bbox 971 2357 1029 2413; x_wconf 73' lang='grc' dir='ltr'>δὲ</span> <span class='ocrx_word' id='word_1_201' title='bbox 1076 2357 1314 2431; x_wconf 78' lang='grc' dir='ltr'>Ἰσραὴλ,</span> <span class='ocrx_word' id='word_1_202' title='bbox 1343 2359 1420 2424; x_wconf 85' lang='grc' dir='ltr'>ὡς</span> <span class='ocrx_word' id='word_1_203' title='bbox 1445 2358 1731 2430; x_wconf 76' lang='grc' dir='ltr'>προσέχειν</span> 
     </span>
    </p>
   </div>
   <div class='ocr_carea' id='block_1_26' title="bbox 148 2447 1731 2520">
    <p class='ocr_par' dir='ltr' id='par_1_26' title="bbox 148 2447 1731 2520">
     <span class='ocr_line' id='line_1_26' title="bbox 148 2447 1731 2520; baseline 0.002 -19"><span class='ocrx_word' id='word_1_204' title='bbox 148 2449 329 2511; x_wconf 79' lang='grc' dir='ltr'>αὐτοῖς</span> <span class='ocrx_word' id='word_1_205' title='bbox 351 2447 685 2518; x_wconf 80' lang='grc' dir='ltr'>ὀφείλοντος,</span> <span class='ocrx_word' id='word_1_206' title='bbox 737 2448 833 2502; x_wconf 72' lang='grc' dir='ltr'>καὶ</span> <span class='ocrx_word' id='word_1_207' title='bbox 884 2448 1047 2503; x_wconf 84' lang='grc' dir='ltr'>οίονεί</span> <span class='ocrx_word' id='word_1_208' title='bbox 1084 2466 1202 2515; x_wconf 86' lang='grc' dir='ltr'><strong>πως</strong></span> <span class='ocrx_word' id='word_1_209' title='bbox 1248 2449 1575 2518; x_wconf 82' lang='grc' dir='ltr'>ὲφιστῶντος</span> <span class='ocrx_word' id='word_1_210' title='bbox 1628 2448 1731 2520; x_wconf 80' lang='grc' dir='ltr'>τῆς</span> 
     </span>
    </p>
   </div>
   <div class='ocr_carea' id='block_1_27' title="bbox 146 2534 1730 2611">
    <p class='ocr_par' dir='ltr' id='par_1_27' title="bbox 146 2534 1730 2611">
     <span class='ocr_line' id='line_1_27' title="bbox 146 2534 1730 2611; baseline 0.003 -20"><span class='ocrx_word' id='word_1_211' title='bbox 146 2538 379 2605; x_wconf 77' lang='grc' dir='ltr'>διανοίας</span> <span class='ocrx_word' id='word_1_212' title='bbox 424 2539 522 2593; x_wconf 83' lang='grc' dir='ltr'>τὸν</span> <span class='ocrx_word' id='word_1_213' title='bbox 565 2538 875 2611; x_wconf 57' lang='grc' dir='ltr'>ὀφθαλμὸν,</span> <span class='ocrx_word' id='word_1_214' title='bbox 900 2534 964 2595; x_wconf 76' lang='grc' dir='ltr'><strong>οῦ</strong></span> <span class='ocrx_word' id='word_1_215' title='bbox 1003 2540 1097 2595; x_wconf 79' lang='grc' dir='ltr'>καὶ</span> <span class='ocrx_word' id='word_1_216' title='bbox 1141 2542 1221 2605; x_wconf 89' lang='grc' dir='ltr'><strong>είς</strong></span> <span class='ocrx_word' id='word_1_217' title='bbox 1253 2540 1423 2594; x_wconf 84' lang='grc' dir='ltr'>τύπον</span> <span class='ocrx_word' id='word_1_218' title='bbox 1470 2541 1536 2596; x_wconf 79' lang='grc' dir='ltr'>ἂν</span> <span class='ocrx_word' id='word_1_219' title='bbox 1581 2540 1667 2611; x_wconf 76' lang='grc' dir='ltr'>εἴη</span> <span class='ocrx_word' id='word_1_220' title='bbox 1699 2542 1730 2596; x_wconf 84' lang='grc' dir='ltr'><strong>ό</strong></span> 
     </span>
    </p>
   </div>
   <div class='ocr_carea' id='block_1_28' title="bbox 148 2630 1729 2705">
    <p class='ocr_par' dir='ltr' id='par_1_28' title="bbox 148 2630 1729 2705">
     <span class='ocr_line' id='line_1_28' title="bbox 148 2630 1729 2705; baseline 0.003 -20"><span class='ocrx_word' id='word_1_221' title='bbox 148 2631 477 2702; x_wconf 76' lang='grc' dir='ltr'>σωματικός.</span> <span class='ocrx_word' id='word_1_222' title='bbox 523 2650 543 2684; x_wconf 82' lang='grc' dir='ltr'><strong>ι</strong></span> <span class='ocrx_word' id='word_1_223' title='bbox 596 2630 734 2686; x_wconf 81' lang='grc' dir='ltr'>Ἀλλ’</span> <span class='ocrx_word' id='word_1_224' title='bbox 776 2630 949 2699; x_wconf 72' lang='grc' dir='ltr'>ἔσται,</span> <span class='ocrx_word' id='word_1_225' title='bbox 1002 2632 1202 2703; x_wconf 78' lang='grc' dir='ltr'>φησὶν,</span> <span class='ocrx_word' id='word_1_226' title='bbox 1244 2632 1453 2705; x_wconf 79' lang='grc' dir='ltr'>’Δαρὼν</span> <span class='ocrx_word' id='word_1_227' title='bbox 1496 2634 1591 2689; x_wconf 73' lang='grc' dir='ltr'>καὶ</span> <span class='ocrx_word' id='word_1_228' title='bbox 1618 2636 1729 2698; x_wconf 77' lang='grc' dir='ltr'>τοῖς</span> 
     </span>
    </p>
   </div>
   <div class='ocr_carea' id='block_1_29' title="bbox 148 2721 1728 2800">
    <p class='ocr_par' dir='ltr' id='par_1_29' title="bbox 148 2721 1728 2800">
     <span class='ocr_line' id='line_1_29' title="bbox 148 2721 1728 2800; baseline 0.004 -25"><span class='ocrx_word' id='word_1_229' title='bbox 148 2723 281 2787; x_wconf 71' lang='grc' dir='ltr'>υἱοῖς</span> <span class='ocrx_word' id='word_1_230' title='bbox 332 2721 522 2790; x_wconf 78' lang='grc' dir='ltr'>αὐτοῦ,</span> <span class='ocrx_word' id='word_1_231' title='bbox 565 2723 662 2778; x_wconf 80' lang='grc' dir='ltr'><strong>καὶ</strong></span> <span class='ocrx_word' id='word_1_232' title='bbox 709 2727 976 2793; x_wconf 83' lang='grc' dir='ltr'>φάγονται</span> <span class='ocrx_word' id='word_1_233' title='bbox 1021 2723 1181 2778; x_wconf 81' lang='grc' dir='ltr'>αὑτά.</span> <span class='ocrx_word' id='word_1_234' title='bbox 1220 2744 1240 2778; x_wconf 71' lang='grc' dir='ltr'><strong>ι</strong></span> <span class='ocrx_word' id='word_1_235' title='bbox 1280 2726 1572 2798; x_wconf 85' lang='grc' dir='ltr'>Πρόκειται</span> <span class='ocrx_word' id='word_1_236' title='bbox 1618 2726 1728 2800; x_wconf 76' lang='grc' dir='ltr'><strong>γὰρ</strong></span> 
     </span>
    </p>
   </div>
   <div class='ocr_carea' id='block_1_30' title="bbox 144 2810 1727 2888">
    <p class='ocr_par' dir='ltr' id='par_1_30' title="bbox 144 2810 1727 2888">
     <span class='ocr_line' id='line_1_30' title="bbox 144 2810 1727 2888; baseline 0.003 -23"><span class='ocrx_word' id='word_1_237' title='bbox 144 2813 277 2885; x_wconf 73' lang='grc' dir='ltr'>ἡμῖν</span> <span class='ocrx_word' id='word_1_238' title='bbox 307 2814 388 2877; x_wconf 83' lang='grc' dir='ltr'><strong>είς</strong></span> <span class='ocrx_word' id='word_1_239' title='bbox 416 2812 627 2884; x_wconf 81' lang='grc' dir='ltr'>τροφὴν</span> <span class='ocrx_word' id='word_1_240' title='bbox 655 2811 725 2866; x_wconf 81' lang='grc' dir='ltr'>τὰ</span> <span class='ocrx_word' id='word_1_241' title='bbox 751 2811 860 2865; x_wconf 83' lang='grc' dir='ltr'><strong>τῶν</strong></span> <span class='ocrx_word' id='word_1_242' title='bbox 893 2810 1063 2881; x_wconf 85' lang='grc' dir='ltr'>ἁγίων</span> <span class='ocrx_word' id='word_1_243' title='bbox 1096 2812 1407 2869; x_wconf 85' lang='grc' dir='ltr'>ἀποστόλων</span> <span class='ocrx_word' id='word_1_244' title='bbox 1436 2815 1727 2888; x_wconf 83' lang='grc' dir='ltr'>συγγράμ-</span> 
     </span>
    </p>
   </div>
   <div class='ocr_carea' id='block_1_31' title="bbox 149 2903 1728 2978">
    <p class='ocr_par' dir='ltr' id='par_1_31' title="bbox 149 2903 1728 2978">
     <span class='ocr_line' id='line_1_31' title="bbox 149 2903 1728 2978; baseline 0.004 -21"><span class='ocrx_word' id='word_1_245' title='bbox 149 2921 321 2974; x_wconf 82' lang='grc' dir='ltr'>ματα,</span> <span class='ocrx_word' id='word_1_246' title='bbox 354 2906 470 2968; x_wconf 85' lang='grc' dir='ltr'>τοῖς</span> <span class='ocrx_word' id='word_1_247' title='bbox 504 2905 562 2958; x_wconf 82' lang='grc' dir='ltr'>ὲν</span> <span class='ocrx_word' id='word_1_248' title='bbox 601 2904 784 2957; x_wconf 86' lang='grc' dir='ltr'>πίστει</span> <span class='ocrx_word' id='word_1_249' title='bbox 822 2903 1290 2975; x_wconf 80' lang='grc' dir='ltr'>δεδικαιωμένοις,</span> <span class='ocrx_word' id='word_1_250' title='bbox 1345 2906 1484 2978; x_wconf 89' lang='grc' dir='ltr'>ἁγίῳ</span> <span class='ocrx_word' id='word_1_251' title='bbox 1527 2924 1587 2961; x_wconf 86' lang='grc' dir='ltr'><strong>τε</strong></span> <span class='ocrx_word' id='word_1_252' title='bbox 1636 2909 1728 2963; x_wconf 81' lang='grc' dir='ltr'>καὶ</span> 
     </span>
    </p>
   </div>
   <div class='ocr_carea' id='block_1_32' title="bbox 146 2995 1726 3072">
    <p class='ocr_par' dir='ltr' id='par_1_32' title="bbox 146 2995 1726 3072">
     <span class='ocr_line' id='line_1_32' title="bbox 146 2995 1726 3072; baseline 0.001 -22"><span class='ocrx_word' id='word_1_253' title='bbox 146 2995 277 3066; x_wconf 79' lang='grc' dir='ltr'>ἱερῷ</span> <span class='ocrx_word' id='word_1_254' title='bbox 305 2995 487 3064; x_wconf 78' lang='grc' dir='ltr'>γένει,</span> <span class='ocrx_word' id='word_1_255' title='bbox 514 2995 664 3060; x_wconf 84' lang='grc' dir='ltr'>λαοῖς</span> <span class='ocrx_word' id='word_1_256' title='bbox 692 2997 804 3059; x_wconf 78' lang='grc' dir='ltr'>τοῖς</span> <span class='ocrx_word' id='word_1_257' title='bbox 838 2995 1338 3072; x_wconf 49' lang='grc' dir='ltr'>είςπεριποίησιν,</span> <span class='ocrx_word' id='word_1_258' title='bbox 1389 2997 1483 3051; x_wconf 76' lang='grc' dir='ltr'>καὶ</span> <span class='ocrx_word' id='word_1_259' title='bbox 1523 2998 1726 3065; x_wconf 76' lang='grc' dir='ltr'>ἐξειλε-</span> 
     </span>
    </p>
   </div>
   <div class='ocr_carea' id='block_1_33' title="bbox 1850 526 3423 605">
    <p class='ocr_par' dir='ltr' id='par_1_33' title="bbox 1850 526 3423 605">
     <span class='ocr_line' id='line_1_33' title="bbox 1850 526 3423 605; baseline 0.008 -23"><span class='ocrx_word' id='word_1_260' title='bbox 1850 526 1994 583; x_wconf 87' lang='lat' dir='ltr'><strong>beati</strong></span> <span class='ocrx_word' id='word_1_261' title='bbox 2021 529 2276 602; x_wconf 82' lang='lat' dir='ltr'><strong>discipuli</strong></span> <span class='ocrx_word' id='word_1_262' title='bbox 2298 531 2543 597; x_wconf 82' lang='lat' dir='ltr'><strong>fuerunt,</strong></span> <span class='ocrx_word' id='word_1_263' title='bbox 2573 532 2641 588; x_wconf 91' lang='lat' dir='ltr'><strong>ad</strong></span> <span class='ocrx_word' id='word_1_264' title='bbox 2685 549 2846 590; x_wconf 91' lang='lat' dir='ltr'><strong>omne</strong></span> <span class='ocrx_word' id='word_1_265' title='bbox 2882 550 3021 605; x_wconf 89' lang='lat' dir='ltr'><strong>opus</strong></span> <span class='ocrx_word' id='word_1_266' title='bbox 3058 536 3262 593; x_wconf 89' lang='lat' dir='ltr'><strong>bonum</strong></span> <span class='ocrx_word' id='word_1_267' title='bbox 3299 554 3423 595; x_wconf 88' lang='lat' dir='ltr'><strong>om-</strong></span> 
     </span>
    </p>
   </div>
   <div class='ocr_carea' id='block_1_34' title="bbox 1845 617 3428 698">
    <p class='ocr_par' dir='ltr' id='par_1_34' title="bbox 1845 617 3428 698">
     <span class='ocr_line' id='line_1_34' title="bbox 1845 617 3428 698; baseline 0.009 -27"><span class='ocrx_word' id='word_1_268' title='bbox 1845 617 2011 674; x_wconf 85' lang='lat' dir='ltr'><strong>nibus</strong></span> <span class='ocrx_word' id='word_1_269' title='bbox 2046 618 2161 675; x_wconf 89' lang='lat' dir='ltr'><strong>suis</strong></span> <span class='ocrx_word' id='word_1_270' title='bbox 2199 619 2449 690; x_wconf 88' lang='lat' dir='ltr'><strong>partibus</strong></span> <span class='ocrx_word' id='word_1_271' title='bbox 2490 621 2748 687; x_wconf 73' lang='lat' dir='ltr'><strong>absoluti,</strong></span> <span class='ocrx_word' id='word_1_272' title='bbox 2775 630 2832 677; x_wconf 89' lang='lat' dir='ltr'><strong>et</strong></span> <span class='ocrx_word' id='word_1_273' title='bbox 2877 638 3043 693; x_wconf 88' lang='lat' dir='ltr'><strong>opere</strong></span> <span class='ocrx_word' id='word_1_274' title='bbox 3073 624 3316 698; x_wconf 81' lang='lat' dir='ltr'><strong>insignes</strong></span> <span class='ocrx_word' id='word_1_275' title='bbox 3367 638 3428 686; x_wconf 87' lang='lat' dir='ltr'><strong>et</strong></span> 
     </span>
    </p>
   </div>
   <div class='ocr_carea' id='block_1_35' title="bbox 1844 708 3427 787">
    <p class='ocr_par' dir='ltr' id='par_1_35' title="bbox 1844 708 3427 787">
     <span class='ocr_line' id='line_1_35' title="bbox 1844 708 3427 787; baseline 0.009 -26"><span class='ocrx_word' id='word_1_276' title='bbox 1844 708 2037 764; x_wconf 86' lang='lat' dir='ltr'><strong>verbo.</strong></span> <span class='ocrx_word' id='word_1_277' title='bbox 2083 709 2235 765; x_wconf 89' lang='lat' dir='ltr'><strong>Thus</strong></span> <span class='ocrx_word' id='word_1_278' title='bbox 2270 718 2537 780; x_wconf 67' lang='lat' dir='ltr'><strong>praeterea</strong></span> <span class='ocrx_word' id='word_1_279' title='bbox 2599 719 2656 767; x_wconf 85' lang='lat' dir='ltr'><strong>et</strong></span> <span class='ocrx_word' id='word_1_280' title='bbox 2699 713 2778 769; x_wconf 88' lang='lat' dir='ltr'><strong>sal</strong></span> <span class='ocrx_word' id='word_1_281' title='bbox 2824 712 2936 768; x_wconf 84' lang='lat' dir='ltr'><strong>illis</strong></span> <span class='ocrx_word' id='word_1_282' title='bbox 2980 717 3328 787; x_wconf 75' lang='lat' dir='ltr'><strong>aspergitur;</strong></span> <span class='ocrx_word' id='word_1_283' title='bbox 3361 734 3427 775; x_wconf 89' lang='lat' dir='ltr'><strong>ac</strong></span> 
     </span>
    </p>
   </div>
   <div class='ocr_carea' id='block_1_36' title="bbox 1844 795 3427 875">
    <p class='ocr_par' dir='ltr' id='par_1_36' title="bbox 1844 795 3427 875">
     <span class='ocr_line' id='line_1_36' title="bbox 1844 795 3427 875; baseline 0.012 -27"><span class='ocrx_word' id='word_1_284' title='bbox 1844 795 1974 851; x_wconf 90' lang='lat' dir='ltr'><strong>thus</strong></span> <span class='ocrx_word' id='word_1_285' title='bbox 1994 797 2215 868; x_wconf 89' lang='lat' dir='ltr'><strong>quidem</strong></span> <span class='ocrx_word' id='word_1_286' title='bbox 2245 800 2396 854; x_wconf 87' lang='lat' dir='ltr'><strong>illam</strong></span> <span class='ocrx_word' id='word_1_287' title='bbox 2424 801 2731 858; x_wconf 76' lang='lat' dir='ltr'><strong>sanctitatis</strong></span> <span class='ocrx_word' id='word_1_288' title='bbox 2754 801 3130 875; x_wconf 81' lang='lat' dir='ltr'><strong>fragrantiam,</strong></span> <span class='ocrx_word' id='word_1_289' title='bbox 3148 806 3427 867; x_wconf 87' lang='lat' dir='ltr'><strong>etChristi</strong></span> 
     </span>
    </p>
   </div>
   <div class='ocr_carea' id='block_1_37' title="bbox 1845 884 3428 971">
    <p class='ocr_par' dir='ltr' id='par_1_37' title="bbox 1845 884 3428 971">
     <span class='ocr_line' id='line_1_37' title="bbox 1845 884 3428 971; baseline 0.011 -32"><span class='ocrx_word' id='word_1_290' title='bbox 1845 884 2051 941; x_wconf 90' lang='lat' dir='ltr'><strong>bonum</strong></span> <span class='ocrx_word' id='word_1_291' title='bbox 2079 886 2327 954; x_wconf 89' lang='lat' dir='ltr'><strong>odorem,</strong></span> <span class='ocrx_word' id='word_1_292' title='bbox 2368 890 2448 945; x_wconf 89' lang='lat' dir='ltr'><strong>sal</strong></span> <span class='ocrx_word' id='word_1_293' title='bbox 2467 906 2599 947; x_wconf 76' lang='lat' dir='ltr'><strong>vero</strong></span> <span class='ocrx_word' id='word_1_294' title='bbox 2619 893 2969 964; x_wconf 88' lang='lat' dir='ltr'><strong>prudentiam</strong></span> <span class='ocrx_word' id='word_1_295' title='bbox 2986 896 3225 965; x_wconf 89' lang='lat' dir='ltr'><strong>indicat;</strong></span> <span class='ocrx_word' id='word_1_296' title='bbox 3246 916 3428 971; x_wconf 87' lang='lat' dir='ltr'><strong>neque</strong></span> 
     </span>
    </p>
   </div>
   <div class='ocr_carea' id='block_1_38' title="bbox 1843 976 3428 1058">
    <p class='ocr_par' dir='ltr' id='par_1_38' title="bbox 1843 976 3428 1058">
     <span class='ocr_line' id='line_1_38' title="bbox 1843 976 3428 1058; baseline 0.011 -28"><span class='ocrx_word' id='word_1_297' title='bbox 1843 976 1991 1031; x_wconf 89' lang='lat' dir='ltr'><strong>enim</strong></span> <span class='ocrx_word' id='word_1_298' title='bbox 2006 986 2322 1035; x_wconf 88' lang='lat' dir='ltr'><strong>sanctorum</strong></span> <span class='ocrx_word' id='word_1_299' title='bbox 2343 981 2590 1038; x_wconf 83' lang='lat' dir='ltr'><strong>virorum</strong></span> <span class='ocrx_word' id='word_1_300' title='bbox 2611 999 2792 1041; x_wconf 85' lang='lat' dir='ltr'><strong>sermo</strong></span> <span class='ocrx_word' id='word_1_301' title='bbox 2813 986 3084 1058; x_wconf 89' lang='lat' dir='ltr'><strong>insipiens</strong></span> <span class='ocrx_word' id='word_1_302' title='bbox 3108 998 3204 1045; x_wconf 92' lang='lat' dir='ltr'><strong>aut</strong></span> <span class='ocrx_word' id='word_1_303' title='bbox 3222 992 3428 1048; x_wconf 86' lang='lat' dir='ltr'><strong>stultus</strong></span> 
     </span>
    </p>
   </div>
   <div class='ocr_carea' id='block_1_39' title="bbox 1842 1062 3423 1153">
    <p class='ocr_par' dir='ltr' id='par_1_39' title="bbox 1842 1062 3423 1153">
     <span class='ocr_line' id='line_1_39' title="bbox 1842 1062 3423 1153; baseline 0.012 -31"><span class='ocrx_word' id='word_1_304' title='bbox 1842 1062 1955 1134; x_wconf 67' lang='lat' dir='ltr'><strong>est,</strong></span> <span class='ocrx_word' id='word_1_305' title='bbox 1980 1070 2077 1125; x_wconf 91' lang='lat' dir='ltr'><strong>sed</strong></span> <span class='ocrx_word' id='word_1_306' title='bbox 2088 1071 2269 1141; x_wconf 75' lang='lat' dir='ltr'><strong>gratia</strong></span> <span class='ocrx_word' id='word_1_307' title='bbox 2305 1082 2362 1128; x_wconf 90' lang='lat' dir='ltr'><strong>et</strong></span> <span class='ocrx_word' id='word_1_308' title='bbox 2387 1074 2497 1130; x_wconf 90' lang='lat' dir='ltr'><strong>sale</strong></span> <span class='ocrx_word' id='word_1_309' title='bbox 2537 1077 2792 1133; x_wconf 87' lang='lat' dir='ltr'><strong>conditus</strong></span> <span class='ocrx_word' id='word_1_310' title='bbox 2813 1079 2881 1145; x_wconf 71' lang='grc'><strong>⁸⁸,</strong></span> <span class='ocrx_word' id='word_1_311' title='bbox 2920 1087 2983 1135; x_wconf 84' lang='grc' dir='ltr'><strong>ιιι</strong></span> <span class='ocrx_word' id='word_1_312' title='bbox 3011 1082 3279 1153; x_wconf 91' lang='lat' dir='ltr'><strong>scriptum</strong></span> <span class='ocrx_word' id='word_1_313' title='bbox 3318 1095 3423 1151; x_wconf 87' lang='lat' dir='ltr'><strong>est,</strong></span> 
     </span>
    </p>
   </div>
   <div class='ocr_carea' id='block_1_40' title="bbox 1842 1159 3427 1233">
    <p class='ocr_par' dir='ltr' id='par_1_40' title="bbox 1842 1159 3427 1233">
     <span class='ocr_line' id='line_1_40' title="bbox 1842 1159 3427 1233; baseline 0.012 -20"><span class='ocrx_word' id='word_1_314' title='bbox 1842 1168 1899 1214; x_wconf 86' lang='lat' dir='ltr'><strong>et</strong></span> <span class='ocrx_word' id='word_1_315' title='bbox 1924 1159 2153 1231; x_wconf 75' lang='lat' dir='ltr'><strong>gratiam</strong></span> <span class='ocrx_word' id='word_1_316' title='bbox 2187 1161 2281 1218; x_wconf 90' lang='lat' dir='ltr'><strong>dat</strong></span> <span class='ocrx_word' id='word_1_317' title='bbox 2306 1162 2663 1223; x_wconf 79' lang='lat' dir='ltr'><strong>audientibus</strong></span> <span class='ocrx_word' id='word_1_318' title='bbox 2680 1168 2745 1222; x_wconf 81' lang='grc'><strong>⁸⁸.</strong></span> <span class='ocrx_word' id='word_1_319' title='bbox 2773 1169 2990 1226; x_wconf 86' lang='lat' dir='ltr'><strong>Dictum</strong></span> <span class='ocrx_word' id='word_1_320' title='bbox 3022 1180 3107 1229; x_wconf 90' lang='lat' dir='ltr'><strong>est</strong></span> <span class='ocrx_word' id='word_1_321' title='bbox 3133 1174 3298 1230; x_wconf 90' lang='lat' dir='ltr'><strong>etiam</strong></span> <span class='ocrx_word' id='word_1_322' title='bbox 3316 1176 3427 1233; x_wconf 86' lang='lat' dir='ltr'><strong>illis</strong></span> 
     </span>
    </p>
   </div>
   <div class='ocr_carea' id='block_1_41' title="bbox 1842 1250 3427 1337">
    <p class='ocr_par' dir='ltr' id='par_1_41' title="bbox 1842 1250 3427 1337">
     <span class='ocr_line' id='line_1_41' title="bbox 1842 1250 3427 1337; baseline 0.014 -33"><span class='ocrx_word' id='word_1_323' title='bbox 1842 1265 1874 1304; x_wconf 89' lang='lat' dir='ltr'><strong>a</strong></span> <span class='ocrx_word' id='word_1_324' title='bbox 1905 1250 2128 1307; x_wconf 88' lang='lat' dir='ltr'><strong>Christo</strong></span> <span class='ocrx_word' id='word_1_325' title='bbox 2155 1270 2168 1306; x_wconf 91' lang='lat'><strong>:</strong></span> <span class='ocrx_word' id='word_1_326' title='bbox 2200 1272 2218 1305; x_wconf 76' lang='grc' dir='ltr'><strong>ι</strong></span> <span class='ocrx_word' id='word_1_327' title='bbox 2261 1254 2369 1311; x_wconf 86' lang='lat' dir='ltr'><strong>Vos</strong></span> <span class='ocrx_word' id='word_1_328' title='bbox 2400 1258 2533 1313; x_wconf 87' lang='lat' dir='ltr'><strong>estis</strong></span> <span class='ocrx_word' id='word_1_329' title='bbox 2566 1258 2645 1314; x_wconf 87' lang='lat' dir='ltr'><strong>sal</strong></span> <span class='ocrx_word' id='word_1_330' title='bbox 2678 1266 2840 1318; x_wconf 60' lang='lat' dir='ltr'><strong>terra:</strong></span> <span class='ocrx_word' id='word_1_331' title='bbox 2877 1263 2942 1318; x_wconf 78' lang='grc'><strong>⁸⁵.</strong></span> <span class='ocrx_word' id='word_1_332' title='bbox 2983 1281 3001 1315; x_wconf 74' lang='grc' dir='ltr'><strong><em>ι</em></strong></span> <span class='ocrx_word' id='word_1_333' title='bbox 3031 1264 3427 1337; x_wconf 89' lang='lat' dir='ltr'><strong>Proponuntur</strong></span> 
     </span>
    </p>
   </div>
   <div class='ocr_carea' id='block_1_42' title="bbox 1842 1343 3423 1433">
    <p class='ocr_par' dir='ltr' id='par_1_42' title="bbox 1842 1343 3423 1433">
     <span class='ocr_line' id='line_1_42' title="bbox 1842 1343 3423 1433; baseline 0.015 -36"><span class='ocrx_word' id='word_1_334' title='bbox 1842 1343 2009 1398; x_wconf 91' lang='lat' dir='ltr'><strong>etiam</strong></span> <span class='ocrx_word' id='word_1_335' title='bbox 2037 1344 2127 1401; x_wconf 92' lang='lat' dir='ltr'><strong>die</strong></span> <span class='ocrx_word' id='word_1_336' title='bbox 2149 1344 2408 1416; x_wconf 89' lang='lat' dir='ltr'><strong>Sabbati;</strong></span> <span class='ocrx_word' id='word_1_337' title='bbox 2439 1348 2558 1406; x_wconf 89' lang='lat' dir='ltr'><strong>dies</strong></span> <span class='ocrx_word' id='word_1_338' title='bbox 2575 1351 2744 1420; x_wconf 89' lang='lat' dir='ltr'><strong>enim,</strong></span> <span class='ocrx_word' id='word_1_339' title='bbox 2767 1371 2877 1426; x_wconf 91' lang='lat' dir='ltr'><strong>quo</strong></span> <span class='ocrx_word' id='word_1_340' title='bbox 2915 1367 3046 1414; x_wconf 88' lang='lat' dir='ltr'><strong>sunt</strong></span> <span class='ocrx_word' id='word_1_341' title='bbox 3084 1361 3259 1417; x_wconf 86' lang='lat' dir='ltr'><strong>sancti</strong></span> <span class='ocrx_word' id='word_1_342' title='bbox 3288 1378 3423 1433; x_wconf 81' lang='lat' dir='ltr'><strong>apo-</strong></span> 
     </span>
    </p>
   </div>
   <div class='ocr_carea' id='block_1_43' title="bbox 1841 1434 3425 1526">
    <p class='ocr_par' dir='ltr' id='par_1_43' title="bbox 1841 1434 3425 1526">
     <span class='ocr_line' id='line_1_43' title="bbox 1841 1434 3425 1526; baseline 0.016 -39"><span class='ocrx_word' id='word_1_343' title='bbox 1841 1434 2264 1504; x_wconf 89' lang='lat' dir='ltr'><strong>stolideclarati,</strong></span> <span class='ocrx_word' id='word_1_344' title='bbox 2285 1438 2508 1497; x_wconf 90' lang='lat' dir='ltr'><strong>Sabbati</strong></span> <span class='ocrx_word' id='word_1_345' title='bbox 2533 1444 2837 1514; x_wconf 88' lang='lat' dir='ltr'><strong>spiritualis</strong></span> <span class='ocrx_word' id='word_1_346' title='bbox 2862 1457 3079 1520; x_wconf 88' lang='lat' dir='ltr'><strong>tempus</strong></span> <span class='ocrx_word' id='word_1_347' title='bbox 3105 1460 3207 1521; x_wconf 86' lang='lat' dir='ltr'><strong>est,</strong></span> <span class='ocrx_word' id='word_1_348' title='bbox 3226 1469 3425 1526; x_wconf 88' lang='lat' dir='ltr'><strong>nempe</strong></span> 
     </span>
    </p>
   </div>
   <div class='ocr_carea' id='block_1_44' title="bbox 1840 1524 3423 1618">
    <p class='ocr_par' dir='ltr' id='par_1_44' title="bbox 1840 1524 3423 1618">
     <span class='ocr_line' id='line_1_44' title="bbox 1840 1524 3423 1618; baseline 0.015 -38"><span class='ocrx_word' id='word_1_349' title='bbox 1840 1524 2047 1582; x_wconf 83' lang='lat' dir='ltr'><strong>Christi</strong></span> <span class='ocrx_word' id='word_1_350' title='bbox 2073 1528 2367 1597; x_wconf 85' lang='lat' dir='ltr'><strong>adventus,</strong></span> <span class='ocrx_word' id='word_1_351' title='bbox 2398 1549 2563 1603; x_wconf 88' lang='lat' dir='ltr'><strong>quem</strong></span> <span class='ocrx_word' id='word_1_352' title='bbox 2594 1538 2724 1606; x_wconf 86' lang='lat' dir='ltr'><strong>quia</strong></span> <span class='ocrx_word' id='word_1_353' title='bbox 2750 1554 2861 1594; x_wconf 91' lang='lat' dir='ltr'><strong>non</strong></span> <span class='ocrx_word' id='word_1_354' title='bbox 2877 1553 3220 1613; x_wconf 80' lang='lat' dir='ltr'><strong>agnoverunt</strong></span> <span class='ocrx_word' id='word_1_355' title='bbox 3242 1548 3337 1618; x_wconf 90' lang='lat' dir='ltr'><strong>qui</strong></span> <span class='ocrx_word' id='word_1_356' title='bbox 3355 1524 3423 1604; x_wconf 73' lang='lat' dir='ltr'><strong>ex</strong></span> 
     </span>
    </p>
   </div>
   <div class='ocr_carea' id='block_1_45' title="bbox 1841 1616 3419 1712">
    <p class='ocr_par' dir='ltr' id='par_1_45' title="bbox 1841 1616 3419 1712">
     <span class='ocr_line' id='line_1_45' title="bbox 1841 1616 3419 1712; baseline 0.016 -42"><span class='ocrx_word' id='word_1_357' title='bbox 1841 1616 2007 1673; x_wconf 90' lang='lat' dir='ltr'><strong>Israel</strong></span> <span class='ocrx_word' id='word_1_358' title='bbox 2029 1635 2203 1690; x_wconf 77' lang='lat' dir='ltr'><strong>genus</strong></span> <span class='ocrx_word' id='word_1_359' title='bbox 2232 1621 2529 1693; x_wconf 88' lang='lat' dir='ltr'><strong>ducebant,</strong></span> <span class='ocrx_word' id='word_1_360' title='bbox 2562 1628 2765 1687; x_wconf 84' lang='lat' dir='ltr'><strong>Paulus</strong></span> <span class='ocrx_word' id='word_1_361' title='bbox 2813 1631 2881 1689; x_wconf 91' lang='lat' dir='ltr'><strong>de</strong></span> <span class='ocrx_word' id='word_1_362' title='bbox 2912 1634 3020 1691; x_wconf 89' lang='lat' dir='ltr'><strong>illis</strong></span> <span class='ocrx_word' id='word_1_363' title='bbox 3048 1636 3190 1712; x_wconf 84' lang='lat' dir='ltr'><strong>dicit</strong></span> <span class='ocrx_word' id='word_1_364' title='bbox 3216 1656 3229 1691; x_wconf 87' lang='lat'><strong>:</strong></span> <span class='ocrx_word' id='word_1_365' title='bbox 3262 1616 3283 1690; x_wconf 56' lang='grc' dir='ltr'>ξ</span> <span class='ocrx_word' id='word_1_366' title='bbox 3312 1640 3419 1712; x_wconf 85' lang='lat' dir='ltr'><strong>Igi-</strong></span> 
     </span>
    </p>
   </div>
   <div class='ocr_carea' id='block_1_46' title="bbox 1842 1710 3419 1796">
    <p class='ocr_par' dir='ltr' id='par_1_46' title="bbox 1842 1710 3419 1796">
     <span class='ocr_line' id='line_1_46' title="bbox 1842 1710 3419 1796; baseline 0.018 -34"><span class='ocrx_word' id='word_1_367' title='bbox 1842 1716 1931 1764; x_wconf 91' lang='lat' dir='ltr'><strong>tur</strong></span> <span class='ocrx_word' id='word_1_368' title='bbox 1982 1711 2314 1783; x_wconf 75' lang='lat' dir='ltr'><strong>relinquitur</strong></span> <span class='ocrx_word' id='word_1_369' title='bbox 2355 1717 2726 1779; x_wconf 89' lang='lat' dir='ltr'><strong>sabbatismus</strong></span> <span class='ocrx_word' id='word_1_370' title='bbox 2779 1726 2983 1796; x_wconf 90' lang='lat' dir='ltr'><strong>populo</strong></span> <span class='ocrx_word' id='word_1_371' title='bbox 3014 1729 3113 1785; x_wconf 90' lang='lat' dir='ltr'><strong>Dei</strong></span> <span class='ocrx_word' id='word_1_372' title='bbox 3155 1710 3221 1785; x_wconf 46' lang='lat'><strong>&#39;9.</strong></span> <span class='ocrx_word' id='word_1_373' title='bbox 3247 1752 3265 1783; x_wconf 72' lang='grc' dir='ltr'><strong>ι</strong></span> <span class='ocrx_word' id='word_1_374' title='bbox 3299 1710 3419 1790; x_wconf 83' lang='lat' dir='ltr'><strong>Non</strong></span> 
     </span>
    </p>
   </div>
   <div class='ocr_carea' id='block_1_47' title="bbox 1841 1802 3416 1893">
    <p class='ocr_par' dir='ltr' id='par_1_47' title="bbox 1841 1802 3416 1893">
     <span class='ocr_line' id='line_1_47' title="bbox 1841 1802 3416 1893; baseline 0.017 -36"><span class='ocrx_word' id='word_1_375' title='bbox 1841 1802 1992 1858; x_wconf 90' lang='lat' dir='ltr'><strong>enim</strong></span> <span class='ocrx_word' id='word_1_376' title='bbox 2016 1804 2250 1877; x_wconf 77' lang='lat' dir='ltr'><strong>ingressi</strong></span> <span class='ocrx_word' id='word_1_377' title='bbox 2267 1819 2395 1866; x_wconf 90' lang='lat' dir='ltr'><strong>sunt</strong></span> <span class='ocrx_word' id='word_1_378' title='bbox 2420 1812 2478 1867; x_wconf 90' lang='lat' dir='ltr'><strong>in</strong></span> <span class='ocrx_word' id='word_1_379' title='bbox 2501 1815 2752 1884; x_wconf 90' lang='lat' dir='ltr'><strong>requiem</strong></span> <span class='ocrx_word' id='word_1_380' title='bbox 2780 1819 2918 1890; x_wconf 88' lang='lat' dir='ltr'><strong>ejus,</strong></span> <span class='ocrx_word' id='word_1_381' title='bbox 2943 1823 3071 1893; x_wconf 87' lang='lat' dir='ltr'><strong>quia</strong></span> <span class='ocrx_word' id='word_1_382' title='bbox 3104 1824 3267 1881; x_wconf 81' lang='lat' dir='ltr'><strong>ﬁdem</strong></span> <span class='ocrx_word' id='word_1_383' title='bbox 3307 1842 3416 1883; x_wconf 91' lang='lat' dir='ltr'><strong>non</strong></span> 
     </span>
    </p>
   </div>
   <div class='ocr_carea' id='block_1_48' title="bbox 1839 1900 3421 1988">
    <p class='ocr_par' dir='ltr' id='par_1_48' title="bbox 1839 1900 3421 1988">
     <span class='ocr_line' id='line_1_48' title="bbox 1839 1900 3421 1988; baseline 0.016 -38"><span class='ocrx_word' id='word_1_384' title='bbox 1839 1906 2185 1967; x_wconf 86' lang='lat' dir='ltr'><strong>receperunt.</strong></span> <span class='ocrx_word' id='word_1_385' title='bbox 2237 1900 2617 1961; x_wconf 88' lang='lat' dir='ltr'><strong>Sabbatismus</strong></span> <span class='ocrx_word' id='word_1_386' title='bbox 2642 1908 2811 1980; x_wconf 83' lang='lat' dir='ltr'><strong>igitur</strong></span> <span class='ocrx_word' id='word_1_387' title='bbox 2835 1928 3001 1970; x_wconf 77' lang='lat' dir='ltr'><strong>verus</strong></span> <span class='ocrx_word' id='word_1_388' title='bbox 3023 1931 3088 1971; x_wconf 93' lang='lat' dir='ltr'><strong>ac</strong></span> <span class='ocrx_word' id='word_1_389' title='bbox 3116 1917 3421 1988; x_wconf 87' lang='lat' dir='ltr'><strong>spiritualis</strong></span> 
     </span>
    </p>
   </div>
   <div class='ocr_carea' id='block_1_49' title="bbox 1840 1991 3418 2068">
    <p class='ocr_par' dir='ltr' id='par_1_49' title="bbox 1840 1991 3418 2068">
     <span class='ocr_line' id='line_1_49' title="bbox 1840 1991 3418 2068; baseline 0.015 -26"><span class='ocrx_word' id='word_1_390' title='bbox 1840 1995 2056 2059; x_wconf 90' lang='lat' dir='ltr'><strong>tempus</strong></span> <span class='ocrx_word' id='word_1_391' title='bbox 2100 1991 2235 2047; x_wconf 90' lang='lat' dir='ltr'><strong>illud</strong></span> <span class='ocrx_word' id='word_1_392' title='bbox 2281 2002 2387 2061; x_wconf 87' lang='lat' dir='ltr'><strong>est,</strong></span> <span class='ocrx_word' id='word_1_393' title='bbox 2443 2012 2554 2068; x_wconf 91' lang='lat' dir='ltr'><strong>quo</strong></span> <span class='ocrx_word' id='word_1_394' title='bbox 2583 1998 2831 2056; x_wconf 83' lang='lat' dir='ltr'><strong>Salvator</strong></span> <span class='ocrx_word' id='word_1_395' title='bbox 2873 2013 3060 2061; x_wconf 88' lang='lat' dir='ltr'><strong>noster</strong></span> <span class='ocrx_word' id='word_1_396' title='bbox 3088 2008 3329 2064; x_wconf 78' lang='lat' dir='ltr'><strong>advenit.</strong></span> <span class='ocrx_word' id='word_1_397' title='bbox 3358 2011 3418 2066; x_wconf 88' lang='lat' dir='ltr'><strong>In</strong></span> 
     </span>
    </p>
   </div>
   <div class='ocr_carea' id='block_1_50' title="bbox 1837 2080 3415 2167">
    <p class='ocr_par' dir='ltr' id='par_1_50' title="bbox 1837 2080 3415 2167">
     <span class='ocr_line' id='line_1_50' title="bbox 1837 2080 3415 2167; baseline 0.014 -33"><span class='ocrx_word' id='word_1_398' title='bbox 1837 2080 2014 2136; x_wconf 90' lang='lat' dir='ltr'><strong>oculis</strong></span> <span class='ocrx_word' id='word_1_399' title='bbox 2037 2082 2205 2138; x_wconf 89' lang='lat' dir='ltr'><strong>etiam</strong></span> <span class='ocrx_word' id='word_1_400' title='bbox 2234 2083 2330 2139; x_wconf 89' lang='lat' dir='ltr'><strong>Dei</strong></span> <span class='ocrx_word' id='word_1_401' title='bbox 2361 2093 2445 2141; x_wconf 92' lang='lat' dir='ltr'><strong>est</strong></span> <span class='ocrx_word' id='word_1_402' title='bbox 2470 2102 2675 2158; x_wconf 88' lang='lat' dir='ltr'><strong>panum</strong></span> <span class='ocrx_word' id='word_1_403' title='bbox 2693 2093 3018 2163; x_wconf 88' lang='lat' dir='ltr'><strong>propositio,</strong></span> <span class='ocrx_word' id='word_1_404' title='bbox 3052 2105 3216 2167; x_wconf 87' lang='lat' dir='ltr'><strong>atque</strong></span> <span class='ocrx_word' id='word_1_405' title='bbox 3248 2100 3415 2156; x_wconf 88' lang='lat' dir='ltr'><strong>etiam</strong></span> 
     </span>
    </p>
   </div>
   <div class='ocr_carea' id='block_1_51' title="bbox 1838 2172 3415 2260">
    <p class='ocr_par' dir='ltr' id='par_1_51' title="bbox 1838 2172 3415 2260">
     <span class='ocr_line' id='line_1_51' title="bbox 1838 2172 3415 2260; baseline 0.014 -34"><span class='ocrx_word' id='word_1_406' title='bbox 1838 2172 1894 2227; x_wconf 93' lang='lat' dir='ltr'><strong>in</strong></span> <span class='ocrx_word' id='word_1_407' title='bbox 1943 2175 2119 2231; x_wconf 90' lang='lat' dir='ltr'><strong>oculis</strong></span> <span class='ocrx_word' id='word_1_408' title='bbox 2179 2176 2365 2234; x_wconf 87' lang='lat' dir='ltr'><strong>lsrael&#39;.</strong></span> <span class='ocrx_word' id='word_1_409' title='bbox 2424 2200 2442 2233; x_wconf 83' lang='grc'><strong>‹</strong></span> <span class='ocrx_word' id='word_1_410' title='bbox 2495 2182 2821 2253; x_wconf 87' lang='lat' dir='ltr'><strong>Proponetis</strong></span> <span class='ocrx_word' id='word_1_411' title='bbox 2861 2187 3033 2253; x_wconf 89' lang='lat' dir='ltr'><strong>enim,</strong></span> <span class='ocrx_word' id='word_1_412' title='bbox 3072 2188 3270 2260; x_wconf 87' lang='lat' dir='ltr'><strong>inquit,</strong></span> <span class='ocrx_word' id='word_1_413' title='bbox 3323 2192 3415 2247; x_wconf 90' lang='lat' dir='ltr'><strong>die</strong></span> 
     </span>
    </p>
   </div>
   <div class='ocr_carea' id='block_1_52' title="bbox 1836 2262 3413 2351">
    <p class='ocr_par' dir='ltr' id='par_1_52' title="bbox 1836 2262 3413 2351">
     <span class='ocr_line' id='line_1_52' title="bbox 1836 2262 3413 2351; baseline 0.014 -33"><span class='ocrx_word' id='word_1_414' title='bbox 1836 2262 2200 2322; x_wconf 88' lang='lat' dir='ltr'><strong>Sabbatorum</strong></span> <span class='ocrx_word' id='word_1_415' title='bbox 2239 2269 2296 2323; x_wconf 91' lang='lat' dir='ltr'><strong>in</strong></span> <span class='ocrx_word' id='word_1_416' title='bbox 2328 2282 2625 2343; x_wconf 88' lang='lat' dir='ltr'><strong>conspectu</strong></span> <span class='ocrx_word' id='word_1_417' title='bbox 2653 2276 2871 2331; x_wconf 89' lang='lat' dir='ltr'><strong>Domini</strong></span> <span class='ocrx_word' id='word_1_418' title='bbox 2889 2277 2943 2333; x_wconf 91' lang='lat' dir='ltr'><strong>in</strong></span> <span class='ocrx_word' id='word_1_419' title='bbox 2973 2289 3324 2351; x_wconf 89' lang='lat' dir='ltr'><strong>perpetuum,</strong></span> <span class='ocrx_word' id='word_1_420' title='bbox 3354 2284 3413 2340; x_wconf 88' lang='lat' dir='ltr'><strong>in</strong></span> 
     </span>
    </p>
   </div>
   <div class='ocr_carea' id='block_1_53' title="bbox 1835 2358 3414 2445">
    <p class='ocr_par' dir='ltr' id='par_1_53' title="bbox 1835 2358 3414 2445">
     <span class='ocr_line' id='line_1_53' title="bbox 1835 2358 3414 2445; baseline 0.013 -35"><span class='ocrx_word' id='word_1_421' title='bbox 1835 2366 2134 2428; x_wconf 89' lang='lat' dir='ltr'><strong>conspectu</strong></span> <span class='ocrx_word' id='word_1_422' title='bbox 2165 2358 2403 2417; x_wconf 87' lang='lat' dir='ltr'><strong>ﬁliorum</strong></span> <span class='ocrx_word' id='word_1_423' title='bbox 2429 2363 2590 2420; x_wconf 91' lang='lat' dir='ltr'><strong>Israel</strong></span> <span class='ocrx_word' id='word_1_424' title='bbox 2613 2366 2694 2433; x_wconf 73' lang='lat'><strong>“;</strong></span> <span class='ocrx_word' id='word_1_425' title='bbox 2735 2387 2753 2419; x_wconf 76' lang='grc' dir='ltr'><strong>ι</strong></span> <span class='ocrx_word' id='word_1_426' title='bbox 2776 2382 2901 2424; x_wconf 88' lang='lat' dir='ltr'><strong>cum</strong></span> <span class='ocrx_word' id='word_1_427' title='bbox 2927 2370 3018 2427; x_wconf 87' lang='lat' dir='ltr'><strong>ille</strong></span> <span class='ocrx_word' id='word_1_428' title='bbox 3071 2375 3414 2445; x_wconf 88' lang='lat' dir='ltr'><strong>contemple-</strong></span> 
     </span>
    </p>
   </div>
   <div class='ocr_carea' id='block_1_54' title="bbox 1836 2456 3414 2533">
    <p class='ocr_par' dir='ltr' id='par_1_54' title="bbox 1836 2456 3414 2533">
     <span class='ocr_line' id='line_1_54' title="bbox 1836 2456 3414 2533; baseline 0.014 -32"><span class='ocrx_word' id='word_1_429' title='bbox 1836 2456 1943 2516; x_wconf 87' lang='lat' dir='ltr'><strong>tur,</strong></span> <span class='ocrx_word' id='word_1_430' title='bbox 1971 2464 2035 2505; x_wconf 88' lang='lat' dir='ltr'><strong>ac</strong></span> <span class='ocrx_word' id='word_1_431' title='bbox 2058 2461 2328 2523; x_wconf 86' lang='lat' dir='ltr'><strong>perpetuo</strong></span> <span class='ocrx_word' id='word_1_432' title='bbox 2363 2466 2582 2512; x_wconf 88' lang='lat' dir='ltr'><strong>sanctos</strong></span> <span class='ocrx_word' id='word_1_433' title='bbox 2630 2459 2776 2515; x_wconf 80' lang='lat' dir='ltr'><strong>viros</strong></span> <span class='ocrx_word' id='word_1_434' title='bbox 2819 2475 2917 2516; x_wconf 89' lang='lat' dir='ltr'><strong>sua</strong></span> <span class='ocrx_word' id='word_1_435' title='bbox 2939 2462 3284 2533; x_wconf 86' lang='lat' dir='ltr'><strong>inspectione</strong></span> <span class='ocrx_word' id='word_1_436' title='bbox 3330 2466 3414 2523; x_wconf 78' lang='lat' dir='ltr'><strong>di-</strong></span> 
     </span>
    </p>
   </div>
   <div class='ocr_carea' id='block_1_55' title="bbox 1833 2542 3405 2628">
    <p class='ocr_par' dir='ltr' id='par_1_55' title="bbox 1833 2542 3405 2628">
     <span class='ocr_line' id='line_1_55' title="bbox 1833 2542 3405 2628; baseline 0.012 -34"><span class='ocrx_word' id='word_1_437' title='bbox 1833 2549 2056 2612; x_wconf 82' lang='lat' dir='ltr'><strong>gnetur:</strong></span> <span class='ocrx_word' id='word_1_438' title='bbox 2085 2563 2101 2595; x_wconf 79' lang='grc' dir='ltr'><strong>ι</strong></span> <span class='ocrx_word' id='word_1_439' title='bbox 2120 2542 2276 2600; x_wconf 91' lang='lat' dir='ltr'><strong>Oculi</strong></span> <span class='ocrx_word' id='word_1_440' title='bbox 2293 2547 2463 2614; x_wconf 89' lang='lat' dir='ltr'><strong>enim,</strong></span> <span class='ocrx_word' id='word_1_441' title='bbox 2486 2549 2688 2621; x_wconf 89' lang='lat' dir='ltr'><strong>inquit,</strong></span> <span class='ocrx_word' id='word_1_442' title='bbox 2703 2552 2919 2610; x_wconf 89' lang='lat' dir='ltr'><strong>Domini</strong></span> <span class='ocrx_word' id='word_1_443' title='bbox 2948 2571 3112 2628; x_wconf 89' lang='lat' dir='ltr'><strong>super</strong></span> <span class='ocrx_word' id='word_1_444' title='bbox 3117 2558 3297 2628; x_wconf 85' lang='lat' dir='ltr'><strong>justos</strong></span> <span class='ocrx_word' id='word_1_445' title='bbox 3306 2559 3372 2615; x_wconf 82' lang='grc'><strong>⁸⁸.</strong></span> <span class='ocrx_word' id='word_1_446' title='bbox 3387 2581 3405 2613; x_wconf 75' lang='grc' dir='ltr'><strong>ι</strong></span> 
     </span>
    </p>
   </div>
   <div class='ocr_carea' id='block_1_56' title="bbox 1833 2631 3411 2719">
    <p class='ocr_par' dir='ltr' id='par_1_56' title="bbox 1833 2631 3411 2719">
     <span class='ocr_line' id='line_1_56' title="bbox 1833 2631 3411 2719; baseline 0.014 -32"><span class='ocrx_word' id='word_1_447' title='bbox 1833 2631 1895 2687; x_wconf 92' lang='lat' dir='ltr'><strong>In</strong></span> <span class='ocrx_word' id='word_1_448' title='bbox 1914 2634 2089 2690; x_wconf 89' lang='lat' dir='ltr'><strong>oculis</strong></span> <span class='ocrx_word' id='word_1_449' title='bbox 2130 2635 2295 2692; x_wconf 86' lang='lat' dir='ltr'><strong>etiam</strong></span> <span class='ocrx_word' id='word_1_450' title='bbox 2325 2638 2512 2706; x_wconf 90' lang='lat' dir='ltr'><strong>Israel,</strong></span> <span class='ocrx_word' id='word_1_451' title='bbox 2552 2642 2700 2711; x_wconf 92' lang='lat' dir='ltr'><strong>quod</strong></span> <span class='ocrx_word' id='word_1_452' title='bbox 2751 2658 2848 2701; x_wconf 88' lang='lat' dir='ltr'><strong>eos</strong></span> <span class='ocrx_word' id='word_1_453' title='bbox 2870 2648 3157 2704; x_wconf 89' lang='lat' dir='ltr'><strong>attendere</strong></span> <span class='ocrx_word' id='word_1_454' title='bbox 3189 2650 3411 2719; x_wconf 86' lang='lat' dir='ltr'><strong>debeat,</strong></span> 
     </span>
    </p>
   </div>
   <div class='ocr_carea' id='block_1_57' title="bbox 1832 2727 3412 2814">
    <p class='ocr_par' dir='ltr' id='par_1_57' title="bbox 1832 2727 3412 2814">
     <span class='ocr_line' id='line_1_57' title="bbox 1832 2727 3412 2814; baseline 0.012 -33"><span class='ocrx_word' id='word_1_455' title='bbox 1832 2732 1998 2796; x_wconf 79' lang='lat' dir='ltr'><strong>atque</strong></span> <span class='ocrx_word' id='word_1_456' title='bbox 2025 2727 2082 2781; x_wconf 91' lang='lat' dir='ltr'><strong>in</strong></span> <span class='ocrx_word' id='word_1_457' title='bbox 2110 2727 2217 2784; x_wconf 91' lang='lat' dir='ltr'><strong>illis</strong></span> <span class='ocrx_word' id='word_1_458' title='bbox 2254 2729 2423 2785; x_wconf 88' lang='lat' dir='ltr'><strong>animi</strong></span> <span class='ocrx_word' id='word_1_459' title='bbox 2445 2732 2636 2788; x_wconf 91' lang='lat' dir='ltr'><strong>oculos</strong></span> <span class='ocrx_word' id='word_1_460' title='bbox 2664 2735 3067 2805; x_wconf 86' lang='lat' dir='ltr'><strong>quodammodo</strong></span> <span class='ocrx_word' id='word_1_461' title='bbox 3091 2738 3237 2813; x_wconf 75' lang='lat' dir='ltr'><strong>ligat,</strong></span> <span class='ocrx_word' id='word_1_462' title='bbox 3271 2759 3412 2814; x_wconf 81' lang='lat' dir='ltr'><strong>quo-</strong></span> 
     </span>
    </p>
   </div>
   <div class='ocr_carea' id='block_1_58' title="bbox 1834 2815 3410 2901">
    <p class='ocr_par' dir='ltr' id='par_1_58' title="bbox 1834 2815 3410 2901">
     <span class='ocr_line' id='line_1_58' title="bbox 1834 2815 3410 2901; baseline 0.014 -32"><span class='ocrx_word' id='word_1_463' title='bbox 1834 2830 1956 2870; x_wconf 90' lang='lat' dir='ltr'><strong>rum</strong></span> <span class='ocrx_word' id='word_1_464' title='bbox 1977 2815 2207 2888; x_wconf 81' lang='lat' dir='ltr'><strong>ﬁguram</strong></span> <span class='ocrx_word' id='word_1_465' title='bbox 2245 2822 2494 2892; x_wconf 88' lang='lat' dir='ltr'><strong>corporis</strong></span> <span class='ocrx_word' id='word_1_466' title='bbox 2541 2825 2689 2880; x_wconf 92' lang='lat' dir='ltr'><strong>oculi</strong></span> <span class='ocrx_word' id='word_1_467' title='bbox 2724 2826 2990 2885; x_wconf 81' lang='lat' dir='ltr'><strong>referunt.</strong></span> <span class='ocrx_word' id='word_1_468' title='bbox 3029 2849 3047 2882; x_wconf 77' lang='grc' dir='ltr'><strong>ι</strong></span> <span class='ocrx_word' id='word_1_469' title='bbox 3081 2829 3189 2887; x_wconf 91' lang='lat' dir='ltr'><strong>Sed</strong></span> <span class='ocrx_word' id='word_1_470' title='bbox 3225 2841 3410 2901; x_wconf 80' lang='lat' dir='ltr'><strong>erunt,</strong></span> 
     </span>
    </p>
   </div>
   <div class='ocr_carea' id='block_1_59' title="bbox 1834 2907 3412 2998">
    <p class='ocr_par' dir='ltr' id='par_1_59' title="bbox 1834 2907 3412 2998">
     <span class='ocr_line' id='line_1_59' title="bbox 1834 2907 3412 2998; baseline 0.013 -37"><span class='ocrx_word' id='word_1_471' title='bbox 1834 2907 2031 2998; x_wconf 88' lang='lat' dir='ltr'><strong>inquit,</strong></span> <span class='ocrx_word' id='word_1_472' title='bbox 2057 2908 2239 2967; x_wconf 78' lang='lat' dir='ltr'><strong>Aaron</strong></span> <span class='ocrx_word' id='word_1_473' title='bbox 2257 2920 2315 2967; x_wconf 93' lang='lat' dir='ltr'><strong>et</strong></span> <span class='ocrx_word' id='word_1_474' title='bbox 2342 2913 2472 2970; x_wconf 81' lang='lat' dir='ltr'><strong>ﬁliis</strong></span> <span class='ocrx_word' id='word_1_475' title='bbox 2497 2916 2637 2987; x_wconf 90' lang='lat' dir='ltr'><strong>ejus,</strong></span> <span class='ocrx_word' id='word_1_476' title='bbox 2665 2924 2719 2973; x_wconf 94' lang='lat' dir='ltr'><strong>et</strong></span> <span class='ocrx_word' id='word_1_477' title='bbox 2745 2920 3038 2978; x_wconf 88' lang='lat' dir='ltr'><strong>comedent</strong></span> <span class='ocrx_word' id='word_1_478' title='bbox 3074 2939 3159 2979; x_wconf 89' lang='lat' dir='ltr'><strong>ea.</strong></span> <span class='ocrx_word' id='word_1_479' title='bbox 3191 2944 3209 2976; x_wconf 74' lang='grc' dir='ltr'><strong>ι</strong></span> <span class='ocrx_word' id='word_1_480' title='bbox 3232 2925 3412 2998; x_wconf 86' lang='lat' dir='ltr'><strong>Appo-</strong></span> 
     </span>
    </p>
   </div>
   <div class='ocr_carea' id='block_1_60' title="bbox 1831 2997 3412 3083">
    <p class='ocr_par' dir='ltr' id='par_1_60' title="bbox 1831 2997 3412 3083">
     <span class='ocr_line' id='line_1_60' title="bbox 1831 2997 3412 3083; baseline 0.012 -31"><span class='ocrx_word' id='word_1_481' title='bbox 1831 2997 1935 3053; x_wconf 85' lang='lat' dir='ltr'><strong>sita</strong></span> <span class='ocrx_word' id='word_1_482' title='bbox 1959 3007 2089 3054; x_wconf 88' lang='lat' dir='ltr'><strong>sunt</strong></span> <span class='ocrx_word' id='word_1_483' title='bbox 2116 3002 2316 3072; x_wconf 88' lang='lat' dir='ltr'><strong>quippe</strong></span> <span class='ocrx_word' id='word_1_484' title='bbox 2347 3004 2509 3060; x_wconf 91' lang='lat' dir='ltr'><strong>nobis</strong></span> <span class='ocrx_word' id='word_1_485' title='bbox 2528 3004 2590 3059; x_wconf 87' lang='lat' dir='ltr'><strong>in</strong></span> <span class='ocrx_word' id='word_1_486' title='bbox 2629 3006 2815 3061; x_wconf 89' lang='lat' dir='ltr'><strong>cibum</strong></span> <span class='ocrx_word' id='word_1_487' title='bbox 2841 3017 3153 3065; x_wconf 86' lang='lat' dir='ltr'><strong>sanctorum</strong></span> <span class='ocrx_word' id='word_1_488' title='bbox 3194 2997 3412 3083; x_wconf 82' lang='lat' dir='ltr'><strong>aposto-</strong></span> 
     </span>
    </p>
   </div>
   <div class='ocr_carea' id='block_1_61' title="bbox 144 3086 1732 3185">
    <p class='ocr_par' dir='ltr' id='par_1_61' title="bbox 144 3086 1728 3161">
     <span class='ocr_line' id='line_1_61' title="bbox 144 3086 1728 3161; baseline 0.002 -20"><span class='ocrx_word' id='word_1_489' title='bbox 144 3088 386 3158; x_wconf 82' lang='grc' dir='ltr'>γμένοις,</span> <span class='ocrx_word' id='word_1_490' title='bbox 421 3088 520 3142; x_wconf 73' lang='grc' dir='ltr'>καὶ</span> <span class='ocrx_word' id='word_1_491' title='bbox 546 3090 613 3161; x_wconf 76' lang='grc' dir='ltr'><strong>τῇ</strong></span> <span class='ocrx_word' id='word_1_492' title='bbox 641 3086 738 3142; x_wconf 87' lang='grc' dir='ltr'><strong>τοῦ</strong></span> <span class='ocrx_word' id='word_1_493' title='bbox 766 3088 921 3157; x_wconf 84' lang='grc' dir='ltr'>ἁγίου</span> <span class='ocrx_word' id='word_1_494' title='bbox 947 3087 1266 3160; x_wconf 88' lang='grc' dir='ltr'>Πνεύματος</span> <span class='ocrx_word' id='word_1_495' title='bbox 1290 3088 1471 3161; x_wconf 84' lang='grc' dir='ltr'>χάριτι</span> <span class='ocrx_word' id='word_1_496' title='bbox 1497 3107 1728 3145; x_wconf 84' lang='grc' dir='ltr'>κατακε-</span> 
     </span>
    </p>
   </div>
   <div class='ocr_carea' id='block_1_62' title="bbox 1837 3086 3411 3185">
    <p class='ocr_par' dir='ltr' id='par_1_62' title="bbox 1837 3090 3411 3169">
     <span class='ocr_line' id='line_1_62' title="bbox 1837 3090 3411 3169; baseline 0.013 -25"><span class='ocrx_word' id='word_1_497' title='bbox 1837 3090 2009 3146; x_wconf 89' lang='lat' dir='ltr'><strong>lorum</strong></span> <span class='ocrx_word' id='word_1_498' title='bbox 2031 3093 2257 3164; x_wconf 85' lang='lat' dir='ltr'><strong>scripta,</strong></span> <span class='ocrx_word' id='word_1_499' title='bbox 2287 3096 2382 3166; x_wconf 90' lang='lat' dir='ltr'><strong>qui</strong></span> <span class='ocrx_word' id='word_1_500' title='bbox 2414 3096 2519 3152; x_wconf 82' lang='lat' dir='ltr'><strong>ﬁde</strong></span> <span class='ocrx_word' id='word_1_501' title='bbox 2552 3098 2839 3168; x_wconf 78' lang='lat' dir='ltr'><strong>justificati</strong></span> <span class='ocrx_word' id='word_1_502' title='bbox 2867 3117 3086 3169; x_wconf 90' lang='lat' dir='ltr'><strong>sumus;</strong></span> <span class='ocrx_word' id='word_1_503' title='bbox 3133 3114 3189 3160; x_wconf 91' lang='lat' dir='ltr'><strong>et</strong></span> <span class='ocrx_word' id='word_1_504' title='bbox 3221 3119 3411 3165; x_wconf 88' lang='lat' dir='ltr'><strong>sancto</strong></span> 
     </span>
    </p>
   </div>
   <div class='ocr_carea' id='block_1_63' title="bbox 145 3179 480 3249">
    <p class='ocr_par' dir='ltr' id='par_1_63' title="bbox 145 3179 480 3249">
     <span class='ocr_line' id='line_1_63' title="bbox 145 3179 480 3249; baseline 0.009 -19"><span class='ocrx_word' id='word_1_505' title='bbox 145 3179 480 3249; x_wconf 77' lang='grc' dir='ltr'>χρισμένοις.</span> 
     </span>
    </p>
   </div>
   <div class='ocr_carea' id='block_1_64' title="bbox 208 3444 1723 3524">
    <p class='ocr_par' dir='ltr' id='par_1_64' title="bbox 208 3444 1723 3524">
     <span class='ocr_line' id='line_1_64' title="bbox 208 3444 1723 3524; baseline 0.006 -22"><span class='ocrx_word' id='word_1_506' title='bbox 208 3450 425 3505; x_wconf 79' lang='grc' dir='ltr'><strong>ΠΑΔΛ.</strong></span> <span class='ocrx_word' id='word_1_507' title='bbox 456 3444 531 3505; x_wconf 80' lang='grc' dir='ltr'><strong>Εὖ</strong></span> <span class='ocrx_word' id='word_1_508' title='bbox 572 3449 709 3520; x_wconf 79' lang='grc' dir='ltr'>ἔφης</span> <span class='ocrx_word' id='word_1_509' title='bbox 730 3467 744 3481; x_wconf 78' lang='grc' dir='ltr'><strong>ο</strong></span> <span class='ocrx_word' id='word_1_510' title='bbox 779 3449 1154 3523; x_wconf 81' lang='grc' dir='ltr'>συναινέσαιμι</span> <span class='ocrx_word' id='word_1_511' title='bbox 1177 3452 1283 3524; x_wconf 83' lang='grc' dir='ltr'>γὰρ</span> <span class='ocrx_word' id='word_1_512' title='bbox 1316 3454 1401 3508; x_wconf 87' lang='grc' dir='ltr'>ἁν.</span> <span class='ocrx_word' id='word_1_513' title='bbox 1444 3456 1602 3511; x_wconf 79' lang='grc' dir='ltr'>Ἀλλὰ</span> <span class='ocrx_word' id='word_1_514' title='bbox 1628 3457 1723 3511; x_wconf 88' lang='grc' dir='ltr'><strong>τοῦ</strong></span> 
     </span>
    </p>
   </div>
   <div class='ocr_carea' id='block_1_65' title="bbox 138 3540 1722 3620">
    <p class='ocr_par' dir='ltr' id='par_1_65' title="bbox 138 3540 1722 3620">
     <span class='ocr_line' id='line_1_65' title="bbox 138 3540 1722 3620; baseline 0.004 -26"><span class='ocrx_word' id='word_1_515' title='bbox 138 3540 201 3612; x_wconf 79' lang='grc' dir='ltr'>δὴ</span> <span class='ocrx_word' id='word_1_516' title='bbox 225 3541 410 3612; x_wconf 80' lang='grc' dir='ltr'>χάριν,</span> <span class='ocrx_word' id='word_1_517' title='bbox 440 3543 540 3595; x_wconf 76' lang='grc' dir='ltr'>οὐκ</span> <span class='ocrx_word' id='word_1_518' title='bbox 563 3543 622 3596; x_wconf 84' lang='grc' dir='ltr'>ὲν</span> <span class='ocrx_word' id='word_1_519' title='bbox 653 3543 767 3605; x_wconf 84' lang='grc' dir='ltr'>τοῖς</span> <span class='ocrx_word' id='word_1_520' title='bbox 803 3541 1005 3612; x_wconf 79' lang='grc' dir='ltr'>Ἀγίοις</span> <span class='ocrx_word' id='word_1_521' title='bbox 1038 3543 1146 3597; x_wconf 83' lang='grc' dir='ltr'><strong>τῶν</strong></span> <span class='ocrx_word' id='word_1_522' title='bbox 1184 3545 1353 3613; x_wconf 83' lang='grc' dir='ltr'>ἁγίων</span> <span class='ocrx_word' id='word_1_523' title='bbox 1373 3587 1386 3609; x_wconf 92' lang='grc'><strong>,</strong></span> <span class='ocrx_word' id='word_1_524' title='bbox 1414 3545 1529 3600; x_wconf 81' lang='grc' dir='ltr'>ἁλλ’</span> <span class='ocrx_word' id='word_1_525' title='bbox 1552 3547 1609 3601; x_wconf 81' lang='grc' dir='ltr'>ὲν</span> <span class='ocrx_word' id='word_1_526' title='bbox 1656 3551 1722 3620; x_wconf 77' lang='grc' dir='ltr'><strong>τῇ</strong></span> 
     </span>
    </p>
   </div>
   <div class='ocr_carea' id='block_1_66' title="bbox 138 3631 1722 3709">
    <p class='ocr_par' dir='ltr' id='par_1_66' title="bbox 138 3631 1722 3709">
     <span class='ocr_line' id='line_1_66' title="bbox 138 3631 1722 3709; baseline 0.006 -26"><span class='ocrx_word' id='word_1_527' title='bbox 138 3631 332 3704; x_wconf 79' lang='grc' dir='ltr'>πρώτη</span> <span class='ocrx_word' id='word_1_528' title='bbox 380 3638 550 3707; x_wconf 74' lang='grc' dir='ltr'>σκηνῇ</span> <span class='ocrx_word' id='word_1_529' title='bbox 584 3634 681 3688; x_wconf 88' lang='grc' dir='ltr'><strong>τοῦ</strong></span> <span class='ocrx_word' id='word_1_530' title='bbox 709 3634 864 3704; x_wconf 83' lang='grc' dir='ltr'>ἁγίου</span> <span class='ocrx_word' id='word_1_531' title='bbox 907 3635 1213 3691; x_wconf 85' lang='grc' dir='ltr'>Βαπτιστοῦ</span> <span class='ocrx_word' id='word_1_532' title='bbox 1234 3677 1250 3703; x_wconf 86' lang='grc'><strong>,</strong></span> <span class='ocrx_word' id='word_1_533' title='bbox 1280 3638 1374 3691; x_wconf 75' lang='grc' dir='ltr'>καὶ</span> <span class='ocrx_word' id='word_1_534' title='bbox 1401 3638 1510 3692; x_wconf 85' lang='grc' dir='ltr'><strong>τῶν</strong></span> <span class='ocrx_word' id='word_1_535' title='bbox 1554 3639 1722 3709; x_wconf 84' lang='grc' dir='ltr'>ἁγίων</span> 
     </span>
    </p>
   </div>
   <div class='ocr_carea' id='block_1_67' title="bbox 138 3724 751 3792">
    <p class='ocr_par' dir='ltr' id='par_1_67' title="bbox 138 3724 751 3792">
     <span class='ocr_line' id='line_1_67' title="bbox 138 3724 751 3792; baseline 0.003 -15"><span class='ocrx_word' id='word_1_536' title='bbox 138 3724 457 3778; x_wconf 78' lang='grc' dir='ltr'>ἀποστόλων</span> <span class='ocrx_word' id='word_1_537' title='bbox 481 3726 529 3778; x_wconf 85' lang='grc' dir='ltr'>οἱ</span> <span class='ocrx_word' id='word_1_538' title='bbox 553 3725 751 3792; x_wconf 73' lang='grc' dir='ltr'>τύποις</span> 
     </span>
    </p>
   </div>
   <div class='ocr_carea' id='block_1_68' title="bbox 202 3817 1722 3894">
    <p class='ocr_par' dir='ltr' id='par_1_68' title="bbox 202 3817 1722 3894">
     <span class='ocr_line' id='line_1_68' title="bbox 202 3817 1722 3894; baseline 0.005 -24"><span class='ocrx_word' id='word_1_539' title='bbox 202 3817 369 3872; x_wconf 77' lang='grc' dir='ltr'><strong>ΚΥΡ.</strong></span> <span class='ocrx_word' id='word_1_540' title='bbox 402 3818 628 3890; x_wconf 85' lang='grc' dir='ltr'>Πρῶτον</span> <span class='ocrx_word' id='word_1_541' title='bbox 670 3820 770 3890; x_wconf 74' lang='grc' dir='ltr'>μὲν</span> <span class='ocrx_word' id='word_1_542' title='bbox 817 3820 898 3874; x_wconf 86' lang='grc' dir='ltr'>ὅτι</span> <span class='ocrx_word' id='word_1_543' title='bbox 951 3821 1084 3874; x_wconf 84' lang='grc' dir='ltr'>πολὺ</span> <span class='ocrx_word' id='word_1_544' title='bbox 1127 3821 1187 3876; x_wconf 82' lang='grc' dir='ltr'>τὸ</span> <span class='ocrx_word' id='word_1_545' title='bbox 1228 3821 1579 3894; x_wconf 78' lang='grc' dir='ltr'>μεσολαϐοῦν,</span> <span class='ocrx_word' id='word_1_546' title='bbox 1627 3826 1722 3879; x_wconf 75' lang='grc' dir='ltr'>καὶ</span> 
     </span>
    </p>
   </div>
   <div class='ocr_carea' id='block_1_69' title="bbox 138 3902 1719 3981">
    <p class='ocr_par' dir='ltr' id='par_1_69' title="bbox 138 3902 1719 3981">
     <span class='ocr_line' id='line_1_69' title="bbox 138 3902 1719 3981; baseline 0.008 -24"><span class='ocrx_word' id='word_1_547' title='bbox 138 3906 235 3960; x_wconf 73' lang='grc' dir='ltr'>οὐκ</span> <span class='ocrx_word' id='word_1_548' title='bbox 260 3908 319 3961; x_wconf 77' lang='grc' dir='ltr'>ἐν</span> <span class='ocrx_word' id='word_1_549' title='bbox 343 3902 424 3972; x_wconf 79' lang='grc' dir='ltr'>οἷς</span> <span class='ocrx_word' id='word_1_550' title='bbox 445 3910 474 3961; x_wconf 85' lang='grc' dir='ltr'><em>ὁ</em></span> <span class='ocrx_word' id='word_1_551' title='bbox 497 3909 754 3980; x_wconf 80' lang='grc' dir='ltr'>Χριστὸς,</span> <span class='ocrx_word' id='word_1_552' title='bbox 777 3909 872 3964; x_wconf 78' lang='grc' dir='ltr'>καὶ</span> <span class='ocrx_word' id='word_1_553' title='bbox 895 3910 964 3964; x_wconf 89' lang='grc' dir='ltr'><strong>τὰ</strong></span> <span class='ocrx_word' id='word_1_554' title='bbox 985 3913 1093 3965; x_wconf 89' lang='grc' dir='ltr'>τῶν</span> <span class='ocrx_word' id='word_1_555' title='bbox 1123 3912 1295 3981; x_wconf 85' lang='grc' dir='ltr'>ἁγίων</span> <span class='ocrx_word' id='word_1_556' title='bbox 1318 3914 1580 3981; x_wconf 81' lang='grc' dir='ltr'>κείσεται,</span> <span class='ocrx_word' id='word_1_557' title='bbox 1605 3915 1719 3969; x_wconf 81' lang='grc' dir='ltr'>ἀλλ’</span> 
     </span>
    </p>
   </div>
   <div class='ocr_carea' id='block_1_70' title="bbox 138 3998 1721 4079">
    <p class='ocr_par' dir='ltr' id='par_1_70' title="bbox 138 3998 1721 4079">
     <span class='ocr_line' id='line_1_70' title="bbox 138 3998 1721 4079; baseline 0.007 -29"><span class='ocrx_word' id='word_1_558' title='bbox 138 3998 297 4053; x_wconf 80' lang='grc' dir='ltr'>οἱονεί</span> <span class='ocrx_word' id='word_1_559' title='bbox 334 4016 454 4064; x_wconf 85' lang='grc' dir='ltr'><strong>πως</strong></span> <span class='ocrx_word' id='word_1_560' title='bbox 488 3999 594 4067; x_wconf 77' lang='grc' dir='ltr'><strong>ἔξω</strong></span> <span class='ocrx_word' id='word_1_561' title='bbox 636 4001 731 4055; x_wconf 78' lang='grc' dir='ltr'>καὶ</span> <span class='ocrx_word' id='word_1_562' title='bbox 773 4001 831 4055; x_wconf 83' lang='grc' dir='ltr'>ὲν</span> <span class='ocrx_word' id='word_1_563' title='bbox 871 4001 1096 4073; x_wconf 86' lang='grc' dir='ltr'>μείοσιν.</span> <span class='ocrx_word' id='word_1_564' title='bbox 1144 4003 1436 4077; x_wconf 79' lang='grc' dir='ltr'>Ἐξῄρηται</span> <span class='ocrx_word' id='word_1_565' title='bbox 1475 4005 1581 4079; x_wconf 82' lang='grc' dir='ltr'><strong>γὰρ</strong></span> <span class='ocrx_word' id='word_1_566' title='bbox 1626 4008 1721 4061; x_wconf 75' lang='grc' dir='ltr'>καὶ</span> 
     </span>
    </p>
   </div>
   <div class='ocr_carea' id='block_1_71' title="bbox 140 4091 1719 4171">
    <p class='ocr_par' dir='ltr' id='par_1_71' title="bbox 140 4091 1719 4171">
     <span class='ocr_line' id='line_1_71' title="bbox 140 4091 1719 4171; baseline 0.005 -26"><span class='ocrx_word' id='word_1_567' title='bbox 140 4091 241 4145; x_wconf 87' lang='grc' dir='ltr'><strong>ἁνὰ</strong></span> <span class='ocrx_word' id='word_1_568' title='bbox 276 4093 445 4164; x_wconf 84' lang='grc' dir='ltr'>μέρος</span> <span class='ocrx_word' id='word_1_569' title='bbox 472 4094 590 4147; x_wconf 75' lang='grc' dir='ltr'>ἐστὶ</span> <span class='ocrx_word' id='word_1_570' title='bbox 615 4093 685 4148; x_wconf 76' lang='grc' dir='ltr'>τὰ</span> <span class='ocrx_word' id='word_1_571' title='bbox 709 4092 803 4148; x_wconf 82' lang='grc' dir='ltr'><strong>τοῦ</strong></span> <span class='ocrx_word' id='word_1_572' title='bbox 826 4093 981 4162; x_wconf 84' lang='grc' dir='ltr'>Θεοῦ,</span> <span class='ocrx_word' id='word_1_573' title='bbox 1006 4096 1101 4150; x_wconf 71' lang='grc' dir='ltr'><strong>καὶ</strong></span> <span class='ocrx_word' id='word_1_574' title='bbox 1125 4097 1291 4162; x_wconf 77' lang='grc' dir='ltr'>πολὺς</span> <span class='ocrx_word' id='word_1_575' title='bbox 1315 4098 1383 4151; x_wconf 68' lang='grc' dir='ltr'><strong>τὰ</strong></span> <span class='ocrx_word' id='word_1_576' title='bbox 1404 4098 1719 4171; x_wconf 79' lang='grc' dir='ltr'>ἀνθρώπινα</span> 
     </span>
    </p>
   </div>
   <div class='ocr_carea' id='block_1_72' title="bbox 137 4182 1718 4264">
    <p class='ocr_par' dir='ltr' id='par_1_72' title="bbox 137 4182 1718 4264">
     <span class='ocr_line' id='line_1_72' title="bbox 137 4182 1718 4264; baseline 0.008 -28"><span class='ocrx_word' id='word_1_577' title='bbox 137 4182 452 4256; x_wconf 79' lang='grc' dir='ltr'>διατειχίζει</span> <span class='ocrx_word' id='word_1_578' title='bbox 500 4183 692 4253; x_wconf 82' lang='grc' dir='ltr'>λόγος,</span> <span class='ocrx_word' id='word_1_579' title='bbox 740 4185 1070 4258; x_wconf 84' lang='grc' dir='ltr'>ἀσύγκριτον</span> <span class='ocrx_word' id='word_1_580' title='bbox 1119 4189 1424 4254; x_wconf 79' lang='grc' dir='ltr'>ἐπιδεικνὺς</span> <span class='ocrx_word' id='word_1_581' title='bbox 1471 4191 1569 4264; x_wconf 83' lang='grc' dir='ltr'>τὴν</span> <span class='ocrx_word' id='word_1_582' title='bbox 1609 4193 1718 4248; x_wconf 85' lang='grc' dir='ltr'>τῶν</span> 
     </span>
    </p>
   </div>
   <div class='ocr_carea' id='block_1_73' title="bbox 137 4274 1711 4357">
    <p class='ocr_par' dir='ltr' id='par_1_73' title="bbox 137 4274 1711 4357">
     <span class='ocr_line' id='line_1_73' title="bbox 137 4274 1711 4357; baseline 0.009 -29"><span class='ocrx_word' id='word_1_583' title='bbox 137 4274 350 4342; x_wconf 80' lang='grc' dir='ltr'>φύσεων</span> <span class='ocrx_word' id='word_1_584' title='bbox 395 4276 656 4349; x_wconf 85' lang='grc' dir='ltr'>ίδιότητα,</span> <span class='ocrx_word' id='word_1_585' title='bbox 697 4279 791 4332; x_wconf 77' lang='grc' dir='ltr'><strong>καὶ</strong></span> <span class='ocrx_word' id='word_1_586' title='bbox 836 4279 935 4351; x_wconf 78' lang='grc' dir='ltr'>τὴν</span> <span class='ocrx_word' id='word_1_587' title='bbox 978 4278 1079 4350; x_wconf 83' lang='grc' dir='ltr'>τῆς</span> <span class='ocrx_word' id='word_1_588' title='bbox 1123 4281 1375 4347; x_wconf 80' lang='grc' dir='ltr'>εὐκλείας</span> <span class='ocrx_word' id='word_1_589' title='bbox 1426 4285 1711 4357; x_wconf 79' lang='grc' dir='ltr'>διαφοράν.</span> 
     </span>
    </p>
   </div>
   <div class='ocr_carea' id='block_1_74' title="bbox 133 4362 1716 4449">
    <p class='ocr_par' dir='ltr' id='par_1_74' title="bbox 133 4362 1716 4449">
     <span class='ocr_line' id='line_1_74' title="bbox 133 4362 1716 4449; baseline 0.008 -29"><span class='ocrx_word' id='word_1_590' title='bbox 133 4362 267 4422; x_wconf 75' lang='grc' dir='ltr'>Εἶτα</span> <span class='ocrx_word' id='word_1_591' title='bbox 298 4368 382 4421; x_wconf 78' lang='grc' dir='ltr'>ὅτι</span> <span class='ocrx_word' id='word_1_592' title='bbox 409 4368 701 4437; x_wconf 87' lang='grc' dir='ltr'>γεγόνασιν</span> <span class='ocrx_word' id='word_1_593' title='bbox 732 4368 792 4435; x_wconf 76' lang='grc' dir='ltr'>ἐξ</span> <span class='ocrx_word' id='word_1_594' title='bbox 837 4369 1103 4427; x_wconf 84' lang='grc' dir='ltr'>Ἰουδαίων</span> <span class='ocrx_word' id='word_1_595' title='bbox 1133 4374 1227 4426; x_wconf 73' lang='grc' dir='ltr'>καὶ</span> <span class='ocrx_word' id='word_1_596' title='bbox 1257 4374 1358 4444; x_wconf 83' lang='grc' dir='ltr'>τῆς</span> <span class='ocrx_word' id='word_1_597' title='bbox 1386 4376 1531 4439; x_wconf 79' lang='grc' dir='ltr'><strong>κατὰ</strong></span> <span class='ocrx_word' id='word_1_598' title='bbox 1553 4378 1716 4449; x_wconf 88' lang='grc' dir='ltr'>νόμον</span> 
     </span>
    </p>
   </div>
   <div class='ocr_carea' id='block_1_75' title="bbox 1829 3181 3406 3266">
    <p class='ocr_par' dir='ltr' id='par_1_75' title="bbox 1829 3181 3406 3266">
     <span class='ocr_line' id='line_1_75' title="bbox 1829 3181 3406 3266; baseline 0.01 -31"><span class='ocrx_word' id='word_1_599' title='bbox 1829 3181 1904 3236; x_wconf 90' lang='lat' dir='ltr'><strong>illi</strong></span> <span class='ocrx_word' id='word_1_600' title='bbox 1934 3197 1999 3237; x_wconf 90' lang='lat' dir='ltr'><strong>ac</strong></span> <span class='ocrx_word' id='word_1_601' title='bbox 2030 3198 2186 3239; x_wconf 87' lang='lat' dir='ltr'><strong>sacro</strong></span> <span class='ocrx_word' id='word_1_602' title='bbox 2208 3188 2416 3255; x_wconf 82' lang='lat' dir='ltr'><strong>generi,</strong></span> <span class='ocrx_word' id='word_1_603' title='bbox 2442 3189 2682 3258; x_wconf 89' lang='lat' dir='ltr'><strong>populis,</strong></span> <span class='ocrx_word' id='word_1_604' title='bbox 2713 3190 2958 3261; x_wconf 89' lang='lat' dir='ltr'><strong>inquam,</strong></span> <span class='ocrx_word' id='word_1_605' title='bbox 2998 3193 3105 3248; x_wconf 90' lang='lat' dir='ltr'><strong>illis</strong></span> <span class='ocrx_word' id='word_1_606' title='bbox 3131 3195 3186 3249; x_wconf 92' lang='lat' dir='ltr'><strong>in</strong></span> <span class='ocrx_word' id='word_1_607' title='bbox 3216 3198 3406 3266; x_wconf 88' lang='lat' dir='ltr'><strong>acqui-</strong></span> 
     </span>
    </p>
   </div>
   <div class='ocr_carea' id='block_1_76' title="bbox 1825 3273 3406 3359">
    <p class='ocr_par' dir='ltr' id='par_1_76' title="bbox 1825 3273 3406 3359">
     <span class='ocr_line' id='line_1_76' title="bbox 1825 3273 3406 3359; baseline 0.012 -33"><span class='ocrx_word' id='word_1_608' title='bbox 1825 3273 2104 3339; x_wconf 87' lang='lat' dir='ltr'><strong>sitionem,</strong></span> <span class='ocrx_word' id='word_1_609' title='bbox 2137 3285 2191 3330; x_wconf 90' lang='lat' dir='ltr'><strong>et</strong></span> <span class='ocrx_word' id='word_1_610' title='bbox 2224 3277 2437 3341; x_wconf 88' lang='lat' dir='ltr'><strong>electis,</strong></span> <span class='ocrx_word' id='word_1_611' title='bbox 2483 3286 2540 3333; x_wconf 89' lang='lat' dir='ltr'><strong>et</strong></span> <span class='ocrx_word' id='word_1_612' title='bbox 2585 3282 2758 3336; x_wconf 88' lang='lat' dir='ltr'><strong>sancti</strong></span> <span class='ocrx_word' id='word_1_613' title='bbox 2799 3283 3036 3353; x_wconf 86' lang='lat' dir='ltr'><strong>Spiritus</strong></span> <span class='ocrx_word' id='word_1_614' title='bbox 3065 3287 3237 3357; x_wconf 81' lang='lat' dir='ltr'><strong>gratia</strong></span> <span class='ocrx_word' id='word_1_615' title='bbox 3279 3305 3406 3359; x_wconf 85' lang='lat' dir='ltr'><strong>per-</strong></span> 
     </span>
    </p>
   </div>
   <div class='ocr_carea' id='block_1_77' title="bbox 1827 3368 2026 3424">
    <p class='ocr_par' dir='ltr' id='par_1_77' title="bbox 1827 3368 2026 3424">
     <span class='ocr_line' id='line_1_77' title="bbox 1827 3368 2026 3424; baseline 0.015 -3"><span class='ocrx_word' id='word_1_616' title='bbox 1827 3368 2026 3424; x_wconf 71' lang='lat' dir='ltr'><strong>uncﬁs.</strong></span> 
     </span>
    </p>
   </div>
   <div class='ocr_carea' id='block_1_78' title="bbox 1894 3460 3407 3544">
    <p class='ocr_par' dir='ltr' id='par_1_78' title="bbox 1894 3460 3407 3544">
     <span class='ocr_line' id='line_1_78' title="bbox 1894 3460 3407 3544; baseline 0.01 -30"><span class='ocrx_word' id='word_1_617' title='bbox 1894 3460 2091 3515; x_wconf 85' lang='lat' dir='ltr'><strong>PALL.</strong></span> <span class='ocrx_word' id='word_1_618' title='bbox 2134 3461 2301 3517; x_wconf 77' lang='lat' dir='ltr'><strong>Recte</strong></span> <span class='ocrx_word' id='word_1_619' title='bbox 2339 3464 2456 3518; x_wconf 87' lang='lat' dir='ltr'><strong>ais:</strong></span> <span class='ocrx_word' id='word_1_620' title='bbox 2501 3463 2599 3520; x_wconf 87' lang='lat' dir='ltr'><strong>tibi</strong></span> <span class='ocrx_word' id='word_1_621' title='bbox 2618 3466 2767 3521; x_wconf 89' lang='lat' dir='ltr'><strong>enim</strong></span> <span class='ocrx_word' id='word_1_622' title='bbox 2791 3471 3083 3525; x_wconf 87' lang='lat' dir='ltr'><strong>assentior.</strong></span> <span class='ocrx_word' id='word_1_623' title='bbox 3121 3471 3227 3526; x_wconf 89' lang='lat' dir='ltr'><strong>Sed</strong></span> <span class='ocrx_word' id='word_1_624' title='bbox 3250 3476 3407 3544; x_wconf 85' lang='lat' dir='ltr'><strong>cujus</strong></span> 
     </span>
    </p>
   </div>
   <div class='ocr_carea' id='block_1_79' title="bbox 1825 3554 3404 3635">
    <p class='ocr_par' dir='ltr' id='par_1_79' title="bbox 1825 3554 3404 3635">
     <span class='ocr_line' id='line_1_79' title="bbox 1825 3554 3404 3635; baseline 0.008 -27"><span class='ocrx_word' id='word_1_625' title='bbox 1825 3554 1901 3609; x_wconf 92' lang='lat' dir='ltr'><strong>rei</strong></span> <span class='ocrx_word' id='word_1_626' title='bbox 1924 3554 2100 3625; x_wconf 82' lang='lat' dir='ltr'><strong>gratia</strong></span> <span class='ocrx_word' id='word_1_627' title='bbox 2142 3569 2253 3609; x_wconf 91' lang='lat' dir='ltr'><strong>non</strong></span> <span class='ocrx_word' id='word_1_628' title='bbox 2301 3555 2355 3609; x_wconf 92' lang='lat' dir='ltr'><strong>in</strong></span> <span class='ocrx_word' id='word_1_629' title='bbox 2399 3554 2614 3612; x_wconf 86' lang='lat' dir='ltr'><strong>Sanctis</strong></span> <span class='ocrx_word' id='word_1_630' title='bbox 2654 3568 2993 3626; x_wconf 90' lang='lat' dir='ltr'><strong>sanctorum,</strong></span> <span class='ocrx_word' id='word_1_631' title='bbox 3026 3562 3187 3635; x_wconf 58' lang='lat'><strong>357</strong></span> <span class='ocrx_word' id='word_1_632' title='bbox 3211 3565 3306 3619; x_wconf 88' lang='lat' dir='ltr'><strong>sed</strong></span> <span class='ocrx_word' id='word_1_633' title='bbox 3347 3566 3404 3621; x_wconf 90' lang='lat' dir='ltr'><strong>in</strong></span> 
     </span>
    </p>
   </div>
   <div class='ocr_carea' id='block_1_80' title="bbox 1822 3646 3405 3721">
    <p class='ocr_par' dir='ltr' id='par_1_80' title="bbox 1822 3646 3405 3721">
     <span class='ocr_line' id='line_1_80' title="bbox 1822 3646 3405 3721; baseline 0.008 -22"><span class='ocrx_word' id='word_1_634' title='bbox 1822 3646 2004 3715; x_wconf 91' lang='lat' dir='ltr'><strong>primo</strong></span> <span class='ocrx_word' id='word_1_635' title='bbox 2028 3646 2382 3702; x_wconf 88' lang='lat' dir='ltr'><strong>tabernaculo</strong></span> <span class='ocrx_word' id='word_1_636' title='bbox 2405 3649 2578 3704; x_wconf 88' lang='lat' dir='ltr'><strong>sancti</strong></span> <span class='ocrx_word' id='word_1_637' title='bbox 2605 3649 2753 3705; x_wconf 89' lang='lat' dir='ltr'><strong>illius</strong></span> <span class='ocrx_word' id='word_1_638' title='bbox 2795 3651 3050 3721; x_wconf 52' lang='lat' dir='ltr'><strong>Baptistae</strong></span> <span class='ocrx_word' id='word_1_639' title='bbox 3094 3670 3156 3709; x_wconf 87' lang='lat' dir='ltr'><strong>ac</strong></span> <span class='ocrx_word' id='word_1_640' title='bbox 3190 3665 3405 3712; x_wconf 87' lang='lat' dir='ltr'><strong>sancto-</strong></span> 
     </span>
    </p>
   </div>
   <div class='ocr_carea' id='block_1_81' title="bbox 1823 3739 2922 3814">
    <p class='ocr_par' dir='ltr' id='par_1_81' title="bbox 1823 3739 2922 3814">
     <span class='ocr_line' id='line_1_81' title="bbox 1823 3739 2922 3814; baseline 0.004 -22"><span class='ocrx_word' id='word_1_641' title='bbox 1823 3755 1943 3793; x_wconf 87' lang='lat' dir='ltr'><strong>rum</strong></span> <span class='ocrx_word' id='word_1_642' title='bbox 1972 3739 2347 3809; x_wconf 86' lang='lat' dir='ltr'><strong>apostolorum</strong></span> <span class='ocrx_word' id='word_1_643' title='bbox 2372 3739 2489 3796; x_wconf 68' lang='lat' dir='ltr'><strong>siue</strong></span> <span class='ocrx_word' id='word_1_644' title='bbox 2514 3748 2673 3797; x_wconf 91' lang='lat' dir='ltr'><strong>erant</strong></span> <span class='ocrx_word' id='word_1_645' title='bbox 2694 3741 2922 3814; x_wconf 80' lang='lat' dir='ltr'><strong>ﬁgurae?</strong></span> 
     </span>
    </p>
   </div>
   <div class='ocr_carea' id='block_1_82' title="bbox 1890 3830 3402 3905">
    <p class='ocr_par' dir='ltr' id='par_1_82' title="bbox 1890 3830 3402 3905">
     <span class='ocr_line' id='line_1_82' title="bbox 1890 3830 3402 3905; baseline 0.008 -20"><span class='ocrx_word' id='word_1_646' title='bbox 1890 3830 2047 3886; x_wconf 80' lang='lat' dir='ltr'><strong>CYB.</strong></span> <span class='ocrx_word' id='word_1_647' title='bbox 2076 3831 2319 3886; x_wconf 90' lang='lat' dir='ltr'><strong>Primum</strong></span> <span class='ocrx_word' id='word_1_648' title='bbox 2349 3833 2573 3903; x_wconf 86' lang='lat' dir='ltr'><strong>quidem</strong></span> <span class='ocrx_word' id='word_1_649' title='bbox 2595 3834 2895 3905; x_wconf 89' lang='lat' dir='ltr'><strong>plurimum</strong></span> <span class='ocrx_word' id='word_1_650' title='bbox 2930 3836 3075 3895; x_wconf 90' lang='lat' dir='ltr'><strong>inter</strong></span> <span class='ocrx_word' id='word_1_651' title='bbox 3100 3856 3196 3897; x_wconf 89' lang='lat' dir='ltr'><strong>eos</strong></span> <span class='ocrx_word' id='word_1_652' title='bbox 3227 3842 3402 3899; x_wconf 88' lang='lat' dir='ltr'><strong>inter—</strong></span> 
     </span>
    </p>
   </div>
   <div class='ocr_carea' id='block_1_83' title="bbox 1820 3921 3403 3995">
    <p class='ocr_par' dir='ltr' id='par_1_83' title="bbox 1820 3921 3403 3995">
     <span class='ocr_line' id='line_1_83' title="bbox 1820 3921 3403 3995; baseline 0.01 -21"><span class='ocrx_word' id='word_1_653' title='bbox 1820 3928 1937 3986; x_wconf 89' lang='lat' dir='ltr'><strong>est;</strong></span> <span class='ocrx_word' id='word_1_654' title='bbox 2002 3936 2184 3991; x_wconf 92' lang='lat' dir='ltr'><strong>neque</strong></span> <span class='ocrx_word' id='word_1_655' title='bbox 2235 3921 2432 3977; x_wconf 87' lang='lat' dir='ltr'><strong>eodem</strong></span> <span class='ocrx_word' id='word_1_656' title='bbox 2492 3939 2603 3995; x_wconf 89' lang='lat' dir='ltr'><strong>quo</strong></span> <span class='ocrx_word' id='word_1_657' title='bbox 2646 3924 2901 3983; x_wconf 84' lang='lat' dir='ltr'><strong>Christus</strong></span> <span class='ocrx_word' id='word_1_658' title='bbox 2935 3928 3056 3986; x_wconf 90' lang='lat' dir='ltr'><strong>loco</strong></span> <span class='ocrx_word' id='word_1_659' title='bbox 3087 3932 3192 3987; x_wconf 84' lang='lat' dir='ltr'><strong>viri</strong></span> <span class='ocrx_word' id='word_1_660' title='bbox 3229 3935 3403 3992; x_wconf 86' lang='lat' dir='ltr'><strong>sancti</strong></span> 
     </span>
    </p>
   </div>
   <div class='ocr_carea' id='block_1_84' title="bbox 1819 4015 3401 4089">
    <p class='ocr_par' dir='ltr' id='par_1_84' title="bbox 1819 4015 3401 4089">
     <span class='ocr_line' id='line_1_84' title="bbox 1819 4015 3401 4089; baseline 0.009 -20"><span class='ocrx_word' id='word_1_661' title='bbox 1819 4028 1940 4069; x_wconf 89' lang='lat' dir='ltr'><strong>esse</strong></span> <span class='ocrx_word' id='word_1_662' title='bbox 1964 4022 2217 4084; x_wconf 88' lang='lat' dir='ltr'><strong>possunt,</strong></span> <span class='ocrx_word' id='word_1_663' title='bbox 2251 4015 2350 4071; x_wconf 93' lang='lat' dir='ltr'><strong>sed</strong></span> <span class='ocrx_word' id='word_1_664' title='bbox 2378 4017 2724 4073; x_wconf 75' lang='lat' dir='ltr'><strong>extrinsecus</strong></span> <span class='ocrx_word' id='word_1_665' title='bbox 2746 4020 3151 4089; x_wconf 88' lang='lat' dir='ltr'><strong>quodammodo</strong></span> <span class='ocrx_word' id='word_1_666' title='bbox 3179 4035 3235 4081; x_wconf 92' lang='lat' dir='ltr'><strong>et</strong></span> <span class='ocrx_word' id='word_1_667' title='bbox 3267 4029 3401 4083; x_wconf 90' lang='lat' dir='ltr'><strong>sub-</strong></span> 
     </span>
    </p>
   </div>
   <div class='ocr_carea' id='block_1_85' title="bbox 1820 4105 3402 4182">
    <p class='ocr_par' dir='ltr' id='par_1_85' title="bbox 1820 4105 3402 4182">
     <span class='ocr_line' id='line_1_85' title="bbox 1820 4105 3402 4182; baseline 0.008 -23"><span class='ocrx_word' id='word_1_668' title='bbox 1820 4105 2074 4161; x_wconf 89' lang='lat' dir='ltr'><strong>missiore</strong></span> <span class='ocrx_word' id='word_1_669' title='bbox 2119 4106 2316 4178; x_wconf 80' lang='lat' dir='ltr'><strong>gradu.</strong></span> <span class='ocrx_word' id='word_1_670' title='bbox 2367 4107 2626 4177; x_wconf 85' lang='lat' dir='ltr'><strong>Scjuncta</strong></span> <span class='ocrx_word' id='word_1_671' title='bbox 2667 4125 2905 4180; x_wconf 87' lang='lat' dir='ltr'><strong>namque</strong></span> <span class='ocrx_word' id='word_1_672' title='bbox 2944 4123 3073 4168; x_wconf 90' lang='lat' dir='ltr'><strong>sunt</strong></span> <span class='ocrx_word' id='word_1_673' title='bbox 3099 4115 3304 4182; x_wconf 78' lang='lat' dir='ltr'><strong>divina,</strong></span> <span class='ocrx_word' id='word_1_674' title='bbox 3337 4136 3402 4177; x_wconf 88' lang='lat' dir='ltr'><strong>ac</strong></span> 
     </span>
    </p>
   </div>
   <div class='ocr_carea' id='block_1_86' title="bbox 1819 4196 3396 4269">
    <p class='ocr_par' dir='ltr' id='par_1_86' title="bbox 1819 4196 3396 4269">
     <span class='ocr_line' id='line_1_86' title="bbox 1819 4196 3396 4269; baseline 0.008 -20"><span class='ocrx_word' id='word_1_675' title='bbox 1819 4197 2113 4265; x_wconf 87' lang='lat' dir='ltr'><strong>separatim</strong></span> <span class='ocrx_word' id='word_1_676' title='bbox 2128 4196 2326 4266; x_wconf 88' lang='lat' dir='ltr'><strong>posita,</strong></span> <span class='ocrx_word' id='word_1_677' title='bbox 2356 4204 2411 4252; x_wconf 88' lang='lat' dir='ltr'><strong>et</strong></span> <span class='ocrx_word' id='word_1_678' title='bbox 2436 4198 2597 4269; x_wconf 77' lang='lat' dir='ltr'><strong>longe</strong></span> <span class='ocrx_word' id='word_1_679' title='bbox 2624 4198 2839 4254; x_wconf 82' lang='lat' dir='ltr'><strong>diversa</strong></span> <span class='ocrx_word' id='word_1_680' title='bbox 2856 4201 2995 4257; x_wconf 86' lang='lat' dir='ltr'><strong>ratio</strong></span> <span class='ocrx_word' id='word_1_681' title='bbox 3026 4218 3057 4257; x_wconf 90' lang='lat' dir='ltr'><strong>a</strong></span> <span class='ocrx_word' id='word_1_682' title='bbox 3090 4203 3290 4261; x_wconf 75' lang='lat' dir='ltr'><strong>divinis</strong></span> <span class='ocrx_word' id='word_1_683' title='bbox 3308 4224 3396 4264; x_wconf 84' lang='lat' dir='ltr'><strong>re-</strong></span> 
     </span>
    </p>
   </div>
   <div class='ocr_carea' id='block_1_87' title="bbox 1818 4287 3397 4367">
    <p class='ocr_par' dir='ltr' id='par_1_87' title="bbox 1818 4287 3397 4367">
     <span class='ocr_line' id='line_1_87' title="bbox 1818 4287 3397 4367; baseline 0.008 -26"><span class='ocrx_word' id='word_1_684' title='bbox 1818 4287 1922 4344; x_wconf 87' lang='lat' dir='ltr'><strong>bus</strong></span> <span class='ocrx_word' id='word_1_685' title='bbox 1937 4288 2175 4343; x_wconf 88' lang='lat' dir='ltr'><strong>humana</strong></span> <span class='ocrx_word' id='word_1_686' title='bbox 2192 4288 2498 4359; x_wconf 83' lang='lat' dir='ltr'><strong>distinguit,</strong></span> <span class='ocrx_word' id='word_1_687' title='bbox 2519 4304 2640 4359; x_wconf 77' lang='lat' dir='ltr'><strong>quae</strong></span> <span class='ocrx_word' id='word_1_688' title='bbox 2663 4298 2987 4348; x_wconf 88' lang='lat' dir='ltr'><strong>naturarum</strong></span> <span class='ocrx_word' id='word_1_689' title='bbox 3003 4297 3397 4367; x_wconf 87' lang='lat' dir='ltr'><strong>proprietatem</strong></span> 
     </span>
    </p>
   </div>
   <div class='ocr_carea' id='block_1_88' title="bbox 1819 4379 3399 4458">
    <p class='ocr_par' dir='ltr' id='par_1_88' title="bbox 1819 4379 3399 4458">
     <span class='ocr_line' id='line_1_88' title="bbox 1819 4379 3399 4458; baseline 0.01 -24"><span class='ocrx_word' id='word_1_690' title='bbox 1819 4379 2303 4458; x_wconf 67' lang='lat' dir='ltr'><strong>differentiamque</strong></span> <span class='ocrx_word' id='word_1_691' title='bbox 2329 4380 2514 4451; x_wconf 76' lang='lat' dir='ltr'><strong>gloria:</strong></span> <span class='ocrx_word' id='word_1_692' title='bbox 2558 4389 2766 4439; x_wconf 89' lang='lat' dir='ltr'><strong>tantam</strong></span> <span class='ocrx_word' id='word_1_693' title='bbox 2791 4400 2913 4441; x_wconf 89' lang='lat' dir='ltr'><strong>esse</strong></span> <span class='ocrx_word' id='word_1_694' title='bbox 2943 4387 3304 4458; x_wconf 88' lang='lat' dir='ltr'><strong>demonstrat,</strong></span> <span class='ocrx_word' id='word_1_695' title='bbox 3337 4404 3399 4450; x_wconf 92' lang='lat' dir='ltr'><strong>ut</strong></span> 
     </span>
    </p>
   </div>
   <div class='ocr_carea' id='block_1_89' title="bbox 104 4455 1732 4554">
    <p class='ocr_par' dir='ltr' id='par_1_89' title="bbox 104 4456 1716 4542">
     <span class='ocr_line' id='line_1_89' title="bbox 104 4456 1716 4542; baseline 0.009 -31"><span class='ocrx_word' id='word_1_696' title='bbox 104 4456 407 4533; x_wconf 47' lang='grc' dir='ltr'>λατρείας.</span> <span class='ocrx_word' id='word_1_697' title='bbox 445 4460 632 4534; x_wconf 82' lang='grc' dir='ltr'>Ταύτῃ</span> <span class='ocrx_word' id='word_1_698' title='bbox 661 4479 740 4515; x_wconf 88' lang='grc' dir='ltr'><strong>τοι</strong></span> <span class='ocrx_word' id='word_1_699' title='bbox 772 4462 936 4528; x_wconf 88' lang='grc' dir='ltr'>τόπος</span> <span class='ocrx_word' id='word_1_700' title='bbox 971 4462 1158 4538; x_wconf 84' lang='grc' dir='ltr'>ὥσπερ</span> <span class='ocrx_word' id='word_1_701' title='bbox 1208 4467 1391 4532; x_wconf 81' lang='grc' dir='ltr'>αὐτοῖς</span> <span class='ocrx_word' id='word_1_702' title='bbox 1425 4471 1453 4522; x_wconf 89' lang='grc' dir='ltr'><strong>ό</strong></span> <span class='ocrx_word' id='word_1_703' title='bbox 1493 4472 1716 4542; x_wconf 87' lang='grc' dir='ltr'>πρέπων</span> 
     </span>
    </p>
   </div>
   <div class='ocr_carea' id='block_1_90' title="bbox 1837 4455 3479 4554">
    <p class='ocr_par' dir='ltr' id='par_1_90' title="bbox 1837 4455 3479 4554">
     <span class='ocr_line' id='line_1_90' title="bbox 1837 4455 3479 4554; baseline 0.009 -28"><span class='ocrx_word' id='word_1_704' title='bbox 1837 4455 2060 4526; x_wconf 78' lang='lat' dir='ltr'><strong>:onl‘erri</strong></span> <span class='ocrx_word' id='word_1_705' title='bbox 2085 4471 2308 4527; x_wconf 86' lang='lat' dir='ltr'><strong>interse</strong></span> <span class='ocrx_word' id='word_1_706' title='bbox 2348 4472 2501 4526; x_wconf 89' lang='lat' dir='ltr'><strong>nullo</strong></span> <span class='ocrx_word' id='word_1_707' title='bbox 2548 4472 2713 4528; x_wconf 91' lang='lat' dir='ltr'><strong>modo</strong></span> <span class='ocrx_word' id='word_1_708' title='bbox 2745 4484 2968 4544; x_wconf 88' lang='lat' dir='ltr'><strong>queant.</strong></span> <span class='ocrx_word' id='word_1_709' title='bbox 3011 4478 3238 4547; x_wconf 89' lang='lat' dir='ltr'><strong>Deinde,</strong></span> <span class='ocrx_word' id='word_1_710' title='bbox 3266 4484 3396 4554; x_wconf 89' lang='lat' dir='ltr'><strong>quia</strong></span> <span class='ocrx_word' id='word_1_711' title='bbox 3467 4492 3479 4510; x_wconf 88' lang='lat'><em>&#39;</em></span> 
     </span>
    </p>
   </div>
   <div class='ocr_carea' id='block_1_91' title="bbox 129 4548 1732 4640">
    <p class='ocr_par' dir='ltr' id='par_1_91' title="bbox 129 4548 1711 4636">
     <span class='ocr_line' id='line_1_91' title="bbox 129 4548 1711 4636; baseline 0.009 -33"><span class='ocrx_word' id='word_1_712' title='bbox 129 4550 159 4621; x_wconf 81' lang='grc' dir='ltr'><strong>ή</strong></span> <span class='ocrx_word' id='word_1_713' title='bbox 194 4549 394 4622; x_wconf 82' lang='grc' dir='ltr'>πρώτη</span> <span class='ocrx_word' id='word_1_714' title='bbox 427 4552 636 4624; x_wconf 86' lang='grc' dir='ltr'>σκηνὴ,</span> <span class='ocrx_word' id='word_1_715' title='bbox 672 4554 731 4608; x_wconf 86' lang='grc' dir='ltr'>ὲν</span> <span class='ocrx_word' id='word_1_716' title='bbox 759 4548 792 4628; x_wconf 76' lang='grc' dir='ltr'>ᾖ</span> <span class='ocrx_word' id='word_1_717' title='bbox 825 4555 885 4609; x_wconf 84' lang='grc' dir='ltr'>τὸ</span> <span class='ocrx_word' id='word_1_718' title='bbox 912 4557 971 4608; x_wconf 85' lang='grc' dir='ltr'>ἐν</span> <span class='ocrx_word' id='word_1_719' title='bbox 1002 4554 1194 4621; x_wconf 87' lang='grc' dir='ltr'>τύποις</span> <span class='ocrx_word' id='word_1_720' title='bbox 1226 4558 1404 4614; x_wconf 78' lang='grc' dir='ltr'>ἔκειτο</span> <span class='ocrx_word' id='word_1_721' title='bbox 1430 4561 1539 4615; x_wconf 87' lang='grc' dir='ltr'>τῶν</span> <span class='ocrx_word' id='word_1_722' title='bbox 1574 4580 1711 4636; x_wconf 84' lang='grc' dir='ltr'>καρ-</span> 
     </span>
    </p>
   </div>
   <div class='ocr_carea' id='block_1_92' title="bbox 1837 4548 3393 4640">
    <p class='ocr_par' dir='ltr' id='par_1_92' title="bbox 1837 4548 3393 4640">
     <span class='ocr_line' id='line_1_92' title="bbox 1837 4548 3393 4640; baseline 0.01 -25"><span class='ocrx_word' id='word_1_723' title='bbox 1837 4576 1887 4615; x_wconf 73' lang='lat' dir='ltr'><strong>:x</strong></span> <span class='ocrx_word' id='word_1_724' title='bbox 1906 4560 2109 4617; x_wconf 77' lang='lat' dir='ltr'><strong>Iudaeis</strong></span> <span class='ocrx_word' id='word_1_725' title='bbox 2131 4561 2235 4624; x_wconf 87' lang='lat' dir='ltr'><strong>orti</strong></span> <span class='ocrx_word' id='word_1_726' title='bbox 2264 4570 2319 4617; x_wconf 89' lang='lat' dir='ltr'><strong>et</strong></span> <span class='ocrx_word' id='word_1_727' title='bbox 2345 4577 2411 4616; x_wconf 78' lang='lat' dir='ltr'><strong>ex</strong></span> <span class='ocrx_word' id='word_1_728' title='bbox 2441 4562 2529 4617; x_wconf 90' lang='lat' dir='ltr'><strong>illa</strong></span> <span class='ocrx_word' id='word_1_729' title='bbox 2546 4563 2704 4634; x_wconf 81' lang='lat' dir='ltr'><strong>legali</strong></span> <span class='ocrx_word' id='word_1_730' title='bbox 2735 4566 3115 4625; x_wconf 82' lang='lat' dir='ltr'><strong>observatione</strong></span> <span class='ocrx_word' id='word_1_731' title='bbox 3136 4548 3359 4630; x_wconf 77' lang='lat' dir='ltr'><strong>fuerunt</strong></span> <span class='ocrx_word' id='word_1_732' title='bbox 3377 4615 3393 4640; x_wconf 92' lang='lat'><strong>,</strong></span> 
     </span>
    </p>
   </div>
   <div class='ocr_carea' id='block_1_93' title="bbox 128 4641 1732 4726">
    <p class='ocr_par' dir='ltr' id='par_1_93' title="bbox 128 4641 1713 4725">
     <span class='ocr_line' id='line_1_93' title="bbox 128 4641 1713 4725; baseline 0.008 -30"><span class='ocrx_word' id='word_1_733' title='bbox 128 4641 409 4719; x_wconf 62' lang='grc' dir='ltr'>πωμάτων</span> <span class='ocrx_word' id='word_1_734' title='bbox 443 4643 851 4716; x_wconf 79' lang='grc' dir='ltr'>θυσιαστήριον’</span> <span class='ocrx_word' id='word_1_735' title='bbox 889 4644 922 4716; x_wconf 76' lang='grc' dir='ltr'>ἢ</span> <span class='ocrx_word' id='word_1_736' title='bbox 958 4647 1058 4701; x_wconf 74' lang='grc' dir='ltr'>οὐκ</span> <span class='ocrx_word' id='word_1_737' title='bbox 1104 4646 1165 4713; x_wconf 80' lang='grc' dir='ltr'><strong>ἐξ</strong></span> <span class='ocrx_word' id='word_1_738' title='bbox 1211 4650 1442 4720; x_wconf 78' lang='grc' dir='ltr'>αἵματος</span> <span class='ocrx_word' id='word_1_739' title='bbox 1501 4651 1713 4725; x_wconf 85' lang='grc' dir='ltr'>Ἰσραὴλ</span> 
     </span>
    </p>
   </div>
   <div class='ocr_carea' id='block_1_94' title="bbox 1837 4641 3394 4726">
    <p class='ocr_par' dir='ltr' id='par_1_94' title="bbox 1837 4654 3394 4726">
     <span class='ocr_line' id='line_1_94' title="bbox 1837 4654 3394 4726; baseline 0.008 -19"><span class='ocrx_word' id='word_1_740' title='bbox 1837 4654 1891 4708; x_wconf 78' lang='lat' dir='ltr'><strong>)b</strong></span> <span class='ocrx_word' id='word_1_741' title='bbox 1907 4668 2027 4708; x_wconf 90' lang='lat' dir='ltr'><strong>eam</strong></span> <span class='ocrx_word' id='word_1_742' title='bbox 2050 4668 2268 4708; x_wconf 88' lang='lat' dir='ltr'><strong>causam</strong></span> <span class='ocrx_word' id='word_1_743' title='bbox 2292 4654 2445 4709; x_wconf 90' lang='lat' dir='ltr'><strong>locus</strong></span> <span class='ocrx_word' id='word_1_744' title='bbox 2487 4655 2593 4710; x_wconf 87' lang='lat' dir='ltr'><strong>illis</strong></span> <span class='ocrx_word' id='word_1_745' title='bbox 2627 4656 3030 4726; x_wconf 89' lang='lat' dir='ltr'><strong>quodammodo</strong></span> <span class='ocrx_word' id='word_1_746' title='bbox 3055 4660 3255 4719; x_wconf 87' lang='lat' dir='ltr'><strong>decens</strong></span> <span class='ocrx_word' id='word_1_747' title='bbox 3292 4666 3394 4720; x_wconf 89' lang='lat' dir='ltr'><strong>tri-</strong></span> 
     </span>
    </p>
   </div>
   <div class='ocr_carea' id='block_1_95' title="bbox 127 4734 1732 4830">
    <p class='ocr_par' dir='ltr' id='par_1_95' title="bbox 127 4734 1710 4814">
     <span class='ocr_line' id='line_1_95' title="bbox 127 4734 1710 4814; baseline 0.008 -27"><span class='ocrx_word' id='word_1_748' title='bbox 127 4735 215 4787; x_wconf 84' lang='grc' dir='ltr'>καὶ</span> <span class='ocrx_word' id='word_1_749' title='bbox 245 4734 360 4787; x_wconf 79' lang='grc' dir='ltr'><strong>ἀπὸ</strong></span> <span class='ocrx_word' id='word_1_750' title='bbox 405 4736 611 4807; x_wconf 79' lang='grc' dir='ltr'>σκηνῆς</span> <span class='ocrx_word' id='word_1_751' title='bbox 640 4734 828 4809; x_wconf 82' lang='grc' dir='ltr'>ὥσπερ</span> <span class='ocrx_word' id='word_1_752' title='bbox 868 4739 964 4810; x_wconf 85' lang='grc' dir='ltr'>τῆς</span> <span class='ocrx_word' id='word_1_753' title='bbox 1001 4739 1254 4812; x_wconf 84' lang='grc' dir='ltr'>πρώτης,</span> <span class='ocrx_word' id='word_1_754' title='bbox 1304 4742 1336 4813; x_wconf 84' lang='grc' dir='ltr'>ή</span> <span class='ocrx_word' id='word_1_755' title='bbox 1386 4742 1494 4797; x_wconf 82' lang='grc' dir='ltr'><strong>τῶν</strong></span> <span class='ocrx_word' id='word_1_756' title='bbox 1542 4745 1710 4814; x_wconf 86' lang='grc' dir='ltr'>ἁγίων</span> 
     </span>
    </p>
   </div>
   <div class='ocr_carea' id='block_1_96' title="bbox 1837 4734 3394 4830">
    <p class='ocr_par' dir='ltr' id='par_1_96' title="bbox 1837 4746 3394 4830">
     <span class='ocr_line' id='line_1_96' title="bbox 1837 4746 3394 4830; baseline 0.01 -31"><span class='ocrx_word' id='word_1_757' title='bbox 1837 4754 1986 4801; x_wconf 69' lang='lat' dir='ltr'><strong>intus</strong></span> <span class='ocrx_word' id='word_1_758' title='bbox 2028 4754 2132 4811; x_wconf 89' lang='lat' dir='ltr'><strong>est,</strong></span> <span class='ocrx_word' id='word_1_759' title='bbox 2176 4761 2373 4816; x_wconf 81' lang='lat' dir='ltr'><strong>nempe</strong></span> <span class='ocrx_word' id='word_1_760' title='bbox 2408 4746 2645 4816; x_wconf 89' lang='lat' dir='ltr'><strong>primum</strong></span> <span class='ocrx_word' id='word_1_761' title='bbox 2699 4749 3134 4830; x_wconf 70' lang='lat' dir='ltr'><strong>tabernaculum,</strong></span> <span class='ocrx_word' id='word_1_762' title='bbox 3178 4757 3233 4811; x_wconf 91' lang='lat' dir='ltr'><strong>in</strong></span> <span class='ocrx_word' id='word_1_763' title='bbox 3286 4775 3394 4829; x_wconf 87' lang='lat' dir='ltr'><strong>quo</strong></span> 
     </span>
    </p>
   </div>
   <div class='ocr_carea' id='block_1_97' title="bbox 128 4826 1732 4908">
    <p class='ocr_par' dir='ltr' id='par_1_97' title="bbox 128 4826 853 4900">
     <span class='ocr_line' id='line_1_97' title="bbox 128 4826 853 4900; baseline 0.008 -22"><span class='ocrx_word' id='word_1_764' title='bbox 128 4826 388 4898; x_wconf 83' lang='grc' dir='ltr'>μαθητῶν</span> <span class='ocrx_word' id='word_1_765' title='bbox 409 4827 599 4897; x_wconf 84' lang='grc' dir='ltr'>γέγονε</span> <span class='ocrx_word' id='word_1_766' title='bbox 631 4828 853 4900; x_wconf 83' lang='grc' dir='ltr'>κλῆσις;</span> 
     </span>
    </p>
   </div>
   <div class='ocr_carea' id='block_1_98' title="bbox 1837 4826 3388 4908">
    <p class='ocr_par' dir='ltr' id='par_1_98' title="bbox 1837 4826 3388 4908">
     <span class='ocr_line' id='line_1_98' title="bbox 1837 4826 3388 4908; baseline 0.01 -17"><span class='ocrx_word' id='word_1_767' title='bbox 1837 4838 2165 4908; x_wconf 78' lang='lat' dir='ltr'><strong>igurativum</strong></span> <span class='ocrx_word' id='word_1_768' title='bbox 2214 4837 2350 4893; x_wconf 92' lang='lat' dir='ltr'><strong>illud</strong></span> <span class='ocrx_word' id='word_1_769' title='bbox 2388 4826 2783 4897; x_wconf 72' lang='lat' dir='ltr'><strong>sacrificiorum</strong></span> <span class='ocrx_word' id='word_1_770' title='bbox 2834 4844 3005 4900; x_wconf 88' lang='lat' dir='ltr'><strong>altare</strong></span> <span class='ocrx_word' id='word_1_771' title='bbox 3031 4846 3195 4902; x_wconf 88' lang='lat' dir='ltr'><strong>situm</strong></span> <span class='ocrx_word' id='word_1_772' title='bbox 3250 4861 3388 4908; x_wconf 82' lang='lat' dir='ltr'><strong>erat.</strong></span> 
     </span>
    </p>
   </div>
   <div class='ocr_carea' id='block_1_99' title="bbox 1819 4930 3393 5006">
    <p class='ocr_par' dir='ltr' id='par_1_99' title="bbox 1819 4930 3393 5006">
     <span class='ocr_line' id='line_1_99' title="bbox 1819 4930 3393 5006; baseline 0.01 -22"><span class='ocrx_word' id='word_1_773' title='bbox 1819 4931 2013 4984; x_wconf 86' lang='lat' dir='ltr'><strong>Annon</strong></span> <span class='ocrx_word' id='word_1_774' title='bbox 2068 4944 2135 4982; x_wconf 82' lang='lat' dir='ltr'><strong>ex</strong></span> <span class='ocrx_word' id='word_1_775' title='bbox 2188 4943 2389 4999; x_wconf 78' lang='lat' dir='ltr'><strong>genere</strong></span> <span class='ocrx_word' id='word_1_776' title='bbox 2420 4930 2607 4997; x_wconf 89' lang='lat' dir='ltr'><strong>Israel,</strong></span> <span class='ocrx_word' id='word_1_777' title='bbox 2636 4942 2691 4988; x_wconf 90' lang='lat' dir='ltr'><strong>et</strong></span> <span class='ocrx_word' id='word_1_778' title='bbox 2718 4934 2874 5003; x_wconf 89' lang='lat' dir='ltr'><strong>quasi</strong></span> <span class='ocrx_word' id='word_1_779' title='bbox 2931 4937 3163 5006; x_wconf 91' lang='lat' dir='ltr'><strong>eprimo</strong></span> <span class='ocrx_word' id='word_1_780' title='bbox 3213 4942 3393 4999; x_wconf 85' lang='lat' dir='ltr'><strong>taber-</strong></span> 
     </span>
    </p>
   </div>
   <div class='ocr_carea' id='block_1_100' title="bbox 1810 5022 3074 5098">
    <p class='ocr_par' dir='ltr' id='par_1_100' title="bbox 1810 5022 3074 5098">
     <span class='ocr_line' id='line_1_100' title="bbox 1810 5022 3074 5098; baseline 0.006 -21"><span class='ocrx_word' id='word_1_781' title='bbox 1810 5022 2007 5077; x_wconf 89' lang='lat' dir='ltr'><strong>naculo</strong></span> <span class='ocrx_word' id='word_1_782' title='bbox 2028 5028 2246 5076; x_wconf 87' lang='lat' dir='ltr'><strong>sanctos</strong></span> <span class='ocrx_word' id='word_1_783' title='bbox 2268 5022 2390 5078; x_wconf 91' lang='lat' dir='ltr'><strong>illos</strong></span> <span class='ocrx_word' id='word_1_784' title='bbox 2409 5023 2707 5095; x_wconf 89' lang='lat' dir='ltr'><strong>discipulos</strong></span> <span class='ocrx_word' id='word_1_785' title='bbox 2737 5042 2857 5082; x_wconf 88' lang='lat' dir='ltr'><strong>esse</strong></span> <span class='ocrx_word' id='word_1_786' title='bbox 2880 5031 3074 5098; x_wconf 86' lang='lat' dir='ltr'><strong>putas?</strong></span> 
     </span>
    </p>
   </div>
   <div class='ocr_carea' id='block_1_101' title="bbox 186 5090 1732 5186">
    <p class='ocr_par' dir='ltr' id='par_1_101' title="bbox 186 5090 741 5162">
     <span class='ocr_line' id='line_1_101' title="bbox 186 5090 741 5162; baseline 0.005 -18"><span class='ocrx_word' id='word_1_787' title='bbox 186 5090 406 5144; x_wconf 68' lang='grc' dir='ltr'>ΠΑΑΑ.</span> <span class='ocrx_word' id='word_1_788' title='bbox 433 5091 543 5144; x_wconf 74' lang='grc' dir='ltr'><strong>Καὶ</strong></span> <span class='ocrx_word' id='word_1_789' title='bbox 577 5091 741 5162; x_wconf 83' lang='grc' dir='ltr'>μάλα.</span> 
     </span>
    </p>
   </div>
   <div class='ocr_carea' id='block_1_102' title="bbox 1837 5090 2646 5186">
    <p class='ocr_par' dir='ltr' id='par_1_102' title="bbox 1880 5090 2646 5186">
     <span class='ocr_line' id='line_1_102' title="bbox 1880 5090 2646 5186; baseline 0.003 -16"><span class='ocrx_word' id='word_1_790' title='bbox 1880 5113 2076 5170; x_wconf 78' lang='lat' dir='ltr'><strong>PALL.</strong></span> <span class='ocrx_word' id='word_1_791' title='bbox 2106 5114 2220 5186; x_wconf 78' lang='lat' dir='ltr'><strong>Ego</strong></span> <span class='ocrx_word' id='word_1_792' title='bbox 2240 5130 2374 5170; x_wconf 77' lang='lat' dir='ltr'><strong>vero</strong></span> <span class='ocrx_word' id='word_1_793' title='bbox 2390 5090 2646 5173; x_wconf 72' lang='lat' dir='ltr'><strong>maxime.</strong></span> 
     </span>
    </p>
   </div>
   <div class='ocr_carea' id='block_1_103' title="bbox 182 5179 1732 5278">
    <p class='ocr_par' dir='ltr' id='par_1_103' title="bbox 182 5179 1708 5267">
     <span class='ocr_line' id='line_1_103' title="bbox 182 5179 1708 5267; baseline 0.012 -35"><span class='ocrx_word' id='word_1_794' title='bbox 182 5180 360 5234; x_wconf 76' lang='grc' dir='ltr'><strong>ΚΥΡ.</strong></span> <span class='ocrx_word' id='word_1_795' title='bbox 414 5180 668 5252; x_wconf 84' lang='grc' dir='ltr'>Ἔχοντος</span> <span class='ocrx_word' id='word_1_796' title='bbox 697 5182 764 5254; x_wconf 86' lang='grc' dir='ltr'>δὴ</span> <span class='ocrx_word' id='word_1_797' title='bbox 791 5179 883 5238; x_wconf 80' lang='grc' dir='ltr'>οὖν</span> <span class='ocrx_word' id='word_1_798' title='bbox 910 5186 1276 5257; x_wconf 78' lang='grc' dir='ltr'>ἀποχρώντως</span> <span class='ocrx_word' id='word_1_799' title='bbox 1309 5191 1439 5261; x_wconf 81' lang='grc' dir='ltr'>ἡμῖν</span> <span class='ocrx_word' id='word_1_800' title='bbox 1469 5188 1527 5247; x_wconf 77' lang='grc' dir='ltr'>εὖ</span> <span class='ocrx_word' id='word_1_801' title='bbox 1562 5195 1708 5267; x_wconf 87' lang='grc' dir='ltr'>μάλα</span> 
     </span>
    </p>
   </div>
   <div class='ocr_carea' id='block_1_104' title="bbox 1837 5179 3388 5278">
    <p class='ocr_par' dir='ltr' id='par_1_104' title="bbox 1878 5179 3388 5278">
     <span class='ocr_line' id='line_1_104' title="bbox 1878 5179 3388 5278; baseline 0.008 -17"><span class='ocrx_word' id='word_1_802' title='bbox 1878 5206 2036 5261; x_wconf 78' lang='lat' dir='ltr'><strong>CYR.</strong></span> <span class='ocrx_word' id='word_1_803' title='bbox 2064 5179 2213 5262; x_wconf 62' lang='lat' dir='ltr'><strong>Cuia</strong></span> <span class='ocrx_word' id='word_1_804' title='bbox 2232 5206 2400 5278; x_wconf 79' lang='lat' dir='ltr'><strong>igitur</strong></span> <span class='ocrx_word' id='word_1_805' title='bbox 2424 5208 2511 5263; x_wconf 90' lang='lat' dir='ltr'><strong>bis</strong></span> <span class='ocrx_word' id='word_1_806' title='bbox 2531 5208 2789 5269; x_wconf 80' lang='lat' dir='ltr'><strong>derebus</strong></span> <span class='ocrx_word' id='word_1_807' title='bbox 2804 5209 3010 5266; x_wconf 90' lang='lat' dir='ltr'><strong>dictum</strong></span> <span class='ocrx_word' id='word_1_808' title='bbox 3037 5215 3109 5269; x_wconf 87' lang='lat' dir='ltr'><strong>sit</strong></span> <span class='ocrx_word' id='word_1_809' title='bbox 3160 5232 3190 5270; x_wconf 91' lang='lat' dir='ltr'><strong>a</strong></span> <span class='ocrx_word' id='word_1_810' title='bbox 3226 5218 3388 5273; x_wconf 88' lang='lat' dir='ltr'><strong>nobis</strong></span> 
     </span>
    </p>
   </div>
   <div class='ocr_carea' id='block_1_105' title="bbox 116 5270 1732 5372">
    <p class='ocr_par' dir='ltr' id='par_1_105' title="bbox 116 5270 1705 5356">
     <span class='ocr_line' id='line_1_105' title="bbox 116 5270 1705 5356; baseline 0.01 -32"><span class='ocrx_word' id='word_1_811' title='bbox 116 5270 202 5325; x_wconf 78' lang='grc' dir='ltr'><strong>τοῦ</strong></span> <span class='ocrx_word' id='word_1_812' title='bbox 231 5273 370 5343; x_wconf 77' lang='grc' dir='ltr'>περὶ</span> <span class='ocrx_word' id='word_1_813' title='bbox 393 5272 600 5327; x_wconf 88' lang='grc' dir='ltr'>τούτων</span> <span class='ocrx_word' id='word_1_814' title='bbox 625 5274 806 5343; x_wconf 78' lang='grc' dir='ltr'>λόγου,</span> <span class='ocrx_word' id='word_1_815' title='bbox 841 5276 1187 5348; x_wconf 78' lang='grc' dir='ltr'>παροιστέον,</span> <span class='ocrx_word' id='word_1_816' title='bbox 1220 5282 1266 5333; x_wconf 87' lang='grc' dir='ltr'><strong>εί</strong></span> <span class='ocrx_word' id='word_1_817' title='bbox 1296 5281 1461 5348; x_wconf 78' lang='grc' dir='ltr'>δοκεῖ,</span> <span class='ocrx_word' id='word_1_818' title='bbox 1486 5284 1585 5356; x_wconf 78' lang='grc' dir='ltr'>τὴν</span> <span class='ocrx_word' id='word_1_819' title='bbox 1612 5286 1705 5340; x_wconf 87' lang='grc' dir='ltr'><strong>τοῦ</strong></span> 
     </span>
    </p>
   </div>
   <div class='ocr_carea' id='block_1_106' title="bbox 1837 5270 3383 5372">
    <p class='ocr_par' dir='ltr' id='par_1_106' title="bbox 1837 5270 3383 5372">
     <span class='ocr_line' id='line_1_106' title="bbox 1837 5270 3383 5372; baseline 0.008 -21"><span class='ocrx_word' id='word_1_820' title='bbox 1837 5298 1960 5359; x_wconf 87' lang='lat' dir='ltr'><strong>atis,</strong></span> <span class='ocrx_word' id='word_1_821' title='bbox 1987 5270 2312 5367; x_wconf 76' lang='lat' dir='ltr'><strong>proferenda</strong></span> <span class='ocrx_word' id='word_1_822' title='bbox 2338 5308 2487 5365; x_wconf 87' lang='lat' dir='ltr'><strong>sunt,</strong></span> <span class='ocrx_word' id='word_1_823' title='bbox 2524 5300 2566 5354; x_wconf 93' lang='lat' dir='ltr'><strong>si</strong></span> <span class='ocrx_word' id='word_1_824' title='bbox 2591 5300 2788 5370; x_wconf 88' lang='lat' dir='ltr'><strong>placet,</strong></span> <span class='ocrx_word' id='word_1_825' title='bbox 2822 5301 2966 5357; x_wconf 88' lang='lat' dir='ltr'><strong>beati</strong></span> <span class='ocrx_word' id='word_1_826' title='bbox 3011 5305 3164 5361; x_wconf 85' lang='lat' dir='ltr'><strong>Pauli</strong></span> <span class='ocrx_word' id='word_1_827' title='bbox 3195 5309 3383 5372; x_wconf 81' lang='lat' dir='ltr'><strong>verba,</strong></span> 
     </span>
    </p>
   </div>
   <div class='ocr_carea' id='block_1_107' title="bbox 118 5363 1732 5459">
    <p class='ocr_par' dir='ltr' id='par_1_107' title="bbox 118 5363 1701 5445">
     <span class='ocr_line' id='line_1_107' title="bbox 118 5363 1701 5445; baseline 0.01 -28"><span class='ocrx_word' id='word_1_828' title='bbox 118 5363 408 5420; x_wconf 80' lang='grc' dir='ltr'>θεσπεσίου</span> <span class='ocrx_word' id='word_1_829' title='bbox 436 5367 652 5419; x_wconf 81' lang='grc' dir='ltr'>Παύλου</span> <span class='ocrx_word' id='word_1_830' title='bbox 686 5368 889 5438; x_wconf 80' lang='grc' dir='ltr'>φωνὴν,</span> <span class='ocrx_word' id='word_1_831' title='bbox 926 5369 1332 5441; x_wconf 82' lang='grc' dir='ltr'>διατρανοῦσαν⁹</span> <span class='ocrx_word' id='word_1_832' title='bbox 1355 5376 1605 5445; x_wconf 79' lang='grc' dir='ltr'>ἀστείως,</span> <span class='ocrx_word' id='word_1_833' title='bbox 1640 5379 1701 5433; x_wconf 79' lang='grc' dir='ltr'>τὸ</span> 
     </span>
    </p>
   </div>
   <div class='ocr_carea' id='block_1_108' title="bbox 1837 5363 3387 5459">
    <p class='ocr_par' dir='ltr' id='par_1_108' title="bbox 1837 5388 3387 5459">
     <span class='ocr_line' id='line_1_108' title="bbox 1837 5388 3387 5459; baseline 0.008 -17"><span class='ocrx_word' id='word_1_834' title='bbox 1837 5404 1928 5456; x_wconf 30' lang='lat' dir='ltr'><strong>Luae</strong></span> <span class='ocrx_word' id='word_1_835' title='bbox 1950 5388 2018 5442; x_wconf 90' lang='lat' dir='ltr'><strong>de</strong></span> <span class='ocrx_word' id='word_1_836' title='bbox 2042 5390 2220 5459; x_wconf 89' lang='lat' dir='ltr'><strong>primo</strong></span> <span class='ocrx_word' id='word_1_837' title='bbox 2251 5405 2315 5444; x_wconf 89' lang='lat' dir='ltr'><strong>ac</strong></span> <span class='ocrx_word' id='word_1_838' title='bbox 2343 5390 2585 5446; x_wconf 90' lang='lat' dir='ltr'><strong>secundo</strong></span> <span class='ocrx_word' id='word_1_839' title='bbox 2620 5391 2976 5451; x_wconf 88' lang='lat' dir='ltr'><strong>tabernaculo</strong></span> <span class='ocrx_word' id='word_1_840' title='bbox 3009 5399 3387 5454; x_wconf 86' lang='lat' dir='ltr'><strong>testimonium</strong></span> 
     </span>
    </p>
   </div>
   <div class='ocr_carea' id='block_1_109' title="bbox 119 5459 1732 5550">
    <p class='ocr_par' dir='ltr' id='par_1_109' title="bbox 119 5459 1695 5544">
     <span class='ocr_line' id='line_1_109' title="bbox 119 5459 1695 5544; baseline 0.011 -32"><span class='ocrx_word' id='word_1_841' title='bbox 119 5459 202 5512; x_wconf 69' lang='grc' dir='ltr'>ἐπί</span> <span class='ocrx_word' id='word_1_842' title='bbox 233 5476 303 5529; x_wconf 85' lang='grc' dir='ltr'><strong>γε</strong></span> <span class='ocrx_word' id='word_1_843' title='bbox 331 5462 400 5531; x_wconf 76' lang='grc' dir='ltr'><strong>τῇ</strong></span> <span class='ocrx_word' id='word_1_844' title='bbox 437 5459 630 5533; x_wconf 80' lang='grc' dir='ltr'>πρώτῃ</span> <span class='ocrx_word' id='word_1_845' title='bbox 663 5461 756 5514; x_wconf 73' lang='grc' dir='ltr'>καὶ</span> <span class='ocrx_word' id='word_1_846' title='bbox 781 5465 848 5533; x_wconf 85' lang='grc' dir='ltr'><strong>τῇ</strong></span> <span class='ocrx_word' id='word_1_847' title='bbox 892 5462 1120 5537; x_wconf 82' lang='grc' dir='ltr'>δευτέρᾳ</span> <span class='ocrx_word' id='word_1_848' title='bbox 1163 5471 1335 5540; x_wconf 83' lang='grc' dir='ltr'>σκηνῇ</span> <span class='ocrx_word' id='word_1_849' title='bbox 1376 5472 1695 5544; x_wconf 86' lang='grc' dir='ltr'>μαρτύριον.</span> 
     </span>
    </p>
   </div>
   <div class='ocr_carea' id='block_1_110' title="bbox 1837 5459 3388 5550">
    <p class='ocr_par' dir='ltr' id='par_1_110' title="bbox 1840 5480 3388 5550">
     <span class='ocr_line' id='line_1_110' title="bbox 1840 5480 3388 5550; baseline 0.006 -17"><span class='ocrx_word' id='word_1_850' title='bbox 1840 5480 2087 5550; x_wconf 79' lang='lat' dir='ltr'><strong>lcganter</strong></span> <span class='ocrx_word' id='word_1_851' title='bbox 2108 5481 2401 5550; x_wconf 75' lang='lat' dir='ltr'><strong>explicant.</strong></span> <span class='ocrx_word' id='word_1_852' title='bbox 2451 5480 2658 5537; x_wconf 89' lang='lat' dir='ltr'><strong>Scribit</strong></span> <span class='ocrx_word' id='word_1_853' title='bbox 2706 5486 2854 5543; x_wconf 90' lang='lat' dir='ltr'><strong>enim</strong></span> <span class='ocrx_word' id='word_1_854' title='bbox 2909 5489 2956 5543; x_wconf 92' lang='lat' dir='ltr'><strong>is</strong></span> <span class='ocrx_word' id='word_1_855' title='bbox 2988 5488 3055 5544; x_wconf 89' lang='lat' dir='ltr'><strong>ad</strong></span> <span class='ocrx_word' id='word_1_856' title='bbox 3087 5489 3234 5543; x_wconf 89' lang='lat' dir='ltr'><strong>hunc</strong></span> <span class='ocrx_word' id='word_1_857' title='bbox 3270 5504 3388 5543; x_wconf 82' lang='lat' dir='ltr'><strong>mo-</strong></span> 
     </span>
    </p>
   </div>
   <div class='ocr_carea' id='block_1_111' title="bbox 117 5545 1732 5652">
    <p class='ocr_par' dir='ltr' id='par_1_111' title="bbox 117 5545 1698 5635">
     <span class='ocr_line' id='line_1_111' title="bbox 117 5545 1698 5635; baseline 0.011 -32"><span class='ocrx_word' id='word_1_858' title='bbox 117 5549 321 5623; x_wconf 79' lang='grc' dir='ltr'>Γρὰφει</span> <span class='ocrx_word' id='word_1_859' title='bbox 354 5552 412 5606; x_wconf 80' lang='grc' dir='ltr'>δὲ</span> <span class='ocrx_word' id='word_1_860' title='bbox 441 5545 567 5607; x_wconf 81' lang='grc' dir='ltr'>ὧδε·</span> <span class='ocrx_word' id='word_1_861' title='bbox 610 5572 628 5604; x_wconf 81' lang='grc' dir='ltr'><strong>ι</strong></span> <span class='ocrx_word' id='word_1_862' title='bbox 670 5552 886 5607; x_wconf 89' lang='grc' dir='ltr'>Τούτων</span> <span class='ocrx_word' id='word_1_863' title='bbox 907 5554 963 5609; x_wconf 84' lang='grc' dir='ltr'>δὲ</span> <span class='ocrx_word' id='word_1_864' title='bbox 1000 5555 1141 5610; x_wconf 71' lang='grc' dir='ltr'>οὕτω</span> <span class='ocrx_word' id='word_1_865' title='bbox 1170 5565 1698 5635; x_wconf 84' lang='grc' dir='ltr'>κατεσκευασμένων</span> 
     </span>
    </p>
   </div>
   <div class='ocr_carea' id='block_1_112' title="bbox 1837 5545 3388 5652">
    <p class='ocr_par' dir='ltr' id='par_1_112' title="bbox 1837 5545 3388 5652">
     <span class='ocr_line' id='line_1_112' title="bbox 1837 5545 3388 5652; baseline 0.009 -29"><span class='ocrx_word' id='word_1_866' title='bbox 1837 5545 1935 5625; x_wconf 68' lang='grc' dir='ltr'><strong>ζυιῆ</strong></span> <span class='ocrx_word' id='word_1_867' title='bbox 1969 5589 1979 5623; x_wconf 91' lang='lat'>:</span> <span class='ocrx_word' id='word_1_868' title='bbox 2017 5591 2033 5622; x_wconf 80' lang='grc' dir='ltr'><strong>ι</strong></span> <span class='ocrx_word' id='word_1_869' title='bbox 2072 5545 2266 5627; x_wconf 46' lang='lat' dir='ltr'><strong>liis—ita</strong></span> <span class='ocrx_word' id='word_1_870' title='bbox 2291 5572 2591 5645; x_wconf 90' lang='lat' dir='ltr'><strong>dispositis,</strong></span> <span class='ocrx_word' id='word_1_871' title='bbox 2619 5575 2675 5631; x_wconf 90' lang='lat' dir='ltr'><strong>in</strong></span> <span class='ocrx_word' id='word_1_872' title='bbox 2695 5578 2932 5648; x_wconf 90' lang='lat' dir='ltr'><strong>primum</strong></span> <span class='ocrx_word' id='word_1_873' title='bbox 2957 5579 3180 5652; x_wconf 88' lang='lat' dir='ltr'><strong>quidem</strong></span> <span class='ocrx_word' id='word_1_874' title='bbox 3208 5581 3388 5637; x_wconf 83' lang='lat' dir='ltr'><strong>taber-</strong></span> 
     </span>
    </p>
   </div>
   <div class='ocr_carea' id='block_1_113' title="bbox 178 5726 1732 5827">
    <p class='ocr_par' dir='ltr' id='par_1_113' title="bbox 178 5726 1659 5807">
     <span class='ocr_line' id='line_1_113' title="bbox 178 5726 1659 5807; baseline 0.01 -23"><span class='ocrx_word' id='word_1_875' title='bbox 178 5726 222 5760; x_wconf 73' lang='grc'><strong>⁸⁵</strong></span> <span class='ocrx_word' id='word_1_876' title='bbox 243 5728 363 5786; x_wconf 81' lang='lat' dir='ltr'><strong>Col.</strong></span> <span class='ocrx_word' id='word_1_877' title='bbox 399 5746 476 5794; x_wconf 77' lang='grc' dir='ltr'><strong>ιν,</strong></span> <span class='ocrx_word' id='word_1_878' title='bbox 508 5729 564 5785; x_wconf 90' lang='grc'><strong>6.</strong></span> <span class='ocrx_word' id='word_1_879' title='bbox 640 5728 685 5761; x_wconf 82' lang='grc'><strong><em>⁸⁸</em></strong></span> <span class='ocrx_word' id='word_1_880' title='bbox 713 5728 913 5800; x_wconf 86' lang='lat' dir='ltr'><strong>Ephes.</strong></span> <span class='ocrx_word' id='word_1_881' title='bbox 943 5746 1015 5796; x_wconf 82' lang='lat' dir='ltr'><strong>IV,</strong></span> <span class='ocrx_word' id='word_1_882' title='bbox 1044 5731 1135 5787; x_wconf 71' lang='lat'><strong>29.</strong></span> <span class='ocrx_word' id='word_1_883' title='bbox 1211 5734 1258 5768; x_wconf 75' lang='lat'><strong>°°</strong></span> <span class='ocrx_word' id='word_1_884' title='bbox 1274 5736 1465 5794; x_wconf 83' lang='lat' dir='ltr'><strong>Matth.</strong></span> <span class='ocrx_word' id='word_1_885' title='bbox 1491 5756 1544 5807; x_wconf 76' lang='grc' dir='ltr'><strong>γ,</strong></span> <span class='ocrx_word' id='word_1_886' title='bbox 1572 5740 1659 5799; x_wconf 77' lang='grc'><strong>15.</strong></span> 
     </span>
    </p>
   </div>
   <div class='ocr_carea' id='block_1_114' title="bbox 1837 5726 3379 5827">
    <p class='ocr_par' dir='ltr' id='par_1_114' title="bbox 1837 5745 3379 5827">
     <span class='ocr_line' id='line_1_114' title="bbox 1837 5745 3379 5827; baseline 0.011 -26"><span class='ocrx_word' id='word_1_887' title='bbox 1837 5745 2054 5817; x_wconf 77' lang='lat' dir='ltr'><strong>lcbmv,</strong></span> <span class='ocrx_word' id='word_1_888' title='bbox 2088 5749 2140 5806; x_wconf 85' lang='lat'><strong>9.</strong></span> <span class='ocrx_word' id='word_1_889' title='bbox 2219 5752 2264 5785; x_wconf 79' lang='grc'><strong>⁸⁸</strong></span> <span class='ocrx_word' id='word_1_890' title='bbox 2300 5753 2484 5814; x_wconf 84' lang='lat' dir='ltr'><strong>Levit.</strong></span> <span class='ocrx_word' id='word_1_891' title='bbox 2513 5772 2658 5825; x_wconf 70' lang='lat' dir='ltr'><strong>xxxv,</strong></span> <span class='ocrx_word' id='word_1_892' title='bbox 2688 5757 2740 5814; x_wconf 91' lang='lat'><strong>8.</strong></span> <span class='ocrx_word' id='word_1_893' title='bbox 2818 5759 2863 5793; x_wconf 79' lang='lat'><strong>”</strong></span> <span class='ocrx_word' id='word_1_894' title='bbox 2893 5759 3038 5814; x_wconf 91' lang='lat' dir='ltr'><strong>Psal.</strong></span> <span class='ocrx_word' id='word_1_895' title='bbox 3073 5773 3259 5827; x_wconf 68' lang='grc' dir='ltr'>χχχιιι,</span> <span class='ocrx_word' id='word_1_896' title='bbox 3294 5760 3379 5818; x_wconf 86' lang='lat' dir='ltr'><strong>l6.</strong></span> 
     </span>
    </p>
   </div>
   <div class='ocr_carea' id='block_1_115' title="bbox 426 5821 3019 5912">
    <p class='ocr_par' dir='ltr' id='par_1_115' title="bbox 426 5821 3019 5912">
     <span class='ocr_line' id='line_1_115' title="bbox 426 5821 3019 5912; baseline 0.003 -27"><span class='ocrx_word' id='word_1_897' title='bbox 426 5821 708 5885; x_wconf 74' lang='lat' dir='ltr'><strong>PATRUL.</strong></span> <span class='ocrx_word' id='word_1_898' title='bbox 753 5822 868 5882; x_wconf 75' lang='lat' dir='ltr'><strong>UB.</strong></span> <span class='ocrx_word' id='word_1_899' title='bbox 907 5821 1168 5889; x_wconf 78' lang='lat' dir='ltr'><strong>LXVIII.</strong></span> <span class='ocrx_word' id='word_1_900' title='bbox 2645 5821 2653 5825; x_wconf 48' lang='grc'>⁷</span> <span class='ocrx_word' id='word_1_901' title='bbox 2942 5848 3019 5912; x_wconf 71' lang='lat'><strong>23</strong></span> 
     </span>
    </p>
   </div>
  </div>
