3962 6296
553 285 655 341 683

1593 283 1648 338 S.
1689 284 1963 340 CYRILLl
2000 280 2466 339 ALEXANDRINI
2499 279 2816 337 ARCIIIEP.

3703 279 3809 338 686

548 400 807 458 naculum
846 414 1061 469 semper
1106 397 1484 469 ingrediuntur
1536 400 1869 464 sacerdotes,
1914 398 2121 453 sacrifi-

2232 399 2311 462 είς
2347 397 2445 469 μὲν
2470 396 2568 468 τὴν
2598 395 2820 467 πρώτην
2853 392 3076 464 σκηνὴν,
3121 392 3211 444 διὰ
3254 389 3456 456 παντὸς
3500 392 3733 448 εἰσίασιν
3755 398 3807 449 οι

546 492 757 547 ciorum
787 490 960 545 cilicia
985 496 1463 544 consuntniantes:
1496 488 1551 542 in
1585 489 1888 544 secundum
1938 497 2120 543 autem
2162 531 2184 557 ι

545 582 713 637 semel
762 581 816 633 in
861 593 1007 633 anno
1048 578 1199 632 solus
1250 578 1516 648 pontifex,
1542 594 1651 632 non
1698 579 1815 633 sine
1838 578 2120 649 sanguine,

543 688 705 743 quem
738 670 901 725 offert
927 686 1028 740 pro
1056 685 1154 724 sua
1177 676 1233 723 ct
1270 669 1457 739 populi
1516 668 1857 740 ignorantia;
1892 669 1998 724 hoc
2045 669 2121 724 si-

541 762 833 833 gnificante
872 760 1079 830 Spiritu
1122 766 1332 823 sancto,
1361 759 1606 813 nondum
1639 759 1976 837 propalatam
2003 773 2123 813 esse

458 906 495 923 _
540 859 853 907 sanctorum
882 850 1048 913 viam.
1076 849 1258 927 adhch
1280 849 1466 919 primo
1495 848 1848 904 tabernaculo
1886 848 2124 904 habente

540 948 761 995 statum.
788 939 920 1006 Qua:
973 939 1233 1009 parabola
1276 947 1360 994 est
1406 938 1673 1009 temporis
1698 939 1976 1004 instantis,
2013 954 2123 1009 quo

537 1033 681 1088 dona
709 1030 1047 1087 etsacriﬁcia
1070 1030 1400 1094 offeruntur,
1433 1044 1557 1099 quae
1586 1043 1695 1083 non
1714 1038 1945 1099 possunt
1970 1030 2123 1100 juxta

538 1124 930 1179 conseientiam
961 1121 1263 1193 perfectum
1290 1121 1470 1175 facere
1516 1122 1870 1184 servientem,
1921 1121 2125 1176 solum-

537 1214 700 1268 modo
730 1214 785 1268 in
816 1213 955 1268 cibis
1012 1219 1068 1267 et
1111 1212 1353 1282 potihus,
1397 1218 1453 1265 et
1472 1211 1639 1266 variis
1683 1210 2119 1281 baptismatibus,

531 1305 953 1378 justifieationcs
976 1305 1159 1360 carnis
1194 1319 1368 1375 usque
1396 1304 1463 1359 a’d
1500 1312 1717 1374 tempus
1762 1303 2124 1359 correctionis

536 1396 822 1467 impositae.
845 1395 1099 1450 Christus
1130 1404 1317 1450 autem
1356 1396 1621 1451 assistens
1641 1395 1890 1465 pontifex
1912 1394 2126 1450 futuro-

536 1503 656 1541 rum
689 1487 981 1552 bonorum,
1010 1502 1110 1557 per
1134 1485 1371 1555 amplius
1397 1494 1453 1541 et
1474 1486 1773 1556 perfectius
1789 1486 2122 1541 tabernacu-

535 1579 671 1644 lum,
701 1594 813 1633 non
838 1577 1229 1643 manufactum,
1253 1577 1308 1632 id
1341 1585 1445 1642 est,
1472 1592 1582 1633 non
1616 1578 1782 1649 hujus
1805 1576 2119 1641 creationis,

534 1686 713 1742 neque
738 1688 837 1742 per
859 1671 1181 1743 sanguinem
1210 1670 1495 1725 hircorum
1541 1680 1636 1725 aut
1668 1669 1990 1734 vitulorum,
2023 1668 2119 1724 sed

2227 489 2388 559 Ιερεϊς
2422 487 2523 551 τὰς
2547 486 2801 557 λατρείας
2833 484 3227 546 ἐπιτελοῦντες.
3270 483 3366 547 Ei;
3411 482 3471 537 δὲ
3500 485 3601 557 τὴν
3627 485 3809 541 ἃυτέ-

2222 599 2342 654 ραν,
2380 579 2528 645 ἅπαξ
2552 579 2644 634 τοῦ
2676 576 2923 633 ἐνιαυτοῦ
2962 577 3121 645 μόνος
3148 578 3177 629 ὁ
3219 576 3510 646 ἀρχιερεὺς
3543 577 3606 630 οὐ
3638 578 3808 648 χωρὶς
3888 576 3893 611 ἲ

2221 672 2482 742 αἵματος,
2512 671 2540 724 ὃ
2572 669 2871 742 προσφέρει
2897 668 3037 738 ὑπὲρ
3064 667 3260 721 ἑαυτοῦ
3291 667 3386 722 καὶ
3418 668 3528 721 τῶν
3554 667 3650 722 τοῦ
3675 669 3805 723 λαοῦ

2222 764 2601 835 ἀγνοημάτων,
2638 761 2799 815 τοῦτο
2824 760 3108 831 δηλοῦντος
3133 759 3229 813 τοῦ
3268 760 3426 829 ἁγίου
3463 761 3603 815 Πνεύ
3612 779 3798 833 ματος,

2227 855 2390 925 μήπω
2429 852 2848 924 πεφανερῶσθαι
2893 852 2991 922 τὴν
3022 851 3132 905 τῶν
3175 852 3347 920 ἁγίων
3395 852 3536 920 ὁδὸν,
3582 852 3667 906 ἔτι
3708 852 3801 922 τῆς

2223 944 2447 1017 πρώτης
2499 945 2703 1015 σκηνῆς
2751 942 2982 1015 ἐχούσης
3033 943 3243 999 στάσιν.
3313 942 3472 1007 "litt;
3524 943 3802 1018 παραϐολὴ

2223 1037 2303 1101 εἰς
2349 1036 2441 1090 τδν
2475 1034 2666 1107 καιρὸν
2697 1035 2788 1089 τὸν
2820 1034 3176 1106 ἐνεστηκότα,
3204 1033 3327 1088 καθ’
3357 1034 3416 1088 ὃν
3447 1033 3596 1106 δῶρά
3624 1052 3683 1088 τε
3713 1037 3802 1089 καὶ

2224 1127 2404 1182 θυσίαι
2435 1128 2837 1201 προσφέρονται
2860 1166 2874 1189 ,
2905 1126 2979 1199 μὴ
3005 1127 3300 1197 δυνάμεναι
3335 1125 3477 1181 κατὰ
3502 1126 3801 1199 συνείδησιν

2221 1219 2503 1273 τελειῶσαι
2547 1219 2638 1274 τὸν
2684 1217 3014 1289 λατρεύοντα
3033 1258 3047 1283 ,
3095 1219 3254 1288 μόνον
3298 1217 3391 1270 ἐπὶ
3430 1216 3684 1289 βρώμασι
3714 1219 3807 1271 καὶ

2223 1311 2429 1381 πόμασι
2457 1311 2549 1365 καὶ
2576 1310 2851 1382 διαφόροις
2874 1309 3202 1380 βαπτισμοῖς
3220 1308 3566 1380 δικαιώματα
3600 1309 3806 1380 σαρκὸς

2226 1403 2388 1475 μέχρι
2437 1402 2631 1474 καιροῦ
2681 1400 3021 1473 διορθώσεως
3068 1401 3394 1472 ἐπικείμενα
3424 1401 3527 1473 (Ι).
3570 1400 3806 1472 Χριστὸς

2221 1496 2278 1549 δὲ
2309 1493 2750 1567 παραγενόμενος
2775 1493 3068 1563 ἀρχιερεὺς
3111 1490 3222 1545 τῶν
3255 1490 3554 1561 μελλόντων
3583 1490 3805 1561 ἀγαθῶν

2222 1589 2311 1643 διὰ
2346 1589 2444 1660 τῆς
2480 1588 2725 1661 μείζονος
2768 1588 2863 1642 καὶ
2894 1585 3236 1658 τελειοτέρας
3268 1585 3473 1656 σκηνῆς
3521 1586 3584 1639 οὺ
3619 1602 3806 1655 χειρο-

2224 1681 2469 1753 ποιήτου,
2502 1679 2650 1734 τοῦτ’
2672 1678 2841 1745 ἔστιν,
2870 1677 2932 1731 ού
2959 1677 3166 1747 ταύτης
3193 1676 3295 1747 τῆς
3319 1676 3569 1740 κτίσεως,
3593 1675 3715 1729 οὐδὲ
3739 1675 3806 1728 δι’

535 1777 645 1831 per‘
662 1762 947 1831 proprium
976 1760 1302 1831 sanguinem
1340 1757 1774 1813 introivitsemel
1811 1757 1870 1811 in
1896 1750 2121 1812 sancto-

2228 1750 2458 1843 αἵματος
2479 1771 2699 1843 τράγων
2724 1770 2819 1825 καὶ
2844 1769 3079 1841 μόσχων,
3107 1767 3196 1822 διὰ
3215 1768 3271 1822 δὲ
3298 1767 3392 1821 τοῦ
3420 1767 3549 1821 ίδίου
3575 1767 3807 1849 αζματος

533 1867 679 1918 rum,
698 1860 903 1907 aeterna
924 1850 1298 1921 redemptione
1316 1850 1536 1905 inventa
1549 1849 1615 1903 “.
1629 1868 1646 1901 ι
1672 1848 1936 1920 lntelligis
1952 1847 2119 1920 igitur

535 1943 689 1998 illum
720 1944 951 2009 cultum,
982 1944 1079 2014 qui
1106 1943 1159 1996 in
1190 1943 1369 2012 pri'mo
1416 1942 1768 1997 tabernaculo
1826 1930 2117 1997 defereba-

535 2042 644 2098 tur,
694 2034 1010 2089 exhibuisse
1065 2032 1401 2098 sacerdotes,
1474 2032 1678 2103 quibus
1727 2026 1838 2087 non
1890 2038 2013 2087 erat
2057 2031 2117 2087 in

533 2123 732 2179 Sancta
784 2132 1097 2180 sanctorum
1140 2122 1482 2194 ingrediendi
1533 2130 1795 2193 potestas.
1838 2122 1986 2178 Talis
2033 2131 2119 2178 est

530 2218 678 2272 enim
705 2215 1101 2287 propemodum
1140 2216 1324 2271 cultus
1370 2215 1580 2285 legalis,
1635 2222 1836 2270 statum
1866 2214 2020 2269 illum
2059 2215 2117 2269 in

532 2309 744 2365 umbris
777 2309 987 2364 habens
1015 2327 1027 2362 :
1070 2308 1186 2363 hate
1210 2322 1375 2378 porro
1399 2307 1596 2362 inertia
1625 2315 1753 2362 sunt
1780 2307 1849 2361 ad
1888 2307 2118 2377 expian-

532 2401 664 2456 dum
690 2400 1095 2470 eluendumque
1116 2408 1423 2470 peccatum.
1454 2398 1669 2453 Audisti
1695 2413 1931 2470 namque
1953 2399 2117 2469 paulo

533 2502 659 2552 ante
691 2494 1016 2548 clamantem
1039 2492 1287 2556 Paulum,
1315 2506 1379 2547 ea
1418 2491 1636 2545 infirma
1664 2504 1785 2545 esse
1847 2489 1916 2544 ad
1949 2488 2117 2560 perfi-

534 2585 795 2643 ciendum
834 2586 989 2657 juxta
1020 2583 1418 2640 conscientiam
1448 2583 1781 2638 servientem
1825 2583 1906 2649 ";
1952 2581 2119 2655 3‘8

533 2676 632 2733 sed
654 2677 1015 2731 servabantur
1040 2692 1215 2746 usque
1238 2675 1307 2730 ad
1347 2684 1564 2746 tempus
1596 2675 1980 2739 correctionis.
2034 2673 2119 2727 in-

533 2769 869 2825 carnationis
893 2768 1156 2823 nimirum
1188 2767 1339 2823 illius
1362 2766 1674 2839 Unigeniti;
1707 2782 1817 2837 quo
1873 2774 2117 2837 tempore

535 2860 798 2915 informes
825 2859 931 2915 illa:
953 2857 1141 2942 figurae
1156 2857 1224 2913 ad
1252 2858 1541 2915 veritatem
1567 2857 1927 2913 transierunt.
1958 2875 1977 2909 ι
2016 2856 2116 2913 Se-

534 2951 640 3006 mel
658 2960 846 3006 autem
867 2951 923 3005 in
946 2966 1111 3016 anno,
1139 2957 1196 3005 et
1236 2949 1388 3006 solus
1420 2950 1663 3021 pontifex
1690 2950 1744 3005 in
1771 2950 1969 3006 Sancta
1994 2964 2119 3005 san-

2223 1861 2468 1933 είσῆλθεν
2490 1859 2707 1932 ἐφάπαξ
2731 1861 2811 1923 είς
2842 1861 3006 1929 Ἅγια
3031 1860 3139 1914 τῶν
3166 1859 3336 1929 ἁγίων
3361 1859 3582 1915 αἰωνίαν
3603 1857 3812 1933 λύτρω-

2224 1972 2309 2009 σιν
2335 1953 2656 2027 εὑράμενος.
2694 1974 2713 2007 ι
2746 1955 2943 2026 Συνίης
2969 1949 3063 2009 οῦν
3083 1954 3165 2008 ὅτι
3192 1953 3292 2018 τὰς
3315 1952 3412 2025 μὲν
3437 1954 3494 2008 ὲν
3523 1954 3590 2025 τῇ
3614 1951 3808 2025 πρώτῃ

2225 2050 2397 2119 σκηνῇ
2429 2047 2684 2121 λατρείας
2708 2046 2996 2102 ἐπετέλουν
3013 2046 3062 2099 οἱ
3080 2046 3272 2117 ἱερεῖς,
3293 2044 3391 2115 τὴν
3415 2045 3493 2108 είς
3510 2044 3609 2113 ’Δγ
3625 2061 3681 2098 ια
3700 2044 3812 2098 τῶν

2225 2139 2395 2209 ἁγίων
2422 2138 2716 2211 εἰσδρομὴν
2749 2138 2852 2192 οὐκ
2881 2137 3114 2208 ἔχοντες.
3156 2134 3348 2195 Τοιάδε
3377 2134 3487 2206 γάρ
3513 2134 3631 2198 πώς
3658 2135 3814 2187 ἐστιν

2223 2230 2257 2301 ἡ
2288 2231 2429 2283 κατὰ
2463 2228 2625 2299 νόμον
2653 2227 2898 2300 λατρεία,
2928 2227 3121 2282 στάσιν
3145 2226 3345 2297 ἔχουσα
3371 2225 3474 2298 τὴν
3513 2227 3572 2279 ὲν
3602 2227 3810 2289 σκιαῖς.

2223 2321 2420 2375 Εἶκαῖα
2447 2320 2504 2374 δὲ
2521 2319 2692 2375 ταῦτα
2720 2319 2860 2390 πρὸς
2886 2318 3154 2392 κάθαρσιν
3179 2319 3277 2373 καὶ
3297 2317 3604 2373 ἁπόπλυσιν
3625 2318 3815 2389 ἁμαρ-

2220 2409 2365 2475 τίας.
2399 2410 2661 2464 Διεπύθου
2689 2410 2798 2482 γὰρ
2830 2409 3035 2480 ἀρτίως
3068 2409 3300 2478 βοῶντος
3340 2408 3437 2463 τοῦ
3466 2408 3710 2467 Παύλου,
3734 2407 3815 2471 ὡς

2222 2502 2492 2565 ἀνικὰνως
2524 2500 2705 2573 έχουσι
2739 2499 2881 2554 κατὰ
2926 2498 3250 2570 συνείδησιν,
3283 2498 3568 2554 τελειῶσαι
3593 2499 3691 2553 τὸν
3717 2499 3816 2553 λα-

2220 2592 2503 2665 τρεύοντα.
2535 2593 2846 2662 Διετηρεῖτο
2877 2589 2937 2644 δὲ
2987 2588 3186 2661 μᾶλλον
3236 2587 3397 2661 μέχρι
3428 2588 3625 2661 καιροῦ
3670 2588 3819 2661 διορ·

2223 2684 2463 2748 θώσεως,
2496 2681 2655 2752 δῆλον
2687 2682 2744 2736 δὲ
2771 2683 2854 2735 ὅτι
2884 2681 2985 2752 τῆς
2999 2677 3469 2751 ἐνανθρωπήσεως
3512 2680 3608 2734 τοῦ
3635 2681 3819 2735 Μονο-

2222 2775 2447 2847 γενοῦς,
2489 2776 2577 2830 ὅτε
2607 2774 2717 2829 τῶν
2757 2773 2945 2828 τύπων
2973 2774 3036 2827 τὸ
3077 2773 3313 2837 ἀκαλλὲς
3348 2772 3820 2845 μετακεχώρηκεν

2223 2869 2303 2933 είς
2339 2866 2619 2938 ἀλήθειαν.
2659 2886 2678 2918 ι
2723 2865 2910 2930 Ἀπαξ
2951 2865 3010 2920 δὲ
3037 2863 3134 2919 τοῦ
3159 2864 3409 2919 ἐνιαυτοῦ
3442 2864 3537 2918 καὶ
3580 2863 3749 2931 μόνος
3793 2866 3822 2917 ό

2224 2959 2517 3031 ἀρχιερεὺς
2568 2959 2648 3022 εἰς
2678 2957 2749 3011 τὰ
2792 2958 2961 3027 Ἀγια
3000 2956 3110 3016 τῶν
3148 2957 3319 3025 ἁγίων
3352 2955 3569 3010 είσέθει.
3606 2955 3725 3009 Καὶ
3757 2956 3818 3010 ού

534 3052 750 3100 etorum
778 3043 1035 3109 intrabat,
1062 3059 1173 3099 non
1213 3043 1334 3099 sine
1384 3044 1647 3115 sanguine
1671 3084 1686 3109 ,
1707 3058 1871 3113 quem
1894 3042 2119 3098 offerret

2225 3052 2391 3124 χωρὶς
2420 3051 2676 3121 αἵματος,
2718 3049 2747 3103 δ
2778 3048 3055 3120 προσῆγεν
3089 3048 3234 3120 ύπέρ
3260 3065 3319 3101 τε
3354 3046 3547 3102 ἑαυτοῦ
3578 3047 3674 3100 καὶ
3709 3046 3820 3100 τῶν

533 3153 635 3209 pro
669 3155 767 3193 sua
809 3146 866 3193 et
914 3153 1014 3208 pro
1046 3136 1235 3209 p0puli
1278 3109 1586 3208 ignorantia
1620 3137 1689 3188 θ’.
1725 3109 1770 3186 '.
1806 3134 2041 3190 Planum
2062 3133 2116 3188 id

2224 3109 2319 3198 Ιτοῦ
2345 3109 2892 3214 ).αοῦ“ἀγνοημὰτών.
2971 3109 3255 3212 ἰΣαφηνιεῖ
3283 3140 3340 3194 δὲ
3366 3141 3498 3211 ἡμῖν
3528 3140 3622 3193 καὶ
3652 3139 3821 3209 τοῦτο

532 3242 753 3301 quoque
781 3230 940 3285 nobis
962 3229 1586 3300 facietsapientissimus
1607 3226 1752 3281 idem
1774 3227 1863 3280 vir
1892 3225 2114 3287 Paulus,

539 3337 666 3377 cum
690 3323 924 3377 adhunc
948 3321 1174 3376 modum
1216 3321 1285 3376 de
1307 3320 1532 3377 Christo
1565 3319 1705 3375 dixit
1732 3337 1744 3373 :
1775 3338 1793 3370 ι
1851 3317 2120 3388 Superius

533 3414 944 3470 eum‘dixisset:
972 3412 1207 3468 ‘Hostias
1241 3420 1298 3466 et
1321 3412 1632 3468 oblationes
1672 3419 1729 3467 et
1773 3411 2121 3467 holocausto—

533 3518 679 3564 mata
703 3518 759 3563 et
778 3524 879 3579 pro
896 3515 1121 3578 peccato
1142 3505 1392 3571 noluisti,
1429 3521 1609 3575 neque
1633 3504 1733 3559 tibi
1769 3504 2117 3575 placuerunt,

532 3616 655 3670 qua:
676 3616 742 3654 ex
772 3600 889 3668 lege
915 3599 1244 3659 offeruntur,
1276 3603 1405 3651 tunc
1434 3596 1548 3651 dixi
1597 3615 1609 3649 :
1658 3597 1798 3652 Ecce
1830 3597 2015 3660 venio,
2060 3605 2123 3651 ut

534 3691 734 3745 faciam
757 3689 1095 3743 voluntatem
1125 3693 1274 3740 tuam
1298 3686 1384 3753 ⁹³;
1415 3705 1433 3737 ι
1463 3686 1646 3742 aufert
1674 3688 1913 3758 primum
1951 3698 2013 3743 ut
2038 3704 2123 3743 se-

534 3795 711 3851 quens
740 3784 946 3833 statuat
970 3796 982 3832 :
1018 3798 1036 3830 ι
1055 3779 1133 3832 Ἰιι
1156 3794 1262 3849 qua
1282 3779 1564 3835 voluntate
1587 3779 1908 3834 sanctificati
1932 3796 2123 3836 sumus

534 3886 634 3942 per
661 3867 996 3924 oblationem
1031 3870 1423 3939 corporis'Jesu
1451 3870 1678 3925 Christi.
1697 3872 1773 3927 Et
1797 3872 1979 3926 omnis
2001 3871 2124 3941 qui-

536 3965 663 4018 dem
701 3961 958 4018 sacerdos
1006 3969 1207 4033 praesto
1243 3971 1328 4017 est
1382 3961 1629 4032 quotidie
1673 3962 2010 4028 ministrans,
2068 3972 2124 4019 et

534 4053 757 4109 easdem
789 4069 932 4125 saepe
965 4054 1467 4119 oﬂerens'hostias,
1506 4070 1627 4125 quae
1668 4069 1949 4124 nunquam
1992 4070 2121 4125 pos-

536 4155 666 4201 sunt
717 4144 934 4200 auferre
982 4153 1249 4216 peccata:
1291 4145 1383 4200 hic
1413 4152 1618 4210 autem,
1643 4159 1769 4200 cum
1817 4159 1987 4210 unam
2021 4160 2123 4215 pro

535 4236 775 4309 peccatis
802 4237 1037 4292 hostiam
1093 4236 1421 4303 obtulisset,
1464 4237 1520 4296 in
1554 4237 1950 4308 sempiternum
1982 4237 2126 4291 sedit

536 4331 593 4385 in
624 4331 847 4385 dextera
867 4329 987 4395 Dei,
1018 4328 1087 4384 de
1113 4338 1311 4384 caetero
1327 4337 1671 4400 exspectans,
1711 4329 1889 4384 donec
1914 4343 2125 4398 ponan-

2221 3236 2385 3290 πὰλιν
2419 3236 2448 3289 ὁ
2480 3233 2793 3303 σοφώτατος
2815 3233 3024 3297 Παῦλος
3062 3232 3160 3286 cat
3187 3232 3362 3301 λέγων
3395 3231 3523 3301 περὶ¹
3546 3230 3817 3301 Χριστοῦ,

2226 3345 2246 3379 ι
2271 3325 2565 3400 ’Δνώτερον
2586 3324 2781 3394 λέγων,
2806 3326 2889 3379 ὅτι
2912 3325 3101 3389 θυσίας
3119 3325 3213 3379 καὶ
3232 3323 3545 3396 προσφορὰς
3570 3323 3666 3378 καὶ
3694 3322 3819 3377 ὀλο-

2221 3415 2557 3489 καυτώματα
2586 3418 2681 3469 καὶ
2714 3415 2842 3486 περὶ
2879 3415 3158 3486 ἁμαρτίας
3207 3414 3309 3466 οὐκ
3345 3412 3649 3483 ἠθέλησας,
3687 3410 3821 3465 οὔτε

2222 3511 2550 3584 ηὑδόκησας,
2582 3511 2785 3573 αἵτινες
2845 3508 2987 3562 κατά
3026 3508 3190 3580 νόμον
3222 3508 3646 3579 προσφέρονται.
3678 3507 3819 3560 Τότε

2223 3599 2396 3668 εἷπον,
2432 3603 2562 3657 Ἰδοὺ
2591 3604 2712 3675 ἥκω
2738 3599 2834 3655 τοῦ
2863 3601 3084 3672 ποιῆσαι
3110 3600 3173 3654 τὸ
3205 3599 3419 3672 θέλημά
3446 3615 3559 3653 σου·
3600 3618 3617 3651 ι
3659 3600 3821 3653 ἀναι-

2225 3701 2310 3770 ρεῖ
2338 3699 2399 3753 τὸ
2431 3698 2649 3771 πρῶτον
2679 3699 2764 3752 ἵνα
2794 3697 2855 3752 τὸ
2880 3696 3133 3768 δεύτερον
3168 3697 3362 3768 στήσῃ·
3401 3714 3420 3747 ι
3468 3696 3555 3751 Ἐν
3580 3688 3624 3764 ᾧ
3649 3696 3821 3767 θελή-

2227 3810 2355 3863 ματι
2391 3792 2714 3864 ἡγιασμένοι
2750 3791 2936 3862 ἐσμὲν,
2966 3790 3054 3844 διὰ
3084 3790 3185 3860 τῆς
3229 3790 3545 3863 προσφορᾶς
3575 3789 3672 3842 τοῦ
3711 3789 3822 3842 σώ-

2228 3903 2397 3957 ματος
2436 3885 2611 3956 Ἰησοῦ
2634 3884 2890 3957 Χριστοῦ·
2921 3885 3015 3938 καὶ
3037 3885 3144 3948 πᾶς
3169 3883 3268 3955 μὲν
3293 3883 3583 3955 ἀρχιερεὺς
3608 3882 3820 3954 ἕστηκε

2225 3977 2348 4033 καθ’
2399 3978 2610 4047 ἡμέραν
2662 3975 3012 4048 λειτουργῶν,
3061 3975 3157 4029 κα⁴ι
3191 3974 3290 4039 τὰς
3341 3975 3511 4038 αὐτὰς
3546 3973 3822 4038 πολλάκις

2225 4067 2551 4140 προσφέρων
2608 4064 2800 4130 θυσίας
2858 4065 3062 4129 αἵτινες
3112 4063 3366 4118 οὐδέποτε
3404 4062 3659 4117 δύνανται
3717 4081 3820 4117 πε-

2225 4160 2420 4233 ριελεῖν
2447 4157 2737 4229 ἁμαρτίας,
2760 4158 3016 4229 οὐδεμίαν
3044 4156 3180 4227 ὑπὲρ
3206 4154 3490 4226 ἁμαρτιῶν
3513 4157 3823 4226 προσενέγ-

2224 4264 2325 4315 κας
2354 4249 2565 4313 θυσίαν,
2616 4250 2697 4313 εἰς
2723 4250 2786 4303 τὸ
2818 4248 3062 4320 διηνεκὲς
3125 4247 3378 4302 ἐκάθισεν
3427 4248 3486 4299 ὲν
3525 4246 3684 4319 δεξιᾷ
3719 4250 3820 4303 τοῦ

2223 4341 2380 4396 Θεοῦ·
2425 4341 2486 4395 τὸ
2526 4340 2711 4394 λοιπδν
2754 4341 3103 4413 ἐκδεχόμενος
3131 4339 3237 4403 ἓως
3268 4338 3497 4394 τεθῶσιν
3525 4340 3574 4392 οἱ
3622 4340 3821 4413 ἐχθροὶ

535 4429 627 4475 tur
657 4420 866 4476 inimici
911 4422 1031 4492 ejus
1062 4421 1364 4475 scabellum
1395 4419 1598 4490 pedum
1615 4419 1767 4489 ejus,
1823 4433 1934 4473 una
1971 4417 2118 4472 enim

2225 4434 2390 4489 αὑτοῦ
2424 4434 2714 4487 ὑποπόδιον
2754 4433 2862 4486 τῶν
2898 4431 3071 4486 ποδῶν
3112 4430 3278 4486 αὐτοῦ
3304 4468 3319 4494 ,
3360 4432 3460 4501 μιᾷ
3498 4430 3607 4503 γὰρ
3634 4449 3818 4503 προσ-

534 4515 812 4569 oblatione
829 4513 1059 4584 perfecit
1087 4513 1142 4567 in
1160 4511 1558 4583 sempiternum
1581 4509 1952 4565 sanetificatos
1983 4509 2051 4562 “.
2096 4530 2113 4561 ι

534 4608 694 4673 Nam,
721 4622 846 4663 cum
887 4605 958 4661 s'it
977 4607 1145 4661 semel
1170 4612 1438 4669 mortuus,
1467 4601 1842 4671 non-amplius
1865 4600 2121 4666 moritur,

536 4708 598 4753 ut
620 4699 889 4769 scriptum
924 4705 1011 4752 est
1055 4697 1122 4762 ",
1163 4703 1233 4752 et’
1253 4693 1815 4766 peccatismultorum
1865 4693 2119 4758 sublatis,

536 4792 816 4861 ingressus
844 4801 929 4847 est
954 4791 1010 4845 in
1033 4790 1230 4845 Sancta
1254 4795 1592 4851 sanctorum,
1627 4785 1681 4839 id
1700 4794 1803 4850 est,
1824 4785 1879 4840 in
1897 4785 2119 4850 coelum,

538 4889 598 4934 ut
628 4892 887 4951 appareat
913 4896 1063 4935 nunc
1086 4877 1262 4933 vultui
1286 4877 1381 4933 Dei
1408 4892 1509 4947 pro
1547 4875 1708 4931 nobis
1728 4878 1799 4931 “.

802 4990 839 5031 ο

610 5061 807 5115 PALL.
838 5062 1135 5133 PerSpicua
1167 5071 1253 5117 est
1284 5060 1482 5115 oratio.
1521 5060 1710 5128 Itaque
1750 5059 1905 5113 mitte
1925 5059 1979 5113 in
2018 5060 2119 5113 hac

538 5165 599 5205 re
630 5151 871 5207 laborem
928 5155 1244 5225 suscipere;
1281 5151 1414 5206 illud
1472 5150 1657 5221 potius
1694 5151 1828 5204 mihi
1878 5150 2120 5219 explices

533 5244 720 5309 velim,
753 5245 877 5316 quis
922 5247 1011 5301 ille
1061 5248 1133 5301 sit
1173 5245 1414 5316 sanguis,
1447 5259 1609 5313 quem
1644 5242 1843 5296 offerre
1884 5257 2117 5296 consue-

534 5334 677 5390 verit
717 5336 806 5391 ille
854 5335 1200 5391 sacerdotum
1233 5334 1492 5405 princeps
1530 5341 1644 5387 tum
1686 5348 1786 5401 pro
1840 5347 1958 5395 sua,
2000 5342 2115 5386 tum

537 5439 639 5494 pro
663 5426 847 5497 populi
868 5424 1196 5495 ignorantia.

632 5537 678 5569 ⁹⁹
719 5539 886 5593 Ilebr.
920 5555 992 5601 ix,
1029 5538 1183 5592 7-12.

542 5607 591 5637 "
625 5607 898 5673 Hebrus,
932 5609 1020 5663 2i.

611 5720 685 5793 (Ι)
716 5721 805 5777 Sic
835 5723 967 5795 legit
1004 5722 1124 5778 cod.
1161 5720 1330 5777 Vatie.
1375 5721 1510 5776 Novi
1539 5720 1896 5777 Testamenti.

1285 5541 1330 5571 "
1356 5539 1491 5593 ibid.
1519 5540 1570 5593 9.

2223 4530 2365 4600 φορᾷ
2390 4527 2738 4581 τετελείωκεν
2758 4527 2837 4589 είς
2857 4526 2917 4579 τὸ
2940 4526 3187 4597 διηνεκὲς
3203 4526 3331 4588 τοὺς
3352 4525 3774 4596 ἁγιαζομένους.
3794 4547 3812 4577 ι

2224 4620 2406 4686 ’Ἀπαξ
2445 4620 2553 4690 γὰρ
2588 4618 2896 4683 ἀποθανὼν,
2926 4619 3107 4673 οὐκέτι
3142 4618 3476 4689 ἀποθνήσκει
3500 4658 3533 4681 ,.
3560 4617 3712 4671 κατὰ
3755 4619 3819 4671 τὸ

2221 4713 2626 4785 γεγραμμένον·
2654 4710 2863 4766 πολλῶν
2888 4710 2947 4764 δὲ
2974 4708 3282 4779 ἀνενεγκὼν
3311 4710 3603 4780 ἁμαρτίας,
3626 4709 3820 4780 sisi).-

2224 4805 2316 4859 θεν
2363 4805 2442 4868 είς
2470 4804 2539 4858 τὰ
2584 4805 2751 4871 Ἂγια
2798 4803 2907 4854 τῶν
2954 4801 3146 4870 ἁγίων,
3199 4801 3347 4855 τοῦτ’
3384 4800 3553 4862 ἔστιν,
3588 4801 3672 4865 εἰς
3722 4803 3820 4856 τὸν

2223 4897 2473 4969 οὐρανὸν,
2512 4896 2607 4950 νῦν
2660 4896 3062 4968 ἐμφανισθῆναι
3092 4893 3172 4966 τῷ
3217 4893 3495 4967 προσώπῳ
3527 4892 3622 4946 τοῦ
3671 4894 3820 4947 Θεοῦ

2227 4989 2367 5060 ὑπὲρ
2397 4987 2575 5060 ἡμῶν.
3408 5019 3423 5028 ι

2296 5078 2504 5132 ΙΙΑΔΛ.
2537 5078 2721 5149 Σαφὴς
2747 5078 2776 5131 ό
2800 5077 2977 5147 λόγος·
3008 5077 3211 5148 ἱδρῶτα
3226 5075 3290 5147 δὴ
3317 5072 3411 5130 οῦν
3433 5075 3521 5129 τὸν
3549 5074 3643 5127 ἐπὶ
3672 5075 3819 5146 τῷδε

2225 5168 2417 5237 μέθες,
2452 5162 2591 5237 αἷμα
2619 5167 2676 5220 δὲ
2707 5169 2857 5220 ποῖον
2887 5167 2953 5221 ἂν
2992 5166 3077 5237 εἴη
3113 5167 3275 5220 πάλιν
3306 5166 3333 5219 ὃ
3363 5166 3458 5219 καὶ
3500 5167 3817 5235 προσκομί-

2222 5256 2333 5323 ζειν
2369 5256 2519 5321 ἔθος,
2548 5256 2638 5319 τδν
2670 5256 2777 5309 τῶν
2812 5256 2971 5327 ἱερῶν
3000 5255 3303 5327 ἡγούμενον
3340 5255 3481 5325 ὑπὲρ
3519 5271 3575 5305 τε
3612 5253 3816 5307 ἑαυτοῦ

2223 5349 2316 5401 καὶ
2354 5348 2460 5400 τῶν
2496 5347 2589 5401 τοῦ
2619 5347 2749 5402 λαοῦ
2788 5347 3171 5417 ἀγνοημάτων,
3205 5346 3451 5420 ἐρομένῳ
3489 5345 3724 5415 φράσον.

1685 5540 1730 5571 θ’
1768 5540 1904 5595 ibid.
1938 5557 2010 5605 l.\',
2042 5542 2093 5595 7.

2251 5543 2413 5602 llebr.
2450 5561 2502 5610 κ,
2539 5543 2591 5609 8,
2642 5542 2695 5599 9.
2774 5546 2819 5579 νδ
2853 5544 2993 5600 ἰωὰ,
3047 5544 3233 5601 10-14.
3313 5546 3357 5577 ³³⁸
3403 5545 3563 5601 iiom.
3626 5556 3705 5608 ιι,
3760 5539 3816 5597 9.
