3962 6296
168 336 262 395 635

878 339 965 395 DE
1004 337 1443 396 ADORATIONE
1482 340 1547 396 IN
1588 340 1853 398 SPIRITU
1897 341 1984 397 ET
2025 340 2392 398 VERITATE.
2436 340 2562 394 LIB.
2607 341 2671 395 Χ.

3296 340 3399 395 686

156 474 164 490 '
217 454 363 511 ΚΥΡ.
387 454 733 527 Νομομαίυὴς
765 457 840 513 ὢν
866 461 895 513 6
929 442 1138 525 Παῦλος
1163 460 1258 514 καὶ
1286 457 1613 532 ὴκριὸωκὼς
1632 459 1715 513 ὅτι

1896 459 2053 514 CYR.
2088 459 2309 523 Paulus.
2336 474 2461 514 cum
2486 458 2540 511 in
2565 458 2684 527 lege
2714 457 2926 527 peritus
2952 466 3117 521 esset,
3139 472 3203 512 ac
3229 458 3401 529 Moysi

163 545 366 616 μάλιστά
391 563 455 615 γε
490 546 596 618 τὴν
631 546 723 600 διὰ
754 548 997 612 Μωσέως
1024 549 1267 619 ἐντολὴν,
1296 549 1374 613 ὼς
1415 551 1602 617 σοφοῖς
1647 548 1719 602 τὰ

158 636 356 690 τοιαῦτα
398 639 513 701 τοῖς
562 636 828 708 Ἐϐραίων
879 638 1049 704 λαοῖς,
1101 638 1197 692 καὶ
1244 638 1577 708 ἀνεγνωκόσι
1627 637 1719 691 τὸν

160 727 320 797 νόμον,
343 728 469 798 περὶ
490 727 601 782 τῶν
615 728 760 782 οὕτω
782 744 839 782 σε
851 729 998 783 πτῶν
1020 745 1080 782 τε
1098 731 1194 783 καὶ
1216 730 1539 800 ἀπορρήτων
1558 727 1717 796 άγαν,

160 818 249 871 οὑκ
274 820 325 871 ὲν
354 818 550 872 πλάτει
578 818 956 889 διηγημάτων,
986 818 1045 871 ἐν
1076 820 1404 890 παραδρομῇ
1431 818 1489 872 δὲ
1520 818 1722 889 μᾶλλον

161 910 245 965 καὶ
285 910 582 981 ἀναμνήσει
610 909 722 963 τῶν
764 911 863 983 ῆδη
910 910 1402 982 προεγνωσμένων,
1435 909 1507 963 τὰ
1545 908 1722 964 τοιάδε

162 1002 451 1074 προσλαλεῖ.
477 1002 737 1074 Παροίσω
761 1003 840 1069 δὲ,
865 1005 914 1056 εί
941 1002 1110 1071 δοκεῖ,
1131 1003 1229 1056 καὶ
1252 1002 1344 1055 τὸν
1372 1002 1465 1055 ἐπὶ
1482 1000 1619 1072 τῷδε
1640 1001 1724 1056 νό-

163 1111 248 1165 μον
267 1093 666 1165 χρηστομαθεῐν
696 1094 983 1166 ᾑρημένῳ,
1016 1094 1112 1148 καὶ
1157 1094 1219 1147 τὸ
1247 1092 1473 1165 ἀκριϐὲς
1506 1092 1571 1165 δὴ
1602 1092 1724 1146 λίαν

162 1186 243 1238 καὶ
263 1185 632 1256 ἀπεξεσμένον
659 1187 740 1250 είς
763 1186 1088 1258 διασάφησιν
1125 1186 1233 1239 τῶν
1262 1184 1633 1257 θεωρημάτων
1661 1182 1722 1239 εὖ

164 1275 292 1347 μάλα
316 1277 648 1349 δεδιψηκὸτι.
684 1277 997 1349 Γέγραπται
1026 1276 1205 1332 τοίνυν
1237 1276 1295 1329 ἐν
1322 1275 1401 1347 τῷ
1430 1274 1722 1346 Λευιτικῷ-

166 1387 183 1419 ι
214 1368 317 1422 Καὶ
339 1368 572 1440 ὲλάλησε
602 1368 807 1440 Κύριος
839 1368 975 1440 πρὸς
1005 1368 1213 1440 Μωσῆν
1242 1365 1439 1436 λέγων·
1477 1365 1724 1438 Λάλησον

159 1462 279 1534 πρὸς
307 1464 432 1527 τοὺς
461 1464 613 1525 υἱοὺς
643 1460 881 1534 Ἰσραήλ·
904 1460 1089 1531 Ψυχὴ,
1112 1459 1207 1515 ἐὰν
1237 1460 1460 1532 ἁμάρτῃ
1486 1458 1725 1512 ἐναντίον

158 1556 347 1626 Κυρίου
397 1554 670 1619 ἀκουσίως
712 1553 823 1609 ἀπὸ
868 1553 1091 1607 πάντων
1129 1553 1239 1607 τῶν
1285 1550 1724 1625 προσταγμάτων

156 1645 372 1715 Κυρίου,
411 1637 488 1699 ὧν
513 1646 573 1699 οὐ
603 1645 685 1698 δεῖ
717 1646 912 1712 ποιεῖν,
943 1643 1039 1699 καὶ
1083 1644 1289 1717 ποιήσῃ
1328 1643 1389 1697 ἓν
1417 1660 1471 1697 τι
1497 1642 1590 1696 ἀπ’
1621 1641 1722 1696 αύ-

155 1736 270 1802 τῶν,
310 1737 406 1791 ἐὰν
452 1738 551 1807 μὲν
586 1738 616 1790 6
657 1736 949 1809 ἀρχιερεὺς
1003 1737 1032 1790 6
1063 1736 1420 1807 κεχρισμένος
1476 1734 1720 1808 ἁμάρτῃ,

153 1828 239 1881 τοῦ
266 1828 353 1883 τὸν
390 1828 519 1883 λαὸν
547 1830 836 1901 ἁμαρτεῖν,
867 1828 1132 1900 προσάξει
1163 1830 1293 1900 περὶ
1313 1828 1411 1899 τῆς
1451 1828 1725 1899 ἁμαρτίας

154 1917 325 1983 αὐτοῦ,
354 1912 420 1989 ἦς
441 1918 679 1990 ἥμαρτε,
712 1918 909 1989 μόσχον
932 1918 997 1971 ὲκ
1019 1918 1159 1989 βοῶν
1186 1920 1415 1989 ἄμωμον
1434 1918 1513 1989 τῷ
1537 1919 1725 1991 Κυρίῳ

155 2011 271 2079 περὶ
300 2010 397 2079 τῆς
430 2008 738 2079 ἁμαρτίας,
785 2009 881 2062 καὶ
920 2007 1181 2078 προσάξει
1210 2007 1302 2061 τὸν
1333 2007 1532 2078 μόσχον
1574 2007 1726 2080 παρὰ

154 2103 242 2173 τὴν
273 2101 443 2172 θύραν
470 2102 568 2171 τῆς
595 2101 800 2171 σκηνῆς
820 2100 914 2154 τοῦ
943 2100 1245 2173 μαρτυρίου
1278 2099 1461 2155 ἔναντι
1490 2101 1723 2173 Κυρίου,

155 2195 241 2247 καὶ
268 2193 461 2263 σφάξει
486 2194 575 2246 τὸν
610 2192 807 2264 μόσχον
833 2192 1064 2247 ἐνώπιον
1094 2193 1321 2265 Κυρίου.
1356 2184 1467 2248 Καὶ
1493 2193 1675 2248 λαθὼν
1698 2197 1726 2249 6

157 2289 323 2360 ἱερεὺς
346 2289 375 2340 ὀ
397 2288 620 2357 χριστὸς
652 2288 680 2339 6
709 2285 1126 2358 τετελειωμένος
1152 2286 1255 2349 τὰς
1283 2288 1472 2358 χεῖρας
1502 2286 1611 2340 ἀπὸ
1632 2286 1724 2341 τοῦ

155 2381 370 2450 αἵματος
416 2377 512 2431 τοῦ
554 2378 757 2449 μόσχου
781 2418 796 2442 ,
842 2377 1068 2433 εἰσοίσει
1103 2378 1234 2432 αὐτὸ
1267 2380 1348 2443 εἰς
1383 2378 1482 2450 τὴν
1523 2379 1728 2451 σκηνὴν

155 2470 235 2523 τοῦ
266 2470 575 2540 μαρτυρίου
597 2510 611 2530 ,
644 2472 738 2523 καὶ
770 2468 932 2540 βάψει
964 2470 991 2523 6
1028 2469 1207 2540 ἱερεὺς
1241 2470 1330 2523 τὸν
1361 2469 1620 2525 δάκτυλον
1648 2472 1727 2533 εἰς

155 2565 207 2616 τὸ
247 2559 413 2634 αἷμα,
458 2562 555 2615 καὶ
596 2563 893 2632 προσρανεί
929 2562 1038 2615 ἀπὸ
1082 2561 1177 2616 τοῦ
1219 2562 1451 2633 αἵματος
1497 2563 1727 2629 ἑπτάκις

154 2657 317 2710 ἔναντι
342 2653 552 2725 Κυρίου
574 2695 589 2719 ,
617 2655 760 2708 κατὰ
784 2652 844 2706 τὺ
890 2655 1289 2726 καταπέτασμα
1320 2655 1378 2708 ab
1412 2655 1585 2724 ἆγιον.
1620 2657 1729 2710 Καὶ

154 2749 396 2822 ἐπιθήσει
420 2751 452 2801 6
473 2748 656 2819 ἱερεὺς
677 2746 784 2801 άπὸ
805 2745 902 2800 τοῦ
929 2746 1163 2817 αἵματος
1188 2745 1284 2800 τοῦ
1311 2748 1512 2819 μόσχου
1543 2748 1636 2802 ἐπὶ
1659 2748 1729 2801 τὰ

155 2843 350 2912 κέρατα
375 2837 473 2893 τοῦ
508 2838 898 2909 θυσιαστηρίου
929 2837 1026 2892 τοῦ
1068 2838 1414 2910 θυμιάματος
1457 2842 1558 2911 τῆς
1601 2856 1729 2894 συν-

163 2932 351 2994 θέσεως
375 2929 475 2985 τοῦ
504 2928 745 2983 ἐναντίον
770 2928 1002 3001 Κυρίου,
1034 2929 1063 2982 ὃ
1081 2929 1228 2983 ἐστὶν
1256 2930 1314 2983 ὲν
1340 2932 1405 3001 τῇ
1434 2932 1606 3001 σκηνῇ
1635 2929 1728 2984 τοῦ

158 3023 454 3096 μαρτυρίου
474 3061 492 3087 ,
518 3021 616 3074 καὶ
639 3022 748 3074 πᾶν
768 3020 829 3074 τὸ
851 3017 990 3093 αἷμα
1013 3020 1105 3075 τοῦ
1130 3022 1332 3093 μόσχου
1354 3022 1538 3093 ὲκχεεῖ
1579 3024 1730 3095 παρὰ

155 3116 243 3188 τὴν
267 3116 429 3188 βάσιν
462 3115 558 3168 τοῦ
590 3114 975 3186 θυσιαστηρίου
999 3114 1111 3169 τῶν
1142 3114 1639 3187 ὁλοκαυτωμάτων,
1670 3115 1729 3179 ὃς

157 3210 263 3264 ἐστὶ
292 3208 448 3281 παρὰ
473 3206 572 3271 τὰς
598 3205 768 3279 θύρας
788 3207 888 3279 τῆς
912 3207 1118 3276 σκηνῆς
1149 3204 1245 3259 τοῦ
1278 3207 1578 3278 μαρτυρίου
1597 3245 1612 3273 ,
1636 3208 1731 3259 καὶ

155 3303 254 3356 πᾶν
278 3301 343 3355 τὸ
372 3299 541 3370 στέαρ
571 3297 665 3350 τοῦ
702 3297 901 3369 μόσχου
929 3296 1022 3351 τοῦ
1057 3297 1156 3368 τῆς
1185 3297 1463 3368 ἁμαρτίας
1493 3298 1734 3369 περιελεῖ

152 3393 241 3448 ἀπ’
263 3391 457 3455 αὑτοῦ,
490 3390 554 3444 τὸ
591 3390 760 3461 στέαρ
794 3390 856 3443 τὸ
898 3388 1318 3444 κατακαλύπτω
1354 3390 1424 3443 τὰ
1449 3390 1729 3453 ἐνδόσθια,

152 3488 241 3543 καὶ
264 3488 377 3541 πᾶν
400 3486 465 3539 τὸ
494 3485 659 3556 στέαρ
691 3483 753 3538 τὸ
779 3483 869 3536 ἐπὶ
893 3482 1001 3536 τῶν
1030 3481 1336 3547 ὲνδοσθίων,
1375 3481 1470 3536 καὶ
1492 3481 1616 3545 τοὺς
1640 3481 1732 3535 δύο

152 3577 401 3648 νεφροὺς,
434 3577 528 3630 καὶ
556 3575 618 3628 τὸ
644 3575 810 3645 στέαρ
835 3574 897 3627 τὸ
928 3575 1015 3627 ἐπ’
1045 3572 1244 3639 αὐτῶν,
1273 3574 1303 3626 ὃ
1328 3574 1476 3627 ἐστιν
1502 3573 1594 3626 ἐπὶ
1622 3572 1733 3626 τῶν

156 3667 384 3739 μηρίων,
426 3667 523 3719 καὶ
563 3665 654 3719 τὸν
691 3664 845 3720 λοϐὸν
873 3664 965 3718 τὸν
999 3665 1094 3718 ἐπὶ
1130 3664 1224 3719 τοῦ
1249 3664 1459 3736 ἥπατος
1496 3667 1591 3721 σὺν
1619 3669 1732 3729 τοῖς

154 3762 368 3830 νεφροῖς
414 3758 657 3830 περιελεῖ
699 3758 850 3821 αὐτὸ,
888 3756 949 3811 ὃν
992 3756 1194 3829 τρόπον
1242 3758 1559 3829 ἀφαιρεῖται
1599 3757 1732 3811 αὐτὸ

155 3848 257 3901 ἀπὺ
283 3847 379 3901 τοῦ
422 3847 627 3918 μόσχου
657 3847 750 3900 τοῦ
785 3846 885 3917 τῆς
935 3845 1124 3909 θυσίας
1160 3845 1256 3899 τοῦ
1296 3845 1596 3917 σωτηρίου,
1636 3846 1732 3900 καὶ

156 3939 357 3992 ἀνοίσει
381 3941 410 3991 6
441 3937 619 4009 ἱερεὺς
649 3937 742 3990 ἐπὶ
768 3936 827 3990 τὸ
852 3938 1237 4008 θυσιαστήριον
1270 3938 1370 4008 τῆς
1391 3935 1733 4007 καρπώσεως

158 4029 248 4083 καὶ
266 4029 330 4082 τὸ
350 4028 530 4100 δέρμα
546 4026 643 4080 τοῦ
670 4026 893 4097 μόσχου,
914 4025 1006 4079 καὶ
1034 4026 1214 4079 πᾶσαν
1241 4024 1408 4078 αὐτοῦ
1428 4024 1527 4094 τὴν
1554 4023 1733 4095 σάρκα

160 4121 253 4174 σὺν
276 4123 345 4190 τῇ
372 4119 582 4191 κεφαλῇ
613 4118 707 4173 καὶ
730 4119 843 4181 τοῖς
881 4115 1245 4189 ἀκρωτηρίοις
1262 4157 1277 4184 ,
1306 4115 1399 4170 καὶ
1427 4119 1492 4189 τῇ
1518 4117 1693 4185 κοιλία
1715 4158 1730 4182 ,

160 4214 253 4266 καὶ
285 4217 353 4284 τῇ
397 4212 588 4284 κόπρῳ
607 4212 758 4270 ’.καὶ
795 4209 1088 4278 ἐξοίσουσιν
1113 4208 1233 4263 ὅλον
1269 4209 1360 4262 τὸν
1401 4209 1601 4280 μόσχον
1626 4209 1732 4275 ἔξω

159 4309 251 4376 τῆς
284 4305 640 4378 παρεμϐολῆς
678 4306 757 4369 εἰς
793 4303 957 4357 τόπον
983 4302 1241 4373 καθαρὸν,
1274 4293 1336 4354 οὗ
1358 4301 1609 4371 ὲκχεοῦσι
1635 4303 1733 4371 τὴν

161 4399 399 4452 σποδιὰν.
418 4398 529 4452 Καὶ
553 4395 986 4461 κατακαύσουσιν
1008 4393 1171 4448 αὑτὸν
1186 4394 1278 4446 ἐπὶ
1301 4392 1474 4460 ξύλων
1492 4393 1549 4446 ὲν
1574 4392 1729 4462 πυρί’

1819 550 2136 605 mandatum
2180 551 2234 603 in
2264 548 2463 618 primis
2490 548 2736 613 calleret,
2780 546 3131 602 Hebraeorum
3184 549 3404 618 populis

1822 648 2079 711 tanquam
2102 638 2418 710 hujusmodi
2450 653 2637 694 rerum
2657 652 2770 692 non
2808 636 3031 708 ignaris,
3080 643 3138 691 et
3190 638 3285 706 qui
3317 638 3401 693 lc-

1819 747 1940 802 gem
1966 730 2425 801 pervolutassent,
2451 744 2562 784 non
2588 729 2750 799 longa
2786 726 3128 791 narratione,
3159 726 3255 782 sed
3301 742 3401 797 po-

1823 823 1931 878 tius
1964 837 2150 878 rerum
2182 821 2291 877 illis
2355 829 2612 878 notarum
2663 819 3189 877 commemoratione
3226 819 3408 875 obiter

1821 913 1889 968 de
1947 922 2056 968 tam
2100 912 2433 969 venerandis
2485 913 2810 983 arcanisque
2864 911 3031 967 rebus
3072 910 3193 967 haec
3248 911 3404 967 dicit.

1822 1003 2059 1060 Alteram
2082 1004 2269 1076 igitur,
2289 1005 2336 1060 si
2355 1004 2599 1070 videtur,
2627 1004 2805 1074 legem
2849 1002 2954 1058 hac
2977 1003 3045 1059 de
3080 1019 3139 1059 re
3195 1004 3406 1058 consti-

1823 1104 2018 1161 tutam,
2043 1096 2099 1153 ei
2124 1098 2220 1167 qui
2244 1096 2451 1153 Christi
2483 1095 2806 1168 mysterium
2831 1094 3146 1165 perdiscere
3177 1095 3330 1160 velit,
3351 1103 3409 1149 et

1822 1188 2071 1244 locorum
2091 1189 2160 1243 ad
2197 1188 2684 1260 contemplandum
2719 1187 3126 1259 propositorum
3173 1203 3405 1243 accura-

1825 1287 1933 1333 tam
1958 1289 2015 1335 et
2041 1279 2336 1350 expolitam
2372 1280 2792 1351 explicationem
2830 1280 3023 1335 audire
3067 1279 3273 1351 cupiat.
3311 1278 3410 1333 Est

1825 1369 1993 1441 igitur
2014 1371 2071 1426 in
2093 1370 2343 1427 Levitico
2371 1373 2636 1443 scriptum
2675 1389 2688 1425 :
2731 1391 2749 1423 ι
2788 1372 2858 1426 Ει
2901 1372 3120 1427 locutus
3153 1380 3239 1426 est
3297 1370 3407 1425 Do-

1823 1461 2009 1516 minus
2031 1462 2101 1518 ad
2132 1461 2375 1534 Moysen,
2398 1463 2588 1519 dicens
2609 1482 2621 1516 :
2649 1463 2901 1534 Loquere
2924 1462 2992 1517 ad
3018 1462 3159 1518 filios
3193 1462 3364 1517 Israel
3390 1478 3404 1514 :

1822 1556 2039 1621 Anima,
2095 1557 2141 1612 si
2184 1557 2490 1628 peccaverit
2559 1571 2744 1612 coram
2800 1556 3030 1612 Domino
3092 1554 3257 1627 3&9
3294 1570 3406 1610 non

1824 1646 2150 1713 voluntarie,
2188 1648 2245 1702 in
2267 1648 2526 1703 omnibus
2549 1647 2836 1719 praeceptis
2856 1646 3098 1713 Domini,
3138 1663 3261 1718 qua:
3295 1662 3408 1701 non

1825 1743 2043 1807 oportet
2066 1736 2275 1801 facere,
2315 1745 2371 1792 et
2398 1736 2594 1793 fecerit
2616 1752 2786 1791 unum
2802 1736 2871 1792 de
2903 1736 3073 1807 ipsis;
3113 1737 3159 1792 si
3182 1737 3405 1808 quidem

1825 1844 2073 1885 summus
2088 1829 2349 1885 sacerdos
2373 1830 2470 1900 qui
2492 1836 2694 1886 unctus
2739 1838 2824 1884 est
2844 1829 3192 1900 peccaverit,
3230 1830 3306 1885 ita
3347 1837 3410 1886 ut

1825 1920 2061 1990 populus
2081 1928 2274 1990 peccet
2299 1937 2312 1974 :
2335 1919 2527 1975 afferet
2542 1936 2640 1991 pro
2654 1929 2878 1992 peccato
2901 1936 3022 1985 suo,
3041 1920 3188 1991 quod
3208 1936 3405 1992 pecca-

1826 2011 1924 2076 vit,
1951 2012 2187 2067 vitulum
2225 2028 2296 2069 ex
2338 2013 2518 2069 bobus
2562 2013 2973 2068 immaculatum
3028 2013 3262 2069 Domino
3303 2029 3407 2084 pro

1825 2112 2051 2173 peccato
2076 2119 2199 2170 suo,
2224 2112 2281 2160 et
2300 2104 2541 2161 adducet
2570 2105 2805 2160 vitulum
2838 2104 2907 2160 ad
2928 2105 3130 2161 ostium
3150 2105 3410 2162 taberna-

1824 2196 1937 2251 culi
1984 2196 2282 2253 testimonii
2343 2213 2529 2253 coram
2584 2198 2818 2255 Domino
2850 2207 2906 2254 et
2949 2197 3213 2253 mactabit
3254 2197 3405 2253 vitu-

1825 2287 1941 2342 lum
2002 2304 2190 2345 coram
2260 2289 2514 2345 Domino.
2568 2290 2637 2344 Et
2671 2289 2952 2360 accipiens
3009 2290 3270 2345 sacerdos
3298 2305 3405 2345 un-

1825 2387 1969 2447 ctus,
2005 2382 2166 2453 cujus
2217 2389 2571 2438 consecratae
2608 2390 2740 2437 sunt
2784 2397 3002 2448 manus,
3038 2381 3106 2438 de
3140 2382 3408 2453 sanguine

1827 2470 2009 2538 vituli,
2050 2471 2250 2527 inferet
2288 2472 2441 2527 illum
2474 2473 2530 2526 in
2557 2472 2972 2528 tabernaculum
2992 2473 3318 2538 testimonii,
3351 2482 3411 2529 et

1826 2562 2063 2634 intinget
2083 2562 2339 2619 sacerdos
2364 2564 2594 2635 digitum
2622 2564 2675 2618 in
2701 2564 3044 2636 sanguinem,
3077 2571 3135 2620 et
3160 2573 3413 2636 asperget

1828 2655 1897 2711 de
1916 2655 2179 2726 sanguine
2205 2656 2409 2727 septies
2440 2655 2612 2727 digito
2633 2672 2816 2711 coram
2854 2656 3086 2712 Domino
3120 2656 3189 2712 ad
3226 2657 3409 2713 velum

1829 2754 2102 2802 sanctum.
2132 2747 2201 2801 Et
2217 2747 2659 2817 ponetsacerdos
2687 2747 2755 2802 de
2779 2748 3046 2819 sanguine
3065 2748 3226 2805 vituli
3247 2763 3414 2820 super

1828 2853 2035 2894 cornua
2054 2837 2242 2893 altaris
2269 2838 2639 2909 thymiamatis
2684 2840 3123 2910 compositionis,
3158 2842 3307 2912 quod
3328 2832 3414 2897 est

1830 2940 1957 2987 ante
1986 2930 2298 2996 Dominum,
2332 2930 2477 3001 quod
2503 2940 2586 2986 est
2620 2930 2675 2984 in
2705 2932 3058 2987 tabernaculo
3089 2935 3409 3000 testimonii,

1829 3028 1887 3075 et
1910 3034 2128 3074 omnem
2153 3020 2475 3095 sanguinem
2499 3020 2657 3074 vituli
2673 3020 2922 3076 effundet
2943 3020 3012 3075 ad
3029 3022 3204 3077 basim
3225 3024 3415 3079 altaris

1834 3107 2157 3173 bolocausti,
2192 3108 2339 3179 quod
2368 3118 2454 3163 est
2473 3109 2541 3163 ad
2569 3109 2769 3164 ostium
2797 3110 3136 3166 tabernaculi
3163 3115 3412 3170 testimo-

1832 3196 1935 3264 nii,
1955 3206 2012 3254 et
2031 3214 2250 3254 omnem
2280 3200 2498 3270 adipem
2518 3200 2677 3255 vituli
2708 3217 2807 3270 pro
2826 3211 3051 3271 peccato
3079 3204 3293 3259 auferet
3342 3206 3412 3262 ab

1830 3288 1944 3353 illo,
1971 3289 2317 3360 adipem,qui
2343 3291 2521 3360 operit
2550 3290 2899 3356 intestina,et
2923 3307 3140 3348 omnem
3170 3294 3411 3365 adipem,

1830 3379 1925 3450 qui
1953 3387 2037 3435 est
2063 3394 2230 3450 super
2255 3381 2534 3445 intestina,
2560 3389 2614 3435 et
2648 3380 2788 3436 duos
2814 3383 3146 3439 renunculos
3194 3394 3250 3440 et
3291 3385 3410 3440 adi-

1831 3486 1978 3542 pem,
2031 3472 2124 3543 qui
2169 3488 2336 3543 super
2359 3487 2456 3527 eos
2502 3482 2606 3535 est,
2640 3473 2734 3543 qui
2766 3481 2851 3529 est
2903 3489 3069 3544 super
3089 3475 3327 3542 lumbos,
3357 3485 3415 3533 et

1831 3564 2078 3634 pinnam,
2096 3565 2191 3636 qui
2211 3573 2295 3620 est
2317 3579 2484 3634 super
2504 3566 2682 3636 jecur,
2711 3580 2835 3620 cum
2863 3567 3181 3623 renunculis
3200 3568 3415 3624 auferet

1834 3654 1991 3721 illud,
2021 3657 2481 3728 quemadmodum
2513 3656 2761 3712 aufertur
2791 3673 2823 3712 a
2857 3659 3034 3714 vitulo
3087 3659 3280 3715 hostiae
3327 3676 3415 3717 sa-

1833 3749 2049 3814 lutaris,
2074 3757 2131 3805 et
2151 3747 2347 3803 oﬂ‘eret
2369 3748 2628 3803 sacerdos
2644 3764 2811 3819 super
2841 3750 3015 3805 altare
3046 3752 3324 3819 sacriﬁcii,
3358 3761 3416 3809 et

1834 3840 2032 3911 pellem
2053 3840 2234 3906 vituli,
2256 3848 2313 3896 et
2337 3855 2556 3896 omnem
2582 3840 2728 3896 illius
2748 3857 2969 3897 carnem
2997 3857 3122 3899 cum
3151 3846 3329 3916 capite
3360 3856 3418 3902 et

1833 3933 2294 3998 extremitatibus,
2319 3941 2377 3987 et
2404 3941 2597 3989 ventre
2634 3941 2692 3988 et
2712 3932 2863 4001 ﬁmo;
2895 3944 2951 3989 et
2974 3934 3210 3992 eﬂ‘erent
3239 3948 3416 3995 totum

1833 4024 2067 4080 vitulum
2098 4032 2250 4081 extra
2281 4032 2479 4089 castra,
2515 4022 2570 4076 in
2590 4023 2772 4077 locum
2800 4024 3086 4089 mundum,
3114 4027 3209 4081 ubi
3240 4029 3417 4084 effun-

1834 4117 1974 4171 dunt
2001 4118 2267 4183 cinerem,
2286 4122 2344 4169 et
2365 4114 2695 4169 comburent
2715 4115 2867 4167 illum
2899 4116 3241 4188 superlignis
3264 4119 3414 4189 igni;

1836 4210 1891 4263 in
1918 4207 2187 4262 effusione
2207 4204 2411 4260 cineris
2430 4203 2899 4258 comburentur".
2914 4224 2931 4255 ι
2954 4205 3132 4275 Atque
3146 4207 3263 4263 haec
3287 4208 3419 4279 qui-

1833 4299 1959 4354 dem
2015 4298 2104 4351 lex
2140 4294 2259 4349 ﬁeri
2304 4294 2490 4365 jussit,
2539 4293 2585 4347 si
2618 4309 2725 4363 qua
2776 4294 3096 4364 ignorantiae
3138 4299 3297 4369 culpa
3359 4300 3413 4355 in

1836 4403 2053 4443 summo
2082 4385 2370 4441 sacerdote
2395 4384 2684 4440 resederit.
2708 4385 3020 4451 Quinetiam
3045 4387 3225 4458 inquit
3252 4390 3417 4461 Oper;

158 4491 246 4542 ἐπὶ
278 4492 381 4561 τῆς
409 4488 690 4560 ὲκχύσεως
735 4487 833 4557 τῆς
862 4486 1086 4549 σποδιάς
1108 4485 1462 4555 καυθήσεται.
1495 4501 1514 4534 ι
1562 4482 1729 4535 Ταυτὶ

1840 4493 1974 4544 tere,
1999 4488 2062 4533 ut
2109 4493 2210 4549 pro
2239 4476 2427 4548 populi
2457 4492 2677 4547 quoque
2728 4477 3037 4548 ignorantia
3085 4481 3416 4538 sacrificium

160 4582 255 4650 μὲν
275 4583 304 4634 ὁ
333 4582 498 4651 νόμος
518 4578 770 4649 γενέσθαι
802 4577 1190 4649 προστέταχεν,
1217 4578 1265 4629 εἰ
1286 4573 1395 4628 τῶν
1426 4574 1486 4638 ἐξ
1514 4573 1735 4642 ἀγνοίας

155 4671 516 4743 πταισμάτων
550 4669 957 4740 καταγράφοιτό
981 4684 1035 4721 τι
1064 4665 1157 4721 τοῦ
1199 4664 1526 4738 προύχοντος
1563 4667 1621 4718 ὲν
1656 4665 1736 4716 is-

156 4764 399 4834 ρωσύνῃ.
441 4762 655 4833 Χρῆναι
705 4759 762 4813 δέ
806 4776 940 4831 φησι
988 4759 1082 4812 καὶ
1132 4757 1274 4828 ὑπὲρ
1311 4755 1421 4811 τῶν
1462 4754 1557 4808 τοῦ
1606 4754 1737 4808 λαοῦ

153 4855 518 4926 ἀγνοημάτων
554 4851 916 4906 ἐπιτελεῖσθαι
956 4851 1147 4905 θυσίαν
1197 4849 1398 4921 μόσχου
1435 4863 1740 4918 προσκομι-

152 4946 387 5015 ζομὲνου
420 4944 762 5013 σφαζομένου
799 4960 859 4996 τε
897 4942 1072 5005 οὕτως
1105 4941 1257 5013 παρὰ
1293 4940 1394 5004 τὰς
1432 4938 1600 5011 θύρας
1638 4940 1739 5009 τῆς

153 5036 363 5106 σκηνῆς
388 5034 483 5087 τοῦ
524 5034 827 5105 μαρτυρίου
870 5033 1049 5086 ἔναντι
1079 5032 1304 5102 Κυρίου,
1338 5031 1433 5084 καὶ
1462 5029 1572 5083 τῶν
1605 5046 1739 5100 πρε-

152 5123 437 5196 σϐυτέρων
458 5124 560 5194 τῆς
579 5124 908 5194 Συναγωγῆς
929 5122 1224 5176 ἐπιθέντων
1245 5121 1394 5193 αὐτῷ
1415 5121 1511 5184 τὰς
1532 5122 1738 5191 χεῖρας,

150 5218 552 5289 εἰσφερομένου
580 5233 637 5270 τε
667 5215 761 5268 τοῦ
787 5216 1017 5286 αἵματος
1034 5214 1112 5277 είς
1126 5212 1196 5267 τὰ
1220 5213 1388 5281 Ἀγια
1416 5213 1525 5265 τῶν
1546 5211 1738 5280 ἁγίων,

150 5309 245 5360 καὶ
282 5305 624 5373 ἁπαξαπλῶς
671 5306 845 5357 εἰπεῖν
904 5304 1123 5357 πάντων
1174 5301 1608 5372 ἐπιτελουμένων
1654 5300 1739 5353 ἐπ’

150 5400 300 5472 αὐτῷ
330 5401 456 5455 καθ’
479 5398 779 5469 ὁμοιότητα
806 5396 904 5467 τῆς
931 5394 1121 5456 θυσίας
1148 5394 1287 5464 ὑπὲρ
1325 5391 1555 5463 Ἀαρών.
1596 5389 1733 5444 Ἀλλ’

147 5492 229 5543 ὅτι
268 5494 373 5563 μὲν
398 5492 463 5562 δὴ
498 5491 594 5545 καὶ
619 5487 812 5558 ἱερέων
844 5486 938 5540 καὶ
965 5484 1096 5538 λαοῦ
1125 5483 1391 5556 κάθαρσις
1419 5484 1448 5535 6
1482 5480 1737 5553 Χριστὸς,

145 5578 555 5653 δεδικαιώμεθα
576 5578 689 5650 γὰρ
718 5577 776 5631 ὲν
799 5576 948 5630 αὐτῶ
966 5574 1057 5628 τὸν
1084 5575 1147 5627 ἐκ
1174 5572 1274 5643 τῆς
1304 5572 1576 5643 ἁμαρτίας
1607 5571 1739 5625 ἀπο-

212 5766 260 5798 "
287 5765 476 5824 Levit.
516 5781 596 5833 1v,
632 5762 790 5818 1-12.

1838 4572 1949 4636 ﬁat,
1989 4571 2153 4625 allato
2199 4569 2393 4632 vitulo,
2426 4582 2677 4638 caasoque
2721 4569 2791 4623 ad
2827 4568 3027 4623 ostium
3078 4571 3416 4628 tabernaculi

1837 4659 2136 4717 testimonii
2171 4672 2356 4714 coram
2385 4658 2634 4722 Domino,
2669 4658 3081 4729 imponentibus
3103 4660 3181 4715 illi
3220 4677 3416 4719 manus

1836 4750 2129 4823 Syuagogaa
2158 4747 2491 4813 senioribus,
2514 4756 2571 4802 et
2598 4748 2654 4803 in
2685 4749 2883 4804 Sancta
2912 4760 3226 4805 sanctorum
3263 4752 3416 4808 illato

1835 4840 2121 4911 sanguine,
2154 4845 2231 4903 et,
2261 4845 2322 4893 ut
2343 4853 2455 4893 uno
2492 4839 2663 4894 verbo
2682 4838 2882 4904 dicam,
2915 4839 3174 4895 omnibus
3218 4843 3413 4899 simili-

1835 4942 1921 4988 ter
1952 4931 2130 4996 factis,
2157 4947 2220 4986 ac
2246 4930 2315 4986 de
2345 4930 2525 4986 hostia
2562 4946 2666 5001 pro
2688 4931 2870 4987 Aaron
2913 4932 3119 4989 dictum
3153 4944 3257 4993 est.
3281 4937 3417 4995 Esse

1837 5034 2019 5081 autem
2063 5023 2342 5079 Christum
2392 5032 2445 5077 et
2487 5023 2848 5088 sacerdotem,
2906 5032 2962 5079 et
3007 5027 3193 5096 populi
3225 5028 3418 5099 expia-

1841 5120 2045 5174 tionem
2074 5115 2151 5189 (in
2175 5117 2295 5187 ipso
2346 5131 2584 5186 namque
2633 5114 2918 5187 justiﬁcati
2965 5132 3175 5186 sumus,
3205 5122 3417 5191 peccati

1839 5208 2070 5263 maculis
2095 5207 2341 5287 ablutis),
2370 5224 2468 5277 per
2495 5208 2611 5263 haec
2632 5221 2851 5277 quoque
2867 5209 3045 5265 cuivis
3067 5212 3418 5281 perspicuum

1842 5300 1959 5355 ﬁeri
1983 5307 2182 5369 potest.
2208 5299 2464 5353 Dicamus
2485 5305 2669 5353 autem
2692 5297 3030 5369 singillatim,
3063 5317 3185 5371 quae
3198 5302 3268 5356 ad
3299 5302 3417 5357 sin-

1842 5392 1997 5463 gulas
2042 5390 2205 5460 hujus
2249 5388 2546 5457 Scriptura:
2581 5395 2768 5459 partes
2801 5392 3151 5461 explicandas
3177 5391 3415 5460 faciunt;

1846 5495 1969 5534 nam
2000 5479 2106 5532 hoc
2134 5477 2301 5533 modo
2330 5477 2588 5534 distincte
2619 5480 3003 5550 progredietur
3023 5483 3219 5549 oratio,
3250 5490 3308 5539 et
3328 5497 3416 5552 ea,

1846 5554 1968 5640 (ιιιεὲ
1990 5569 2181 5636 latent,
2207 5567 2387 5638 quoad
2429 5566 2546 5623 ﬁeri
2574 5570 2795 5641 poterit,
2823 5571 3052 5643 aperiet.
