3962 6296
551 338 711 400 θεῖ’

1573 344 1628 398 S.
1671 342 1949 401 CYRILLI
1990 343 2172 399 ALEX
2188 342 2462 399 ANDRINI
2502 340 2819 397 ARCHIEP.

3727 337 3838 395 688

536 455 859 533 τριϐόμενοι
877 453 1179 527 τμηλυσμὸν,
1205 454 1296 508 καὶ
1314 453 1401 508 διὰ
1425 453 1627 509 τούτων
1667 456 1732 511 ἂν
1768 458 1980 528 γένοιτο
2017 461 2181 514 παντί
2246 475 2324 528 τῳ
2352 457 2541 528 σαφές.
2572 458 2837 529 Λέγωμεν
2871 456 2925 510 δὲ
2949 454 3051 510 ἀνά
3081 456 3246 528 μέρος
3269 455 3336 510 τὰ
3366 456 3449 526 ἐφ’
3484 455 3700 526 ἑκάστῳ
3726 452 3840 511 τῶν

540 553 952 629 γεγραμμένων
980 569 993 583 ·
1044 552 1276 622 προήκοι
1304 550 1415 622 γὰρ
1476 551 1541 608 ἂν
1590 553 1856 624 εύκρινῶς
1877 555 1908 607 6
1935 553 2094 624 λόγος
2132 553 2229 607 καὶ
2256 552 2623 619 διαπτύσσων,
2657 555 2732 617 ὼς
2761 554 2864 619 ἔνι,
2892 552 2961 607 τὰ
2987 551 3368 623 κεκρυμμένα.

608 646 1012 723 350tPALL.
1030 644 1273 716 Optime.

621 743 779 799 CYB.
817 739 1066 796 Sumitur
1092 739 1277 809 itaque
1321 739 1531 795 vitulus
1557 739 1964 806 immaculatus,
1995 749 2054 796 et
2079 739 2138 794 in

514 870 519 877 η
552 851 663 906 quo
698 834 846 887 nulla
879 832 951 888 sit
989 831 1174 902 plaga,
1216 831 1272 886 in
1301 830 1509 886 Christi
1540 831 1794 902 ﬁguram,
1834 831 1985 888 illius
2006 846 2140 887 vere

554 924 912 991 inmaeulati,
943 931 1001 978 et
1052 923 1148 993 qui
1194 923 1405 994 peccati
1442 924 1646 989 vulnus
1698 923 1984 994 suscipere
2025 938 2139 979 non

552 1018 821 1075 suetinuit
863 1036 875 1071 :
916 1037 933 1068 ι
972 1017 1135 1072 Venit
1174 1016 1345 1082 enim,
1392 1016 1595 1087 inquit,
1652 1017 1913 1087 princeps
1946 1013 2140 1070 mundi

528 1111 743 1182 hujus,
788 1117 843 1164 et
883 1109 938 1164 in
977 1123 1064 1162 me
1086 1108 1227 1163 nihil
1274 1109 1519 1163 inveniet
1537 1109 1624 1173 ἐς
1676 1128 1695 1159 ι
1752 1122 1935 1178 neque
1990 1106 2142 1163 enim

546 1203 688 1257 fecit
749 1207 1065 1271 peccatum,
1124 1205 1186 1253 ut
1243 1198 1541 1269 Seripturae
1579 1197 1806 1254 tradunt
1833 1201 1902 1252 θ’.
1960 1196 2141 1253 Affer-

2172 656 2220 713 Α
2317 649 2526 704 ΠΑΛΛ.
2568 645 2641 703 Εὖ
2670 648 2826 720 ἔφης.

2311 740 2474 797 ΚΥΡ.
2517 740 2870 813 Λαμϐἁνεται
2916 741 3099 793 τοίνυν
3134 741 3164 793 6
3193 741 3391 812 μόσχος
3431 741 3737 813 ἀμώμητὸς
3778 759 3839 797 τε

2241 830 2337 884 καὶ
2374 829 2555 901 ἀπλὴξ
2579 831 2660 894 εἰς
2702 829 2872 883 τύπον
2910 828 3149 901 Χριστοῦ
3191 830 3286 883 τοῦ
3313 831 3532 902 ἀληθῶς
3565 831 3835 903 ἀμώμου,

2242 921 2338 977 καὶ
2370 920 2460 976 τὸν
2488 920 2554 974 ὲκ
2585 921 2684 992 τῆς
2712 919 2986 992 ἁμαρτίας
3013 921 3436 992 τραυματισμὸν
3471 923 3572 974 οὐκ
3602 923 3841 990 ἀνασχο-

2246 1012 2409 1085 μένου
2437 1011 2649 1066 παθεῖν.
2696 1031 2716 1065 ι
2758 1013 3027 1085 Ἔρχεται
3058 1013 3190 1083 γὰρ,
3241 1016 3428 1083 φησὶν,
3463 1016 3491 1067 6
3523 1015 3710 1085 ἀρχων
3740 1015 3839 1067 τοῦ

2243 1099 2451 1171 κόσμου
2479 1099 2694 1167 τούτου,
2724 1102 2821 1155 καὶ
2847 1103 2904 1155 ἐν
2937 1102 3062 1173 ἐμοὶ
3084 1102 3307 1172 εὑρήσει
3335 1103 3489 1157 οὐδέν
3511 1121 3524 1136 ο
3562 1123 3580 1156 ι
3626 1105 3688 1157 οὐ
3726 1104 3841 1175 γὰρ

2246 1193 2504 1266 ἐποίησεν
2525 1194 2827 1266 ἁμαρτίαν,
2855 1193 2998 1248 κατά
3018 1194 3117 1259 τὰς
3141 1195 3386 1267 Γραφάς.
3412 1197 3763 1265 Προσάγεται
3783 1198 3841 1250 δὲ

532 1301 649 1347 "ur
699 1300 880 1347 autent
919 1290 985 1345 ad
1038 1290 1183 1361 ipsas
1225 1290 1568 1346 tabernaculi
1601 1290 1749 1345 fores
1804 1304 1991 1345 coram
2038 1289 2145 1343 Do-

2259 1284 2384 1356 πρὸς
2423 1285 2615 1350 αὐταῖς
2660 1285 2761 1356 τῆς
2803 1286 2964 1356 ἁγίας
3003 1287 3211 1359 σκηνῆς
3252 1290 3375 1352 ταῖς
3421 1287 3615 1359 θύραις
3653 1287 3843 1344 ἔναντι

559 1395 740 1435 nune:
762 1380 906 1450 quod
926 1379 1036 1449 pati
1068 1394 1168 1449 pro
1190 1379 1308 1450 ipso
1330 1388 1521 1435 saneto
1549 1379 1924 1445 tabernaculo,
1953 1378 2009 1434 id
2037 1388 2140 1445 est,

534 1488 661 1542 .pro
690 1471 933 1527 Ecclesia
960 1486 1069 1525 non
1096 1470 1388 1536 recusarit,
1425 1470 1521 1526 sed
1547 1486 1648 1541 pro
1679 1471 1771 1526 illa
1799 1472 1913 1526 Deo
1947 1486 2012 1526 ac
2038 1472 2143 1526 Pa-

536 1566 631 1619 .tri
667 1567 721 1619 in
755 1565 978 1619 odorem
1026 1563 1313 1618 suavitatis
1345 1563 1565 1618 oblatus
1583 1564 1675 1619 sit.
1704 1564 2027 1635 -—-Ideoque
2062 1564 2147 1619 di-

561 1657 771 1713 cebat:
816 1677 833 1707 ε
877 1656 983 1712 Pro
1034 1655 1168 1725 ipsis
1236 1671 1339 1726 ego
1386 1655 1672 1711 sanetiﬁeo
1716 1656 1989 1726 meipsum
2019 1657 2059 1709 ί.
2118 1674 2138 1708 ι

561 1750 719 1815 Nam,
756 1763 880 1804 cum
913 1746 1066 1812 dicit,
1091 1746 1395 1811 sanetitieo,
1435 1747 1542 1801 hoc
1563 1746 1856 1818 signiﬁcat,
1876 1746 2051 1801 oﬂ'ero
2082 1760 2147 1802 ac

562 1842 805 1897 devoveo
852 1839 1122 1910 meipsum
1184 1839 1519 1894 oblationem
1577 1837 1986 1894 immaculatam
2033 1840 2147 1895 Deo

550 1916 708 1989 Patri
750 1951 764 1985 :
796 1930 1125 1987 sanctiﬁcari
1155 1930 1302 1985 enim
1329 1929 1552 1997 dicitur,
1576 1931 1723 2002 quod
1758 1931 1871 1986 Deo
1895 1931 2147 1999 dicatur,

2244 1375 2480 1447 Κυρίου,
2503 1376 2564 1430 τὸ
2590 1376 2782 1431 παθεῖν
2812 1377 3000 1450 ὥσπερ
3025 1380 3086 1433 ού
3117 1380 3577 1451 παραιτούμενος,
3604 1382 3752 1452 ὑπέρ
3773 1399 3842 1450 γε

2244 1469 2344 1540 τῆς
2370 1469 2531 1537 ἁγίας
2556 1469 2791 1540 σκηνῆς.
2821 1468 2967 1523 τοῦτ’
2993 1469 3139 1531 ἔστι,
3170 1472 3270 1542 τῆς
3307 1472 3636 1544 Ἐκκλησίας
3655 1513 3671 1538 ,
3700 1475 3841 1527 ἀνα-

2246 1559 2560 1630 τεθειμένος
2585 1576 2646 1613 τε
2689 1560 2831 1632 ὑπὲρ
2859 1560 3031 1632 αὐτῆς
3059 1561 3141 1625 είς
3169 1561 3344 1633 ὀσμὴν
3366 1563 3590 1628 εὐωδίας
3613 1563 3692 1635 τῷ
3716 1565 3844 1635 Θεῷ

2201 1676 2214 1686 ·
2247 1652 2341 1705 καὶ
2378 1651 2572 1723 Πατρί.
2613 1651 2904 1724 Τοιγάρτοι
2935 1652 3034 1706 καλ¹
3074 1651 3333 1722 έφασκεν,
3379 1673 3398 1707 ‹
3458 1655 3629 1728 ’Υπὲρ
3654 1657 3845 1710 αὐτῶν

2247 1743 2597 1816 emanare
2618 1746 2875 1817 ἐμαυτόν.
2907 1766 2927 1800 ›
2950 1747 3057 1813 τδ,
3086 1748 3317 1817 ἁγιάζω,
3336 1748 3543 1819 λέγων,
3567 1750 3693 1804 ἀντι
3716 1735 3844 1815 me;

2248 1838 2533 1909 προσάγω,
2589 1838 2686 1893 καὶ
2721 1837 3018 1911 ἀνατίθημι
3054 1839 3372 1912 προσφορὰν
3417 1840 3716 1913 ἀμώμητον
3762 1843 3848 1913 τῷ

2248 1931 2371 2004 Θεῷ
2392 1933 2486 1986 καὶ
2507 1932 2703 2003 Πατρί.
2731 1931 3082 2000 ’Δγιάζεσθαι
3105 1931 3213 2002 γὰρ
3235 1931 3453 2001 λέγεται
3482 1932 3544 1985 τὸ
3574 1932 3846 1987 ἀνατιθέ-

554 2028 711 2096 juxta
740 2025 795 2080 id
838 2024 985 2094 quod
1011 2024 1276 2094 scriptum
1301 2033 1424 2079 est:
1460 2044 1479 2076 ι
1515 2024 1771 2095 Laqueus
1794 2033 1881 2080 est
1908 2023 2143 2090 homini,

2259 2003 2412 2096 μενον
2463 2022 2542 2095 τῷ
2583 2022 2736 2095 Θεῷ,
2777 2022 2898 2076 κατ’
2942 2023 3119 2076 ἐκεῖνό
3170 2040 3273 2076 που
3321 2023 3383 2077 τὸ
3430 2025 3844 2095 γεγραμμένον·

556 2118 674 2172 cito
711 2115 918 2188 aliquid
954 2124 991 2170 'e
1010 2114 1128 2170 suis
1153 2115 1322 2170 rebus
1347 2114 1693 2170 sanctiﬁcare
1723 2133 1738 2182 ;
1761 2130 1907 2180 nam,
1931 2120 2147 2185 postea-

561 2226 727 2280 quam
762 2208 1084 2273 devoverit,
1118 2207 1179 2261 ﬁt
1208 2215 1269 2262 ut
1304 2207 1569 2278 paeniteat
1592 2210 1633 2261 '.
1682 2228 1700 2260 ›
1730 2209 1922 2263 Fuisse
1960 2215 2148 2263 autem

566 2301 882 2375 liajusmodi
903 2300 1240 2355 oblationem
1280 2306 1585 2371 acceptam,
1622 2314 1687 2355 ac
1725 2301 1849 2355 Deo
1867 2300 2146 2371 placitam,

562 2397 847 2453 declarant
887 2394 979 2449 illa
1008 2392 1176 2449 verba
1211 2410 1223 2446 :
1263 2410 1282 2443 ‹
1313 2391 1511 2447 Coram
1544 2391 1803 2447 Domino.
1837 2411 1855 2443 ι
1878 2391 2152 2462 lnteliigi-

512 2508 521 2535 ί
558 2502 690 2542 mus
707 2485 855 2540 enim
896 2483 972 2547 id,
995 2482 1141 2553 quod
1170 2481 1239 2536 de
1267 2481 1358 2535 illo
1382 2480 1612 2536 fratrum
1638 2497 2024 2552 germanorum
2057 2496 2154 2550 pa-

566 2577 615 2631 ri
639 2577 905 2646 scriptum
947 2582 1051 2638 est,
1088 2572 1157 2628 de
1185 2571 1344 2636 Cain,
1386 2572 1632 2641 inquam,
1675 2580 1732 2625 et
1787 2572 1946 2627 Abel.
1984 2591 2002 2623 ‹
2040 2571 2151 2626 Rev

568 2668 747 2740 spexit
773 2666 946 2730 enim,
989 2665 1170 2736 inquit
1207 2705 1221 2729 ,
1255 2664 1401 2718 Deus
1436 2663 1504 2719 ad
1535 2662 1694 2729 Abel,
1719 2672 1777 2718 et
1818 2662 1888 2718 ad
1924 2676 2153 2717 munera

567 2762 688 2831 ejus
713 2776 727 2813 :
752 2757 820 2812 ad
840 2756 975 2812 Cain
1000 2764 1185 2811 autem
1213 2762 1270 2810 et
1290 2753 1358 2810 ad
1383 2753 1655 2810 sacriﬁcia
1675 2747 1794 2824 ejus
1821 2769 1934 2809 non
1971 2760 2152 2807 atten-

566 2848 726 2914 dit’;
764 2867 784 2899 ι
816 2861 941 2901 nam
962 2845 1236 2916 respicere
1258 2845 1413 2899 illum
1438 2842 1492 2898 id
1524 2842 1672 2913 quod
1701 2843 1807 2898 sibi
1826 2842 2068 2913 placeat;
2099 2851 2156 2897 et

565 2936 806 2994 vicissim
824 2934 1065 2991 aversari
1094 2933 1240 3003 quod
1271 2948 1432 2988 secus
1467 2932 1687 2997 habeat,
1708 2947 1819 2987 non
1840 2939 1926 2987 est
1953 2931 2154 2986 obscu-

567 3045 711 3086 rum.
746 3029 1067 3098 Imponente
1110 3034 1296 3081 autem
1330 3041 1525 3081 manus
1568 3025 1627 3080 iu
1665 3024 1901 3079 vitulum
1930 3039 2019 3089 eo,
2058 3023 2153 3093 qui

560 3121 816 3195 peccavit
834 3161 848 3186 ,
873 3119 1106 3175 eaaditur
1136 3117 1337 3183 hostia,
1363 3126 1424 3172 et
1455 3117 1511 3172 in
1539 3124 1840 3188 conspectu
1868 3115 1969 3170 Dei
1996 3114 2159 3169 caedi-

2255 2132 2274 2165 ‹
2314 2111 2492 2180 Παγὶς
2522 2112 2677 2184 ἀνδρὶ
2695 2152 2710 2176 ,
2733 2112 2871 2184 ταχύ
2892 2131 2945 2167 τι
2974 2112 3086 2166 τῶν
3111 2112 3255 2167 ἰδίων
3282 2112 3506 2182 ἁγιάσαι
3526 2129 3538 2140 ’
3570 2113 3710 2184 μετά
3730 2114 3849 2187 γὰρ

2247 2203 2310 2257 τὸ
2336 2202 2615 2269 εὔξασθαι,
2646 2206 2929 2275 μετανοεῖν
2950 2203 3182 2273 γίνεται.
3216 2222 3235 2255 ι
3262 2201 3387 2256 Ὅτι
3410 2203 3467 2257 δὲ
3489 2204 3522 2274 ἡ
3551 2208 3852 2276 προσφορὰ

2248 2294 2413 2367 δεκτὴ
2442 2295 2537 2348 καὶ
2566 2295 2882 2366 εὐάρεστος,
2933 2293 3085 2365 δηλοῖ
3109 2294 3191 2357 τὸ,
3232 2312 3250 2345 ι
3291 2294 3512 2348 Ἔναντι
3537 2294 3773 2364 Κυρίου.
3827 2315 3848 2347 ι

2251 2371 2499 2458 Νοούμεν
2522 2386 2631 2457 γὰρ
2660 2386 2762 2457 ἠδη
2791 2386 2852 2440 τὸ
2881 2385 3269 2457 γεγραμμένον
3299 2385 3392 2438 ἐπὶ
3416 2385 3514 2454 τῆς
3549 2385 3661 2440 τῶν
3687 2386 3854 2441 ἀδελ·-

2253 2479 2370 2550 φῶν
2400 2477 2707 2550 ξυνωρίδος,
2745 2478 2887 2532 Καῒν
2938 2478 2998 2530 τέ
3030 2493 3176 2547 φημι
3222 2476 3317 2530 καὶ
3357 2476 3530 2531 ’Δ6έλ.
3568 2495 3588 2528 ι
3629 2477 3853 2533 Ἐπεῖδε

2254 2569 2357 2640 μὲν
2386 2569 2528 2638 γὰρ,
2561 2566 2718 2637 φησί’⁵
2745 2608 2761 2633 ,
2793 2568 2824 2620 6
2858 2566 2990 2630 Θεὸς
3038 2567 3130 2619 ἐπὶ
3175 2564 3330 2640 Ἀϐέλ
3357 2582 3418 2617 τε
3454 2565 3548 2618 καὶ
3581 2566 3676 2619 ἐπὶ
3730 2570 3857 2631 τοῖς

2250 2637 2446 2732 δώροις
2469 2637 2670 2725 αὑτοῦ,
2703 2658 2796 2712 ἐπὶ
2823 2658 2880 2711 δὲ
2911 2656 3051 2712 Καῒν
3073 2658 3168 2712 καλ⁸
3193 2637 3556 2721 ταῖξθυσίαις
3585 2657 3755 2711 αύτοῦ
3788 2659 3855 2713 οὐ

2254 2751 2560 2823 προσέσχεν
2589 2767 2603 2781 ·
2649 2768 2668 2802 ι
2701 2751 2874 2822 ἐφορᾷ
2902 2752 3013 2822 γὰρ
3041 2751 3121 2804 ὅτι
3158 2750 3220 2803 τὸ
3255 2748 3478 2803 ἀνδὰνον
3534 2748 3706 2821 αὐτῷ,
3753 2753 3859 2806 καὶ

2255 2842 2659 2915 ἀποστρέφεται
2691 2842 2865 2913 μισῶν
2906 2843 2966 2895 τὸ
3002 2843 3076 2913 μὴ
3109 2840 3284 2907 οὕτως
3331 2841 3472 2912 ἔχον,
3518 2842 3619 2895 οὐκ
3660 2842 3859 2914 ἀσυμ-

2257 2932 2444 3004 φανές.
2485 2933 2909 3005 Ἐπιτιθεμένων
2944 2933 3003 2987 δὲ
3034 2931 3115 3004 τῷ
3145 2933 3330 3005 μόσχῳ
3361 2932 3472 2986 τῶν
3506 2934 3708 3006 χειρῶν
3749 2935 3859 2990 ’τυῦ

2256 3026 2735 3098 διημαρτηκότος,
2792 3027 2827 3097 ἠ
2879 3024 3062 3097 σφαγὴ
3107 3025 3427 3097 πράττεται·
3481 3026 3577 3079 καὶ
3613 3027 3862 3084 ἐνώπιον

2260 3118 2489 3189 Κυρίου.
2531 3139 2550 3172 ι
2581 3118 2755 3182 Αὐτὸς
2786 3119 2895 3191 γὰρ
2929 3117 3087 3190 ἡμῶν
3110 3118 3255 3189 αἴρει
3277 3118 3375 3183 τὰς
3414 3119 3714 3191 ἁμαρτίας,
3752 3125 3862 3177 καὶ

568 3224 694 3274 ιω.
743 3233 761 3265 ‹
789 3213 910 3283 Ipse
939 3210 1086 3266 enim
1118 3217 1301 3280 portat
1335 3208 1654 3279 iniquitates
1693 3216 1945 3273 nostras,
1973 3215 2029 3262 et
2054 3221 2155 3278 pro

2263 3213 2405 3285 ὑπὲρ
2435 3214 2467 3283 ὴ
2479 3212 2595 3283 μῶν
2631 3212 2883 3265 ὁδυνᾶται
2919 3230 2938 3262 ι
2977 3210 3336 3282 σφαζόμενος.
3396 3213 3597 3283 Ἔργον
3632 3214 3742 3285 γὰρ
3788 3217 3864 3289 δὴ

565 3307 731 3363 nobis
747 3304 896 3360 dolet
909 3303 949 3369 ⁸,
971 3321 989 3354 ι
1007 3302 1137 3358 dum
1156 3302 1414 3367 czeditur;
1441 3300 1624 3371 operis
1643 3299 1790 3355 enim
1805 3307 1861 3354 et
1880 3299 2162 3355 actionum

569 3401 801 3473 ﬁguram
868 3414 980 3468 prae
1019 3412 1079 3452 se
1127 3395 1317 3450 ferunt
1344 3409 1560 3448 manus.
1606 3391 1883 3448 Caeterum
1938 3391 1994 3446 in
2026 3406 2160 3446 eon-

570 3501 761 3564 speetu
783 3490 881 3546 Dei
908 3488 1137 3547 czeditur
1160 3486 1306 3556 quod
1329 3487 1492 3540 Pater
1509 3483 1909 3556 propemodum
1930 3498 2164 3538 consen-

575 3584 722 3646 tiret,
753 3589 814 3636 ut
861 3595 961 3649 pro
990 3577 1152 3633 nobis
1191 3576 1363 3630 Filius
1402 3582 1743 3639 moreretur;
1801 3588 1982 3643 neque
2014 3572 2161 3626 enim

568 3680 880 3737 aversatur,
907 3685 1032 3724 eum
1079 3667 1352 3723 immolari
1378 3666 1581 3721 Filium
1615 3665 1833 3736 aspicit,
1882 3680 1993 3739 non
2015 3664 2163 3734 quod

562 3769 695 3837 ejus
714 3763 1023 3833 passionem
1055 3774 1282 3830 prorsus
1321 3756 1611 3827 approbet,
1685 3755 1785 3811 sed
1822 3756 1972 3825 quod
2008 3755 2163 3809 illum

564 3850 899 3909 Emmanuel
930 3864 1031 3919 pro
1067 3847 1230 3901 nobis
1261 3846 1375 3916 pati
1401 3861 1519 3899 rem
1550 3860 1674 3901 esse
1709 3845 1919 3901 mundo
1957 3844 2164 3902 saluta-

576 3957 715 4007 rem,
744 3956 855 3995 non
876 3940 1108 4011 ignoret.
1137 3938 1259 4008 Ipse
1288 3936 1461 4009 igitur
1481 3945 1669 3992 nostra
1698 3944 1926 4006 peccata
1956 3944 2159 4006 portat,

562 4051 643 4091 .ac
671 4049 774 4106 pro
804 4032 964 4088 nobis
1001 4031 1172 4095 dolet,
1200 4030 1331 4086 dum
1380 4029 1439 4084 in
1466 4029 1560 4084 illa
1589 4028 1831 4099 pretiosa
1860 4044 2021 4084 cruce
2061 4044 2163 4100 pro

575 4129 737 4184 nobis
774 4126 950 4185 occidi
975 4125 1227 4180 sustinet.
1264 4122 1405 4178 Tum
1436 4122 1695 4179 sacerdos
1740 4121 1911 4193 digito
1939 4138 2164 4179 sumens

577 4221 646 4276 de
674 4220 960 4290 sanguine,
993 4225 1248 4288 asperget
1268 4216 1474 4287 septies
1494 4215 1568 4271 ad
1596 4216 1848 4272 velamen
1887 4224 2159 4282 sanctum,

570 4313 726 4385 quod
764 4320 848 4367 est
884 4326 1049 4380 super
1084 4325 1286 4375 arcam,
1338 4309 1430 4364 cui
1475 4323 1680 4364 nomen
1718 4317 1805 4365 est
1827 4309 2160 4387 propitiato-

574 4405 763 4471 riutn;
806 4402 962 4473 ungit
1007 4401 1175 4456 etiam
1214 4415 1421 4456 cornua
1470 4400 1664 4457 altaris
1708 4401 1965 4456 incensi:
1995 4400 2160 4457 Chri-

2268 3308 2364 3361 καὶ
2395 3305 2671 3378 πράξεων,
2698 3306 2733 3377 ἡ
2756 3304 2898 3376 χεὶρ,
2932 3306 3012 3369 εἰς
3043 3303 3236 3358 τύπον.
3274 3303 3441 3376 Πλὴν,
3473 3305 3700 3360 ἐνώπιον
3732 3309 3860 3363 Κυ-

2268 3397 2384 3469 ρίου
2430 3395 2732 3467 σφάζεται,
2763 3394 3046 3467 μονονουχὶ
3075 3395 3171 3449 καὶ
3199 3395 3723 3465 συγκαταϐαίνοντος
3751 3400 3862 3453 τοῦ

2266 3490 2480 3562 Πατρδς
2513 3491 2594 3554 είς
2623 3489 2684 3543 τὸ
2714 3488 2827 3543 δεῖν
2853 3487 2995 3560 ὑπὲρ
3021 3486 3181 3558 ἡμῶν
3215 3487 3530 3542 ὲκτεθνάναι
3564 3488 3655 3543 τὸν
3694 3489 3861 3545 Υἱόνο

2265 3586 2326 3637 οὐ
2368 3583 2476 3655 γὰρ
2509 3580 2914 3653 ἀποστρέφεται
2966 3579 3309 3652 σφαζόμενον
3358 3579 3592 3651 βλέπων,
3640 3583 3735 3636 καὶ
3790 3585 3861 3639 οὐ

2265 3676 2328 3746 δή
2358 3692 2459 3728 που
2495 3673 2712 3737 πάντως
2739 3673 2799 3726 τὸ
2825 3672 3017 3727 παθεῖν
3060 3671 3319 3739 ἐπαινῶν,
3348 3673 3450 3726 οὐκ
3472 3673 3762 3744 ὴγνοηκὼς
3797 3677 3863 3732 δὲ

2265 3767 2348 3819 ὅτι
2384 3765 2647 3836 σωτήριόν
2696 3766 2812 3817 ἔστι
2846 3762 2923 3836 τῷ
2970 3764 3161 3835 κόσμῳ
3191 3764 3252 3817 τὸ
3283 3764 3477 3817 παθεῖν
3520 3765 3663 3837 ὑπὲρ
3687 3768 3865 3837 ἡμῶν

2264 3858 2357 3912 τὸν
2391 3857 2757 3929 Ἐμμανουήλ.
2781 3854 2992 3910 Οὐκοῦν
3020 3856 3183 3920 αὐτὸς
3203 3857 3361 3928 ἡμῶν
3383 3858 3524 3930 αἴρει
3546 3860 3646 3921 τὰς
3668 3860 3866 3933 ἁμαρ..

2263 3949 2406 4015 τιας,
2447 3948 2543 4002 καὶ
2591 3947 2732 4017 ὑπὲρ
2786 3947 2943 4018 ἡμῶν
2987 3948 3259 4014 ὀδυνᾶται,
3304 3951 3405 4021 τὴν
3443 3951 3535 4003 ἐπὶ
3568 3949 3643 4021 τῷ
3680 3954 3867 4026 τιμίῳ

2267 4038 2485 4110 σταυρῷ
2535 4039 2601 4093 δι’
2630 4040 2777 4110 ἡμᾶς
2820 4038 3108 4110 ὑπομένων
3150 4042 3389 4112 σφαγήν.
3434 4038 3564 4095 Εἶτα
3605 4042 3792 4098 λαϐὼν
3833 4050 3866 4101 6

2268 4132 2446 4202 ἱερεὺς
2465 4129 2682 4184 ἀπὸτοῦ
2706 4130 2937 4201 αἳματος
2966 4131 3045 4203 τῷ
3075 4131 3341 4203 δακτύλῳ,
3370 4135 3523 4205 ρανεῖ
3548 4134 3646 4204 μὲν
3682 4137 3868 4193 ἑπτά.

2265 4241 2352 4287 κις
2381 4223 2475 4276 ἐπὶ
2503 4222 2564 4276 τὸ
2595 4223 2995 4293 καταπέτασμα
3033 4224 3095 4277 τὸ
3127 4223 3300 4293 ἁγιον,
3333 4224 3364 4278 ὃ
3402 4220 3471 4296 ἦν
3503 4227 3596 4293 ἐπὶ
3625 4228 3731 4298 τῆς
3765 4248 3867 4284 κιο

2265 4312 2465 4370 ϐωτοῦ.
2507 4316 2721 4386 Ὀνομα
2752 4314 2811 4368 δὲ
2857 4315 3027 4386 αὐτῷ,
3060 4316 3122 4369 τὸ
3164 4315 3494 4389 ἱλαστήριον.
3544 4319 3867 4392 Καταχρίει

2262 4408 2320 4463 δὲ
2347 4408 2443 4462 καὶ
2470 4406 2538 4461 τὰ
2563 4406 2770 4478 κέρατα
2796 4407 2892 4460 τοῦ
2920 4407 3311 4480 θυσιαστηρίου
3335 4409 3439 4463 ’τοῦ
3471 4408 3860 4482 θυμιάματος.

576 4502 700 4551 stus
723 4493 869 4548 enim
892 4488 1209 4560 propitiatio
1229 4496 1393 4558 atque
1415 4488 1861 4559 propitiatorium
1883 4488 2060 4544 factus
2076 4498 2155 4544 est

2265 4502 2462 4570 Γέγονε
2496 4500 2606 4570 γὰρ
2639 4502 2770 4571 ἡμῖν
2799 4499 3024 4570 ἱλασμός
3056 4518 3116 4554 τε
3159 4502 3254 4556 καὶ
3301 4503 3630 4575 ἱλαστήριον,
3663 4506 3692 4559 6
3718 4506 3867 4578 Χρι-

567 4584 758 4640 mobis.
792 4580 1065 4637 Creterum
1100 4578 1156 4633 in
1188 4578 1455 4649 sanguine
1474 4580 1788 4636 testamenti
1809 4580 1997 4635 aeterni
2031 4595 2159 4651 per-

578 4675 932 4733 fectissimam
961 4672 1122 4728 nobis
1170 4672 1833 4744 ,purgationem'largitur.
1861 4672 2019 4743 351
2050 4672 2166 4729 Hoc

569 4771 728 4826 enim
749 4775 853 4830 est,
884 4765 991 4821 nisi
1030 4764 1212 4828 fallor,
1243 4764 1450 4834 septies
1491 4765 1708 4836 aspergi
1739 4765 2007 4836 sanguine
2036 4780 2165 4836 pro-

580 4859 957 4932 pitiatorium;
990 4864 1076 4911 est
1103 4855 1253 4910 enim
1298 4855 1651 4925 septenarius
1690 4872 1956 4912 numerus
1989 4856 2167 4926 perfe-

577 4953 786 5008 ctionis
854 4950 1090 5021 signum.
1162 4948 1334 5002 Porro
1390 4948 1510 5018 ejus
1578 4948 1696 5018 ipsa
1755 4963 1974 5018 quoque
2017 4964 2165 5005 mors

578 5042 777 5103 mundi
835 5041 1068 5096 salutem
1127 5052 1192 5093 ac
1237 5038 1406 5092 vitam
1455 5048 1513 5091 et
1588 5052 1871 5093 accessum
1938 5055 2038 5110 per
2102 5039 2169 5094 ﬁ-

2264 4594 2407 4658 στός.
2445 4591 2611 4663 Πλὴν,
2638 4593 2695 4644 ὲν
2725 4591 2912 4661 αἵματι
2941 4592 3205 4665 διαθήκης
3228 4594 3473 4659 αἰωνίου,
3507 4594 3865 4669 τελεωτάτην

2265 4687 2394 4757 ἡμῖν
2436 4684 2687 4755 δωρεῖται
2726 4682 2825 4754 τὴν
2871 4684 3270 4757 ἀποκάθαρσιν.
3309 4685 3481 4741 Τοῦτο
3511 4688 3639 4759 γὰρ,
3669 4683 3861 4759 οἶμαι,

2266 4776 2407 4841 ἐστὶ,
2438 4775 2502 4828 τὸ
2534 4774 2765 4839 ἑπτάκις
2799 4775 3074 4845 ῥαίνεσθαι
3102 4776 3181 4847 τῷ
3209 4777 3396 4848 αἵματι
3431 4777 3492 4830 τὸ
3518 4778 3866 4850 ἱλαστήριον

2267 4864 2535 4937 σύμϐολον
2563 4863 2621 4918 δὲ
2646 4863 2982 4933 τελειότητος
3001 4904 3016 4929 ,
3066 4866 3094 4919 6
3140 4866 3282 4920 έπτά
3314 4866 3566 4937 ἀριθμός.
3610 4867 3865 4924 Εύωδιάο

2267 4953 2350 5019 ζει
2372 4955 2481 5026 γὰρ
2507 4953 2673 5009 αὐτοῦ
2700 4953 2795 5007 καὶ⁸
2813 4956 2843 5007 6
2861 4952 3090 5019 θάνατος
3110 4955 3208 5026 τὴν
3231 4956 3325 5009 τοῦ
3349 4956 3554 5027 κόσμου
3578 4962 3867 5032 σωτηρίαν

2264 5045 2365 5099 καὶ
2399 5045 2545 5116 ζωὴν
2578 5046 2672 5099 καὶ
2702 5045 2803 5117 τὴν
2833 5044 2892 5097 έν
2934 5045 3114 5129 πίστει
3148 5049 3536 5118 προσαγωγὴν
3573 5068 3592 5100 ι
3622 5043 3719 5114 Εἷς
3758 5053 3870 5125 γὰρ

582 5137 714 5193 dem
779 5134 930 5191 velut
988 5133 1215 5188 odorem
1271 5130 1445 5201 spirat
1490 5149 1504 5184 :
1565 5151 1583 5183 ι
1617 5130 1771 5186 Unus
1817 5131 2021 5202 quippe
2068 5148 2155 5203 prc

2271 5136 2412 5208 ὑπὲρ
2435 5136 2652 5191 πάντων
2680 5137 2970 5202 ἀπέθανεν,
3003 5137 3090 5192 ἵνα
3112 5140 3161 5192 οἱ
3190 5136 3391 5205 ζῶντες
3416 5140 3619 5212 μηκέτι
3642 5141 3869 5208 ἑαυτοῖς

587 5227 848 5284 omnibus
894 5233 1146 5280 mortuus
1193 5232 1279 5278 est
1312 5263 1327 5288 ,
1384 5232 1446 5277 ut
1478 5222 1573 5293 qui
1633 5222 1825 5277 vivunt
1853 5264 1868 5288 ,
1918 5240 2029 5279 non
2057 5226 2169 5296 jam

590 5321 695 5379 sibi
745 5319 975 5380 vivant,
1040 5315 1137 5372 sed
1188 5315 1241 5370 ei
1301 5316 1397 5386 qui
1434 5331 1536 5386 pro
1576 5314 1709 5385 ipsis
1747 5325 2000 5371 mortuus
2051 5326 2166 5384 est,

588 5422 645 5468 et
696 5408 1030 5471 resurrexit,
1068 5426 1086 5457 ι
1127 5398 1189 5459 ut
1252 5407 1515 5477 scriptum
1561 5407 1701 5462 est“.
1760 5406 1917 5473 Quod
1982 5407 2164 5477 itaque

589 5502 760 5557 altare
784 5497 992 5554 incensi
1021 5511 1249 5550 aureum
1287 5498 1552 5567 sanguine
1581 5499 1928 5568 perungitur,
1966 5498 2018 5552 id
2046 5499 2166 5569 ejus

590 5588 785 5645 mortis
814 5585 1166 5654 ﬂagrantiam
1194 5585 1484 5658 signiﬁcat.
1516 5588 1831 5644 Eﬁ‘unditur
1850 5604 1981 5645 vero
1997 5592 2165 5645 etiam

661 5723 709 5756 ’⁸
728 5692 884 5778 Ιοεπῖ.
915 5735 1023 5791 xiv.
1048 5717 1137 5772 50.
1230 5720 1274 5752 ’⁸
1308 5721 1328 5775 Ι
1367 5721 1514 5775 Petr.
1544 5737 1610 5791 ιι,
1630 5722 1717 5777 22.

598 5790 619 5824 ⁸
657 5790 834 5851 lCor.
874 5806 928 5858 v,
959 5789 1046 5843 Η.

1838 5726 1850 5756 ⁸
1882 5725 2037 5781 Joan.
2088 5692 2217 5793 xvu,
2237 5727 2338 5784 ‘19.

2270 5225 2456 5292 ζῶσιν,
2491 5225 2627 5280 ἀλλά
2652 5225 2731 5298 τῷ
2776 5227 2919 5299 ὑπὲρ
2969 5228 3148 5285 αὐτῶν
3189 5229 3515 5285 ἀποθανόντι
3557 5232 3649 5285 καὶ
3697 5234 3870 5305 ὲγερ-

2273 5316 2441 5384 θέντι,
2484 5338 2503 5369 ι
2541 5320 2682 5374 κατά
2708 5318 2807 5383 τὰς
2835 5320 3079 5392 Γραφάς.
3119 5322 3328 5376 Οὐκοῦν
3360 5322 3455 5377 τοῦ
3486 5324 3717 5379 θανάτου
3757 5328 3868 5399 τὴν

2273 5409 2502 5464 εὐωδίαν
2545 5410 2697 5481 δηλοῖ
2735 5410 2797 5464 τὸ
2833 5411 3227 5485 καταχρίεσθαι
3289 5412 3368 5485 τῷ
3400 5414 3591 5485 αἵματι
3633 5414 3696 5468 τὸ
3726 5434 3868 5487 χρυ-

2275 5500 2402 5555 σοῦν
2434 5501 2815 5574 θυμιατήριον.
2858 5503 3130 5575 Ἐκχεῖται
3160 5504 3217 5558 δὲ
3249 5505 3347 5559 καὶ
3382 5505 3444 5559 τὸ
3472 5499 3614 5574 αἷμα
3647 5505 3710 5558 τὸ
3746 5506 3877 5561 λοι-

2275 5593 2376 5646 πὸν
2408 5595 2560 5666 παρά
2605 5594 2704 5666 τὴν
2748 5594 2907 5665 βάσιν
2939 5594 3033 5649 τοῦ
3065 5596 3454 5669 θυσιαστηρίου
3482 5597 3592 5650 τῶν
3631 5614 3880 5669 καρπω-

2412 5714 2415 5717 ῆ
2446 5732 2465 5762 ¹
2496 5731 2659 5787 Prov.
2692 5748 2759 5787 xx
2814 5732 2868 5787 3.
2979 5733 2997 5764 ³
3036 5733 3172 5788 Gen.
3209 5748 3280 5800 Ir,
3306 5733 3359 5787 4.
3436 5732 3456 5764 ⁸
3486 5732 3592 5789 lsa.
3625 5748 3744 5803 uu,
3776 5736 3875 5796 Η.
