3962 6296
160 272 249 325 639

881 269 970 325 DE
1011 266 1455 326 ADORATIONE
1496 268 1564 324 IN
1604 268 1877 327 SPIRITU
1922 268 2010 325 ET
2052 264 2422 324 V'ERITATE.
2467 262 2595 317 LIB.
2634 260 2701 315 Χ.

3308 257 3426 317 690
3442 252 3456 267 ’

167 394 329 463 μάτων
361 390 417 439 ἑν
439 389 503 456 ιῇ
540 384 736 456 πρώτῃ
764 385 959 455 σκηνῇ·
994 383 1089 437 καὶ
1118 382 1297 453 ψυχῆς
1325 382 1425 453 μὲν
1451 382 1531 446 είς
1556 380 1726 435 τύπον

1862 380 2081 449 eliquus
2121 373 2345 445 sanguis
2376 371 2442 425 ad
2478 369 2652 424 basim
2700 365 2888 420 altaris
2934 362 3326 420 sacriﬁciorum
3356 366 3413 421 in

165 454 216 540 Eo
241 477 388 553 αἷμα.
421 454 641 546 Τέθεικε
671 454 733 532 δέ
762 478 860 549 τὴν
888 454 1065 548 ψυχὴν
1106 477 1135 530 6
1192 474 1570 546 Ἐμμανουήλ,
1622 474 1721 544 οὐχ

1859 472 2008 526 trimo
2047 463 2438 528 tabernaculo;
2470 475 2533 514 ac
2560 457 2784 527 sanguis
2814 454 3033 525 quidem
3053 456 3413 527 animm—ﬁgu—

166 577 292 647 ὑπέρ
317 591 378 642 γε
415 573 579 643 μόνης
617 571 717 640 τῆς
753 568 813 633 ἐξ
852 567 1021 621 ὲθνῶν
1063 565 1418 636 Ἐκκλησίας,
1461 564 1597 620 ἀλλὰ
1630 564 1724 619 καὶ

169 669 293 738 ὑπὲρ
326 665 433 719 τῶν
469 665 527 718 ἐν
557 662 740 733 νόμῳ,
769 660 1043 723 τουτέστι,
1083 659 1177 714 τοῦ
1217 658 1452 730 Ἰσραήλ,
1512 656 1726 710 ἐκλελυ-

174 758 403 830 τρὼμεθα
455 755 564 826 γὰρ
615 753 694 824 τῷ
740 753 934 823 αἵματι
984 751 1078 805 τοῦ
1128 749 1367 822 Χριστοῦ
1429 747 1726 817 συλλήϐδην

177 854 410 911 ἅπαντες,
431 844 695 914 Ἔλληνές
742 861 799 897 τε
844 843 937 896 καὶ
970 842 1237 905 Ἰουδαῖοι,
1269 841 1363 894 καὶ
1387 837 1729 910 μαρτυρήσει

178 943 328 1008 λέγων
354 941 381 992 6
409 936 651 999 Παῦλος·
688 955 706 987 ι
743 935 814 988 Ἦ
853 932 1122 987 Ἰουδαίων
1153 933 1181 984 6
1206 930 1343 993 Θεὸς
1379 929 1571 999 μόνον;
1610 926 1731 995 οὐχὶ

176 1034 224 1087 δὲ
257 1031 343 1086 καὶ
383 1027 592 1092 ὲθνῶνς
636 1026 724 1080 να)¹
759 1026 851 1079 καὶ⁵
880 1024 1077 1078 ἐθνῶν·
1111 1023 1271 1092 εῖπερ
1299 1016 1379 1084 εἷς
1416 1020 1445 1073 6
1476 1018 1609 1082 Θεὸς
1629 1056 1643 1080 ,
1673 1016 1730 1079 ὃς

180 1120 433 1178 δικαιώσει
466 1118 768 1191 περιτομὴν
807 1118 871 1170 ὲκ
911 1114 1176 1178 πίστεως,
1225 1112 1320 1166 καί⁸
1366 1106 1731 1182 ἀκροϐυστίαν

178 1215 251 1268 διὰ
278 1213 536 1275 πίστεως.
574 1230 591 1261 ι
632 1207 1039 1278 ’Υφαιρομένων
1061 1206 1116 1259 δὲ
1136 1205 1232 1258 ἀπ’
1254 1203 1433 1257 αὐτῶν
1457 1201 1565 1255 τῶν
1588 1201 1733 1253 ἐντο-

183 1304 323 1357 σῧίων
349 1302 443 1356 τοῦ
476 1301 681 1371 μόσχου
710 1298 808 1352 καὶ
844 1294 1263 1367 ἀναφερομένων
1296 1295 1375 1357 είς
1420 1292 1480 1345 τὸ
1508 1291 1734 1343 Θυσιασ-

182 1398 362 1466 τήριον,
397 1394 504 1458 ἔξω
546 1394 643 1464 τῆς
672 1388 1021 1461 παρεμϐολῆς
1052 1386 1112 1440 τὸ
1150 1385 1433 1439 ἐπίλοιπον
1460 1381 1736 1447 καταπίμ-

183 1504 362 1557 πραται
404 1484 587 1554 σῶμα.
638 1483 796 1537 Ἔστι
838 1481 948 1548 γὰρ
989 1475 1152 1540 αὐτὸς
1190 1477 1251 1528 τὸ
1290 1473 1440 1545 θῦμα
1479 1472 1541 1525 τὸ
1571 1471 1734 1542 ἱερὸν,

184 1573 467 1638 εὐωδιάζων
495 1575 558 1627 ὲν
580 1572 822 1643 ἀρεταῖς,
848 1564 922 1625 ὧν
949 1567 1059 1625 εἷεν
1088 1572 1153 1626 ἂν
1182 1571 1344 1625 τύποι
1371 1570 1441 1624 τὰ
1465 1569 1735 1631 ὲντόσοια,

185 1666 265 1718 καὶ
287 1663 665 1735 κεκρυμμέναι
702 1663 866 1716 οἱονεί
903 1679 1020 1726 πως
1048 1665 1105 1715 ὲν
1133 1664 1267 1732 ἡμῖν
1298 1662 1355 1715 αἱ
1389 1660 1615 1730 ἀρεταὶ,
1645 1659 1740 1712 καὶ

1833 579 1895 618 ra
1927 569 2033 618 est.
2068 558 2164 613 Ille
2193 569 2359 627 porro
2397 549 2719 607 Emmanuel
2756 563 2868 600 non
2905 561 3004 615 pro
3043 546 3157 599 sola
3184 562 3413 618 (rx-gen-

1835 656 1982 712 tibus
2012 648 2260 708 Ecclesia
2305 646 2546 702 animam
2599 639 2802 712 posuit,
2848 638 2943 693 sed
3005 654 3104 709 pro
3144 638 3213 693 iis
3250 640 3414 694 etiam
3450 663 3457 670 ’

1772 783 1797 794 ς
1834 747 1928 817 qui
1963 744 2067 800 sub
2122 743 2242 812 lege
2288 744 2466 802 erant,
2510 733 2565 788 id
2608 740 2714 795 est,
2768 745 2868 801 pro
2903 729 3065 783 Israel
3105 747 3116 781 :
3150 730 3418 799 redempti

1834 838 1983 892 enim
2017 850 2209 891 sumus
2234 830 2440 887 Christi
2472 825 2740 897 sanguine
2763 822 2925 878 simul
2953 837 3164 884 omnes,
3191 823 3442 891 gentiles-

1837 943 2001 1001 atque
2026 926 2228 991 Judaei,
2256 926 2486 997 ejusque
2526 920 2605 975 rei
2644 916 2800 973 testis
2817 923 2901 971 est
2927 914 3151 981 Paulus,
3179 914 3370 969 dicens
3403 931 3435 966 ιΔ

1847 1041 1863 1072 ι
1894 1024 1974 1076 An
2002 1020 2318 1075 Judteorum
2365 1015 2511 1069 Deus
2543 1019 2627 1067 est
2658 1006 2910 1063 tantum?
2965 1012 3145 1060 nonne
3184 1013 3241 1058 et
3287 1021 3422 1074 gen—

1842 1111 2023 1167 tium?
2053 1110 2160 1163 imo
2202 1115 2258 1162 et
2285 1105 2530 1178 gentium
2574 1120 2586 1155 :
2626 1098 2898 1169 siquidem
2940 1090 3083 1151 unus
3130 1104 3216 1151 est
3256 1096 3422 1157 Deus,

1841 1205 1935 1275 qui
1967 1199 2291 1275 justiﬁcabit
2335 1194 2811 1252 eireumcisionem
2842 1206 2910 1246 ex
2941 1188 3067 1253 ﬁde,
3125 1196 3179 1243 et
3210 1204 3450 1262 praepin-

1845 1296 1982 1350 tium
2031 1310 2129 1364 per
2168 1292 2330 1348 ﬁdem
2364 1290 2407 1341 ⁸.
2438 1308 2455 1338 ι
2487 1285 2757 1342 Detractis
2799 1291 2982 1339 autem
3018 1280 3320 1337 interaneis
3348 1279 3427 1331 vi~

1846 1389 1969 1452 tuli,
2026 1395 2083 1443 et
2129 1385 2331 1442 oblatis
2367 1382 2433 1436 ad
2483 1381 2676 1441 altare,
2719 1377 2992 1445 reliquum
3021 1387 3221 1443 corpus
3272 1379 3455 1424 cxtrav

1846 1489 2026 1537 castra
2049 1486 2361 1542 crematur;
2396 1474 2510 1544 ipse
2530 1470 2677 1527 enim
2711 1467 2891 1523 hostia
2925 1480 3078 1521 saera
3100 1472 3185 1519 est
3213 1462 3430 1516 virtuti-

1848 1574 1953 1628 bus
1987 1572 2258 1642 fragrans,
2316 1580 2551 1637 quarum
2604 1562 2789 1634 ﬁgurae
2822 1566 2951 1614 sunt
2992 1555 3283 1611 interiores
3324 1554 3433 1607 illa:

1849 1663 2096 1734 corporis
2143 1668 2327 1732 partes
2357 1677 2371 1713 :
2399 1664 2527 1713 sunt
2553 1655 2699 1711 enim
2744 1653 2801 1707 in
2836 1649 2996 1705 nobis
3026 1644 3430 1718 quodammodo

184 1761 251 1821 εἰς
279 1757 394 1810 νοῦν
424 1756 538 1810 ἔσω
572 1755 846 1827 κείμεναι·
879 1755 1041 1818 αὐτὸς
1074 1755 1169 1808 καὶ
1198 1757 1227 1808 6
1258 1754 1481 1823 πάσχων
1513 1750 1617 1818 ἔξω
1649 1752 1747 1821 τῆς

1859 1756 2051 1813 abdita:
2085 1754 2344 1816 virtutes,
2388 1761 2445 1805 et
2494 1750 2549 1804 in
2595 1749 2782 1803 animo
2818 1745 3040 1816 penitus
3093 1738 3427 1795 reconditae:

186 1851 357 1922 πύλης,
385 1851 478 1902 καὶ
506 1848 584 1920 τῷ
611 1848 826 1917 Θανάτῳ
850 1849 949 1917 τῆς
989 1846 1125 1909 ἰδίας
1166 1845 1366 1917 σαρκὸς
1399 1844 1746 1915 ἐκκαθαίρων

186 1939 294 2004 τοὺς
318 1939 784 2011 μεμολυσμένους·
832 1958 851 1989 ι
886 1936 1183 2008 Δαμὰλεως
1212 1936 1318 2008 γὰρ
1347 1935 1542 2000 σποδὸς
1572 1934 1747 2007 ραντί⁸

189 2032 333 2095 ζουσα
372 2031 501 2093 τοὺς
546 2028 971 2099 κεκοινωμένους
990 2070 1004 2093 ,
1028 2026 1268 2096 ἁγιάζει,
1294 2029 1451 2099 φησὶ,
1482 2028 1618 2100 πρὸς
1648 2026 1748 2097 τὴν

187 2120 273 2190 τῆς
310 2120 510 2192 σαρκὸς
554 2120 924 2190 καθαρότητα.
978 2139 995 2171 ο
1047 2118 1257 2174 Οὐκοῦν
1290 2116 1370 2183 εἷς
1408 2119 1503 2173 καὶ
1531 2120 1558 2172 6
1586 2118 1749 2183 αὐτὸς

190 2212 424 2283 ὑπάρχων
451 2212 483 2264 6
523 2210 890 2282 Ἐμμανουήλ,
919 2210 1010 2263 καὶ
1029 2211 1087 2263 ὲν
1108 2213 1225 2274 ταῖς
1248 2210 1434 2278 ἁγίαις
1464 2207 1748 2272 εὐωδιάζει

193 2306 411 2374 σκηναῖς,
442 2304 591 2372 φημὶ
619 2302 684 2373 δὴ
716 2305 838 2366 ταῖς
888 2300 1261 2370 Ἐκκλησίαις·
1297 2300 1621 2354 πέπονοεδὲ
1655 2300 1749 2354 καὶ

193 2394 293 2460 ἓξω⁸
312 2397 404 2458 τῆς
438 2394 619 2465 πύλης
643 2410 656 2424 ·
684 2393 813 2447 ἔνθα
837 2394 930 2447 καὶ
956 2395 1102 2463 ἡμᾶς
1133 2392 1334 2457 ἐξιέναι
1359 2393 1470 2446 δεῖν
1495 2392 1585 2445 τὸν
1613 2392 1751 2445 ὀνει-

192 2483 355 2554 δισμὸν
404 2484 573 2538 αὑτοῦ
614 2483 912 2555 φέροντας.
958 2485 986 2536 ὁ
1030 2482 1316 2546 θεσπέσιος
1367 2483 1469 2553 ἔφη
1516 2480 1749 2545 Παῦλος.

196 2576 513 2646 Προσάγεται
538 2575 596 2629 δὲ
612 2577 640 2628 6
666 2575 863 2646 μόσχος
889 2575 983 2628 καὶ
1005 2575 1143 2645 ὑπὲρ
1166 2574 1271 2628 τῶν
1291 2574 1383 2628 τοῦ
1405 2574 1533 2628 λαοῦ
1556 2575 1752 2643 ἀγνοη-

198 2669 376 2736 μάτων,
405 2670 463 2721 ὲν
494 2669 599 2739 ῖσῳ
641 2685 703 2720 τε
745 2668 840 2720 καὶ
872 2666 1343 2738 ἀπαραλλάκτως·
1376 2664 1471 2719 καὶ¹
1500 2664 1654 2733 λόγος
1685 2659 1755 2734 ἦν

195 2758 279 2829 τῆς
305 2760 488 2822 θυσίας
531 2760 589 2812 ὲν
631 2756 832 2812 ἅπασιν
865 2759 892 2810 6
922 2756 1105 2819 αὑτός.
1153 2756 1240 2810 Ἐν
1274 2754 1374 2826 ῖσῳ
1417 2755 1526 2825 γὰρ
1568 2755 1755 2825 τρόπῳ

198 2851 612 2920 προσκεκὸμικεν
634 2849 822 2902 ἑαυτὸν
845 2848 983 2921 ὺπέρ
1009 2865 1069 2901 τε
1104 2846 1314 2918 μικρῶν
1346 2848 1445 2899 καὶ
1477 2845 1754 2916 μεγάλων,

198 2940 307 2995 λαιοῦ
327 2960 381 2996 τε
408 2942 505 2996 καὶ
543 2941 737 3012 ἱερέων
773 2943 801 2994 6
847 2940 1215 3012 Ἐμμανουήλ.
1264 2939 1336 2992 Ἢ
1370 2939 1469 2993 οὐκ
1503 2937 1701 3010 ἀληθὲς
1728 2944 1758 2998 ὅ

202 3048 318 3103 φημι
335 3052 349 3099 ἶ

258 3147 447 3202 ΠΑΛΛ.
484 3146 616 3210 Πῶς
644 3145 752 3216 γὰρ
788 3143 848 3197 οὗ
875 3161 890 3208 ;

259 3239 405 3292 KI'P.
437 3237 630 3291 Βούλει
661 3237 725 3307 δὴ
763 3230 854 3289 οὖν
880 3233 1069 3306 ὥσπερ
1096 3233 1285 3288 ἁνόπιν
1314 3232 1405 3287 τὸν
1434 3231 1593 3301 λόγον
1621 3232 1755 3286 ἀνα·

202 3333 553 3402 σειράζοντες,
589 3329 724 3401 πρὸς
770 3328 838 3382 τὰ
872 3327 964 3381 ἐπὶ
1000 3329 1065 3398 τῇ
1100 3327 1272 3399 σκηνῇ
1308 3325 1625 3397 διηγήματα
1660 3340 1759 3396 με·

202 3421 574 3492 τατρεπώμεοα
585 3459 601 3474 .

263 3516 456 3569 IIAAA.
487 3514 607 3570 Καὶ
635 3513 799 3585 μάλα.

265 3631 413 3686 ΚΥΡ.
470 3629 1035 3701 Συμπεπερασμένων
1081 3624 1371 3698 τοιγαροῦν
1422 3623 1537 3678 τῶν
1585 3623 1762 3695 ἔργων

206 3724 452 3789 ἁπάντων,
481 3724 581 3778 καὶ
606 3725 664 3776 ὲν
687 3722 837 3787 τόπῳ
852 3720 931 3791 τῷ
955 3720 1173 3789 ἑκάστῳ
1194 3716 1634 3789 πρεπωδεστάτῳ
1653 3714 1762 3768 τῶν

207 3812 345 3882 ιερῶν
362 3814 573 3867 σκευῶν
598 3808 655 3866 εὖ
682 3811 827 3883 μάλα
850 3809 1290 3880 συντεθειμένων,
1317 3804 1638 3875 άγιάζεσθαι
1653 3803 1761 3856 δεῖν

207 3905 326 3959 αὑτά
343 3923 401 3959 τε
438 3907 532 3960 καὶ
562 3909 665 3975 τὴν
696 3904 901 3975 σκηνὴν
932 3901 1185 3956 διετύπου
1214 3899 1347 3962 Θεὸς
1366 3937 1382 3964 ,
1411 3896 1554 3951 οὕτω
1585 3894 1761 3965 λέγων

207 3995 273 4064 τῷ
296 3996 561 4068 θεσπεσίῳ
613 3997 806 4067 Μωσῇ·
847 4013 865 4046 ι
902 3993 1013 4048 Καὶ
1044 3992 1193 4064 λήψῃ
1222 3990 1281 4045 τὸ
1312 3989 1488 4043 ἔλαιον
1516 3986 1612 4041 τοῦ
1645 3986 1767 4057 χρί⁴

211 4105 408 4155 σματος,
460 4088 559 4142 καὶ⁵
601 4086 813 4160 χρίσεις
857 4083 954 4157 τὴν
987 4082 1220 4154 σκηνὴν,
1254 4081 1350 4134 καὶ
1379 4080 1557 4135 πάντα
1585 4077 1656 4131 τὸ.
1706 4078 1765 4129 ἒν

209 4178 344 4252 αὐτῇ,
361 4182 453 4235 καὶ
485 4181 736 4248 άγιάσεις
761 4177 948 4250 αὐτὴν,
970 4177 1064 4230 καὶ
1083 4175 1260 4229 πάντα
1277 4175 1344 4226 τὰ
1372 4171 1542 4241 σκεύη
1571 4168 1764 4237 αὐτῆς,
1794 4174 1797 4178 ’

210 4270 287 4323 καὶ
324 4272 474 4326 ἔσται
528 4272 685 4340 ἅγια.
722 4271 832 4323 Καὶ
883 4268 1094 4340 χρίσεις
1129 4267 1191 4319 τὸ
1236 4265 1625 4334 θυσιαστήριον
1657 4260 1766 4314 τῶν

1782 3085 1829 3148 C

1848 1851 1965 1921 ipse
1993 1847 2159 1909 idem,
2194 1844 2289 1915 qui
2318 1852 2472 1898 extra
2503 1852 2715 1911 portam
2751 1837 2978 1907 patitur,
3013 1846 3069 1891 et
3102 1833 3282 1888 carnis
3321 1846 3433 1884 su.e

1849 1948 2026 1996 morte
2051 1946 2250 2008 purgat
2270 1933 2589 2004 inquinatos
2626 1951 2638 1985 :
2684 1952 2701 1981 ι
2746 1929 2943 1984 Vitulze
2978 1926 3127 1982 enim
3162 1924 3305 1979 cinis
3342 1937 3430 1976 as—

1849 2048 2063 2105 persus,
2082 2031 2178 2095 ait,
2213 2029 2533 2099 inquinatos
2560 2023 2869 2080 sanctilicat
2893 2021 2960 2075 ad
2982 2017 3435 2075 cmundationem

1850 2122 2090 2177 carnis'.
2124 2139 2141 2172 ι
2175 2121 2326 2176 Unus
2352 2118 2518 2188 igitur
2547 2114 2804 2183 idemque
2831 2127 2956 2166 cum
2990 2111 3063 2165 sit
3087 2105 3433 2167 Emmanuel,

1850 2223 1906 2270 et
1935 2215 1990 2267 in
2019 2211 2190 2266 sacris
2221 2206 2611 2271 tabernaculis,
2650 2205 2706 2259 in
2728 2196 3011 2266 Eeclesiis,
3046 2199 3290 2268 inquam,
3312 2210 3439 2249 sua-

1850 2302 2040 2358 vitatis
2060 2300 2288 2356 odorem
2322 2298 2452 2353 dum
2490 2294 2805 2352 incenditur
2832 2292 3026 2362 spirat,
3050 2296 3106 2344 et
3128 2296 3281 2343 extra
3304 2266 3444 2355 por?

1854 2402 1963 2450 tam
1991 2407 2185 2464 passus
2219 2398 2336 2454 est,
2372 2405 2483 2459 quo
2517 2386 2681 2442 nobis
2710 2399 2929 2456 quoque
2956 2379 3273 2437 exeundum
3316 2390 3439 2429 esse

1853 2485 2249 2557 imprOpcrium
2272 2484 2394 2554 ejus
2421 2474 3027 2551 portantibus,'beatus
3057 2471 3261 2528 Paulus
3286 2467 3362 2522 ait
3394 2467 3437 2520 ⁸.

1851 2578 2096 2635 Oﬁ‘ertur
2134 2575 2300 2631 etiam
2346 2573 2599 2630 similiter
2653 2569 2960 2639 eodemque
3006 2564 3171 2620 modo
3232 2560 3442 2616 vitulus

1856 2686 1955 2741 pro
1979 2668 2167 2741 populi
2195 2646 2539 2739 ignorantiis,
2565 2662 2757 2718 eadem
2782 2676 2881 2733 per
2905 2657 3089 2715 omnia
3116 2656 3327 2711 ratione
3352 2668 3441 2705 sa-

1856 2763 2051 2821 criﬁcii
2085 2768 2321 2820 servata.
2374 2758 2511 2814 Nam
2560 2755 2799 2827 seipsum
2850 2754 2941 2808 ille
2986 2747 3307 2807 Emmanuel
3342 2761 3444 2816 pro

1859 2855 2118 2913 tenuibus
2138 2868 2293 2924 aeque
2343 2865 2408 2907 ac
2433 2864 2536 2920 pro
2560 2834 2774 2919 magnis
2790 2890 2807 2917 ,
2833 2860 2935 2917 pro
2967 2841 3174 2915 popqu
3204 2853 3356 2909 aeque
3381 2852 3447 2891 ac

1858 2957 1960 3013 pro
1993 2941 2373 2998 sacerdotibus
2403 2939 2623 2994 obtulit.
2673 2936 2753 2991 An
2798 2942 2931 2990 vero
2969 2948 3082 2988 non
3124 2944 3317 2985 verum
3361 2933 3448 2981 est

1861 3035 2007 3105 quod
2032 3034 2145 3089 dixi
2168 3035 2192 3087 ?
2254 3090 2261 3093 _

1936 3165 2135 3220 PALL.
2164 3164 2368 3218 Verum
2396 3177 2549 3217 sane.

1930 3257 2088 3312 (ΝΒ.
2115 3255 2283 3310 Visne
2310 3253 2496 3323 igitur,
2534 3259 2595 3305 nt
2616 3248 2771 3318 quasi
2798 3257 3218 3316 retorqucamus
3237 3244 3447 3299 oratio-

1861 3364 2009 3413 nem,
2034 3356 2091 3403 et
2114 3346 2181 3401 ad
2235 3362 2299 3401 ea
2329 3359 2452 3416 quae
2471 3343 2540 3398 ad
2571 3341 2983 3399 tabernaculum
3002 3337 3299 3409 pertinent,
3322 3350 3450 3389 nar-

1866 3441 2040 3500 randa
2070 3438 2467 3496 deﬂectamus?

1888 3574 1891 3577 -
1931 3531 2094 3602 352
2118 3529 2313 3585 PALL.
2336 3527 2571 3583 Maxime
2597 3541 2748 3581 vero.

1860 3652 1863 3653 ν
1932 3621 2090 3676 CYR.
2119 3618 2389 3675 Omnibus
2425 3616 2694 3689 operibus
2721 3612 2974 3687 expletis,
2997 3611 3252 3681 vasisque
3280 3609 3452 3665 sacris

1864 3726 1965 3766 suo
1995 3710 2263 3780 cujusque
2311 3707 2433 3761 loco
2462 3704 2768 3776 dispositis,
2820 3701 3083 3773 praecepit
3105 3701 3272 3763 Deus,
3299 3706 3360 3752 ut
3396 3708 3455 3754 et

1865 3802 1960 3857 illa
1997 3809 2054 3857 et
2088 3798 2500 3855 tabernaculum
2525 3796 2967 3854 sanetiﬁcarctur
3010 3810 3023 3847 :
3067 3792 3251 3862 itaque
3290 3791 3454 3845 beato

1869 3894 2038 3966 Moysi
2059 3892 2206 3948 dixit'
2230 3910 2243 3945 :
2275 3911 2292 3943 ι
2320 3891 2389 3947 Ει
2409 3890 2646 3961 accipies
2670 3890 2852 3946 oleum
2879 3886 3176 3949 unctionis,
3207 3894 3264 3941 et
3286 3898 3457 3953 unges

1870 3984 2285 4040 tabernaculum
2312 3992 2367 4037 ct
2398 3980 2584 4037 omnia
2605 3996 2727 4051 quae
2754 3979 2811 4033 in
2844 3993 2913 4033 eo
2958 3984 3109 4043 sunt,
3133 3983 3191 4030 et
3211 3971 3456 4030 sanctiﬁ-

1866 4076 2020 4132 cabis
2051 4074 2213 4138 illud,
2248 4078 2307 4128 et
2327 4071 2514 4126 omnia
2539 4084 2669 4125 vasa
2703 4068 2844 4138 ejus,
2873 4073 2929 4120 ct
2952 4072 3120 4124 erunt
3157 4071 3363 4117 sancta.
3388 4060 3458 4113 Et

1869 4184 2042 4238 unges
2069 4167 2245 4222 altare
2272 4161 2694 4223 sacriﬁciorum,
2740 4166 2797 4211 et
2827 4155 3011 4210 omnia
3041 4168 3190 4216 vasa,
3232 4160 3288 4205 ct
3328 4166 3454 4204 san-

1867 4259 2136 4317 ctiﬁcabis
2151 4258 2343 4319 altare,
2361 4263 2419 4309 et
2439 4253 2546 4308 erit
2561 4251 2732 4305 altare
2759 4248 3019 4302 Sanctum
3039 4253 3350 4299 sanctorum
3376 4244 3415 4294 '.
3432 4261 3448 4292 ι
3470 4278 3477 4283 ε

212 4364 600 4434 καρπωμάτων,
658 4363 751 4415 καὶ
795 4361 972 4415 πάντα
1017 4358 1087 4413 τὰ
1119 4358 1176 4409 ὲν
1227 4355 1377 4426 αὐτῷ
1429 4352 1621 4424 σκεύη,
1671 4351 1751 4405 καί

1868 4350 2035 4405 Vides
2061 4347 2227 4417 igitur
2249 4345 2371 4399 oleo
2396 4347 2586 4397 sancto
2613 4353 2794 4394 arcam
2830 4334 3059 4407 perungi
3095 4349 3160 4389 ac
3186 4347 3455 4393 mensam,

212 4423 434 4521 ἁγίάσείς
482 4455 547 4508 τὸ
576 4423 980 4524 δυσιαστήριον,
1015 4448 1108 4502 καὶ
1149 4445 1307 4499 ἔσται
1349 4423 1427 4497 ⁷τιτὸ
1476 4423 1751 4511 θυσιαστή·

1869 4438 2260 4505 candelabrum
2289 4441 2574 4504 praeterea,
2601 4438 2658 4485 et
2681 4429 2851 4484 altare
2887 4442 3107 4498 quoque
3129 4423 3455 4479 inccnsi'au-

212 4564 311 4616 ριον
352 4549 541 4616 Ἀγιον
600 4545 791 4615 ἁγίων.
837 4563 856 4594 ι
906 4542 1101 4612 Ἐλαίῳ
1131 4540 1196 4611 δὴ
1235 4534 1329 4593 οὖν
1355 4535 1434 4606 τῷ
1482 4532 1623 4603 ἁγίῳ
1672 4549 1773 4586 κα-

1877 4544 2066 4594 reum;
2094 4525 2248 4595 atqui
2274 4524 2361 4579 his
2399 4522 2658 4578 omnibus
2680 4521 2830 4574 illum
2862 4517 3185 4574 Emmanuel
3211 4514 3456 4585 ﬁgurari,

206 4614 589 4711 ταχριουμένην
640 4614 775 4709 δρᾷς
842 4637 943 4707 τήν
1012 4650 1073 4687 τε
1130 4629 1383 4696 κιϐωτὸν,
1430 4627 1525 4683 καὶ
1590 4624 1751 4697 μέντο

1880 4621 2071 4679 multis
2099 4620 2210 4690 jam
2236 4615 2423 4672 verbis
2448 4614 2784 4669 declaratum
2809 4622 2912 4667 cst.

357 4700 641 4806 τράπεζαν
719 4700 843 4786 ’καὶ
887 4700 988 4802 τήν
1030 4727 1250 4799 λυχνίαν
1311 4725 1398 4779 ἐπ’
1447 4722 1624 4793 αὐτῇ,
1674 4720 1771 4774 καὶ
1802 4719 1864 4771 τὸ
1905 4714 2141 4789 χρυσοῦν
2186 4711 2268 4766 ἔτι
2331 4710 2724 4781 Θυμιατήριον·
2790 4710 2878 4763 καί
2930 4725 3012 4759 τοι
3084 4703 3192 4774 γὰρ
3240 4700 3456 4754 πάντων

214 4803 406 4895 μικρὸς
433 4826 571 4897 ἡμῖν
614 4823 942 4892 διεσάφησεν
988 4819 1091 4892 ήδη
1122 4819 1281 4888 λόγος
1329 4811 1772 4883 ἀνατυπούμενον
1808 4810 1901 4863 τὸν
1946 4803 2316 4877 Ἐμμανουήλ.
2358 4872 2363 4873 ί

271 4916 469 4971 nam.
508 4915 750 4985 Ἂληοές.

269 5006 425 5061 ΚΥΡ.
456 5006 625 5071 Σύνες
657 5006 721 5077 δὴ
751 5000 847 5060 οὖν
880 5005 988 5078 ἄρα
1030 5004 1093 5058 τὸ
1123 5002 1212 5057 διὰ
1240 5002 1424 5073 φωνῆς
1449 4998 1542 5054 τοῦ
1571 4995 1733 5052 Δαϐὶδ
1757 5033 1773 5059 ,

211 5094 276 5158 ὡς
301 5098 431 5169 πρὸς
459 5098 625 5153 αὐτὸν
662 5096 1019 5168 ὑμνούμενον·
1056 5115 1076 5149 ι
1125 5089 1450 5165 Ἦγάπησας
1499 5086 1775 5144 δικαιοσύο

211 5199 318 5252 νην,
349 5187 442 5241 καὶ
469 5189 744 5261 ἐμίσησας
767 5187 1000 5242 ἀδικίαν.
1028 5186 1128 5240 Διὰ
1145 5185 1305 5239 τοῦτο
1330 5182 1517 5254 ἐχρισέ
1537 5196 1598 5234 σε
1620 5178 1774 5242 Θεὸς,

210 5274 238 5325 ὁ
256 5278 379 5343 Θεὸς
411 5297 531 5346 σου,
563 5280 745 5335 ἔλαιον
773 5278 1145 5350 ἀγαλλιάσεως
1176 5275 1329 5349 παρὰ
1347 5276 1472 5339 τοὺς
1509 5271 1772 5342 μετόχους

217 5381 318 5422 σου.
361 5388 379 5420 ι
410 5371 622 5441 Γράφει
660 5370 718 5424 δὲ
759 5371 855 5424 καὶ
876 5370 905 5422 6
931 5367 1167 5431 Παῦλος,
1205 5386 1223 5417 ι
1254 5365 1283 5418 ὅ
1310 5380 1371 5417 τε
1399 5362 1506 5432 γὰρ
1533 5356 1774 5426 ἁγιάζων

218 5453 299 5505 καὶ
324 5457 371 5508 οἱ
398 5431 782 5529 ἁγιαζόμενοι,
818 5458 877 5524 ἐξ
904 5457 1024 5519 ἑνὸς
1052 5457 1273 5518 πάντες.
1301 5472 1321 5504 ι
1357 5431 1556 5505 ’ἰστέον
1582 5448 1662 5511 δὲ,
1695 5447 1751 5501 ὅτ

1884 5456 1992 5510 cat,
2026 5453 2083 5500 et
2132 5440 2563 5505 sanctiﬁcantur,
2595 5453 2663 5493 ex
2705 5453 2816 5492 uno
2868 5435 3138 5492 omnes“.
3169 5452 3187 5483 ι
3222 5431 3341 5486 Non
3378 5436 3464 5482 est
3550 5478 3561 5485 .

1939 4898 2136 4955 PALL.
2165 4899 2371 4953 Verum
2400 4901 2503 4949 est.

1938 4989 2097 5045 CYR.
2129 4985 2373 5055 Intellige
2396 4984 2564 5054 igitur
2598 4983 2753 5047 illud,
2776 4981 2922 5051 quod
2956 4979 3151 5043 David,
3200 4985 3461 5048 tanquam

1871 5080 1939 5136 ad
1968 5080 2118 5135 illum
2140 5093 2274 5132 voce
2303 5089 2589 5139 conversa,
2611 5073 2920 5129 decantavit
2950 5090 2961 5126 :
2987 5091 3004 5123 ι
3026 5068 3272 5127 Dilexisti
3296 5068 3461 5140 justi-

1876 5175 2030 5237 tiam,
2076 5180 2133 5227 et
2182 5169 2347 5226 odisti
2400 5167 2764 5237 iniquitatem.
2837 5166 3135 5235 Propterea
3186 5163 3344 5219 unxit
3410 5168 3461 5215 te

1879 5264 2062 5326 Deus,
2116 5261 2261 5315 Deus
2319 5268 2469 5322 tuus,
2512 5256 2633 5311 oleo
2672 5254 2873 5309 laetitiae
2935 5269 3048 5324 prae
3115 5250 3462 5309 consortibus

1884 5354 1996 5411 tuis
2019 5353 2083 5406 ¹⁶.
2121 5372 2140 5403 ι
2173 5350 2564 5407 Scribitetiam
2597 5347 2837 5403 Paulus:
2872 5365 2890 5397 ι
2924 5345 3028 5413 Qui
3048 5344 3196 5401 enim
3224 5340 3463 5397 sanctiﬁ-

216 5542 355 5597 κατὰ
381 5520 475 5599 τὸν
501 5520 822 5619 ἀμωμήτως
852 5520 1044 5619 έχοντα
1073 5545 1250 5614 λόγον,
1282 5540 1443 5604 αὐτὸς
1470 5539 1731 5609 ὑπάρχων

1890 5544 2072 5590 autem
2135 5530 2496 5602 ignoranduin
2555 5528 2702 5600 quod
2752 5545 2884 5584 sana
2926 5539 3160 5596 veraque
3209 5520 3460 5577 doctrina

264 5653 470 5737 "ﬁam.
514 5676 594 5726 ιιι,
623 5660 712 5728 29,
745 5661 831 5716 σο.
911 5661 1129 5716 “’lIebr.
1165 5659 1363 5723 “.13.
1442 5639 1751 5710 ‘lchr.xn

1868 5652 1918 5705 5.
1996 5652 2015 5683 ⁰
2050 5648 2222 5704 Exod.
2260 5664 2313 5714 χ,
2347 5647 2536 5702 223-29.
2621 5647 2661 5678 ¹⁰
2696 5647 2836 5737 Psal.
2872 5662 3011 5712 κων,
3044 5642 3096 5698 8.
3180 5642 3217 5673 “
3253 5639 3418 5694 lIebr.

218 5732 273 5788 ιι,
305 5722 387 5780 Il.
