3962 6296
465 279 564 341 691

1456 279 1514 333 S.
1554 277 1827 337 CYRILLI
1870 273 2338 333 ALEXANDRINI
2383 274 2697 333 ARCHIEP.

3629 266 3743 329 692

468 394 683 460 suadet,
734 392 910 465 ipsum
954 392 1140 457 etiam,
1182 392 1276 463 qui
1322 400 1581 463 tauquam
1609 393 1753 448 Deus
1795 391 2052 447 omnibus

2169 394 2267 452 τοῖς
2296 391 2475 455 ἄλλοις
2508 392 2713 446 ἆπασιν
2744 382 3021 461 ἁγιασμὸῦ
3054 388 3290 462 χορηγὸς
3324 389 3419 445 καὶ
3451 391 3742 464 συνδοτὴρ,

467 487 592 543 aliis
630 485 1121 542 sanctiﬁcationem
1157 484 1371 549 tribuit,
1398 494 1456 539 et
1478 500 1585 538 una
1626 498 1751 538 cum
1785 484 1944 538 Patre
1980 498 2045 537 ac

2169 483 2224 547 ὓς
2257 484 2410 548 Θεὸς,
2445 484 2526 554 τῷ
2562 483 2683 554 Θεῷ
2719 484 2813 537 καὶ
2857 483 3056 555 Ila-cpi,
3109 483 3228 553 μεθ’
3260 483 3421 554 ἡμῶν
3453 484 3744 552 ἁγιάζεται

467 580 582 633 Deo
621 577 874 649 largitur,
924 577 1210 631 nobiscum
1258 583 1437 631 tamen
1470 591 1537 630 ex
1583 584 1779 630 natura
1808 575 2045 630 humana

2169 575 2289 630 ιατά
2332 576 2394 629 τὸ
2447 576 2781 648 ἀνθρώπινον
2806 591 2821 606 ⁸
2857 576 2951 630 καὶ
2998 575 3154 629 τοῦτό
3189 577 3338 629 ἐστιν
3382 577 3415 647 ὴ
3461 575 3742 648 λεγομένη

469 668 826 734 sanctiﬁcari,
863 667 1089 738 haecque
1132 674 1216 722 est
1244 668 1355 731 illa,
1382 682 1505 738 quae
1550 666 1753 722 dicitur
1802 667 2049 721 exinani-

471 762 550 816 tio
577 763 643 814 ¹²;
674 761 807 816 Nam
830 761 925 830 qui
956 759 1259 815 secundum
1277 768 1529 814 naturam
1567 768 1789 814 sanctus
1818 767 1921 824 est,
1965 768 2049 814 ut-

469 863 598 923 pote
639 853 732 922 qui
774 853 845 907 sit
866 851 1031 914 Deus,
1057 850 1303 922 indigere
1348 851 1460 906 Deo
1487 851 1863 906 sanctiﬁcante
1915 851 2051 905 dici-

473 959 565 1003 tur
589 963 603 1012 ;
628 946 791 1016 idque
813 944 889 999 ait
909 945 1103 999 beatus
1129 944 1323 998 Petrus
1354 961 1367 997 :
1408 963 1426 994 ι
1451 943 1639 999 Jesum
1663 960 1695 998 a
1720 944 1957 998 Nazaret
1991 953 2053 998 ut

470 1035 693 1093 unxerit
721 1032 848 1091 eum
875 1034 1020 1091 Deus
1060 1034 1268 1105 Spiritu
1306 1043 1495 1091 sancto
1523 1036 1586 1089 ".
1620 1056 1637 1086 ι
1685 1035 1847 1091 Cadit
1884 1036 2084 1106 igitur‘

471 1128 528 1182 in
549 1128 841 1182 humanam
872 1126 989 1198 ejus
1011 1136 1264 1181 naturam
1292 1127 1499 1192 unctio,
1518 1138 1572 1184 et
1605 1129 1659 1182 in
1687 1130 1807 1199 ejus
1828 1144 2050 1184 carnem

471 1216 853 1283 sanctiﬁcatio,
882 1234 1003 1289 quae
1036 1235 1147 1273 non
1175 1230 1367 1290 suapte
1394 1228 1590 1275 natura
1617 1229 1803 1276 sancta
1827 1229 1929 1285 est,
1956 1220 2053 1275 sed

472 1318 731 1381 tanquam
751 1325 817 1365 ex
849 1310 1267 1381 participatione
1294 1310 1515 1379 divina;
1542 1328 1669 1367 nam
1714 1312 2055 1368 extrinsecus

473 1398 531 1453 in
553 1407 835 1455 creaturas
853 1400 1074 1455 advenit
1117 1400 1498 1466 sanctiﬁcatio,
1542 1410 1599 1457 et
1639 1401 1997 1457 adventitiam
2023 1417 2056 1456 a

472 1488 586 1545 Deo
608 1491 837 1561 gratiam
866 1499 1295 1562 consequuntur.
1336 1492 1571 1565 Ungitur
1603 1492 1768 1548 etiam
1798 1509 1905 1548 una
1929 1509 2055 1548 cum

474 1582 687 1638 cancris
718 1583 865 1639 illius
904 1584 1093 1654 legalis
1116 1584 1298 1640 cultus
1321 1584 1511 1640 altare.
1547 1585 1745 1640 Sancta
1778 1594 1863 1640 est
1906 1585 2057 1639 enim

474 1671 582 1737 lex,
607 1688 731 1727 cum
748 1673 815 1727 ad
837 1675 1168 1746 agnitionem
1196 1675 1336 1747 ejus,
1362 1675 1455 1746 qui
1477 1675 1780 1731 secundum
1805 1684 2057 1734 naturam

475 1764 746 1832 Deus'cst,
780 1776 960 1832 vocet,
1010 1778 1065 1823 et
1114 1767 1171 1822 in
1206 1768 1545 1823 audientium
1596 1768 1794 1822 animis
1835 1767 2061 1839 justitize

472 1858 840 1927 cognitionem
860 1858 1075 1927 inferat,
1107 1869 1164 1915 et
1189 1875 1305 1926 eos,
1335 1874 1474 1929 quos
1493 1859 1749 1924 instituit,
1771 1859 1839 1914 ad
1870 1859 2060 1929 probi-

481 1949 603 2029 tatis
654 1952 811 2008 initia
856 1954 1119 2023 perducat
1148 1970 1160 2005 :
1203 1974 1219 2003 ι
1253 1951 1474 2007 [uitium
1496 1952 1642 2029 enim
1665 1993 1679 2017 ,
1728 1953 1926 2023 inquit,
1960 1953 2062 2009 via:

476 2024 654 2106 home,
692 2050 776 2095 cst
829 2041 1009 2097 facere
1030 2043 1177 2112 justa
1206 2040 1267 2095 “.
1312 2060 1329 2092 ι
1379 2024 1771 2097 εει-ἱὺὴεϋιιῐη
1816 2043 2062 2113 profecto

474 2132 679 2187 Paulus
710 2150 721 2185 :
774 2153 791 2183 ι
821 2132 1008 2202 Itaque
1031 2133 1119 2187 lex
1144 2131 1369 2203 quidem
1408 2144 1616 2200 sancta,
1643 2142 1701 2189 et
1743 2135 2059 2192 mandatum

475 2232 748 2289 sanctum,
806 2233 862 2279 et
903 2224 1112 2294 justum
1153 2235 1211 2280 et
1263 2224 1469 2279 bonum
1496 2225 1559 2279 ¹³.
1603 2245 1622 2277 ι
1656 2226 1830 2281 Porro
1872 2237 2061 2283 sancta

476 2322 790 2371 sanctorum
812 2324 895 2370 est
919 2315 1027 2380 lex,
1053 2331 1163 2370 non
1202 2331 1269 2371 ex
1290 2331 1357 2372 eo
1380 2315 1526 2388 quod
1551 2317 1746 2373 umbra
1773 2326 1877 2384 est,
1900 2318 2060 2391 353

474 2402 570 2457 sed
595 2402 763 2473 quod,
794 2404 835 2459 si
863 2403 929 2458 ad
945 2403 1289 2474 Spiritualem
1323 2405 1842 2475 contemplationem
1879 2417 2059 2463 trans-

473 2492 707 2560 feratur,
755 2494 859 2550 illm
916 2494 1036 2566 ejus
1092 2495 1281 2567 ﬁgura:
1315 2496 1477 2552 nobis
1512 2495 1792 2551 Christum
1822 2498 2061 2553 clamare

474 2586 791 2654 videantur,
825 2588 918 2659 qui
968 2604 1100 2643 vere
1155 2587 1390 2643 Sanctus
1422 2596 1739 2644 sanctorum
1779 2596 1885 2655 est,
1935 2605 2060 2644 cum

477 2678 783 2735 sanctiﬁcet
824 2687 1080 2751 tanquam
1123 2680 1305 2746 Deus,
1356 2689 1412 2736 et
1454 2695 1569 2745 eos,
1599 2681 1694 2751 qui
1748 2696 1848 2751 per
1897 2680 2060 2735 ﬁdem

477 2766 608 2823 facti
640 2776 769 2824 sunt
790 2770 911 2841 ejus
932 2771 1246 2842 participes,
1283 2785 1384 2826 suo
1424 2770 1623 2841 spiritu
1666 2771 1913 2842 inungat.
1941 2772 2060 2827 Jam

478 2877 610 2917 vero
630 2876 785 2917 sacro
812 2862 1167 2919 tabernaculo
1208 2871 1416 2929 erecto,
1446 2871 1613 2934 atque
1657 2862 1822 2918 etiam
1873 2871 2062 2919 saneto

482 2952 607 3009 oleo
628 2962 918 3024 peruncto,
945 2955 1194 3011 dicamus
1216 2955 1364 3026 quod
1386 2956 1655 3026 sequitur,
1685 2955 1730 3010 si
1755 2954 1952 3026 placet.

556 3046 755 3102 PALL.
792 3047 935 3103 Sane
957 3063 1111 3104 vero.

561 3136 719 3195 CYR.
779 3138 868 3196 Sic
931 3140 1117 3211 itaque
1159 3141 1426 3212 scriptum
1479 3150 1603 3197 est:
1648 3160 1666 3192 ‹
1724 3141 1793 3196 Et
1840 3139 2072 3209 perfecit

486 3227 701 3301 Moyses
722 3230 911 3286 omnia
940 3246 1132 3301 opera,
1172 3240 1230 3288 et
1261 3231 1482 3303 operuit
1518 3232 1699 3287 nubes
1739 3232 2072 3287 tabernacu-

481 3318 598 3375 lum
632 3321 957 3388 testimonii,
977 3331 1035 3378 et
1050 3323 1225 3394 gloria
1241 3324 1459 3379 Domini
1480 3324 1765 3395 impletum
1782 3330 1868 3378 est
1890 3324 2075 3379 taber-

478 3411 761 3468 naculum.
784 3412 853 3468 Et
873 3428 984 3469 non
1006 3415 1186 3484 potuit
1199 3414 1409 3486 Moyses
1431 3413 1650 3486 ingredi.
1667 3413 1721 3468 in
1751 3414 2076 3469 tabernacu-

478 3502 594 3557 lum
611 3503 931 3569 testimonii,
945 3506 1073 3576 quia
1087 3506 1515 3562 obumbraverat
1529 3505 1662 3561 illud
1679 3505 1875 3571 nubes,
1894 3514 1951 3560 et
1964 3507 2079 3577 glo-

480 3592 565 3649 ria
580 3595 799 3651 Domini
821 3598 1108 3668 impletum
1119 3607 1241 3654 erat
1258 3598 1695 3653 tabernaculum.
1711 3596 2077 3664 Quotiescun-

482 3700 591 3756 que
625 3696 812 3743 autem
847 3689 1168 3746 elevabatur
1205 3708 1236 3749 a
1261 3695 1638 3759 tabernaculo.
1673 3707 1854 3754 castra
1891 3712 2077 3758 move-

481 3781 618 3836 bant
638 3784 734 3839 lilii
756 3782 923 3837 Israel
949 3797 1075 3837 cum
1100 3783 1315 3838 sarcina
1345 3800 1476 3851 sua;
1509 3788 1655 3856 quod
1678 3788 1724 3841 si
1748 3804 1858 3843 non
1883 3787 2078 3843 fuisset

481 3878 700 3932 elevata
724 3874 922 3939 nubes,
971 3882 1082 3929 nun
1110 3876 1405 3931 movebant
1428 3886 1608 3933 castra
1631 3895 1807 3949 usque
1828 3880 1884 3935 in
1904 3881 2073 3945 diem,

486 3983 600 4038 quo
646 3968 958 4024 elevaretur
1013 3968 1240 4035 nubes;
1290 3969 1470 4024 nubes
1529 3970 1678 4025 enim
1735 3979 1857 4026 erat
1908 3987 2077 4042 super

488 4059 586 4115 illo
612 4075 711 4131 per
729 4059 877 4116 diem
910 4069 966 4116 et
993 4060 1136 4131 ignis
1162 4075 1262 4132 per
1297 4068 1516 4116 noctem
1555 4061 1611 4116 in
1645 4071 1942 4131 conspectu
1988 4070 2075 4118 to-

486 4154 600 4208 tius
624 4153 793 4208 lsrael
829 4153 887 4208 in
937 4154 1197 4209 omnibus
1245 4153 1685 4225 profectionibus
1708 4168 1900 4210 eorum
1944 4157 2009 4209 ¹⁶.
2043 4175 2062 4208 ι

490 4245 837 4301 Manlfestato
882 4261 1123 4316 namque
1181 4246 1235 4307 in
1277 4247 1414 4302 orbe
1451 4253 1723 4302 terrarum
1760 4254 1949 4302 sancto
1979 4246 2074 4302 illo

488 4352 553 4392 ac
584 4337 798 4392 veriore
821 4336 1194 4401 tabernaculo,
1226 4335 1282 4390 id
1312 4346 1416 4401 est,
1451 4336 1543 4390 illa
1571 4350 1642 4395 ex
1668 4335 1927 4406 gentibus
1959 4335 2067 4391 Ec-

2147 667 2400 732 κένωσις.
2448 669 2507 721 Ὀ
2532 669 2642 739 γάρ
2672 668 2826 737 ἀγιος
2871 666 3015 721 κατὰ
3047 667 3210 737 φύσιν
3248 666 3324 731 ὡς
3349 667 3483 731 Θεὸς
3506 710 3522 735 ,
3552 667 3747 737 δεδεῆ-

2151 763 2274 817 σθαι
2305 763 2522 831 λέγεται
2549 761 2644 816 τοῦ
2675 761 2995 831 ἁγιάζοντος
3026 760 3162 814 Θεοῦ
3189 777 3202 791 ·
3266 761 3358 814 καὶ
3387 759 3545 813 τοῦτό
3574 776 3744 829 φησιν

2149 857 2177 909 6
2222 856 2490 927 μακάριος
2532 855 2772 926 Πέτροςο
2828 874 2847 907 ι
2886 854 3005 908 Ἵνα
3036 855 3127 907 τὸν
3178 854 3286 908 ἀπὸ
3336 853 3629 925 Ναζαρὲτ,
3664 853 3745 916 ὡς

2152 948 2370 1020 ἔχρισεν
2399 948 2559 1003 αὑτὸν
2582 950 2610 1001 6
2635 947 2766 1011 Θεὸς
2798 947 3082 1018 Πνεύματι
3110 948 3270 1017 ἁγίῳ.
3311 964 3331 998 ι
3367 945 3577 999 Οὐκοῦν
3607 946 3743 1016 περὶ

2153 1041 2213 1092 τὸ
2243 1037 2580 1110 ἀνθρώπινον
2608 1040 2641 1108 ή
2664 1038 2868 1109 χρίσις,
2901 1038 2996 1090 καὶ
3028 1040 3127 1108 τῆς
3158 1036 3361 1108 σαρκὸς
3388 1038 3416 1089 6
3445 1035 3746 1105 ἁγιασμὸς,

2154 1131 2252 1201 τῆς
2278 1131 2337 1183 οὗ
2359 1129 2499 1184 κατά
2526 1130 2687 1197 φύσιν
2718 1129 2901 1198 ἁγίας,
2931 1129 3046 1183 ἀλλ’
3075 1130 3151 1192 ὡς
3168 1130 3225 1181 ἐν
3250 1126 3465 1198 μεθέξει
3493 1131 3557 1199 τῇ
3588 1129 3747 1200 παρὰ

2157 1221 2320 1278 Θεοῦο
2356 1221 2592 1293 θύραθεν
2621 1220 2733 1292 γάρ
2760 1222 2874 1283 τοῖς
2911 1220 3208 1289 κτίσμασιν
3241 1221 3269 1272 6
3294 1219 3569 1288 ἁγιασμὸς
3593 1259 3609 1283 ,
3641 1221 3743 1272 καὶ

2157 1315 2484 1386 εἰσποιητῶς
2528 1314 2677 1384 παρά
2729 1313 2866 1368 Θεοῦ
2917 1312 3353 1367 καταπλιουτοῦσι
3406 1313 3505 1384 τὴν
3556 1314 3743 1385 χάριν.

2157 1410 2385 1481 Χρίεται
2411 1407 2469 1460 δὲ
2497 1409 2609 1470 τοῖς
2645 1406 2827 1469 ἄλλοις
2852 1405 3012 1475 ὁμοῦ,
3041 1405 3137 1459 κα)⁵
3167 1405 3267 1475 τῆς
3291 1405 3433 1459 κατά
3462 1405 3624 1475 νόμον
3649 1405 3747 1457 λα-

2157 1501 2343 1571 τρείας
2390 1500 2450 1553 τὸ
2485 1498 2889 1569 θυσιαστήριον.
2923 1498 3117 1567 ’Ἄγιος
3161 1498 3271 1570 γὰρ
3321 1498 3415 1550 καὶ
3469 1498 3498 1548 6
3539 1496 3743 1567 νόμος,

2158 1591 2342 1646 καλῶν
2373 1592 2452 1655 είς
2484 1590 2777 1658 ἐπίγνωσιν
2817 1588 2910 1643 τοῦ
2951 1588 3093 1642 κατὰ
3134 1588 3294 1658 φύσιν
3328 1587 3463 1642 Θεοῦ
3484 1629 3498 1651 ,
3532 1590 3629 1642 καὶ
3662 1587 3748 1641 δι-

2161 1678 2457 1749 καιοσύνης
2513 1678 2721 1750 εἴδησιν
2768 1680 2882 1740 τοῖς
2931 1678 3306 1749 ἀκροωμένοις
3344 1678 3595 1741 ἐντιθεὶς,
3645 1678 3748 1731 καί¹

2165 1773 2247 1835 εἰς
2264 1771 2439 1842 ἀρχὰς
2467 1770 2806 1841 ἁγαθότητος
2831 1770 3123 1842 ἀποφέρων
3146 1772 3275 1834 τοὺς
3295 1771 3743 1841 παιδευομένους

2170 1882 2189 1914 ι
2241 1854 2409 1932 Ἀρχὴ
2467 1859 2596 1933 γὰρ,
2668 1862 2853 1930 φησὶν,
2907 1860 3028 1914 ὀδοῦ
3073 1860 3286 1931 ἀγαθῆς
3336 1862 3397 1914 τὸ
3456 1864 3630 1914 ποιεῖν
3671 1861 3751 1915 τά

2162 1954 2366 2007 δίκαια.
2412 1972 2431 2004 ι
2469 1952 2676 2021 Γράφει
2721 1951 2777 2005 δέ
2811 1969 2911 2004 που
2965 1952 3057 2004 καὶ
3103 1954 3132 2004 6
3167 1951 3449 2016 θεσπέσιος
3494 1953 3747 2016 Παῦλος.

2169 2064 2187 2096 ι
2229 2045 2394 2099 Ὥστε
2424 2046 2451 2098 6
2489 2044 2588 2115 μὲν
2621 2044 2787 2114 νόμος
2810 2036 2994 2112 ἀγιος,
3038 2044 3132 2096 καὶ
3166 2046 3199 2115 ἡ
3230 2043 3417 2115 ἐντολὴ
3459 2044 3609 2113 ἁγία,
3636 2046 3741 2097 καὶ

2161 2135 2346 2189 δικαία
2366 2136 2460 2188 καὶ
2481 2134 2679 2206 ἀγαθή.
2718 2154 2736 2184 ι
2770 2135 2958 2202 Ἀγιος
2976 2133 3033 2186 δὲ
3058 2134 3227 2202 ἁγίων
3252 2136 3280 2187 6
3299 2134 3480 2204 νόμος,
3511 2136 3571 2188 οὐ
3601 2134 3753 2187 κατά

2161 2243 2225 2295 γε
2256 2227 2356 2297 τὴν
2378 2224 2559 2290 σκιὰν,
2587 2224 2702 2278 ἀλλ’
2728 2226 2810 2278 ὅτι
2833 2224 2973 2295 πρὸς
3007 2224 3239 2296 θεωρίαν
3266 2226 3315 2278 εί
3347 2227 3753 2298 μετατρέποιτο

2160 2321 2261 2393 τὴν
2287 2320 2688 2391 πνευματικὴν,
2726 2320 2887 2373 αὑτὸν
2917 2320 3046 2391 ἡμῖν
3073 2320 3122 2372 oi
3153 2319 3311 2375 τύποι
3342 2320 3754 2392 διακεκράγασι

2161 2413 2255 2467 τὸν
2296 2410 2568 2483 Χριστὸν,
2621 2410 2713 2462 τὸν
2763 2410 2955 2477 ’Δγιον
3021 2410 3194 2478 ἀγίων
3246 2410 3483 2481 ἀληθῶς·
3524 2411 3755 2480 ἁγιάζει

2162 2504 2271 2576 γὰρ
2304 2504 2381 2567 ὡς
2418 2503 2552 2567 Θεὸς
2577 2500 2655 2573 τῷ
2693 2501 2807 2572 ἰδίῳ
2836 2500 3150 2572 καταχρίων
3198 2502 3475 2572 πνεύματι
3514 2503 3641 2565 τοὺς
3687 2505 3756 2556 ἐν

2165 2596 2380 2669 μεθέξει
2423 2594 2716 2663 γεγονότας
2758 2591 2926 2646 αὐτοῦ
2965 2592 3053 2645 διὰ
3098 2593 3201 2661 τῆς
3249 2592 3509 2657 πίστεως,
3579 2594 3755 2662 Ἐγη-

2161 2686 2436 2759 γερμένης
2473 2685 2531 2739 δὲ
2573 2684 2677 2756 δὴ,
2707 2684 2803 2737 καὶ⁸
2858 2683 2967 2754 μὴν
3009 2684 3100 2737 καὶ
3144 2683 3308 2755 ἐλαίῳ
3360 2682 3440 2754 τῷ
3487 2683 3627 2752 ἁγίῳ
3654 2702 3762 2737 κα.-

2161 2775 2603 2847 τακεχρισμένης
2647 2774 2750 2846 τῆς
2794 2775 2957 2844 ἁγίας
3008 2775 3219 2847 σκηνῆς
3245 2817 3260 2841 ,
3320 2775 3384 2829 τὸ
3420 2776 3559 2846 μετὰ
3585 2776 3759 2831 τοῦτο

2163 2871 2433 2941 λέγωμεν,
2475 2870 2524 2922 εί
2552 2867 2719 2923 δοκεῖ.

2082 3065 2124 3124 c
2228 3050 2436 3105 nam.
2471 3009 2617 3104 Πάνυ
2652 3047 2750 3121 μὲν
2784 3041 2911 3103 οὗ).

2247 3144 2411 3197 ΚΥΡ.
2461 3143 2776 3214 Γέγραπται
2819 3141 3003 3196 τοίνυν
3047 3140 3169 3197 ὡδί·
3207 3160 3226 3193 ι
3264 3142 3381 3196 Καὶ
3429 3141 3758 3196 συνετέλεσε

2175 3232 2384 3301 Μωσῆς
2415 3232 2593 3285 πάντα
2628 3231 2698 3286 τὰ
2733 3230 2890 3302 ἔργα,
2937 3230 3033 3284 καὶ
3068 3230 3440 3300 συνεκάλυψεν
3483 3233 3516 3301 ἡ
3551 3230 3765 3301 νεφέλη

2174 3326 2274 3397 τὴν
2305 3324 2511 3397 σκηνὴν
2538 3323 2634 3378 τοῦ
2678 3323 3008 3397 μαρτυρίου,
3041 3324 3137 3378 καὶ
3161 3324 3322 3394 δόξης
3353 3324 3560 3394 Κυρίου
3584 3323 3767 3395 ἐπλη-

2178 3416 2326 3488 ρώθη
2362 3418 2396 3488 ἠ
2447 3417 2644 3488 σκηνή.
2678 3416 2791 3469 Καὶ
2834 3416 2935 3470 οὐκ
2970 3415 3210 3487 ἠδυνήθη
3246 3415 3452 3487 Μωσῆς
3496 3414 3768 3469 εἰσελθεῖν

2177 3510 2259 3571 είς
2288 3509 2389 3581 τὴν
2423 3509 2629 3581 σκηνὴν
2661 3507 2758 3562 τοῦ
2807 3508 3147 3579 μαρτυρίου,
3192 3508 3274 3561 ὅτι
3309 3505 3635 3571 ἐπεσκίαζεν
3669 3508 3769 3560 ἐπ’

2177 3603 2403 3673 αὐτὴνὴ
2430 3602 2651 3671 νεφέλη,
2676 3601 2773 3654 καί⁵
2806 3600 2964 3672 δόξης
2985 3601 3195 3672 Κυρίου
3224 3598 3467 3670 ἐπλήσθη
3499 3600 3532 3668 ὴ
3559 3599 3765 3668 σκηνή.

2191 3692 2385 3746 Ἠνίκα
2395 3691 2454 3745 δὲ
2471 3690 2637 3762 ἀνέϐη
2657 3691 2767 3745 ἀπὸ
2783 3691 2883 3760 τῆς
2896 3690 3121 3760 σκηνῆς,
3150 3688 3550 3758 ἀνεζεύγνυσαν
3579 3688 3629 3742 cl
3652 3689 3769 3742 υἱοὶ

2192 3781 2409 3852 Ἰσραὴλ
2440 3781 2537 3835 σὺν
2574 3784 2641 3851 τῇ
2671 3780 2919 3853 ἀπαρτίᾳ
2966 3778 3147 3833 αὐτῶν
3173 3794 3187 3809 ⁸
3219 3782 3268 3833 εί
3308 3780 3364 3833 δὲ
3396 3778 3471 3850 μὴ
3524 3777 3695 3848 ἀνέϐη
3728 3780 3766 3848 ἡ

2178 3871 2400 3941 νεφέλη,
2425 3871 2527 3925 οὐκ
2544 3869 2946 3939 ἀνεζεύγνυσαν
2998 3869 3103 3932 ἕως
3127 3870 3226 3940 τῆς
3248 3869 3483 3939 ⁴ἡμέρας,
3504 3862 3571 3939 ἦς
3588 3866 3764 3938 ἀνέϐη

2177 3963 2211 4032 ή
2246 3961 2442 4030 νεφέλη
2468 3977 2483 3993 ο
2516 3960 2711 4033 νεφέλη
2758 3961 2869 4030 γάρ
2895 3956 2962 4031 ἦν
3007 3961 3101 4014 ἐπὶ
3148 3961 3246 4030 τῆς
3275 3960 3479 4029 σκηνῆς
3520 3958 3764 4030 ἡμέρας,

2179 4051 2275 4105 καὶ
2310 4050 2422 4122 πῦρ
2453 4048 2521 4123 ἦν
2551 4051 2637 4105 ἐπ’
2679 4052 2852 4123 αὐτῆς
2884 4052 3101 4115 νυκτὸς,
3138 4051 3378 4105 ἐναντίον
3410 4052 3611 4113 παντὸς
3659 4052 3768 4104 Ἰσ-

2183 4144 2321 4215 ραὴλ
2343 4183 2359 4207 ,
2393 4146 2451 4197 ἐν
2481 4144 2687 4208 πάσαις
2732 4146 2856 4208 ταῖς
2889 4143 3188 4211 ἀναζυγαῖς
3229 4141 3427 4196 αὐτῶν.
3473 4161 3491 4192 ι
3546 4142 3771 4196 Ἀναδε-

2178 4236 2469 4306 δειγμένης
2497 4236 2606 4305 γὰρ
2634 4238 2691 4289 ἐν
2720 4236 2912 4306 κόσμῳ
2942 4235 3041 4306 τῆς
3067 4235 3228 4304 ἁγίας
3256 4235 3349 4288 καὶ
3382 4232 3771 4305 ἀληθεστέρας

2181 4328 2409 4397 σκηνῆς,
2443 4325 2591 4381 τοῦτ’
2625 4325 2776 4391 ἐστι,
2807 4327 2908 4397 τῆς
2943 4325 3003 4392 ἐξ
3032 4325 3198 4379 ἐθνῶν
3243 4324 3573 4395 Ἐκκλησίας
3594 4364 3608 4388 ,
3641 4325 3769 4396 φῶς

487 4428 676 4494 clesia,
730 4427 939 4484 Christi
971 4427 1158 4481 lumen
1192 4425 1561 4481 circumfulsit
1607 4433 1664 4481 et
1702 4426 1859 4496 quasi
1888 4426 2064 4482 nubes

2175 4419 2580 4491 περιελάμπετο
2601 4417 2860 4489 Χριστοῦ,
2888 4422 2984 4471 καὶ
3007 4419 3039 4488 ἡ
3063 4416 3258 4487 νεφέλη
3275 4414 3466 4486 ὥσπερ
3486 4433 3573 4478 τις
3596 4433 3767 4469 πνευ-

485 4519 738 4589 qutedam
770 4518 1073 4590 spiritualis
1099 4533 1339 4588 superno
1358 4533 1481 4573 rore
1511 4533 1613 4573 nos
1631 4518 1850 4573 abunde
1887 4518 2067 4573 laetiﬁ-

488 4629 639 4677 cans,
686 4612 782 4667 Dei
834 4611 1098 4683 templum
1144 4611 1399 4681 complet.
1461 4611 1581 4665 Non
1635 4621 1817 4667 tamen
1863 4611 2065 4681 potuit,

489 4704 690 4776 inquit,
720 4703 934 4775 ingredi
982 4702 1225 4774 Moyses;
1260 4718 1437 4773 neque
1481 4704 1630 4758 enim
1662 4703 1945 4775 ingressus
1984 4711 2070 4758 est

488 4797 681 4862 Israel,
714 4796 843 4866 quia
882 4795 1054 4850 divini
1081 4794 1307 4850 luminis
1328 4795 1515 4850 radios
1546 4794 1693 4851 ferre
1715 4811 1826 4850 non
1859 4795 2062 4865 potuit,

488 4904 671 4961 neque
724 4889 993 4946 intellexit
1031 4888 1237 4944 Christi
1275 4888 1632 4959 mysterium;
1677 4889 1788 4958 jam
1818 4903 1951 4943 vero
2000 4903 2070 4942 ne

493 4981 837 5052 spiritualem
867 4979 1093 5050 quidem
1134 4977 1591 5036 illuminationem
1621 4976 1863 5042 admisit,
1890 4991 2070 5046 neque

484 5072 691 5127 mentis
717 5071 892 5126 oculis
910 5070 1124 5126 Domini
1147 5069 1373 5141 gloriam
1394 5068 1623 5138 aspexit,
1645 5082 1769 5123 eum
1800 5082 1911 5137 quo
1939 5067 2070 5122 dum

488 5163 548 5218 in
584 5161 755 5233 ﬁgura
803 5161 969 5217 nubis
1013 5178 1081 5216 ex
1129 5161 1234 5215 hoc
1258 5159 1464 5213 mundo
1495 5158 1884 5229 proﬁciscitur,
1920 5166 1977 5213 et
2001 5159 2069 5213 ad

491 5262 693 5317 supera
725 5246 920 5311 tendit,
947 5246 1111 5301 simul
1155 5243 1558 5315 proﬁciscimur
1582 5240 1863 5296 Dominica
1894 5242 2064 5296 vesti-

488 5340 577 5409 gia
602 5347 1022 5410 persequentes.
1053 5337 1463 5393 lnitiavitenim
1501 5335 1661 5390 nobis
1686 5334 1829 5387 viam
1869 5349 2065 5389 novam

376 5464 391 5477 .
488 5439 545 5483 et
582 5430 859 5485 viventem
889 5470 903 5495 ,
961 5428 1110 5481 illam
1137 5443 1261 5498 quae
1299 5442 1519 5483 sursum
1561 5424 1718 5480 ducit
1742 5424 1800 5479 in
1824 5427 2063 5481 cmlum:

490 5519 740 5589 dumque
781 5520 1127 5589 conquiescit
1187 5527 1352 5589 atque
1404 5518 1695 5585 considet,
1729 5519 1890 5574 simul
1939 5535 2066 5575 con-

601 5695 643 5727 "
676 5697 871 5767 Philip.
910 5715 965 5764 ιι,
1003 5699 1053 5764 6,
1093 5700 1142 5752 7.
1222 5699 1263 5730 ”
1290 5696 1409 5753 Act.
1449 5714 1499 5762 χ,
1536 5697 1624 5751 '56.
1707 5698 1748 5729 “
1779 5698 1938 5753 I’I'OV.
1980 5713 2086 5763 3m,
2121 5697 2171 5750 5.
2218 5697 2258 5727 ¹⁵
2288 5697 2445 5753 Rom.
2483 5714 2574 5763 vn,
2608 5698 2687 5751 l9.
2772 5697 2811 5729 ’“
2837 5698 2929 5753 lix:
2955 5699 3007 5752 d.
3035 5695 3322 5763 3.1.,3156.

2174 4512 2381 4582 ματικὴ
2399 4511 2589 4582 δρόσος
2616 4511 2766 4581 ἡμᾶς
2790 4511 2900 4573 τοῖς
2927 4508 3135 4562 ἄνωθεν
3164 4508 3433 4571 πλουσίως
3460 4508 3765 4561 καταπιαί-

2170 4619 2336 4656 νουσα
2359 4641 2375 4665 ,
2409 4602 2503 4656 τὸν
2535 4602 2676 4655 θεῖον
2701 4599 2829 4655 ναὸν
2860 4599 3267 4670 ἀναπίμπλησι.
3302 4599 3471 4670 Πλὴν,
3506 4600 3606 4652 οὐκ
3631 4600 3763 4670 ὴδυ-

2167 4693 2327 4766 νήθη,
2362 4694 2548 4765 φησὶν,
2579 4692 2839 4747 εἰσελθεῖν
2869 4696 2896 4746 6
2925 4693 3151 4763 Μωσῆς,
3185 4693 3245 4746 οὐ
3281 4691 3390 4762 γὰρ
3432 4691 3762 4762 είσϐέϐηκεν

2169 4790 2199 4842 6
2243 4789 2483 4860 Ἰσραὴλ,
2528 4788 2627 4858 τὴν
2658 4788 2753 4841 τοῦ
2783 4786 2931 4840 θείου
2964 4787 3142 4855 φωτὸς
3170 4784 3476 4857 προσϐολὴν
3512 4785 3762 4852 ἐνεγκεῖν

2171 4880 2234 4932 οὐ
2273 4879 2601 4949 δυνάμενος,
2637 4878 2841 4931 ἐπείτοι
2879 4878 3000 4931 οὐδὲ
3030 4881 3230 4948 συνῆκε
3256 4877 3319 4930 τὸ
3344 4875 3582 4947 Χριστοῦ
3616 4892 3763 4944 μυσ-

2169 4972 2356 5042 τήριον
2380 5014 2394 5037 ,
2427 4970 2542 5024 ἀλλ’
2578 4969 2700 5023 οὐδὲ
2728 4970 3045 5041 προσήκατο
3072 4969 3171 5047 τὸν
3195 4970 3253 5021 ἐν
3285 4966 3558 5037 πνεύματι
3588 4982 3762 5033 φωτι-

2172 5065 2346 5134 σμὸν,
2376 5064 2499 5118 οὐδὲ
2525 5064 2778 5118 τεθέαται
2827 5066 2942 5126 τοῖς
2988 5064 3088 5134 τῆς
3120 5061 3360 5125 διανοίας
3402 5061 3612 5132 ὄμμασι
3654 5059 3761 5129 τὴν

2170 5157 2328 5221 δόξαν
2356 5156 2585 5228 Κυρίου,
2678 5157 2772 5209 καὶ
2797 5158 2871 5217 ὼς
2905 5158 2964 5211 ἐν
2993 5155 3151 5226 τύπῳ
3180 5154 3430 5224 νεφέλης,
3465 5153 3760 5223 ἀπαίροντι

2177 5247 2277 5318 μὲν
2307 5246 2401 5300 τοῦ
2434 5248 2641 5317 κόσμου
2692 5249 2786 5302 καὶ
2825 5249 2963 5318 πρὸς
2994 5247 3062 5307 τὰ
3120 5248 3232 5301 ἄνω
3279 5244 3580 5316 βαδίζοντι,
3627 5260 3760 5297 συν-

2175 5339 2488 5409 απαίρομεν
2517 5340 2637 5403 κατ’
2660 5338 2804 5409 ἴχνος
2828 5339 2998 5402 ίόντες
3022 5339 3083 5391 τὸ
3100 5338 3430 5391 δεσποτικόν
3452 5334 3758 5390 ἐνεκαίνισε

2174 5432 2284 5500 γὰρ
2321 5432 2453 5500 ἡμῖν
2480 5431 2577 5501 τὴν
2606 5430 2918 5501 πρόσφατόν
2948 5447 3008 5483 τε
3035 5430 3128 5483 καὶ
3163 5430 3343 5494 ζῶσαν
3369 5427 3513 5489 ὁδὸν,
3543 5426 3644 5494 τὴν
3672 5427 3757 5487 εἰς

2174 5522 2242 5574 τὰ
2264 5521 2376 5574 ἄνω
2406 5539 2479 5590 φη
2489 5522 2549 5592 μὶ
2577 5523 2674 5577 καὶ
2700 5524 2759 5576 ἐν
2785 5522 3020 5593 οὐρανῷ,
3046 5518 3446 5591 ἀναπαυομένῳ
3483 5517 3541 5571 δὲ
3564 5515 3760 5581 ὥσπερ
