3962 6296
202 185 318 242 ενδ

973 186 1062 241 DE
1095 182 1535 242 ADORATIONE
1574 183 1641 239 [Ν
1678 181 1947 240 SPIRITU
1987 184 2077 241 ET
2114 184 2483 241 VERITATE.
2526 184 2653 240 LIB.
2702 184 2763 239 Χ.

3394 183 3496 242 694

207 293 309 347 καὶ
350 292 699 359 καταλύοντι,
735 296 1230 366 ωναναπαυόμεθα
1267 298 1360 350 καὶ
1395 295 1800 362 συγκαταλύσο-

1919 298 2250 366 ιυίοεοριιιιιε
2299 306 2464 366 atque
2514 296 2945 351 considebimus.
2998 294 3153 350 Nube
3178 294 3327 348 enim
3365 311 3492 362 prr-

213 402 345 455 μεν.
392 386 732 460 ’Δπαιρούσῃ
764 387 822 440 δὲ
874 391 940 459 τῇ
973 387 1172 459 νεφέλῃ
1197 433 1210 452 ,
1247 388 1563 457 συναπῆρεν
1592 388 1621 439 6
1649 386 1801 448 λαός·

212 474 315 527 καὶ
357 476 744 549 καταλυούσης
768 517 786 543 ,
827 478 1292 548 συγκατηυλίζετο
1322 492 1335 505 ·
1371 495 1390 528 ι
1440 475 1659 546 Νεφέλη
1699 476 1807 546 γὰρ

210 561 306 635 ἦν.
343 568 539 637 φησὶν,
575 568 670 621 ἐπὶ
705 570 805 639 τῆς
862 569 1068 638 σκηνῆς
1119 568 1217 637 τὴν
1263 569 1518 639 ἡμέραν,
1569 566 1664 622 καὶ
1695 564 1807 636 πῦρ

214 658 318 726 τὴν
361 658 558 716 νύκτα.
612 677 631 711 ι
676 660 1039 739 Καταπιαίνει
1077 660 1175 729 μὲν
1200 658 1309 731 γὰρ
1334 660 1363 711 ὁ
1385 658 1621 730 Χριστὸς
1647 655 1806 730 χαρί-

208 764 401 818 σμασι
443 751 556 813 τοῖς
588 752 1010 821 πνευματικοῖς,
1040 751 1165 812 τοὺς
1189 750 1380 822 ὥσπερ
1406 751 1465 803 ἐν
1498 749 1679 820 ἡμέρᾳ
1714 747 1809 801 καὶ

218 841 362 907 φωτὶ
394 840 687 908 γεγονότας
702 880 717 905 ,
738 839 828 893 διά
843 857 910 916 γε
930 838 1026 893 τοῦ
1050 838 1147 910 τὴν
1167 841 1254 892 ἐπ’
1281 837 1429 909 αὐτῷ
1449 837 1649 906 γνῶσιν
1675 834 1805 889 λεπ-

217 928 329 992 τῶς
359 946 423 983 τε
452 932 549 984 καὶ
582 918 969 1004 ἐξητασμένως
1001 929 1163 991 ἑλεῖν,
1208 930 1304 985 καὶ
1328 926 1806 1000 ὲκλελαμπρύνθαι

216 1019 309 1073 τὸν
350 1020 508 1073 νοῦν*
555 1006 926 1090 καταφωτίζει
975 1021 1033 1074 δὲ
1082 1021 1205 1085 τοὺς
1258 1018 1665 1091 ἀμαθεστέρους
1700 1017 1803 1072 ἐτι.

219 1109 426 1174 Σκότος
455 1111 516 1164 δὲ
556 1110 693 1175 ὅλως
727 1111 999 1182 κοσμικῆς
1032 1111 1248 1182 ἀπάτης
1276 1111 1375 1164 οὐκ
1406 1110 1551 1163 ἔστιν
1583 1111 1639 1164 ἐν
1681 1110 1808 1162 Ἐκ-

220 1201 502 1270 κλησίαις,
535 1204 1068 1274 περιαστράπτοντος
1105 1202 1273 1267 αὐτὰς
1296 1200 1391 1255 τοῦ
1427 1199 1686 1273 Χριστοῦ,
1714 1200 1807 1255 καὶ

217 1293 398 1364 νοητῷ
450 1296 593 1364 φωτὶ
628 1295 697 1349 τά
740 1295 1031 1367 σύμπαντα
1070 1294 1504 1363 καταυγάζοντος
1535 1309 1549 1324 ·
1601 1293 1661 1346 οὐ
1696 1292 1806 1363 γάρ

220 1387 394 1455 ἐσμεν
418 1385 639 1449 νυκτὸς,
657 1386 778 1439 οὐδὲ
802 1386 1047 1451 σκότους,
1080 1386 1192 1439 ἀλλ’
1221 1384 1328 1439 υἱοὶ
1350 1384 1523 1454 φωτὸς
1551 1384 1645 1437 καὶ
1672 1384 1807 1454 ἠμέ-

220 1491 346 1544 ρας,
381 1474 527 1529 κατὰ
565 1475 629 1528 τὸ
661 1475 1066 1547 γεγραμμένον.

288 1566 510 1621 ΠΔΛΛ.
548 1565 756 1638 Ὀρθῶς
784 1566 943 1637 ἔφης.

288 1657 463 1712 ΚΥΡ.
510 1630 848 1730 Προσθέντες
875 1630 933 1712 δὲ
975 1657 1221 1725 τούτοις,
1261 1659 1357 1713 καὶ
1398 1658 1500 1713 οὐκ
1539 1658 1596 1713 ὲν
1639 1658 1807 1729 μήκει
1834 1630 1880 1691 Β

218 1748 420 1818 λόγων,
457 1750 586 1812 τοὺς
630 1749 725 1803 ἐπί
762 1765 826 1818 γε
857 1751 925 1820 τῇ
959 1751 1132 1821 σκηνῇ
1168 1748 1403 1820 νόμους,
1452 1748 1554 1813 τάς
1596 1765 1657 1802 τε
1696 1748 1805 1802 τῶν

220 1839 375 1893 λαῶν
404 1840 751 1912 δωροφορίας
775 1880 791 1905 ,
821 1842 915 1896 καὶ
945 1840 1051 1913 μὴν
1071 1841 1168 1896 καὶ
1197 1841 1464 1913 ἀπάρσεις
1491 1841 1586 1896 καὶ
1612 1858 1810 1896 συναυ-

220 1933 481 2002 λισμοὺς,
510 1932 914 2005 ἁφηγησόμεθα
941 1952 954 1964 ·
993 1933 1065 1988 ἴοι
1091 1932 1199 2005 γάρ
1231 1934 1298 1990 ἂν
1314 1934 1458 1989 οὕτω
1491 1935 1628 2006 πρὸς
1653 1930 1807 2007 οἶμον

218 2024 391 2096 ὀρθὴν
420 2027 452 2079 6
470 2024 651 2093 λόγος.

287 2116 507 2173 ΠΑΑΛ.
535 2115 823 2188 Σύμφημι.

292 2208 464 2261 ΚΥΡ.
494 2207 823 2263 Δεδικαίωκε
861 2209 1044 2264 τοίνυν
1079 2210 1108 2264 ὁ
1141 2211 1440 2282 νομοθέτης
1491 2211 1588 2265 καὶ
1615 2211 1809 2283 κριτὴς

225 2297 282 2348 ὲν
313 2295 459 2367 μόνῃ
487 2296 552 2367 δὴ
585 2297 780 2367 χρῆναι
808 2300 876 2369 τῇ
911 2299 1044 2370 ἁγίᾳ
1077 2303 1250 2372 σκηνῇ
1284 2301 1385 2364 τὰς
1409 2301 1602 2366 Θυσίας
1630 2304 1811 2356 ἐπιτε-

226 2386 353 2452 λεῖν,
390 2387 520 2450 τοὺς
551 2387 710 2459 εἴπερ
744 2388 811 2443 ἂν
836 2390 1039 2445 ἕλοιντο
1069 2391 1229 2445 τοῦτο
1259 2392 1415 2464 δρᾷν,
1441 2393 1698 2463 ἀφιστὰς,
1729 2389 1809 2448 οἶ-

230 2482 326 2549 μαί
361 2498 492 2546 που,
529 2481 626 2550 τῆς
658 2480 829 2535 ἑώλου
846 2483 1303 2557 ψευδολατρείας,
1334 2485 1435 2555 τῆς
1459 2487 1518 2540 ὲν
1549 2485 1813 2559 Αἰγύπτῳ

200 2573 405 2659 φημὶ,
439 2573 570 2627 ἔνθα
604 2574 771 2636 πολὺς
814 2575 913 2645 μὲν
957 2575 986 2627 6
1034 2574 1141 2630 τῶν
1183 2575 1417 2632 εἰδώλων
1458 2579 1809 2650 ὲμπαιγμὺς,

229 2661 366 2716 θεῶν
400 2679 467 2715 τε
513 2662 625 2714 τῶν
674 2662 1041 2735 ψευδωνύμων
1081 2665 1115 2734 ή
1154 2663 1526 2738 ἀκαλλεστάτη
1570 2665 1811 2736 πληθὺς,

228 2754 347 2807 οὐδὲ
373 2754 561 2818 αὐτοῖς
585 2754 728 2825 τάχα
755 2771 858 2807 που
871 2750 985 2819 τοῖς
1006 2758 1332 2825 προσκυνεῖν
1358 2757 1653 2828 ᾑρημένοις
1676 2772 1815 2825 γνω-

235 2846 478 2916 ρίζεσθαι
506 2845 782 2918 δυναμένη
819 2862 834 2877 ·
869 2847 1085 2901 ἀνεῖται
1115 2845 1175 2900 δὲ
1210 2847 1305 2901 καὶ
1340 2848 1401 2901 τὸ
1431 2848 1599 2903 θύειν.
1626 2848 1814 2919 ὥσπερ

233 2936 297 2991 ἂν
325 2938 504 2991 Ξλοιτό
536 2955 641 3001 τις,
677 2937 820 2991 κατά
845 2956 909 3007 γε
933 2939 995 2992 τὸ
1020 2939 1127 2992 ὑπό
1158 2956 1251 2992 του
1275 2938 1384 2993 τῶν
1418 2940 1549 3012 παρ’
1583 2939 1809 3010 Ἕλλησι

234 3029 409 3099 σοφῶν
428 3028 721 3099 ἀτημελῶς
741 3031 1051 3102 εἰρημένον,
1073 3030 1230 3095 ἄλλος
1240 3031 1287 3084 δ’
1304 3031 1448 3102 ἄλλῳ
1471 3030 1625 3103 ἔρεζε
1649 3030 1808 3086 θεῶν.

244 3119 503 3188 Ἀφιστᾶς
534 3114 627 3172 οὖν
654 3120 754 3190 τῆς
792 3118 935 3173 οὓτω
963 3120 1178 3192 ψυχρᾶς
1209 3136 1269 3173 τε
1308 3122 1401 3175 καὶ
1443 3119 1674 3190 βεϐήλου
1701 3137 1812 3192 τρι-

235 3209 335 3280 ϐῆς
379 3211 479 3265 καὶ
511 3209 809 3277 συνηθείας
848 3211 1233 3281 άλογωτάτης,
1284 3210 1388 3282 ἔφη
1434 3211 1595 3265 πάλιν
1637 3211 1695 3263 ὲν
1738 3210 1813 3281 τῷ

234 3302 528 3374 Λευιτικῷο
553 3323 572 3355 ι
598 3302 844 3373 Λάλησον
863 3303 999 3375 πρὸς
1029 3302 1236 3375 Ἀαρὼν
1251 3304 1500 3375 καὶπρὸς
1520 3305 1644 3368 τοὺς
1667 3306 1815 3369 υἱοὺς

235 3391 420 3456 αύωῦ,
443 3393 539 3446 καὶ
557 3393 695 3463 πρὸς
715 3392 921 3457 πάντας
948 3394 1074 3458 τοὺς
1094 3394 1246 3458 υἱοὺς
1282 3394 1522 3466 Ἰσραὴλ,
1549 3394 1645 3447 καὶ
1670 3396 1815 3465 ὲρεξς

237 3482 372 3550 πρὸς
404 3481 644 3545 αὐτούς’
683 3481 858 3535 Τοῦτο
898 3482 960 3536 τὸ
1006 3483 1159 3553 ῥῆμα
1205 3482 1233 3537 δ
1273 3483 1581 3538 ἐνετείλατο
1612 3484 1816 3553 Κύριος

237 3573 435 3644 λέγων·
470 3572 793 3645 Ἀνθρωπος
827 3574 935 3647 τῶν
963 3574 1094 3628 υἱῶν
1139 3575 1392 3647 Ἰσραὴλ,
1428 3575 1461 3647 ἢ
1494 3574 1602 3629 τῶν
1646 3593 1816 3648 προσ-

241 3666 512 3737 κειμένων
538 3669 596 3720 ὲν
637 3669 789 3738 ὑμῖν,
819 3668 876 3730 ὃς
902 3665 984 3721 ἂν,
1002 3667 1179 3739 σφάξῃ
1215 3668 1417 3740 μόσχον
1448 3668 1482 3738 ἦ
1522 3668 1816 3739 πρόϐατον,

240 3758 272 3828 ἢ
303 3755 439 3827 αἶγα
473 3760 533 3811 ὲν
557 3760 624 3829 τῇ
657 3758 1004 3830 παρεμϐολῇ,
1042 3760 1137 3813 καὶ
1166 3758 1226 3824 ὃς
1254 3760 1351 3814 ἐὰν
1381 3759 1562 3832 σφάξῃ
1589 3759 1694 3825 ἔξω
1719 3762 1819 3832 τῆς

242 3849 618 3922 παρεμϐολῆς,
644 3851 738 3904 καὶ
775 3852 867 3904 ἐπὶ
893 3851 993 3923 τὴν
1018 3850 1188 3924 θύραν
1213 3852 1311 3923 τῆς
1331 3855 1537 3926 σκηνῆς
1556 3855 1654 3910 τοῦ
1682 3872 1821 3927 μαρ-

243 3946 428 4018 topica
472 3945 547 4017 μὴ
597 3944 827 4016 ἐνέγκῃ,
871 3944 1011 3999 ὥστε
1058 3945 1283 4016 ποιῆσαι
1321 3946 1451 4001 αὐτὸ
1485 3950 1566 4012 εἰς
1598 3947 1824 4003 ὁλοκαύ-

1911 386 2211 451 ficisccnte,
2244 386 2408 441 simul
2459 385 2908 455 proficiscebatur
2940 385 3206 454 populus;
3228 388 3285 437 et
3306 383 3492 437 consi-

1909 477 2094 543 dente,
2157 478 2321 533 simul
2370 476 2743 532 considebat:
2810 495 2826 527 ε
2888 475 3075 529 Nubes
3123 474 3272 528 enim
3337 482 3495 537 erat,

1910 568 2108 638 inquit,
2174 583 2343 638 super
2398 566 2814 623 tabernaculum
2860 581 2958 635 per
3025 564 3192 628 diem,
3243 574 3299 619 et
3350 565 3492 634 ignis

1908 676 2008 730 per
2060 670 2299 716 noctem.
2354 679 2371 710 ι
2415 658 2812 730 Spiritualibus
2863 671 3101 725 namque
3146 656 3492 711 charismatis

1907 766 2004 806 eos
2032 750 2285 807 Christus
2312 750 2525 821 irrigat,
2561 750 2657 821 qui
2690 757 2984 820 propterea
3021 758 3279 817 tanquam
3311 748 3367 800 in
3400 748 3490 801 die

1907 849 2034 895 sunt
2054 856 2119 896 ac
2150 841 2290 905 luce,
2319 841 2465 911 quod
2500 839 2843 895 subtiliorem
2876 838 3051 909 ipsius
3075 847 3239 908 atque
3265 853 3493 891 accura-

1909 932 2106 986 liorem
2140 932 2516 1001 cognitionem
2568 939 2959 1001 perceperunt,
3010 938 3067 985 et
3100 937 3339 983 mentem
3362 928 3489 983 illu-

1908 1033 2133 1080 stratam
2168 1023 2375 1080 habent
2405 1043 2417 1078 :
2463 1040 2558 1081 eos
2585 1025 2758 1090 enim,
2795 1024 2890 1094 qui
2923 1031 3053 1078 sunt
3088 1023 3269 1077 adhuc
3299 1021 3489 1077 rudioa

1908 1132 2016 1182 res,
2043 1114 2501 1187 illuminat.35ﬁ.
2516 1114 2751 1170 Omnino
2782 1121 2966 1168 autem
2993 1111 3253 1167 mundani
3283 1112 3492 1167 erroris

1907 1211 2147 1265 tenebrae
2186 1210 2241 1266 in
2296 1208 2560 1265 Ecclesiis
2591 1207 2754 1262 nullas
2787 1218 2936 1271 sunt,
2981 1221 3107 1260 cum
3155 1205 3361 1259 circum
3395 1219 3491 1259 eas

1905 1300 2160 1356 Christus
2208 1301 2435 1372 fulgeat,
2483 1307 2540 1356 et
2562 1299 2836 1370 spirituali
2878 1298 3085 1353 lumine
3120 1298 3372 1352 universa
3409 1296 3488 1350 si-

1905 1391 2019 1446 mul
2054 1391 2290 1446 illustret
2324 1409 2337 1443 :
2367 1405 2474 1445 non
2518 1389 2667 1444 enim
2700 1403 2893 1444 sumus
2919 1388 3099 1443 noctis
3130 1402 3310 1457 neque
3334 1394 3489 1441 tene-

1905 1481 2151 1548 brarum,
2176 1481 2274 1537 sed
2306 1480 2405 1535 filii
2433 1480 2574 1536 lucis
2599 1489 2655 1535 et
2680 1479 2812 1545 diei,
2838 1487 2901 1534 ut
2925 1479 3191 1549 scriptum
3211 1486 3297 1533 est
3316 1478 3377 1529 ιτ.

1976 1571 2173 1628 PALL.
2196 1571 2369 1627 Recte
2399 1570 2503 1625 ais.

1976 1662 2131 1719 CYR.
2181 1662 2281 1718 His
2318 1662 2643 1734 adjiciemus
2696 1660 2939 1716 breviter
2968 1660 3136 1731 leges,
3163 1674 3284 1729 qua:-
3309 1657 3377 1712 ad
3406 1664 3491 1713 ta-

1908 1754 2267 1810 bernaculum
2298 1753 2599 1824 pertinent,
2633 1760 2690 1807 et
2735 1752 3041 1807 oblationes
3094 1750 3303 1821 populi,
3357 1764 3489 1819 pro-

1907 1845 2174 1902 fectiones
2212 1845 2378 1900 etiam
2408 1859 2474 1899 ac
2518 1843 2782 1899 stationes
2828 1858 3197 1913 exponemus;
3231 1841 3311 1897 sic
3340 1840 3499 1896 enim

1913 1945 2062 1993 recto
2094 1937 2294 1992 itinere
2324 1935 2708 2007 progredietur
2742 1934 2938 1989 oratio.

3073 2046 3123 2061 Νη

1981 2132 2175 2189 PALL.
2201 2128 2503 2186 Assentior.

1979 2224 2135 2280 CYR.
2173 2223 2469 2279 Constituit
2497 2221 2644 2276 enim
2682 2221 2772 2275 ille
2818 2218 3098 2289 legislator
3124 2212 3400 2285 acjudex,
3428 2219 3503 2266 υιτ

1912 2318 1966 2373 in
2009 2325 2196 2391 sancto
2241 2316 2336 2370 illo
2370 2313 2726 2369 tabernaculo
2772 2311 3035 2366 duntaxat
3065 2306 3331 2362 sacrificia
3355 2320 3492 2358 eon-

1912 2416 2271 2473 summarent,
2317 2407 2630 2478 quicunque
2674 2405 2727 2459 id
2779 2403 2958 2459 facere
2988 2400 3213 2463 vellent,
3260 2405 3322 2450 ut
3372 2410 3501 2457 eos,

1911 2502 2128 2572 opinor,
2163 2500 2231 2555 ab
2265 2500 2361 2554 illo
2403 2497 2576 2552 veteri
2611 2496 2762 2551 cultu
2796 2494 2947 2559 falsae
2968 2490 3250 2562 religionis
3275 2493 3507 2542 averte;-

1912 2600 2015 2655 ret,
2042 2606 2205 2661 quem
2256 2590 2311 2644 in
2366 2587 2597 2660 {Egypto
2642 2585 2902 2641 nimirum
2960 2581 3344 2641 exhibuerant,
3396 2572 3495 2629 ubi

1913 2684 2086 2738 multa
2154 2680 2411 2752 vigebant
2465 2678 2740 2733 idolorum
2796 2673 3071 2737 ludibria,
3122 2670 3501 2736 falsorumque

1914 2774 2142 2829 deorum
2174 2771 2488 2842 turpissima
2524 2769 2705 2834 turba,
2745 2783 2869 2837 qua:
2899 2780 2969 2820 ne
2993 2764 3063 2819 ab
3090 2761 3226 2832 ipsis
3248 2758 3496 2830 quidem,

1839 2879 1882 2938 ο
1914 2867 2010 2936 qui
2029 2866 2258 2920 adorare
2303 2863 2529 2926 vellent,
2563 2857 2818 2930 cognosci
2852 2864 3072 2927 posset;
3105 2852 3202 2907 ubi
3224 2851 3393 2907 etiam
3426 2848 3497 2903 li-

1913 2959 2108 3014 berum
2139 2965 2257 3011 erat
2282 2954 2501 3023 cuique,
2526 2967 2593 3006 eo
2619 2950 2782 3005 modo
2807 2947 3134 3009 sacriﬁcare,
3160 2958 3269 3013 quo
3293 2940 3505 2995 voluis-

1916 3058 2017 3113 set,
2058 3056 2118 3103 ut
2159 3056 2241 3101 est
2271 3061 2301 3099 a
2334 3044 2577 3113 sapiente
2629 3040 2867 3110 quodam
2901 3035 3093 3107 gentili
3152 3041 3379 3087 temere.
3408 3028 3499 3082 di-

1919 3148 2094 3203 ctum;
2128 3138 2268 3191 alius
2310 3146 2459 3188 vero'
2491 3131 2582 3185 alii
2614 3131 2719 3184 deo
2751 3126 3117 3183 sacrificabat.
3150 3122 3235 3176 Ab
3265 3121 3369 3174 hoc
3394 3118 3499 3187 igi-

1919 3238 2009 3286 tur
2030 3230 2167 3285 adeo
2190 3227 2359 3282 stulto
2388 3232 2553 3293 atque
2580 3221 2750 3291 impio
2782 3234 2885 3275 usu
2912 3225 2969 3272 et
2994 3213 3233 3270 absurda
3259 3224 3502 3266 consue-

1920 3319 2111 3375 tudine
2163 3330 2287 3372 eum
2320 3329 2423 3370 eos
2467 3309 2744 3366 abducere
2793 3307 2979 3369 vellet,
3023 3302 3411 3358 dixit-rursus
3439 3298 3504 3352 in

1872 3464 1881 3473 ,
1922 3409 2165 3466 chitico
2201 3425 2221 3460 ε⁴
2256 3425 2275 3456 ι
2306 3405 2556 3474 Loquere
2596 3402 2662 3457 ad
2705 3401 2907 3462 Aaron,
2934 3404 2991 3451 et
3016 3394 3084 3448 ad
3109 3392 3250 3447 filios
3279 3391 3418 3461 ejus,
3440 3395 3502 3441 et

1922 3501 1989 3556 ad
2042 3513 2234 3554 omnes
2277 3495 2420 3551 frlios
2454 3495 2643 3560 Israel,
2684 3500 2741 3548 et
2794 3488 2946 3544 dices
3005 3485 3071 3541 ad
3096 3498 3193 3539 eos
3222 3500 3235 3536 :
3266 3481 3385 3536 ~lloc
3414 3486 3501 3534 est

1923 3592 2171 3655 verbum,
2198 3589 2345 3661 quod
2371 3588 2633 3659 praecepit
2655 3578 2941 3644 Dominus,
2961 3578 3153 3633 dicens
3182 3592 3194 3628 :
3225 3572 3401 3627 Homo
3427 3587 3502 3626 en

1924 3681 2049 3739 filiis
2080 3682 2266 3747 Israel,
2299 3681 2385 3735 vel
2409 3696 2476 3735 ex
2507 3679 2595 3743 iis,
2629 3676 2725 3748 qui
2766 3670 3001 3745 appositi
3034 3674 3164 3724 sunt
3194 3664 3379 3728 vobis,
3403 3662 3503 3734 qui

1924 3772 2190 3830 occiderit
2215 3772 2448 3827 vitulum
2473 3777 2568 3826 aut
2615 3782 2795 3832 ovem,
2839 3771 2935 3818 aut
2959 3774 3179 3831 capram
3202 3757 3503 3819 incastris,

1925 3874 1982 3921 et
2006 3864 2099 3935 qui
2124 3863 2389 3919 occiderit
2418 3868 2573 3917 extra
2603 3866 2805 3923 castra,
2830 3865 2885 3912 et
2919 3854 2987 3909 ad
3018 3854 3220 3910 ostium
3243 3849 3500 3905 taberna-

1928 3957 2034 4012 culi
2076 3953 2375 4010 testimonii
2424 3967 2535 4007 non
2580 3949 2848 4013 attulerit,
2884 3952 2947 4001 ut
2969 3944 3134 3999 faciat
3187 3940 3324 3996 illud
3351 3938 3505 3993 holo—

244 4052 422 4107 τωμα,
450 4036 484 4106 ἢ
516 4036 779 4105 σωτήριον
808 4034 887 4105 τῷ
912 4034 1124 4104 Κυρίῳ,
1157 4034 1346 4088 δεκτὸν
1371 4036 1453 4100 εἰς
1485 4036 1659 4109 ὀσμὴν
1686 4038 1816 4091 εὐω-

1928 4054 2178 4101 caustum
2201 4044 2283 4099 vel
2315 4040 2652 4098 sacrificium.
2672 4038 2934 4099 salutare,
2956 4033 3188 4088 Domino
3218 4036 3504 4099 acceptum

244 4126 379 4192 δίας*
412 4128 511 4180 καὶ
534 4126 595 4190 ὃς
625 4126 693 4179 ἂν
731 4125 913 4197 σφάξῃ
938 4124 1042 4190 ἔξω
1067 4126 1162 4179 ἐπὶ
1185 4126 1284 4198 τὴν
1304 4126 1475 4199 θύραν
1494 4128 1593 4201 τῆς
1618 4131 1816 4201 σκηνῆς

1930 4139 1985 4193 in
2007 4138 2231 4192 odorem
2263 4131 2578 4196 suavitatis;
2613 4137 2670 4183 et
2696 4128 2791 4197 qui
2848 4122 3115 4179 occiderit
3142 4127 3316 4183 extra,
3354 4129 3411 4172 et
3434 4117 3503 4172 ad

245 4219 331 4272 τοῦ
369 4217 698 4289 μαρτυρίου,
730 4218 822 4272 καὶ
845 4216 921 4288 μὴ
947 4218 1144 4289 ἐνέγκῃ
1180 4217 1333 4282 αὐτὸ,
1364 4217 1507 4272 ὥστε
1533 4221 1611 4290 μὴ
1655 4237 1816 4292 προσ-

1925 4229 2127 4285 estium
2156 4222 2493 4281 tabernaculi
2525 4217 2823 4283 testimonii
2878 4229 2991 4269 non
3043 4210 3293 4267 attulerit
3343 4208 3501 4271 illud,

245 4316 448 4382 ενέγκῃ
500 4308 675 4380 δῶρον
706 4307 899 4379 Κυρίῳ
928 4308 1188 4362 ἀπέναντι
1208 4308 1306 4377 τῆς
1331 4308 1538 4378 σκηνῆς
1575 4310 1816 4381 Κυρίου,

1921 4326 1984 4372 ut
2010 4316 2210 4371 ollerat
2240 4311 2448 4366 donum
2500 4307 2733 4363 Domino
2788 4316 2973 4359 coram
3016 4297 3368 4377 tabernaculo
3394 4297 3502 4350 Do-

248 4401 336 4453 καὶ
365 4398 754 4470 λογισθήσεται
784 4397 861 4470 τῷ
879 4399 975 4452 ἀνθ
986 4397 1151 4470 ρώπῳ
1175 4397 1386 4468 ἐκείνῳ,
1418 4391 1561 4469 αἷμα
1588 4398 1816 4470 ἐξέχεεν,

1921 4408 2089 4475 ιηίηἰ;
2124 4404 2347 4477 sanguis
2373 4399 2735 4473 imputabitur
2779 4392 2989 4452 homini
3032 4391 3153 4457 illi;
3182 4386 3504 4458 sanguinem

247 4490 757 4562 ἑξολοθρευθήσεται
779 4493 813 4563 ἡ
834 4492 987 4563 ψυχὴ
1009 4491 1189 4562 ἐκείνη
1212 4492 1277 4544 ἐκ
1296 4490 1392 4544 τοῦ
1421 4490 1554 4544 λαοῦ
1584 4491 1772 4562 αὐτῆς.
1803 4510 1816 4544 l

1923 4500 2139 4565 effudit,
2168 4492 2631 4553 exterminabitur
2651 4488 2833 4543 anima
2856 4486 2948 4541 illa
2970 4484 3039 4540 dc
3054 4480 3258 4553 populo
3279 4494 3379 4533 suo
3402 4478 3499 4531 ¹⁸.,›

248 4580 393 4655 Αἷμα
426 4584 525 4655 μὲν
554 4579 648 4637 οὖν
690 4584 893 4655 ἐκχεῖν,
921 4585 1016 4638 καὶ
1040 4587 1154 4647 τοῖς
1173 4586 1253 4648 εἰς
1284 4582 1612 4655 μιαιφωνίαν
1631 4584 1832 4656 ἐγκλή-

250 4693 415 4745 μασιν
446 4675 632 4746 ἔνοχον
666 4674 887 4729 ἔσεσθαι
923 4675 1016 4728 τὸν
1055 4675 1161 4740 ἔξω
1207 4674 1405 4730 θύοντα.
1451 4675 1552 4746 τῆς
1598 4677 1823 4747 σκηνῆς.

259 4768 486 4822 Ἑαυτὸν
516 4769 627 4838 γὰρ
651 4766 841 4839 ὥσπερ
872 4767 1198 4839 διεχρήσατό
1226 4785 1341 4832 τις,
1368 4768 1463 4821 καὶ
1494 4767 1595 4840 τὴν
1617 4766 1823 4822 οἰκείαν

248 4860 555 4931 ὡλόθρευσε
604 4859 821 4929 ψυχὴν,
881 4860 909 4912 6
957 4858 1094 4912 Θεοῦ
1160 4859 1259 4930 μὲν
1308 4858 1403 4912 τοῦ
1464 4858 1605 4933 κατὰ
1662 4858 1823 4927 φύσιν

251 4952 488 5021 ἀφιστὰς
540 4950 750 5020 αὐτὴν,
805 4950 1129 5021 προσνέμων
1180 4952 1237 5004 δὲ
1286 4950 1456 5014 λίθοις
1504 4953 1599 5004 καὶ
1647 4952 1825 5016 ξύλοις

252 5049 347 5102 καὶ
378 5051 502 5111 ταῖς
540 5046 649 5100 τῶν
689 5046 981 5117 δαιμονίων
1019 5047 1255 5110 ἀπάταις
1299 5046 1591 5111 ἀνατιθείς.
1624 5049 1745 5101 Ὅτι
1777 5048 1833 5100 δὲ

252 5141 308 5192 οὗ
368 5140 479 5192 πᾶν
547 5138 736 5202 ἁπλῶς
800 5138 947 5210 θῦμα
1013 5139 1165 5209 παρὰ
1218 5139 1316 5202 τὰς
1371 5139 1542 5210 θύρας
1603 5140 1832 5208 ἄγεσθαι

254 5229 588 5302 προστέταχε
636 5230 736 5300 τῆς
786 5230 988 5302 σκηνῆς
1015 5270 1029 5290 ,
1065 5230 1180 5283 ἀλλ’
1214 5231 1354 5300 ὅπερ
1401 5231 1575 5284 ἓλοιτὸ
1617 5248 1705 5294 τις
1753 5235 1833 5295 εἰς

254 5321 443 5376 θυσίαν
516 5321 804 5377 ἀλαθεῖ-ναι
848 5322 969 5391 Θεῷ
998 5360 1012 5384 ,
1064 5321 1298 5391 δέδειχεν
1347 5321 1588 5392 ἐναργῶς
1668 5339 1832 5393 προσ-

257 5413 476 5483 επάγων
513 5411 713 5476 εὐθύς·
753 5432 769 5463 ι
811 5414 919 5467 Καὶ
970 5413 1032 5465 ού
1080 5412 1332 5466 θύσουσιν
1379 5414 1470 5470 ἐπὶ
1508 5412 1604 5476 τὰς
1644 5412 1834 5477 θυσίαις

330 5598 367 5628 ³⁷
391 5597 413 5654 l
435 5596 636 5653 Thess.
668 5612 719 5660 γ,
922 5594 962 5625 ιο
993 5593 1168 5649 Levit.
1198 5609 1322 5660 xm,
1357 5592 1392 5646 ‘2
1422 5608 1572 5662 seqq.

1928 4589 2261 4661 Sanguinem
2319 4586 2488 4656 igitur
2562 4579 2834 4644 fundere,
2893 4585 2956 4632 ct
3010 4569 3293 4629 homicidii
3350 4582 3506 4661 reum

1931 4657 2069 4747 fore,
2101 4678 2279 4749 inquit
2323 4692 2471 4742 eum,
2501 4674 2596 4745 qui
2622 4681 2779 4729 extra
2803 4665 3209 4726 tabernaculum
3237 4657 3508 4715 sacriﬁca-

1930 4775 2113 4831 verit”
2153 4772 2403 4843 Seipsum
2454 4768 2602 4823 cnim
2633 4762 2926 4827 interfecit,
2959 4774 3023 4814 ac
3069 4769 3224 4812 suam
3268 4751 3506 4807 animam

1929 4863 2191 4934 perdidit,
2221 4861 2472 4933 quisquis
2506 4860 2653 4914 illam
2682 4857 2751 4912 ab
2774 4871 2861 4919 eo,
2885 4851 2979 4922 qui
3012 4844 3311 4904 secundum
3342 4851 3504 4934 natu-

1931 4930 2048 5009 ram
2081 4930 2255 5008 Deus
2281 4930 2387 5016 est,
2431 4950 2651 5012 avertit,
2698 4958 2927 5014 eamque
2956 4937 3229 5009 lapidibus
3257 4949 3320 4988 ac
3345 4930 3509 5001 lignis

1933 5058 1992 5103 et
2028 5045 2427 5102 dasmoniorum
2479 5041 2765 5097 erroribus
2810 5035 3032 5093 dicavit.
3079 5031 3350 5087 Craterum
3397 5039 3509 5078 non

1931 5153 2150 5193 omnem
2181 5152 2408 5208 prorsus
2431 5134 2708 5189 victimam
2741 5128 2808 5183 ad
2835 5126 3035 5182 ostium
3060 5120 3221 5194 355
3250 5119 3507 5208 taberna-

1934 5231 2050 5286 culi
2078 5229 2268 5285 afferri
2298 5226 2646 5298 praecepisse,
2675 5221 2770 5277 sed
2790 5236 2911 5276 eam
2939 5219 3224 5277 duntaxat,
3255 5223 3419 5280 quam
3452 5205 3506 5260 in

1932 5321 2265 5377 sacriﬁcium
2287 5320 2487 5375 offerre
2518 5318 2630 5371 Deo
2656 5316 2889 5386 quisque
2912 5311 3192 5371 voluisset,
3224 5298 3508 5374 perspiﬂ!c

1934 5413 2197 5478 ostendit,
2224 5427 2348 5467 cum
2398 5409 2543 5464 illico
2594 5407 2914 5479 subjunxit:
2950 5425 2965 5456 ι
3000 5402 3065 5458 Et
3095 5412 3201 5453 non
3235 5390 3505 5448 sacrifica.
