3962 6296
383 5630 395 5695 ἕ

414 201 520 258 695

1403 198 1459 257 S.
1501 198 1774 258 CYBILLI
1812 199 2289 271 ALEXANDRINI
2321 200 2651 261 ARCHIEP.

3570 209 3679 267 69f»

415 313 557 369 bunt
617 311 884 367 sacriﬁcia
929 324 1025 367 sua
1054 310 1432 377 vanitatibus,
1463 327 1592 367 cum
1633 312 1839 381 quibus
1893 310 1996 381 ipsi

2122 314 2285 368 ιὸτῶν
2304 317 2419 379 τοῖς
2443 316 2718 387 ματαίοις,
2748 309 2831 379 οἷς
2858 315 3014 372 αὐτοὶ
3042 314 3483 390 ἐκπορνεύσωσιν
3503 318 3688 376 ὀπίσω

416 402 760 458 fornicamur
788 411 910 471 post
935 417 1029 457 eas
1058 402 1119 455 ".
1168 422 1185 452 ι
1216 402 1388 473 Igitur
1432 402 1714 458 interdicit
1748 416 1993 472 prorsus,

418 508 489 547 ne
515 493 640 563 quis
670 492 819 546 nullo
851 492 1192 557 discrimine,
1259 496 1568 563 cuicunque
1606 493 1756 557 velit,
1784 491 1996 548 sacriﬁ-

420 593 534 650 cet;
565 583 664 639 soli
689 590 871 638 autem
894 582 967 647 ei,
995 583 1090 653 qui
1122 585 1426 640 secundum
1455 591 1707 639 naturam
1728 584 1875 638 Deus
1889 590 1996 645 est,

420 673 629 727 cultum
654 671 1024 727 exhibendum
1049 688 1190 738 esse,
1219 673 1563 744 apertissime
1595 673 1749 728 dicit.

492 762 688 817 PALL.
729 763 999 818 Praeclare
1029 778 1161 819 sane
1194 764 1402 819 dictum
1435 772 1540 820 est.

493 855 650 910 CYIl.
693 855 805 910 Nec
829 872 961 911 vero
987 855 1340 911 mediocriter
1369 857 1545 928 juvat,
1575 855 1621 911 si
1652 853 1761 910 alio
1782 867 2002 925 quoque

424 946 587 1002 modo
639 946 1007 1018 intelligamus
1061 948 1356 1019 expedire,
1405 956 1568 1019 atque
1611 947 1779 1003 etiam
1830 960 2003 1017 prope

423 1045 792 1100 necessarium
834 1060 976 1109 esse,
1013 1046 1069 1098 in
1112 1052 1302 1099 sancto
1342 1043 1606 1099 duntaxat
1646 1040 2002 1097 tabernaculo

423 1134 688 1190 sacriﬁcia
716 1133 855 1198 ﬁeri,
885 1150 948 1189 ac
978 1149 1164 1189 sacras
1189 1133 1440 1187 victimas
1462 1131 1673 1187 oﬁ‘erri.

495 1313 691 1368 PALL.
733 1310 853 1379 Quo
877 1310 1097 1365 tandem
1123 1309 1324 1363 modo?

494 1403 653 1457 CYR.
694 1402 888 1456 Annon
934 1400 1230 1470 imaginem
1253 1413 1319 1453 ac
1343 1397 1569 1468 ﬁguram
1593 1394 1768 1465 ipsius
1789 1391 2006 1448 Emma-

428 1491 554 1547 nuel
588 1506 709 1546 esse
738 1489 1061 1551 dicebamus
1100 1488 1252 1541 illum
1291 1486 1547 1549 vitulum,
1570 1484 1665 1554 qui
1692 1499 1793 1555 pro
1820 1498 2003 1539 sacer-

427 1583 555 1638 dote
587 1589 645 1637 et
681 1582 869 1651 populi
900 1581 1203 1651 ignorantia
1232 1579 1298 1634 ad
1351 1577 1765 1633 tabernaculum
1803 1583 2006 1631 macta-

427 1673 629 1729 batur?

496 1762 696 1818 PALL.
738 1762 1089 1817 Dicebamus.
1735 1834 1741 1839 ἢ

496 1854 654 1910 CYR.
688 1854 771 1909 οι)
794 1870 915 1910 eam
942 1854 1108 1925 igitur
1136 1868 1356 1909 causam
1381 1852 1618 1908 dicimus
1642 1853 1698 1907 in
1724 1850 2006 1917 Ecclesiis,

427 1956 687 2016 tanquam
721 1947 777 2001 in
806 1947 1011 2001 sanctis
1036 1946 1428 2012 tabernaculis,
1453 1945 1661 2002 Christi
1684 1944 2008 2017 mysterium

426 2035 618 2105 perﬁci
660 2044 948 2105 Oportere;
985 2034 1132 2104 quod
1163 2034 1344 2105 ipsum
1387 2035 1518 2090 alibi
1555 2050 1777 2106 quoque
1802 2048 2008 2105 praece-

428 2126 531 2196 pit.
560 2126 700 2182 Cum
738 2126 887 2181 enim
932 2125 1003 2181 ab
1045 2125 1206 2181 initio
1248 2126 1540 2191 sanxisset,
1568 2142 1678 2197 qua
1720 2126 1935 2181 ratione
1978 2142 2010 2181 a

426 2218 557 2274 ﬁliis
593 2219 758 2275 Israel
799 2234 866 2274 ex
904 2217 1282 2290 Egyptiorum
1334 2226 1481 2273 terra
1530 2216 2013 2288 proﬁciscentibus

429 2326 602 2383 agnus
638 2311 696 2366 in
732 2310 938 2367 Christi
984 2309 1214 2382 ﬁguram
1254 2316 1403 2366 esset
1441 2308 1853 2364 immolandus:
1894 2327 1912 2359 ι
1951 2309 2011 2363 1η

430 2418 541 2459 una
608 2402 776 2459 domo
820 2402 1184 2467 comedetur,
1244 2402 1463 2472 inquit,
1527 2416 1707 2472 neque
1748 2400 2012 2456 eﬁ‘eretur

428 2492 498 2548 de
531 2492 795 2548 carnibus
825 2493 947 2564 ejus
969 2491 1118 2548 foras
1146 2493 1213 2525 ¹⁹⁴
1241 2510 1254 2545 :
1290 2511 1308 2543 ι
1337 2491 1548 2547 violant
1570 2491 1757 2563 igitur,
1792 2490 2012 2547 diversa

430 2585 735 2642 sentientes
759 2582 1028 2647 haeretici,
1054 2581 1152 2639 Dei
1178 2581 1484 2647 decretum,
1510 2582 1602 2652 qui
1629 2591 1828 2653 praeter
1851 2583 2009 2650 illud,

430 2675 580 2747 quod
617 2682 704 2731 est
747 2690 941 2730 revera
985 2684 1234 2731 sanctum
1283 2673 1728 2740 tabernaculum,
1774 2675 2011 2731 alterum

429 2766 538 2824 sibi
577 2766 772 2838 ﬁgunt,
796 2775 854 2822 et
878 2765 1014 2821 foris
1047 2780 1246 2836 agnum
1280 2765 1584 2831 immolant,
1611 2776 1670 2821 et
1696 2766 2012 2838 longissime

429 2857 501 2914 ab
531 2857 624 2913 illa
663 2871 771 2912 una
810 2856 974 2912 domo
1007 2856 1266 2922 efferunt,
1290 2864 1346 2912 et
1371 2857 1527 2911 illum
1576 2857 1669 2927 qui
1699 2865 1783 2912 est
1814 2857 2013 2913 indivi-

431 2949 598 3014 duus,
622 2949 880 3004 dividunt
908 2967 920 3003 :
952 2964 1094 3004 unus
1128 2957 1216 3004 est
1243 2948 1391 3004 enim
1420 2965 1485 3004 ac
1509 2948 1787 3020 perfectus
1814 2950 1868 3004 in
1895 2966 2010 3005 om-

2098 405 2300 458 αύτῶν.
2367 424 2386 455 ι
2444 404 2657 460 Οὐκοῦν
2705 408 3023 476 ἀποφάσκει
3081 408 3361 471 παντελῶς
3411 409 3473 462 τὸ
3530 409 3689 464 θύειν

2099 495 2428 567 ἀδιακρίτως
2447 537 2461 561 ,
2488 490 2643 572 ᾧπερ
2671 500 2739 554 ἂν
2768 500 3013 571 βούλοιτό
3057 520 3167 567 τις,
3200 504 3312 556 δεῖν
3340 503 3397 556 δὲ
3429 503 3493 575 δὴ
3533 505 3688 577 μόνῳ

2100 585 2181 657 τῷ
2199 588 2339 642 κατά
2371 589 2534 659 φύσιν
2560 590 2681 662 Θεῷ
2707 592 2807 656 τὰς
2838 593 3095 667 λατρείας
3116 594 3406 661 ἐπιτελεῖν,
3439 593 3499 650 εὖ
3534 596 3691 666 μάλα

2102 680 2256 750 φησί.

2171 774 2380 831 ΠΑΛΛ.
2426 776 2515 840 Ὧς
2545 775 2746 848 ἄριστά
2764 794 2828 846 γε
2850 778 2984 848 ἡμῖν
3007 777 3036 831 ὁ
3063 777 3220 846 λόγος
3244 777 3375 849 ἔχει.

2172 865 2340 920 ΚΥΡ.
2387 866 2629 940 ’θνησειε
2669 869 2713 922 δ’
2757 869 2825 923 ἂν
2853 869 2950 923 καὶ
2979 870 3039 923 οὐ
3077 870 3317 940 μετρίως
3363 872 3511 942 ἡμᾶς
3556 869 3689 926 καθ’

2103 955 2292 1027 ἕτερον
2320 951 2479 1028 οἶμαι
2536 958 2736 1030 τρόπον
2756 958 2820 1013 τὸ
2846 959 3045 1031 χρῆναι
3088 964 3229 1015 νοεῖν
3266 961 3340 1024 ὡς
3378 961 3496 1014 ἔστι
3527 962 3690 1016 λυσι-
3742 954 3765 961 “

2102 1042 2254 1111 me;
2272 1050 2366 1103 xui
2396 1049 2693 1117 ἀναγκαῖον
2722 1051 2822 1121 ἤδη
2845 1066 2963 1116 πως
2983 1052 3065 1120 τὸ,
3092 1053 3150 1104 ἐν
3174 1052 3311 1122 μόνῃ
3332 1052 3443 1105 δεῖν
3463 1056 3526 1124 τῇ
3552 1055 3691 1124 ἁγίᾳ.

2108 1140 2281 1210 σκηνῇ
2316 1139 2654 1210 πράττεσθαι
2687 1141 3024 1208 τάςθυσίας,
3053 1132 3147 1196 καὶ
3175 1142 3242 1196 τά
3277 1141 3398 1215 ἱερά
3439 1145 3687 1216 προσφέ-

2111 1230 2298 1301 ρεσθαι
2333 1231 2571 1301 θύματα.

2178 1323 2385 1378 ΠᾹΛΛ.
2426 1325 2549 1388 Πῶς
2586 1326 2725 1398 ἔφης
2750 1345 2764 1392 ;

2176 1416 2341 1472 ΚΥΡ.
2377 1413 2456 1471 Ἦ
2480 1418 2580 1473 οὐκ
2610 1419 2792 1472 εἰκόνα
2821 1419 2914 1473 καὶ
2939 1419 3109 1473 τύπον
3140 1420 3401 1491 ἐλέγομεν
3426 1416 3562 1474 εἶναι
3585 1416 3687 1472 τοῦ

2122 1506 2506 1580 Ἐμμανουὴλ,
2547 1509 2639 1566 τὸν
2687 1510 2878 1581 ἱερέως
2919 1528 2978 1564 τε
3011 1507 3149 1583 πέρι
3176 1513 3271 1565 καὶ
3322 1511 3696 1584 ἀγνοημάτων

2109 1598 2242 1654 λαοῦ
2277 1600 2415 1671 πρὸς
2446 1602 2511 1672 τῇ
2550 1601 2682 1671 ἁγίᾳ
2714 1601 2888 1673 σκηνῇ
2924 1601 3269 1672 σφαζόμενον
3306 1603 3542 1676 μόσχον;

2184 1778 2391 1833 ΠᾹᾹΛ.
2440 1778 2626 1849 mm
2633 1796 2754 1850 μεν.

2182 1869 2347 1924 ΚΥΡ.
2376 1866 2591 1942 Χρῆναι
2613 1869 2678 1942 δὴ
2702 1866 2797 1926 οῦν
2819 1868 2992 1945 ταύτῃ
3016 1886 3101 1925 τοι
3126 1871 3330 1942 φαμὲν,
3358 1870 3435 1936 ὡς
3459 1872 3519 1926 ὲν
3552 1886 3703 1944 σκηι

2111 1960 2229 2022 ναῖς
2259 1959 2383 2028 ἀγίο
2396 1975 2443 2022 ις
2470 1961 2591 2024 ταῖς
2630 1952 2981 2032 Ἐκκλησίαις
3007 1962 3103 2016 τοῦ
3136 1962 3295 2029 Θεοῦ,
3323 1962 3420 2022 τοῦ
3447 1962 3700 2036 Χριστοῦ

2109 2048 2382 2102 τελεῖσθαι
2401 2049 2722 2121 μυστήριον.
2737 2049 2900 2104 Τουτὶ
2919 2049 3028 2122 γὰρ
3050 2051 3181 2122 ἡμῖν
3206 2051 3302 2105 καὶ
3322 2052 3551 2124 ἑτέρωθί
3581 2070 3700 2107 που

2110 2139 2365 2193 διετύπου
2391 2139 2570 2194 πάλιν.
2597 2140 3014 2214 Θεσμοθετήσας
3041 2141 3152 2215 γάρ
3178 2143 3237 2196 ἐν
3257 2145 3451 2215 ἀρχαῖς
3476 2143 3598 2196 τινα
3622 2143 3700 2215 δὴ

2110 2231 2309 2303 τρόπον
2327 2233 2594 2303 προσήκει
2613 2231 2913 2301 σφάζεσθαι
2939 2233 3031 2286 τὸν
3054 2233 3225 2305 ἀμνὸν
3244 2235 3325 2298 είς
3353 2232 3524 2287 τύπον
3551 2235 3596 2287 Χ
3606 2251 3706 2304 pt-

2115 2322 2240 2376 στοῦ
2250 2322 2352 2394 τῆς
2365 2322 2674 2392 Αἰγυπτίων
2685 2324 2820 2379 ἅπαξ
2827 2323 3091 2396 ρουσιγῆς
3104 2327 3213 2387 τοῖς
3226 2324 3283 2391 ἐξ
3308 2325 3343 2378 Ἰ
3352 2324 3539 2396 σραήλ·
3552 2343 3570 2375 ι
3601 2325 3707 2378 Ἑν

2065 2439 2073 2445 ·
2111 2414 2259 2487 οίκίᾳ
2294 2417 2392 2487 μιᾷ
2424 2414 2766 2488 βρωθήσεται
2788 2454 2806 2483 ,
2847 2417 3001 2486 φησὶ,
3054 2418 3147 2470 καὶ
3179 2415 3279 2470 οὐκ
3314 2415 3549 2482 ἐξοίσετε
3583 2417 3709 2470 ἀπὸ

2112 2503 2221 2557 τῶν
2252 2503 2429 2575 κρεῶν
2464 2504 2631 2558 αὐτοῦ
2663 2504 2786 2569 ἔξω.
2834 2524 2853 2557 ι
2881 2504 3091 2560 Οὐκοῦν
3118 2504 3458 2576 παραλύουσι
3485 2506 3548 2559 τὸ
3572 2506 3708 2576 θεῷ

2112 2594 2323 2659 δοκοῦν,
2360 2598 2410 2649 oi
2465 2595 2821 2667 ἑτερόφρονες
2861 2597 3130 2669 αἱρετικοὶ
3184 2596 3339 2667 παρά
3381 2597 3485 2668 τὴν
3527 2593 3711 2653 οὖσαν

2112 2686 2327 2759 ἀληθῶς
2349 2688 2510 2758 ἁγίαν
2538 2689 2761 2760 σκηνὴν,
2791 2690 3004 2754 ἑαυτοῖς
3034 2687 3228 2758 ἑτέραν
3261 2688 3709 2759 διαπηγνύντες,

2115 2780 2211 2833 καὶ
2241 2778 2349 2846 ἔξω
2379 2779 2604 2844 θύοντες
2644 2779 2736 2835 τὸν
2777 2780 2971 2852 ἀμνὸν,
3011 2779 3107 2834 καὶ
3140 2779 3414 2834 ἀπωτάτω
3457 2797 3558 2832 που
3592 2780 3711 2851 τῆς

2118 2871 2247 2942 μιᾶς
2293 2872 2664 2943 ἀποφέροντες
2691 2871 2869 2934 οίκίας
2893 2910 2908 2933 ,
2938 2870 3035 2924 καὶ
3077 2870 3392 2942 μερίζοντες
3435 2868 3526 2925 τὸν
3556 2869 3711 2940 ἀμέ-

2121 2978 2301 3032 ριστον
2329 2979 2342 2993 ο
2383 2957 2465 3026 εἷς
2493 2962 2604 3033 γάρ
2628 2962 2725 3016 καὶ
2761 2961 2964 3025 τέλειος
2991 2962 3049 3014 ὲν
3083 2962 3218 3015 πᾶσι
3254 2960 3507 3031 Χριστός.
3554 2960 3709 3013 Ἀλλ’

430 3041 599 3097 nibus
637 3041 909 3097 Christus.
949 3040 1020 3096 At
1052 3056 1186 3097 vero
1225 3041 1446 3113 sapiens
1486 3041 1597 3107 ille,
1631 3056 1696 3097 ac
1730 3056 2010 3097 sacrorum

2122 3053 2211 3121 ὅγε
2245 3054 2408 3124 σοφός
2435 3070 2496 3107 τε
2527 3056 2661 3125 ἡμῖν
2689 3053 2787 3107 καὶ
2813 3053 3139 3126 ἱεροφάντης
3175 3053 3382 3124 Μωσῆς
3406 3054 3708 3124 παρεγγυᾷ

430 3132 708 3205 interpres
735 3132 948 3207 Moyses
971 3133 1134 3190 nobis
1155 3134 1403 3206 praecipit
1439 3134 1628 3190 dicens
1655 3133 1713 3188 in
1745 3135 2013 3190 Deutero-

429 3225 618 3281 nuntio
661 3241 674 3280 τ
721 3245 739 3278 ι
777 3224 922 3282 Cave
966 3225 1066 3282 tibi
1110 3226 1236 3297 ipsi,
1275 3242 1346 3282 ne
1386 3225 1588 3286 oﬁ‘eras
1629 3225 2012 3282 holocaustum

430 3324 590 3372 tuum
638 3317 697 3372 in
738 3317 889 3372 omni
927 3317 1071 3383 loco,
1098 3333 1263 3388 quem
1299 3311 1527 3383 videris,
1555 3324 1923 3388 praterquam
1956 3317 2013 3373 in

429 3407 573 3474 loco,
598 3423 764 3479 quem
786 3408 1018 3480 elegerit
1041 3409 1307 3472 Dominus
1330 3409 1478 3464 Deus
1503 3416 1631 3464 tuus
1656 3407 1712 3463 in
1741 3423 1850 3463 una
1873 3409 2011 3464 civi-

318 3558 325 3567 ,
414 3490 607 3557 Itatum
658 3510 912 3570 tuarum;
950 3501 1027 3557 ibi
1064 3500 1266 3557 ol'l'eres
1310 3501 1630 3557 holocausta
1680 3508 1792 3566 tua,
1831 3510 1890 3558 et
1936 3502 2013 3558 ibi

431 3592 601 3649 facies
634 3594 839 3658 omnia,
877 3608 1220 3664 quaecunque
1262 3607 1365 3663 ego
1394 3592 1654 3663 praecipio
1682 3593 1782 3648 tibi
1817 3592 2010 3659 hodie;

433 3685 530 3742 sed
555 3687 610 3742 in
651 3685 801 3742 omni
825 3684 1101 3740 desiderio
1144 3686 1241 3738 tuo
1279 3684 1636 3749 sacriﬁcabis,
1668 3693 1724 3739 et
1759 3685 2018 3741 comedes

433 3794 631 3834 carnes
667 3775 969 3853 secundum
1015 3773 1352 3829 desiderium
1398 3775 1595 3829 animas
1637 3783 1764 3842 tuae,
1810 3792 2012 3832 secun-

435 3871 567 3939 dum
596 3866 1040 3922 benedictionem
1082 3864 1301 3920 Domini
1333 3865 1430 3922 Dei
1464 3869 1564 3931 tui,
1593 3882 1758 3938 quam
1799 3867 2015 3924 dederit

437 3961 545 4017 tibi
574 3960 630 4014 in
671 3958 822 4013 omni
865 3957 1109 4013 civitate.
1140 3956 1484 4023 Immundas,
1515 3959 1610 4029 qui
1649 3958 1706 4012 in
1737 3965 1792 4013 te
1828 3967 1933 4025 est,
1957 3967 2014 4014 et

434 4051 678 4108 mundus
717 4049 880 4106 simul
930 4050 1222 4105 comedent
1268 4048 1479 4120 ipsum,
1524 4060 1587 4104 ut
1634 4063 1888 4119 capream
1926 4049 2012 4105 vel

434 4161 680 4210 cervum,
723 4152 1092 4216 praeterquam
1136 4143 1285 4214 quod
1322 4143 1645 4215 sanguinem
1680 4157 1792 4198 non
1832 4155 2014 4197 come-

434 4236 607 4303 detis;
653 4236 710 4290 in
757 4244 960 4290 terram
1003 4234 1299 4291 eﬁ‘undetis
1342 4235 1521 4307 ipsum
1556 4243 1620 4290 ut
1654 4248 1852 4305 aquam
1881 4234 1946 4287 ὀ.
1985 4252 2005 4286 ι

431 4328 615 4384 Animi
636 4328 824 4400 ,igitur
847 4334 932 4382 est
959 4327 1014 4382 in
1038 4327 1232 4398 primis
1263 4327 1427 4399 356
1464 4327 1618 4400 impii
1642 4327 1801 4398 culpa
1826 4335 1884 4382 et
1907 4327 2013 4383 cri-

2117 3146 2293 3215 λέγων
2341 3148 2399 3200 ὲν
2427 3146 2505 3217 τῷ
2535 3143 2964 3218 Δεύτερονομίῳ,
3002 3163 3021 3197 ι
3075 3144 3320 3216 Πρόσεχε
3363 3142 3573 3214 σεαυτῷ
3621 3145 3704 3215 μὴ

2119 3238 2418 3311 ἀνενέγκῃς
2446 3239 2509 3292 τὸ
2536 3238 2900 3309 ὁλοκαύτωμά
2929 3254 3024 3296 σου
3052 3238 3110 3290 ὲν
3141 3236 3305 3289 παντὶ
3337 3235 3488 3305 τόπῳ
3525 3227 3568 3304 ᾧ
3598 3235 3706 3290 ὲάν

2120 3328 2259 3400 ἴδῃς,
2284 3329 2402 3383 ἀλλ’
2434 3329 2467 3400 ἢ
2500 3331 2579 3394 είς
2605 3329 2772 3383 τόπον
2792 3329 2852 3382 ὃν
2874 3327 2944 3382 ἂν
2973 3326 3258 3397 ἐκλέξηται
3287 3322 3493 3395 Κύριος
3511 3325 3540 3377 ὁ
3561 3323 3705 3389 Θεός

2124 3428 2217 3471 σου
2248 3418 2432 3485 αὐτὸν,
2463 3420 2522 3472 ἐν
2551 3420 2651 3491 μιᾷ
2678 3417 2787 3471 τῶν
2819 3416 3028 3471 πόλεών
3056 3433 3151 3470 σου
3176 3455 3191 3480 ,
3220 3417 3337 3469 ἐκεῖ
3361 3415 3596 3479 ἀνοίσεις
3628 3417 3704 3471 τὰ

2092 3577 2103 3583 _
2119 3504 2544 3577 όλοκαυτὼματά
2574 3523 2688 3569 σου,
2714 3505 2808 3561 καὶ
2830 3507 2949 3559 ἐκεῖ
2973 3506 3221 3575 ποιήσεις
3252 3504 3433 3558 πάντα
3459 3506 3558 3559 ὃσα
3584 3505 3704 3574 ἐγὼ

2121 3596 2435 3668 ἐντέλλομαί
2475 3613 2555 3663 σοι
2588 3598 2825 3668 σήμερον
2849 3613 2865 3628 ο
2910 3595 3024 3649 ἀλλ’
3059 3593 3093 3666 ἢ
3144 3596 3202 3648 ἐν
3235 3594 3387 3666 πάσῃ
3428 3594 3704 3665 ἐπιθυμίᾳ.

2122 3708 2215 3745 σου
2247 3690 2452 3769 θύσεις,
2484 3689 2580 3744 καὶ
2609 3689 2760 3762 φάγῃ
2799 3688 2936 3760 κρέα
2964 3687 3110 3742 κατὰ
3140 3685 3242 3758 τὴν
3272 3687 3569 3757 ἐπιθυμίαν
3594 3687 3701 3755 τῆς

2118 3782 2296 3853 ψυχῆς
2326 3800 2418 3837 σου
2441 3798 2458 3815 ’
2489 3781 2630 3836 κατά
2655 3781 2754 3853 τὴν
2772 3781 3024 3850 εὐλογίαν
3052 3780 3260 3852 Κυρίου
3287 3779 3380 3835 τοῦ
3413 3777 3546 3833 Θεοῦ
3575 3796 3698 3843 σου,

2119 3876 2186 3945 ἣν
2229 3874 2397 3929 ἐδωκέ
2430 3891 2515 3928 σοι
2554 3875 2612 3929 ὲν
2662 3874 2808 3947 πάσῃ
2850 3873 3023 3928 πόλει.
3070 3873 3130 3928 '0
3176 3872 3483 3944 ἀκάθαρτος
3523 3872 3580 3925 ἐν
3612 3871 3701 3924 σοὶ

2119 3967 2216 4020 καὶ
2234 3968 2263 4020 ό
2281 3965 2523 4037 καθαρὸς
2545 3966 2638 4019 ἐπὶ
2664 3966 2726 4019 τὸ
2752 3965 2885 4020 αὐτὸ
2913 3965 3148 4035 φάγεται
3176 3964 3329 4029 αὐτὸ,
3355 3963 3430 4029 ὡς
3459 3962 3700 4034 δορκάδα

2118 4056 2151 4129 ἢ
2188 4056 2407 4125 ἔλαφον,
2451 4056 2591 4128 πλὴν
2627 4056 2690 4110 τὸ
2723 4050 2865 4128 αἷμα
2907 4057 2971 4110 οὐ
3002 4055 3242 4126 φάγεσθε
3265 4093 3281 4121 ,
3314 4054 3406 4108 ἐπὶ
3451 4056 3551 4123 τὴν
3589 4053 3699 4123 γῆν

2118 4149 2357 4218 ὲκχεεῖτε
2391 4146 2557 4212 αὐτὸ,
2602 4149 2678 4212 ὡς
2720 4147 2884 4220 ὕδωρ.
2941 4166 2959 4199 ι
3014 4149 3260 4210 Διανοίας
3306 4141 3400 4199 οὖν
3438 4145 3545 4216 ἄρα
3591 4145 3701 4214 τῆς

2121 4240 2528 4312 βδελυρωτάτης
2564 4240 2912 4311 ἀμπλάκημα
2958 4240 3053 4294 καὶ
3081 4240 3296 4311 γραφὴ,
3338 4238 3399 4292 τὸ
3434 4239 3492 4291 ὲν
3527 4237 3699 4294 παντὶ

2117 4334 2267 4405 τόπῳ
2293 4332 2438 4387 θύειν
2466 4332 2799 4404 ἀποτολμᾷν,
2826 4333 2919 4387 καὶ
2955 4333 3031 4404 μὴ
3054 4335 3111 4387 ἐν
3135 4333 3268 4402 οἴκῳ
3291 4329 3425 4385 θεοῦ
3454 4329 3698 4402 πληροῦν

432 4436 581 4484 men,
608 4419 811 4475 audere
839 4419 893 4473 in
920 4420 1071 4474 omni
1107 4420 1229 4474 loco
1261 4418 1591 4485 sacriﬁcare,
1614 4434 1727 4474 non
1760 4420 1816 4473 in
1848 4418 2010 4474 domo

2122 4424 2178 4479 τὸ
2205 4395 2442 4498 ὶξριστοῦ
2472 4395 2796 4497 μυστήριονξ
2848 4450 2853 4455 ~

433 4512 528 4567 Dei
554 4512 775 4581 explere
802 4510 1006 4567 Christi
1034 4511 1380 4583 mysterium.

503 4601 701 4657 PALL.
743 4602 915 4657 Recte
964 4617 1096 4657 sane
1147 4602 1315 4670 dicis;
1355 4603 1488 4658 illud
1543 4611 1728 4658 tamen
1774 4606 2015 4675 explices

431 4696 620 4760 velim,
661 4710 784 4750 cum
822 4695 1087 4766 sanguine
1114 4696 1262 4752 vesci
1301 4697 1389 4751 lex
1435 4695 1847 4765 improbaverit,
1874 4708 1931 4754 et
1957 4699 2013 4754 id

426 4787 553 4857 jure
576 4784 791 4851 fecerit,
817 4785 1041 4855 quinam
1067 4784 1123 4839 in
1148 4785 1251 4839 hac
1272 4785 1458 4839 littera
1480 4798 1676 4839 sensus
1699 4783 1849 4839 insit.

502 4873 660 4929 CYR.
702 4873 762 4929 Si
805 4874 882 4929 ita.
920 4873 1162 4938 videtur,
1193 4888 1256 4928 ea
1311 4888 1436 4943 qua;
1477 4881 1608 4928 sunt
1649 4873 1754 4929 hac
1785 4874 1854 4929 de
1878 4890 1939 4930 re
1964 4874 2020 4930 in

432 4965 681 5021 Levitico
703 4981 924 5036 quoque
949 4967 1183 5031 sancita,
1217 4965 1495 5031 dicamus;
1522 4981 1643 5036 quae
1669 4967 1749 5021 sic
1771 4967 1979 5023 habent
2003 4986 2015 5021 :

440 5071 459 5103 α
489 5056 557 5118 Et
582 5056 750 5110 homo
768 5057 836 5112 de
860 5058 987 5114 ﬁliis
1012 5059 1200 5124 Israel,
1226 5066 1322 5112 aut
1358 5057 1426 5112 de
1453 5057 1765 5128 proselytis,
1804 5058 1901 5130 qui
1927 5073 2021 5128 ap—

433 5146 601 5217 positi
626 5157 756 5202 sunt
776 5147 954 5214 vobis,
983 5150 1299 5220 quicunque
1320 5149 1622 5204 comederit
1651 5164 1869 5204 omnem
1897 5164 2020 5204 san-

433 5238 685 5308 guinem,
731 5248 968 5294 statuam
1015 5239 1210 5296 faciem
1254 5256 1433 5297 meam
1478 5241 1534 5295 in
1584 5240 1845 5304 animam,
1889 5255 2013 5310 quae

432 5333 678 5388 vescitur
719 5331 1005 5404 sanguine,
1041 5341 1099 5388 et
1145 5333 1368 5402 perdam
1403 5349 1522 5389 eam
1551 5332 1620 5386 de
1648 5331 1851 5402 populo
1876 5346 2009 5399 suo;

434 5436 561 5479 nam
596 5425 777 5481 anima
816 5426 996 5481 omnis
1028 5424 1232 5490 carnis,
1264 5426 1485 5496 sanguis
1516 5426 1636 5495 ejus
1668 5433 1753 5478 est
1782 5440 1794 5478 :
1824 5431 1882 5479 et
1911 5440 2012 5495 ego

540 5606 583 5637 "
618 5604 792 5660 Levit.
826 5621 953 5669 πίνη,
984 5607 1033 5659 7.

2188 4601 2397 4655 ΠΑΔΛ.
2429 4594 2505 4655 Εὖ
2538 4598 2748 4669 λέγεις·
2771 4597 2911 4670 πλὴν
2938 4598 3114 4652 ἐκεῖνο
3138 4597 3365 4670 φράσον.
3400 4596 3511 4668 Τὴν
3533 4595 3698 4667 αἷμα·

2117 4709 2209 4756 τος
2231 4691 2436 4763 βρῶσιν
2454 4690 2872 4763 κεκιϐδήλευκεν
2895 4692 2924 4744 ό
2955 4692 3139 4761 νόμος,
3164 4689 3260 4743 καὶ
3289 4688 3433 4759 μάλα
3449 4687 3705 4751 εἰκότως.

2005 4825 2009 4831 .
2119 4783 2186 4838 Τί
2208 4784 2253 4838 δ’
2292 4782 2360 4838 ἂν
2387 4783 2471 4853 εἴη
2493 4781 2652 4836 πάλιν
2675 4784 2704 4836 ὀ
2726 4782 2784 4836 ἕν
2819 4799 2883 4851 γε
2913 4781 2991 4852 τῷ
3017 4780 3306 4853 γράμματι
3327 4779 3481 4843 νοῦςς

2186 4874 2354 4929 ΚΥΡ.
2379 4872 2612 4940 Οὐκοῦν,
2628 4875 2678 4927 εἰ
2700 4873 2866 4938 δοκεῖ,
2890 4872 2959 4926 τὰ
2981 4873 3075 4926 ἐπὶ
3097 4871 3234 4943 τῷδε
3258 4868 3692 4941 τεθεσπισμένα,

2117 4966 2212 5021 καὶ
2234 4965 2292 5019 ἐν
2316 4963 2396 5035 τῷ
2422 4964 2692 5035 Λευιτικῷ
2717 4964 2853 5035 φέρε
2867 4963 2931 5035 δὴ
2947 4962 3219 5032 λέγοιμεν.
3250 4961 3402 5030 Ἔχει
3424 4958 3533 5031 γὰρ
3565 4953 3691 5012 ὧδε·

2122 5077 2142 5109 ι
2189 5057 2297 5110 Καὶ
2323 5057 2353 5110 ὁ
2385 5055 2671 5127 ἄνθρωπος
2695 5055 2804 5109 τῶν
2839 5054 2973 5108 υἱῶν
3016 5052 3249 5125 Ἰσραὴλ.
3284 5053 3317 5123 ἢ
3346 5049 3456 5105 τῶν
3482 5066 3692 5121 προση-

2115 5148 2291 5205 λύτων
2319 5147 2428 5203 τῶν
2467 5147 2884 5223 προσκειμένων
2911 5148 2970 5201 ὲν
2998 5148 3128 5219 ὑμῖν
3147 5186 3162 5210 ,
3202 5146 3262 5210 ὃς
3300 5146 3368 5199 ἂν
3400 5144 3551 5216 φάγῃ
3582 5146 3694 5199 πᾶν

2117 5236 2278 5312 αἷμα,
2307 5240 2591 5311 ἐπιστήσω
2610 5240 2674 5293 τὸ
2700 5240 2992 5312 πρόσωπόν
3020 5256 3119 5309 μου
3155 5238 3251 5291 ἐπὶ
3276 5236 3375 5309 τὴν
3393 5236 3571 5308 ψυχὴν
3592 5236 3693 5307 τὴν

2118 5332 2382 5389 ἐσθουσαν
2427 5333 2488 5386 τὸ
2529 5327 2669 5404 αἷμα
2692 5370 2708 5398 ,
2758 5334 2852 5387 καὶ
2882 5332 3072 5386 ἀπολῶ
3107 5329 3277 5401 αὐτὴν
3309 5331 3374 5384 ἐκ
3422 5327 3516 5382 τοῦ
3559 5326 3692 5383 λαοῦ

2120 5424 2309 5497 αὐτῆς.
2358 5424 2418 5477 Ἦ
2479 5422 2586 5494 γάρ
2629 5423 2773 5494 ψυχὴ
2839 5422 3019 5494 πάσης
3081 5420 3284 5495 σαρκὸς
3331 5412 3471 5491 αἷμα
3524 5414 3691 5472 αὐτοῦ

1141 5608 1201 5639 ’9‘
1242 5608 1411 5662 Exod.
1444 5625 1535 5675 xu,
1570 5610 1650 5664 46.
1732 5610 1775 5642 ²⁰
1804 5608 1940 5664 lbid-
1979 5609 2160 5663 15⁸16·
