3962 6296
212 271 328 331 6’37
966 274 1055 333 DE
1093 275 1535 334 ADORATIONE
1575 272 1640 332 IN
1685 276 1954 337 SPlRlTU
1998 280 2087 338 ET
2130 280 2502 341 VERITATE.
2546 282 2675 339 LIB.
2713 283 2779 342 Χ.
3383 289 3489 347 693

214 392 363 445 ἐστι.
406 392 519 447 Καὶ
573 390 688 461 ἐγὼ
722 392 934 449 δέδωκα
985 397 1117 451 αὑτὸ
1164 398 1294 469 ὑμῖν
1334 398 1427 452 ἐπὶ
1478 401 1573 453 τοῦ
1610 399 1788 453 θυσια-

1905 400 2030 456 dedi
2056 402 2189 459 illud
2215 403 2375 459 vobis
2403 418 2571 475 super
2597 402 2779 469 altari,
2806 411 2867 456 ιιι
2890 403 3216 475 pmpitietur
3243 420 3345 476 pro
3365 404 3489 459 ani-

218 500 445 555 στηριου
466 482 853 549 ὲξιλάσκεσθαι
877 487 1000 558 περὶ
1027 487 1135 540 τῶν
1162 488 1349 560 ψυχῶν
1384 489 1536 560 ὑμῶν
1557 506 1571 522 ·
1606 490 1667 543 τὸ
1693 489 1788 561 γάρ

1902 496 2100 551 mabus
2128 497 2366 562 vestris;
2410 495 2634 568 sanguis
2669 494 2819 550 enim
2855 496 2975 566 ejus
3005 511 3106 565 pro
3139 497 3320 552 anima
3356 511 3488 566 pro-

218 568 363 644 αἷμα
401 574 564 628 αὑτοῦ
606 575 730 630 ἀντὶ
774 576 953 647 ψυχῆς
1001 577 1475 643 ὲξιλάσεται.”Διά
1524 580 1683 634 τοῦτο
1728 580 1788 634 εῖτ

1901 586 2209 657 pitiabitur.
2243 587 2373 643 Ideo
2414 586 2527 643 dixi
2563 585 2690 641 illiis
2732 584 2899 640 Israel
2934 603 2946 638 :
2978 584 3167 642 Omnis
3206 587 3389 643 anima
3418 601 3488 644 ex

418 668 551 757 voti
568 665 708 729 υἱοῖς
766 667 986 739 Ἰσραήλ
1013 681 1030 698 ⁶
1056 669 1214 723 Πᾶσα
1260 670 1405 743 ψυχὴ
1444 670 1503 737 ἐξ
1554 670 1709 742 ὑμῶν
1739 670 1788 725 οῖ

1901 676 2058 731 vobis
2099 692 2209 732 non
2254 675 2507 732 comedet
2552 673 2901 745 sanguinem.
2930 673 3000 728 Et
3031 672 3358 746 proselytus,
3390 678 3489 747 qui

220 756 459 825 φάγεται
491 751 654 829 αἷμα.
685 758 797 812 Καὶ
830 757 859 810 6
885 758 1225 833 προσήλυτος
1260 761 1289 813 6
1323 761 1721 833 προσκείμενος
1743 763 1788 815 ἐκ

1901 768 2185 838 appositus
2237 776 2323 824 est
2356 766 2550 833 vobis,
2579 782 2692 821 non
2738 764 2991 821 comedet
3036 766 3389 835 sanguinem;
3430 775 3489 824 et

219 845 350 961 ὑμῖν
389 847 449 900 οὑ
481 848 719 917 φάγεται
743 842 884 920 αἷμα
904 868 921 885 ο
949 852 1045 905 καὶ
1076 851 1365 923 ἄνθρωπος
1387 853 1497 907 τῶν
1532 852 1663 907 υῑῶν
1697 854 1788 908 Ἶσ-

1890 858 2067 961 homo
2088 858 2156 961 de
2172 858 2307 961 filiis
2344 858 2513 961 lsrael
2556 864 2653 961 aut
2697 856 2767 913 de
2790 855 3106 961 proselytis,
3131 855 3225 925 qui
3251 858 3486 926 appositi

221 937 430 1009 ραὴλ,ἢ
450 939 560 993 τῶν
588 939 946 1012 προσηλύτων
971 941 1081 997 τῶν
1110 943 1526 1015 προσκειμένων
1558 945 1617 998 ἐν
1648 945 1788 1016 ὑμῖν1

1890 937 2029 1006 sunt
2060 952 2238 1017 vobis,
2265 951 2359 1023 qui
2393 951 2646 1006 venando
2668 949 2880 1020 ceperit
2924 948 3119 1013 feram,
3160 956 3257 1004 aut
3304 963 3482 1015 avem,

216 1026 275 1091 ὃς
295 1026 367 1081 ἂν
389 1028 454 1099 θη
466 1030 632 1102 ρεύσῃ
658 1030 908 1103 θήρευμα
930 1033 1118 1105 θηρίον
1142 1033 1175 1107 ἢ
1200 1034 1463 1102 πετεινδν,
1485 1035 1514 1090 6
1539 1035 1797 1105 ἐσθίεται,

216 1118 310 1172 καὶ
340 1120 529 1190 ὲκχεεῖ
552 1121 613 1174 τὸ
638 1116 797 1193 αἷμα,
824 1123 917 1177 καὶ
955 1123 1188 1195 καλύψει
1220 1126 1352 1181 αὐτὸ
1383 1129 1449 1199 τῇ
1475 1129 1546 1199 γῇ
1579 1144 1593 1179 τ
1625 1129 1658 1198 ἡ
1690 1127 1799 1200 γάρ

214 1209 362 1281 ψυχὴ
393 1210 576 1282 πάσης
611 1214 831 1285 σαρκὸς.
856 1210 993 1284 αἷμα
1022 1216 1187 1271 αὑτοῦ
1217 1218 1356 1273 ἐστι.
1391 1221 1501 1273 Καὶ
1537 1216 1667 1274 εἶπα
1688 1222 1799 1285 τοῖς

215 1297 353 1361 υίοῖς
402 1299 641 1371 Ίσραήλ’
673 1297 825 1372 Αἷμα
856 1305 1039 1376 πάσης
1056 1304 1257 1377 σαρκὸς
1276 1307 1337 1360 οὑ
1362 1306 1624 1376 φάγεσθε,
1653 1309 1735 1363 ὅτι
1763 1310 1797 1381 ή

213 1389 360 1461 ψυχὴ
391 1390 574 1463 πάσης
612 1395 815 1467 σαρκὸς
845 1391 986 1468 αἷμα
1026 1398 1190 1453 αὑτοῦ
1225 1400 1343 1453 ἐστι
1362 1417 1375 1431 ·
1411 1401 1515 1463 πᾶς
1543 1402 1573 1454 6
1597 1400 1797 1456 ἐσθίων

214 1480 382 1543 αὑτὸ,
412 1481 942 1557 ἐξολοθρευθήσεται.
982 1506 1000 1538 ι
1040 1488 1232 1560 Ἀθρει
1266 1490 1329 1561 δὴ
1354 1484 1448 1544 οὖν
1485 1490 1671 1561 σαφῶς
1705 1494 1798 1546 καὶ

209 1570 520 1638 ἀναφανδὸν
580 1574 656 1637 ὡς
700 1577 781 1639 είς
836 1577 1012 1649 ψυχῆς
1059 1579 1229 1633 τύπον
1285 1580 1346 1634 1:6
1394 1576 1532 1651 αἷμα
1584 1582 1797 1652 λαμϐά-

214 1676 387 1716 νετειι.

278 1755 495 1809 ΠΑΛΔ.
537 1756 791 1828 Συνίημι.

277 1847 449 1900 ΚΥΡ.
493 1848 790 1920 Ἀλλοτριοῖ
812 1853 1100 1924 τοιγαροῦν
1136 1855 1165 1907 6
1191 1854 1376 1925 νόμος,
1406 1855 1499 1908 καὶ
1528 1854 1790 1924 ὑπεξάγει

208 1938 487 2008 σωμάτων
517 1940 628 1994 τῶν
653 1942 1008 2015 σφαζομένων
1031 1944 1092 1999 τὸ
1112 1941 1252 2016 αἷμα
1270 1986 1286 2012 ,
1320 1946 1497 2018 δόγμα
1525 1948 1790 2002 διδάσκων

207 2029 448 2101 ἀληθὲς,
477 2033 572 2086 καὶ
602 2034 738 2106 πρός
776 2053 839 2106 γε
875 2036 1033 2108 ἡμῶν
1066 2037 1245 2093 αὑτῶν
1281 2040 1340 2093 ὲν
1368 2040 1548 2093 πίστει
1580 2039 1786 2103 δεκτὺν,

205 2124 302 2176 καὶ
333 2126 395 2177 ὲν
427 2125 778 2196 Ἐκκλησίαις
800 2127 998 2200 τίμιον,
1026 2129 1109 2196 τὸ,
1137 2130 1407 2186 ἀθάνατον
1435 2127 1574 2187 εἶναι
1604 2149 1746 2204 φημι
1769 2172 1786 2197 ,

204 2216 517 2271 διακεῖσθαι
559 2218 655 2273 καὶ
696 2224 913 2290 φρονεῖν
955 2222 1057 2292 τὴν
1096 2222 1322 2296 λογικὴν
1362 2223 1454 2277 τοῦ
1498 2222 1786 2296 ἀνθρώπου

204 2307 409 2379 ψυχὴν,
445 2311 512 2381 ἦν
543 2312 658 2374 τοῖς
685 2311 893 2381 γηΐνοις
926 2310 1197 2383 σώμασιν,
1234 2315 1295 2367 οὑ
1325 2313 1786 2387 συγκαταφθείρει

206 2399 462 2465 θάνατος,
487 2401 712 2455 ἀπολύει
735 2402 790 2456 δὲ
809 2403 1009 2473 μᾶλλον
1029 2405 1123 2459 καὶ
1143 2407 1358 2477 ἀνίησιν
1376 2408 1406 2459 6
1421 2408 1785 2478 Δημιουργδς,

206 2492 301 2545 καὶ
341 2492 613 2561 ὑπεξάγει
644 2493 739 2547 τοῦ
779 2493 1004 2563 παθεῖν,
1039 2494 1186 2568 ζωῆς
1217 2497 1505 2570 ἀποφήνας
1537 2498 1783 2569 μέτοχον.

206 2582 514 2654 Πεποίηται
539 2584 648 2653 γάρ
685 2586 714 2638 6
746 2584 1033 2656 ἄνθρωπος
1060 2587 1119 2640 ὲν
1150 2587 1346 2659 ἀρχαῖς
1367 2590 1447 2652 είς
1471 2588 1648 2661 ψυχὴν
1676 2590 1787 2656 ζῶ-

207 2689 328 2738 σαν,
355 2675 590 2740 ἑνιέντος
613 2675 763 2747 αὑτῷ
792 2676 887 2730 τοῦ
915 2677 1050 2731 Θεοῦ
1081 2679 1249 2750 πνοὴν
1278 2680 1421 2749 ζωῆς
1440 2697 1455 2711 ·
1479 2681 1787 2752 γέγραπται

204 2764 314 2836 γάρ
355 2765 475 2819 ὡδί.
509 2767 948 2840 Καταγράψομεν
977 2769 1106 2842 γάρ,
1145 2769 1397 2842 καθάπερ
1440 2765 1675 2843 ἐγῷμαι,
1727 2773 1788 2827 τὸ

204 2854 400 2909 άναλκι
430 2855 533 2926 τῆς
556 2855 627 2910 τά
657 2857 835 2912 πάντα
870 2858 1246 2931 ζωογονούσης
1274 2859 1440 2930 ζωῆς,
1486 2863 1535 2915 εί
1565 2862 1626 2915 τὺ
1651 2864 1787 2934 πρὸς

206 2946 378 3019 αὑτῆς
414 2950 642 3018 γεγονὸς
677 2951 758 3015 είς
797 2949 961 3022 ζωὴν,
1014 2951 1422 3008 συνδιόλλυσθαί
1462 2970 1642 3024 φαμεν
1675 2957 1787 3019 τοῖς

1900 1056 2008 1110 qua
2037 1043 2185 1097 vesci
2206 1042 2358 1107 licet,
2379 1041 2629 1096 en‘undet
2664 1039 2989 1110 sanguinem
3025 1039 3164 1109 ejus,
3192 1045 3249 1093 et
3270 1038 3487 1109 operiet

1900 1131 2056 1187 illum
2078 1139 2258 1200 terra;
2287 1132 2467 1188 anima
2490 1131 2641 1187 enim
2665 1130 2847 1185 omnis
2873 1129 3078 1193 carnis,
3110 1130 3336 1200 sanguis
3366 1128 3488 1201 ejus

1898 1231 2002 1279 est.
2029 1223 2098 1279 Et
2127 1224 2242 1279 dixi
2270 1224 2397 1279 ﬁliis
2420 1222 2590 1278 Israel
2612 1240 2625 1275 :
2650 1220 2982 1292 Sanguinem
3006 1219 3276 1274 universa:
3302 1218 3487 1274 carnis

1898 1331 2009 1371 non
2053 1315 2376 1381 comedetis,
2415 1314 2546 1386 quia
2591 1314 2774 1370 anima
2822 1313 3002 1368 omnis
3035 1312 3222 1368 carnis
3262 1310 3485 1381 sanguis

1897 1408 2019 1480 ejus
2043 1416 2158 1474 est;
2188 1407 2284 1477 qui
2308 1397 2490 1463 e'derit
2512 1421 2661 1471 cum,
2688 1405 3152 1460 exterminabitur
3183 1404 3249 1457 υ.
3284 1422 3301 1454 ι
3345 1402 3483 1458 Vide

1897 1499 2066 1571 igitur
2091 1509 2279 1570 aperte
2305 1514 2370 1555 ac
2401 1499 2692 1555 manifeste
2718 1513 2818 1569 pro
2845 1497 3043 1553 anima:
3067 1496 3238 1568 ﬁgura
3264 1494 3484 1565 sangui-

1897 1606 2024 1646 nem
2052 1592 2245 1662 accipi.

1824 1748 1866 1805 Β
1967 1761 2166 1817 PALL.
2201 1763 2473 1837 Intelligo.

1965 1852 2124 1909 CYR.
2166 1853 2279 1910 Lex
2308 1856 2476 1925 igitur
2507 1853 2828 1925 sanguinem
2865 1867 2896 1907 a
2927 1851 3253 1923 corporibus
3281 1850 3480 1909 occisis

1893 1945 2130 2018 sejungit
2161 1961 2227 2002 ac
2261 1946 2568 2011 subtrahit;
2609 1960 2718 2015 qua
2750 1945 2806 1998 in
2834 1960 2893 1999 re
2921 1943 3118 2015 dogma
3153 1953 3346 1999 verum
3374 1944 3475 1999 do-

1892 2045 1981 2093 cet
2012 2044 2070 2091 et
2097 2053 2129 2092 a
2165 2038 2328 2093 nobis
2371 2037 2505 2108 ipsis
2540 2036 2649 2091 fide
2695 2042 2999 2105 receptum,
3034 2044 3091 2090 et
3125 2035 3180 2089 in
3214 2022 3478 2091 Ec‘clesiis

1891 2130 1948 2185 in
1976 2129 2270 2200 praecipuis
2307 2130 2592 2195 habitum;
2630 2143 2827 2199 nempe
2866 2128 2946 2183 sic
2982 2127 3297 2182 habendum
3328 2144 3472 2195 esse,

1891 2230 1954 2275 ut
1988 2222 2228 2275 animam
2269 2220 2512 2275 hominis
2552 2220 2784 2275 rationis
2823 2225 3155 2289 compotem,
3189 2220 3473 2274 immorta-

1889 2312 1999 2367 lem
2023 2322 2317 2383 putemus;
2344 2327 2526 2382 neque
2559 2312 2709 2367 enim
2745 2326 2894 2366 mors
2921 2325 3040 2365 eam
3069 2327 3179 2365 una
3209 2325 3333 2365 cum
3367 2318 3475 2365 lcr-

1890 2406 2038 2459 renis
2058 2404 2383 2475 corporibus
2412 2403 2701 2470 interimit,
2743 2403 2837 2458 sed
2863 2404 3049 2473 potius
3069 2402 3160 2458 ille
3184 2402 3470 2467 Conditor,

1889 2495 1984 2565 qui
2010 2489 2088 2549 illi
2115 2495 2285 2550 vitam
2312 2495 2635 2565 impertivit,
2663 2493 2919 2559 absolvit,
2939 2500 2995 2549 et
3021 2493 3247 2558 relaxat,
3270 2508 3333 2547 ac
3347 2492 3474 2547 sub-

1888 2585 2061 2650 ducit,
2101 2584 2395 2655 quominus
2427 2599 2548 2639 eam
2576 2583 2937 2655 perpetiatur.
2974 2583 3173 2637 Factus
3205 2588 3289 2637 est
3323 2583 3473 2635 cnim

1888 2676 2055 2730 homo
2093 2676 2163 2730 ab
2201 2676 2324 2746 ipso
2356 2675 2514 2730 initio
2555 2676 2613 2730 in
2648 2675 2888 2729 animam
2926 2673 3224 2737 viventem,
3256 2687 3380 2728 cum
3416 2672 3476 2727 in

1889 2766 2070 2838 ipsum
2112 2767 2258 2821 Deus
2307 2767 2627 2820 immisisset
2682 2766 2936 2836 spiritum
2979 2764 3142 2829 vitae;
3190 2763 3270 2819 sic
3325 2763 3475 2818 enim

1887 2859 2155 2929 scriptum
2192 2865 2278 2914 est
2309 2860 2396 2913 η’.
2431 2858 2805 2929 lmpingemus
2842 2856 3013 2922 enim,
3041 2865 3103 2911 ut
3142 2857 3357 2927 Opinor,
3394 2855 3476 2910 in—

1888 2949 2166 3006 ﬁrmitatis
2217 2950 2416 3005 vitium
2474 2951 2601 3005 vitae
2649 2941 2752 3015 illi,
2797 2949 2983 3004 omnia
3035 2947 3354 3010 viviﬁcanti,
3402 2948 3472 3016 si,

206 3039 569 3139 προσκαίροις
605 3039 845 3112 σώμασι.
885 3042 1105 3096 Συνέσει
1138 3042 1195 3097 δὲ
1232 3046 1299 3115 τῇ
1346 3045 1613 3116 παγκάλῳ
1662 3046 1784 3099 στιὲ⁴

1890 3040 2035 3111 quod
2075 3041 2146 3096 ab
2174 3056 2240 3095 ea
2270 3040 2599 3111 productum
2628 3046 2713 3095 est
2738 3047 2798 3093 ut
2824 3039 2993 3103 vivat,
3021 3054 3130 3092 una
3154 3053 3279 3093 cum
3302 3038 3474 3093 cadu-

206 3126 405 3202 ψομεν,
437 3128 707 3186 ἀθάνατον
736 3126 874 3185 εἶναι
902 3130 1269 3196 πιστεύοντες,
1298 3132 1489 3187 δοκοῦν
1508 3127 1611 3187 ὧδε
1640 3135 1784 3205 ἔχειν

207 3219 377 3291 αὐτὴν
409 3220 491 3293 τῷ
509 3224 728 3277 πάντων
764 3214 1123 3295 Δημιουργῷ,
1151 3225 1208 3278 ἐν
1236 3218 1279 3292 ᾧ
1313 3223 1496 3296 ζῶμεν
1520 3268 1535 3293 ,
1577 3227 1673 3280 καὶ
1704 3245 1788 3281 κι-

206 3309 470 3381 νούμεθα,
489 3311 586 3366 καὶ
608 3313 795 3384 ὲσμέν.
826 3313 934 3367 Καὶ
950 3306 1125 3378 οὗτος,
1159 3311 1312 3384 οἳμαί
1339 3330 1465 3381 που,
1490 3315 1590 3387 τῆς
1619 3333 1785 3387 νομοο

207 3400 396 3466 θεσίας
428 3403 529 3474 τῆς
553 3404 646 3457 ἐπὶ
673 3402 811 3474 τῷδε
844 3403 1025 3472 λόγος.
1058 3405 1258 3475 Ἴωμεν
1290 3404 1347 3459 δὲ
1387 3406 1482 3460 καὶ
1511 3408 1597 3476 ἐφ’
1622 3394 1785 3478 ἔτερα

204 3493 556 3565 δικαιώματα
591 3495 692 3564 τῆς
724 3494 946 3566 σκηνῆς.
985 3495 1131 3567 Ἔφη
1170 3496 1349 3549 τοίνυν
1381 3497 1410 3549 6
1455 3494 1588 3559 Θεὸς
1616 3498 1675 3551 ὲν
1718 3499 1783 3568 τῇ

184 3583 459 3655 ’Ἐξόὸῳ,
501 3603 520 3636 ι
557 3585 633 3638 Οὑ
682 3584 905 3654 σφάξεις
934 3585 1203 3658 ἐπὶίξύμῃ
1237 3581 1377 3657 αἷμα
1417 3587 1786 3658 θυσιάσματὸς

209 3688 333 3742 μου.
372 3692 393 3725 ›
429 3674 674 3744 Ἀςυμον
719 3674 879 3738 ἔστω,
918 3676 1087 3746 φησὶ,
1118 3676 1177 3729 τὺ
1212 3678 1575 3749 προχεόμενον
1602 3673 1741 3750 αἷμα
1768 3718 1783 3745 ,

206 3764 299 3817 καὶ
332 3764 476 3834 ὑπὲρ
496 3763 589 3818 τοῦ
620 3766 1161 3837 προσκεκομισμένου
1193 3770 1272 3832 είς
1303 3768 1492 3822 θυσίαν
1522 3767 1600 3840 τῷ
1626 3769 1744 3841 Θεῷ
1767 3810 1783 3835 ,

207 3854 387 3928 ζύμης
420 3856 569 3928 αύτῷ
594 3857 836 3928 δηλονότι
879 3858 997 3930 ῆτοῖ
1026 3858 1354 3930 σεμιδάλεως
1384 3861 1743 3933 ὲζυμωμένης
1767 3902 1782 3927 ,

206 3948 307 4002 οὑκ
340 3948 781 4021 ἔπενηνεγμένης
800 3966 815 3981 ο
848 3949 953 4022 χρὴ
980 3950 1085 4021 γάρ
1105 3952 1253 4022 ἡμᾶς
1274 3953 1786 4025 ἐκκεκαθαρμένους

208 4043 301 4095 καὶ
326 4040 574 4112 ἀζύμους
606 4039 795 4112 ὥσπερ
839 4042 1204 4113 ὑπάρχοντας,
1232 4043 1378 4096 τοῦτ’
1411 4043 1548 4113 ἐστι,
1580 4044 1678 4117 τὴν
1722 4046 1787 4099 ἐκ

210 4132 552 4202 φαυλότητος
581 4132 677 4185 καὶ
706 4132 969 4203 πονηρίας
998 4132 1159 4186 οἱονεί
1185 4148 1301 4197 πως
1345 4133 1663 4206 ἐπιπλοκὴν,
1705 4136 1786 4199 είς

209 4223 334 4276 νοῦν
360 4222 463 4276 οὑκ
495 4222 715 4293 ἔχοντας
745 4263 760 4287 ,
792 4222 1086 4295 καθιεροῦν
1122 4221 1201 4294 τῷ
1247 4222 1367 4293 Θεῷ
1423 4224 1522 4289 τὰς
1578 4225 1785 4279 ἑαυτῶν

207 4312 410 4383 ψυχὰς,
443 4305 520 4366 ὧν
570 4312 651 4375 είς
682 4312 851 4366 τύπον
884 4312 943 4365 τὸ
985 4306 1154 4383 αἷμα’
1188 4312 1305 4367 νέον
1336 4313 1393 4367 δὲ
1427 4314 1655 4386 φύραμα
1690 4316 1785 4368 καὶ

1887 3132 1967 3188 cis
1989 3130 2318 3202 corporibus
2342 3130 2647 3185 dixerimus
2670 3129 2931 3195 interire;
2957 3143 3021 3183 ac
3041 3127 3285 3183 vicissim
3308 3142 3478 3181 orna—

1886 3222 2069 3278 bimus
2105 3222 2366 3292 praeclara
2406 3221 2692 3291 sapientia
2720 3220 2907 3285 laude,
2936 3222 2983 3273 si
3014 3219 3160 3273 illam
3193 3219 3478 3273 immorta-

1886 3314 1995 3369 lem
2035 3328 2157 3369 esse
2197 3312 2618 3376 crediderimus,
2655 3326 2832 3381 eaque
2868 3310 3183 3366 conditione
3214 3318 3275 3364 ut
3301 3318 3469 3374 esset,

1888 3405 1965 3461 illi
1995 3406 2242 3461 omnium
2275 3419 2463 3459 rerum
2506 3402 2716 3459 Artiﬂci
2750 3403 3047 3473 placuisse,
3079 3402 3240 3471 357
3281 3401 3337 3454 in
3362 3415 3471 3469 quo

1885 3496 2142 3561 vivimus,
2171 3504 2227 3551 et
2252 3510 2538 3550 movemur
2566 3502 2624 3549 et
2645 3509 2857 3550 sumus.
2885 3494 3069 3563 Atque
3100 3493 3205 3547 hoc
3234 3491 3338 3546 sibi
3371 3506 3473 3545 vo-
3558 3480 3563 3485 ’

1886 3589 2008 3644 lunt
2029 3589 2166 3659 legis
2187 3588 2291 3642 hac
2317 3587 2386 3641 de
2410 3602 2469 3642 re
2493 3585 2808 3641 constituta:
2830 3585 3019 3640 verba.
3050 3584 3157 3642 Sed
3180 3599 3473 3654 pergamus

1886 3680 1955 3735 ad
1992 3680 2127 3735 alias
2168 3678 2509 3735 tabernaculi
2553 3679 2721 3750 leges.
2761 3677 2851 3732 Ait
2892 3677 3061 3747 igitur
3105 3675 3370 3737 Dominus
3415 3676 3469 3731 in

1885 3773 2074 3830 Exodo
2104 3790 2117 3827 :
2154 3792 2172 3825 ι
2204 3773 2325 3828 Νοιι
2351 3770 2619 3827 mactabis
2652 3786 2820 3841 super
2847 3768 3119 3824 fermento
3150 3767 3471 3839 sanguinem

1885 3863 2078 3919 hostiae
2100 3877 2237 3918 mea:
2258 3862 2326 3917 ".
2359 3879 2378 3911 ι
2415 3860 2547 3917 Sine
2574 3860 2847 3916 fermento
2876 3858 2967 3924 sit,
2995 3857 3196 3929 inquit,
3229 3859 3486 3929 sanguis,’

1884 3955 1980 4025 qui
2018 3952 2292 4019 funditur,
2317 3967 2500 4021 neque
2535 3966 2702 4021 super
2730 3949 2806 4014 id,
2834 3946 2981 4020 quod
3016 3949 3129 4003 Deo
3170 3948 3225 4002 in
3262 3948 3470 4003 sacriﬁ-

1884 4045 2031 4100 cium
2060 4043 2312 4108 oll‘ertur,
2338 4041 2669 4096 fermentum
2709 4047 2806 4094 aut
2827 4039 3003 4093 simila
3024 4037 3347 4093 fermentata
3370 4037 3470 4093 ad-

1878 4135 2105 4206 jiciatur
2131 4153 2144 4189 :
2171 4141 2389 4204 oportet
2423 4133 2572 4187 enim
2614 4139 2678 4183 ut
2715 4128 3005 4199 expurgati
3044 4135 3101 4182 et
3132 4129 3307 4199 azymi
3329 4142 3470 4197 quo-

1884 4228 2198 4292 dammodo,
2231 4225 2287 4280 id
2334 4232 2439 4289 est,
2483 4223 2692 4277 nullam
2734 4221 2857 4274 vitii
2906 4229 3069 4290 atque
3103 4220 3471 4290 improbitatis

1883 4317 2264 4371 admistionem
2310 4313 2368 4367 in
2413 4312 2598 4366 animo
2642 4310 2932 4375 habentes,
2973 4310 3188 4365 animas
3229 4318 3465 4376 nostras,

206 4397 453 4467 ἀζύμους
480 4398 665 4452 ἐκάλει
703 4400 797 4452 καὶ
841 4400 870 4453 6
898 4399 1182 4465 θεσπέσιος
1216 4401 1428 4465 Παῦλος
1455 4442 1471 4468 ,
1500 4405 1628 4466 τοὺς
1653 4404 1784 4457 εἰλι-

1890 4422 2118 4479 quarum
2160 4404 2383 4475 sanguis
2426 4403 2655 4474 figuram
2697 4403 2856 4474 gerit,
2893 4402 3006 4457 Deo
3043 4416 3465 4467 consecremus;

206 4490 370 4561 κρινῆ
419 4489 515 4544 καὶ
543 4490 828 4556 ἀθόλωτον,
868 4492 961 4545 καὶ
990 4492 1279 4563 ἀσυμμιγῆ
1322 4492 1658 4563 φαυλότητος
1688 4495 1786 4565 τὴν

204 4582 416 4636 οἰκείαν
436 4582 737 4654 τηροῦντας
761 4583 959 4654 ψυχὴν,
980 4584 1068 4638 διὰ
1087 4585 1324 4649 πίστεως
1346 4585 1402 4638 δὲ
1422 4585 1661 4655 δηλονότι
1689 4586 1789 4655 τῆς

206 4677 286 4738 εἰς
322 4674 575 4745 Χριστὸν,
606 4675 700 4729 καὶ
724 4676 945 4746 ἀγάπης
973 4675 1271 4740 ὁλοτελοῦς.
1316 4676 1457 4729 Ἀλλ’
1491 4695 1509 4727 ι
1546 4677 1681 4731 Οὐδὲ
1713 4678 1787 4749 μὴ

207 4764 505 4837 κοιμηθῇ,
570 4767 725 4837 φησὶ,
782 4767 954 4836 στέαρ
1025 4767 1126 4837 τῆς
1198 4767 1393 4840 ἑορτῆς
1474 4784 1614 4839 μου,
1686 4767 1790 4831 ἕως

206 4854 379 4927 πρωῒ,
434 4874 453 4907 ι
511 4855 653 4910 τοῦτ’
686 4855 822 4920 ἐστι,
868 4856 1052 4928 χθιζὸν
1103 4858 1203 4910 οὑκ
1232 4857 1469 4921 ἀνοίσεις
1502 4856 1667 4929 στέαρ
1704 4858 1785 4921 εἰς

206 4944 391 5016 ὀσμὴν
444 4945 694 5008 εὐωδίας.
751 4945 839 5000 Ἑν
894 4944 951 4998 δὲ
998 4944 1079 5017 τῷ
1124 4945 1395 5017 Λευιτικῷ
1449 4946 1787 5017 σαφεστέραν

210 5037 449 5089 ποιεῖται
470 5034 566 5089 τοῦ
590 5036 757 5105 νόμου
783 5036 884 5106 τὴν
911 5035 1169 5108 δήλωσιν,
1198 5036 1293 5089 καὶ
1320 5036 1381 5089 τὸ
1411 5036 1601 5108 χρῆμα
1632 5038 1789 5108 ὲναρ-

209 5127 313 5193 γὲς
345 5126 639 5197 καθίστησι
682 5125 858 5195 λέγων
898 5126 1028 5197 περὶ
1070 5125 1164 5179 τοῦ
1206 5126 1573 5198 προσάγοντος
1616 5125 1785 5197 θῦμα’

217 5236 235 5268 ι
286 5216 407 5272 Κᾶν
439 5216 627 5287 εὐχὴν,
662 5216 695 5287 ἢ
738 5217 985 5271 ἑκούσιον
1016 5217 1252 5291 θυσιάσῃ
1292 5217 1353 5271 τδ
1386 5217 1559 5289 δῶρον
1588 5217 1788 5282 αὑτοῦ,

1884 4512 2084 4553 novam
2129 4496 2292 4552 etiam
2339 4496 2786 4564 conspersionem
2825 4501 2882 4548 et
2920 4507 3140 4564 azymos
3176 4492 3471 4562 appellavit

1884 4590 2081 4645 beatus
2108 4587 2311 4643 Paulus
2332 4585 2401 4650 ’³,
2433 4584 2528 4657 qui
2566 4601 2667 4656 per
2707 4584 2871 4639 fidem
2908 4584 2962 4638 in
2993 4583 3297 4648 Christum,
3324 4583 3467 4637 inte-

1886 4692 2148 4751 gramque
2197 4676 2550 4732 dilectionem
2593 4676 2865 4740 sinceram
2898 4675 2986 4730 'ac
3030 4689 3248 4745 puram,
3291 4679 3349 4728 et
3398 4671 3468 4727 ab

1886 4772 2039 4829 omni
2086 4767 2457 4840 improbitatis
2502 4765 2834 4822 admistione
2882 4766 3185 4836 sejunctam
3230 4763 3469 4817 animam

1886 4866 2299 4919 conscrvarent.
2347 4856 2492 4924 Quin
2533 4855 2701 4910 etiam
2759 4872 2772 4909 :
2838 4873 2857 4906 ι
2914 4853 3036 4909 Non
3078 4850 3468 4923 pernoctabit,

1883 4950 2082 5021 inquit,
2130 4947 2300 5019 adeps
2340 4944 2656 5001 festivitatis
2694 4958 2830 4999 meae
2850 4957 3027 5013 usque
3057 4956 3219 4996 mane
3244 4941 3325 5008 “;
3358 4958 3377 4991 ›
3413 4938 3471 4994 id

1884 5049 1989 5107 est,
2023 5041 2349 5095 hesternum
2390 5038 2609 5109 adipem
2641 5053 2750 5093 non
2780 5034 2980 5091 offeres
3007 5034 3065 5089 in
3096 5033 3321 5089 odorem
3349 5046 3474 5087 sua-

1884 5129 2087 5184 vitatis.
2110 5128 2172 5184 ln
2193 5128 2439 5183 Levitico
2458 5136 2641 5183 autem
2663 5126 2909 5197 apertius
2930 5124 3074 5181 hanc
3095 5124 3271 5196 legem
3293 5121 3468 5193 expli-r

1895 5229 2003 5286 cat,
2028 5236 2260 5291 eamque
2283 5236 2397 5276 rem
2424 5220 2770 5290 perspicuam
2800 5216 2931 5272 facit
2954 5215 3145 5273 dicens
3166 5215 3235 5271 de
3260 5212 3470 5283 eo,'q.ui

211 5304 247 5384 ᾗ
277 5308 344 5363 ἂν
368 5309 556 5383 ἡμέρᾳ
581 5309 920 5380 προσενέγκῃ
952 5308 1051 5381 τὴν
1074 5309 1283 5375 θυσίαν,
1304 5309 1665 5382 βρωθήσεται,
1700 5309 1788 5363 καὶ

1897 5314 2059 5368 offert
2084 5313 2363 5369 victimam
2399 5329 2412 5364 :
2452 5330 2471 5361 ι
2512 5310 2638 5367 Sive
2674 5317 2805 5365 voto
2832 5308 3102 5373 debitum,
3128 5306 3243 5362 sive
3271 5305 3469 5359 volun-

212 5406 280 5473 τῇ
306 5402 527 5475 αὑριον·
581 5402 645 5455 τὸ
694 5401 752 5455 δὲ
795 5401 1154 5471 καταλειφθὲν
1185 5401 1293 5456 ἀπὸ
1331 5401 1440 5457 τῶν
1472 5401 1651 5473 κρεῶν
1694 5402 1788 5472 τῆς

1897 5403 2095 5457 tarium
2122 5400 2514 5457 sacrificaverit
2537 5414 2741 5455 munus
2768 5414 2951 5463 suum,
2979 5411 3089 5467 quo
3129 5394 3218 5449 die
3249 5391 3469 5447 obtule-

214 5494 401 5559 θυσίας
427 5537 442 5561 ,
493 5495 605 5558 ἕως
644 5490 858 5564 ἡμέρας
908 5492 1118 5564 τρίτης,
1165 5496 1224 5547 ὲν
1267 5493 1400 5564 πυρὶ
1435 5492 1786 5561 καυθήσεται.

1897 5491 1970 5545 rit
2010 5490 2361 5555 sacriﬁcium,
2396 5489 2740 5555 comedetur,
2764 5497 2823 5544 et
2861 5486 3163 5558 postridie;
3196 5479 3342 5554 quod
3372 5495 3474 5537 au—

290 5676 329 5708 "
355 5678 537 5735 Levii.
584 5691 715 5743 xvu,
759 5674 910 5731 8-H.
989 5677 1050 5708 ἰ’
1076 5674 1212 5730 Gen.
1243 5689 1299 5740 ιι,
1321 5675 1372 5727 7.
1449 5675 1493 5705 υ
1518 5671 1689 5728 Exod.
1718 5688 1784 5725 xx

1890 5672 2005 5729 .‘23.
2081 5671 2314 5727 "lCor.
2340 5673 2392 5736 'v,
2427 5671 2477 5724 7.
2557 5670 2602 5703 ³³
2627 5669 2785 5725 Deut.
2816 5684 2967 5735 xxiii,
3000 5666 3095 5721 l8.
