3962 6296
1230 218 1319 227 ...ο-η

511 254 614 312 699

1494 263 1550 318 s.
1591 230 1865 320 evan.”
1905 259 2375 317 ALEXANDRINI
2412 259 2733 320 ARCHIEP.

3217 199 3224 207 .
3248 202 3399 227 ...τῂν

3667 256 3797 315 700‘

490 376 623 431 ,tcm
664 366 933 438 reliquum
966 369 1134 424 fuerit
1171 368 1237 424 de
1263 370 1520 427 carnibus
1552 371 1808 427 sacriﬁcii
1834 383 2007 440 usq-uc
2034 368 2089 423 in

2206 365 2331 419 Ἐάν
2359 366 2415 419 δὲ
2445 366 2635 436 φαγὼν
2682 368 2834 440 φάγῃ
2864 366 2972 422 ἀπὸ
3005 367 3113 421 τῶν
3163 366 3341 439 κρεῶν
3387 366 3452 437 τῇ
3489 363 3673 437 ἡμέρᾳ
3702 365 3783 436 τῇ

513 459 660 514 diem
686 459 932 525 tertium,
964 461 1073 531 igni
1100 462 1473 516 comburctur.
1501 463 1658 530 Quod
1681 465 1726 518 si
1748 460 2087 518 comedendo

512 550 815 604 comederit
837 551 903 604 de
931 550 1188 606 carnibus
1212 551 1300 606 die
1326 553 1510 619 tertio,
1534 570 1644 608 non
1668 554 1775 608 erit
1799 560 2085 622 acceptum

512 641 767 697 uﬁ‘erenti
816 641 972 706 illud,
1014 657 1126 696 non
1175 643 1541 714 imputabitur
1586 645 1722 714 ipsi;
1779 642 2085 714 inquinatio

511 743 625 797 est;
679 732 861 787 anima
913 742 1098 788 autem
1122 750 1258 805 qua:
1296 735 1363 790 de
1400 736 1509 790 illis
1554 735 1875 800 comederit,
1906 735 2089 805 inqui-

509 826 755 889 nabitur,
779 837 835 879 et
857 834 1143 894 peccatum
1172 827 1480 897 accipiet".
1515 847 1532 879 ›
1563 828 1751 883 Tertio
1772 829 1939 899 igitur
1957 836 2085 882 ante

510 914 598 970 die
618 916 957 970 immolatum
981 917 1313 972 sacriﬁcium
1343 918 1551 989 rejicit;
1569 918 1665 973 sed
1683 919 1847 973 etiam
1870 912 2086 975 hesteﬂ

508 1020 715 1060 numse
738 1006 978 1061 aversari
1003 1006 1319 1073 declaravit,
1349 1007 1578 1082 dicens:
1612 1028 1629 1059 ι
1663 1007 1820 1074 Quod
1842 1008 1887 1063 si
1913 1007 2085 1063 sacri-

509 1093 762 1150 ﬁcaveris
800 1094 1132 1150 sacriﬁcium
1168 1104 1357 1152 votum
1394 1112 1496 1168 pro
1520 1097 1712 1169 gratiis
1733 1097 1958 1167 agendis
1981 1097 2086 1151 Do-

510 1183 749 1248 mino,ut
772 1184 1106 1254 acceptabile
1122 1184 1196 1238 sit
1212 1186 1392 1253 vobis,
1418 1185 1797 1243 sacriﬁeabitis
1818 1187 1975 1252 illud,
1995 1202 2087 1242 eo—

510 1273 636 1330 dem
656 1275 774 1346 ipso
787 1276 875 1331 die
891 1276 1212 1347 cpmedetur
1226 1294 1240 1330 ε
1256 1293 1366 1333 non
1384 1279 1729 1349 relinquetur
1748 1278 1815 1334 de
1827 1277 2088 1333 carnibus

509 1363 566 1420 in
594 1382 752 1421 mane
781 1384 794 1420 :
823 1383 925 1437 ego
947 1382 1069 1422 sum
1096 1368 1391 1436 Dominus;
1414 1380 1698 1439 peccatum
1721 1369 2078 1439 accipiet‘".i

581 1456 778 1513 PALL.
798 1458 905 1514 Sed
930 1459 1181 1530 quisnam
1208 1461 1404 1515 horum
1430 1462 1723 1517 verborum
1745 1477 1941 1516 sensus
1961 1461 2087 1516 est?

580 1548 738 1604 CYll.
773 1550 834 1604 In
870 1550 1249 1621 superioribus
1277 1552 1363 1607 lex
1396 1552 1555 1608 nobis
1586 1567 1960 1623 saepenumero
1987 1551 2086 1606 de-

510 1641 836 1697 monstravit
866 1641 1017 1697 hunc
1052 1658 1261 1699 morem
1293 1627 1418 1700 esse
1447 1644 1648 1700 divina:
1679 1643 1997 1714 Scripturae,
2026 1652 2088 1698 ut

512 1733 832 1789 universum
870 1743 1087 1805 tempus
1126 1735 1405 1791 interdum
1441 1735 1579 1792 duas
1625 1736 1683 1790 in
1723 1744 1908 1806 partes
1947 1734 2091 1790 divi-

510 1827 633 1893 dat;
662 1825 719 1880 in
752 1821 908 1891 illud,
939 1841 1049 1897 quo
1085 1826 1176 1883 lex
1216 1826 1356 1893 fuit;
1402 1836 1459 1882 et
1500 1826 1656 1890 illud,
1692 1842 1801 1895 quo
1838 1824 2092 1880 Christus

512 1914 734 1970 illuxit:
775 1931 1169 1987 nonnunquam
1217 1916 1274 1970 in
1322 1925 1463 1983 tres,
1512 1932 1580 1972 eo
1630 1926 1879 1987 tempore
1924 1916 2092 1972 etiam

511 2006 819 2078 iuterjecto,
861 2015 1024 2077 atque
1063 2008 1120 2062 in
1160 2007 1343 2063 medio
1392 2008 1679 2071 collocato,
1713 2023 1824 2076 quo
1870 2014 2092 2061 sancto-

512 2113 634 2152 rum
668 2099 1057 2169 prophetarum
1097 2098 1301 2154 chorus
1337 2097 1578 2165 ell‘ulsit;
1616 2098 1711 2153 sed
1765 2107 1946 2154 tamen
1982 2106 2091 2153 tam

512 2205 580 2245 co
622 2197 890 2261 tempore,
934 2207 1046 2261 quo
1082 2191 1314 2263 Moyses,
1349 2207 1514 2262 quam
1556 2206 1624 2246 eo
1661 2206 1771 2263 quo
1810 2192 2093 2262 propheta:

510 2279 752 2347 fuerunt,
783 2280 974 2337 eadem
1022 2282 1163 2337 ratio
1207 2282 1390 2338 cultus
1415 2281 1713 2337 exhibendi
1748 2281 1880 2348 fuit;
1927 2281 2094 2354 358

512 2372 774 2429 nimirum
808 2372 866 2427 in
894 2373 1104 2429 umbris
1135 2374 1317 2430 adhuc
1354 2374 1511 2446 legis.
1543 2373 1672 2440 Sed,
1697 2389 1824 2428 cum
1853 2374 1966 2445 jam
2011 2374 2094 2429 di-

513 2463 759 2529 luxisset,
790 2479 856 2519 ac
901 2464 1122 2520 tertium
1168 2466 1303 2522 illud
1350 2475 1567 2536 tempus
1610 2466 1974 2535 apparuisset,
2006 2474 2091 2520 at-

510 2569 620 2624 que
661 2555 834 2619 orbis,
864 2556 958 2626 qui
1000 2556 1106 2610 sub
1142 2556 1255 2612 sole
1299 2565 1403 2619 est,
1437 2556 1729 2610 universus
1763 2555 2091 2626 intelligibili

509 2643 736 2709 lumine,
772 2643 828 2700 id
850 2653 954 2710 est,
976 2644 1181 2701 Christi
1197 2645 1490 2717 splendore
1517 2645 1889 2702 circumfusus
1916 2657 2083 2711 esset,

503 2734 618 2805 jam
645 2734 820 2791 veteri
863 2736 1095 2808 caligine
1134 2736 1403 2803 discussa,
1442 2737 1534 2793 illa
1566 2739 1748 2794 cultus
1779 2738 1941 2803 ratio,
1970 2754 2092 2809 quae

510 2838 578 2879 eo
616 2831 859 2895 tempore
896 2824 1168 2895 viguerat,
1200 2841 1312 2881 non
1361 2826 1543 2882 adhuc
1580 2836 1733 2898 grata
1771 2836 1829 2883 et
1865 2834 2092 2898 accepta

510 2926 616 2982 est,
645 2917 744 2973 sed
787 2916 957 2987 adeps
1000 2925 1097 2972 aut
1137 2916 1465 2974 sacriﬁcium
1499 2918 1615 2974 sive
1646 2919 1969 2975 hesternum
1998 2920 2087 2986 sit,

2194 457 2373 530 τρίτῃ,
2405 459 2466 511 ού
2492 459 2814 531 δεχθήσεται
2844 459 2992 531 αὐτῷ
3015 460 3093 531 τῷ
3132 458 3499 532 προσφέροντι
3524 457 3677 523 αὐτὸ,
3710 456 3783 510 οὗ

2192 545 2571 619 λογισθήσεται
2603 549 2773 621 αύτῷ,
2809 550 3027 621 μίασμά
3077 551 3224 604 ἐστιν
3251 567 3265 582 υ
3313 552 3347 621 ή
3373 550 3431 602 δὲ
3454 548 3603 619 ψυχὴ
3647 547 3786 619 ἥτις

2194 636 2260 691 ἂν
2290 638 2440 710 φάγῃ
2475 640 2572 694 ἀπ’
2606 641 2776 695 αὑτοῦ
2801 681 2817 705 ,
2848 641 3231 713 μιανθήσεται,
3256 641 3350 695 καὶ
3371 640 3470 710 τὴν
3494 641 3819 711 ἀμαρτίανο

2192 725 2437 796 λήψεται.
2467 747 2486 779 ι
2519 728 2773 800 Τριταῖον
2796 729 2894 799 μὲν
2923 725 3016 783 οῦν
3032 730 3420 799 ἀποπέμπεται
3437 728 3603 799 θῦμα,
3628 746 3779 797 παρ-

2194 820 2423 872 αιτεῖται
2448 818 2505 871 δὲ
2531 820 2613 873 ὅτι
2647 822 2741 874 καὶ
2763 819 2822 874 τὸ
2856 821 3057 891 χθιζὸν,
3078 820 3323 889 διεσάφει
3352 820 3544 889 λέγων.
3581 804 3607 869 ιΔ
3644 817 3786 870 Ἐὰν

2192 907 2248 960 δὲ
2281 906 2449 980 θύσῃς
2483 908 2674 963 θυσίαν
2712 910 2878 981 εὐχὴν
2926 910 3280 982 χαρμοσύνης
3320 910 3397 980 τῷ
3438 909 3649 981 Κυρίῳ,
3690 909 3787 970 εἰς

2192 998 2378 1053 δεκτὸν
2403 1001 2531 1070 ὑμῖν
2565 1001 2754 1056 θύσετε
2775 1002 2930 1056 αὑτό.
2957 1003 3102 1073 Αύτῇ
3124 1005 3190 1072 τῇ
3212 1002 3397 1073 ἡμέρᾳ
3425 1001 3604 1071 ἐκείνῃ
3639 999 3785 1069 βρωο

2193 1091 2437 1162 θήσεται,
2469 1094 2529 1147 ού
2553 1094 2937 1166 καταλείψεται
2958 1096 3067 1150 ἀπὸ
3086 1095 3194 1149 τῶν
3219 1093 3394 1165 κρεῶν
3417 1096 3497 1158 είς
3517 1093 3579 1146 τὺ
3601 1092 3781 1162 πρωῖο

2192 1183 2302 1252 ἐγώ
2321 1186 2436 1256 είμι
2469 1185 2696 1260 Κύριοςο
2723 1188 2823 1259 τὴν
2854 1188 3129 1260 ἁμαρτίαν
3162 1186 3413 1258 λήψεται.
3454 1204 3473 1238 ι

2262 1459 2470 1514 ΠᾹΛΛ.
2509 1456 2643 1517 Εἷτα
2669 1461 2752 1524 τίς
2780 1461 2846 1515 ἂν
2876 1459 3086 1530 γένοιτο
3107 1460 3201 1515 καὶ
3225 1459 3391 1513 τῶνδε
3418 1460 3447 1513 6
3475 1457 3628 1529 νοῦς’;

2263 1549 2428 1603 ΚΥΡ.
2470 1550 2930 1622 Προαποδέδειχεν
2970 1553 3102 1623 ἡμῖν
3134 1552 3163 1604 6
3195 1551 3355 1621 νόμος
3388 1551 3445 1603 ὲν
3483 1551 3595 1613 τοῖς
3626 1549 3782 1602 ἀνω-

2192 1638 2336 1710 τέρω
2362 1639 2696 1707 πλειστάκις,
2719 1642 2801 1695 ὅτι
2824 1642 2915 1696 τὸν
2947 1640 3161 1696 ἅπαντα
3185 1640 3374 1712 χρόνον
3414 1638 3785 1709 κατατέμνειν

2120 1718 2165 1775 Β
2192 1729 2311 1794 ἔθος
2337 1733 2402 1803 τῇ
2438 1731 2558 1804 θείᾳ
2586 1733 2799 1805 Γραφῇ,
2848 1734 2981 1787 ποτὲ
3012 1733 3111 1804 μὲν
3142 1735 3223 1796 είς
3249 1732 3363 1797 δύο,
3407 1732 3528 1786 καθ’
3554 1732 3612 1786 ὃ)
3646 1727 3720 1803 ἦν
3753 1733 3786 1784 6

2193 1822 2376 1892 νόμος,
2417 1823 2512 1877 καὶ
2554 1824 2676 1878 καθ’
2720 1824 2779 1878 ὃν
2824 1825 3138 1896 ἐπέλαμψεν
3176 1826 3205 1878 6
3234 1823 3489 1894 Χριστός
3524 1823 3660 1876 ποτὲ
3719 1823 3783 1876 δὲ

2192 1909 2284 1976 αὖ,
2311 1914 2391 1978 είς
2422 1917 2572 1986 τρεῖς
2611 1915 3131 1988 παρεισκρινομένου
3170 1933 3229 1969 τε
3259 1916 3352 1969 καὶ
3381 1914 3450 1968 τὰ
3484 1914 3784 1977 τάττοντος

2196 2002 2420 2073 μεταξὺ,
2448 2005 2541 2058 καὶ
2563 2004 2685 2060 καθ’
2712 2005 2771 2059 ὃν
2799 2007 2828 2059 6
2850 2005 2959 2060 τῶν
2979 2007 3149 2076 ἁγίων
3175 2004 3467 2080 προφητῶν
3492 2003 3783 2074 ἀνέλαμψε

2192 2097 2369 2168 χορὸς,
2400 2098 2539 2168 πλὴν
2570 2098 2652 2153 ὅτι
2683 2099 2779 2152 καὶ
2808 2099 2866 2152 ἒν
2904 2099 3079 2170 χράνῳ
3114 2097 3192 2169 τῷ
3224 2098 3368 2152 κατὰ
3410 2097 3611 2150 Βὶωσέα
3631 2136 3647 2159 ,
3680 2096 3784 2148 καὶ

2193 2190 2252 2243 ἐν
2294 2188 2372 2260 τῷ
2412 2189 2519 2243 τῶν
2566 2191 2738 2259 ἀγίων
2776 2191 3073 2261 προφητῶν
3116 2191 3369 2263 λατρείας
3405 2186 3473 2261 ἦν
3505 2189 3713 2262 τρόπος
3753 2190 3784 2240 6

2192 2280 2373 2345 αὐτὸς,
2404 2280 2480 2346 ὡς
2506 2281 2565 2337 ὲν
2592 2284 2771 2346 σκιαῖς
2808 2281 2889 2335 ἔτι
2927 2285 3045 2346 ταῖς
3077 2281 3217 2336 κατὰ
3245 2283 3427 2353 νόμον.
3463 2283 3691 2354 Πρωΐας
3723 2279 3785 2335 δὲ

2192 2372 2523 2444 γενομένης,
2552 2373 2673 2443 ἤτοι
2704 2372 2798 2427 τοῦ
2825 2372 3007 2443 τρίτου
3033 2371 3216 2425 λοιπὸν
3242 2371 3403 2427 πάλιν
3431 2370 3783 2442 ἀναδειχθέν-

2191 2478 2281 2526 τος
2310 2462 2523 2531 καιροῦ,
2564 2463 2658 2516 mi.
2687 2462 2781 2516 τοῦ
2823 2462 3014 2532 νοητοῦ
3057 2461 3252 2530 φωτὸς,
3286 2460 3431 2515 τοῦτ’
3465 2461 3601 2527 ἔστι,
3631 2462 3783 2532 Χρι-

2194 2553 2341 2616 στοῦ,
2392 2553 2489 2625 τὴν
2538 2554 2627 2623 ὑφ’
2672 2553 2824 2624 ἥλιον
2874 2552 3422 2624 περιαστράπτοντος,
3473 2552 3785 2623 λελυμένης

2191 2644 2248 2697 δὲ
2272 2643 2455 2697 λοιπὸν
2494 2644 2593 2714 τῆς
2630 2644 2866 2708 παλαιᾶς
2908 2642 3122 2714 ἀχλύος,
3158 2643 3341 2698 οὐκέτι
3373 2643 3560 2708 δεκτὸς
3585 2644 3691 2713 τῆς
3722 2644 3787 2696 τὸ

2189 2735 2443 2805 τηνικάδε
2480 2735 2736 2809 λατρείας
2775 2739 2803 2792 ὁ
2842 2736 3066 2810 τρόπος.
3132 2736 3247 2790 ἀλλ’
3287 2737 3396 2790 εἴτε
3428 2734 3634 2807 χθιζὸν,
3679 2735 3787 2788 εἴτ’

2189 2826 2282 2883 οὖν
2305 2828 2392 2900 εἴη
2412 2829 2473 2883 τδ
2499 2828 2954 2898 τριταῖονστέαρ,
2981 2829 3015 2899 ἢ
3043 2827 3212 2898 θύμα,
3235 2827 3422 2882 δεκτδν
3449 2827 3545 2898 μὲν
3565 2826 3783 2890 οὐκέτι,

2193 2919 2446 2992 βδελυρὸν
2476 2920 2534 2973 δὲ
2581 2919 2676 2973 καὶ
2720 2919 3024 2988 ἀπόϐλητον
3064 2917 3216 2989 παρὰ
3255 2916 3395 2988 Θεῷ,
3424 2918 3519 2971 καὶ
3551 2919 3610 2970 ὲν
3642 2917 3787 2987 μιά-

512 3009 626 3063 sive
652 3007 965 3071 tertianum,
995 3006 1141 3078 apud
1168 3008 1341 3063 Deum
1362 3008 1699 3064 exsecrabile
1729 3015 1833 3074 est,
1861 3019 1918 3064 et
1934 3024 2089 3064 aver-

2199 3026 2400 3080 σματος
2430 3008 2580 3076 τάξει
2609 3008 2988 3079 λελογισμένον
3012 3010 3125 3072 τοῖς
3161 3008 3259 3061 οὐκ
3299 3009 3356 3061 ὲν
3383 3006 3561 3079 καιρῷ
3595 3022 3783 3079 προσ-

512 3107 663 3154 satur
699 3114 764 3154 ac
798 3099 1028 3169 respuit,
1065 3106 1122 3153 et
1168 3098 1348 3154 alieno
1383 3108 1629 3171 tempore
1666 3098 1867 3154 oﬁ‘erre
1899 3100 2088 3154 volen-

514 3191 661 3246 tibus
690 3205 791 3261 pro
829 3191 1245 3261 inquinamento
1285 3190 1602 3262 deputatur.
1636 3190 1741 3257 An,
1775 3207 1898 3246 cum
1928 3190 2090 3247 Chri-

511 3289 628 3337 stus
654 3282 980 3353 evangelicis
1016 3281 1324 3353 disciplinis
1357 3281 1599 3339 illustret
1632 3289 1945 3337 sanctorum
1975 3281 2094 3336 ani-

512 3389 651 3438 mos,
677 3389 884 3444 eosque
914 3374 1214 3443 spiritualis
1236 3374 1418 3429 cultus
1441 3374 1709 3430 rationem
1732 3373 1937 3443 optime
1962 3388 2092 3443 per-

480 3464 726 3535 ,doccat,
760 3466 983 3520 minime
1027 3474 1189 3536 putas
1233 3480 1602 3537 supervacuas
1641 3480 1764 3521 esse
1799 3465 1912 3536 jam
1951 3479 2092 3535 quo-

510 3555 803 3611 dammodo
849 3566 1013 3625 atque
1048 3555 1271 3611 inutiles
1306 3555 1441 3626 legis
1465 3552 1916 3610 observationes?

584 3644 779 3701 PALL.
818 3645 932 3716 Ego
954 3659 1087 3699 vero
1108 3645 1304 3711 fateor;
1335 3660 1515 3714 neque
1549 3644 1698 3699 enim
1732 3643 1927 3714 ignoro
1950 3650 2092 3698 ster-

512 3754 641 3794 cora
677 3752 743 3792 ac
770 3736 1098 3791 detrimenta
1127 3737 1349 3791 beatum
1373 3737 1603 3791 Paulum
1633 3737 1934 3806 appellasse
1960 3736 2096 3806 legis

512 3836 854 3889 ornamenta,
877 3834 1103 3895 propter
1126 3825 1461 3880 eminentem
1489 3826 1773 3881 scientiam
1793 3826 2002 3883 Christi
2027 3825 2092 3891 '7;

511 3916 675 3971 video
710 3916 859 3970 enim
902 3917 1057 3970 illum
1100 3916 1169 3972 ad
1209 3915 1477 3987 quosdam
1523 3917 1809 3987 scripsisse
1852 3935 1864 3970 :
1909 3935 1928 3967 ι
1962 3915 2095 3970 Dico

511 4014 695 4062 autem
734 4006 912 4073 vobis,
946 4008 1209 4077 quoniam
1236 4008 1280 4063 si
1311 4007 1808 4075 circumcidamini,
1841 4006 2095 4063 Christus

512 4096 672 4151 vobis
699 4095 837 4151 nihil
866 4096 1117 4167 proderit
1142 4097 1210 4152 ".
1245 4117 1263 4150 ι

582 4184 739 4241 CYR.
781 4185 949 4242 Recte
976 4186 1075 4243 ais.
1105 4186 1273 4259 Igitur
1301 4194 1585 4258 peccatum
1619 4194 1725 4253 est,
1752 4197 1810 4243 et
1837 4188 2093 4261 inquina-

512 4278 682 4334 menti
720 4278 967 4349 plenum,
998 4280 1347 4337 manifestato
1373 4281 1485 4352 jam
1513 4280 1754 4347 Christo,
1787 4297 1914 4337 cum
1952 4291 2094 4340 tem-

2197 3098 2443 3170 κομίζειν
2483 3097 2797 3172 ᾑρημένοις.
2852 3102 2920 3153 Ἢ
2966 3100 3065 3154 οὐκ
3116 3094 3255 3153 εἶναι
3289 3098 3393 3169 φὴς
3439 3099 3656 3168 ἀληθὲς.
3696 3101 3783 3153 ὅτι

2198 3192 2432 3265 Χριστοῦ
2468 3191 2915 3262 καταλάμποντος
2969 3192 3080 3253 τοῖς
3131 3189 3499 3257 εύαγγελικοῖς
3553 3187 3783 3241 παιδεύ-

2202 3301 2334 3355 μασι
2382 3282 2481 3346 τάς
2529 3283 2639 3334 τῶν
2693 3281 2863 3351 ἁγίων
2912 3280 3091 3351 ψυχὰς
3124 3281 3218 3334 καὶ
3264 3282 3344 3342 είς
3374 3277 3627 3349 λατρείαν
3681 3279 3781 3349 τὴν

2201 3375 2575 3447 πνευματικὴν
2604 3373 3087 3446 μυσταγωγοῦντος
3116 3368 3174 3426 εὖ
3209 3371 3371 3443 μάλα,
3406 3370 3633 3442 περιττά
3656 3387 3779 3432 πως

2201 3467 2304 3539 ἤδη
2329 3467 2421 3520 καὶ
2453 3466 2705 3537 ἀνωφελῆ
2732 3466 2800 3520 τὰ
2833 3467 2891 3518 ἐν
2912 3465 3097 3536 νόμῳ;

2270 3646 2479 3700 ΠΛΛΛ.
2545 3642 2710 3714 Φημί.
2763 3642 3128 3714 Μεμνήσομαι
3182 3640 3290 3713 γὰρ
3339 3640 3434 3694 τοῦ
3486 3638 3776 3693 θεσπεσίου

2201 3737 2439 3801 Παύλου,
2468 3734 2713 3790 σκύϐαλα
2737 3732 3058 3805 καὶζημίαν
3079 3731 3515 3801 ἀποκεκληκὸτος
3542 3730 3611 3785 τὲ
3632 3732 3779 3784 κατά

2201 3829 2364 3898 νόμον
2393 3827 2686 3897 αὐχήματα
2705 3865 2720 3888 ,
2753 3825 2840 3878 διὰ
2878 3825 2941 3878 τὸ
2975 3824 3238 3897 ὑπερέχον
3267 3824 3367 3895 τῆς
3398 3823 3649 3892 γνώσεως
3677 3822 3774 3876 τοῦ

2201 3916 2458 3989 Χριστοῦ.
2499 3914 2706 3968 Ἀκούω
2734 3914 2790 3966 δὲ
2811 3913 3148 3987 γεγραφότος
3174 3913 3304 3965 τισί·
3340 3912 3526 3981 «Λέγω
3557 3911 3612 3963 δὲ
3644 3912 3775 3980 ὑμῖν

2201 4008 2282 4060 ὅτι
2303 4007 2397 4060 ὲάν
2408 4003 3074 4077 περιτέμνησθε,Χριστὸς
3096 4002 3249 4057 οὐδὲν
3272 4003 3418 4073 ἡμᾶς
3440 4001 3768 4071 ὠφελήσει.»

2270 4195 2434 4250 ΚΥΡ.
2464 4171 2696 4263 ⁸Ὀρθῶς
2727 4191 2881 4263 ἔφης.
2915 4188 3122 4245 Οὐκοῦν
3175 4188 3418 4260 ἁμαρτία
3466 4189 3560 4241 καὶ
3601 4190 3772 4259 μολυ-

2203 4288 2358 4359 σμὸς,
2392 4283 2803 4355 ἀναδειχθέντος
2831 4281 3091 4354 Χριστοῦ,
3122 4280 3214 4335 καὶ
3238 4280 3642 4351 παρελάσαντος
3675 4281 3772 4335 τοῦ

511 4384 616 4441 pus
657 4370 791 4425 illud
834 4372 1183 4441 prteterierit,
1220 4388 1331 4443 quo
1366 4372 1456 4428 lex
1493 4381 1551 4428 et
1591 4373 1873 4444 propheta:
1904 4376 2089 4448 vigue-

2200 4378 2411 4453 καιροῦ,
2431 4377 2553 4432 καθ’
2574 4371 2716 4446 ὃνῆν
2742 4377 2771 4428 6
2789 4374 2950 4446 νόμος
2977 4376 3071 4428 καὶ
3094 4375 3142 4426 οἱ
3176 4373 3470 4444 προφῆται,
3496 4372 3598 4443 τῆς
3616 4373 3693 4437 ὡς
3715 4374 3773 4425 ἐν

512 4470 664 4528 runt,
693 4463 836 4518 velle
867 4464 1216 4519 umbratilem
1262 4464 1416 4519 illum
1455 4465 1664 4520 cultum
1696 4466 1958 4534 retinere,
1998 4486 2094 4524 au-

512 4553 756 4624 dereque
781 4555 893 4610 Deo
933 4571 1115 4621 ovem,
1158 4566 1254 4612 aut
1293 4556 1534 4627 adipem,
1569 4563 1666 4611 aut
1690 4556 1819 4612 thus
1855 4559 2092 4627 oll‘erre;

511 4634 639 4700 cum
667 4646 955 4716 perspicue
982 4646 1129 4701 dicat
1156 4647 1327 4702 Filius
1355 4647 1504 4702 Patri
1538 4661 1603 4701 ac
1631 4648 1743 4703 Deo
1773 4665 1784 4702 :
1816 4667 1835 4700 ι
1872 4649 2095 4706 Sacriﬁ-

512 4735 660 4791 cium
690 4744 746 4792 et
782 4737 1118 4793 oblationem
1160 4738 1410 4804 noluisti,
1443 4753 1644 4808 corpus
1676 4748 1863 4795 autem
1894 4743 2096 4812 aptasti

511 4828 670 4881 mihi.
726 4828 1054 4883 Holocausta
1105 4837 1161 4883 et
1207 4843 1308 4898 pro
1350 4835 1576 4898 peccato
1612 4844 1724 4884 non
1768 4831 2097 4900 placuerunt

514 4920 646 4987 tibi;
678 4929 812 4975 tunc
847 4920 961 4974 dixi
1002 4938 1015 4973 :
1055 4920 1195 4974 Ecce
1221 4920 1384 4974 venio
1421 4937 1433 4972 :
1477 4919 1533 4975 in
1573 4921 1752 4991 capite
1792 4922 1920 4977 libri
1955 4923 2097 4978 scri-

513 5018 671 5079 ptum
718 5020 802 5066 est
850 5011 919 5066 de
968 5026 1086 5077 me,
1143 5017 1204 5065 ut
1256 5010 1522 5077 facerem,
1558 5012 1722 5079 Deus,
1757 5014 2097 5070 voluntatem

516 5108 666 5153 tuam
695 5100 760 5151 ”.
804 5119 822 5150 ι
875 5101 1032 5160 Nam,
1074 5110 1427 5172 posteaquam
1466 5103 1639 5157 Filius
1693 5104 2097 5160 immaculatam

514 5189 794 5244 victimam
830 5205 930 5258 pro
972 5191 1133 5247 nobis
1174 5192 1394 5257 obtulit,
1435 5192 1704 5263 legalibus
1747 5194 2095 5251 caeremoniis

517 5280 680 5336 ﬁnem
715 5274 992 5351 imposuit,
1029 5298 1155 5338 cum
1182 5300 1245 5340 ea
1274 5284 1490 5340 auferre
1530 5294 1755 5355 peccata
1798 5300 1911 5340 non
1955 5300 2085 5355 pos-

514 5382 670 5440 sent;
710 5374 836 5429 ﬁnis
870 5373 1016 5428 enim
1044 5374 1180 5446 legis
1211 5393 1276 5433 ac
1303 5378 1717 5449 prophetarum,
1743 5377 2013 5435 Christus.

586 5465 784 5521 PALL.
825 5467 994 5524 Recte
1034 5469 1134 5525 ais.

2198 4473 2379 4534 σκιαῖς
2401 4467 2655 4540 λατρείας
2680 4465 2999 4537 ἀντέχεσθαι
3019 4483 3032 4496 '
3064 4465 3160 4519 καὶ
3187 4463 3305 4536 Θεῷ
3336 4464 3630 4534 προσάγειν
3650 4465 3773 4517 ἐπι-

2193 4564 2394 4634 χειρεῖν
2418 4561 2520 4627 δῖν,
2554 4559 2588 4630 ἢ
2634 4558 2824 4627 στέαρ,
2862 4556 2894 4626 ἢ
2934 4556 3227 4609 λιϐανωτόν
3256 4573 3270 4587 ο
3317 4555 3495 4610 καίτοι
3522 4555 3770 4624 λέγοντος

2190 4653 2435 4725 ἐναργῶς
2469 4650 2563 4705 τοῦ
2598 4647 2729 4703 Υίοῦ
2773 4647 2851 4719 τῷ
2896 4646 3015 4719 Θεῷ
3047 4648 3143 4702 καὶ
3165 4648 3358 4720 Ila.er
3381 4667 3399 4700 ι
3436 4647 3641 4700 Θυσίαν
3675 4644 3769 4699 καὶ

2192 4742 2506 4815 προσφορὰν
2543 4741 2644 4794 οὐκ
2688 4738 2981 4810 ἠθέλησας,
3008 4739 3168 4810 σῶμα
3205 4739 3261 4792 δὲ
3307 4738 3620 4809 κατηρτίσω
3657 4753 3764 4807 μοι.

2204 4833 2661 4905 Ὀλοκαυτώματα
2707 4831 2801 4884 καὶ
2846 4830 2975 4902 περὶ
3019 4830 3292 4902 ἁμαρτίας
3320 4831 3418 4883 οὐκ
3438 4829 3764 4900 ηύδόκησας,

2195 4929 2317 4980 τότε
2339 4922 2514 4988 εἷπον,
2552 4924 2682 4977 Ἰδοὺ
2710 4923 2848 4993 ἥκω·
2873 4923 2930 4975 ἐν
2957 4922 3205 4992 κεφαλίδι
3227 4922 3430 4992 βιϐλίου
3457 4922 3764 4992 γέγραπται

2194 5008 2324 5079 περὶ
2336 5009 2488 5081 ἐμοῦ,
2511 4998 2607 5068 τοῦ
2621 5002 2863 5083 τῖοιῆσαι,
2887 5012 2915 5065 6
2930 5012 3083 5077 Θεὸς,
3103 5013 3164 5066 τὸ
3183 5012 3397 5084 θέλημά
3417 5029 3530 5065 σου.
3548 5013 3764 5082 »Ἀμω-

2198 5122 2302 5174 μον
2327 5105 2430 5172 γὰρ
2467 5101 2653 5176 ὥσπερ
2692 5099 2886 5175 ἱερεῖον
2915 5105 3105 5160 ἑαυτὸν
3135 5105 3274 5177 ὑπὲρ
3303 5105 3459 5176 ἡμῶν
3490 5103 3709 5165 ἀναθεὶς
3737 5101 3765 5151 6

2199 5194 2346 5257 Υἱὸς,
2392 5193 2587 5266 ὲστησε
2620 5196 2691 5250 τὰ
2739 5197 2797 5250 ὲν
2825 5197 2997 5269 νόμῳ,
3054 5196 3324 5269 περιελεῖν
3374 5195 3650 5265 ἁμαρτίας
3703 5191 3760 5257 οὐ

2196 5283 2500 5356 δυνάμεναο
2546 5285 2705 5350 τέλος
2754 5287 2864 5358 γὰρ
2904 5288 3071 5360 νόμου
3116 5288 3210 5343 καὶ
3226 5287 3535 5358 ’προφητῶν
3571 5287 3600 5339 ὁ
3633 5285 3763 5354 Χρι-

2194 5374 2338 5439 στός.

2262 5469 2467 5524 ΠΑΛΛ.
2514 5463 2587 5524 Εῦ
2621 5470 2776 5541 ἔφης.

590 5644 965 5712 ¹⁸1ιρνὶι.ι·11,
1000 5648 1060 5703 l6
1098 5614 1187 5705 is.
1255 5650 1466 5705 “ibid.
1516 5650 1594 5703 ιε.
1675 5655 1716 5683 ετ
1756 5652 2089 5723 Philippm,

2273 5650 2316 5681 ’⁸
2344 5648 2516 5704 Calai.
2550 5666 2603 5717 ν,
2636 5650 2687 5702 2.
2768 5652 2810 5681 ²¹¹
2856 5649 2994 5707 Psal.
3047 5664 3222 5716 XXXIX,
3262 5647 3374 5704 7-9.
