3962 6296
494 255 597 311 703

1502 253 1557 308 S.
1596 251 1872 308 CYBILLI
1913 249 2386 304 ALEXANDRINI
2426 248 2748 306 ARCHlEP.

3656 246 3765 303 τρι

490 369 721 424 matrem
753 380 877 421 cum
924 363 1052 421 ﬁliis
1101 364 1296 419 eodem
1320 363 1430 429 die,
1467 364 1728 434 quidnam
1763 361 2076 434 significat?

2187 360 2285 414 δεῖν
2318 359 2532 432 μητέρα
2563 362 2674 425 τοῖς
2708 358 2919 421 τέκνοις
2970 356 3027 410 ἐν
3079 355 3261 428 ήμέρᾳ
3310 356 3432 427 μιᾷ,
3472 356 3525 409 τί
3562 357 3629 410 ἂν
3672 358 3764 429 εἴη

554 548 712 605 CYR.
739 548 877 605 Cum
894 564 979 614 ea,
1003 565 1125 620 qua:
1147 550 1215 604 ad
1247 548 1527 605 Christum
1539 548 1911 619 pertinebant,
1934 547 2075 616 opti-

490 656 579 696 me
599 640 998 705 constituisset,
1025 656 1089 696 ac
1109 639 1524 711 perfectionem,
1546 656 1668 710 quae
1682 655 1781 710 per
1795 639 1950 693 illum
1975 637 2074 692 tri-

491 731 704 797 buitur,
728 731 1134 802 elegantissime
1156 731 1501 802 praedixisset
1526 770 1541 796 ,
1571 730 1736 802 3m
1767 746 1878 785 non
1921 729 2077 800 igno-

492 822 650 887 ravit,
689 830 881 892 utpote
907 838 1033 878 cum
1062 824 1210 878 Deus
1233 832 1401 888 esset,
1433 822 1751 878 Judaeorum
1782 827 2075 876 contuma-

489 913 629 967 ciam
650 922 705 967 et
723 913 1044 967 effrenatam
1056 912 1363 976 audaciam,
1386 912 1458 966 oh
1471 926 1703 981 eamque
1720 924 1941 966 causam
1953 923 2077 978 per-

489 1001 701 1057 dendos
733 1016 853 1056 esse
880 1000 1175 1066 Israelitas,
1208 1009 1269 1055 ut
1297 1001 1391 1070 qui
1415 999 1792 1063 Dominicidre,
1814 1005 1871 1052 et
1897 998 1953 1051 in
1978 996 2075 1050 Dei

490 1091 688 1146 Filium
716 1091 1030 1146 immaniter
1059 1090 1445 1146 contumeliosi
1467 1089 1719 1153 fuissent,
1750 1104 1864 1142 non
1889 1097 2075 1141 tamen

384 1230 393 1240 .
488 1183 792 1238 Jerusalem
819 1182 1067 1237 funditus
1089 1182 1418 1252 perituram,
1445 1180 1542 1236 sed
1565 1179 1696 1234 ﬁliis
1718 1179 1909 1234 orbam
1933 1178 2073 1242 fore,

491 1272 745 1327 ultimum
793 1279 1211 1341 extremumque
1254 1279 1472 1341 tempus
1510 1275 1940 1341 exspectantem,
1964 1284 2076 1337 quo

488 1364 654 1419 etiam
684 1363 800 1433 ipsa
834 1364 982 1418 salva
998 1362 1110 1426 fiet,
1140 1369 1338 1432 acpost
1358 1369 1548 1433 gentes
1580 1367 1852 1415 accurret.
1886 1358 2075 1413 Posita

487 1456 633 1511 enim
678 1455 734 1509 in
776 1454 1023 1518 dorsum,
1063 1454 1117 1508 id
1150 1460 1236 1509 est
1272 1453 1622 1524 retro,juxta
1648 1450 1943 1507 Psallentis
1974 1465 2072 1504 vo-

488 1562 606 1601 cem
626 1563 671 1598 :r
700 1544 966 1612 Quoniam
990 1560 1160 1615 pones
1176 1559 1271 1600 eos
1287 1544 1511 1598 dorsum
1524 1543 1567 1574 “
1594 1560 1609 1609 ;
1636 1562 1654 1594 ι
1674 1542 1853 1597 omnis
1870 1541 2074 1611 quippe

490 1637 653 1716 Israel
671 1638 852 1693 salvus
864 1636 957 1693 fiet
969 1637 1037 1703 ³⁷,
1055 1645 1411 1708 posteaquam
1428 1650 1560 1706 grex
1575 1633 1819 1705 gentium
1836 1633 1889 1686 in
1909 1632 2076 1686 ovilla

487 1744 548 1783 se
579 1728 767 1784 divina
793 1728 1082 1798 receperit.
1104 1727 1224 1783 Non
1249 1727 1419 1797 igitur
1441 1732 1693 1779 extremo
1716 1722 1937 1778 excidio
1964 1723 2068 1779 de-

489 1821 592 1875 leri
625 1821 711 1875 lex
736 1819 1035 1890 permittit,
1075 1817 1439 1889 praedicitque
1478 1815 1810 1886 supplicium
1843 1813 1911 1869 de
1932 1829 2067 1869 con-

490 1911 797 1966 tumacibus
820 1910 1150 1967 sumendum
1192 1924 1332 1975 esse,
1366 1907 1657 1963 clementia
1683 1914 2065 1977 temperatum.

490 2001 660 2057 Simul
684 2002 870 2066 etiam,
905 2002 1197 2071 utopinor,
1227 2000 1285 2054 in
1308 2015 1373 2055 ea
1401 2014 1461 2054 re
1481 2006 1743 2068 tanquam
1758 1997 2069 2067 exemplum

488 2093 762 2163 quoddam
819 2092 1149 2164 cognitionis
1188 2090 1513 2147 necessaria:
1542 2089 1845 2153 describit;
1892 2103 2072 2158 neque

487 2183 636 2239 enim
666 2199 769 2263 res.
788 2200 980 2240 omnes
1017 2185 1296 2239 intereunt
1319 2184 1376 2238 in
1418 2182 1680 2247 nihilum,
1719 2195 1873 2236 mero
1905 2180 2074 2236 exitio

490 2282 744 2347 tanquam
766 2292 907 2332 saevo
928 2276 1151 2330 domino
1170 2275 1451 2345 subjectae,
1481 2273 1579 2329 sed
1608 2281 1937 2343 permanent
1958 2273 2075 2328 vel-

488 2368 566 2422 uti
599 2367 1044 2423 successionibus
1076 2365 1435 2437 quibusdam,
1463 2371 1520 2419 et
1566 2363 1674 2417 hoc
1699 2362 1757 2417 in
1785 2362 1900 2427 illo,
1937 2362 2073 2417 illud

489 2473 679 2514 rursus
702 2460 757 2513 in
778 2458 884 2514 hoc
915 2465 1189 2521 servatur,
1237 2462 1527 2527 propterea
1568 2452 1717 2525 quod
1745 2469 1874 2509 suas
1915 2468 2073 2509 crea-

488 2558 638 2607 turas
663 2566 760 2622 per
789 2565 991 2620 genera
1023 2564 1087 2603 ac
1112 2548 1326 2619 species
1372 2545 1623 2601 funditus
1680 2545 1909 2600 interire
1962 2561 2073 2600 non

487 2643 692 2712 patitur
723 2642 886 2696 Deus.
928 2660 947 2691 ι
995 2639 1215 2696 Creavit
1242 2639 1415 2704 enim,
1469 2646 1532 2693 ut
1573 2645 1760 2693 essent
1783 2636 1990 2701 omnia,
2020 2643 2076 2691 et

488 2731 758 2787 salutares
770 2731 1150 2803 generationes
1172 2729 1396 2794 mundi,
1427 2748 1445 2781 ι
1469 2729 1612 2784 sicut
1626 2729 1892 2800 scriptum
1908 2738 1990 2785 est
2008 2729 2073 2782 ³⁸.

485 2820 1085 2877 Convenientissimum
1155 2835 1331 2891 porro
1380 2827 1503 2875 erat
1536 2826 1599 2874 ut
1636 2819 1810 2875 iidem
1862 2834 2076 2874 sermo-

490 2927 587 2969 nes
632 2912 902 2984 ejusmodi
928 2926 1151 2982 quoque
1196 2927 1285 2967 res
1308 2912 1745 2982 prmnuntiarent
1767 2921 1935 2983 atque
1965 2911 2065 2967 de-

489 3006 779 3071 clararent,
811 3005 907 3075 qui
931 3005 1211 3060 Christum
1258 3004 1658 3075 praedicabant,
1686 3021 1786 3076 per
1828 3020 1995 3076 quem
2021 3016 2078 3059 et

489 3095 548 3151 in
571 3110 679 3166 quo
697 3111 817 3166 quae
850 3095 1131 3162 interiere,
1169 3106 1482 3164 servantur,
1509 3105 1566 3153 et
1604 3112 1728 3167 qua:
1754 3097 1949 3153 mortis
1979 3096 2077 3152 do-

489 3188 699 3244 minatu
715 3197 844 3244 sunt
867 3202 1150 3259 oppressa,
1189 3188 1553 3247 reflorescunt
1574 3190 1644 3245 ad
1675 3190 1847 3245 vitam
1891 3208 1905 3244 :
1948 3205 2075 3246 nam

490 3279 657 3351 stirps
700 3280 924 3337 humani
955 3282 1174 3354 generis
1230 3290 1289 3337 ut
1312 3283 1369 3337 in
1428 3280 1623 3346 Adam,
1677 3281 1850 3337 veluti
1900 3291 2079 3337 mater

490 3369 741 3440 quasdam
763 3372 1033 3429 exstincta
1057 3382 1180 3439 est;
1207 3373 1303 3443 qui
1353 3380 1536 3429 tamen
1557 3388 1626 3428 ex
1647 3372 1739 3428 illa
1771 3373 1880 3428 orti
1922 3381 2074 3438 sunt,

490 3460 548 3516 id
566 3469 673 3527 est,
700 3479 802 3520 nos
834 3463 1184 3521 refloruimus
1210 3463 1267 3519 in
1295 3463 1542 3529 Christo,
1576 3463 1633 3519 in
1657 3478 1837 3533 eoque
1853 3479 2066 3542 sumus,

490 3562 548 3610 et
577 3556 872 3621 salvamur,
908 3556 1200 3626 ipsumque
1237 3556 1410 3610 vitam
1436 3563 1495 3611 et
1518 3556 1751 3611 alteram
1803 3555 2076 3626 quodam-

492 3645 656 3701 modo
686 3647 913 3716 stirpem
934 3646 1110 3701 nostri
1130 3646 1351 3717 generis
1377 3646 1667 3702 habemus.
1713 3647 1719 3652 “

563 3735 758 3791 PALL.
817 3735 1084 3789 Praaclara
1147 3748 1279 3789 sane
1344 3736 1429 3790 et‘
1467 3736 1711 3805 expolita
1777 3735 2078 3792 admodum

493 3826 689 3883 oratio.

543 3913 701 3970 CYR.
716 3911 908 3983 Operae
920 3914 1159 3984 pretium
1174 3928 1328 3980 vero,
1345 3913 1572 3979 Palladi,
1592 3923 1677 3970 est
1696 3915 1764 3970 iis
1794 3930 1917 3985 qua:
1934 3915 2079 3972 dicta

496 4013 626 4061 sunt
665 4004 832 4060 etiam
872 4005 1008 4060 illud
1054 4005 1388 4079 adjungere:
1441 4024 1460 4058 ε
1511 4006 1631 4061 Non
1660 4006 1937 4077 plantabis
1978 4008 2079 4063 tibi

497 4096 602 4167 ipsi
634 4110 851 4162 nemus,
885 4111 1047 4152 omne
1067 4097 1277 4168 lignum
1301 4112 1472 4167 prope
1506 4096 1681 4152 altare
1713 4097 1927 4152 Domini
1982 4098 2080 4155 Dei

500 4188 601 4254 tui,
641 4204 752 4244 non
784 4188 951 4245 facies
974 4188 1075 4244 tibi
1107 4196 1272 4259 atque
1302 4189 1609 4245 constitues
1652 4196 1922 4256 statuam;
1957 4206 2081 4260 quae

499 4281 616 4336 odit
637 4281 900 4336 Dominus
921 4283 1067 4337 Deus
1096 4291 1225 4337 tuus
1246 4282 1312 4336 ²⁹.
1344 4302 1362 4334 ι
1391 4281 1528 4337 Vide
1561 4281 1712 4336 enim
1738 4290 1799 4336 ut
1830 4282 2081 4339 veritatis

2178 469 2339 505 παΑιν
2361 467 2376 514 ;

2245 542 2409 595 ΚΥΡ.
2445 540 2834 613 Νομοθετήσας
2873 533 2933 592 εὖ
2972 536 3117 607 μάλα
3156 535 3226 588 τά
3258 536 3350 588 ἐπὶ
3380 536 3625 607 Χριστῷ,
3666 538 3765 592 καὶ

2174 631 2275 703 τὴν
2319 632 2387 686 δι’
2432 631 2598 687 αὑτοῦ
2653 630 2931 684 τελείωσιν
2977 629 3452 700 προαναφωνήσας
3498 628 3763 693 ἀστείως,

2175 724 2276 777 οὐκ
2315 724 2603 794 ἠγνόησεν,
2646 721 2722 785 ὡς
2760 721 2914 784 Θεὸς,
2960 719 3071 775 τῶν
3115 718 3385 774 Ἰουδαίων
3407 719 3468 772 τὸ
3513 719 3762 785 ἀπειθὲς,

2178 814 2405 885 καὶτῆς
2459 812 2815 885 Ἰερουσαλὴμ
2861 811 2924 866 τὸ
2970 811 3240 883 δυσήνιον,
3289 811 3384 863 καὶ
3428 810 3511 864 ὅτι
3553 810 3765 880 ταύτης

2176 905 2341 959 ἓνεκα
2366 904 2466 974 τῆς
2496 904 2697 968 αἰτίας,
2729 902 3212 974 ὀλοθρευθήσονται
3247 901 3345 973 μὲν
3376 901 3451 965 ὡς
3476 904 3766 973 κυριοκτό-

2176 1014 2279 1062 νοι,
2326 997 2419 1049 καὶ
2447 996 2654 1066 ἀγρίως
2701 993 3160 1066 πεπαρῳνηκότες
3203 994 3283 1056 εἰς
3315 992 3405 1046 τὸν
3447 992 3576 1046 Υίὸν
3614 995 3665 1046 οἱ
3703 994 3766 1058 ἐξ

2191 1088 2428 1160 Ἰσραὴλ,
2477 1088 2614 1160 πλὴν
2662 1088 2763 1141 οὐκ
2831 1087 3062 1140 εἰσάπαν
3102 1085 3345 1157 ὁλόριζος
3405 1084 3765 1155 Ἰερουσαλὴμ

2176 1180 2477 1250 οἰχήσεται,
2505 1179 2656 1248 μενεῖ
2684 1177 2742 1231 δέ
2764 1176 2955 1248 ὥσπερ
2978 1175 3182 1248 ἔρημος
3205 1176 3433 1239 τέκνων,
3457 1175 3549 1228 τὸν
3571 1174 3763 1228 τελευ-

2177 1273 2326 1324 ταῖον
2355 1269 2451 1323 καὶ
2496 1271 2553 1322 ἐν
2593 1269 2845 1339 ἐσχάτοις
2876 1268 3245 1341 περιμένουσα
3281 1266 3493 1336 καιρὸν,
3546 1266 3670 1319 καθ’
3701 1265 3764 1318 ὃν

2177 1362 2273 1415 καὶ
2312 1361 2450 1433 αὐτὴ
2494 1361 2795 1432 σωθήσεται
2845 1361 3075 1416 κατόπιν
3109 1359 3378 1430 τρέχουσα
3410 1358 3518 1412 τῶν
3565 1357 3761 1411 ἐθνῶν·

2178 1454 2413 1507 τέθειται
2443 1454 2555 1526 γὰρ
2581 1456 2661 1518 είς
2690 1454 2881 1519 νῶτον,
2904 1452 3049 1507 τοῦτ’
3072 1451 3240 1520 ἐστιν,
3271 1451 3468 1514 ὀπίσω,
3497 1451 3637 1504 κατά
3660 1450 3764 1519 τὴν

2177 1546 2272 1600 τοῦ
2297 1546 2606 1610 Ψάλλοντος
2627 1546 2832 1618 φωνὴν,
2872 1568 2892 1597 ι
2936 1546 3060 1599 Ὅτι
3093 1543 3247 1615 θήσει
3270 1545 3468 1605 αὐτοὺς
3496 1533 3665 1595 νῶτον
3685 1559 3696 1569 ·
3736 1561 3759 1592 r

2180 1639 2289 1703 πᾶς
2329 1639 2437 1711 γὰρ
2503 1638 2720 1711 Ἰσραὴλ
2770 1638 3096 1709 σωθήσεται,
3138 1638 3240 1708 τῆς
3262 1636 3324 1703 ἐξ
3347 1636 3518 1691 ἐθνῶν
3555 1636 3762 1706 ἀγέλης

2106 1708 2283 1795 Βτοῖς
2330 1708 2496 1794 θείοις
2539 1708 2730 1802 σηκοῖς
2782 1708 3308 1801 προενηυλισμένης.
3367 1726 3485 1783 Οὐκ
3539 1729 3607 1800 ἐᾷ
3649 1745 3762 1781 τοι·

2172 1819 2377 1892 γαροῦν
2409 1820 2439 1873 ὁ
2464 1820 2627 1890 νόμος
2672 1818 2770 1892 τὴν
2799 1819 2875 1880 ὡς
2903 1820 2962 1872 ἐν
2993 1818 3197 1889 ἐσχάτῃ
3226 1817 3572 1888 πανωλεθρίᾳ
3597 1818 3761 1886 γενέ-

2175 1914 2301 1969 σθαι
2332 1913 2557 1986 φθορὰν,
2593 1913 2893 1986 ήμερότητι
2923 1912 3373 1984 συγκεκραμένην
3400 1910 3498 1981 τὴν
3520 1910 3616 1964 ἐπὶ
3645 1910 3761 1972 τοῖς

2172 2007 2504 2078 ἀπειθήσασι
2527 2006 2946 2077 προαναφαίνων
2970 2004 3160 2076 ὀργὴν,
3190 2005 3246 2058 ἐν
3268 2002 3450 2074 ταύτῷ
3498 2003 3575 2067 δὲ,
3605 1997 3764 2073 οἶμαι

2173 2098 2361 2151 τύπων
2387 2095 2576 2168 ῶσπερ
2610 2096 2733 2150 τι.νά
2771 2096 2831 2149 τὸ
2859 2096 3047 2168 χρῆμα
3085 2094 3256 2159 τιθεὶς
3300 2094 3556 2166 είδήσεως
3578 2092 3755 2161 ἀναγ-

2175 2191 2359 2255 καίας.
2388 2190 2632 2244 ’Ἠκιστα
2672 2189 2770 2259 μὲν
2813 2189 2924 2260 γὰρ
2951 2188 3233 2259 οἰχήσεται
3261 2186 3330 2239 τά
3375 2185 3503 2239 ὄντα
3529 2184 3667 2256 πρὸς
3698 2184 3761 2237 τὸ

2178 2283 2344 2355 μηδὲν
2397 2282 2620 2354 ἀκράτῳ
2670 2280 2848 2356 φθορᾷ
2904 2279 3334 2353 τυραννούμενα,
3397 2278 3646 2348 διαμενεῖ
3700 2276 3757 2329 δὲ

2176 2375 2364 2445 ῶσπερ
2388 2378 2509 2431 ταῖς
2529 2374 2798 2445 διαδοχαῖς
2821 2372 2979 2426 τοῦτο
3004 2373 3060 2426 ἐν
3086 2372 3303 2442 ἐκείνῳ,
3334 2371 3552 2424 κάκεῖνο
3585 2369 3751 2439 τυχὸν

2177 2468 2236 2519 ἐν
2267 2465 2441 2536 τούτῳ
2468 2464 2772 2532 σωζόμενα,
2802 2463 2943 2517 κατά
2971 2478 3034 2532 γε
3061 2463 3122 2515 τὸ
3152 2460 3467 2532 συγγενὲςῆ
3495 2460 3759 2533 ὁμοειδὲς,

2176 2556 2267 2609 τὸν
2309 2555 2543 2609 είσάπαν
2595 2553 2819 2626 ὄλεθρον
2865 2552 2974 2606 τῶν
3015 2542 3161 2605 ἰδίων
3194 2549 3510 2620 κτισμάτων
3562 2551 3764 2603 ἀποσο-

2177 2647 2398 2711 ϐοῦντος
2444 2644 2540 2700 τοῦ
2586 2644 2743 2700 Θεοῦ.
2784 2663 2803 2697 ι
2844 2644 3067 2698 Ἔκτισε
3112 2641 3223 2714 γάρ
3254 2643 3333 2706 εἰς
3386 2640 3448 2695 τὺ
3505 2637 3648 2696 εἶναι
3691 2640 3762 2694 τά

2178 2737 2357 2791 πάντα
2399 2734 2493 2789 καὶ
2523 2735 2776 2806 σωτήριοι
2802 2735 2856 2787 αἱ
2882 2732 3123 2802 γενέσεις
3158 2730 3252 2785 τοῦ
3279 2730 3509 2815 κόσμου,
3560 2749 3579 2782 ι
3617 2729 3763 2785 κατά

2177 2829 2240 2883 τὸ
2291 2827 2701 2900 γεγραμμένον.
2755 2825 3003 2895 Ἔπρεπε
3034 2824 3091 2878 δὲ
3139 2823 3234 2878 καὶ
3299 2823 3408 2881 τῶν
3435 2822 3692 2877 τοιούτων
3726 2825 3761 2893 ή

2181 2925 2603 2992 προαγόρευσις,
2649 2918 2745 2972 καὶ
2792 2917 2901 2988 μὴν
2953 2916 3048 2969 καὶ
3085 2916 3119 2986 ἡ
3175 2915 3428 2986 δήλωσις,
3473 2913 3581 2966 τῶν
3632 2913 3765 2984 περὶ

2179 3008 2417 3082 Χριστοῦ
2451 3008 2644 3076 λόγων,
2677 3007 2744 3061 δι’
2782 3006 2841 3059 ὃν
2871 3005 2961 3061 καὶ
2987 3007 3045 3059 ἐν
3072 2997 3117 3073 ᾧ
3137 3005 3205 3059 τὰ
3232 3003 3549 3077 ἐφθαρμένα
3585 3003 3763 3067 σώζε-

2182 3120 2295 3164 ται,
2342 3099 2437 3154 καὶ
2471 3099 2534 3152 τὸ
2572 3098 2788 3176 θανάτῳ
2839 3096 3268 3168 τυραννούμενον
3316 3094 3642 3167 ἀνα-τέθηλεν
3680 3097 3764 3159 είς

2184 3192 2352 3264 ζωὴν,
2397 3189 2751 3261 τετελεύτηκε
2797 3189 2896 3260 μὲν
2928 3187 3037 3260 γάρ
3071 3191 3105 3259 ή
3135 3188 3263 3259 ῥίζα
3292 3185 3387 3240 τοῦ
3418 3184 3760 3257 ἀνθρωπείου

2182 3284 2375 3354 γένους
2405 3276 2495 3336 οἶά
2513 3299 2597 3344 τις
2627 3282 2829 3353 μήτηρ,
2855 3282 2930 3344 ὼς
2951 3282 3010 3334 ἐν
3040 3278 3232 3350 ’Δδάμ,
3254 3277 3394 3349 πλὴν
3414 3279 3463 3330 οἱ
3485 3277 3545 3340 ἐξ
3565 3276 3761 3345 αὐτῆς,

2183 3373 2326 3428 τοῦτ’
2351 3373 2517 3440 ἔστιν,
2543 3374 2726 3444 ἡμεῖς,
2756 3370 3116 3442 ἀνεθάλλομεν
3142 3371 3201 3424 ἐν
3223 3368 3441 3441 Χριστῷ
3469 3368 3564 3422 καὶ
3593 3366 3765 3437 ἐσμὲν

2185 3466 2282 3519 καί
2316 3463 2625 3535 σωζόμεθα,
2660 3462 2806 3534 ζωὴν
2832 3461 3046 3534 ἔχοντες
3076 3459 3238 3516 αὑτὸν
3263 3459 3358 3515 καὶ
3384 3457 3540 3530 ῥίζαν
3573 3456 3765 3529 ὥσπερ
3866 3488 3875 3501 ι

2183 3559 2279 3613 τοῦ
2310 3558 2499 3627 γένους
2525 3554 2803 3627 δευτέραν.

2256 3737 2465 3793 ΠΑΛΛ.
2520 3736 2609 3801 Ὠς
2651 3730 2713 3789 εὖ
2756 3749 2821 3804 γε
2864 3730 2930 3803 δὴ
2978 3728 3073 3785 καὶ
3111 3729 3256 3802 μάλα
3301 3728 3687 3799 ἀπεζεσμένως
3734 3728 3765 3781 ὁ

2184 3831 2341 3899 λόγος
2358 3829 2510 3904 νέχει.

2259 3921 2425 3993 KH}.
2477 3919 2659 3986 Ἀξιον
2713 3916 2790 3983 δὲ,
2847 3907 2893 3970 ὦ
2941 3914 3227 3979 Παλλάδιε,
3298 3914 3409 3977 τοῖς
3452 3910 3765 3984 εἰρημένοις

2186 4014 2522 4083 ἐπενεγκεῖν,
2565 4010 2649 4065 τό·
2688 4027 2708 4061 ι
2749 4009 2825 4063 Οὐ
2856 4007 3145 4080 φυτεύσεις
3185 4004 3396 4076 σεαυτῷ
3438 4005 3619 4068 ἄλσος*
3655 4005 3765 4057 πᾶν

2188 4108 2343 4174 ξύλον
2376 4104 2528 4176 παρὰ
2560 4103 2621 4157 τὸ
2660 4101 3045 4174 θυσιαστήριον
3084 4099 3290 4171 Κυρίου
3321 4097 3415 4151 τοῦ
3464 4096 3597 4150 Θεοῦ
3642 4114 3762 4163 σου,

2185 4200 2245 4254 οὺ
2298 4196 2543 4267 ποιήσεις
2581 4192 2816 4265 σεαυτῷ,
2855 4193 2916 4246 οὐ
2953 4192 3169 4262 στήσεις
3212 4188 3424 4258 σεαυτῷ
3462 4188 3688 4258 στήλην,
3729 4188 3766 4242 ἃ

2186 4290 2414 4361 ἐμίσησε
2445 4285 2651 4357 Κύριος
2676 4284 2704 4337 ὁ
2731 4284 2864 4349 Θεός
2892 4301 3008 4339 σου.
3049 4302 3068 4334 ι
3105 4281 3213 4337 Θέα
3247 4281 3352 4354 γάρ
3375 4280 3520 4342 ὅπως
3549 4278 3769 4331 εἰδωλο-

501 4372 844 4427 adoratorem
872 4374 941 4428 ab
982 4373 1132 4428 omni
1164 4388 1356 4428 errore
1400 4373 1676 4429 idolorum
1705 4389 1936 4444 prorsus
1985 4375 2076 4431 ab-

2188 4385 2433 4460 πρεποῦς
2453 4385 2669 4455 ἀπάτης
2685 4380 2940 4447 ἐξοικίζει
2958 4378 3233 4442 παντελῶς
3258 4377 3349 4431 τὸν
3377 4375 3478 4447 τῆς
3501 4374 3765 4445 ἀληθείας

501 4461 685 4528 ducat,
720 4478 844 4518 cum
872 4464 1159 4534 gentilium
1187 4463 1404 4535 legibus
1424 4464 1504 4519 uti
1525 4464 1752 4520 minime
1775 4464 2077 4536 permittat,

501 4563 559 4610 ct
578 4555 796 4611 illorum
840 4571 1021 4611 mores
1057 4556 1297 4627 abjicere
1333 4557 1635 4629 przecipiat,
1678 4558 1895 4615 etiamsi
1945 4560 2083 4616 nihil

502 4645 826 4703 offensionis
850 4645 1082 4702 fortasse
1104 4646 1366 4716 habeant,
1407 4648 1453 4704 si
1485 4657 1798 4703 serventur.

576 4832 772 4918 Ρᾼιι.
815 4833 988 4901 Quale
1023 4833 1244 4890 tandem
1270 4835 1416 4892 istud
1439 4845 1545 4901 est,
1569 4836 1716 4907 quod
1750 4835 1890 4892 dicis
1917 4838 1941 4891 ?

559 4924 718 4982 CYR.
736 4925 1182 4990 Gentiles,sicubi
1209 4926 1406 4982 densas
1425 4926 1672 4991 arbores,
1695 4926 1853 4999 361
1881 4928 2090 4984 lucum-

505 5030 613 5085 que
637 5022 811 5070 totum
835 5015 1053 5073 abunde
1080 5031 1316 5087 opacum
1340 5017 1841 5088 deprehenderant,
1868 5018 1944 5073 ibi
1967 5034 2092 5074 aras

506 5104 577 5164 ad
601 5104 908 5160 daemonum
960 5106 1229 5163 sacriﬁcia
1265 5108 1651 5163 exstruebant:
1686 5106 1898 5163 scilicet
1950 5122 2091 5177 opus

505 5204 628 5251 erat
642 5195 1038 5253 daemoniorum
1055 5198 1167 5254 aris
1191 5205 1450 5268 tanquam
1470 5198 1876 5261 aberrationem
1892 5213 2087 5267 quam-

508 5287 634 5343 dam
652 5287 821 5343 animi
843 5304 908 5344 ac
920 5291 1208 5346 saeculares
1220 5291 1617 5346 oblectationes
1639 5289 1927 5359 adjunctas
1947 5305 2089 5356 esse;

508 5393 635 5434 nam
654 5378 864 5436 falsitas
882 5380 999 5451 ipsa
1022 5395 1122 5450 per
1150 5396 1209 5437 se
1226 5381 1445 5437 infirma
1466 5390 1585 5448 est;
1613 5379 1880 5436 adhibitis
1904 5388 2090 5435 autem

506 5470 855 5527 extrinsecus
874 5485 1120 5540 persaepe
1144 5470 1306 5535 fucis,
1369 5481 1622 5536 ornatur,
1646 5478 1707 5525 ut
1745 5480 1936 5541 turpes
1973 5487 2092 5526 mu-

2184 4475 2595 4551 προσκυνητὴν,
2641 4474 2844 4544 ἥκιστα
2896 4470 2996 4540 μὲν
3065 4471 3262 4539 ἐφιεὶς,
3311 4468 3424 4529 τοῖς
3495 4465 3766 4535 Ἐλλήνων

2182 4566 2593 4641 ἀποηχρῆσθαι
2632 4566 2848 4635 νόμοις,
2885 4560 3239 4616 ἀποσείεσθαι
3283 4557 3340 4612 δέ
3378 4557 3487 4611 δεῖν
3527 4554 3597 4609 τά
3636 4556 3767 4623 παρ’

2184 4665 2413 4727 ἐκείνοις
2439 4661 2536 4731 έθη
2567 4655 2916 4730 παρεγγυῶν,
2953 4653 3056 4708 κᾶν
3084 4654 3131 4707 εί
3164 4652 3328 4725 μηδὲν
3369 4649 3542 4721 ἔχοιεν
3578 4647 3641 4701 τὸ
3678 4649 3768 4701 λυ-

2186 4755 2343 4819 ποῦν,
2375 4754 2469 4809 καὶ
2496 4754 2546 4806 εί
2573 4750 2811 4820 γένοιντο
2843 4747 3025 4819 τυχόν.

2259 4848 2471 4901 ΠΑΔΛ.
2512 4839 2637 4899 Οἷόν
2674 4859 2727 4895 τι
2754 4842 2894 4912 φήςς

2257 4935 2423 4991 ΚΥΡ.
2465 4933 2548 4988 Τά
2572 4931 2936 5004 εὐερνέστατα
2958 4928 3066 4982 τῶν
3093 4927 3281 4998 φυτῶν
3305 4924 3484 4980 πάντα
3507 4943 3567 4979 τε
3600 4926 3773 4997 ἀμφι-

2187 5025 2373 5095 λαφῶς
2408 5021 2665 5094 κομῶντα
2689 5018 2894 5091 δρυμὸν
2937 5014 3451 5085 καταλαμϐάνοντες
3485 5014 3769 5084 Ἕλληνες,

2191 5115 2406 5186 βωμοὺς
2428 5111 2524 5165 καὶ
2540 5109 2730 5172 θυσίας
2754 5110 2867 5171 τοῖς
2889 5106 3185 5177 δαιμονίοις
3207 5104 3618 5158 ἴστασαν.“Εδει
3639 5105 3769 5175 γὰρ,

2189 5204 2297 5257 ἔδει
2341 5203 2455 5264 τοῖς
2499 5198 2608 5252 τῶν
2654 5195 2946 5265 δαιμονίων
2995 5194 3199 5265 βωμοῖς
3242 5192 3527 5263 ἀποφορὰν
3580 5192 3773 5261 ῶσπερ

2191 5295 2306 5359 νοῦ,
2337 5292 2457 5347 καὶ.
2480 5290 2585 5362 μὴν
2616 5288 2712 5343 καὶ¹
2740 5287 2962 5359 τέρψεις
3001 5283 3435 5355 παραπεπῆχθαι
3476 5283 3770 5355 κοσμικὰς.

2193 5382 2359 5436 Νοσεῖ
2380 5381 2488 5450 γάρ
2506 5378 2567 5430 τὸ
2583 5376 2777 5447 ψεῦδος
2796 5368 3008 5429 οἴκοθεν
3037 5373 3136 5444 μὲν
3158 5372 3218 5426 τὸ
3248 5372 3468 5439 ἀναλκι,
3498 5372 3776 5426 κατακαλ-

2195 5471 2411 5525 λύνεται
2465 5468 2523 5522 δὲ
2579 5466 2840 5529 πολλάκις
2890 5466 3011 5528 τοῖς
3058 5464 3392 5534 εἰσποιητοῖς
3444 5464 3772 5535 ὡραῖσμοῖς,

630 5645 677 5677 ³⁸
708 5647 848 5702 Psal.
880 5663 968 5716 xx,
1006 5648 1084 5702 l5.
1166 5651 1208 5682 ³⁷
1237 5651 1394 5704 Rom.
1437 5666 1509 5716 x1,
1545 5651 1629 5705 26.
1712 5652 1755 5683 ³⁸
1780 5651 1904 5723 Sap.
1932 5666 1969 5718 ι,
2012 5651 2073 5705 Η

2187 5654 2215 5683 ’⁸
2245 5651 2401 5705 Deut.
2437 5664 2545 5714 rm,
2575 5646 2665 5714 ‘21,
2698 5646 2797 5703 22.
