3962 6296
227 312 324 369 Ἰθῦ

975 311 1063 366 DE
1099 308 1537 367 ADORATIONE
1579 311 1646 367 IN
1687 310 1955 368 SPIRITU
1987 312 2075 367 ET
2116 314 2484 374 VERITATE.
2526 319 2652 376 LIB.
2693 323 2772 378 ΚΣ

3380 288 3546 384 τοο.

230 425 466 496 καθάπερ
499 422 703 494 ἀμέλει
736 423 831 477 καὶ
868 421 972 475 τῶν
1010 421 1248 490 γυναίων
1281 420 1349 474 τά
1373 421 1605 493 ἄσεμνα.
1636 421 1680 473 Τ
1684 419 1729 492 ᾦ
1760 420 1816 474 δὲ

1926 425 2169 485 liercula:
2219 430 2417 484 solent.
2459 431 2600 486 Illud
2646 449 2814 503 porro
2855 434 3103 492 divinum
3162 440 3336 495 altare
3354 456 3481 497 cum

230 517 355 585 θείῳ
385 512 774 585 θυσιαστηρίῳ
820 511 899 583 τῷ
942 512 1040 583 τῆς
1080 510 1336 583 ἀληθείας
1364 510 1810 582 ἀπαστράπτοντι

234 604 430 666 κάλλει,
481 601 659 654 ποίων
720 601 829 653 ἔδει
890 598 998 652 τῶν
1058 598 1257 664 ἔξωθεν
1328 599 1810 669 ἐπικουρημάτων,

232 697 391 765 ᾔτουν
419 691 650 745 είκαίων
688 687 1020 761 ὡραῖαμῶνς
1052 689 1112 740 οὐ
1148 688 1254 759 γὰρ
1297 687 1386 741 διά
1427 687 1671 759 τέρψεως
1720 704 1808 741 κο-

234 784 429 855 σμικῆς
480 782 747 853 προσιτὸν
802 781 863 833 τὸ
912 780 1076 845 θεῖον,
1126 779 1248 833 οὐδὲ
1286 777 1557 851 ἀνειμένῳ
1611 779 1812 850 τρόπον

237 874 349 926 τινά
377 872 453 941 νῷ
485 872 582 925 καὶ
609 871 907 924 ἀνάπτοντι
939 869 1075 939 πρὸς
1107 868 1174 923 τά
1211 868 1468 938 σαρκικὰ,
1504 868 1619 923 ἀλλ’
1649 869 1725 932 ὡς
1755 870 1812 921 ἐν

235 962 475 1033 νηφούσῃ
507 960 719 1030 διανοίᾳ
747 961 841 1013 καὶ
867 958 1002 1012 πολῦ
1032 957 1167 1029 πρὸς
1195 957 1255 1010 τὸ
1284 956 1397 1010 ἄνω
1426 957 1695 1028 βλεπούση
1722 957 1815 1010 καὶ

232 1057 289 1109 ἐν
321 1055 598 1125 οὐρανοῖς.
634 1052 810 1123 Εἴπερ
840 1046 909 1121 ἦν
939 1049 1076 1114 ὅλως
1116 1047 1209 1101 καὶ
1240 1047 1347 1102 ὑπὸ
1385 1049 1604 1120 πρέμνα
1630 1048 1812 1120 τυχὸν,

234 1148 304 1210 ὡς
332 1147 397 1200 ὲκ
431 1144 779 1215 ταυτομάτου
827 1142 1049 1211 γεγονὸς
1083 1139 1225 1193 θεῖόν
1260 1157 1366 1193 που
1405 1139 1812 1212 θυσιαστήριον,

235 1236 489 1307 ἠδίκησεν
523 1234 590 1288 ἂν
617 1234 680 1288 τὸ
708 1233 897 1305 χρῆμα
922 1230 1076 1284 οὐδὲν
1103 1229 1194 1283 τὸν
1222 1230 1441 1301 ἀσφαλῆ
1472 1230 1566 1284 καὶ
1592 1232 1815 1301 γνήσιον

233 1323 324 1377 τοῦ
372 1324 630 1395 Σωτῆρος
674 1321 1093 1392 προαυνητὴν·
1132 1319 1320 1392 ἐπειδὴ
1368 1318 1427 1373 δέ
1485 1320 1635 1372 ἐστιν
1680 1318 1816 1382 ὅλως

247 1415 559 1485 Ἑλληνικὸν
587 1414 650 1467 τδ
668 1412 1031 1483 ἐπιτήδευμα,
1055 1410 1421 1483 παραιτητέον
1436 1411 1534 1482 τὴν
1562 1412 1814 1483 μίμησιν,

235 1506 437 1577 καὶτῆς
456 1504 749 1574 συνηθείας
766 1504 829 1557 τὸ
846 1501 1106 1574 ἐμφερὲς,
1125 1502 1378 1573 καθάπερ
1392 1502 1603 1572 ἀμέλει,
1622 1502 1701 1573 τῷ
1719 1503 1817 1575 μὲν

234 1595 412 1667 πιστῷ
441 1596 542 1650 καὶ
560 1594 817 1666 βεϐηκότι
840 1593 917 1666 νῷ
949 1593 1087 1664 πρὸς
1121 1592 1298 1664 ἀληθῆ
1329 1592 1555 1664 εἴδησιν,
1598 1593 1815 1647 εἴδωλον

236 1683 337 1755 μὲν
384 1682 542 1737 οὐδὲν
572 1682 630 1735 ἐν
661 1680 873 1755 κόσμῳ,
924 1681 1038 1735 ἀλλ’
1072 1680 1193 1735 οὐδὲ
1243 1681 1590 1736 εἰδωλόθυτόν
1642 1684 1812 1751 ἑστιν,

232 1772 435 1827 ἐσθίειν
456 1789 521 1842 γε
560 1772 665 1842 μὴν
690 1773 793 1826 οὐκ
824 1772 1035 1841 ἐφίεται
1064 1773 1486 1845 παρεγγυῶντος
1512 1774 1701 1845 ἑτέρου
1727 1775 1815 1830 διὰ

235 1866 332 1936 τὴν
355 1865 467 1920 τῶν
494 1864 899 1937 ἀσθενεστέρων
930 1866 1250 1936 συνείδησιν·
1297 1885 1316 1917 α
1352 1867 1470 1920 Ἵνα
1494 1867 1548 1920 τί
1580 1868 1688 1941 γάρ
1704 1867 1815 1937 ἐγὼ

236 1958 489 2029 κρίνομαι
516 1956 623 2010 ὑπὸ
648 1955 815 2025 άλλης
841 1957 1224 2028 συνειδήσεως;
1256 1957 1321 2011 Et
1349 1957 1462 2028 ἐγὼ
1480 1959 1664 2031 χάριτι
1688 1976 1816 2031 μετ-

240 2050 363 2120 έχω,
392 2050 448 2103 τί
479 2048 941 2120 βλασφημοῦμαι,
982 2048 1124 2121 ὑπὲρ
1157 2044 1220 2104 οῦ
1257 2050 1369 2120 ἐγὼ
1403 2051 1749 2122 εὐχαριστῶς
1788 2071 1806 2104 ι

242 2141 513 2212 εὐδοκιμεῖ
551 2140 840 2212 τοιγαροῦν
871 2138 933 2195 τὸ
964 2140 1152 2212 χρῆμα
1182 2141 1336 2213 παρά
1370 2142 1489 2215 Θεῷ
1518 2143 1581 2197 τὸ
1612 2160 1816 2214 παραιο

239 2235 444 2289 τείσθαί
470 2252 614 2305 φημι
640 2234 743 2306 τὴν
773 2234 910 2306 πρὸς
935 2233 1202 2306 Ἕλληνας
1237 2235 1536 2308 ίσουργίαν,
1567 2236 1644 2300 ὡς
1669 2236 1727 2290 εν
1755 2253 1817 2291 τε

236 2329 301 2398 τῇ
337 2327 448 2381 τῶν
477 2325 880 2399 θυσιαστηρίων
911 2324 1080 2391 θέσει,
1113 2326 1207 2381 καὶ
1254 2327 1315 2382 ἑν
1349 2329 1465 2391 τοῖς
1513 2327 1643 2399 περὶ
1678 2327 1816 2399 θρη-

241 2416 425 2480 σκείας
459 2415 606 2470 ἔθεσί
636 2433 698 2470 τε
725 2416 821 2470 καὶ
845 2415 1087 2488 τρόποις.

305 2505 518 2560 ΠΑΑΑ.
559 2504 846 2577 Σύμφημι.

304 2595 472 2648 KTP.
512 2593 589 2649 Τὸ
637 2593 695 2648 δὲ
740 2594 807 2665 δὴ
850 2594 1048 2668 χρῆναι
1102 2597 1474 2669 καρποφορεῖν
1521 2596 1602 2660 είς
1659 2594 1817 2662 δόξαν

233 2687 391 2752 θεοῦ,
447 2687 547 2742 καὶ
597 2686 674 2761 μὴ
718 2687 883 2753 κενάς
914 2692 1102 2761 χεῖρας
1135 2688 1360 2761 ἔχοντας
1400 2690 1481 2753 είς
1521 2688 1625 2761 τὴν
1657 2688 1818 2758 ἁγίαν

234 2779 371 2833 ίέναι
420 2778 648 2850 σκηνὴν,
697 2778 942 2849 διεσάφει
994 2780 1161 2836 πάλιν
1214 2781 1350 2853 ἡμῖν
1392 2780 1457 2835 τδ
1488 2780 1727 2852 Γράμμα
1755 2781 1819 2834 τὸ

240 2870 414 2942 ἱερὸν,
442 2871 502 2923 ὲν
531 2871 645 2935 τοῖς
687 2868 966 2942 ’Δριθμοῖς
992 2870 1167 2934 οὕτως
1200 2870 1343 2941 ἔχον
1388 2887 1409 2923 ‹
1438 2869 1549 2926 Kal
1576 2869 1816 2938 ἐγένετο,

1911 522 2281 592 pulcherrima
2350 523 2600 579 veritatis
2668 526 2851 596 specie
2903 528 3176 600 fulgeret,
3228 548 3483 602 quaenam

1911 612 2223 667 extrinseca
2252 613 2590 685 adjumenta,
2610 623 2705 669 aut
2725 631 2862 671 vana
2884 626 3205 674 ornamenta
3232 621 3484 690 require—

1913 704 2040 757 ret?
2068 720 2247 774 neque
2280 705 2427 760 enim
2461 721 2558 775 per
2581 706 2864 762 saecularia
2925 708 3322 766 oblectamenta
3363 712 3483 767 adi-

1908 802 2000 849 tur
2022 794 2090 849 ad
2136 795 2331 859 Deum,
2379 812 2557 866 neque
2594 798 2775 852 soluto
2807 799 3149 869 remissoque
3189 800 3391 864 animo,
3429 812 3487 857 et

1918 885 1987 940 ad
2007 887 2256 941 carnales
2278 887 2588 957 voluptates
2610 889 2855 960 projecto
2887 896 3051 959 atque
3080 890 3363 959 resupino,
3389 891 3485 945 sed

1912 977 2159 1048 vigilanti
2181 993 2245 1033 ac
2275 993 2495 1033 sursum
2542 980 2910 1035 intentissime
2940 979 3285 1051 respicienti,
3333 989 3391 1035 et
3431 985 3489 1037 in

1911 1066 2068 1120 cmlis
2092 1065 2215 1121 ﬁxo.
2238 1066 2335 1133 Ac,
2366 1069 2409 1123 si
2443 1067 2674 1124 fortuito
2692 1085 2759 1124 ex
2787 1070 2882 1125 illo
2904 1069 3093 1125 divino
3114 1071 3272 1125 altari
3288 1072 3489 1142 stirpes

1895 1155 2276 1237 ‘exstitissent,
2304 1173 2369 1212 ea
2415 1174 2504 1212 res
2530 1157 2690 1213 ﬁrmo
2712 1174 2777 1213 ac
2809 1156 2954 1213 ﬁdeli
2985 1158 3161 1214 nostri
3187 1158 3490 1215 Salvatoris

1914 1244 2194 1301 adoratori
2230 1247 2368 1301 nihil
2398 1246 2697 1302 obfuisset:
2729 1247 2846 1313 sed,
2897 1249 3025 1318 quia
3069 1249 3358 1319 gentilium
3401 1256 3490 1303 est

1913 1350 2144 1408 prorsus
2198 1338 2254 1393 id
2320 1338 2658 1403 institutum,
2717 1339 3038 1411 refugienda
3089 1348 3174 1395 est
3228 1340 3484 1406 imitatio,

1914 1434 2080 1498 atque
2154 1428 2573 1484 consuetudinis
2643 1429 2968 1496 similitudo,
3023 1430 3489 1500 quemadmodum

1912 1518 2108 1589 procul
2136 1519 2306 1574 dubio
2346 1518 2496 1575 ﬁdeli
2522 1521 2756 1586 homini,
2806 1530 2863 1577 et
2912 1521 2970 1575 in
2996 1537 3128 1576 vera
3176 1523 3488 1592 cognitione

1849 1643 1890 1699 Β
1918 1620 2085 1683 atque
2113 1612 2344 1667 scientia
2366 1614 2715 1677 conﬁrmato,
2740 1612 2882 1667 nihil
2904 1620 2993 1667 est
3011 1612 3217 1666 idolum
3245 1612 3299 1665 in
3326 1627 3489 1666 mun-

1917 1704 2011 1769 do,
2071 1720 2253 1775 neque
2305 1705 2514 1776 aliquid
2548 1714 2634 1761 est
2680 1703 3047 1775 idolothytum
3081 1703 3150 1768 ⁸ο,
3191 1711 3374 1757 tamen
3423 1706 3487 1755 ut

1917 1796 2060 1851 alius
2087 1796 2311 1867 quidam
2365 1796 2636 1867 praecipit,
2669 1810 2737 1851 eo
2758 1795 2906 1850 vesci
2941 1810 3052 1849 non
3081 1794 3211 1850 licet
3261 1799 3488 1863 propter

1918 1886 2261 1942 inﬁmorum
2300 1888 2695 1943 conscientiam
2717 1882 2790 1941 τις
2847 1905 2865 1937 ι
2918 1884 3131 1956 thuid
3190 1884 3337 1939 enim
3387 1898 3490 1953 ego

1911 1978 2132 2049 judicor
2168 1978 2238 2033 ab
2258 1977 2365 2034 alia
2397 1979 2771 2035 conscientia?
2803 1977 2859 2034 Si
2889 1993 2991 2048 ego
3013 1993 3138 2033 cum
3171 1976 3344 2047 gratia
3362 1991 3490 2045 par-

1921 2070 2111 2141 ticipo,
2130 2086 2231 2125 cur
2260 2070 2633 2140 blasphemor,
2658 2085 2760 2140 pro
2792 2085 2902 2139 quo
2928 2084 3030 2139 ego
3057 2068 3260 2138 gratias
3291 2066 3438 2136 ago?
3465 2085 3482 2117 ι

1917 2160 2217 2217 Laudabile
2282 2161 2450 2232 igitur
2492 2171 2577 2217 est
2621 2160 2764 2230 apud
2807 2161 2977 2214 Deum
3038 2172 3267 2220 cavere,
3313 2172 3381 2210 ne
3432 2156 3489 2209 in

1917 2254 2174 2310 altarium
2199 2254 2482 2319 situ,neve
2504 2254 2561 2309 in
2594 2252 2879 2323 religionis
2905 2249 3155 2305 moribus
3181 2257 3345 2317 atque
3377 2246 3488 2303 ritu

1914 2346 2149 2418 gentiles
2175 2346 2473 2401 imitemur.

1997 2524 2196 2580 PALL.
2230 2523 2537 2579 Assentior.

1987 2615 2144 2672 CYR.
2177 2614 2414 2685 Equum
2444 2629 2564 2670 esse
2592 2620 2799 2678 autem,
2830 2618 2893 2666 ut
2943 2609 3253 2665 oblationes
3292 2604 3360 2661 ad
3381 2604 3480 2661 Dei

1918 2706 2151 2778 gloriam
2180 2704 2498 2769 oﬂ‘eramus,
2529 2718 2634 2758 nec
2683 2701 2871 2757 vacuis
2891 2699 3148 2755 manibus
3177 2696 3247 2752 ad
3276 2709 3494 2751 sacrum

1919 2798 2336 2854 tabernaculum
2365 2796 2647 2860 adeamus,
2681 2795 2886 2850 eaedem
2934 2806 3105 2848 sacras
3134 2790 3359 2845 Litterte
3394 2786 3495 2842 de.-

1920 2890 2152 2955 clarant,
2175 2905 2298 2959 quae
2313 2891 2394 2945 sic
2417 2889 2627 2944 habent
2649 2888 2703 2942 in
2718 2885 3006 2943 Numeris:
3039 2904 3058 2936 α
3082 2885 3152 2939 Ει
3171 2883 3372 2939 factum
3389 2889 3493 2947 est,

237 2956 486 3034 ᾖὴμέρα
536 2961 848 3049 συνετέλεσε
893 2962 1122 3033 Μωσῆς,
1181 2961 1322 3017 ὥστε
1365 2962 1668 3033 ἀναστῆσαι
1716 2961 1818 3032 τὴν

1921 2992 2030 3049 quo
2055 2977 2144 3032 die
2170 2956 2570 3033 consummavit
2589 2977 2801 3048 Moyses
2820 2976 3031 3046 erigere
3056 2972 3495 3035 tabernaculum,

239 3052 466 3124 σκηνὴν,
515 3053 612 3106 καὶ
642 3042 858 3124 ἔχρισεν
886 3053 1078 3125 αὐτὴν,
1111 3056 1207 3109 καὶ
1234 3054 1464 3127 ἡγίασεν
1501 3055 1690 3127 αὐτὴν,
1725 3054 1820 3109 καὶ

236 3142 417 3198 πάντα
460 3142 531 3196 τὰ
571 3143 740 3215 σκεύη
799 3144 991 3214 αὐτῆς,
1041 3146 1134 3200 xal
1169 3146 1233 3199 τὸ
1276 3146 1683 3218 θυσιαστήριον,
1725 3146 1820 3200 καὶ

240 3234 417 3288 πάντα
437 3234 509 3287 τά
534 3236 705 3305 σκεύη
726 3235 913 3304 αὑτοῦ,
935 3236 1029 3290 xal
1050 3235 1268 3308 ἔχρισεν
1287 3236 1446 3304 αὐτὰ,
1472 3238 1567 3290 καὶ
1591 3236 1819 3308 ἡγίασεν

241 3327 397 3381 αὐτά.
423 3326 536 3380 Kal
565 3326 950 3397 προσήνεγκαν
979 3329 1030 3381 οί
1061 3329 1319 3399 ἄρχοντες
1346 3328 1583 3401 Ἰσραὴλ,
1612 3328 1818 3382 δώδεκα

236 3417 499 3488 ἄρχοντες
529 3417 695 3471 οἴκων
739 3414 984 3488 πατριῶν
1031 3419 1232 3473 αὐτῶν.
1267 3411 1429 3473 Οὗτοι
1480 3420 1528 3472 ot
1558 3417 1820 3489 ἄρχοντες

241 3505 441 3574 φυλῶν,
487 3501 647 3575 οὗτοι,
676 3508 727 3560 οί
776 3508 1184 3580 παρεστηκότες
1235 3510 1329 3564 ἐπὶ
1358 3509 1460 3580 τῆς
1489 3510 1817 3580 ἐπισκοπῆς.

240 3596 345 3649 Kal
398 3598 639 3668 ἡνεγκαν
682 3596 745 3649 τὸ
795 3596 969 3669 δῶρον
1022 3599 1200 3653 αὐτῶν
1254 3598 1434 3654 έναντι
1482 3599 1710 3672 Κυρίου,
1759 3600 1820 3667 ἒξ

239 3688 457 3758 ἀμάξας
476 3689 848 3761 λαμπηνίκας,
873 3690 970 3745 καὶ
992 3690 1202 3747 δώδεκα
1248 3692 1397 3764 βόας,
1429 3693 1648 3765 ἄμαξαν
1668 3695 1822 3768 παρά

239 3780 328 3834 δύο
357 3780 663 3853 ἀρχόντων,
701 3783 796 3838 καὶ
824 3782 1025 3855 μόσχον
1053 3784 1206 3856 παρά
1234 3785 1489 3841 ἑκάστου.
1519 3786 1630 3840 Kal
1658 3801 1822 3859 προσ-

240 3872 448 3943 ήγαγον
489 3873 732 3929 ἐναντίον
756 3873 857 3945 τῆς
901 3876 1120 3947 σκηνῆς.
1149 3875 1261 3932 Kal
1293 3872 1416 3931 εἷπε
1454 3878 1660 3950 Κύριος
1685 3878 1823 3951 πρὸς

241 3965 470 4036 Μωσῆν,
498 3964 672 4033 λέγων
690 3982 705 3998 ·
732 3966 878 4021 Λάϐε
916 3969 1047 4039 παρ’
1076 3967 1277 4033 αὐτῶν,
1321 3970 1417 4024 καὶ
1445 3962 1661 4026 ἔσονταῖ
1684 3972 1820 4045 πρὸς

236 4055 309 4109 τά
338 4054 479 4126 ἔργα
511 4055 584 4109 τά
616 4055 966 4128 λειτουργικὰ
993 4059 1089 4129 τῆς
1120 4060 1325 4131 σκηνῆς
1362 4061 1457 4115 τοῦ
1494 4066 1819 4135 μαρτυρίου,

240 4146 335 4201 καὶ
360 4145 557 4210 δώσεις
596 4146 737 4201 αὐτά
762 4150 875 4212 τοῖς
899 4149 1150 4213 Λευίταις
1187 4151 1404 4223 ἑκάστῳ
1430 4154 1571 4208 κατὰ
1596 4154 1694 4226 τὴν
1721 4155 1820 4208 αὐ-

240 4237 334 4293 τοῦ
364 4236 730 4310 λειτουργίαν.
759 4240 867 4293 Kal
888 4239 1069 4295 λαϐὼν
1101 4242 1307 4314 Μωσῆς
1345 4242 1445 4308 τὰς
1485 4244 1701 4316 ἀμάξας
1727 4248 1822 4301 καὶ

1926 3069 2085 3124 unxit
2112 3069 2246 3124 illud
2272 3084 2336 3125 ac
2381 3068 2763 3133 sanctiﬂeavit,
2809 3076 2865 3123 et
2896 3067 3079 3121 omnia
3094 3081 3221 3120 vasa
3260 3066 3398 3134 ejus,
3442 3072 3499 3119 et

1925 3161 2084 3216 unxit
2111 3177 2196 3226 ea,
2228 3170 2285 3216 et
2338 3160 2698 3215 sanetilicavit
2755 3175 2843 3223 ea,
2896 3166 2953 3213 et
2984 3159 3180 3221 altare,
3220 3166 3276 3212 et
3313 3157 3496 3211 omnia

1925 3254 2045 3324 ejus
2076 3268 2227 3316 vasa,
2253 3262 2311 3307 et
2335 3252 2571 3307 unxitac
2596 3250 2957 3305 sanetiiicavit
2981 3264 3075 3313 ea;
3096 3257 3152 3303 et
3176 3249 3499 3302 obtulerunt

1925 3343 2204 3415 principes
2239 3341 2738 3406 lsrael,duodecim
2778 3340 3057 3411 principes
3101 3339 3390 3393 domorum
3419 3339 3499 3392 fa-

1925 3435 2204 3492 miliarum
2238 3449 2463 3489 suarum
2496 3453 2509 3487 :
2536 3434 2593 3488 hi
2651 3433 2929 3503 principes
2957 3433 3224 3495 tribuum,
3256 3432 3313 3485 bi
3345 3438 3495 3496 sunt,

1927 3528 2021 3600 qui
2050 3526 2347 3583 adfuerunt
2394 3526 2724 3590 recensioni,
2767 3533 2825 3580 et
2889 3527 3193 3579 attulerunt
3225 3524 3367 3579 dona
3400 3540 3499 3580 sua

1927 3629 2054 3677 ante
2082 3618 2409 3685 Dominum;
2459 3633 2554 3673 sex
2586 3618 2839 3673 vehicula
2889 3624 3052 3680 tecta,
3101 3624 3156 3671 et
3206 3614 3497 3671 duodecim
3547 3667 3550 3670 .

1924 3711 2097 3767 boves
2120 3728 2134 3776 ;
2157 3711 2474 3767 vehiculum
2504 3726 2533 3766 ο
2571 3710 2790 3766 duobus
2807 3709 3176 3781 principibus,
3218 3716 3274 3764 et
3302 3709 3499 3763 bovem

1927 3803 2225 3874 asingulis,
2245 3811 2302 3858 et
2323 3802 2673 3858 adduxerunt
2706 3818 2769 3858 ea
2807 3810 2934 3857 ante
2964 3803 3399 3858 tabernaculum.
3430 3801 3500 3857 Et

1926 3891 2148 3948 locutus
2171 3899 2257 3947 est
2290 3892 2557 3947 Dominus
2580 3890 2649 3946 ad
2673 3891 2918 3963 Moysen,
2947 3891 3176 3947 dicens:
3207 3891 3407 3963 Accipe
3432 3892 3500 3947 ab

1928 3983 2085 4055 ipsis,
2101 3983 2277 4055 362
2302 3990 2359 4039 et
2380 3991 2547 4040 erunt
2586 3982 2654 4038 ad
2708 3999 2877 4054 opera
2924 3983 3216 4039 ministerii
3244 3984 3502 4040 tabema-

1928 4073 2037 4128 culi
2063 4072 2387 4136 testimonii,
2417 4080 2473 4127 et
2495 4072 2653 4127 dabis
2676 4087 2742 4127 ea
2766 4072 2994 4136 Levitis,
3018 4073 3248 4142 singulis
3272 4089 3375 4142 pro
3402 4088 3502 4129 suo

1927 4159 2257 4214 ministerio.
2287 4159 2356 4213 Et
2375 4158 2652 4228 accipiens
2676 4158 2889 4229 Moyses
2906 4160 3179 4222 vehicula,
3228 4169 3286 4213 et
3334 4162 3501 4219 boves

1928 4238 2192 4304 dediteas
2238 4247 2450 4302 Levitis
2474 4247 2543 4301 ”.
2571 4266 2589 4297 ι
2642 4246 2831 4315 Neque
2877 4261 3012 4301 vero
3054 4247 3338 4317 hucusque
3362 4250 3504 4304 dun-

242 4336 370 4400 τοὺς
398 4334 552 4406 βόας,
587 4335 790 4391 ἔδωκεν
821 4336 961 4390 αὑτά
997 4339 1111 4402 τοῖς
1140 4326 1472 4403 Λευίταις.»
1505 4340 1613 4394 Kal
1641 4340 1701 4393 οὐ
1729 4341 1819 4411 μέ-

1927 4344 2081 4392 taxat
2104 4334 2416 4407 principum
2441 4335 2686 4389 tribuum
2713 4334 2857 4390 dona
2891 4349 3181 4406 pragrcssa
3226 4345 3373 4402 sunt,
3401 4340 3501 4395 sed

248 4444 335 4499 χρι
375 4426 584 4480 τούτων
612 4425 681 4480 τὰ
709 4427 775 4481 ἐκ
810 4426 919 4482 τῶν
962 4426 1253 4499 φυλάρχων
1285 4423 1351 4500 ἦν
1371 4444 1385 4460 ο
1429 4431 1829 4501 πῳσεπενὴνε-

250 4536 370 4573 κται
393 4517 451 4572 δὲ
480 4517 578 4572 καὶ
602 4517 787 4590 ἕτερα.
816 4517 1129 4592 Γέγραπται
1161 4518 1290 4590 γὰρ,
1329 4536 1349 4570 ι
1386 4518 1499 4573 Kal
1524 4520 1830 4590 προσήνεγ-

250 4627 351 4664 καν
385 4610 439 4663 οἱ
477 4608 739 4680 ἄρχοντες
778 4610 860 4671 είς
887 4609 979 4662 τὸν
1007 4609 1357 4679 ὲγκαινισμδν
1381 4608 1473 4662 τοῦ
1519 4609 1826 4680 θυσιαστηη

254 4701 388 4771 ρίου,
430 4702 489 4754 ἐν
522 4701 590 4771 τῇ
617 4700 801 4772 ἡμέρᾳ
894 4698 1108 4771 ἔχρισεν
1140 4701 1291 4765 αὐτὸ,
1323 4701 1417 4755 καὶ
1449 4703 1831 4772 προσήνεγκαν

248 4795 298 4846 οἱ
326 4793 588 4864 ἄρχοντες
618 4792 693 4846 τά
720 4791 871 4865 δῶρα
912 4792 1090 4848 αὐτῶν
1121 4793 1380 4847 ἀπέναντι
1408 4792 1503 4848 τοῦ
1537 4793 1827 4865 θυσιαστη-

256 4885 390 4955 ρίου.
422 4884 532 4939 Kal
553 4880 674 4938 εἶπε
700 4884 906 4955 Κύριος
926 4884 1064 4957 πρὸς
1092 4885 1297 4957 Μωσῆν
1312 4901 1329 4917 ·
1362 4885 1579 4958 Ἄρχων
1602 4878 1683 4949 εἷς
1703 4885 1829 4947 καθ’

256 4977 489 5049 ἡμέραν,
519 4976 703 5048 ἄρχων
724 4975 846 5032 καθ’
864 4977 1081 5049 ἡμέραν
1108 4976 1543 5048 προσοίσουσιτά
1566 4975 1714 5049 δῶρα
1733 4980 1829 5032 αὐ·

254 5067 362 5121 τῶν
396 5069 475 5131 εἰς
502 5066 594 5122 τὸν
617 5068 974 5141 ιγκαινισμδν
997 5067 1091 5123 τοῦ
1124 5069 1533 5143 θυσιαστηρίου.
1577 5070 1688 5124 Kal
1714 5065 1783 5141 ἦν
1801 5071 1832 5124 ὁ

258 5158 584 5231 προσφέρων
621 5160 680 5212 ὲν
717 5162 783 5231 τῇ
809 5160 992 5232 ἡμέρᾳ
1023 5162 1092 5232 τῇ
1120 5159 1312 5232 πρώτῃ
1336 5161 1396 5214 τὸ
1433 5161 1605 5233 δῶρον
1640 5161 1829 5225 αὑτοῦ,

256 5248 529 5304 Ναασσὼν
562 5250 680 5313 υίὸς
721 5250 1045 5321 Ἀμιναδάϐ,
1067 5251 1249 5322 ἄρχων
1286 5251 1387 5321 τῆς
1408 5251 1583 5323 φυλῆς
1638 5252 1827 5307 Ἰούδα.

257 5343 362 5396 Kal
392 5342 738 5414 προσήνεγκε
765 5342 827 5396 τὸ
856 5342 1029 5413 δῶρον
1048 5341 1243 5405 αὐτοῦ,
1274 5342 1526 5415 τρυϐλίον
1555 5344 1831 5415 ἀργυροῦν

257 5432 334 5498 ἓν,
349 5434 645 5505 τριάκοντα
674 5434 767 5488 καὶ
783 5434 978 5488 ἑκατὸν
1002 5434 1134 5505 ὁλκὴ
1160 5434 1345 5489 αὐτοῦ·
1371 5434 1568 5507 φιάλην
1591 5436 1720 5506 μίαν
1735 5437 1833 5507 ἀρ-

259 5524 449 5594 γυρᾶν,
469 5521 843 5593 ἐϐδομήκοντα
865 5521 1064 5577 σίκλων
1086 5522 1226 5575 κατά
1244 5521 1335 5575 τὸν
1352 5521 1533 5576 σίκλον
1548 5522 1638 5575 τὸν
1656 5523 1830 5592 ἅγιον.

321 5744 375 5784 ⁸⁸
398 5746 422 5805 Ι
447 5745 578 5805 Cor.
612 5764 727 5814 \‘lll,
763 5751 817 5841 4.
860 5750 904 5784 δι
935 5752 956 5807 l
991 5751 1116 5811 Cor.
1148 5770 1203 5823 ι,
1244 5754 1334 5823 99,
1376 5755 1465 5810 30.
1508 5754 1551 5788 ι’
1579 5754 1741 5812 Num.
1776 5770 1870 5823 vn,
1908 5752 2024 5809 1-6.

1924 4426 2014 4482 his
2035 4427 2201 4481 etiam
2222 4426 2329 4480 alia
2349 4425 2628 4497 adjuncta.
2658 4425 2946 4496 Scriptum
2965 4436 3053 4482 est
3083 4428 3231 4482 enim
3250 4447 3295 4482 ει
3319 4428 3387 4484 Et
3405 4430 3503 4484 ob-
3580 4450 3585 4457 ο

1929 4516 2178 4570 tulerunt
2209 4514 2489 4585 principes
2515 4514 2584 4569 ad
2605 4514 3009 4572 dedicationem
3034 4518 3244 4583 altaris,
3272 4517 3361 4573 die
3388 4535 3499 4589 quo

1925 4607 2086 4662 unxit
2111 4606 2269 4672 illud,
2302 4614 2358 4662 et
2383 4606 2688 4661 attulerunt
2737 4607 3019 4679 principes
3059 4610 3202 4665 dona
3243 4625 3341 4665 sua
3374 4619 3501 4667 ante

1928 4700 2121 4755 altare.
2150 4698 2221 4753 Et
2247 4697 2387 4753 dixit
2408 4698 2673 4756 Dominus
2692 4699 2761 4755 ad
2782 4700 3034 4773 Moysen:
3071 4701 3333 4772 Princeps
3360 4720 3503 4759 unns

1928 4805 2030 4863 per
2056 4790 2303 4861 singulos
2325 4790 2445 4846 dies
2466 4789 2630 4846 oﬂ‘ert
2652 4791 2797 4847 dona
2842 4807 2939 4847 sua
2986 4792 3055 4846 ad
3095 4792 3499 4849 dedicationem

1925 4881 2132 4938 altaris.
2158 4882 2227 4937 Et
2258 4881 2365 4937 fuit
2384 4882 2480 4953 qui
2503 4882 2705 4938 obtulit
2740 4883 2921 4954 primo
2962 4882 3052 4938 die
3084 4884 3289 4939 donum
3318 4901 3500 4954 suum,

1925 4975 2170 5030 Naasson
2199 4974 2346 5030 Illius
2375 4974 2684 5031 Aminadab
2701 4975 2963 5047 princeps
2992 4974 3170 5030 tribus
3201 4975 3376 5031 Iudae.
3434 4976 3504 5032 Et

1926 5067 2127 5123 obtulit
2143 5067 2347 5123 donum
2370 5083 2530 5123 suum
2555 5067 2797 5123 catinum
2818 5076 3139 5138 argenteum
3160 5084 3352 5132 unum.
3378 5085 3506 5125 cen-

1936 5165 2053 5212 tum
2091 5167 2148 5213 et
2173 5158 2398 5230 triginta
2421 5160 2634 5231 pondus
2655 5160 2805 5230 ejus;
2837 5160 3075 5229 phialam
3097 5177 3261 5217 unam
3314 5178 3507 5234 argen-

1940 5254 2106 5315 team,
2145 5250 2495 5321 septuaginta
2518 5249 2777 5304 siclorum
2800 5250 2956 5320 juxta
2982 5253 3179 5308 siclum
3231 5261 3501 5317 sanctum,

1938 5348 2238 5411 utrumque
2264 5340 2487 5410 plenum
2525 5341 2707 5396 simila
2747 5356 3046 5413 conspersa
3091 5345 3212 5399 oleo
3234 5343 3301 5397 ad
3336 5344 3507 5397 sacri-

1938 5431 2155 5498 ﬁcium;
2180 5430 2559 5485 mortariolum
2614 5447 2785 5487 unum
2832 5432 3022 5489 decem
3068 5430 3361 5487 aureorum
3385 5430 3504 5500 ple-

1937 5537 2072 5577 num
2101 5521 2361 5588 incenso;
2410 5520 2645 5579 vitulum
2702 5539 2873 5581 unum
2918 5523 2987 5582 de
3036 5522 3232 5588 bobus,
3276 5520 3505 5577 arietem

2632 5816 2675 5860 5?
