3962 6296
441 275 545 329 707

1466 263 1523 320 S.
1563 260 1839 319 CYRILLI
1876 255 2351 316 ALEXANDRINI
2397 257 2718 332 ARCBIEP.

3608 260 3734 316 708

441 379 635 429 unum,
661 376 862 436 agnum
881 374 1052 417 unum
1082 358 1403 415 anniculam
1434 357 1493 413 in
1517 358 1900 413 holocaustum
1923 397 1936 419 ,
1968 370 1999 409 e

2129 353 2413 425 ἀμφότερα
2464 353 2644 424 πλήρη
2726 351 3063 423 σεμιδάλεως
3110 352 3595 427 άναπεποιημένης
3652 352 3733 410 εν

439 459 655 514 Ιιεεάυιη
679 455 748 510 de
772 454 955 524 capris
980 469 1152 508 unum
1176 468 1278 522 pro
1318 460 1565 522 peccato,
1590 458 1647 505 et
1676 450 1744 505 ad
1784 449 2023 504 hostiam

437 545 694 603 salutaris
720 544 923 598 vitulas
969 542 1127 607 duas,
1177 550 1235 596 et
1270 543 1471 597 arietes
1529 540 1791 610 quinque,
1838 538 2024 593 hircos

435 642 702 707 quinque,
732 650 901 706 agnos
935 633 1228 688 anniculos
1247 633 1518 702 quinque.
1553 631 1669 685 Hoc
1700 629 2027 684 fuitdonum

434 730 680 785 Naasson
720 727 817 782 ﬁlii
870 726 1176 781 Aminadab
1197 726 1262 779 ⁸³.
1290 745 1307 776 ι
1375 723 1714 779 Obtulerunt
1755 728 2027 792 prmterea

435 822 618 876 caeteri
640 820 900 889 deinceps
923 834 1097 888 usque
1122 818 1190 873 ad
1215 816 1609 872 duodecimum
1639 814 1834 869 eodem
1865 811 2029 867 modo

435 911 710 980 similique
755 908 1182 980 magniﬁcentia,
1236 923 1362 963 cum
1415 923 1550 963 suus
1592 906 1795 976 cuique
1846 910 2029 959 certus

435 1003 554 1057 dies
579 1003 881 1057 attributus
910 1010 1090 1055 esset:
1122 1000 1203 1054 sic
1226 999 1376 1054 enim
1417 1005 1755 1069 praeceperat
1788 997 1952 1051 Deus.

2130 444 2295 517 ἐλαίῳ
2316 445 2397 508 είς
2419 444 2634 508 θυσίαν,
2676 441 2908 515 θυΐσκην
2938 443 3070 514 μίαν
3102 442 3236 497 δέκα
3263 444 3499 516 χρυσῶν,
3523 446 3727 519 πλήρη

2130 536 2474 607 θυμιάματος
2493 574 2509 600 ,
2557 534 2758 605 μόσχον
2802 534 2898 586 ἕνα
2923 534 2988 587 ὲκ
3018 533 3177 604 βοῶν,
3205 533 3357 605 κριὸν
3386 534 3500 596 ἕνα,
3537 537 3727 606 ἀμνὸν

2128 627 2223 680 ἕνα
2248 626 2517 679 ἐνιαύσιον
2537 625 2618 687 εἰς
2644 620 3022 693 ὁλοκαύτωμα.
3053 623 3163 674 Kal
3182 623 3414 693 χίμαρον
3446 625 3504 690 ἐξ
3533 626 3726 692 αἰγῶν

2125 720 2221 771 ἕνα
2242 718 2368 787 περὶ
2396 715 2692 787 ἁμαρτίας·
2726 714 2821 768 καὶ
2839 716 2918 778 είς
2945 713 3137 767 θυσίαν
3159 715 3427 785 σωτηρίου
3444 715 3726 786 δαμάλεις

2126 809 2239 873 δύο,
2278 808 2465 880 κριοὺς
2504 807 2686 873 πέντε,
2738 807 2977 879 τράγους
3019 806 3200 871 πέντε,
3262 807 3503 875 ἀμνάδας
3533 809 3685 860 ὲνιαυ

2129 901 2249 963 σίας
2278 899 2459 951 πέντε.
2490 896 2661 949 Τοῦτο
2688 895 2861 967 δῶρον
2885 894 3154 948 Ναασσὼν
3181 894 3297 947 υἱοῦ
3334 895 3649 965 Ἀμιναδάϐ.
3686 915 3712 947 ι

2129 986 2533 1061 Προσεκόμιζον
2569 986 2627 1040 δὲ
2671 986 2767 1040 καὶ
2796 984 3032 1055 καθεξῆς
3064 986 3192 1056 ἄχρι
3227 983 3323 1037 τοῦ
3355 986 3718 1041 δυοκαιδεκά-

432 1110 548 1158 του,
584 1091 726 1146 κατά
751 1108 815 1159 γε
844 1090 936 1143 τὸν
967 1089 1079 1143 ἴσον
1115 1090 1318 1161 τρόπον
1350 1089 1443 1143 καὶ
1493 1090 1551 1142 ὲν
1590 1086 2043 1159 ἀπαραλλάκτοις.
2070 1076 2865 1162 φιλοτιμίαις,ὲκνεμηθείσης
2903 1076 3119 1148 ἑκάστῳ
3159 1076 3259 1147 τῆς
3309 1075 3457 1147 αὐτῷ
3523 1094 3723 1132 συντε-

433 1182 712 1252 ταγμένης
738 1181 952 1252 ἡμέρας
983 1181 1187 1244 ἰδικῶς’
1214 1180 1467 1234 διετύπου
1498 1181 1608 1252 γὰρ
1636 1174 1740 1234 ὧδε
1773 1179 1925 1240 Θεός.

504 1273 700 1328 PALL.
734 1271 842 1326 Sed
867 1286 989 1341 quae
1026 1271 1252 1327 tandem
1283 1279 1369 1327 est
1391 1272 1558 1343 hujus
1574 1270 1715 1325 adeo
1740 1266 2014 1339 multipli-

432 1365 512 1419 cis
538 1363 835 1418 oblationis
857 1363 1044 1417 ratio?

499 1456 656 1511 CYR.
685 1456 977 1525 Equidem,
1004 1456 1235 1520 Palladi,
1275 1457 1322 1512 si
1358 1472 1473 1512 rem
1515 1465 1724 1527 gestam
1779 1463 2016 1525 spectes,

434 1548 641 1602 oblatio
671 1555 774 1612 est,
834 1547 931 1602 sed
989 1547 1065 1601 illi
1119 1549 1412 1619 conjuncta
1461 1555 1546 1603 est
1589 1546 1837 1618 mystica,
1897 1561 2018 1601 mea

2184 1262 2396 1318 ΠΑΔΛ.
2445 1260 2558 1314 Kal
2584 1258 2669 1321 τίς
2706 1257 2770 1330 δὴ
2801 1257 2909 1329 ἀρα
2936 1257 3055 1312 ἐστὶ
3088 1255 3190 1327 τῆς
3216 1254 3360 1309 οὕτω
3390 1255 3713 1323 πολυειδῶς

2116 1350 2481 1424 προσαγωγῆς
2514 1349 2542 1401 ὁ
2573 1349 2732 1418 λόγος
2747 1365 2762 1413 ;

2186 1444 2350 1497 ΚΥΡ.
2385 1440 2748 1512 Καρποφορία
2775 1439 2873 1510 μὲν
2893 1433 2987 1493 οὖν
3007 1438 3069 1493 τὸ
3088 1438 3278 1510 χρῆμά
3302 1439 3472 1506 ἐστιν,
3495 1434 3540 1493 ὦ
3562 1440 3681 1493 Παλ
3696 1471 3712 1481 -

2116 1534 2285 1599 λάδιε,
2322 1533 2626 1587 πέπλεκται
2653 1532 2731 1594 δὲ,
2761 1526 2935 1601 οἶμαι,
2964 1532 3056 1584 καὶ
3082 1531 3239 1599 λόγος
3264 1532 3400 1603 αὐτῇ
3439 1532 3710 1602 μυστικὸς

430 1638 652 1707 quidem
677 1638 971 1703 sententia,
1005 1639 1166 1704 ratio,
1188 1655 1288 1710 per
1310 1655 1477 1709 quam
1503 1638 1573 1693 ad
1596 1637 1940 1701 Emmanuel,
1961 1647 2002 1691 ei

2118 1628 2198 1690 είς
2227 1624 2317 1679 τὸν
2368 1621 2739 1694 Ἐμμανουὴλ,
2773 1622 2869 1676 καὶ
2906 1624 2985 1686 εἰς
3019 1623 3166 1693 ἡμᾶς
3205 1622 3404 1686 αὐτοὺς
3438 1624 3709 1695 ἀνακομί-

430 1729 497 1783 ad
528 1745 628 1784 nos
653 1732 801 1799 ipsos
828 1731 935 1784 hoc
958 1731 1191 1801 aenigma
1223 1730 1487 1797 refertur;
1538 1730 1592 1784 id
1623 1738 1807 1783 autem
1833 1728 2014 1799 expli-

429 1818 587 1882 cabo,
611 1827 906 1888 utpotero.
944 1819 1192 1887 Namque
1251 1819 1601 1873 manifestato
1628 1819 1741 1889 jam
1781 1817 1839 1871 in
1879 1817 2015 1872 orbe

428 1902 702 1965 terrarum
728 1920 918 1965 sancto
967 1910 1062 1964 illo
1088 1926 1332 1980 veroque
1381 1910 1756 1975 tabernaculo,
1802 1909 1858 1963 id
1906 1916 2012 1974 est,

428 2001 692 2065 Ecclesia,
729 2000 985 2055 Christus
1011 2002 1067 2055 in
1094 2017 1159 2056 ea
1182 2002 1373 2056 multis
1392 2001 1676 2071 variisque
1717 2001 1896 2057 modis
1915 2017 2014 2055 ex-

427 2094 633 2148 cellens
673 2094 785 2149 Deo
811 2109 876 2148 ac
908 2094 1115 2149 Patria
1163 2094 1327 2148 nobis
1370 2094 1770 2164 propemodum
1801 2108 1868 2148 ac
1912 2107 2013 2162 pro

426 2185 588 2238 nobis
613 2192 672 2238 ut
696 2200 853 2253 saera
875 2185 1104 2240 victima
1123 2185 1383 2251 oﬁ'ertur,
1410 2202 1532 2256 qua:
1568 2185 1818 2256 pretium
1849 2183 1922 2239 sit
1947 2199 2013 2239 ac

426 2290 528 2344 pro
556 2275 938 2330 universorum
962 2277 1073 2332 vita
1094 2277 1448 2348 permutatio,
1503 2277 1706 2347 quippe
1743 2291 1869 2330 cum
1921 2275 2013 2330 ille

425 2381 570 2419 unus
609 2364 681 2419 sit
702 2381 805 2436 pro
832 2368 1107 2423 universis
1128 2384 1283 2438 {equa
1313 2368 1629 2423 mstimatio.
1657 2369 1818 2435 Nam,
1859 2377 2011 2438 post—

423 2471 656 2525 eaquam
703 2457 795 2511 ille
820 2457 1150 2527 Unigenitus
1185 2459 1363 2514 factus
1400 2467 1569 2514 estut
1597 2475 1741 2516 unus
1769 2477 1801 2516 e
1845 2461 2009 2516 nobis

368 2540 371 2545 ⁴
426 2543 610 2611 homo,
639 2549 883 2617 seipsum
930 2549 1132 2604 obtulit
1176 2551 1288 2605 Deo
1324 2559 1380 2605 et
1428 2552 1577 2606 Patri
1629 2552 1784 2622 quasi
1819 2551 2011 2623 praei-

423 2651 597 2706 puum
634 2638 895 2707 quiddam
917 2655 982 2695 ac
1011 2640 1285 2710 primitias
1309 2642 1565 2698 humanae
1612 2652 1849 2710 naturae,
1884 2661 2011 2701 san-

425 2729 673 2784 ctitatem
697 2730 1018 2797 redolentis,
1042 2748 1164 2802 qua:
1184 2733 1264 2789 illi
1285 2736 1570 2800 sanctitas,
1599 2752 1708 2806 qua
1743 2746 1896 2808 parte
1926 2738 2011 2793 in-

424 2817 710 2891 telligitur,
741 2828 906 2891 atque
932 2822 1071 2877 adeo
1096 2830 1184 2879 est
1213 2826 1378 2891 Deus,
1408 2828 1713 2883 secundum
1741 2836 2000 2889 naturam

423 2918 481 2966 et
516 2912 816 2967 essentiam
849 2914 1049 2982 inerat,
1081 2915 1179 2971 sed
1214 2918 1466 2973 eamdem
1502 2919 1861 2976 adventitiam
1903 2922 2004 2976 ha-

423 3002 608 3069 bebat,
644 3020 753 3074 qua
774 3012 930 3075 parte
972 3007 1212 3063 humana
1240 3009 1299 3063 in
1323 3024 1391 3064 eo
1447 3020 1647 3065 natura
1686 3020 2000 3081 spectatur.
2032 3002 2079 3065 Ο

422 3093 584 3165 363
614 3094 863 3166 Cumque
884 3113 1028 3153 unus
1060 3098 1315 3169 idemque
1350 3100 1443 3166 sit,
1463 3100 1653 3157 multis
1676 3109 1858 3158 tamen
1880 3120 2001 3158 mo-

423 3185 509 3241 dis
533 3186 588 3240 in
623 3187 714 3242 illa
741 3188 1052 3260 principum
1083 3191 1362 3246 oblatione
1392 3191 1763 3263 ﬁgurabatur:
1788 3204 1847 3250 ut
1867 3211 2002 3250 vero

422 3284 581 3342 tunc,
639 3279 719 3335 sic
751 3280 857 3334 hoc
907 3296 1128 3351 quoque
1159 3289 1402 3353 tempore
1449 3284 1790 3340 sacriﬁcatur
1839 3285 2000 3342 Chri-

422 3377 540 3425 stus
560 3386 659 3440 per
686 3386 785 3426 eos
814 3372 1095 3443 principes
1119 3374 1213 3444 qui
1236 3392 1334 3445 pro
1364 3385 1674 3447 temporum
1696 3378 1838 3433 serie
1871 3393 2000 3434 suc-

420 3462 645 3527 cedunt,
675 3464 966 3534 multiplici
991 3467 1220 3522 notione
1246 3478 1565 3539 perceptus,
1597 3469 1878 3540 variisque
1897 3485 2000 3524 no-

419 3551 670 3606 minibus
692 3560 956 3607 ornatus:
990 3555 1156 3609 ﬁebat
1188 3556 1337 3609 enim
1384 3556 1590 3611 oblatio
1632 3572 1731 3627 per
1757 3557 2001 3627 singulos

420 3642 539 3699 dies
564 3661 578 3710 ;
611 3660 722 3714 quo
746 3643 890 3699 facto
917 3644 1330 3715 signiﬁcabatur
1355 3647 1447 3700 illa
1476 3662 1576 3717 per
1602 3647 1849 3717 singulos
1882 3646 1999 3702 dies

419 3734 626 3790 Christi
674 3734 867 3789 hostia:
912 3736 1235 3803 perennitas
1296 3751 1361 3790 ac
1406 3738 1781 3807 perpetuitas,
1834 3745 1998 3807 atque

418 3828 583 3882 etiam
608 3840 820 3890 eorum,
842 3825 1062 3894 quiﬁde
1092 3827 1376 3897 iustiﬁcati
1414 3837 1564 3894 sunt,
1612 3830 1668 3884 in
1713 3831 1998 3886 offerendo

418 3916 663 3987 largitas.
694 3915 883 3984 Neque
908 3916 1057 3971 enim
1085 3932 1329 3986 unquam
1374 3919 1610 3974 deerunt
1655 3921 1994 3988 adoratores,

418 4023 598 4077 neque
620 4007 729 4061 erit
752 4008 1049 4063 oblationis
1077 4009 1283 4078 inopia,
1308 4010 1405 4065 sed
1423 4009 1679 4066 Christus
1702 4012 1759 4067 in
1790 4014 1998 4070 sanctis

421 4100 795 4157 tabernaculis
819 4100 1048 4172 mystice
1070 4100 1416 4157 saeriﬁcatus
1444 4118 1476 4157 a
1503 4103 1665 4158 nobis
1694 4111 1866 4175 etpro
1890 4122 1995 4161 no-

417 4193 507 4249 bis
535 4193 821 4249 oﬁ‘eretur.
860 4193 985 4262 Ipse
1005 4200 1092 4248 est
1139 4199 1325 4248 autem
1360 4194 1570 4250 oblatio
1595 4203 1785 4251 nostra
1818 4197 1997 4267 prima

2119 1718 2227 1784 ζων
2257 1718 2316 1770 τὸ
2351 1717 2614 1786 αἴνιγμα*
2657 1716 2850 1787 φράσω
2888 1715 2946 1769 δὲ
2984 1716 3060 1779 ὡς
3089 1715 3156 1769 ἂν
3200 1710 3313 1780 οἷός
3343 1733 3405 1768 τε
3441 1710 3486 1769 ὦ
3516 1717 3702 1774 πάλιν.

2129 1809 2604 1879 ’Λναδεδειγμένης
2640 1806 2749 1878 γὰρ
2774 1808 2832 1860 ὲν
2862 1806 2999 1877 τῷδε
3034 1805 3110 1877 τῷ
3151 1807 3342 1879 κόσμῳ
3379 1808 3477 1878 τῆς
3513 1808 3703 1876 ἁγίας,

2116 1901 2210 1955 καὶ
2249 1898 2480 1971 ἀληθοῦς
2532 1899 2768 1971 σκηνῆς,
2817 1899 2962 1954 τοῦτ’
3013 1898 3149 1964 ἔστι,
3203 1898 3302 1969 τῆς
3347 1898 3700 1969 Ἐκκλησίας,

2117 1990 2412 2054 πολυειδῶς
2437 1991 2494 2044 ὲν
2525 1990 2663 2061 αὐτῇ
2684 1989 2999 2060 διαπρέπων
3032 1989 3265 2061 Χριστὸς
3294 1989 3388 2043 καὶ
3417 1991 3703 2061 μονονουχὶ

2115 2084 2245 2155 παρ’
2298 2082 2457 2154 ἡμῶν
2503 2083 2598 2136 καὶ
2640 2083 2780 2155 ὑπὲρ
2832 2082 2990 2154 ήμῶν
3028 2083 3104 2146 ὡς
3161 2082 3303 2153 ἱερὸν
3357 2082 3703 2157 προσάγεται

2114 2175 2261 2246 θύμα
2292 2173 2371 2245 τῷ
2419 2173 2537 2244 Θεῷ
2592 2173 2686 2227 καὶ
2719 2174 2918 2243 Πατρὶ,
2967 2173 3159 2243 λύτρον
3208 2173 3303 2226 καὶ
3336 2173 3703 2244 ἀντάλλαγμα

2111 2267 2210 2337 τῆς
2247 2265 2505 2319 ἁπάντων
2538 2263 2702 2335 ζωῆς,
2732 2259 2813 2328 εἷς
2844 2266 2873 2318 ό
2912 2264 3126 2319 πάντων
3155 2263 3425 2329 ἀντάξιος.
3473 2263 3700 2336 Ἐπειδὴ

2113 2359 2223 2430 γάρ
2255 2358 2476 2426 γέγονεν
2510 2356 2793 2427 ἄνθρωπος
2818 2358 2846 2409 ὁ
2877 2357 3186 2426 Μονογενὴς
3215 2357 3291 2420 ὡς
3322 2351 3403 2421 εἷς
3432 2358 3492 2423 ἐξ
3511 2356 3697 2427 ἡμῶν,

2113 2451 2303 2504 ἑαυτὸν
2343 2448 2747 2521 προσκεκόμικε
2770 2446 2848 2519 τῷ
2868 2448 2986 2519 Θεῷ
3013 2448 3107 2502 xal
3136 2449 3335 2521 Πατρὶ,
3360 2450 3697 2522 πρωτόλειον

2122 2542 2313 2614 ὥσπερ
2349 2560 2403 2595 τι
2432 2542 2528 2596 καὶ
2553 2538 2776 2613 ἀπαρχὴ
2801 2541 2897 2611 τῆς
2921 2538 3207 2612 ἀνθρώπου
3231 2539 3444 2610 φύσεως
3470 2541 3702 2595 εὐωδια-

2111 2635 2325 2708 (ἶζούσης⁸
2353 2637 2412 2689 ὲν
2450 2634 2736 2706 ἁγιασμῷ,
2768 2633 3014 2703 φυσικῶς
3049 2634 3148 2704 μὲν
3180 2633 3276 2688 καὶ
3300 2634 3573 2700 ούσιωδὼς
3602 2637 3697 2690 ὲν-

2110 2728 2430 2799 υπάρχοντι,
2460 2728 2582 2782 καθ’
2620 2727 2651 2780 ὃ
2686 2727 2891 2781 νοεῖται
2920 2727 3015 2780 καὶ
3058 2725 3173 2779 ἐστι
3221 2724 3375 2791 Θεὸς,
3420 2729 3701 2800 είσκεκρι-

2114 2819 2291 2891 μένως
2323 2818 2380 2872 δὲ
2403 2814 2470 2872 αὖ
2501 2818 2589 2872 διά
2613 2818 2676 2872 τὸ
2712 2817 3071 2889 ἀνθρώπινον.
3101 2811 3196 2880 εἷς
3221 2817 3278 2871 δὲ
3303 2817 3564 2887 ὑπάρχων
3592 2819 3695 2871 καὶ

2109 2912 2291 2976 αὐτὸς,
2324 2912 2468 2966 κατά
2494 2910 2721 2974 πολλοὺς
2748 2910 3019 2982 ἐγράφετο
3046 2910 3304 2981 τρόπους.
3345 2909 3420 2974 ὡς
3449 2910 3506 2963 έν
3534 2926 3597 2979 γε
3622 2913 3691 2982 τῇ

2107 3004 2218 3059 τῶν
2266 3005 2545 3077 ἀρχόντων
2591 3002 2957 3073 προσκομιδῇ,
3008 3003 3371 3074 ίερουργεῖται
3403 3001 3461 3055 δὲ
3497 3000 3691 3071 ὥσπερ

2111 3098 2204 3150 καὶ
2227 3095 2322 3151 νῦν
2348 3098 2376 3149 ὁ
2404 3095 2656 3167 Χριστὸς,
2687 3093 2774 3148 διὰ
2804 3093 2912 3147 τῶν
2939 3092 3082 3154 κατά
3110 3094 3334 3165 καιροὺς
3367 3092 3688 3164 ἡγουμένων

2111 3188 2463 3258 πολυτρόπως
2484 3188 2791 3259 νοούμενος,
2824 3187 2918 3242 καὶ
2942 3186 3219 3257 διαφόροις
3249 3185 3506 3256 ὀνόμασιν
3532 3187 3690 3238 ἔκτε-

2109 3282 2435 3353 τιμημένος·
2472 3282 2566 3336 καὶ
2594 3281 2715 3336 καθ’
2752 3282 2968 3353 ἡμέραν
2994 3278 3300 3352 προσφορὰ,
3336 3278 3398 3330 τὸ
3435 3277 3685 3331 ἀνεκλεί-

2109 3377 2209 3439 πὲς
2236 3375 2397 3428 οἱονεί
2435 3353 2551 3439 πως
2576 3376 2669 3429 καὶ
2695 3373 3073 3443 ἀκατάληκτον
3098 3372 3199 3441 τῆς
3227 3368 3463 3441 Χριστοῦ
3492 3369 3686 3434 θυσίας

2108 3468 2165 3520 ἐν
2199 3467 2382 3539 ἡμέρᾳ
2417 3467 2565 3538 πάσῃ
2605 3466 2787 3521 καὶτὸ
2824 3466 2885 3518 ὲν
2917 3465 3055 3535 αὐτῇ
3081 3463 3428 3534 καρποφόρον
3467 3461 3574 3515 τῶν
3624 3464 3686 3514 ἐν

2107 3559 2287 3612 πίστει
2316 3559 2747 3630 δεδικαιωμένων
2783 3555 3173 3626 ὑποδηλοῦντος
3213 3553 3308 3608 τοῦ
3336 3553 3682 3625 πράγματος.

2106 3652 2181 3705 Ού
2203 3650 2311 3721 γὰρ
2331 3650 2697 3720 ἐπιλείψουσιν
2720 3649 2771 3702 oi
2787 3648 3183 3720 προσκυνηταὶ,
3203 3646 3317 3700 ἀλλ’
3338 3645 3459 3699 οὐδὲ
3486 3645 3687 3709 σπάνις

2105 3738 2258 3793 ἔσται
2292 3738 2659 3812 δωροφορίας·
2703 3736 3238 3808 προσκομισθήσεται
3263 3735 3319 3789 δὲ
3346 3733 3482 3806 πρὸς
3523 3732 3683 3804 ἡμῶν

2105 3833 2199 3886 καὶ
2227 3831 2367 3903 ὑπὲρ
2396 3830 2553 3903 ἡμῶν
2577 3834 2606 3884 ὀ
2636 3829 2891 3902 Χριστὸς,
2920 3828 3195 3899 μυστικῶς
3233 3826 3677 3899 ἱερουργούμενος

2104 3924 2163 3978 ἐν
2192 3927 2314 3987 ταῖς
2342 3924 2525 3992 ἁγίαις
2560 3924 2805 3991 σκηναῖς.
2839 3921 3010 3984 Αὐτὸς
3050 3920 3106 3973 δὲ
3136 3919 3290 3990 ήμῶν
3331 3916 3681 3991 καρποφορία

2104 4016 2297 4086 πρώτη
2328 4015 2421 4068 καὶ
2463 4013 2764 4083 ἐξαίρετος
2799 4011 3205 4083 προσκεκόμικε
3232 4009 3340 4081 γὰρ
3370 4007 3559 4062 ἑαυτὸν
3595 4009 3681 4070 εἰς

2104 4106 2295 4160 θυσίαν
2342 4105 2420 4177 τῷ
2444 4105 2640 4175 Πατρὶ,
2679 4105 2775 4158 καὶ
2801 4105 2898 4175 οὐχ
2932 4103 3072 4175 ὑπέρ
3122 4119 3187 4170 γε
3219 4101 3417 4173 μᾶλλον
3454 4098 3676 4164 ἑαυτοῦ,

2102 4197 2244 4251 κατά
2283 4197 2372 4252 τὸν
2415 4197 2733 4267 ἀμωμήτως
2770 4195 2961 4266 ἔχοντα
2990 4194 3167 4262 λόγον,
3198 4191 3310 4247 ἀλλ’
3348 4192 3488 4264 ὑπὲρ
3518 4192 3679 4262 ήμῶν

416 4292 583 4354 atque
628 4283 943 4354 praecipua;
1003 4284 1248 4354 seipsum
1282 4285 1431 4339 enim
1496 4285 1704 4340 obtulit
1758 4287 1996 4343 hostiam

2115 4288 2208 4341 τῶν
2229 4287 2335 4341 ὑπὸ
2360 4286 2523 4356 ζυγὸν
2545 4288 2638 4341 καὶ
2668 4288 2880 4358 γραφὴν
2896 4285 3191 4357 ἁμαρτίας.
3213 4283 3349 4338 Καθ’
3377 4283 3678 4354 ὁμοιότητα.

415 4375 563 4431 Patri
618 4391 730 4429 non
778 4390 880 4444 pro
930 4376 1134 4445 seipso,
1189 4384 1252 4431 ut
1306 4392 1441 4432 vera
1488 4377 1627 4457 ﬁ_des
1673 4379 1856 4445 docet,
1900 4381 1996 4436 sed

2115 4378 2160 4433 δὲ
2187 4378 2286 4449 τὴν
2324 4379 2458 4452 πρὸς
2491 4379 2670 4442 αὑτὸν,
2717 4379 2837 4451 ἱερά
2879 4376 3095 4448 θύματα
3140 4375 3234 4443 καὶ
3272 4376 3450 4446 ἡμεῖς,
3483 4374 3675 4445 κόσμῳ

414 4479 518 4537 pro
541 4464 831 4533 nobis,qui
865 4464 970 4519 sub
998 4466 1211 4535 peccati
1228 4467 1359 4536 jugo
1385 4481 1450 4520 ac
1466 4476 1620 4521 reatu
1653 4467 1995 4523 tenebamur.

416 4557 618 4612 Sumus
639 4557 839 4613 deinde
870 4556 940 4611 ad
972 4558 1126 4612 illius
1149 4556 1570 4612 similitudinem
1598 4574 1700 4613 nos
1718 4558 1823 4627 ipsi
1855 4574 1997 4628 quo-

414 4664 521 4718 que
545 4664 712 4707 sacrae
759 4649 1014 4713 victimae,
1038 4663 1164 4704 eum
1195 4650 1403 4704 mundo
1454 4650 1728 4704 morimur
1751 4651 1822 4716 “,
1852 4666 1994 4720 qua-

414 4746 578 4795 tenus
597 4748 885 4811 peccatum
911 4740 969 4794 in
1013 4739 1179 4794 nobis
1211 4748 1491 4795 mortuum
1522 4749 1626 4804 est,
1658 4740 1773 4794 Deo
1803 4748 1992 4797 autem

410 4830 670 4896 vivimus,
695 4831 843 4887 illam
875 4831 932 4886 in
958 4832 1249 4886 sanctitate
1287 4846 1353 4885 ac
1389 4831 1594 4901 pietate
1623 4831 1813 4889 vitam.
1859 4831 1987 4888 Haec

413 4923 559 4977 enim
594 4925 756 4979 nobis
779 4940 892 4994 prae
906 4940 965 4979 se
987 4923 1134 4978 ferre
1150 4923 1371 4978 videtur
1394 4923 1485 4977 illa
1507 4923 1821 4993 principum
1841 4923 1995 4978 obla-

2103 4469 2203 4541 μὲν
2228 4469 2680 4541 ἀποθνήσκοντες,
2707 4469 2784 4533 ὡς
2815 4467 3227 4539 νενεκρωμένης
3268 4466 3367 4535 τῆς
3394 4461 3677 4535 ἁμαρτίας

2098 4561 2157 4613 ὲν
2181 4562 2333 4632 ἡμῖν,
2361 4560 2559 4624 ζῶντες
2581 4561 2637 4614 δὲ
2661 4561 2739 4632 τῷ
2758 4559 2897 4632 Θεῷ,
2922 4559 3020 4629 τὴν
3041 4560 3099 4614 ὲν
3125 4556 3383 4628 ἁγιασμῷ
3409 4557 3504 4609 καὶ
3528 4554 3674 4608 ὁσιό-

2097 4668 2220 4722 τητι
2242 4652 2411 4724 ζωήν.
2434 4655 2603 4708 Ταυτὶ
2630 4653 2740 4726 γὰρ
2765 4656 2897 4725 ἡμῖν
2918 4653 3281 4724 ύπεμφαίνειν
3306 4650 3481 4703 ἔοικεν
3502 4650 3534 4719 ή
3561 4648 3674 4701 τῶν

2097 4744 2374 4815 ἀρχόντων
2408 4746 2765 4816 προσαγωγὴ,
2807 4746 2873 4816 ἢν
2903 4744 2997 4798 καὶ
3032 4745 3136 4798 ἀνά
3175 4745 3340 4813 μέρος
3381 4739 3670 4803 ὲκὸασανίτ

2099 4833 2283 4899 ζοντες
2327 4837 2440 4899 τοῖς
2485 4835 2787 4907 καθήκουσι
2824 4836 3124 4907 λογισμοῖς,
3170 4835 3320 4897 ὅπως
3351 4832 3417 4886 ἂν
3447 4832 3578 4903 ἡμῖν
3610 4825 3669 4883 εὖ

2099 4923 2234 4995 ἔχοι,
2268 4925 2447 4996 βούλει
2482 4926 2732 4999 λέγωμεν
2761 4928 2903 4982 κατὰ
2933 4928 2996 4980 τὸ
3024 4926 3339 4998 ἑγχωροῦν;

414 5014 526 5081 tio;
568 5031 731 5085 quam
780 5017 1025 5085 plaeetne
1063 5031 1162 5086 per
1213 5024 1419 5086 partes,
1465 5026 1528 5072 ut
1570 5017 1731 5073 nobis
1781 5018 1988 5088 optime
2026 5016 2230 5074 habere
2284 5018 2584 5086 videbitur,
2648 5020 3080 5092 congruentibus
3125 5019 3433 5076 rationibus
3457 5013 3671 5071 cxami-
3781 5036 3787 5040 ·

412 5122 631 5170 nemus,
664 5114 850 5176 atque,
885 5109 1065 5178 quoad
1095 5108 1215 5163 ﬁeri
1252 5108 1477 5178 poterit,
1515 5110 1889 5180 explicemus?

479 5196 675 5252 PALL.
698 5197 828 5250 Mihi
860 5213 991 5254 sane
1016 5203 1216 5269 placet.

476 5286 633 5343 (ΠΒ.
662 5285 872 5341 Allatus
896 5288 1063 5356 igitur
1098 5298 1182 5346 est
1206 5308 1236 5347 a
1264 5290 1496 5362 singulis
1554 5290 1796 5356 vitulus';
1824 5289 1982 5343 vehi—

410 5370 644 5446 culaque
683 5388 778 5432 sex
824 5392 1076 5443 numero,
1128 5382 1301 5437 sacris
1344 5382 1605 5452 operibus
1639 5381 1980 5437 tabernaculi

410 5468 673 5523 attributa
706 5478 854 5524 sunt.
891 5469 1098 5525 Deinde
1126 5487 1157 5526 a
1193 5473 1426 5542 singulis
1456 5474 1672 5529 eatinus
1700 5489 1844 5528 unus
1883 5489 1976 5528 ar-

490 5631 536 5664 ⁸³
555 5646 717 5704 Num.
755 5666 849 5719 vn,
884 5650 1070 5707 40-17.
1150 5651 1192 5684 ⁸⁸⁸
1222 5654 1378 5708 Rom.
1411 5668 1485 5720 γι,
1519 5653 1570 5708 5.

2166 5201 2374 5255 ΠΛΛΛ.
2406 5201 2514 5275 Kal
2549 5201 2714 5270 μάλα.

2166 5294 2328 5347 ΚΥΡ.
2362 5295 2832 5369 Προσκεκόμισται
2863 5300 2960 5369 μὲν
2983 5295 3076 5353 οὖν
3116 5301 3269 5373 παρά
3298 5302 3531 5357 ἑκάστου
3565 5304 3669 5375 μό-

2093 5402 2248 5456 σχος·
2282 5387 2671 5458 ὲκνενέμηνται
2714 5391 2770 5442 δὲ
2829 5395 2944 5455 τοῖς
2964 5393 3131 5464 ἱεροῖς
3165 5393 3348 5463 ἔργοις
3374 5393 3473 5465 τῆς
3505 5395 3671 5464 ἁγίας

2088 5476 2313 5547 σκηνῆς,
2338 5476 2398 5542 ἓξ
2429 5473 2585 5534 οὖσαι
2613 5481 2706 5537 τὸν
2737 5481 2972 5553 ἀριθμὸν
3008 5484 3067 5536 αἱ
3102 5483 3329 5556 ἅμαξαι.
3368 5479 3500 5539 Εἶτα
3535 5488 3671 5558 παρ’
