3962 6296
194 316 303 370 709

950 313 1034 368 ΟΕ
1072 311 1515 369 ADORATIONE
1551 310 1616 366 ΙΝ
1658 309 1927 369 SPlIllTU
1968 310 2058 366 ΕΤ
2092 307 2461 368 VENTATE.
2504 306 2630 361 LIB.
2673 305 2739 360 Χ.

3365 302 3467 355 7w

199 429 429 484 ἑκάστου
459 424 721 497 τρυϐλίον
776 426 837 478 ἓν
882 425 1181 497 ἀργυροῦν,
1210 426 1305 480 καὶ
1337 425 1503 496 φιάλη
1548 424 1665 496 μία,
1697 424 1794 477 καὶ

1902 433 2145 495 genteus,
2181 433 2236 478 et
2263 421 2446 493 phiala
2467 435 2596 483 una,
2625 428 2682 473 ct
2745 426 2999 487 utraque,
3050 414 3250 486 inquit,
3305 414 3467 484 plena

204 519 508 590 ἀμφότερα,
540 517 701 586 φησὶ,
737 517 920 587 πλήρη
948 516 1279 587 σεμιδάλεως
1314 516 1791 586 ἀναπεποιημένης

208 614 263 666 ὲν
307 611 474 681 ἐλαίῳ
497 651 513 674 ,
567 608 768 679 θυῖσκη
806 609 907 679 μία
953 607 1298 679 θυμιάματος
1337 606 1609 676 ἔμπλεως,
1639 605 1792 675 κριὸς

210 693 304 763 εἷς,
347 698 525 767 ἀμνὸς
569 691 650 761 εἷς
686 696 955 759 ἐνιαύσιος
1003 696 1084 759 είς
1131 695 1512 766 ὁλοκαύτωμα,
1559 695 1793 766 χίμαρος

210 791 265 857 ἐξ
291 789 466 858 αἰγῶν
489 789 626 859 περὶ
655 787 933 860 ἁμαρτίας
958 803 971 817 °
1004 787 1098 841 καὶ
1131 788 1293 842 ταυτὶ.
1330 789 1430 859 μὲν
1462 787 1534 841 τά
1562 788 1793 841 ὁλοκαυ-

206 880 453 951 τώματα.
497 876 904 949 Προσεκόμιζον
936 876 995 930 δὲ
1044 876 1139 930 καὶ
1170 877 1251 939 εἰς
1279 875 1468 931 θυσίαν
1497 876 1788 947 σωτηρίου,

207 972 356 1041 φησὶ,
387 969 655 1040 δαμάλεις
689 967 803 1034 δύο,
836 967 1031 1040 κριοὺς
1087 966 1289 1033 πέντε,’
1327 968 1565 1039 τράγους
1604 967 1788 1029 πέντε,

207 1063 446 1136 ἀμνάδας
476 1064 788 1127 ἐνιαυσίους
815 1062 1003 1119 πέντε.

273 1155 483 1207 ΠΔΛΛ.
521 1154 701 1224 Φράζε
733 1153 798 1224 δή
828 1148 922 1209 οὖν
948 1155 1041 1209 καὶ
1068 1154 1175 1227 πρό
1211 1170 1276 1225 γε
1302 1152 1411 1206 τῶν
1441 1151 1634 1214 ἀλλων,
1657 1151 1709 1204 τί
1730 1134 1792 1204 τι

210 1247 433 1317 μεταξὺ,
468 1239 567 1300 καὶ
591 1246 752 1301 ποίαν
774 1248 838 1301 ἄν
867 1264 955 1310 τις
979 1247 1123 1300 εῐποι
1156 1247 1255 1319 τὴν
1278 1244 1544 1316 διαφορὰν
1570 1244 1666 1313 τῆς
1695 1242 1789 1297 τοῦ

210 1337 472 1407 σωτηρίου
515 1335 730 1399 θυσίας,
771 1335 866 1389 καὶ
887 1334 1361 1406 ὁλοκαυτώματος.

272 1428 437 1483 ΚΥΡ.
470 1429 668 1482 ’Ἄκουε
700 1428 783 1499 δή.
817 1427 897 1481 Τά
935 1427 1035 1498 μὲν
1065 1426 1175 1498 γὰρ
1211 1424 1647 1495 ὁλοκαυτώματα
1682 1422 1790 1477 τῶν

208 1519 358 1584 ζώων
390 1518 491 1573 ὅλα
544 1518 611 1572 δι’
642 1520 798 1579 ὅλων,
834 1516 965 1589 ἱερῷ
1007 1518 1099 1570 καὶ
1140 1516 1394 1587 ἀσϐέστῳ
1426 1513 1791 1583 κατεφλέγετο

208 1612 356 1683 πυρὶ,
387 1611 605 1675 οὐδενὸς
658 1608 993 1680 τδσύμπαν
1042 1607 1423 1680 ὲξῃρημένου,
1471 1607 1590 1662 ἀλλ’
1622 1606 1789 1661 οἱονεί

208 1719 321 1765 πως
359 1701 563 1764 παντὸς
617 1699 805 1771 μορίου
857 1699 953 1753 καὶ
1006 1698 1202 1769 μέλους
1232 1700 1312 1762 εἰς
1348 1696 1523 1769 ὀσμὴν
1564 1698 1791 1761 εὐωδίας

1893 515 2072 571 simila
2097 530 2392 585 conspersa
2435 514 2589 579 oleo;
2620 510 3001 566 mortariolum
3036 524 3207 563 unum
3252 507 3467 562 incensi

1890 606 2141 676 plenum,
2166 605 2311 660 aries
2329 619 2497 668 unus,
2549 617 2723 673 agnus
2770 615 2916 654 unus
2945 599 3235 653 anniculus
3261 599 3317 651 in
3352 597 3457 651 ho-

1892 698 2221 763 locaustum,
2245 696 2436 752 haedus
2458 710 2489 750 e
2520 693 2703 764 capris
2731 706 2877 747 unus
2899 706 3001 761 pro
3018 698 3271 760 peccato;
3304 699 3467 759 atque

1891 789 2008 844 haec
2023 788 2246 858 quidem
2273 786 2589 841 holocausta
2616 784 2789 839 fuere.
2828 781 3163 838 Obtulerunt
3199 791 3469 852 praeterea

1891 881 1950 935 in
1977 881 2215 936 hostiam
2246 878 2505 935 salutaris
2548 877 2752 931 vitulas
2781 874 2940 937 duas,
2970 874 3172 929 arietes
3199 873 3467 943 quinque,

1890 972 2078 1027 hircos
2102 971 2366 1042 quinque,
2395 984 2563 1041 agnos
2587 966 2874 1022 anniculos
2897 964 3164 1035 quinque.

1887 1151 1896 1161 ’
1959 1149 2156 1205 PALL.
2189 1148 2412 1219 Expone
2433 1146 2598 1218 igitur
2624 1144 2760 1199 illud
2800 1141 3083 1213 inprimis,
3121 1141 3255 1211 quid
3290 1141 3466 1197 inter-
3544 1187 3549 1191 .

1888 1242 1960 1297 sit
1984 1240 2185 1311 quidve
2225 1239 2451 1293 dill‘erre
2478 1235 2774 1292 dicendum
2816 1233 2890 1289 sit
2922 1233 3068 1287 inter
3110 1232 3346 1287 hostiam
3372 1246 3465 1286 sa-

1889 1329 2085 1384 lutaris
2115 1338 2173 1383 et
2196 1328 2597 1383 holocaustum.

1958 1420 2115 1476 ΟΥΕ.
2141 1419 2342 1488 Accipe
2373 1417 2559 1488 igitur.
2582 1415 2718 1471 Nam
2741 1415 2832 1470 illa
2855 1430 2921 1470 ex
2949 1413 3323 1469 animantibus
3362 1414 3467 1469 ho-

1888 1511 2133 1565 loCausta
2169 1518 2281 1564 tota
2318 1525 2387 1564 ex
2412 1507 2561 1563 omni
2592 1515 2748 1578 parte
2800 1505 2908 1577 igni
2949 1521 3108 1560 sacro
3129 1514 3297 1575 atque
3333 1521 3467 1575 per-

1888 1609 2055 1672 petuo
2087 1601 2497 1666 cremabantur,
2547 1599 2700 1654 nulla
2744 1605 2901 1669 parte
2933 1598 3159 1652 omnino
3209 1604 3462 1666 excepta,

1888 1693 1985 1748 sed
2013 1692 2300 1763 particulis
2352 1692 2466 1747 fere
2532 1690 2790 1745 omnibus
2814 1705 2879 1744 ac
2920 1689 3185 1744 membris
3212 1688 3469 1743 omnibus

206 1790 589 1854 ἀναϐαίνοντος
612 1789 691 1860 τῷ
728 1786 854 1858 θεῷ,
885 1788 954 1842 τά
983 1787 1040 1841 δέ
1075 1803 1140 1856 γε
1169 1787 1312 1858 ὑπὲρ
1341 1789 1443 1859 τῆς
1476 1786 1573 1841 τοῦ
1613 1804 1788 1858 σωτη-

1902 1785 1948 1838 in
1977 1783 2203 1837 odorem
2228 1783 2525 1837 suavitatis
2550 1782 2618 1836 ad
2642 1782 2816 1836 Deum
2853 1779 3314 1845 ascendentibus;
3344 1794 3468 1848 quae

210 1884 323 1953 ρίου
358 1881 552 1945 θυσίας
595 1878 929 1950 σφαζόμενα,
960 1877 1192 1949 μερικὴν
1224 1878 1436 1949 ἐδέχετο
1473 1878 1574 1951 τὴν
1603 1877 1793 1932 καθιέ-

202 1992 393 2046 ρωσιν,
439 1974 517 2045 ᾡς
553 1973 612 2025 ἐν
655 1970 791 2042 ὤμῳ
822 1968 1246 2041 δεξιῷηκεφαλῇ
1280 1985 1343 2023 τε
1377 1968 1474 2024 καὶ
1519 1969 1668 2034 ποσὶ,
1701 1985 1790 2022 νε-

202 2068 361 2136 φροῖς
386 2066 480 2119 xal
496 2064 692 2135 ἥπατι,
718 2061 811 2116 καὶ
840 2060 1049 2131 ἑτέροις
1073 2061 1186 2114 τισὶ
1219 2063 1328 2124 τοῖς
1354 2061 1434 2123 εἰς
1452 2059 1514 2113 τὸ
1540 2060 1671 2113 εῐσω
1697 2058 1791 2113 καὶ

204 2155 517 2219 ινδοσθίοις.
548 2154 759 2225 Πρέπει
793 2152 858 2225 δὴ
879 2149 973 2207 οῦν
1000 2152 1063 2206 τὸ
1087 2150 1515 2206 ὁλοκαυτοῦσθαι
1539 2149 1782 2221 Χριστῷ·

204 2249 304 2303 καὶ
337 2248 449 2318 γάρ
476 2248 626 2300 ἐστιν
657 2243 875 2317 ἀληθῶς
915 2244 1035 2308 ὅλος
1068 2242 1244 2312 ἅγιος,
1274 2242 1484 2313 εὐώδης
1512 2241 1658 2305 ἄπας
1694 2240 1789 2294 καὶ

212 2341 378 2412 ἱερός.
430 2341 594 2410 Ἡμῖν
631 2338 688 2391 δὲ
728 2338 960 2402 οἰκεῖον,
994 2336 1058 2391 τὸ
1094 2336 1195 2390 οὐκ
1228 2332 1461 2388 είσάπαν
1484 2332 1659 2401 ἅγιον,
1695 2331 1790 2385 καὶ

208 2437 304 2507 οὐχ
333 2434 653 2506 ὁλοκλήρως
685 2431 853 2504 ἱερὸν,
876 2425 959 2495 οἷς
988 2428 1163 2484 ἔνεστί
1185 2446 1239 2483 τι
1263 2429 1359 2483 καὶ
1396 2425 1676 2498 μολυσμοῦ
1703 2425 1793 2479 διὰ

203 2528 300 2601 τήν
332 2532 393 2584 ὲν
418 2530 557 2599 ἡμῖν
586 2525 885 2598 ἁμαρτίαν.
941 2542 960 2575 ι
1013 2520 1271 2593 Καθαρδς
1309 2518 1417 2590 γὰρ
1473 2517 1649 2579 οὐδεὶς
1685 2515 1793 2570 ἀπὸ

208 2618 435 2691 ρύπου,ι
458 2618 556 2672 καὶ
588 2636 606 2668 ι
636 2611 1068 2686 Παραπτώματα
1101 2611 1186 2676 τίς
1209 2610 1469 2680 συνήσει;
1511 2626 1528 2659 ι
1564 2606 1705 2660 κατά
1736 2606 1797 2660 τὸ

205 2694 720 2784 γεγραῖιμένονΔιά
736 2703 894 2760 τοῦτο
907 2703 1003 2776 τὴν
1023 2698 1165 2774 ὑπὲρ
1176 2701 1268 2755 τοῦ
1288 2699 1555 2771 σωτηρίου
1580 2697 1792 2763 θυσίαν,

201 2803 303 2872 οὐχ
328 2801 629 2856 ὀλόκαυτον
660 2800 690 2852 6
727 2796 910 2868 νόμος,
938 2793 1179 2868 μερικῶς
1198 2792 1256 2846 δὲ
1285 2790 1483 2862 μᾶλλον
1515 2786 1792 2860 καθιεροῦ-

215 2893 330 2947 σθαι
356 2893 473 2946 δεῖν
512 2887 572 2946 εὖ
609 2890 752 2961 μάλα
781 2888 1167 2961 προστέταχεν.
1199 2879 1327 2956 'Ap’
1354 2876 1469 2943 οὖν,
1501 2872 1547 2934 ὦ
1580 2877 1791 2932 Παλλάο

207 2986 304 3048 διε,
333 2985 519 3055 σαφής
551 3000 635 3037 σοι
666 2981 760 3036 καὶ
792 2979 1049 3052 ἀποχρῶν
1076 2981 1155 3042 είς
1184 2973 1451 3048 εὐμαθίαν
1475 2974 1503 3027 6
1526 2971 1721 3039 λόγος;

1886 1890 2023 1930 vero
2046 1890 2147 1945 pro
2173 1875 2356 1929 hostia
2391 1874 2619 1929 salutari
2653 1873 3033 1939 caedebantur,
3074 1887 3140 1927 ea
3174 1886 3467 1927 consecra-

1887 1967 2091 2022 bantur
2132 1982 2200 2021 οι
2224 1972 2402 2037 parte,
2434 1964 2598 2037 364
2643 1973 2705 2019 ut
2750 1965 2946 2020 dexter
2972 1965 3266 2028 humerus,
3307 1971 3469 2033 caput

1888 2056 2069 2112 etiam
2099 2070 2167 2110 ac
2187 2054 2379 2125 pedes,
2411 2068 2577 2109 renes
2600 2069 2664 2107 ac
2681 2055 2861 2125 jecur,
2897 2052 3176 2106 nonnullae
3208 2062 3469 2121 praeterea

1886 2147 2185 2204 reconditae
2204 2154 2392 2217 partes
2440 2152 2497 2200 et
2533 2145 2829 2200 intestinae.
2880 2143 3103 2199 Christo
3134 2141 3303 2212 igitur
3332 2156 3471 2195 con~

1884 2241 2039 2297 venit
2060 2241 2117 2295 in
2134 2240 2519 2294 holocaustum
2551 2235 2774 2292 oﬂ‘erri:
2802 2243 2886 2290 est
2909 2234 3061 2289 enim
3088 2248 3279 2288 revera
3326 2240 3472 2285 totus

1885 2341 2129 2397 sanctus,
2172 2339 2322 2386 totus
2358 2329 2529 2385 odore
2584 2327 2870 2384 suavitatis
2908 2327 3106 2396 plenus
3167 2339 3233 2378 ac
3291 2337 3469 2376 sacer.

1885 2424 2060 2479 Nobis
2082 2431 2265 2478 autem
2288 2422 2382 2476 illa
2403 2420 2630 2476 victima
2651 2417 2874 2490 pr0prie
2909 2413 3192 2478 convenit,
3209 2428 3332 2484 quae
3358 2427 3471 2466 non

1888 2526 1975 2572 est
2024 2533 2093 2572 ex
2147 2515 2297 2571 omni
2338 2522 2494 2585 parte
2544 2520 2752 2575 sancta,
2786 2524 2966 2579 neque
3010 2507 3239 2562 omnino
3292 2518 3470 2570 sacra,

1891 2608 2098 2678 quibus
2128 2606 2383 2662 nonnihil
2430 2604 2662 2659 maculae
2700 2603 2846 2657 inest
2887 2606 3116 2670 propter
3160 2603 3471 2667 peccatum,

1893 2698 2041 2769 quod
2083 2707 2171 2753 est
2218 2697 2272 2752 in
2301 2696 2463 2752 nobis
2498 2711 2512 2749 :
2557 2713 2576 2746 ι
2603 2694 2774 2749 Nemo
2814 2692 2962 2746 enim
3013 2689 3253 2744 mundus
3296 2703 3327 2742 a
3358 2701 3477 2741 sor—

1894 2791 1963 2846 de
1986 2791 2063 2857 ";
2092 2811 2110 2842 ι
2132 2799 2189 2846 ct
2221 2808 2234 2844 :
2268 2808 2285 2841 ‹
2306 2788 2515 2849 Delicta
2539 2787 2664 2857 quis
2690 2784 2956 2855 intelliget
2978 2783 3059 2837 ⁸⁸⁸1
3080 2801 3099 2834 ι
3128 2790 3191 2837 ut
3210 2780 3476 2850 scriptum

1893 2890 1996 2938 est.
2033 2870 2116 2937 Ob
2140 2897 2260 2937 eam
2292 2880 2479 2950 itaque
2508 2875 3003 2941 causam,bostiam
3029 2888 3152 2944 quae
3179 2886 3283 2943 pro
3300 2870 3476 2925 salute

1898 2974 2258 3037 offerebatur,
2282 2986 2390 3025 non
2414 2969 2726 3024 universam
2754 2965 2998 3030 incendi,
3046 2964 3143 3019 sed
3169 2963 3360 3033 potius
3407 2975 3475 3015 ex

209 3089 361 3151 parte
390 3052 705 3134 consecrari
720 3073 942 3138 debere,
971 3073 1060 3127 lex
1090 3066 1397 3126 rectissime
1413 3061 1595 3137 jussit.
1626 3060 1769 3115 Num
1807 3060 1995 3132 igitur,
2026 3061 2251 3126 Palladi,
2313 3057 2602 3130 perspicua
2659 3056 2759 3111 tibi
2800 3062 2886 3111 est
2938 3069 3061 3109 mea
3099 3054 3297 3119 oratio,
3323 3060 3380 3108 et
3407 3052 3477 3107 ad

214 3169 634 3242 intelligendum
668 3166 802 3223 satis
822 3164 986 3236 apta?

283 3265 495 3320 IlAAA.
526 3262 636 3319 Kal
668 3259 834 3332 μάλα.

283 3358 437 3411 ΣΥΡ.
466 3354 604 3422 Φέρε
630 3352 695 3426 δὴ
717 3349 832 3415 οῦν,
859 3348 947 3403 ἐπ’
973 3348 1150 3402 ἐκεῖνο
1178 3345 1349 3415 ἴωμεν
1376 3345 1457 3408 εἷς
1480 3362 1541 3412 γε
1562 3344 1644 3406 τὸ,
1671 3340 1797 3394 ἐκά-

221 3468 323 3522 στῳ
350 3448 500 3521 φημὶ
530 3446 639 3500 τῶν
678 3440 1217 3517 προσενηνεγμένων,
1261 3437 1429 3506 φάναι
1462 3440 1534 3497 τί,
1569 3433 1662 3487 καὶ
1694 3430 1801 3502 μὴν

219 3545 309 3597 καὶ
337 3541 576 3596 συνιέναι
602 3538 711 3591 τῶν
745 3533 1061 3602 ἀναγκαίων
1082 3531 1162 3594 είς
1193 3529 1400 3600 ὄνησιν.

284 3636 496 3689 ΠΑΛΛ.
538 3630 645 3685 Ἴθι
683 3629 748 3700 δὴ
777 3624 891 3682 οὖν.

285 3728 453 3782 ΚΥΡ.
487 3726 644 3778 Ἔστι
680 3723 861 3776 τοίνυν
890 3720 958 3774 τὰ
1006 3717 1141 3789 παρ’
1191 3715 1421 3770 ἑκάστου
1455 3708 1564 3765 τῶν
1593 3708 1800 3781 φυλάρ-

221 3836 345 3892 χων,
375 3815 630 3889 τρυϐλίον
677 3809 952 3884 ἀργυροῦν
1001 3807 1059 3860 ἓν
1094 3807 1189 3860 καὶ
1218 3803 1384 3873 φιάλη
1415 3800 1534 3873 μία,
1568 3799 1662 3853 καὶ
1695 3798 1802 3867 ἀμ-

222 3888 422 3980 ιρὸτερα
468 3906 654 3977 πλήρη
702 3901 1039 3973 σεμιδάλεως
1080 3893 1564 3963 ἀναπεποιημένης
1609 3888 1797 3959 ὲλαίῳ.
1835 3960 1841 3965 1

222 3977 292 4057 'l‘b
326 3977 427 4073 μὲν
453 3993 550 4052 οὖν
575 3993 825 4066 τρυϐλίον
850 3992 969 4043 ἐστὶ
1007 3990 1119 4052 τοῖς
1150 3985 1437 4055 ὲδωδίμοις
1470 3977 1799 4051 ὑπηρετοῦν,

223 4068 427 4154 καὶέἰς
453 4085 759 4158 ὀψοφαγίαν
806 4082 1100 4153 χρήσιμον,
1141 4076 1278 4130 καθὸ
1316 4074 1410 4128 καὶ
1464 4071 1630 4133 αὐτὸς
1688 4068 1799 4121 ὲδί-

221 4184 373 4248 δαξεν
409 4182 439 4234 ὁ
479 4179 671 4249 Σωτὴρ
702 4169 1175 4245 φιλοπνευστοῦντι
1236 4166 1457 4236 Ἰωάννῃ
1487 4162 1566 4234 τῷ
1594 4160 1803 4231 γνησίῳ

164 4285 168 4289 ⁴
230 4276 443 4347 μαθητῇ
513 4274 596 4333 τίς
660 4270 689 4322 ὁ
733 4263 1073 4338 παραδώσων
1114 4260 1297 4324 αὐτὸν,
1341 4278 1360 4311 ι
1417 4257 1474 4311 ’0
1526 4254 1803 4347 ἐμϐάψας,

228 4346 379 4440 smel,
405 4367 524 4438 μετ’
550 4361 687 4435 ἐμοῦ
716 4361 815 4432 τὴν
848 4361 1009 4430 χεῖρα
1041 4357 1100 4408 ὲν
1130 4350 1209 4423 τῷ
1232 4349 1492 4422 τρυϐλίῳ,
1537 4366 1556 4398 ι
1597 4346 1799 4440 Φιάλης

226 4433 368 4514 δὲττί
397 4433 466 4514 ἀν
487 4433 704 4526 λέγοιμι
733 4452 832 4523 τὴν
860 4449 1070 4522 χρείαν,
1114 4440 1535 4514 διακεκραγότος
1583 4435 1681 4490 ὡδὶ
1707 4433 1803 4488 τοῦ

228 4553 591 4623 πράγματος;
622 4545 736 4601 Καὶ
777 4544 1002 4614 σημεῖον
1053 4540 1216 4610 ἄρτου
1253 4530 1554 4603 σεμίδαλις,
1594 4528 1676 4582 ὅτι
1713 4526 1807 4623 καὶ

229 4616 287 4707 ἐξ
326 4616 497 4712 αῦτῆς
536 4638 721 4709 ἄρτος,
763 4635 927 4705 ἄρτος
958 4631 1015 4684 δὲ
1042 4629 1208 4698 ζωῆς.
1250 4628 1280 4679 6
1309 4616 1803 4712 Χριστός.οῦκοῦν

231 4737 303 4799 ὡς
339 4736 397 4787 ἐν
421 4708 501 4802 τῷ
529 4708 767 4801 τρυϐλίῳ
794 4727 891 4779 καὶ
928 4725 985 4777 ὲν
1027 4723 1093 4791 τῇ
1130 4717 1314 4790 φιάλῃ,
1348 4714 1446 4768 καὶ
1474 4713 1549 4774 ὡς
1575 4708 1805 4802 ὲνάρτιρ

229 4828 304 4897 τῷ
335 4829 394 4881 ἐν
449 4799 685 4895 ἀμφοῖν,
740 4818 920 4889 πλήρη
968 4812 1078 4884 γάρ
1130 4808 1199 4882 ἦν
1248 4800 1702 4897 σεμιδάλεωςΙ-ώς
1748 4799 1807 4897 εν

234 4888 427 4988 βρώσει
478 4888 557 4969 τε-
584 4913 681 4966 καὶ
710 4888 887 4970 πόσει,
936 4905 1050 4976 ζωὴ
1084 4903 1177 4955 καὶ
1205 4895 1468 4988 ζωοποιὸς
1569 4888 1806 4988 ξρισξρς

234 4977 576 5081 σημαίνεται.
614 5022 633 5056 ι
687 5000 860 5072 Ἀμὴν
924 4999 1052 5067 γὰρ,
1115 4991 1271 5062 φησὶ,
1322 4987 1467 5081 λέγω
1514 4984 1677 5081 ῦμῖν,
1715 4977 1811 5081 ἐὰν

238 5068 317 5173 μή.
345 5102 560 5171 φάγητε
594 5096 694 5166 τὴν
722 5068 901 5162 σάρκα
925 5087 1018 5142 τοῦ
1051 5083 1183 5139 Υἱοῦ
1209 5081 1305 5173 τοῦ
1357 5068 1811 5173 ἀνθρώπω-καὶ

236 5164 393 5263 ἐπξῆτέ
426 5164 595 5244 αῦτοῦ
624 5164 687 5240 τὸ
716 5180 873 5255 αἷμα,
919 5181 1019 5233 οὐκ
1060 5177 1211 5247 ἔχετε
1244 5172 1389 5243 ζωὴν
1418 5171 1475 5221 ὲν
1516 5164 1749 5263 ἑαυτοῖς..

248 5248 438 5349 Ἐλαίῳ
467 5274 524 5332 δὲ
559 5277 658 5343 τὴν
688 5248 962 5343 σεμίδαλιν
1000 5258 1424 5321 καταδεδεῦσθαί
1470 5269 1656 5325 φησιν,
1682 5248 1816 5347 αὖτέ

238 5389 340 5426 που
365 5371 425 5425 τὸ
458 5372 517 5423 ὲν
559 5366 808 5434 Ψαλμοῖς
838 5353 1313 5429 άναμελῳδοῦντος
1359 5345 1523 5400 οἱονεί
1569 5359 1671 5395 που
1719 5336 1814 5391 τοῦ

236 5460 429 5516 τύπου·
467 5479 486 5511 ί
533 5428 859 5525 Ἥγάπησας
891 5428 1258 5511 δικαιοσύνην,
1287 5438 1381 5494 καὶ
1404 5437 1674 5525 ἐμίσησας
1701 5428 1817 5482 ἀδι-

241 5552 387 5617 κίαν,
406 5549 497 5604 διὰ
527 5521 690 5602 τοῦτο
728 5521 913 5616 ἐχρισὲ
945 5556 1007 5593 σε
1037 5541 1066 5591 6
1087 5536 1240 5600 Θεὸς,
1270 5534 1300 5585 6
1327 5529 1460 5593 Θεός
1501 5542 1594 5583 σου
1636 5521 1816 5577 ἔλαιον

634 5634 657 5673 Ι

1822 3251 1865 3311 (ι
1973 3241 2171 3298 PALL.
2200 3238 2344 3293 Sane
2369 3251 2523 3291 vero.

1969 3334 2130 3389 CYR.
2160 3331 2270 3401 Age
2308 3328 2473 3399 igitur
2502 3336 2793 3396 pergamus
2819 3319 2888 3374 de
2920 3318 3008 3383 iis,
3044 3332 3165 3386 qua:
3190 3332 3221 3371 a
3246 3315 3478 3385 singulis

1899 3429 2083 3485 oblata
2109 3431 2256 3488 sunt,
2289 3419 2497 3491 aliquid
2523 3419 2708 3473 dicere
2751 3424 2917 3484 atque
2946 3411 3280 3481 intelligere.
3327 3408 3475 3478 quod

1898 3522 2244 3577 fructuosum
2267 3515 2341 3571 sit
2362 3513 2629 3568 futurum.

1971 3609 2172 3665 PALL.
2199 3607 2369 3675 Perge
2400 3602 2589 3673 igitur.

1975 3701 2133 3758 CYR.
2169 3698 2296 3753 Haec
2324 3705 2452 3751 sunt
2500 3705 2630 3761 ergo
2659 3704 2692 3743 a
2719 3685 2946 3758 singulis
2985 3682 3227 3738 tribuum
3268 3679 3478 3751 princi—

1899 3792 2065 3863 pibus
2088 3789 2292 3851 oblata,
2332 3782 2549 3839 catinus
2585 3788 2884 3849 argenteus
2921 3789 3086 3839 unus,
3108 3771 3293 3843 phiala
3347 3785 3476 3835 una,

1899 3862 1957 3940 et
2004 3890 2238 3951 utraque
2295 3877 2457 3948 plena
2511 3870 2708 3928 simila:
2748 3867 3014 3924 confectae
3050 3865 3174 3920 oleo
3220 3862 3481 3917 :catinus

1900 3975 2087 4044 itaque
2115 3949 2184 4025 ad
2237 3967 2521 4023 esculenta
2573 3958 2905 4016 continenda
2955 3964 3040 4011 est
3089 3962 3271 4023 aptus,
3323 3956 3381 4006 et
3410 3949 3479 4004 ad

1901 4067 2187 4139 pulmenta
2219 4074 2383 4116 usum
2419 4055 2620 4111 habet:
2657 4050 2804 4122 quod
2857 4048 3026 4103 etiam
3060 4046 3178 4115 ipse
3230 4043 3482 4099 Salvator

1903 4132 2113 4219 docuit,
2148 4152 2244 4223 qui
2276 4146 2475 4205 Joanni
2499 4145 2580 4198 illi
2612 4141 2759 4197 ﬁdeli
2785 4137 3054 4207 discipulo
3074 4132 3481 4223 r0ganti,quis—

1901 4264 2032 4305 nam
2064 4221 2245 4317 ipsum
2285 4238 2592 4295 traditurus
2618 4241 2797 4287 esset:
2840 4248 2857 4278 ι
2883 4227 2989 4294 Qui
3048 4222 3356 4284 intinxerit,
3392 4221 3481 4275 in--

1904 4312 2328 4409 quin—mecum
2356 4339 2579 4383 manum
2633 4322 2690 4375 in
2742 4319 2925 4374 catino
2974 4316 3037 4369 ⁸⁷.
3075 4334 3094 4365 ι
3140 4314 3218 4368 De
3266 4312 3471 4382 phiala!

1905 4406 2089 4486 autem
2115 4440 2219 4479 usu
2247 4420 2379 4492 quid
2396 4418 2595 4472 attinet
2619 4412 2827 4474 dicere,
2866 4423 3030 4479 quem
3072 4406 3187 4475 ipsa
3237 4419 3327 4458 res
3346 4417 3482 4458 voce

1907 4531 2049 4589 pene
2094 4491 2288 4568 testari
2345 4503 2601 4563 videtur?
2654 4498 2847 4556 Simila
2886 4511 3054 4567 porro
3103 4493 3262 4565 panis
3293 4503 3376 4547 est
3404 4491 3482 4545 si-

1837 4586 1883 4653 Π
1909 4581 2102 4680 gnum,
2133 4619 2202 4659 ex
2240 4602 2335 4656 illa
2389 4608 2629 4665 namque
2660 4591 2721 4646 ﬁt
2749 4590 2910 4660 panis
2935 4606 2947 4641 :
2981 4595 3067 4643 est
3114 4592 3296 4640 autem
3327 4581 3485 4653 panis

1911 4672 2037 4754 vita
2065 4693 2337 4752 Christus.
2374 4687 2547 4759 Igitur
2608 4690 2870 4753 tanquam
2936 4678 2992 4732 in
3054 4675 3258 4737 catino,
3322 4681 3380 4727 et
3428 4672 3483 4727 in

1903 4789 2109 4861 phiala,
2139 4793 2195 4841 et
2254 4791 2516 4849 tanquam
2549 4774 2609 4829 in
2660 4787 2826 4843 pane,
2857 4768 2953 4839 qui
2984 4768 3039 4822 in
3076 4774 3313 4834 utroque
3352 4774 3484 4816 vase

1904 4852 2044 4947 erat,
2076 4893 2202 4934 cum
2230 4883 2525 4940 utrumque
2556 4866 2780 4937 plenum
2811 4868 2956 4917 esset
2984 4857 3198 4920 similae,
3220 4852 3485 4909 nimirum

1907 4944 2168 5037 tanquam
2192 4964 2249 5018 in
2302 4960 2430 5016 cibo
2484 4970 2548 5012 ac
2586 4962 2721 5024 potu
2759 4949 3033 5014 Christus,
3088 4946 3183 5016 qui
3221 4944 3333 5000 vita
3378 4950 3483 5005 est,

1916 5035 2078 5127 atque
2101 5052 2424 5115 viviﬁcator,
2445 5044 2802 5118 signiﬁcatur.
2837 5039 3025 5108 lnquit
3049 5037 3230 5093 enim:
3270 5054 3289 5086 ι
3311 5035 3486 5088 Amen

1916 5125 2040 5211 dico
2062 5149 2241 5212 vobis,
2263 5145 2369 5201 nisi
2406 5135 2869 5197 manducaveritis
2897 5147 3118 5189 carnem
3146 5129 3273 5185 Filii
3305 5125 3486 5182 homi-

1912 5245 2000 5300 nis
2020 5251 2078 5297 et
2120 5237 2375 5296 biberitis
2403 5236 2523 5306 ejus
2560 5228 2903 5300 sanguinem,
2950 5240 3063 5280 non
3095 5217 3371 5277 habebitis
3400 5215 3486 5268 vi—

1914 5343 2025 5389 tam
2048 5332 2105 5386 in
2159 5328 2318 5386 vobis
2346 5325 2410 5377 ‘3.
2445 5342 2464 5375 ι
2498 5321 2632 5377 Oleo
2676 5325 2859 5374 autem
2905 5314 3141 5371 similam
3172 5310 3340 5364 fuisse
3368 5320 3487 5359 ma-

1914 5425 2205 5490 defactam,
2238 5415 2447 5487 inquit:
2484 5413 2540 5467 in
2586 5424 2697 5481 quo
2748 5417 2909 5480 typus
2939 5407 3055 5477 ipse
3104 5417 3242 5473 pene
3297 5394 3434 5451 illud
3457 5408 3488 5447 e

1914 5489 2142 5573 Psalmis
2169 5507 2459 5576 concipere
2509 5502 2762 5558 videtur:
2794 5519 2812 5552 ι
2836 5494 3082 5554 Dilexisti
3111 5489 3402 5569 justitiam,
3434 5492 3492 5543 et

314 5729 361 5766 “
388 5729 495 5789 Job
524 5745 635 5795 ειν,
663 5729 715 5781 4.
795 5724 838 5757 ⁸⁸
867 5722 1009 5782 Psal.
1049 5732 1199 5781 svnt,
1244 5713 1323 5768 l5.
1404 5712 1445 5743 ἰτ
1482 5707 1671 5763 Matth.
1702 5717 1847 5767 xxvi,
1880 5698 1981 5763 2‘5;
2014 5695 2168 5750 Joan.
2212 5706 2331 5755 xm,
2354 5688 2445 5745 26.
2522 5685 2567 5719 ’⁵⁸
2603 5686 2760 5743 Joan.
2791 5699 2864 5745 vr,
2892 5681 2961 5735 54
