3962 6296
478 282 572 338 7ll

1490 273 1548 331 S.
1588 274 1869 332 CYRILLI
1904 269 2378 333 ALEXANDle
2416 268 2733 328 ARCHIEP.

3636 269 3771 323 712

478 390 645 447 odisti
675 386 1057 458 iniquitatem;
1090 394 1381 457 propterea
1430 385 1589 440 unxit
1623 395 1674 441 te
1702 386 1872 452 Deus,
1913 386 2059 443 Deus

2163 383 2540 455 ἀγαλλιάσεως
2596 378 2751 451 παρά
2804 378 2931 438 τούς
2980 375 3236 447 μετόχους
3293 395 3409 432 σου.
3467 398 3486 429 ι
3528 381 3768 453 Θυῖα-κη

480 491 632 546 tuus,
659 480 782 535 oleo
817 479 1020 534 laetitiae
1042 492 1153 547 prae
1182 477 1530 532 consortibus
1575 477 1684 533 tuis
1723 478 1788 531 ⁸⁸.
1814 497 1832 530 ι
1862 477 2062 534 Morta-

479 570 678 623 riolum
713 583 844 623 vero
871 566 1043 637 ﬁgura
1064 573 1148 619 est
1180 581 1244 620 ac
1265 566 1481 634 species
1512 567 1784 635 thuribuli
1806 569 1877 624 ad
1915 583 2062 623 mor-

481 661 602 715 tarii
628 658 1049 714 similitudinem
1076 656 1227 722 facti,
1263 656 1441 726 ipsum
1474 672 1698 728 quoque
1744 659 1909 713 thure
1939 658 2058 727 ple-

478 768 644 808 num:
674 752 852 806 bonus
882 749 1032 804 enim
1058 749 1195 803 odor
1217 763 1281 802 ac
1303 747 1649 803 thuribulum
1673 756 1760 804 est
1782 748 2057 814 Christus,

478 852 590 923 non
640 842 983 896 extrinsecus
1026 839 1253 893 odorem
1318 839 1550 903 habens,
1588 846 1652 892 ut
1696 839 1860 893 nobis
1910 848 2061 893 certe

478 920 769 1004 contingit,
788 932 880 1003 qui
930 931 1357 1002 participatione
1403 924 1630 986 virtutis
1657 939 1823 1001 atque
1852 930 2061 986 sancti-

478 1027 749 1082 ﬁcationis
781 1028 922 1096 ejus,
942 1041 1064 1094 quae
1100 1040 1167 1079 ex
1206 1024 1410 1095 pietate
1439 1030 1544 1087 est,
1582 1024 1701 1078 haec
1724 1023 1841 1092 ipsa
1870 1038 2064 1077 conse-

477 1118 699 1187 quimur
729 1135 742 1170 :
795 1116 958 1187 365
989 1115 1084 1171 sed
1118 1130 1186 1169 ex
1210 1130 1267 1170 se
1294 1119 1549 1184 tanquam
1580 1115 1725 1169 Deus
1754 1114 1810 1168 in
1853 1128 2062 1184 suaque

476 1216 674 1263 natura
700 1208 770 1262 iis
795 1208 962 1262 rebus
989 1205 1304 1277 praeditum,
1336 1220 1435 1275 per
1474 1220 1596 1274 quaa
1633 1204 1789 1259 illum
1819 1205 2063 1259 admira—

478 1316 621 1364 mur,
657 1307 714 1353 et
745 1298 937 1361 odore,
992 1298 1087 1367 qui
1138 1311 1308 1367 supra
1336 1296 1604 1351 mundum
1636 1302 1742 1361 est,
1790 1306 1849 1350 et
1898 1311 2064 1366 supra

478 1396 785 1443 creaturam
812 1401 1055 1449 omnem,
1090 1392 1267 1439 totum
1289 1385 1510 1455 replens
1541 1385 1733 1439 orbem
1760 1392 2058 1439 terrarum.

477 1480 614 1534 Nam
638 1478 791 1532 illum
816 1476 1121 1535 secundum
1141 1484 1396 1531 naturam
1416 1491 1480 1530 ac
1508 1491 1702 1530 revera
1721 1476 1894 1530 Deum
1918 1490 2061 1541 esse,

481 1579 538 1625 et
561 1570 618 1624 in
654 1584 753 1624 sua
780 1568 957 1639 ipsius
987 1576 1183 1623 natura
1209 1576 1453 1639 paterna:
1483 1566 1814 1638 cognitionis
1838 1566 2064 1621 odorem

479 1660 784 1731 accepisse,
843 1659 1049 1730 optime
1092 1660 1436 1730 dignoscitur
1478 1677 1491 1713 :
1525 1659 1749 1729 plenum
1785 1657 1952 1729 igitur
1982 1666 2067 1713 est

2158 479 2217 534 δὲ
2249 473 2341 544 αὖ,
2373 475 2559 548 σχῆμά
2575 491 2636 528 τε
2667 473 2760 526 καὶ
2790 467 2931 534 εἶδος
2948 469 3332 543 θυμιατηρίου,
3367 471 3528 537 θυῖας
3560 474 3621 527 ὲν
3645 474 3775 544 [σῳ

2162 567 2560 639 πεποιημένου,
2586 564 2883 635 ὲπίμεστον
2929 562 2988 616 δὲ
3042 563 3137 615 καὶ
3180 562 3314 615 αὐτὸ
3337 563 3691 634 θυμιάματος
3741 580 3766 598 ο

2161 660 2358 716 εὐωδία
2384 659 2493 729 γὰρ
2521 658 2617 712 καὶ
2651 656 3008 726 θυμιατήριον
3053 657 3083 708 ό
3108 655 3341 726 Χριστὸς
3364 697 3378 718 ,
3406 657 3506 709 οὐκ
3541 657 3769 724 ἔξωθεν

2161 753 2216 806 δὲ
2241 752 2302 805 τὸ
2333 750 2532 813 εὐῶδες
2565 747 2726 818 ἔχων,
2756 746 3039 817 καθάπερ,
3056 746 3248 816 ἀμέλει
3274 747 3367 800 καὶ
3397 750 3559 818 ἡμεῖς
3586 749 3772 803 αὐτοὶ

2162 843 2302 896 κατὰ
2333 840 2546 912 μέθεξιν
2577 840 2801 910 ἀρετῆς,
2844 835 3061 890 καὶτοῦ
3109 838 3229 890 κατ’
3261 837 3541 893 εὐσέϐειαν
3586 841 3773 907 ἁγια-

2163 933 2302 1004 σμοῦ
2331 934 2392 985 τὸ
2441 935 2498 985 ὲν
2530 929 2738 992 τούτοις
2773 924 2915 980 εἶναι
2964 927 3355 998 κερδαίνοντες,
3387 929 3504 982 ἀλλ’
3528 930 3770 984 οἴκοθεν

2162 1027 2237 1088 ὡς
2267 1024 2399 1086 Θεὸς
2419 1023 2512 1092 καὶ
2542 1024 2600 1074 ὲν
2629 1020 2734 1090 ίδίᾳ
2762 1018 2921 1086 φύσει
2950 1017 3196 1070 πλουτῶν
3216 1018 3285 1072 τὰ
3319 1018 3386 1071 δι’
3411 1012 3486 1073 ὧν
3522 1020 3723 1090 θαυμά
3744 1050 3762 1060 -

2165 1116 2336 1181 ζεται,
2367 1115 2461 1168 καὶ
2486 1112 2614 1184 ὃλην
2639 1110 2943 1183 ἐμπίπλησι
2973 1108 3073 1175 τὴν
3094 1109 3418 1179 οἰκουμένην
3447 1110 3547 1180 τῆς
3576 1111 3768 1181 ὑπερ-

2163 1205 2393 1275 κοσμίου
2419 1205 2516 1257 καὶ¹
2555 1203 2696 1273 ὑπὲρ
2730 1200 2909 1255 κτίσιν
2941 1201 3137 1269 ὀσμῆς.
3181 1199 3312 1264 Θεὸς
3346 1200 3455 1271 γὰρ
3480 1199 3554 1253 ὢν
3583 1201 3763 1271 φύσει

2164 1299 2259 1351 καὶ
2278 1295 2511 1367 ἀληθῶς,
2540 1295 2634 1348 καὶ
2665 1294 2765 1363 τὴν
2798 1290 2970 1362 ὀσμὴν
2998 1290 3098 1360 τῆς
3118 1291 3373 1359 γνώσεως
3402 1292 3497 1344 τοῦ
3531 1294 3767 1363 Πατρὸς

2165 1390 2224 1442 ὲν
2257 1387 2362 1457 ἰδίᾳ
2396 1386 2557 1455 φύσει
2610 1383 2824 1454 λαχὼν,
2862 1379 2920 1437 εὖ
2965 1381 3112 1451 μάλα
3162 1381 3602 1451 διαγινώσκεται,
3650 1383 3765 1454 ἒμ-

2166 1478 2346 1541 πλεως
2381 1474 2475 1532 οῦν
2503 1478 2537 1547 ἡ
2582 1475 2781 1545 θυΐσκη
2812 1473 3179 1544 θυμιάματος.
3216 1473 3400 1545 Ταύτῃ
3436 1491 3519 1527 τοι
3576 1491 3764 1546 προσ-

2168 1569 2360 1639 άγεται
2400 1568 2596 1639 μόσχος
2630 1584 2690 1621 τε
2717 1565 2812 1619 καὶ
2840 1564 3014 1635 κριὸς,
3044 1564 3137 1617 καὶ
3155 1562 3260 1637 μὴν
3297 1566 3391 1619 καὶ
3422 1566 3612 1636 ἀμνὸς,
3649 1566 3762 1618 καὶ

2167 1662 2400 1733 χίμαρος
2428 1657 2488 1726 ἐξ
2512 1657 2706 1727 αίγῶν,
2733 1656 2805 1711 τά
2832 1656 2969 1725 πρὸς
3023 1656 3236 1720 τούτοις
3267 1655 3347 1709 έτι
3374 1673 3761 1729 προσκεκομι-

480 1751 706 1806 incenso
742 1750 1142 1808 mortariolum.
1169 1749 1379 1805 Deinde
1416 1749 1711 1804 adducitur
1758 1747 1880 1813 hos,
1920 1747 2060 1802 aries

2170 1753 2363 1822 σμένα,
2396 1750 2492 1803 καὶ
2520 1748 2608 1802 διὰ
2633 1748 2849 1803 πάντων
2883 1745 3044 1808 αὐτὸς
3091 1747 3120 1798 ὁ
3156 1745 3521 1816 γραφόμενος
3550 1747 3609 1799 ὲν
3645 1746 3761 1816 μὲν

479 1847 748 1912 prmterea
773 1849 831 1896 et
852 1856 1026 1911 agnus
1049 1849 1106 1895 et
1134 1840 1323 1894 hmdus
1347 1854 1378 1894 e
1408 1839 1587 1910 capris
1617 1838 1952 1903 aﬂ‘eruntur;
1999 1851 2065 1892 ac

483 1946 585 2000 per
631 1931 755 1986 haec
782 1930 969 1985 omnia
991 1930 1297 1985 animantia
1340 1930 1459 2000 ipse
1486 1928 1773 2000 ﬁguratur,
1804 1928 1862 1983 in
1889 1928 2065 1983 vitulo

479 2022 701 2092 quidem
719 2031 942 2093 propter
956 2037 1224 2077 summam
1237 2022 1631 2086 ﬁrmitatem,et
1644 2020 1790 2090 quod
1806 2035 2064 2076 mansue-

480 2120 663 2167 torum
703 2111 1146 2181 mundorumque
1172 2110 1537 2167 animantium
1564 2110 1666 2165 bos
1697 2118 1783 2166 est
1800 2116 2066 2181 pmstan—

480 2201 746 2267 tissimus,
773 2218 838 2257 ac
874 2201 1251 2273 magnitudine
1293 2201 1545 2272 corporis
1576 2200 1796 2256 excellit
1832 2218 1844 2253 :
1876 2199 2064 2257 omnia

478 2303 684 2359 autem,
719 2309 842 2364 qua:
874 2293 943 2349 ad
970 2293 1251 2350 Christum
1301 2278 1600 2364 pertinent,
1648 2291 1923 2363 spirituali
1969 2307 2065 2347 ex-

477 2387 732 2443 cellentia
766 2388 993 2458 praedita
1024 2396 1171 2453 sunt,
1204 2396 1262 2442 et
1291 2387 1407 2457 ipse
1426 2386 1740 2457 pmstantia
1760 2401 1862 2457 per
1877 2386 2064 2442 omnia

479 2478 707 2533 minime
748 2478 1115 2548 comparanda
1162 2477 1388 2543 eminet,
1437 2485 1602 2547 atque
1639 2478 1896 2547 superior
1939 2486 2061 2545 est;

479 2568 538 2624 in
563 2570 738 2624 ariete
769 2585 902 2624 vero
955 2577 1182 2638 propter
1226 2567 1642 2639 perfectionem,
1693 2576 1858 2637 atque
1896 2568 2063 2623 etiam

481 2668 711 2730 propter
740 2660 1119 2715 innocentiam
1153 2659 1209 2712 in
1240 2673 1381 2729 agno
1420 2676 1434 2711 :
1470 2676 1489 2710 ι
1513 2658 1626 2728 Ego
1649 2657 1820 2724 enim,
1859 2657 2059 2728 inquit,

482 2758 740 2821 tauquam
768 2764 940 2819 agnus
994 2748 1278 2813 innocens,
1309 2748 1403 2818 qui
1439 2746 1683 2814 ducitur,
1719 2756 1781 2803 ut
1808 2748 2062 2805 immole-

480 2850 589 2905 tur,
608 2840 920 2895 nesciebam
937 2841 1004 2907 '°;
1030 2860 1048 2891 ι
1086 2840 1143 2894 in
1168 2840 1327 2895 haado
1354 2856 1568 2905 rursus,
1593 2851 1890 2911 propterea
1912 2842 2063 2913 quod

480 2949 581 3005 pro
609 2934 996 3004 peccatoribus
1028 2934 1249 2989 occisus
1279 2942 1381 2989 est.
1412 2933 1614 2989 Haadus
1651 2935 1803 2989 enim
1841 2951 1905 2991 ex
1928 2936 2063 3008 legis

479 3027 803 3097 praescripto
827 3025 1157 3090 sacriﬁcium
1184 3035 1270 3082 est
1300 3043 1400 3097 pro
1442 3035 1701 3097 peccato:
1736 3029 1830 3084 ille
1874 3037 2061 3085 autem

479 3119 800 3176 Emmanuel
851 3130 1082 3176 mortem
1129 3136 1229 3191 pro
1273 3121 1431 3175 nobis
1476 3120 1667 3186 subiit,
1711 3129 1768 3176 et
1811 3137 1877 3176 ea
1924 3137 2061 3177 nece

2163 1843 2241 1915 τῷ
2282 1844 2488 1913 μόσχῳ,
2519 1841 2607 1897 διὰ
2623 1840 2684 1894 τὸ
2710 1839 2847 1908 ἄγαν
2864 1838 3135 1903 εὐσθενὲς,
3164 1839 3259 1892 καὶ
3283 1839 3365 1892 ὅτι
3385 1838 3494 1891 τῶν
3524 1839 3582 1892 ὲν
3601 1841 3758 1909 ἡμε-

2167 1934 2352 2006 ρότητι
2384 1933 2480 1986 καί⁵
2510 1928 2843 2002 καθαρότητι
2872 1925 3047 1993 ζώων,
3080 1927 3142 1981 τὸ
3171 1925 3430 1998 προῦχον,
3461 1929 3490 1980 ό
3516 1928 3755 1998 μόσχος,

2164 2025 2259 2078 καὶ
2301 2024 2378 2087 ὡς
2422 2024 2481 2077 έν
2517 2023 2738 2094 μεγέθει
2795 2019 3045 2091 σώματος
3069 2059 3083 2084 ,
3142 2019 3202 2073 τὸ
3257 2019 3632 2092 ὑπερτεροῦνο⁸
3686 2022 3756 2074 ἐν

2165 2115 2406 2185 ὑπεροχῇ
2440 2112 2496 2166 δὲ
2535 2114 2602 2183 τῇ
2635 2112 2822 2184 νοητῇ,
2854 2111 3034 2166 πάντα
3076 2109 3193 2163 ἐστὶ
3231 2109 3301 2163 τὰ
3344 2108 3607 2180 Χριστοῦ,
3648 2106 3759 2162 καὶ

2163 2208 2326 2272 αὐτὸς
2373 2209 2403 2262 ό
2448 2204 2702 2278 προύχων
2751 2203 2848 2256 καὶ
2895 2201 3286 2272 ὐπερκείμενος
3329 2203 3394 2271 τῇ
3444 2199 3587 2254 κατὰ
3635 2199 3758 2254 πᾶν

2163 2298 2342 2355 ὁτιοῦν
2378 2296 2693 2368 ἀσυγκρίτῳ
2739 2294 2974 2365 διαφορᾷ
3004 2308 3018 2322 '
3055 2295 3113 2347 ὲν
3168 2292 3224 2344 δὲ
3265 2290 3345 2363 τῷ
3371 2291 3534 2363 κριῷ,
3565 2289 3656 2344 διὰ
3684 2291 3757 2344 τὸ

2162 2392 2387 2457 τέλειον,
2444 2390 2540 2447 καὶ
2576 2389 2759 2461 μέντοι
2801 2385 2889 2441 διὰ
2930 2385 2993 2439 τὸ
3046 2385 3271 2446 ἄκακον,
3325 2386 3382 2438 ὲν
3441 2383 3519 2454 τῷ
3559 2382 3751 2454 ἀμνῷο

2171 2504 2192 2537 ‹
2251 2481 2392 2552 Ἐγὼ
2454 2482 2584 2551 γὰρ,
2641 2479 2830 2551 φησὶν,
2887 2477 2963 2542 ὡς
3028 2476 3212 2547 ἀρνίον
3262 2476 3470 2530 ἄκακον
3538 2474 3759 2545 ἀγόμε-

2163 2593 2252 2631 νον
2280 2574 2374 2629 τοῦ
2403 2572 2645 2637 θύεσθαι,
2668 2571 2768 2625 οὐκ
2797 2569 2988 2640 ἔγνων·
3025 2587 3043 2620 ι
3079 2569 3137 2620 ἐν
3163 2567 3220 2621 δὲ
3262 2566 3339 2638 τῷ
3380 2567 3622 2640 χιμάρῳ,
3657 2564 3759 2619 διὰ

2160 2668 2264 2740 τὴν
2285 2666 2425 2738 ὐπέρ
2445 2681 2511 2734 γε
2536 2664 2644 2719 τῶν
2669 2660 3069 2736 ἡμαρτηκότων
3100 2659 3334 2730 σφαγήν.
3360 2658 3606 2729 Χίμαρος
3634 2658 3755 2729 γὰρ

2163 2759 2304 2831 ὑπὲρ
2330 2756 2603 2829 ἁμαρτίας
2636 2755 2697 2810 τὸ
2734 2754 2902 2826 θῦμα,
2935 2753 3076 2807 κατά
3119 2751 3210 2805 τὸν
3237 2751 3400 2822 νόμον
3421 2767 3435 2781 ·
3470 2749 3650 2803 είσέδυ
3687 2749 3754 2803 δὲ

2161 2850 2229 2904 δι’
2263 2851 2410 2922 ἡμᾶς
2458 2848 2548 2903 τὸν
2586 2848 2816 2903 θάνατον
2861 2847 2890 2900 ὁ
2949 2843 3330 2917 Ἐμμανουήλ,
3383 2842 3613 2896 καὶτῶν
3646 2843 3757 2914 ἀρ-

2163 2943 2333 3015 χαίων
2356 2939 2846 3012 πλημμελημάτων
2879 2935 3352 3009 ὲκλελυτρῶμεθα,
3397 2937 3466 2989 δι’
3504 2937 3571 3008 ἣν
3610 2937 3756 2990 ὐπὲ-

2168 3045 2348 3099 μεινεν
2373 3025 2685 3097 ὐπὲρήμῶν
2705 3026 3023 3097 σφαγήν.Ἢ
3036 3024 3141 3081 οὐκ
3171 3020 3311 3079 εἶναι
3341 3025 3446 3098 φὴς
3467 3024 3753 3080 καὶτοῦτο

2166 3121 2363 3190 ἀληθές
2389 3137 2403 3186 ;

480 3225 644 3279 quam
668 3226 766 3281 pro
826 3212 988 3266 nobis
1012 3212 1261 3282 pertulit,
1321 3226 1354 3266 a
1392 3211 1672 3267 veteribus
1709 3211 1927 3269 delictis
1985 3214 2203 3270 liberati
2231 3228 2441 3267 sumus.
2472 3211 2557 3265 An
2581 3225 2714 3265 vero
2754 3224 2865 3264 non
2895 3208 2951 3264 id
2976 3210 3115 3266 Iesse
3146 3223 3337 3264 verum
3361 3207 3563 3278 putas?

551 3299 748 3355 PALL.
792 3298 995 3366 Quidni
1026 3300 1255 3370 putem?

552 3390 710 3446 CYR.
745 3391 885 3446 Illud
917 3399 1101 3446 autem
1142 3392 1404 3447 observes
1435 3392 1623 3459 velim,
1678 3393 1893 3449 oblatos
1938 3393 2063 3464 qui-

480 3484 606 3539 dem
635 3500 758 3539 esse
787 3484 987 3551 boves;
1029 3493 1288 3539 caeterum
1307 3485 1377 3540 ad
1405 3500 1574 3556 opera
1598 3485 1941 3541 tabernaculi
1973 3486 2069 3542 de-

481 3574 739 3638 stinatos,
789 3583 871 3637 ut,
905 3589 1031 3628 cum
1087 3582 1267 3629 castra
1328 3576 1540 3630 moveri
1568 3591 1709 3646 opus
1754 3587 1920 3644 esset,
1961 3576 2066 3648 ipsi

480 3679 653 3719 onera
684 3663 959 3729 vehiculis
996 3662 1251 3729 ferendo,
1277 3678 1563 3719 sacrorum
1609 3665 1962 3723 administros
1982 3666 2065 3721 lae

480 3751 615 3806 bore
644 3767 710 3806 ac
739 3749 995 3804 molestia
1045 3750 1315 3804 levarent.
1370 3751 1431 3805 In
1481 3749 1703 3807 Christo
1742 3753 1893 3808 enim
1928 3768 2066 3809 con-

479 3842 715 3912 quiescit
746 3840 1011 3903 Ecclesia,
1042 3848 1098 3893 et
1125 3854 1227 3894 nos
1258 3840 1374 3909 ipse
1398 3841 1506 3895 fert
1557 3850 1613 3897 et
1642 3842 1943 3910 laboribus,
1967 3844 2065 3916 qui

479 3947 646 4002 supra
670 3931 815 3986 vires
847 3938 996 3996 sunt,
1037 3945 1258 3986 sacrum
1297 3931 1437 3987 illud
1478 3932 1921 4005 honoratumque
1964 3952 2058 4007 ge-

481 4039 606 4089 nus,
634 4038 700 4079 ac
750 4023 1014 4094 populum
1050 4038 1334 4078 sacrorum
1366 4039 1599 4096 operum
1642 4027 1884 4099 peritum
1931 4044 2061 4085 suc-

478 4114 741 4169 cumbere
780 4129 892 4167 non
931 4113 1226 4183 permittit.
1285 4113 1375 4170 Sic
1419 4115 1590 4186 igitur
1635 4118 1949 4188 supradicta
1991 4120 2057 4178 ad

478 4203 760 4260 Christum
793 4203 1084 4259 referenda
1123 4213 1271 4260 sunt.
1296 4204 1428 4273 Quae
1491 4215 1677 4264 autem
1709 4210 2059 4280 pertinebant

478 4297 547 4355 ad
576 4297 813 4352 hostiam
845 4296 1124 4362 salutaris,
1157 4311 1222 4353 ea
1263 4312 1366 4368 pro
1405 4298 1604 4369 seipsis
1653 4301 2061 4371 quodammodo

478 4388 758 4463 principes
794 4388 1120 4454 alferebant,
1147 4403 1212 4443 ao
1238 4397 1500 4460 tanquam
1533 4391 1893 4451 tabernaculo
1923 4411 2058 4453 con-

479 4481 786 4545 secrabant,
819 4480 1238 4550 offerebantque
1260 4481 1375 4537 Deo
1402 4483 1459 4537 in
1484 4483 1714 4540 odorem
1743 4488 2054 4546 suavitatis.

479 4571 682 4629 Vitulaa
727 4582 912 4628 autem
940 4580 1101 4627 erant
1141 4572 1284 4638 duae,
1335 4574 1536 4631 arietes
1589 4578 1867 4649 quinque,
1915 4580 2057 4639 hirci

2088 3308 2130 3365 Ο
2236 3303 2445 3357 ΠΑΛΛ.
2473 3302 2598 3366 Πῶς
2629 3302 2736 3372 γὰρ
2758 3299 2858 3366 οὓς

2238 3393 2404 3448 ΚΥΡ.
2445 3394 2727 3465 Ἐπιτὴρει
2779 3392 2837 3447 δὲ
2878 3392 2960 3446 ὄτι
3000 3390 3519 3463 προσεκομίσθησαν
3560 3391 3661 3462 μὲν
3697 3392 3755 3446 οἱ

2171 3486 2382 3557 μόσχοι,
2420 3487 2665 3542 δέδονται
2690 3502 2753 3555 γε
2783 3485 2890 3557 μὴν
2922 3486 3002 3550 είς
3029 3484 3100 3539 τὰ
3126 3484 3263 3555 ἔργα
3288 3484 3390 3555 τῆς
3414 3485 3643 3555 σκηνῆς,
3679 3483 3752 3540 ἵν’

2166 3580 2224 3632 ὲν
2246 3581 2367 3643 ταῖς
2410 3578 2766 3644 ἀναζεύξεσιν
2794 3578 2949 3631 αὐτοὶ
2971 3577 3227 3648 φέροντες
3251 3577 3338 3646 ἐφ’
3364 3576 3613 3646 ἁμαξῶν,
3646 3577 3754 3631 πό-

2165 3688 2257 3726 νου
2287 3671 2380 3726 καὶ
2400 3672 2556 3736 ἀνίας
2578 3669 2939 3727 ἀπαλλάτοιεν
2969 3670 3097 3732 τοὺς
3121 3667 3456 3740 ἱερουργούς.
3506 3668 3751 3723 Ἐπανα-

2164 3764 2399 3820 παύεται
2427 3768 2537 3836 γὰρ
2564 3767 2598 3836 ἡ
2645 3763 2942 3835 Ἐκκλησία
2968 3760 3211 3834 Χριστῷ,
3262 3764 3353 3815 καὶ
3393 3761 3557 3824 αὐτὸς
3594 3762 3752 3832 ἡμᾶς

2165 3859 2356 3930 φέρει,
2404 3858 2517 3921 τοῖς
2558 3855 2699 3927 ὑπὲρ
2729 3854 2959 3926 δύναμιν
3011 3853 3192 3916 πόνοις
3240 3852 3592 3924 περιπίπτειν
3642 3853 3749 3907 οὐκ

2164 3950 2336 4020 ἐφιεὶς
2365 3949 2428 4003 τὸ
2461 3948 2606 4020 ἱερὸν
2633 3947 2729 4002 καὶ⁴
2765 3947 2944 4018 τίμιον
2973 3945 3151 4014 γένος,
3191 3943 3285 3997 καὶ
3310 3943 3401 3997 τὸν
3429 3943 3537 3997 τῶν
3568 3944 3748 4012 ἁγίων

2162 4040 2341 4111 ἔργων
2361 4041 2700 4111 ἐπιστήμονα
2731 4038 2882 4093 λαόν.
2911 4036 3069 4092 Οὐτω
3101 4036 3201 4107 μὲν
3229 4030 3324 4091 οὖν
3352 4034 3626 4090 ἀνοιστέον
3649 4035 3748 4088 ἐπὶ

2162 4130 2396 4203 Χριστὸν
2423 4129 2493 4184 τὰ
2514 4130 2898 4201 ὼνομασμένα.
2929 4129 3012 4183 Τὰ
3049 4127 3105 4182 δέ
3127 4145 3191 4197 γε
3218 4129 3296 4188 είς
3331 4123 3523 4181 θυσίαν
3568 4143 3748 4199 σωτη-

2166 4222 2279 4294 ρίου
2298 4220 2698 4292 προσεκόμιζον
2722 4221 2884 4274 οἱονεί
2914 4237 3031 4283 πως
3053 4213 3120 4273 αὖ
3146 4217 3262 4273 ἀνθ’
3281 4218 3489 4271 ἑαυτῶν
3518 4219 3567 4271 oi
3586 4217 3746 4287 ἡγού-
3795 4237 3799 4239 λ

2166 4324 2340 4379 μενοι,
2380 4307 2764 4379 καθιεροῦντες
2788 4308 2988 4381 τρόπον
3013 4307 3135 4361 τινὰ
3159 4309 3228 4379 τῇ
3261 4308 3391 4379 ἁγίᾳ
3423 4310 3613 4377 σκηνῇ,
3645 4308 3746 4360 καὶ

2162 4402 2241 4463 είς
2278 4387 2454 4472 ὀσμὴν
2496 4400 2723 4464 εὐωδίας
2767 4399 3129 4472 ἀναφέροντες
3164 4399 3244 4471 τῷ
3292 4399 3431 4470 Θεῷ.
3467 4399 3744 4469 Δαμάλεις

2161 4489 2217 4543 δὲ
2243 4485 2383 4561 ἦσαν
2433 4489 2562 4556 δύο,
2598 4491 2746 4563 κριοὶ
2793 4492 2976 4555 πέντε,
3027 4489 3222 4562 τράγοι
3260 4491 3444 4551 πέντε.
3496 4491 3742 4561 ἀμνάδες

2162 4581 2344 4636 πέντε.
2377 4583 2488 4637 Καὶ
2514 4584 2713 4652 μόσχος
2749 4582 2868 4653 μὲν,
2908 4584 2938 4636 ό
2973 4583 3226 4655 Χριστὸς.
3263 4582 3523 4654 δαμάλεις
3564 4582 3621 4637 δὲ
3664 4581 3739 4639 αὖ

479 4666 744 4736 quinque,
771 4663 894 4734 agni
930 4663 1196 4733 quinque.
1224 4662 1303 4719 Ac
1330 4664 1540 4721 vitulus
1567 4668 1790 4737 quidem
1805 4670 2060 4728 Christus

2163 4673 2340 4742 ἡμεῖς,
2378 4671 2469 4725 καὶ
2493 4671 2650 4740 λόγος
2669 4673 2698 4725 ὁ
2729 4671 2816 4726 ἐπ’
2847 4673 3073 4743 ἀμφοῖν,
3103 4674 3206 4726 οὐκ
3229 4672 3565 4744 ἁσύμφυλος,
3597 4673 3739 4746 ἀλη-

477 4763 583 4822 cst,
619 4772 722 4813 nos
740 4756 985 4813 vicissim
1004 4758 1220 4813 vitulaa:
1258 4758 1400 4814 ratio
1422 4759 1588 4815 etiam
1611 4761 1902 4832 utriusque
1944 4778 2057 4819 non

477 4855 565 4903 est
585 4848 786 4914 aliena,
814 4848 911 4905 sed
944 4864 1078 4904 vera
1120 4848 1308 4919 potius
1337 4859 1502 4920 atque
1535 4853 1859 4923 perspicua;
1907 4869 2057 4910 sem-

479 4953 577 5010 per
604 4940 754 4994 enim
780 4939 895 4995 fere
922 4954 1041 4995 mas
1064 4940 1375 5012 principem
1409 4942 1590 4999 locum
1611 4952 1785 5009 tenet,
1825 4953 1883 5001 et
1910 4945 2056 5017 apud

478 5028 890 5098 Deumhonore
916 5031 1171 5103 acgloria
1212 5040 1458 5101 praestat,
1523 5048 1757 5104 eamque
1800 5050 1917 5090 rem
1954 5052 2057 5092 suo

478 5120 799 5175 testimonio
822 5130 1022 5177 natura
1075 5124 1424 5195 comprobat.
1485 5125 1718 5181 lnl‘erior
1763 5137 1847 5184 est
1874 5139 2058 5187 autem

476 5210 702 5277 femina,
763 5212 952 5283 illique
1004 5214 1270 5287 subjecta,
1335 5224 1393 5272 et
1442 5216 1688 5283 viribus,
1744 5228 1801 5275 et
1844 5221 2057 5281 honore

477 5304 770 5374 posterior,
792 5312 848 5359 et
877 5319 908 5359 a
936 5302 1089 5376 tergo
1113 5307 1519 5377 quodammodo
1561 5324 1769 5365 marem
1796 5327 2050 5382 sequens.

477 5393 642 5467 366
663 5395 759 5451 Est
783 5395 969 5467 itaque
992 5404 1055 5451 ut
1074 5396 1132 5452 in
1151 5412 1310 5453 mare
1347 5399 1525 5456 vitulo
1547 5398 1658 5455 dux
1686 5402 2051 5459 nosterChri-

477 5494 616 5551 etus,
634 5501 882 5543 nosvero
903 5488 1310 5559 quodammodo
1338 5492 1593 5564 subjecti,
1609 5503 1665 5549 et
1690 5495 1861 5552 multa
1886 5512 2051 5567 quam

552 5657 598 5694 δ’
625 5657 767 5718 Psal.
796 5676 938 5729 xuv,
971 5661 1023 5716 8.
1101 5663 1146 5695 ⁸ο
1175 5662 1379 5719 Jerem.
1412 5679 1491 5733 χι,
1529 5665 1617 5725 i9.

2156 4763 2256 4834 θὴς
2314 4763 2370 4818 δὲ
2409 4763 2608 4834 μᾶλλον
2653 4764 2748 4818 καί⁸
2796 4765 3049 4836 ἐναργής*
3104 4765 3573 4836 ἡγεμονικώτατον
3625 4765 3740 4837 γὰρ

2157 4856 2244 4909 ἀεί
2266 4873 2382 4919 πως
2408 4855 2469 4910 τὸ
2506 4856 2673 4928 ἄρσεν
2701 4855 2838 4921 ἐστὶ,
2861 4857 2956 4911 καὶ
2980 4857 3192 4928 ὲνξτιμῇ
3223 4858 3320 4912 καὶ
3350 4856 3477 4930 δόξῃ
3502 4859 3568 4928 τῇ
3596 4873 3739 4911 παν-

2157 4947 2364 5018 αρίστῳ
2393 4948 2543 5018 παρὰ
2578 4946 2699 5018 Θεῷ
2717 4989 2732 5013 ,
2758 4947 2854 5002 καὶ
2884 4948 3098 5019 μάρτυς
3124 4950 3158 5019 ἡ
3189 4948 3371 5017 φύσις,
3394 4947 3737 5019 ὁμολογοῦσα

2155 5039 2217 5092 τὸ
2236 5038 2445 5110 χρῆμα.
2489 5041 2655 5094 Μεϊον
2690 5039 2746 5094 δὲ
2778 5039 2872 5092 καὶ
2909 5039 3326 5110 ὑπεστρωμένον
3352 5038 3415 5092 τὸ
3450 5037 3603 5110 θῆλυ,
3638 5038 3735 5092 καὶ

2153 5129 2320 5184 οίονεὶ
2352 5130 2580 5184 κατόπιν
2615 5129 2691 5185 ίὸν
2727 5130 2828 5201 τῆς
2858 5128 3102 5199 ἀρσένων
3129 5129 3302 5201 ἀλκῆς
3329 5145 3389 5182 τε
3424 5128 3517 5184 καὶ
3546 5127 3732 5199 δόξης.

2159 5221 2314 5275 Ἔστι
2336 5222 2398 5292 δὴ
2417 5217 2509 5293 οὖν
2537 5224 2596 5275 ὲν
2618 5222 2807 5293 ἄρσενι
2840 5220 3026 5291 μόσχῳ
3045 5262 3059 5287 ,
3088 5210 3407 5292 καθηγητὴς
3442 5220 3540 5290 μὲν
3572 5220 3733 5291 ἡμῶν

2151 5314 2181 5366 ό
2211 5314 2464 5384 Χριστὸς,
2491 5312 2874 5384 ὐπεζεύγμεθα
2899 5314 2959 5367 δὲ
2996 5313 3185 5384 ὥσπερ
3207 5313 3368 5383 ἡμεῖς
3395 5312 3492 5366 καὶ
3513 5313 3571 5364 έν
3598 5310 3733 5364 πολ-

2150 5403 2229 5476 λῷ
2264 5405 2435 5477 μείονι
2470 5406 2598 5477 παρ’
2631 5406 2793 5460 αὐτὸν
2824 5405 2963 5477 ἀλκῇ
2999 5422 3060 5459 τε
3082 5404 3177 5459 καὶ
3219 5404 3372 5474 δόξῃ,
3408 5405 3523 5471 καὶ,
3564 5402 3732 5471 ἁσύγυ
3832 5435 3842 5445 -

2150 5514 2335 5569 κριτον
2361 5498 2422 5553 τὸ
2460 5497 2813 5571 μεσολαϐοῦν.
2842 5499 2906 5553 Εί
2932 5498 3041 5571 γὰρ
3066 5497 3161 5553 καὶ
3185 5497 3375 5568 γέγονε
3401 5496 3526 5552 καθ’
3557 5497 3727 5570 ἡμᾶς,
