3962 6296
196 278 297 336 715

883 281 972 340 DE
1007 279 1453 339 ADORATIONE
1492 280 1558 336 IN
1600 280 1867 338 SI’IRITU
1909 282 1998 340 ET
2038 281 2409 339 YERITA'I‘E.
2452 315 2519 323 ο-
2566 285 2691 341 LIB.
2733 283 2798 340 Χ.

3369 290 3474 345 7L5

197 394 440 469 ὁμοειδὴς
473 395 584 469 γὰρ
612 394 695 467 τῷ
731 396 917 467 μόσχῳ
951 395 1205 466 δάμαλις,
1238 396 1352 451 ἀλλ’
1388 395 1444 447 ἐν
1468 393 1637 466 πολλῇ
1665 392 1783 445 λίαν

1894 395 1985 452 ille
2028 404 2143 450 tum
2184 396 2383 454 robore
2424 404 2537 452 tum
2570 398 2741 469 gloria
2777 397 3087 465 inferiores,
3122 401 3475 473 longissimo-

200 493 436 563 ὑπεροχῇ
458 491 529 545 τὰ
562 490 755 547 αὐτοῦ.
798 494 822 543 ἰ
864 492 959 556 Τίς
984 490 1093 563 γὰρ
1126 490 1525 563 ὁμοιωθήσεται
1560 488 1638 561 τῷ
1671 487 1792 559 Θεῷ

200 585 253 636 ὲν
283 586 414 647 υἱοῖς
441 582 581 636 Θεοῦ
605 601 619 649 ;
655 603 673 635 ι
701 583 825 638 καθ’
854 584 1002 655 ἡμᾶς
1035 583 1144 655 γὰρ
1172 583 1308 653 ὁμοῦ
1350 583 1443 637 καὶ
1473 580 1613 653 ὑπὲρ
1641 582 1791 652 ἡμᾶς

198 678 224 730 ό
266 676 504 747 Χριστὸς
524 678 585 729 ὲν
615 677 862 748 ὑπεροχῇ
896 677 1169 747 θεότητος,
1203 678 1251 729 εί
1286 675 1379 730 καὶ
1407 674 1598 743 γέγονε
1631 674 1788 746 σάρξ.

201 768 295 821 Δύο
318 784 382 836 γε
410 767 520 840 μὴν
536 771 591 820 αἱ
612 768 891 840 δαμάλεις,
912 768 992 832 είς
1014 766 1203 832 τύπον,
1230 762 1383 837 οἶμαί
1407 783 1532 831 που,
1561 764 1670 819 τῶν
1697 764 1790 817 δύο

199 860 369 925 λαῶν,
417 861 944 933 συνδεδραμηκότων
986 861 1065 925 είς
1113 860 1208 914 ἕνα
1245 860 1338 913 τὸν
1401 858 1495 912 ἀπ’
1545 859 1786 927 ἀμφοῖν,

203 954 536 1026 συνείροντος
564 956 646 1019 είς
664 955 895 1026 ἑνότητα
921 954 1019 1025 τὴν
1043 952 1419 1024 πνευματικὴν
1435 952 1523 1004 διὰ
1550 950 1788 1014 πίστεως

199 1045 282 1100 τοῦ
318 1046 387 1098 δι’
430 1048 580 1117 ἡμᾶς
604 1065 664 1100 τε
692 1046 789 1099 καὶ⁸
816 1048 935 1116 μεθ’
969 1047 1148 1117 ήμῶν.
1182 1046 1342 1115 Κριοὶ
1374 1045 1432 1099 δὲ
1473 1043 1640 1097 πάλιν
1693 1043 1789 1095 καὶ

200 1139 351 1208 ἀμνοὶ
388 1138 695 1211 ίσάριθμοι,
719 1140 947 1210 χίμαροί
982 1156 1044 1193 τε
1065 1138 1161 1208 οὐχ
1194 1139 1411 1208 ἥττους,
1442 1135 1551 1189 τῶν
1568 1152 1789 1189 πιστευ-

200 1229 358 1282 όντων
400 1229 614 1301 πληθὺν
647 1229 1108 1302 ὑπεμφαίνοντες,
1158 1229 1258 1298 τὴν
1319 1227 1395 1290 ὡς
1436 1229 1494 1281 ἐν
1527 1226 1784 1298 πέμπτῳ,

203 1322 355 1392 φημὶ,
390 1323 862 1393 συνενηνεγμένην
882 1320 1082 1391 καιρῷ,
1107 1317 1229 1374 καθ’
1260 1318 1316 1372 ὂν
1342 1321 1374 1391 ἡ
1406 1318 1667 1390 ἐπιδημία
1691 1319 1786 1371 τοῦ

200 1413 464 1481 λέγοντος,
496 1432 518 1464 ι
559 1414 727 1467 Ὅταν
747 1413 948 1484 ὑψωθῶ
978 1415 1043 1467 ὲκ
1068 1413 1161 1483 τῆς
1182 1412 1305 1484 γῆς,
1337 1411 1543 1475 πάντας
1573 1411 1787 1465 ἑλκύσω

204 1505 328 1574 πρὸς
375 1505 638 1576 ἐμαυτόν.
690 1524 708 1556 ι
748 1505 1087 1576 Σημαίνεται
1123 1502 1180 1557 δὲ
1206 1503 1314 1556 τῶν
1342 1502 1786 1556 πεπιστευκότων

200 1595 280 1650 δια
308 1596 411 1667 μὲν
449 1596 561 1652 τῶν
595 1596 767 1668 κριῶν
797 1596 859 1650 τὸ
904 1596 981 1661 ὼς
1008 1597 1065 1649 ὲν
1100 1597 1359 1668 φρονήσει
1412 1594 1617 1648 τέλειον
1641 1635 1657 1660 ,
1692 1594 1785 1649 καὶ

200 1691 289 1760 τῆς
311 1693 512 1761 νοητῆς
539 1689 781 1761 ἡλικίας,
822 1689 983 1759 δῆλον
1015 1689 1073 1742 δὲ
1104 1691 1188 1742 ὅτι
1225 1687 1327 1757 τῆς
1372 1689 1429 1741 ὲν
1456 1686 1697 1757 Χριστῷ,
1725 1687 1786 1741 τὸ

1894 502 1999 557 que
2019 487 2311 545 intervallo
2341 489 2638 561 disiuncti:
2674 505 2804 545 nam
2831 491 2938 546 etsi
2962 493 3141 547 nostri
3164 495 3362 552 similis
3390 497 3475 553 fa-

1893 587 2016 636 ctus
2073 589 2159 636 est
2218 582 2432 653 (eadem
2478 583 2683 654 quippe
2731 582 2915 653 specie
2961 593 3090 640 sunt
3138 586 3346 645 vitulus
3409 605 3477 646 ac

1891 671 2110 745 vitula),
2138 674 2235 730 sed
2263 682 2468 741 tamen,
2507 692 2629 746 qua}
2673 675 2742 731 ad
2790 660 2920 732 eum
2967 678 3268 747 pertinent,
3315 681 3477 756 longe

1892 774 2021 820 sunt
2049 766 2467 823 excellentiora.
2521 786 2539 819 ι
2567 767 2702 834 Quis
2733 767 2883 823 enim
2908 770 3222 839 aequabitur
3251 772 3365 828 Deo
3417 775 3476 829 in

1891 857 2021 913 liliis
2044 859 2143 914 Dei
2171 860 2297 914 '1?»
2336 860 2509 915 Simul
2545 863 2695 915 enim
2722 869 2780 916 et
2813 862 3118 917 secundum
3143 878 3266 927 nos,
3302 871 3359 919 et
3381 881 3476 921 su—

1889 966 1990 1021 pra
2014 966 2117 1005 nos
2168 950 2425 1008 Christus
2463 964 2584 1019 est;
2631 969 2696 1008 ac
2751 955 3125 1023 praestantiam
3168 956 3480 1014 divinitatis
3570 944 3581 959 ’

1892 1040 2113 1106 retinet,
2135 1042 2270 1097 licet
2293 1042 2365 1097 sit
2393 1058 2521 1098 caro
2545 1044 2742 1099 factus.
2764 1043 3038 1101 Caeterum
3062 1046 3185 1102 dua:
3229 1059 3361 1103 sunt
3390 1049 3476 1103 vi-

1891 1131 2019 1187 tulaz
2070 1133 2127 1187 in
2193 1132 2446 1204 figuram,
2481 1144 2543 1189 ut
2578 1136 2795 1206 opinor,
2827 1136 3063 1193 duorum
3113 1140 3471 1209 populorum,

1890 1224 1985 1293 qui
2046 1240 2147 1281 suo
2205 1242 2483 1281 concursu
2547 1242 2718 1281 unum
2783 1227 3030 1283 eiIiciunt
3085 1231 3349 1299 populum
3405 1247 3473 1286 ex

1890 1324 2128 1387 utroque
2168 1317 2488 1385 conﬂatum,
2533 1334 2657 1375 cum
2700 1335 2797 1376 eos
2847 1321 2902 1376 in
2939 1322 3205 1379 unitatem
3244 1324 3476 1394 spiritus

1886 1410 2176 1483 perﬁdem
2211 1410 2304 1466 ille
2345 1419 2604 1468 conserat
2628 1414 2803 1483 atque
2855 1423 3167 1481 eonnectat,
3219 1416 3315 1486 qui
3347 1431 3477 1487 pro-

1888 1508 2011 1570 pter
2030 1518 2132 1558 nos
2147 1513 2310 1574 atque
2336 1504 2482 1561 inter
2501 1522 2604 1561 nos
2624 1515 2710 1561 est
2736 1506 2934 1563 factus.
2965 1508 3186 1564 Arietes
3204 1519 3471 1579 praeterea

1890 1602 1947 1649 et
1976 1594 2101 1664 agni
2135 1596 2384 1663 totidem,
2410 1598 2553 1653 hirci
2580 1614 2799 1669 quoque
2818 1599 2965 1654 haud
2983 1601 3303 1671 pauciores,
3322 1604 3472 1658 mul-

1890 1686 2186 1743 titudinem
2212 1690 2559 1746 credentium
2601 1692 2873 1758 indicant,
2921 1709 3044 1763 qua:
3073 1694 3268 1764 quinto
3311 1696 3470 1765 quasi

199 1783 398 1855 ἀρτίως
434 1759 578 1853 ἔχον,
605 1783 694 1836 διὰ
714 1782 770 1836 δὲ
802 1781 914 1835 τῶν
942 1780 1132 1853 ἁμνῶν
1157 1781 1218 1835 τὸ
1249 1780 1323 1842 ὡς
1347 1782 1405 1834 ὲν
1438 1778 1702 1849 ἁπλότητί
1726 1796 1783 1832 τε

1891 1786 2138 1850 tempore
2192 1782 2484 1864 contingit,
2520 1798 2631 1854 quo
2668 1759 3055 1855 tempore-ille
3091 1759 3344 1852 advenit,
3374 1788 3473 1858 qui

201 1878 290 1932 καὶ
326 1876 558 1949 ἀκακίᾳ’
583 1896 602 1929 ‹
631 1876 725 1946 Μὴ
756 1895 775 1928 ›
802 1875 911 1947 γὰρ
941 1874 1024 1948 δὴ,
1057 1875 1245 1946 φησὶν,
1273 1872 1572 1947 (δάδελφοὶ,
1595 1871 1783 1927 παιδία

200 1968 410 2036 γίνεσθε
436 1971 556 2033 ταῖς
596 1969 812 2040 φρεσὶν,
843 1967 982 2021 ἀλλὰ
1016 1967 1083 2038 τῆ
1106 1965 1273 2037 κακία
1308 1965 1629 2035 νηπιάζετε,
1663 1965 1786 2027 ταῖς

197 2062 249 2115 δὲ
282 2063 452 2132 φρεσὶ
496 2061 695 2114 τέλειοι
733 2058 973 2128 γίνεσθεο
1016 2078 1036 2110 ι
1072 2058 1162 2112 διὰ
1205 2057 1262 2111 δὲ
1302 2048 1410 2110 τῶν
1441 2057 1583 2128 ὑπὲρ
1614 2057 1790 2126 ἁμαρ·

199 2156 312 2220 τὶας
348 2155 628 2226 χιμάρων,
648 2154 709 2207 τὸ
743 2154 830 2207 ἀεὶ
857 2152 1066 2208 δεῖσθαι
1096 2151 1443 2224 καθαρισμοῦ
1486 2152 1581 2205 καὶ
1609 2151 1791 2222 πλημ-

202 2246 527 2315 μελημάτων
558 2245 828 2313 ἀφέσεως.
856 2244 1145 2316 Τοιγάρτοι
1185 2244 1279 2297 καὶ
1300 2240 1661 2311 δεδιδάγμεθα
1697 2241 1785 2295 λέ-

200 2353 309 2405 γειν
356 2339 417 2390 ἐν
470 2338 830 2407 προσευχαῖς⁸
869 2357 886 2388 ι
934 2336 1103 2405 ’Ἄφες
1125 2336 1259 2406 ἡμῖν
1294 2334 1362 2389 τὰ
1397 2332 1782 2406 παραπτώμα-

201 2443 278 2480 τα.
318 2447 336 2478 ι
366 2426 442 2480 Οὐ
479 2426 592 2496 γάρ
634 2427 751 2479 ἐστι
794 2425 1021 2497 καιρὸς,
1055 2425 1144 2477 ὅτε
1186 2422 1261 2496 μὴ
1304 2423 1435 2497 βοᾷν
1483 2425 1780 2492 ἀναγκαῖον

200 2521 300 2582 τοῖς
329 2518 408 2582 ὡς
441 2516 661 2588 ἀληθῶς
694 2517 1006 2588 ἀρτίφροσι,
1035 2516 1129 2571 καὶ
1155 2518 1253 2586 τῆς
1283 2514 1632 2586 ἀνθρωπείας
1663 2513 1734 2583 φύ
1754 2544 1780 2555 -

204 2627 329 2675 σεως
353 2612 524 2665 εἰδόσι
543 2612 605 2664 τὸ
646 2611 860 2675 ἄναλκι,
886 2610 1003 2677 καὶ,
1039 2626 1058 2661 ι
1090 2606 1524 2680 Παραπτώματα
1553 2605 1637 2672 τίς
1661 2622 1789 2661 συν-

1886 1870 2065 1926 dixit:
2113 1891 2134 1921 ι
2163 1871 2301 1928 Cum
2351 1874 2624 1930 exaltatus
2650 1875 2808 1929 fuero
2839 1891 2870 1929 a
2906 1883 3082 1949 terra,
3116 1893 3310 1934 omnes
3356 1886 3471 1934 tra-

1885 1965 2011 2019 ham
2047 1964 2116 2018 ad
2150 1979 2238 2019 me
2274 1965 2452 2035 ipsum
2475 1967 2543 2018 ¹¹³.
2570 1984 2587 2016 ι
2643 1966 2750 2020 Per
2775 1966 2976 2021 arietes
3014 1976 3197 2022 autem
3257 1968 3470 2040 signiti-

1885 2064 2043 2114 catur
2077 2056 2421 2113 credentium
2452 2058 2765 2127 prudentia:
2796 2057 3084 2128 perfectio,
3107 2068 3164 2114 et
3203 2060 3468 2130 spiritua-

1885 2149 1955 2204 lis
1981 2150 2180 2214 atatis,
2201 2148 2355 2203 illius
2385 2149 2648 2204 nimirum
2689 2165 2797 2219 qua
2824 2149 2878 2203 in
2897 2149 3120 2205 Christo
3144 2151 3465 2216 crescimus,

1889 2243 2197 2307 absolutio,
2245 2258 2344 2313 per
2371 2258 2541 2313 agnos
2588 2257 2725 2297 vero
2763 2242 3086 2313 simplicitas
3119 2254 3174 2297 et
3201 2244 3469 2300 innocen-

1890 2333 2007 2387 tia:
2049 2332 2266 2388 «Nolite
2295 2350 2313 2384 ι
2352 2331 2524 2398 enim,
2567 2332 2768 2402 inquit,
2811 2352 2828 2383 ι
2858 2333 3077 2398 fratres,
3114 2334 3267 2404 pueri
3327 2334 3470 2391 eﬂici

1888 2421 2162 2486 sensibus,
2191 2421 2287 2477 sed
2317 2421 2524 2477 malitia
2563 2422 2779 2493 parvuli
2822 2431 3019 2489 estote,
3062 2424 3316 2499 sensibus
3368 2442 3471 2480 au-

1888 2520 1997 2569 tem
2052 2514 2280 2584 perfecti
2330 2522 2509 2571 estote
2535 2516 2581 2547 ⁵³
2605 2535 2623 2567 ι
2668 2533 2680 2568 :
2712 2531 2814 2586 per
2846 2517 3034 2572 hircos
3090 2517 3329 2587 denique
3366 2534 3470 2589 pro

1885 2616 2135 2681 peccato,
2167 2624 2385 2679 semper
2410 2624 2512 2664 nos
2542 2608 2857 2679 expiatione
2882 2624 2948 2664 ac
2974 2610 3299 2665 remissione
3337 2625 3469 2681 pec—

202 2703 346 2772 ήσει;
377 2722 396 2754 ι
426 2702 544 2769 καὶ,
591 2722 609 2754 ι
654 2703 749 2756 Ἐκ
767 2702 874 2755 τῶν
900 2700 1150 2773 κρυφίων
1184 2717 1283 2772 μου
1311 2699 1607 2773 καθάρισον
1638 2718 1729 2774 με.
1765 2720 1783 2753 ι

1890 2709 2137 2756 catorum
2172 2717 2312 2772 opus
2341 2702 2569 2757 habere.
2614 2701 3008 2772 Itaqueedocti
3031 2717 3221 2758 sumus
3246 2702 3303 2757 in
3340 2718 3470 2757 ora—

203 2794 364 2847 Τοῦτο
409 2793 576 2847 θυσία
631 2792 1015 2863 πνευματικὴ,
1065 2791 1340 2863 σωτηρίας
1392 2810 1452 2845 τε
1510 2794 1641 2867 πέρι
1681 2794 1783 2848 τῶν

1890 2795 2138 2853 tionibus
2158 2794 2377 2849 dicere:
2413 2814 2430 2846 ι
2453 2793 2680 2851 Dimitte
2697 2793 2861 2849 nobis
2879 2794 3067 2849 debita
3097 2794 3162 2848 ⁸³.
3197 2815 3214 2845 ι
3246 2794 3467 2849 Nullum

204 2889 478 2960 ἡμετέρων
510 2886 699 2957 ψυχῶν
732 2884 1100 2950 εὐωδιὰζουσα
1128 2883 1207 2954 τῷ
1229 2883 1372 2953 Θεῷ.

1890 2887 2039 2942 enim
2079 2895 2294 2956 tempus
2321 2894 2426 2950 est,
2472 2901 2583 2956 quo
2620 2902 2732 2941 non
2782 2887 2852 2943 iis
2886 2895 3056 2951 certe,
3099 2886 3193 2957 qui
3226 2887 3471 2958 perfecta

204 2992 319 3037 sunt
372 2979 686 3053 prudentia
747 2979 1112 3047 humanaeque
1178 2976 1573 3033 imbecillitatis
1631 2977 1775 3033 haud
1832 2974 2026 3046 ignari,
2074 2978 2315 3032 clamare
2351 2992 2578 3032 necesse
2634 2978 2738 3033 sit:
2775 2997 2794 3030 ι
2831 2978 3039 3033 Delicta
3088 2978 3214 3048 quis
3260 2980 3469 3035 intelli—

205 3076 304 3146 git?
329 3094 348 3125 ι
389 3083 468 3140 et,
521 3093 536 3125 ι
566 3073 650 3128 Ab
688 3071 922 3128 occultis
950 3070 1088 3125 meis
1126 3070 1329 3125 munda
1364 3086 1451 3126 me
1483 3071 1549 3124 ".
1589 3090 1607 3124 ι
1642 3071 1769 3127 Ilaec
1806 3079 1890 3127 est
1921 3072 2225 3142 spiritualis
2274 3071 2473 3138 hostia,
2533 3081 2589 3129 et
2625 3089 2747 3143 quae
2785 3088 2887 3145 pro
2946 3073 3121 3128 salute
3150 3082 3467 3131 nostrarum

204 3169 500 3226 animarum
532 3167 647 3223 Deo
672 3165 731 3219 in
768 3164 995 3220 odorem
1018 3161 1311 3217 suavitatis
1336 3161 1586 3217 offertur.

267 3272 470 3325 HAAA.
507 3266 755 3337 Ἀληθές.
932 3306 937 3311 .

266 3363 430 3417 ΚΥΡ.
466 3358 705 3431 Χριστὸν
738 3350 830 3410 οὖν
859 3355 1016 3425 ἔφην,
1067 3355 1140 3418 ὼς
1175 3354 1229 3407 ἐν
1265 3372 1329 3424 γε
1364 3354 1441 3424 τῷ
1481 3353 1664 3425 μόσχῳ
1692 3353 1784 3407 ita!

202 3458 305 3519 τοῖς
333 3456 534 3525 κριοῖς,
568 3450 761 3522 ἀμνςῖς
790 3466 848 3503 τε
879 3450 975 3503 καὶ
1013 3448 1262 3518 τράγοις,
1308 3449 1403 3500 καί
1438 3451 1552 3511 τοῖς
1578 3447 1785 3519 ἑτέροις

148 3547 157 3558 “
203 3543 739 3619 κατασημαίνεσθαι,
786 3541 883 3595 καὶ
937 3541 1284 3612 ἀφαμαρτεῖν
1340 3537 1435 3593 τοῦ
1482 3539 1785 3609 πρέποντος

202 3639 435 3712 οἱηθείην
460 3637 528 3692 ἂν
552 3635 669 3689 οῦτι
702 3648 804 3689 που
846 3632 936 3687 τὸν
979 3632 1072 3685 ἐπὶ
1110 3631 1242 3701 τῷδε
1300 3631 1478 3700 λόγον.
1524 3632 1585 3684 Εἰ
1629 3630 1687 3683 δὲ
1716 3630 1782 3700 δή

203 3748 279 3796 τις
319 3732 503 3786 ἕλοιτο
553 3730 647 3783 καὶ
687 3728 775 3797 ἐφ’
827 3726 974 3798 ἡμᾶς
1015 3724 1219 3790 αὐτοὺς
1276 3725 1376 3796 τὴν
1428 3725 1532 3778 τῶν
1565 3723 1784 3777 ἐννοιῶν

208 3823 563 3896 μετακομίσαι
578 3821 829 3891 δύναμιν,
856 3819 918 3873 τὺ
944 3817 1149 3873 λυποῦν
1173 3819 1347 3883 οὐδὲν,
1379 3818 1634 3888 τοιαύτην
1663 3816 1784 3871 τινὰ

206 3918 427 3992 θεωρίαν
456 3917 573 3977 τοῖς
598 3910 978 3984 προκειμένοις
1012 3912 1349 3978 ἐπενεγκεῖν.

266 4010 475 4067 ΠΛΛΔ.
522 4005 743 4060 Ὀποίαν
767 4004 832 4076 δὴ
867 4002 972 4075 φῄς
999 4020 1013 4066 ;
1328 4041 1334 4045 -

265 4106 428 4161 ΚΥΡ.
462 4099 933 4173 Προσεκομίζοντο
963 4095 1106 4152 κατὰ
1140 4097 1232 4150 τὸν
1258 4097 1421 4168 νόμον
1449 4094 1611 4169 ’παρὰ
1654 4112 1785 4150 παν-

204 4198 284 4262 τδς
305 4197 531 4269 Ἰσραὴλ
563 4196 635 4249 τὰ
675 4193 799 4266 ἱερὰ
841 4193 1078 4265 θύματα.
1113 4193 1441 4263 Προσεχεῖτο
1474 4191 1531 4244 δὲ
1558 4191 1633 4261 τῷ
1654 4188 1784 4259 θείῳ

205 4290 568 4361 θυσιαστηρίῳ
595 4287 705 4341 τῶν
730 4283 1086 4355 σφαζομένων
1105 4284 1165 4336 τὸ
1195 4277 1355 4353 αἷμα,
1378 4282 1660 4354 μονονουχὶ
1686 4297 1784 4333 κα-

202 4384 565 4454 ταγράφοντος
592 4379 668 4443 ὼς
707 4380 765 4430 ἐν
796 4377 924 4446 σκιᾷ
955 4374 1048 4429 τοῦ
1080 4374 1385 4446 δρωμένου,
1417 4373 1513 4427 καὶ
1541 4369 1787 4438 πλαγίως

200 4476 322 4543 ἡμῖν
360 4470 822 4543 ὑπεμφαίνοντος,
863 4468 946 4521 ὅτι
974 4466 1093 4537 Θεῷ
1123 4464 1203 4535 τῷ
1252 4464 1395 4535 ἁγίῳ
1434 4462 1534 4526 τὰς
1576 4460 1784 4516 ἑαυτῶν

199 4564 346 4636 ἡμῶν
375 4560 670 4632 καθιεροῦν
699 4560 966 4631 προσήκει
985 4556 1186 4627 ψυχάς.

261 4655 473 4709 nam.
523 4647 599 4705 Εὖ
626 4651 783 4719 εφης.

264 4747 424 4801 ΚΥΡ.
463 4741 675 4798 Οὐκοῦν
702 4741 818 4794 ἀνθ’
848 4738 1003 4810 ἡμῶν
1032 4735 1126 4791 καὶ⁵
1151 4735 1289 4809 ὑπὲρ
1307 4734 1463 4806 ἡμῶν
1497 4731 1570 4785 τὰ
1593 4729 1769 4801 θύμα-

194 4856 277 4903 τα,
295 4838 389 4890 καὶ
410 4836 575 4906 ἡμεῖς
606 4834 772 4903 ἐσμεν
798 4830 1076 4893 ὲνιαύτοῖς
1109 4829 1158 4881 οἱ
1192 4829 1334 4881 κατὰ
1358 4823 1531 4879 τύπον
1563 4827 1773 4892 ἱερουρ-

193 4931 464 5002 γούμενοι.

261 5022 472 5076 ΠΑΛΛ.
526 5017 772 5088 Ἀληθές.
824 5050 825 5053 η

264 5114 425 5168 ΚΥΡ.
460 5112 602 5183 Φέρε
628 5109 694 5180 δὴ
725 5103 819 5163 οὖν
872 5101 1452 5177 πολυπραγμονοῦντες
1497 5099 1674 5173 ὀρθῶς
1709 5099 1776 5154 τὰ

192 5204 264 5269 ὡς
278 5204 428 5275 παρὰ
446 5204 667 5258 πάντων
695 5183 1223 5270 προσκεκομισμένα
1252 5191 1342 5247 διὰ
1367 5191 1468 5264 τῆς
1488 5191 1598 5245 τῶν
1615 5193 1781 5260 {nouo

197 5299 366 5369 μένων
401 5296 608 5367 χειρὸς,
635 5293 737 5362 τῆς
784 5294 843 5345 ἐν
889 5288 1164 5359 πνεύματι
1207 5283 1440 5355 θεωρίας
1484 5283 1545 5337 τὸ
1574 5282 1774 5346 κάλλος

193 5390 669 5461 περιαθρήσωμεν.
709 5381 819 5437 Ἦν
869 5377 962 5435 οὖν
1030 5380 1142 5452 ἄρα
1170 5377 1257 5432 τὰ
1294 5375 1776 5448 προσενηνεγμένα

194 5482 249 5534 ὲν
268 5483 527 5552 ἀργυροῖς
553 5476 798 5539 σκεύεσι,
821 5471 1083 5544 τρυϐλίῳ,
1119 5470 1284 5540 φημὶ,
1327 5469 1423 5524 καὶ
1458 5467 1644 5538 φιάλη,
1685 5482 1775 5518 σε·

196 5573 401 5638 μίδαλις
430 5569 810 5643 ὲλαιοὸρεχὴς.
850 5564 1129 5636 Σύμϐολον
1173 5563 1231 5616 δὲ
1256 5562 1641 5634 λαμπρότητος
1677 5560 1774 5631 μὲν

1813 3271 1856 3328 C
1961 3265 2157 3321 PALL.
2184 3266 2263 3321 Ita
2291 3272 2393 3320 est.

1948 3358 2107 3413 ΟΥΕ.
2135 3356 2416 3413 Christum
2457 3353 2626 3425 igitur
2651 3351 2765 3408 dixi
2800 3352 2855 3407 in
2892 3352 3068 3407 vitulo
3095 3361 3151 3407 et
3169 3352 3471 3419 arietibus,

1886 3450 2039 3521 agnis
2065 3463 2284 3520 quoque
2312 3456 2370 3503 et
2407 3446 2579 3502 hircis
2608 3445 2933 3515 caeterisque
2970 3443 3348 3500 animantibus
3387 3446 3471 3500 si-

1883 3522 2171 3612 gniﬁcari:
2211 3555 2393 3611 neque
2425 3554 2559 3595 vero
2599 3552 2779 3593 meam
2808 3538 2911 3592 hac
2954 3536 3023 3592 de
3063 3552 3124 3592 re
3162 3536 3467 3608 expositio-

1882 3650 2009 3689 nem
2035 3635 2275 3688 arbitror
2292 3634 2360 3689 ab
2381 3648 2449 3689 eo
2471 3632 2617 3704 quod
2638 3640 2848 3687 rectum
2875 3631 2947 3686 sit
2984 3631 3305 3686 abhorrere.
3333 3630 3464 3697 Sed,

1883 3728 1927 3783 si
1958 3729 2084 3800 quis
2106 3727 2239 3782 velit
2262 3727 2329 3782 ad
2353 3743 2456 3783 nos
2482 3727 2632 3798 ipsos
2660 3728 2881 3796 quoque
2912 3724 3314 3779 sententiarum
3352 3723 3463 3777 vim

1884 3820 2206 3885 transferre,
2246 3818 2386 3874 nihil
2424 3817 2686 3889 prohibet
2709 3814 2983 3888 ejusmodi
3036 3816 3352 3885 quampiam
3381 3830 3467 3869 re~

1882 3907 2160 3963 conditam
2191 3906 2609 3979 intelligentiam
2631 3906 2930 3977 propositis
2958 3904 3125 3960 rebus
3146 3905 3465 3978 adiungere.

1952 4002 2152 4058 PALL.
2185 4000 2509 4072 Cuiusmodi
2540 3999 2800 4054 tandem?

1946 4092 2106 4149 ΟΥΕ.
2166 4091 2578 4156 Offerebantur,
2634 4098 2696 4143 ut
2737 4090 2825 4143 lex
2862 4088 3249 4153 constituerat,
3299 4104 3467 4147 sacrae

1880 4183 2121 4247 victimas;
2154 4181 2227 4236 ab
2250 4181 2511 4235 universo
2560 4177 2782 4233 Israelis
2816 4177 3041 4248 populo.
3069 4177 3233 4249 367
3265 4177 3372 4233 Sed
3394 4180 3462 4234 ad

1882 4275 2055 4328 altare
2106 4271 2440 4326 fundebatur
2483 4283 2753 4325 caesorum
2791 4267 3153 4322 animantium
3201 4267 3461 4338 sanguis:

1883 4367 1940 4420 in
1971 4378 2083 4435 quo
2103 4378 2193 4420 res
2216 4363 2333 4434 ipsa
2352 4369 2504 4435 gesta
2524 4361 2686 4417 nobis
2709 4369 2969 4432 tanquam
2994 4360 3052 4415 in
3072 4359 3269 4415 umbra
3293 4375 3464 4432 prope

1881 4455 2177 4527 descripsit
2205 4464 2263 4510 et
2292 4454 2517 4524 oblique
2546 4452 2895 4524 significavit,
2927 4450 3060 4516 Deo,
3094 4451 3189 4522 qui
3241 4460 3465 4508 sanctus

1879 4558 1987 4613 est,
2021 4556 2239 4603 nostras
2268 4547 2480 4602 animas
2508 4559 2611 4601 nos
2639 4558 2964 4601 consecrare
2994 4543 3218 4599 debere.

1803 4624 1850 4679 D
1947 4641 2144 4698 PALL.
2178 4642 2345 4695 Recte
2371 4639 2469 4694 ais.

1947 4733 2106 4789 CYR.
2160 4732 2359 4787 Nostro
2398 4730 2566 4803 igitur
2612 4730 2735 4786 loco
2766 4745 2830 4785 ac
2871 4744 2973 4800 pro
3016 4726 3181 4783 nobis
3227 4725 3466 4782 victimae

1878 4826 2209 4891 offeruntur,
2246 4839 2454 4894 nosque
2479 4824 2535 4877 in
2574 4823 2683 4877 illis
2717 4820 2895 4893 typice
2920 4819 3312 4876 sacriﬁcamnr.

1947 5008 2144 5065 PALL.
2174 5008 2253 5063 Ita
2288 5016 2391 5063 est.

1945 5098 2103 5154 CYR.
2132 5096 2245 5169 Age
2269 5111 2420 5167 ergo,
2448 5094 2738 5165 diligenter
2771 5090 3149 5148 examinemus
3191 5108 3315 5165 qua:
3338 5103 3460 5152 tan-

1872 5206 2035 5262 quam
2075 5190 2144 5245 ab
2184 5189 2335 5245 omni
2378 5186 2735 5243 multitudine
2769 5200 2869 5255 per
2906 5199 3104 5241 manus
3144 5185 3458 5257 principum

1871 5283 2053 5338 oblata
2086 5290 2234 5346 sunt,
2264 5295 2328 5335 ac
2357 5278 2661 5349 spiritualis
2695 5276 3176 5348 contemplationis
3205 5277 3458 5348 pulchri-

1871 5374 2120 5429 tudinem
2161 5370 2689 5443 circumspieiamus.
2748 5368 3035 5440 Argenteis
3088 5369 3254 5440 igitur
3287 5367 3455 5434 vasis,

1872 5465 2077 5530 catino,
2127 5465 2371 5536 inquam,
2413 5479 2477 5518 ac
2503 5462 2710 5533 phiala,
2760 5461 2939 5515 simila
2977 5460 3155 5516 oblata
3203 5469 3288 5515 est
3331 5460 3456 5516 oleo

1873 5557 2176 5613 madefacta
2204 5575 2217 5611 :
2245 5565 2328 5612 est
2357 5564 2540 5612 autem
2561 5562 2846 5626 argentum
2875 5553 3183 5624 splendoris
3215 5560 3364 5618 uota,
3397 5562 3457 5608 ut

300 5763 340 5793 "
362 5759 504 5817 Psal.
531 5770 786 5817 cxxxvm,
814 5753 867 5808 7.
942 5754 987 5786 ³²
1011 5753 1146 5808 Joan
1200 5766 1296 5816 xu,
1320 5747 1411 5803 '52.
1490 5748 1534 5781 ⁸³
1564 5747 1585 5803 I
1611 5745 1737 5804 Cor.
1764 5762 1873 5815 xw,
1901 5744 1991 5801 νο.
2068 5746 2112 5779 ⁸³
2141 5744 2330 5801 Matth.
2365 5761 2438 5813 γι,
2475 5743 2560 5796 l2.
2637 5744 2683 5777 ³⁸
2713 5727 2849 5797 Psal
2896 5754 3044 5794 mn.
3082 5738 3170 5791 I5.

510 5852 784 5913 Parnm.
829 5847 944 5907 Gn.
993 5843 1231 5904 LXVIII

2992 5823 3131 5927 οφ
