3962 6296
485 362 588 416 715

1509 361 1563 415 S.
1606 359 1882 417 CYRILLI
1921 359 2390 417 ALEXANDRINI
2428 360 2743 418 ARCHIEP.

3653 360 3750 414 7H5

481 477 662 532 simila
686 477 839 539 vitae,
875 474 1078 546 quippe
1117 487 1242 528 cum
1277 489 1344 528 ex
1393 474 1482 528 illa
1510 476 1668 545 panis
1693 477 1940 543 exsistat,
1967 476 2062 546 qui

2186 481 2196 527 ί
2240 477 2505 546 ἄργυρος,
2534 475 2680 546 ζωῆς
2724 475 2780 530 δὲ
2812 479 2845 546 ἡ
2906 472 3204 545 σεμίδαλις,
3231 473 3305 538 ὡς
3338 475 3502 545 ἄρτου
3540 475 3751 542 γένεσις

484 572 650 625 vitam
681 575 1006 630 conservat;
1033 565 1217 620 oleum
1248 564 1486 634 denique
1523 566 1740 636 signum
1771 574 1856 620 est
1879 567 2068 621 hilari-

485 664 632 718 tatis.
668 661 943 716 Oﬂ‘eratur
965 659 1147 727 itaque
1176 672 1206 712 a
1233 657 1392 712 nobis
1422 657 1554 727 ipsis
1577 673 1796 728 quoque
1815 659 1948 723 Deo,
1974 659 2070 728 qui

483 765 569 811 est
611 769 776 826 super
817 751 1020 814 omnia,
1065 751 1121 804 in
1172 749 1463 820 splendore
1510 749 1637 804 vitae
1676 750 1926 805 hilaritas
1974 765 2072 820 per

486 863 635 918 spem
660 861 780 915 quae
810 843 864 898 in
883 843 1106 898 Christo
1125 851 1208 897 est
1235 859 1246 894 :
1284 862 1301 892 ι
1332 842 1438 912 Spe
1458 841 1602 896 enim
1631 842 2014 913 gaudentes“,
2045 861 2064 894 ι

487 939 684 1010 inquit.
716 937 820 1004 Qui
851 937 998 992 enim
1027 936 1144 990 ﬁeri
1183 944 1383 1005 potest,
1412 943 1473 990 ut
1503 950 1613 990 non
1642 951 1854 990 summa
1882 936 2071 990 lautitia

485 1031 633 1101 pleni
691 1031 830 1094 sint,
888 1029 980 1099 qui
1033 1043 1206 1099 genus
1250 1029 1377 1083 vita:
1426 1036 1589 1097 atque
1639 1028 2074 1084 conversationis

487 1121 838 1193 splendidum
862 1120 1154 1190 diligenter
1179 1118 1543 1183 excoluerint,
1576 1124 1632 1172 et
1657 1117 1957 1173 Salvatoris
1975 1133 2074 1172 no-

487 1216 587 1272 stri
638 1213 894 1269 mandata
943 1210 1336 1267 custodierint?
1392 1210 1596 1279 quibus
1637 1209 1866 1264 omnino
1927 1208 2072 1279 apud

486 1310 659 1364 Deum
697 1305 935 1376 reposita
974 1312 1059 1358 est
1090 1303 1212 1374 ejus
1242 1303 1415 1373 ipsius
1465 1301 1652 1371 gloria:
1702 1300 2071 1372 participatio.

494 1420 512 1451 ι
547 1398 744 1452 Mortui
775 1397 921 1452 enim
952 1397 1104 1460 estis,
1139 1416 1156 1446 ι
1197 1394 1397 1464 inquit,
1444 1413 1462 1444 ι
1497 1401 1554 1448 et
1592 1393 1704 1448 vita
1727 1402 1910 1448 vestra
1947 1392 2073 1446 abs-

485 1491 705 1546 condita
736 1498 821 1545 est
857 1504 982 1544 cum
1016 1488 1238 1544 Christo
1262 1486 1318 1540 in
1342 1487 1472 1540 Deo.
1514 1485 1653 1541 Cum
1695 1485 1949 1540 Christus
1975 1498 2072 1553 ap-

487 1584 752 1654 paruerit,
793 1582 907 1636 vita
939 1588 1150 1644 nostra,
1185 1587 1314 1634 tunc
1353 1587 1410 1633 et
1447 1593 1546 1633 vos
1574 1575 1912 1649 apparebitis
1949 1589 2074 1630 cum

488 1678 606 1744 ipso
634 1675 689 1728 in
717 1673 889 1745 gloria
913 1673 978 1724 '7.
1021 1690 1038 1722 ι
1080 1671 1251 1742 Igitur
1277 1669 1456 1724 simila
1483 1669 1606 1723 oleo
1629 1681 1920 1736 conspersa
1968 1672 2072 1719 est.

487 1769 632 1823 Inest
655 1765 801 1825 enim
833 1764 888 1821 in
921 1769 1235 1819 sanctorum
1268 1761 1516 1814 virorum
1540 1759 1648 1812 vita
1682 1757 1772 1812 illa
1796 1765 1858 1811 ut
1886 1758 1941 1812 in
1980 1770 2076 1825 spe

2170 567 2265 621 τοῦ
2306 567 2619 639 συνέχοντος
2670 569 2748 631 εἰς
2789 566 2956 638 ζωὴν,
2981 566 3293 638 ἱλαρότητος
3343 565 3400 618 δὲ
3450 565 3511 618 τὸ
3551 565 3750 620 ἔλαιον.

2173 659 2538 731 Προσαγέσθω
2566 659 2631 732 δὴ
2678 655 2773 714 οὖν
2821 660 2916 713 καὶ
2962 659 3099 730 πρός
3136 675 3199 726 γε
3241 656 3401 728 ἡμῶν
3441 655 3624 710 αὐτῶν
3680 657 3756 727 τῷ

2171 754 2264 806 ἐπὶ
2314 753 2528 807 πάντων
2556 751 2675 824 Θεῷ
2703 751 2764 805 τὸ
2796 752 2872 816 ὡς
2901 753 2958 805 tv
2995 751 3339 822 λαμπρότητι
3365 748 3511 819 ζωῆς
3547 748 3754 822 ἱλαρὸν,

2173 842 2355 895 ἐλπίδι
2382 845 2448 913 τῇ
2478 844 2534 895 tv
2565 842 2808 913 Χριστῷ.
2847 861 2865 893 ι
2900 843 2977 913 Τῇ
3013 843 3122 914 γὰρ
3155 842 3329 896 ἑλπίδι
3377 841 3683 912 χαίροντες,
3728 859 3749 892 ι

2173 932 2327 1002 φησί.
2378 933 2503 996 Πῶς
2540 933 2583 985 δ’
2617 933 2683 986 ἀν
2723 929 2833 988 εἷεν
2895 935 3016 1005 οὐχὶ
3053 933 3150 1004 τῆς
3190 933 3450 988 ἀνωτάτω
3485 931 3759 1004 θυμηδίας

2173 1023 2417 1094 ἔμπλεῳ,
2437 1023 2497 1076 τὸ
2515 1025 2572 1076 tv
2599 1023 2708 1094 ζωῇ
2727 1041 2785 1077 τε
2808 1026 2903 1078 καὶ
2921 1025 3168 1097 πολιτεία
3197 1024 3498 1095 περιφανὲς
3521 1023 3760 1093 ἐξησκη-

2173 1116 2330 1178 κότες
2361 1112 2418 1169 εὖ
2457 1116 2602 1187 μάλα
2645 1117 2751 1171 τῶν
2782 1117 2875 1170 τοῦ
2920 1117 3172 1187 Σωτῆρος
3213 1115 3374 1187 ήμῶν
3402 1115 3760 1186 ὲνταλμάτων

2172 1211 2220 1262 οἱ
2250 1209 2510 1278 φύλακες
2559 1203 2642 1274 οἷς
2690 1209 2868 1281 πάντη
2900 1227 2959 1263 τε
2993 1211 3085 1263 καὶ
3119 1209 3338 1272 πάντως
3363 1209 3424 1262 τὺ
3452 1209 3510 1262 tv
3541 1207 3761 1280 μεθέξει

2172 1301 2432 1370 γενέσθαι
2471 1302 2570 1372 τῆς
2607 1301 2767 1374 δόξης
2796 1301 2964 1356 αὐτοῦ
2989 1301 3411 1373 τεθησαύρισται
3441 1299 3592 1372 παρά
3616 1299 3758 1369 Θεῷ.

2179 1394 2546 1448 «Ἀπεθάνετε
2589 1396 2720 1467 γὰρ,
2767 1395 2924 1466 φησὶ,
2979 1396 3074 1449 καὶ
3124 1396 3158 1464 ἡ
3196 1393 3309 1465 ζωὴ
3362 1393 3516 1462 ὑμῶν
3559 1392 3762 1462 κέκρυο

2175 1507 2306 1544 πται
2337 1491 2431 1544 σὺν
2478 1487 2555 1559 τῷ
2593 1489 2820 1560 Χριστῷ
2845 1491 2902 1542 tv
2943 1488 3021 1558 τῷ
3049 1487 3189 1558 Θεῷ.
3243 1488 3411 1540 Ὅταν
3456 1487 3484 1538 ό
3522 1484 3762 1557 Χριστὸς

2176 1580 2486 1651 φανερωθῇ,
2528 1578 2704 1652 ήζωὴ
2749 1579 2927 1651 ἡμῶν,
2966 1581 3088 1633 τότε
3132 1580 3226 1634 καὶ
3274 1580 3433 1650 ὑμεῖς
3475 1578 3572 1632 σὺν
3608 1574 3761 1646 αὑτῷ

2176 1673 2629 1744 φανερωθήσεσθε
2656 1673 2713 1726 tv
2741 1672 2886 1744 δόξῃ.
2924 1690 2942 1724 ι
2976 1669 3238 1743 Οὑκοῦνή
3269 1669 3546 1741 σεμίδαλις
3592 1667 3763 1722 ὲλαιόο

2176 1765 2381 1828 δευτος.
2429 1765 2647 1818 Ἕνεστι
2689 1763 2798 1836 γὰρ
2843 1767 2910 1835 τῇ
2940 1763 3048 1817 τῶν
3094 1763 3263 1832 ἁγίων
3307 1761 3417 1834 ζωῇ
3469 1762 3562 1814 ml.
3597 1761 3658 1813 τὸ
3685 1758 3762 1823 ὡς

487 1859 676 1930 gloriae
701 1856 976 1919 hilaritas,
1005 1869 1130 1909 cum
1165 1851 1456 1922 splendore
1477 1849 1737 1904 nimirum
1769 1847 2074 1902 sanctitatis

2186 1858 2233 1906 ὲν
2255 1853 2428 1908 ἐλπίδι
2443 1853 2600 1924 δόξης
2623 1839 2824 1924 ἱλαρὸν,
2849 1852 2991 1924 μετά
3009 1852 3389 1925 λαμπρότητος
3404 1850 3648 1922 δηλονότι
3662 1851 3764 1919 τῆς

487 1957 542 2004 et
568 1948 815 2021 justitim.
840 1945 1084 2002 Aureum
1117 1959 1280 2014 porro
1311 1942 1695 1998 mortariolum
1722 1941 1931 1995 incensi
1959 1940 2077 2010 ple-

488 2057 621 2096 num
654 2047 968 2096 sanctorum
1008 2035 1478 2107 pulchritudinem
1515 2032 1809 2105 signiﬁcat,
1837 2039 1894 2087 et
1926 2033 2073 2086 illam

489 2141 749 2202 tanquam
793 2132 851 2185 in
891 2129 1061 2184 sacris
1091 2129 1239 2183 vasis
1270 2127 1700 2181 suaveolentiam
1746 2124 2073 2188 sanctitatis,

489 2241 610 2294 quae
643 2224 845 2279 deinde
871 2221 1102 2278 oil‘ertur
1129 2221 1242 2275 Deo
1271 2221 1424 2274 velut
1455 2219 1660 2274 donum
1690 2216 1965 2288 quoddam
1993 2231 2079 2270 sa-

488 2334 558 2372 ne
582 2316 1100 2388 fragrantissimum.
1123 2316 1206 2368 An
1232 2328 1385 2377 vero,
1418 2311 1647 2374 Palladi,
1684 2318 1904 2366 sanctos
1929 2309 2079 2364 viros

489 2424 616 2464 vasa
653 2423 775 2464 esse
803 2406 1090 2477 splendida
1117 2413 1174 2460 et
1200 2404 1374 2466 electa
1395 2419 1505 2458 non
1532 2401 1888 2473 putabimus?

565 2501 764 2558 PALL.
796 2500 909 2570 Ego
934 2513 1066 2553 vero
1100 2497 1334 2552 maxime
1365 2506 1520 2566 puto.

554 2592 714 2650 CYR.
737 2593 958 2648 Vitulus
977 2592 1144 2662 igitur
1167 2607 1197 2644 a
1219 2589 1450 2660 singulis
1473 2604 1618 2643 unus
1639 2586 1871 2642 oﬁ‘ertur
1889 2628 1903 2651 ,
1926 2593 2081 2640 sunt-

491 2699 598 2754 que
646 2682 810 2736 simul
867 2681 1112 2736 universi
1160 2680 1472 2744 duodecim,
1529 2679 1626 2734 sed
1665 2677 2080 2734 tabernaculum

492 2788 678 2834 tamen
700 2777 911 2832 vehunt
956 2775 1094 2839 bini,
1131 2773 1199 2828 ad
1241 2772 1558 2827 vehiculum
1600 2786 1663 2841 ac
1684 2773 1874 2841 jugum
1910 2783 2081 2823 unum

489 2865 686 2937 juncti,
734 2864 1164 2932 Levitarumque
1221 2869 1350 2916 sunt
1399 2839 1723 2916 ministeriis
1756 2839 2080 2913 attributi:

483 2973 616 3030 quae
659 2973 747 3012 res
783 2957 957 3027 ﬁgura
1000 2963 1085 3010 est
1125 2954 1292 3025 368
1331 2953 1565 3008 duorum
1607 2953 1957 3024 populorum,
1988 2951 2083 3021 qui

492 3067 604 3106 non
628 3049 809 3105 adhuc
834 3049 1150 3120 dogmatum
1172 3057 1230 3102 et
1248 3047 1374 3100 vitae
1398 3044 1849 3100 dissimilitudine
1875 3044 2086 3115 disjun-

494 3145 590 3211 eti,
627 3144 722 3200 sed
757 3143 860 3198 sub
881 3158 1053 3197 unum
1087 3140 1388 3196 Salvatoris
1413 3140 1589 3194 nostri
1613 3141 1804 3210 jugum
1847 3137 2086 3192 toleran—

497 3248 580 3292 ter
606 3253 671 3290 ac
707 3235 924 3289 fortiter
966 3232 1247 3303 conjuncti
1284 3237 1414 3286 sunt
1451 3238 1615 3300 atque
1655 3239 2033 3287 convenerunt
2067 3247 2079 3282 :

501 3347 521 3379 ι
557 3325 805 3382 Viriliter
835 3325 983 3378 enim
1013 3339 1134 3394 age,
1177 3341 1195 3374 ι
1227 3322 1428 3392 inquit,
1469 3340 1485 3372 ι
1523 3331 1580 3376 et
1613 3321 1954 3377 confortetur
1989 3335 2084 3375 cor

496 3433 674 3484 tuum,
702 3425 760 3473 et
791 3418 1001 3472 sustine
1027 3415 1319 3479 Dominum
1346 3415 1412 3468 ⁸⁸.
1449 3433 1466 3465 ι
1502 3413 1600 3469 Est
1643 3422 1826 3468 autem
1870 3414 1970 3469 bos
2002 3414 2082 3468 la-

497 3509 648 3565 boris
678 3505 1167 3564 tolerantissimum
1194 3505 1394 3559 animal
1425 3513 1589 3574 atque
1616 3504 2082 3570 robustissimum,

497 3599 688 3669 quales
724 3598 950 3652 omnino
992 3605 1143 3661 sunt,
1201 3596 1297 3664 qui
1341 3595 1601 3665 pietatem
1647 3595 1704 3649 in
1747 3597 1920 3651 Deum
1965 3612 2086 3650 am-

500 3691 835 3761 plectuntur,
888 3685 993 3755 qui
1054 3684 1334 3740 Christum
1394 3684 1552 3754 quasi
1592 3685 1784 3756 jugum
1831 3685 1938 3740 sibi
1979 3687 2085 3740 im—

501 3781 739 3851 positum
772 3778 1068 3841 sustinent,
1100 3776 1157 3829 in
1181 3776 1276 3828 illo
1305 3790 1463 3830 sacro
1501 3775 1858 3831 tabernaculo
1888 3776 2090 3847 ﬁgura-

505 3887 640 3929 tum.
675 3871 889 3939 Corpus
924 3883 1090 3938 porro
1139 3868 1288 3922 illius
1336 3868 1635 3922 Ecclesiam
1697 3869 1812 3939 ipse
1868 3886 2087 3940 quoque

504 3963 707 4019 Paulus
739 3961 962 4016 divinus
988 3960 1075 4015 vir
1095 3959 1334 4029 appellat
1357 3956 1449 4012 "2
1479 3959 1694 4014 Dictum
1719 3968 1802 4013 est
1825 3962 1991 4015 etiam
2019 3961 2088 4016 ad

503 4055 772 4112 Ananiam
810 4053 879 4107 de
911 4052 1104 4108 eodem
1131 4051 1338 4106 Paulo:
1373 4069 1391 4102 ι
1421 4050 1592 4117 Vade,
1627 4073 1645 4102 ι
1681 4052 1875 4121 inquit,
1908 4071 1925 4103 ι
1959 4053 2087 4123 quia

503 4162 601 4202 vas
627 4143 915 4201 electionis
945 4151 1032 4198 est
1063 4142 1155 4197 hic
1182 4142 1339 4208 mihi,
1372 4151 1434 4198 ut
1460 4151 1643 4213 portet
1671 4158 1873 4198 nomen
1904 4160 2086 4199 meum

505 4252 690 4292 coram
720 4234 978 4308 gentibus
1003 4235 1070 4289 ⁸³.
1111 4251 1130 4285 ι
1168 4232 1328 4287 Aries
1349 4242 1614 4303 praeterea
1659 4242 1715 4288 et
1751 4248 1924 4304 agnus
1952 4234 2087 4290 aﬂe-

503 4335 726 4394 runtur,
757 4327 854 4398 qui
893 4335 1008 4382 tum
1042 4325 1375 4395 antiquioris
1401 4333 1518 4379 tum
1547 4325 1873 4380 recentioris
1903 4327 2090 4396 populi

504 4420 572 4476 ad
600 4421 772 4475 Deum
795 4433 1075 4475 accessum
1100 4432 1165 4471 ac
1191 4417 1362 4472 veluti
1389 4415 1794 4472 dedicationem
1827 4417 2090 4487 spiritua-

2178 1948 2235 2000 ὲν
2249 1947 2488 2018 ὁσιότητι
2505 1948 2598 2000 καὶ
2613 1946 2948 2020 δικαιοσύνῃ.
2967 1946 3160 2018 Χρυσῆ
3177 1946 3232 2000 δὲ
3253 1945 3448 2015 θυῖσκη
3480 1944 3763 2015 θυμιάμα-

2175 2059 2268 2105 τος
2319 2041 2553 2114 πλήρης,
2583 2041 2641 2095 τὸ
2662 2041 2770 2095 τῶν
2799 2043 2969 2110 ἁγίων
3005 2042 3292 2112 γράφουσα
3315 2038 3530 2104 κάλλος,
3571 2040 3665 2092 καὶ
3686 2037 3762 2102 ὡς

2178 2137 2236 2190 tv
2265 2135 2514 2189 σκεύεσιν
2547 2134 2824 2198 ἐκλεκτοῖς
2853 2121 2915 2189 τὸ
2963 2133 3162 2198 εὐῶδες
3216 2134 3274 2187 tv
3315 2131 3593 2203 ἁγιασμῷ,
3643 2129 3764 2186 εἶτα

2177 2227 2348 2298 δῶρον
2369 2225 2558 2296 ὥσπερ
2586 2242 2640 2278 τι
2683 2225 2802 2296 Θεῷ
2823 2226 2885 2278 τὸ
2913 2223 3276 2294 εὐοσμότατον
3292 2222 3526 2294 ἀληθῶς.
3547 2222 3620 2275 Ἦ
3643 2221 3764 2291 ούχὶ

2179 2320 2350 2391 σκεύη
2394 2320 2623 2393 λαμπρά
2666 2323 2761 2373 καὶ
2794 2318 3070 2373 ἀπόλεκτοι
3099 2317 3228 2380 τοὺς
3251 2315 3445 2385 ἁγίους
3496 2314 3764 2385 ὑπάρχειν

2179 2411 2509 2483 οἰησαίμεθα
2535 2410 2621 2476 ἂν,
2645 2405 2690 2464 ὦ
2715 2408 3017 2476 Παλλάδιε;

2253 2506 2466 2560 ΠΑΛΛ.
2498 2503 2751 2560 Μάλιστά
2776 2520 2860 2572 γε.

2251 2595 2417 2648 ΚΥΡ.
2449 2595 2664 2665 Μόσχος
2695 2593 2751 2646 δὲ
2778 2589 2847 2666 ἦν
2874 2594 3005 2663 παρ’
3032 2591 3285 2660 ἑκάστου,
3318 2592 3414 2646 καὶ
3443 2591 3766 2646 δυοκαίδεκα

2186 2688 2286 2762 μὲν
2343 2689 2396 2741 οι
2458 2687 2681 2750 πάντες.
2748 2683 3142 2762 Ἀχθοφοροῦσί
3194 2701 3258 2752 γε
3308 2685 3414 2754 μὴν
3467 2682 3566 2754 τὴν
3603 2683 3767 2750 ἀγίαν

2185 2761 2420 2852 σκηνὴν,
2441 2779 2582 2833 κατὰ
2607 2777 2699 2834 δύο
2713 2761 3200 2849 προσενηνεγμένοι
3226 2778 3358 2849 πρὸς
3375 2776 3592 2846 ἄμαξαν
3617 2777 3766 2848 μίαν,

2185 2872 2278 2924 καὶ
2300 2871 2403 2924 ὑπὸ
2431 2870 2592 2938 ζυγὸν
2625 2869 2741 2935 ἕνα,
2770 2869 3158 2940 ὲκνενέμηνται
3176 2868 3232 2921 δὲ
3259 2870 3375 2932 ταῖς
3392 2867 3501 2921 τῶν
3526 2868 3770 2921 Λευιτῶν

2186 2963 2512 3034 ὑπουργίαις
2537 2978 2552 2992 °
2604 2963 2698 3015 καὶ
2753 2960 2924 3026 τύπος
2978 2959 3045 3015 ἂν
3100 2962 3187 3032 εἴη
3222 2960 3282 3014 τὸ
3325 2961 3513 3032 χρῆμα
3538 2959 3649 3013 τῶν
3676 2960 3772 3014 δύο

2185 3057 2350 3123 λαῶν,
2389 3057 2570 3110 οὐκέτι
2619 3055 3034 3127 μεμερισμένων
3065 3056 3144 3116 εἰς
3174 3054 3534 3125 ἀνομοιότητα
3565 3037 3770 3124 δογμά-

2187 3165 2294 3201 των
2325 3148 2420 3202 καὶ
2460 3147 2626 3216 ζωῆς,
2657 3146 3140 3217 συνενηνεγμένοιν
3164 3145 3219 3198 δὲ
3252 3145 3554 3217 ὦσπερκαὶ
3591 3143 3770 3198 συνδε-

2185 3241 2550 3312 δραμηκότοιν
2606 3239 2710 3292 ὑπό
2763 3255 2826 3306 γε
2865 3239 2956 3292 τὸν
2997 3237 3095 3290 ἕνα
3143 3237 3238 3291 τοῦ
3307 3235 3564 3307 Σωτῆρος
3606 3234 3774 3304 ζυγὸν

2184 3332 2477 3404 τληπαθῶς
2540 3331 2636 3385 καὶ
2693 3331 2975 3402 ἀνδρείως.
3032 3351 3051 3382 ι
3103 3327 3386 3400 Ἀνδρίξου
3425 3328 3556 3398 γὰρ,
3612 3313 3768 3399 φησὶ,

2185 3427 2278 3479 καὶ
2331 3421 2709 3496 κραταιούσθω
2765 3425 2798 3493 ἡ
2857 3421 3056 3492 καρδία
3085 3438 3202 3486 σου,
3239 3421 3332 3474 καὶ
3355 3420 3651 3490 ὑπόμεινον
3679 3419 3771 3471 τὸν

2185 3518 2411 3589 Κύριον.
2440 3537 2458 3568 ι
2493 3515 2779 3585 Τληπαθὲς
2806 3515 2863 3568 δὲ
2892 3515 3030 3580 ζῶον
3051 3515 3080 3567 ὁ
3108 3515 3308 3585 μόσχος
3330 3513 3422 3566 καὶ
3443 3511 3773 3582 κραταιὸταο

2187 3624 2297 3662 τον.
2331 3606 2533 3659 Τοιοίδε
2585 3607 2802 3667 πάντως
2832 3607 2880 3657 οἱ
2915 3605 3222 3668 θεοσεϐείας
3267 3602 3552 3674 ᾑρημένοι,
3606 3600 3772 3670 ζυγὸν

2187 3698 2371 3769 ὥςπερ
2406 3698 2490 3766 ἐφ’
2523 3699 2733 3760 ἑαυτοῖς
2765 3696 3054 3767 ἐπέχοντες
3093 3695 3185 3748 τὸν
3218 3695 3476 3765 Χριστὸν,
3505 3692 3580 3756 ὡς
3619 3696 3678 3745 ἐν
3702 3695 3770 3763 τῇ

2189 3792 2322 3862 ἁγίᾳ.
2359 3791 2532 3860 σκηνῇ
2579 3787 3153 3858 προανατυπούμενον.
3177 3785 3346 3856 Σῶμα
3373 3784 3430 3838 δὲ
3468 3782 3633 3837 αὑτοῦ
3670 3784 3775 3853 τὴν

2201 3881 2528 3952 Ἐκκλησίαν
2557 3881 2651 3933 κα)⁸
2683 3879 2712 3931 ὁ
2742 3877 2882 3940 θεῖος
2907 3880 3036 3947 ἡμῖν
3071 3875 3322 3947 ὠνόμαζε
3355 3875 3586 3937 Παῦλος.
3626 3874 3777 3927 Ἐλέ-

2189 3991 2316 4044 γετο
2345 3973 2401 4026 δὲ
2433 3973 2526 4025 καὶ
2574 3971 2712 4040 πρὸς
2746 3971 2996 4023 Ἀνανίαν
3033 3970 3162 4040 περὶ
3185 3967 3372 4032 αὑτοῦ,
3403 3968 3545 4037 φημὶ
3581 3966 3647 4038 δὴ
3675 3963 3775 4020 τοῦ

2191 4063 2421 4120 Παύλου·
2438 4083 2454 4114 ι
2478 4063 2742 4134 Πορεύου,
2767 4063 2846 4114 ὅτι
2877 4061 3068 4124 σκεῦος
3084 4061 3314 4131 ἐκλογῆς
3347 4061 3460 4113 ἐστί
3486 4076 3574 4129 μοι
3595 4054 3774 4125 οὗτος,

2191 4155 2284 4210 τοῦ
2326 4154 2596 4225 βαστάσαι
2655 4154 2716 4207 τὸ
2769 4154 2942 4225 ὄνομά
2983 4171 3082 4225 μου
3111 4153 3351 4207 ἐναντίον
3390 4152 3497 4206 τῶν
3532 4152 3719 4206 ὲθνῶν.
3750 4171 3770 4204 ι

2193 4247 2359 4320 Κριὸς
2387 4247 2444 4300 δὲ
2475 4246 2610 4317 πρὸς
2643 4244 2872 4312 τούτοις,
2905 4245 2998 4299 καὶ
3045 4244 3150 4317 μὴν
3182 4245 3275 4298 καὶ
3307 4244 3478 4314 ἀμνὸς
3512 4243 3580 4298 τά
3607 4261 3780 4315 προσ-

2193 4340 2542 4412 ενηνεγμένα,
2573 4337 2668 4392 τοῦ
2733 4355 2793 4392 τε
2849 4337 3224 4409 πρεσϐυτέρου
3267 4336 3776 4407 προσενηνεγμένου

2194 4435 2288 4485 καὶ
2325 4431 2420 4484 τοῦ
2466 4433 2586 4486 νέου
2611 4430 2742 4484 λαοῦ
2791 4431 2890 4502 τὴν
2936 4431 3073 4500 πρὸς
3111 4431 3242 4484 Θεὸν
3309 4430 3494 4499 ἄφιξιν
3539 4429 3634 4483 καὶ
3675 4430 3777 4500 τὴν

507 4514 612 4568 lem
644 4527 756 4582 pra:
781 4527 840 4566 se
880 4510 1082 4565 lerunt.
1110 4509 1184 4565 Ut
1206 4509 1354 4563 enim
1400 4509 1456 4562 in
1497 4509 1676 4565 bobus
1709 4511 2000 4564 tolerantia
2031 4520 2084 4564 et

2193 4521 2478 4585 οἱονείπως
2513 4519 2791 4585 ἀνάθεσιν,
2837 4518 2997 4589 δῆλον
3034 4518 3092 4572 δὲ
3125 4520 3207 4572 ὅτι
3249 4520 3346 4590 τὴν
3375 4518 3774 4590 πνευματικὴν,

504 4604 772 4661 fortitudo
823 4602 1232 4674 designabatur,
1281 4601 1380 4666 sic,
1425 4610 1486 4656 ut
1522 4601 1740 4671 opinor,
1788 4601 1847 4655 in
1897 4600 2092 4657 ovibus

505 4711 726 4766 quoque
761 4695 854 4749 illa
897 4710 1024 4748 cum
1063 4691 1486 4748 mansuetudine
1514 4693 1742 4748 ubertas
1773 4709 1967 4748 eorum
1997 4695 2092 4764 qui

505 4805 607 4860 .per
639 4788 804 4843 ﬁdem
834 4787 891 4841 in
907 4785 1192 4842 Christum
1211 4785 1492 4857 justiﬁcati
1519 4795 1669 4850 sunt,
1690 4785 1851 4856 plane
1886 4787 2095 4842 indica-

509 4891 639 4949 tur;
680 4889 764 4937 est
795 4895 1034 4949 namque
1077 4873 1132 4934 id
1171 4877 1375 4932 animal
1404 4886 1752 4934 mansuetum
1783 4886 1947 4949 atque
1974 4879 2094 4934 fru-

504 4985 762 5028 ctuosum
784 5015 797 5039 ,
832 4972 1025 5041 quales
1059 4977 1188 5025 sunt
1239 4985 1429 5024 omnes
1470 4969 1564 5038 qui
1598 4971 1965 5040 evangelicam
2006 4972 2092 5025 vi-

509 5063 673 5118 vendi
697 5063 969 5117 rationem
992 5062 1285 5133 diligenter
1309 5062 1514 5124 colunt,
1545 5077 1682 5131 quos
1704 5061 1819 5131 ipse
1841 5062 2094 5118 Christus

509 5153 932 5224 alloquebatur:
980 5174 999 5206 ι
1037 5153 1197 5209 Omni
1230 5151 1440 5223 petenti
1479 5161 1531 5207 te
1564 5153 1779 5221 tribue;
1823 5155 1976 5210 etab
2004 5170 2092 5221 eo,

510 5247 607 5318 qui
649 5246 793 5302 tollit
817 5262 905 5301 res
939 5255 1078 5313 tuas,
1109 5262 1178 5302 ne
1211 5254 1449 5316 repetas,
1490 5254 1546 5301 et
1592 5247 1923 5316 percutienti
1958 5255 2009 5303 te
2039 5247 2096 5303 in

512 5341 734 5395 dextera
778 5337 1019 5402 maxilla,
1062 5349 1217 5394 verte
1266 5337 1343 5392 illi
1385 5347 1442 5393 et
1483 5337 1711 5392 alteram
1733 5338 1799 5392 ⁸ο.
1836 5359 1854 5391 ›
1888 5338 2094 5400 Scribit

507 5431 676 5486 etiam
705 5430 907 5485 Paulus
939 5447 951 5481 :
984 5446 1001 5479 ι
1029 5427 1258 5484 Servum
1285 5439 1467 5484 autem
1492 5431 1708 5484 Domini
1737 5446 1847 5486 non
1873 5442 2091 5503 oportet

511 5538 774 5593 pugnare,
807 5522 905 5578 sed
940 5530 1285 5576 mansuetum
1324 5537 1444 5577 esse
1477 5522 1544 5577 ad
1579 5537 1789 5589 omnes,
1835 5523 1892 5579 in
1933 5541 2090 5579 man-

510 5615 804 5670 suetudine
843 5615 1131 5670 docentem
1160 5615 1376 5669 diversa
1409 5615 1709 5672 sentientes
1738 5618 1802 5670 δι.
1841 5637 1860 5668 ›
1891 5617 2093 5672 Praedi-

586 5729 631 5759 ⁵⁸
666 5727 824 5783 Rom.
864 5742 958 5790 xu,
989 5726 1082 5795 12.⁵
1151 5727 1195 5757 ⁵⁷
1225 5724 1342 5781 Col.
1383 5742 1462 5795 ιιι,
1493 5727 1546 5794 5,
1574 5728 1628 5782 4.
1707 5728 1752 5762 ⁵⁸
1784 5731 1925 5786 Psal.
1956 5746 2099 5795 xxvi,
2140 5732 2220 5785 14.

518 5799 562 5828 “
605 5797 648 5852 ll
679 5797 820 5852 Tim.
856 5813 914 5863 ll,
939 5797 1028 5852 24.
1071 5793 1078 5802 ’

2190 4612 2638 4684 ὑπεμφαίνοντες.
2698 4613 2907 4682 Ὥσπερ
2970 4610 3080 4682 γὰρ
3119 4611 3182 4664 τὸ
3235 4610 3510 4681 τληπαθὲς
3551 4611 3645 4664 καὶ⁵
3677 4611 3778 4663 ἀν-

2187 4705 2364 4776 δρεῖον
2399 4703 2474 4767 ὡς
2519 4702 2576 4755 ἐν
2621 4720 2684 4771 γε
2726 4705 2840 4766 τοῖς
2890 4703 3113 4773 μόσχοις
3147 4703 3596 4775 κατεσημαίνετο,
3633 4703 3781 4756 κατά

2192 4796 2283 4850 τὸν
2309 4796 2443 4861 ἴσον,
2473 4791 2646 4865 οἶμαι,
2672 4795 2884 4848 τουτονὶ⁸
2913 4796 3115 4867 τρόπον
3137 4796 3232 4848 καὶ
3269 4797 3326 4851 tv
3346 4798 3457 4858 τοῖς
3483 4794 3782 4864 προϐάτοις

2191 4889 2226 4958 ή
2281 4886 2358 4950 ὡς
2409 4891 2466 4940 tv
2519 4886 2786 4957 πραότητι
2847 4887 3195 4958 καρποφορία
3235 4885 3344 4940 τῶν
3397 4887 3485 4939 διὰ
3537 4885 3784 4950 πίστεως

2194 4977 2294 5046 τῆς
2331 4979 2388 5030 tv
2420 4975 2638 5050 Χριστῷ
2675 4977 3112 5050 δεδικαιωμένων
3156 4977 3522 5031 διαδείκνυται
3565 4975 3779 5044 σαφῶς.

2197 5071 2382 5140 Πρᾶον
2412 5070 2520 5141 γὰρ
2542 5070 2606 5140 δὴ
2633 5071 2694 5123 τὸ
2729 5069 2885 5138 ζῶον,
2919 5071 3013 5124 καὶ
3056 5071 3163 5142 μὴν
3192 5071 3494 5142 ἔγκαρπον.
3531 5069 3783 5123 Τοιοῦτοι

2199 5163 2255 5216 δὲ
2279 5163 2477 5226 πάντες
2500 5165 2550 5216 οἱ
2589 5165 2686 5234 τῆς
2717 5164 3078 5236 εὑαγγελικῆς
3105 5164 3381 5226 πολιτείας
3416 5162 3664 5233 ἀκριϐεῖς
3691 5165 3787 5233 ερ-

2199 5250 2385 5318 γάται,
2417 5245 2500 5313 οἷς
2519 5253 2614 5304 καὶ
2647 5239 2809 5315 αὐτὸς
2839 5254 3190 5323 ἐπεφώνησεν
3215 5255 3245 5306 ὁ
3266 5252 3521 5324 Χριστός·
3552 5270 3571 5303 ι
3607 5251 3786 5305 Παντὶ

2197 5343 2275 5413 τῷ
2307 5342 2546 5396 αίτοῦντί
2581 5359 2639 5395 σε
2689 5343 2829 5402 δίδου
2861 5384 2874 5408 ,
2908 5345 3002 5397 καὶ
3027 5345 3135 5398 ἀπὸ
3179 5343 3272 5397 τοῦ
3300 5343 3548 5415 αἴροντος
3585 5342 3654 5395 τά
3691 5341 3782 5407 σά,

2203 5437 2276 5507 μὴ
2304 5436 2546 5501 ἀπαίτει,
2569 5436 2664 5489 καὶ
2695 5434 2771 5506 τῷ
2799 5435 3013 5490 παίοντί
3039 5454 3097 5490 σε
3121 5438 3200 5500 είς
3228 5437 3325 5507 τὴν
3350 5436 3594 5504 σιαγόνα,
3623 5434 3788 5504 στρέ-

2197 5528 2296 5597 ψον
2313 5527 2460 5598 αὐτῷ
2491 5529 2585 5582 καὶ
2609 5527 2707 5597 τὴν
2739 5527 2926 5600 ἀλλην.
2958 5547 2978 5580 ι
3017 5528 3225 5599 Γράφει
3256 5529 3312 5583 δὲ
3351 5529 3444 5584 καὶ
3465 5531 3494 5582 ὁ
3527 5526 3736 5590 Παῦλος
3757 5542 3778 5561 ο

2204 5637 2223 5671 ι
2257 5620 2451 5673 Δοῦλον
2479 5619 2533 5673 δὲ
2566 5620 2769 5691 Κυρίου
2793 5621 2851 5674 ού
2877 5621 2956 5674 δεῖ
2981 5622 3272 5692 μάχεσθαι,
3291 5622 3404 5675 ἀλλ’
3437 5622 3596 5693 ἤπιον
3638 5615 3786 5673 εἶναι

2319 5730 2387 5762 ⁸⁸’
2417 5733 2532 5789 Col.
2562 5749 2612 5797 ι,
2665 5731 2754 5788 24.
2834 5735 2880 5766 ⁸⁸
2914 5734 3034 5789 Act.
3073 5750 3146 5801 ix,
3178 5735 3264 5790 15.
3343 5735 3388 5767 ⁸⁸
3416 5733 3550 5789 Luc.
3580 5751 3652 5801 vt,
3685 5737 3782 5794 30.
