3962 6296
237 309 340 365 71ῖ

936 304 1026 361 DE
1065 300 1509 360 ADORATIONE
1549 301 1618 357 IN
1660 298 1931 357 SPlRlTU
1969 300 2061 360 ΕΤ
2099 300 2469 361 VERITATE.
2501 334 2569 342 ——
2606 301 2736 380 LlB.
2775 299 2844 357 Χ.

3412 306 3520 367 πε

237 426 373 500 πρὸς
397 424 632 487 πάντας,
663 423 721 477 ὲν
764 422 1033 495 πραότητι
1058 420 1380 475 διδάσκοντα
1426 420 1554 484 τοὺς
1584 420 1823 474 ἀντιδια-

1934 420 2032 478 etis
2067 429 2251 478 autem
2277 419 2421 476 haedi
2455 420 2620 476 etiam
2642 418 2974 475 oblationem
2996 419 3218 492 adjungi
3238 432 3518 492 oportere,

237 517 579 589 τιθεμένους.
605 536 623 568 ι
659 516 735 581 Τὸ
763 517 820 570 δὲ
853 517 964 570 δεῖν
998 514 1230 568 ἔπεσθαι
1272 515 1383 578 τοῖς
1419 513 1522 586 ἤδη
1564 529 1824 585 προειρη-

243 611 422 681 μένοις
468 609 568 665 ttat
601 609 702 681 τὴν
735 608 893 679 αίγδς
927 607 1272 681 προσφοράν,
1300 606 1592 672 ὲκδείξειεν
1616 607 1683 662 ἂν
1708 607 1827 677 οὐχὶ

240 703 446 775 ἕτερον,
468 698 649 772 οἶμαι,
675 701 752 765 τὶ,
781 699 923 772 πλὴν
948 700 1085 772 ὅπερ
1116 697 1343 769 ἔναγχος
1363 697 1524 769 ἔφην,
1546 697 1606 752 τὸ
1622 696 1826 751 δεῖσθαι

240 792 299 867 δὴ
326 792 571 857 πάντας,
600 791 706 846 κᾶν
737 793 792 845 εί
816 808 961 855 τινες
983 786 1095 845 εἶεν
1117 790 1320 861 ἀγαθοὶ
1334 790 1429 862 τὴν
1459 791 1592 858 ἕξιν,
1613 790 1710 845 τοῦ
1739 791 1829 846 διὰ

242 884 643 958 μεταγνώσεως
667 883 1013 957 καθαρισμοῦ
1072 884 1165 938 καὶ
1190 884 1495 955 ἀμνηστίας
1530 900 1828 955 παραπτω-

243 978 445 1050 μάτων.
470 978 585 1032 Καὶ
615 976 774 1031 τοῦτο
803 975 1000 1041 είδὼςό
1017 975 1159 1040 θεῖος
1190 975 1295 1048 ἔφη
1324 974 1508 1030 Δασίδ.
1535 994 1554 1027 ι
1583 976 1707 1030 Ἐὰν
1743 976 1831 1029 ἀνι

240 1069 398 1140 ομίας
414 1085 636 1139 παρατη
646 1069 837 1142 ρήσῃς,
862 1067 1058 1140 Κύριε,
1075 1065 1246 1139 Κύριε
1258 1106 1273 1132 ,
1289 1066 1374 1132 τίς
1390 1067 1757 1140 ὑποστήσεται
1775 1084 1789 1132 ;
1804 1087 1822 1119 ι

241 1163 491 1234 Χίμαρος
519 1162 585 1233 δὴ
606 1156 701 1216 οῦν
729 1161 943 1233 τδύπὲρ
963 1160 1214 1231 ἀφέσεως
1237 1158 1406 1232 θῦμα,
1435 1160 1575 1215 κατά
1594 1160 1688 1215 τὸν
1719 1159 1831 1215 πά-

240 1252 323 1308 λαι
356 1253 549 1325 νόμον.
582 1253 938 1322 Μετάγνωσις
962 1251 1020 1306 δὲ
1066 1250 1187 1306 νυνὶ
1221 1251 1315 1306 καὶ
1341 1251 1650 1323 ἀμνηστίας
1683 1252 1832 1323 αττη-

242 1364 322 1411 σις
345 1346 411 1400 τὸ
444 1344 573 1399 καθ’
612 1345 761 1416 ἡμᾶς
794 1345 1010 1416 ἱερεῖον,
1054 1344 1181 1411 τοὺς
1214 1345 1274 1398 ὲν
1319 1343 1595 1415 πνεύματί
1638 1360 1699 1397 τε
1738 1346 1833 1399 καὶ

239 1436 468 1508 ἀληθείᾳ
529 1436 854 1507 προσιόντας
898 1434 1038 1506 Θεῷ.
1082 1453 1100 1487 ι
1140 1434 1283 1501 Λέγε
1353 1435 1496 1507 γὰρ,
1560 1433 1727 1506 φησι,
1766 1435 1830 1487 σὺ

239 1525 335 1590 τὰς
365 1526 646 1597 ἁμαρτίας
691 1540 786 1577 σου
819 1523 1058 1592 πρῶτος,
1089 1523 1179 1578 ἵνα
1209 1522 1528 1595 δικαιωθῇς.
1570 1541 1589 1574 ι
1626 1521 1832 1577 Ψάλλει

239 1617 293 1672 δέ
324 1635 431 1672 που
469 1618 565 1671 καὶ
592 1617 622 1669 ὁ
647 1615 830 1670 Δαϐίδ
868 1635 887 1668 ι
933 1610 1099 1679 Εἶπα,
1142 1614 1517 1686 Ἐξαγορεύσω
1545 1615 1666 1668 κατ’
1698 1614 1831 1686 ἐμοῦ

243 1708 336 1781 τὴν
350 1709 630 1780 ἁμαρτίαν
658 1724 760 1779 μου
784 1706 862 1778 τῷ
887 1706 1098 1778 Κυρίῳ,
1128 1705 1225 1759 καὶ
1248 1705 1313 1759 σὺ
1337 1707 1555 1777 ἀφῆκας
1580 1704 1681 1778 τὴν
1701 1705 1830 1760 ἀσέ-

1931 513 1985 568 id
2016 514 2156 569 nihil
2200 513 2372 580 aliud,
2422 522 2486 568 ut
2515 512 2733 583 opinor,
2768 511 3010 566 ostendit
3038 512 3144 568 nisi
3176 513 3324 584 quod
3354 514 3520 585 paulo

1929 615 2057 663 ante
2086 606 2223 673 dixi,
2254 621 2468 671 omnes,
2498 604 2716 661 etiamsi
2766 602 2959 675 probis
2994 604 3261 660 moribus
3287 605 3518 673 fuerint,

1928 699 2253 770 purgatione
2280 697 2618 769 poenitentiae
2645 706 2702 753 et
2728 694 3068 753 oil‘ensarum
3109 697 3387 756 oblivione
3433 699 3518 755 in-

1930 789 2140 861 digere.
2182 789 2352 859 ldque
2375 789 2554 845 sciens
2584 788 2780 844 beatus
2806 786 2975 843 David
3011 786 3230 844 aiebat:
3272 800 3292 839 ι
3323 782 3381 846 Si
3416 791 3523 846 ini-

1929 882 2169 952 quitates
2198 882 2602 948 observaveris,
2638 881 2892 946 Domine,
2921 881 3175 948 Domine,
3207 883 3335 954 quis
3360 884 3524 940 susti-

1930 974 2085 1030 nebit
2116 974 2195 1028 "?
2232 994 2249 1026 ι
2281 958 2481 1030 Haedus
2502 974 2668 1045 igitur
2689 989 2792 1044 pro
2819 973 3146 1031 remissione
3168 984 3522 1047 peccatorum

1931 1066 2186 1131 oii‘ertur,
2222 1067 2378 1139 juxta
2408 1075 2656 1123 veterem
2696 1066 2895 1137 legem,
2926 1077 2982 1123 et
3009 1082 3158 1122 nunc
3193 1068 3523 1138 poenitentia

1930 1169 1988 1214 et
2024 1158 2320 1214 oblivionis
2347 1159 2543 1229 petitio
2573 1166 2826 1215 nostrum
2847 1170 2933 1216 est
2954 1160 3285 1216 sacriﬁcium
3308 1162 3366 1218 in
3400 1163 3519 1234 spi-

1933 1253 2044 1308 ritu
2094 1260 2151 1307 et
2186 1252 2420 1308 veritate
2473 1251 2542 1306 ad
2596 1252 2771 1307 Deum
2820 1251 3219 1307 accedentium.
3281 1272 3300 1303 ι
3355 1253 3456 1309 Dic
3493 1274 3511 1307 ι

1931 1345 2103 1410 enim,
2160 1345 2360 1416 inquit,
2400 1364 2418 1397 ι
2456 1352 2515 1399 ιιι
2546 1342 2700 1415 prior
2723 1343 3062 1414 [iniquitates
3095 1350 3238 1410 tuas,
3261 1352 3324 1399 ut
3353 1346 3520 1418 justi-

1935 1436 2117 1493 liceris
2158 1436 2221 1489 ⁸³.
2276 1454 2295 1487 ι
2335 1433 2527 1491 Psallit
2557 1434 2724 1489 etiam
2767 1433 3017 1506 profecto
3061 1434 3273 1491 David:
3319 1456 3339 1487 ι
3375 1437 3518 1492 Dixi:

1932 1528 2250 1584 Conﬁtebor
2269 1526 2562 1583 adversum
2585 1542 2673 1583 me
2697 1526 3021 1599 injustitiam
3036 1543 3215 1583 meam
3233 1528 3399 1600 369
3414 1529 3521 1585 Do-

1934 1620 2109 1684 mino,
2164 1627 2302 1674 ettu
2339 1618 2600 1674 remisisti
2643 1617 2981 1689 impietatem
3017 1619 3201 1676 cordis
3239 1621 3348 1676 mei
3378 1621 3444 1675 “.
3493 1639 3512 1673 ι

1935 1712 2103 1768 Estne
2136 1710 2247 1784 jam
2290 1710 2391 1766 tibi
2433 1710 2652 1767 tandem
2695 1711 2844 1767 illius
2874 1711 3170 1768 oblationis
3206 1711 3520 1784 principum

241 1801 391 1857 δειαν
426 1803 526 1873 τῆς
580 1801 812 1872 καρδίας
857 1816 982 1872 μου.
1032 1818 1051 1851 ι
1092 1794 1243 1870 ΊΓΔρά
1272 1816 1356 1853 σοι
1384 1798 1569 1855 λοιπὸν
1599 1798 1827 1869 σαφὴςό

1934 1804 2071 1859 ratio
2102 1802 2424 1874 perspicua?

240 1895 396 1964 λόγος
431 1895 562 1967 περὶ
592 1894 693 1965 τῆς
723 1893 834 1947 τῶν
857 1892 1133 1964 ἀρχόντων
1159 1891 1535 1964 δωροφορεας;

310 1987 522 2041 ΠΔΛΛ.
552 1985 702 2040 Πάνυ
746 1984 845 2057 μὲν
871 1980 985 2039 οῦν.

311 2081 479 2135 ΚῙῬ.
513 2080 726 2150 Χρῆναι
755 2078 814 2132 δὲ
844 2074 998 2149 οἶμαι
1028 2077 1253 2131 κάκεῖνο
1298 2077 1496 2144 εἰπεῖν,
1528 2092 1830 2149 προσκεκο-

245 2173 522 2245 μισμένης
554 2172 666 2243 γὰρ
707 2172 811 2244 ήδη
852 2171 954 2242 τῆς
993 2173 1124 2241 παρ’
1153 2170 1390 2225 ἑκάστου
1437 2171 1529 2224 καὶ
1581 2169 1661 2234 ὡς
1687 2171 1829 2242 ὑπὲρ

245 2264 461 2319 πάντων
516 2263 731 2328 θυσίας,
779 2263 922 2335 ἀρχὴ
950 2263 1060 2317 τῶν
1100 2261 1262 2316 θείων
1311 2261 1530 2330 ἐγένετο
1555 2262 1730 2332 λόγων
1769 2264 1831 2317 ὲν

243 2356 305 2425 τῇ
337 2352 474 2424 ἁγίᾳ
506 2353 682 2423 σκηνῇ
721 2350 859 2423 πρὸς
901 2350 995 2403 τὸν
1021 2349 1343 2422 ἱεροφάντην
1367 2348 1591 2405 Μωσέα.
1618 2349 1828 2422 Γέγρα-

245 2462 372 2499 πται
413 2443 475 2498 δὲ
524 2442 670 2498 οὕτω
717 2442 879 2496 πάλιν
926 2442 985 2494 ὲν
1028 2444 1140 2505 τοῖς
1189 2440 1502 2514 Ἀριθμοῖς·
1553 2461 1571 2493 ι
1608 2440 1757 2512 Αὕτη
1790 2443 1824 2513 ἡ

244 2537 549 2606 ὲγκαίνισις
608 2534 703 2588 τοῦ
755 2533 1176 2605 θυσιαστηρίου,
1227 2533 1365 2604 μετά
1426 2533 1489 2588 τὸ
1537 2533 1828 2606 πληρῶσαι

243 2631 337 2694 τὰς
361 2632 561 2702 χεῖρας
596 2625 782 2693 αὐτοῦ,
816 2627 912 2680 καὶ
950 2625 1089 2698 μετά
1119 2626 1180 2679 τὸ
1209 2625 1393 2698 χρίσαι
1423 2626 1606 2682 αὐτόν.
1642 2626 1729 2680 Ἐν
1749 2626 1829 2698 τῷ

243 2720 664 2792 εἰσπορεύεσθαι
689 2721 897 2791 Μωσῆν
918 2722 998 2783 είς
1019 2718 1118 2791 τὴν
1151 2717 1353 2791 σκηνὴν
1375 2718 1471 2773 τοῦ
1499 2719 1825 2792 μαρτυρίου,

244 2813 333 2868 τοῦ
379 2814 617 2883 λαλῆσαι
667 2810 843 2883 αὐτῷ,
881 2811 977 2865 καὶ
1014 2812 1214 2883 ἤκουσε
1254 2810 1352 2882 τὴν
1389 2810 1572 2883 φωνὴν
1618 2811 1827 2883 Κυρίου

243 2905 333 2959 τοῦ
359 2904 501 2959 Θεοῦ
541 2904 832 2968 λαλοῦντος
862 2904 1000 2976 πρὸς
1038 2903 1200 2958 αὑτὸν
1231 2903 1439 2958 ἄνωθεν
1472 2902 1566 2956 τοῦ
1604 2903 1827 2974 ἱλαστη-

247 2997 395 3067 ρίου,
423 2997 453 3050 ὅ
501 2998 651 3051 ἐστιν
692 2996 784 3050 ἐπὶ
824 2995 929 3066 τῆς
958 2993 1194 3049 κιϐωτοῦ
1230 2992 1327 3048 τοῦ
1361 2994 1693 3067 μαρτυρίου,
1722 2994 1830 3049 ἀνά

248 3089 411 3159 μέσον
441 3089 554 3143 τῶν
584 3087 679 3142 δύο
719 3088 1036 3160 Χερουϐὶμ,
1069 3087 1163 3141 καὶ
1198 3085 1377 3142 ἐλάλει
1416 3087 1550 3158 πρὸς
1583 3087 1764 3142 αὐτόν.
1802 3105 1821 3139 ι

246 3180 692 3253 Τετελειωμένης
743 3180 855 3252 γὰρ
894 3179 1085 3252 ὥσπερ
1126 3179 1230 3250 τῆς
1276 3178 1436 3250 ἁγίας
1466 3178 1703 3250 σκηνῆς,
1733 3179 1829 3232 καὶ

246 3270 655 3343 ἀναδειχθέντος
705 3270 898 3343 κόσμῳ
946 3269 1043 3323 τοῦ
1093 3267 1328 3335 ἀληθοῦς
1379 3270 1752 3342 ἀγιάσματος,
1800 3270 1830 3324 ὅ

246 3366 390 3418 ἐστιν
420 3365 456 3434 η
502 3361 824 3434 Ἐκκλησία,
853 3362 975 3415 τότε
1012 3360 1076 3430 δὴ
1104 3360 1227 3415 τότε
1269 3361 1422 3433 φωνὴ
1460 3360 1651 3430 γέγονε
1690 3359 1829 3432 πρὸς

247 3458 391 3527 ἡμᾶς
427 3453 525 3509 τοῦ
552 3454 688 3509 Θεοῦ
714 3454 812 3510 καὶ
837 3454 1073 3525 Πατρός.
1110 3472 1129 3505 ι
1163 3453 1442 3525 Λελάληκε
1469 3453 1580 3521 γὰρ
1608 3455 1742 3525 ἡμῖν
1766 3453 1825 3506 ὲν

247 3550 379 3622 Υίῷ,
426 3569 445 3601 ι
484 3549 543 3603 ὃν
600 3547 694 3603 καὶ
760 3547 1072 3619 ἱλαστήριον
1128 3542 1271 3601 εἷναί
1314 3562 1492 3615 φαμεν
1532 3545 1672 3617 ὑπὲρ
1716 3544 1827 3599 τῶν

246 3642 533 3713 ἁμαρτιῶν
581 3639 765 3712 ἡμῶν,
789 3639 932 3693 κατά
960 3639 1059 3702 τὰς
1091 3637 1336 3709 Γραφάς.
1369 3635 1612 3690 Ἀνωθεν
1628 3635 1685 3690 δὲ
1717 3635 1829 3691 τῶν

247 3731 535 3807 Χερουϐὶμ
578 3733 612 3801 ἡ
654 3731 829 3802 φωνή·
859 3731 1091 3793 κτίσεως
1134 3729 1242 3803 γὰρ
1287 3728 1550 3784 ἀνωτάτω
1593 3729 1689 3782 καὶ
1723 3729 1826 3781 ἑπ-

248 3828 433 3882 έκεινα
458 3824 613 3889 Θεὸς,
649 3822 880 3895 οὑσιώδη
909 3839 972 3876 τε
1004 3823 1099 3877 καὶ
1128 3821 1541 3893 ἐνυπάρχουσαν
1560 3819 1658 3893 τὴν
1687 3820 1829 3875 κατά

249 3918 447 3982 παντὸς
465 3915 561 3970 τοῦ
597 3908 882 3984 γεγονότος
912 3913 1052 3986 ἔχων
1086 3915 1381 3987 ὑπεροχήν·
1413 3912 1828 3990 διαπορθμεύων

246 4010 299 4065 δὲ
336 4011 419 4073 είς
457 4009 611 4079 ἡμᾶς
639 4005 740 4071 τὰς
783 4004 993 4061 ἀνωθεν
1032 4005 1127 4060 καὶ
1158 4004 1313 4077 παρά
1364 4005 1578 4078 Πατρὸς
1619 4004 1825 4076 φωνὰς,

248 4102 483 4170 ἔφασκεν
511 4102 540 4153 ὁ
570 4099 719 4165 Υἱὸς,
743 4097 805 4152 τὸ
836 4096 1036 4168 ἀληθὲς
1067 4098 1404 4170 ἱλαστήριον,
1439 4116 1457 4150 ι
1494 4096 1576 4153 Τὰ
1606 4099 1827 4170 ῥήματα

245 4190 279 4244 ἃ
312 4188 427 4259 ἐγὼ
471 4189 622 4244 λαλὼ
667 4189 769 4243 οὐκ
815 4187 962 4241 ἐστιν
1014 4188 1155 4260 ἐμὰ,
1198 4187 1332 4242 ἀλλά
1364 4187 1458 4243 τοῦ
1513 4187 1828 4260 πέμψαντός

251 4298 334 4353 με.
392 4301 413 4334 ι
463 4279 678 4335 Οὐκοῦν
725 4278 936 4335 ἀνωθεν
1002 4279 1097 4334 τοῦ
1157 4279 1469 4352 ἱλαστηρίου
1524 4280 1749 4350 γέγονεν
1790 4282 1824 4349 ή

248 4376 419 4445 φωνή.
450 4372 775 4444 Θαυμάσαις
800 4371 845 4426 δ’
881 4371 948 4426 ἂν
981 4371 1040 4425 ού
1084 4372 1321 4444 μετρίως
1345 4369 1443 4443 τὴν
1477 4371 1585 4424 τῶν
1619 4370 1830 4441 φυλάρ-

2004 1984 2202 2042 PALL.
2244 1983 2496 2040 Maxime.

1994 2076 2151 2134 ΟΥΕ.
2187 2075 2327 2132 Illud
2364 2076 2531 2131 etiam
2572 2072 2867 2130 dicendum
2901 2087 3024 2128 esse
3059 2074 3320 2140 arbitror,
3351 2076 3519 2132 allato

1929 2171 2038 2242 iam
2061 2184 2093 2223 a
2119 2168 2352 2240 singulis
2372 2166 2662 2231 sacriﬁcio,
2687 2165 2835 2237 quod
2859 2175 3118 2235 tanquam
3138 2181 3240 2236 pro
3261 2167 3519 2223 omnibus

1930 2258 2290 2325 offerebatur,
2340 2260 2515 2315 Deum
2564 2257 2786 2312 initium
2828 2256 3026 2314 fecisse
3064 2258 3120 2313 in
3161 2258 3520 2316 tabernaculo

1930 2367 2058 2408 cum
2101 2351 2284 2423 Moyse
2319 2351 2415 2406 illo
2454 2364 2740 2406 sacrorum
2792 2349 3097 2421 interprete
3143 2350 3519 2422 colloquendi.

1932 2444 2213 2515 Scriptum
2240 2450 2326 2500 est
2357 2450 2540 2498 autem
2574 2456 2769 2496 rursus
2790 2441 2860 2496 ad
2888 2441 3039 2496 hunc
3065 2441 3289 2497 modum
3319 2443 3379 2497 in
3403 2442 3522 2498 Nu-

1932 2537 2103 2593 meris
2147 2552 2161 2591 :
2221 2555 2241 2589 ι
2285 2536 2414 2592 Haec
2460 2543 2547 2592 est
2584 2533 2861 2590 dedicatio
2899 2532 3112 2600 altaris,
3160 2544 3521 2607 posteaquam

1907 2629 2179 2701 implevit
2205 2643 2400 2684 manus
2427 2629 2568 2699 ejus,
2590 2636 2649 2683 et
2674 2634 2966 2697 postquam
2991 2625 3151 2680 unxit
3182 2625 3357 2681 illum.
3383 2626 3521 2683 Cum

1931 2722 2317 2795 ingrederetur
2357 2721 2570 2794 Moyses
2618 2719 2675 2774 in
2724 2716 3144 2774 tabernaculum
3196 2719 3522 2784 testimonii,

1931 2824 1992 2872 ut
2021 2816 2345 2887 loqueretur
2377 2828 2504 2870 cum
2543 2814 2685 2883 ipso,
2731 2820 2789 2867 et
2825 2809 3039 2866 audivit
3073 2825 3265 2867 vocem
3307 2809 3525 2868 Domini

1931 2909 2028 2965 Dei
2060 2906 2341 2980 loquentis
2373 2921 2501 2961 cum
2531 2904 2651 2975 ipso
2690 2918 2858 2973 supra
2890 2903 3357 2973 propitiatorium,
3378 2903 3527 2975 quod

1929 3009 2017 3056 est
2053 3014 2220 3071 supra
2258 3012 2444 3054 arcam
2480 2994 2781 3052 testimonii
2832 2994 2979 3050 inter
3019 2994 3159 3049 duos
3199 2993 3523 3060 Cherubim,

1930 3102 1987 3147 et
2032 3090 2363 3161 loquebatur
2403 3104 2530 3144 cum
2582 3088 2703 3158 ipso
2740 3088 2808 3142 ⁸⁸.
2863 3104 2882 3137 ι
2934 3085 3102 3151 Nam,
3144 3097 3525 3142 consummato

1933 3185 2044 3256 jam
2078 3166 2484 3253 quodammodo
2531 3178 2909 3243 tabernaculo,
2945 3187 3003 3232 et
3029 3192 3159 3232 vera
3191 3177 3283 3232 illa
3316 3179 3523 3233 sancti--

1936 3273 2213 3341 ticatione,
2254 3271 2311 3327 id
2340 3279 2444 3338 est,
2485 3270 2734 3326 Ecclesia
2767 3269 2975 3324 mundo
3000 3267 3366 3333 manifestata,
3406 3277 3524 3328 tum

1936 3366 2175 3437 denique
2204 3379 2312 3420 vox
2338 3363 2436 3419 Dei
2474 3378 2540 3417 ac
2557 3362 2740 3417 Patris
2766 3361 2930 3417 nobis
2950 3360 3247 3417 insonavit.
3285 3380 3304 3415 ι
3339 3361 3523 3418 Locu-

1937 3466 2026 3514 tus
2048 3467 2135 3514 est
2167 3477 2186 3509 ι
2230 3455 2378 3512 enim
2426 3474 2446 3506 ι
2486 3452 2649 3509 nobis
2713 3452 2769 3507 in
2808 3452 2949 3508 Filio
2974 3452 3052 3518 °',
3085 3472 3104 3504 ι
3141 3469 3304 3524 quem
3333 3454 3525 3527 propi-

1937 3552 2219 3607 tiationem
2246 3563 2370 3605 esse
2401 3547 2639 3604 dicimus
2670 3563 2772 3620 pro
2808 3545 3050 3619 peccatis
3072 3545 3296 3612 nostris,
3323 3562 3523 3603 secun-

1935 3643 2066 3699 dum
2101 3642 2416 3712 Scripturas
2454 3639 2521 3695 ".
2565 3641 2813 3712 Desuper
2856 3646 3040 3694 autem
3078 3637 3380 3694 Cherubim
3416 3656 3522 3696 vox

1934 3735 2292 3800 audiebatur;
2320 3749 2449 3789 nam
2483 3732 2740 3804 superior
2773 3741 3029 3788 creatura
3056 3729 3207 3786 omni
3236 3738 3400 3802 atque
3433 3732 3521 3788 ul-

1938 3828 2107 3885 terior
2133 3836 2219 3883 est
2244 3827 2411 3891 Deus,
2437 3835 2495 3881 et
2519 3824 2800 3882 essentiali
2825 3830 2992 3894 atque
3013 3823 3176 3879 insita
3200 3822 3523 3880 excellentia

1934 3919 2194 3975 omnibus
2226 3917 2395 3973 rebus
2425 3916 2665 3972 conditis
2684 3921 2926 3986 praestat.
2954 3912 3092 3970 Cum
3122 3908 3309 3985 itaque
3329 3929 3523 3971 verum

1934 4009 2404 4083 propitiatorium,
2434 4008 2608 4064 Filius
2642 4022 2862 4079 nempe,
2894 4006 2964 4061 ad
2992 4021 3095 4062 nos
3122 4009 3525 4065 transmitteret

1935 4117 2163 4174 superas
2182 4102 2304 4158 illas
2321 4110 2379 4157 et
2399 4100 2579 4157 editas
2598 4117 2629 4155 a
2650 4100 2812 4156 Patre
2838 4113 3024 4163 voces,
3046 4097 3266 4155 dicebat
3293 4117 3306 4152 :
3343 4120 3362 4152 ι
3388 4100 3524 4157 Ver-

1934 4194 2003 4249 ba
2035 4209 2156 4266 qua:
2192 4209 2295 4264 ego
2335 4193 2533 4263 loquor
2571 4207 2685 4246 non
2731 4199 2862 4247 sunt
2915 4205 3059 4257 mea,
3103 4190 3201 4246 sed
3255 4192 3376 4264 ejus
3425 4195 3520 4263 qui

1936 4287 2088 4341 misit
2119 4300 2209 4340 me
2237 4285 2303 4338 ⁸⁸.
2341 4304 2361 4337 ι
2397 4283 2570 4355 Igitur
2602 4282 2672 4338 de
2712 4280 3101 4354 propitiatorio
3145 4297 3252 4337 vox
3288 4283 3518 4343 exstitit.

1932 4378 2046 4433 Nec
2069 4375 2426 4431 mediocriter
2456 4374 2842 4439 admiraberis,
2865 4373 2911 4428 si
2944 4372 3225 4445 principes
3250 4374 3517 4442 tribuum,

247 4480 355 4533 χων
378 4461 865 4534 ἀνασκοπούμενος
900 4463 1183 4535 πρόσοδον.
1222 4460 1689 4533 Ἀπονεμηθείσης
1717 4461 1826 4536 γὰρ

1934 4482 2044 4538 quo
2075 4465 2270 4522 ordine
2292 4464 2644 4530 accesserint,
2673 4464 2999 4536 inspexeris.
3031 4464 3168 4520 Cum
3212 4465 3360 4520 enim
3388 4481 3520 4534 suus

247 4554 461 4626 ἡμέρας
493 4552 709 4625 ἑκάστῳ
733 4553 827 4607 καὶ
863 4552 1065 4618 ίδικῶς,
1099 4552 1221 4607 καθ’
1253 4553 1319 4625 ἡν
1346 4552 1454 4607 ἔδει
1489 4551 1731 4624 πληροῦν
1757 4554 1825 4608 τὰ

1934 4556 2128 4627 cuique
2162 4554 2280 4611 dies
2303 4554 2528 4627 proprie
2558 4555 2861 4611 attributus
2894 4563 3062 4621 esset,
3087 4569 3198 4625 quo
3242 4553 3333 4609 die
3364 4555 3517 4626 jussa

246 4644 659 4718 συντεταγμένα
684 4645 781 4700 καὶ
805 4644 1178 4716 προσκομίσαι
1207 4641 1270 4698 τὸ
1310 4644 1504 4716 δῶρον,
1529 4644 1826 4715 προσίεσαν

248 4739 348 4810 μὲν
386 4741 447 4793 ὲν
496 4739 691 4811 κόσμῳ
738 4738 883 4793 κατά
927 4755 996 4808 γε
1059 4737 1122 4791 τὸ
1173 4736 1253 4809 τῷ
1303 4736 1571 4809 νομοθέτῃ
1614 4735 1823 4791 δοκοῦν’

242 4828 383 4902 πλὴν
423 4830 488 4884 ού
534 4831 680 4884 κατά
729 4829 830 4901 τὴν
887 4829 989 4899 τῆς
1036 4829 1304 4899 γενέσεως
1339 4829 1514 4895 τάξιν,
1555 4829 1674 4900 ἦτοι
1703 4828 1827 4883 καθ’

243 4920 490 4992 ¹ἠλικίαν,
523 4919 639 4975 ἀλλ’
670 4920 792 4975 οὐδὲ
814 4920 1017 4992 ἀναμὶξ
1048 4920 1143 4975 καὶ
1185 4921 1349 4992 χύδην
1378 4921 1597 4988 ἁπλῶς,
1634 4938 1824 4976 συντε-

247 5009 489 5083 θειμένοι
540 5011 600 5065 δὲ
656 5012 855 5084 μᾶλλον
901 5012 1091 5084 ὥσπερ
1134 5014 1215 5078 είς
1265 5014 1578 5085 οίκονομίαν
1631 5031 1823 5086 μυστι-

250 5106 367 5174 κήν.

315 5197 525 5251 ΠΑΛΛ.
558 5195 671 5250 Καὶ
694 5196 800 5269 μὴν
826 5196 856 5250 δ
881 5214 936 5251 τι
964 5195 1095 5251 ποτέ
1121 5199 1268 5252 ἐστιν
1295 5197 1324 5252 δ
1353 5197 1479 5270 φὴς,
1507 5200 1708 5254 ἐννοεῖν
1728 5199 1828 5253 οὐκ

252 5288 370 5358 ἔχω.
402 5286 584 5362 Φράζε
609 5288 673 5359 δὴ
699 5285 794 5343 οὖν
819 5306 911 5360 μοι
936 5289 1143 5358 σαφῶς.

249 5469 403 5527 ΚΥΡ.
443 5472 636 5526 Βούλει
676 5470 927 5542 λέγωμεν
954 5472 1011 5525 ὲν
1035 5472 1188 5539 τάξει
1213 5473 1306 5526 καὶ
1334 5471 1566 5543 καθεξῆς
1598 5473 1723 5535 τοὺς
1764 5472 1825 5538 ἐξ

1921 4647 2233 4718 perficeret,
2266 4663 2332 4703 ac
2361 4646 2568 4703 donum
2600 4646 2846 4714 aﬂ‘erret,
2887 4647 3139 4703 ordinate
3173 4647 3253 4702 illi
3291 4647 3513 4717 quidem

1922 4747 2292 4805 accesserunt,
2320 4748 2383 4794 ut
2417 4738 2718 4810 legislatori
2743 4738 2924 4793 visum
2952 4745 3058 4803 est,
3088 4752 3201 4791 non
3231 4744 3415 4792 tamen
3447 4753 3517 4794 eo

1922 4830 2114 4886 ordine
2158 4846 2271 4901 quo
2312 4832 2546 4903 quisque
2578 4838 2743 4889 natus
2772 4838 2910 4897 erat,
2959 4830 3016 4885 id
3062 4840 3167 4896 est,
3213 4832 3392 4888 aetatis
3424 4848 3513 4888 ra-

1926 4922 2075 4979 tione
2102 4924 2331 4980 minime
2360 4925 2569 4992 habita,
2605 4939 2783 4995 neque
2819 4939 3012 4980 rursus
3031 4924 3257 4981 omnino
3286 4926 3514 4982 confuse

1928 5023 2093 5085 atque
2118 5016 2401 5086 permiste,
2434 5017 2531 5073 sed
2568 5017 2752 5089 potius
2786 5014 2958 5071 veluti
2997 5015 3229 5089 mystica
3258 5019 3513 5075 modera-

1930 5105 2080 5162 tione
2106 5107 2379 5179 dispositi.

1996 5197 2192 5253 PALL.
2224 5198 2512 5270 Equidem,
2535 5199 2682 5270 quod
2708 5214 2739 5254 a
2772 5206 2824 5255 te
2854 5197 3063 5256 dictum
3092 5210 3198 5266 est,
3227 5201 3390 5271 quale
3416 5200 3507 5263 sit,

1924 5307 2033 5347 non
2069 5308 2295 5364 possum
2335 5293 2673 5364 intelligere;
2704 5292 3063 5363 quamobrem
3107 5308 3319 5363 expone
3370 5289 3505 5346 illud

1923 5382 2186 5455 apertius.

1992 5474 2148 5563 (ΝΒ.
2171 5474 2337 5531 Visne
2390 5485 2451 5533 ut
2480 5476 2673 5534 ordine
2692 5486 2750 5534 et
2773 5486 3173 5550 consequenter
3201 5490 3297 5533 eos
3317 5476 3412 5548 qui
3440 5493 3508 5534 ex

308 5647 1397 5750 'fPsal._cxxrx,5.A_”Isa.£31.56.
1477 5672 1968 5742 “Psal.xxn,5.
2047 5671 2091 5708 ο·
2117 5674 2280 5732 Num.
2314 5691 2408 5747 vn,
2443 5676 2531 5750 88,
2562 5678 2649 5735 89.
2728 5679 3134 5744 πυρίῃ-.ῃί
3216 5679 3504 5738 "Hea".

242 5763 300 5815 ιι,
327 5748 379 5803 2.
459 5746 506 5780 “
541 5746 704 5803 Joan.
750 5762 824 5813 vr,
857 5745 944 5801 64.
