3962 6296
447 304 550 362 τις)

1467 303 1521 359 S.
1562 294 1836 360 CYRILLI
1875 304 2344 362 ALEXANDRINI
2381 306 2700 364 ARCHIEP.

3599 308 3701 363 7Ξο

448 420 613 476 Jacob
659 419 776 476 nati
817 429 968 486 sunt,
998 421 1419 477 recenseamus?
1455 420 1546 478 Sic
1578 422 1727 476 enim
1763 420 2022 477 facillime

2137 421 2331 477 Ἰακὼϐ
2367 423 2695 493 γεγονότας;
2738 422 2915 492 Σαφὲς
2953 421 3062 493 γὰρ
3099 421 3167 476 ἂν
3212 420 3419 490 γένοιτο
3449 422 3545 476 καὶ
3584 424 3704 479 λίαν

447 512 802 582 perspicuum
848 509 940 567 ﬁet
967 512 1243 582 quomodo
1274 512 1704 569 sit-accessionis
1746 513 1883 568 ordo
1916 513 2020 568 im-

446 608 708 655 mutatus.

515 690 713 746 PALL.
741 691 915 747 Velim
945 690 1219 763 equidem.
1654 760 1663 767 ἢ

512 782 671 838 CYR.
707 783 805 836 Est
831 782 997 853 igitur
1033 783 1432 855 primogenitus
1471 782 1697 850 Ruben;
1724 793 1850 854 post
1876 783 2024 839 hunc

446 874 689 940 Simeon,
722 873 884 945 37o
915 874 1069 940 Levi,
1117 886 1173 930 et
1211 875 1379 930 Judas
1407 890 1475 930 ex
1518 882 1690 929 matre
1738 873 1856 929 Lia.
1895 874 2024 929 Bala

446 967 645 1022 deinde
690 966 887 1021 ancilla
936 968 1052 1021 Dan
1085 976 1142 1021 et
1193 967 1545 1037 Nephlhalim
1587 966 1779 1037 parit;
1819 966 2024 1037 Zelpha

446 1059 575 1115 item
604 1060 801 1115 ancilla
832 1058 962 1124 Liae,
996 1058 1111 1114 Gad
1141 1066 1195 1112 et
1214 1058 1371 1113 Aser.
1399 1058 1496 1113 Lia
1526 1072 1721 1113 rursus
1743 1065 1864 1127 post
1889 1056 2026 1112 alios

446 1158 701 1220 quatuor,
735 1149 983 1205 lssachar
1008 1157 1063 1204 et
1088 1149 1330 1203 Zabulon
1354 1148 1526 1220 gignit
1556 1165 1569 1202 :
1598 1148 1664 1203 de
1691 1145 1899 1202 Rachel
1924 1162 2024 1200 au-

449 1252 555 1295 tem
592 1241 793 1312 Joseph
826 1249 882 1297 et
906 1240 1193 1312 Benjamin
1234 1240 1348 1295 nati
1389 1249 1535 1295 sunt.
1566 1225 1737 1312 Igitur
1763 1238 1927 1310 primi
1958 1254 2026 1293 ex

445 1330 542 1389 Lia
573 1334 744 1388 libera
778 1342 1013 1403 quatuor
1037 1343 1182 1399 sunt,
1211 1334 1407 1390 Ruben
1442 1342 1498 1390 et
1530 1333 1772 1398 Simeon,
1808 1330 1939 1386 Levi
1971 1339 2027 1386 et

445 1426 612 1482 Judas
655 1445 666 1480 :
712 1439 780 1482 ex
822 1427 1037 1482 duabus
1085 1443 1251 1500 porro
1290 1427 1505 1483 ancillis
1551 1427 1681 1482 Bala
1723 1434 1779 1482 et
1823 1425 2025 1496 Zelpha

446 1530 701 1590 quatuor,
739 1521 854 1574 Dan
884 1529 940 1576 et
968 1521 1341 1591 Nephthalim,
1376 1520 1489 1575 Gad
1522 1528 1579 1576 et
1610 1519 1780 1575 Aser:
1816 1518 1902 1573 bis
1934 1518 2025 1572 alii

446 1618 682 1685 Quatuor
712 1612 905 1678 additi,
947 1612 1057 1667 duo
1093 1629 1162 1667 ex
1206 1611 1324 1679 Lia,
1370 1612 1620 1668 Issacbar
1648 1620 1703 1665 et
1740 1609 2023 1677 Zabulon;

447 1702 558 1757 duo
588 1703 719 1758 item
763 1718 831 1757 ex
873 1702 1099 1769 Rachel,
1131 1702 1332 1773 Ioseph
1373 1710 1430 1756 et
1471 1700 1791 1772 Benjamin:
1828 1698 2026 1753 memi-

2126 513 2224 565 ὼδὶ
2252 513 2312 566 τὸ
2348 516 2404 567 ὲν
2432 516 2499 584 τῇ
2527 513 2775 584 προσόδῳ
2807 512 3281 584 παρηλλαγμένον.

2198 688 2403 742 nam.
2445 689 2557 743 Kal.
2594 689 2759 760 μάλα.

2198 780 2362 833 ΚΥΡ.
2408 780 2566 834 Ἔστι
2604 781 2783 833 τοίνυν
2834 781 3179 852 πρωτότοκος
3238 782 3336 851 μὲν
3370 782 3399 835 6
3436 781 3702 854 Ῥουϐὴμ.
3778 791 3783 795 ’

2127 867 2212 920 ἐπ’
2264 868 2411 939 αὐτῷ
2455 868 2511 920 δὲ
2555 867 2814 938 Συμεὼν,
2863 869 3030 933 Λευὶ,
3082 871 3176 923 καὶ
3241 868 3441 934 Ἰούδας
3488 870 3598 923 ἀπό
3639 888 3702 940 γε

2130 961 2338 1033 μητρὸς
2383 960 2481 1030 τῆς
2522 961 2707 1024 Λείας.
2758 960 2907 1016 Βάλα
2966 961 3026 1015 δὲ
3073 957 3140 1016 αὖ
3193 959 3253 1014 τὸ
3299 961 3706 1034 θεραπαινίδιον

2126 1052 2217 1106 τὸν
2257 1052 2364 1106 Δάν
2396 1069 2455 1106 τε
2503 1050 2595 1105 καὶ
2642 1050 2986 1124 Νεφθαλείμ,
3028 1053 3123 1108 καὶ
3171 1052 3277 1126 μὴν
3314 1050 3472 1127 καὶὴ
3521 1055 3705 1124 Ζελφὰ

2129 1143 2387 1214 παιδίσκη
2430 1143 2627 1208 Λείας,
2664 1142 2758 1197 τὸν
2807 1143 2914 1196 Γὰδ
2962 1144 3057 1197 καὶ
3109 1144 3294 1215 ’Λσὴρ,
3335 1145 3469 1198 Λεία
3495 1162 3561 1214 γε
3598 1147 3706 1216 μὴν

2127 1236 2262 1307 πρὸς
2289 1232 2399 1296 τοῖς
2428 1233 2609 1297 ἄλλοις
2646 1233 2948 1307 τέσσαρσι,
2979 1233 3068 1287 τὸν
3110 1234 3330 1307 Ἰσάχαρ
3370 1235 3463 1288 καὶ
3499 1234 3705 1289 Ζαϐου-

2126 1328 2233 1381 λὼν
2261 1326 2456 1382 τίκτειο
2488 1326 2750 1396 γενέσθην
2784 1324 2840 1379 δὲ
2896 1324 3122 1390 xui-61:6
3147 1326 3346 1397 Ῥαχὴλ
3389 1326 3587 1398 Ἰωσὴφ
3610 1328 3705 1379 καὶ

2129 1420 2409 1491 Βενιαμίν.
2442 1418 2650 1473 Οὐκοῦν
2693 1418 2905 1490 πρῶτοι
2947 1417 3045 1487 μὲν
3076 1420 3140 1471 ὲκ
3171 1419 3357 1486 Λείας,
3387 1420 3436 1472 οἱ
3469 1417 3527 1486 ἐξ
3554 1419 3707 1473 ἐλευ-

2136 1512 2299 1583 θέρας
2353 1510 2650 1582 τέσσαρες,
2699 1506 2970 1581 Ῥουϐὴμ,
3004 1502 3113 1563 καὶ
3162 1509 3415 1581 Συμεὼν,
3450 1510 3578 1563 Λευὶ⁵
3610 1510 3703 1564 καὶ

2143 1604 2363 1667 Ἰούδας.
2420 1604 2517 1657 Ἐκ
2562 1603 2706 1656 δυοῖν
2750 1602 2807 1656 δὲ
2851 1601 3243 1675 θεραπαίναιν,
3283 1601 3460 1665 Βάλας
3502 1617 3561 1655 τε
3608 1601 3706 1655 καὶ

2131 1696 2375 1767 Ζελνρᾶς,
2422 1695 2722 1766 τέσσαρες,
2769 1694 2875 1747 Δάν
2932 1692 3025 1746 καὶ
3066 1691 3416 1761 Νεφθαλεὶμ,
3463 1689 3570 1745 Γὰδ
3611 1690 3705 1743 καὶ

445 1793 593 1850 nisse
625 1803 807 1850 autem
835 1810 1057 1850 necesse
1083 1802 1187 1860 est,
1216 1794 1417 1862 Joseph
1449 1802 1653 1847 sortem
1687 1792 1749 1873 in
1775 1790 1913 1845 duas
1942 1789 2022 1845 di-

2143 1790 2333 1862 Ἀσήρ.
2382 1787 2602 1860 Ἕτεροι
2660 1786 2717 1839 δὲ
2771 1782 2837 1840 αὖ
2895 1785 2988 1838 ἐπὶ
3026 1784 3236 1847 τούτοις
3277 1783 3563 1853 τέσσαρες·
3611 1780 3705 1835 δύο

446 1885 619 1940 visam
643 1900 761 1941 esse
783 1885 980 1950 tribus,
1008 1886 1064 1939 in
1085 1884 1347 1954 Ephraim
1374 1891 1430 1938 et
1449 1882 1713 1948 Manasse,
1740 1881 1932 1937 ambos
1956 1896 2025 1935 ex

449 1976 543 2033 illo
570 1978 784 2049 genitos
810 1979 874 2031 ⁸⁸.

2134 1881 2232 1954 μὲν
2263 1883 2327 1935 ὲκ
2359 1880 2555 1944 Λείας,
2596 1879 2817 1950 Ἰσάχαρ
2845 1894 2904 1930 τε
2945 1877 3039 1931 καὶ
3064 1874 3370 1940 Ζαϐουλὼν,
3408 1873 3516 1929 ἀπὸ
3547 1874 3606 1928 δέ
3639 1892 3704 1942 γε

2129 1974 2229 2045 τῆς
2267 1971 2499 2043 Ῥαχὴλ,
2552 1969 2752 2040 Ἰωσὴφ
2800 1970 2895 2024 καὶ
2956 1966 3233 2037 Βενιαμίν.
3277 1965 3600 2038 Μεμνῆσθαι
3645 1964 3721 2019 δὲ

444 2069 770 2137 ἀναγκαῖον,
804 2068 879 2133 ὡς
918 2069 997 2132 είς
1040 2067 1133 2122 δύο
1164 2068 1493 2141 μεμέρισται
1543 2066 1717 2139 φυλὰς
1753 2069 1782 2121 6
1818 2066 2016 2139 Ἰωσὴφ
2056 2064 2274 2137 κλῆρος,
2301 2067 2380 2129 είς
2443 2081 2504 2117 τε
2566 2062 2657 2117 τὸν
2694 2060 2937 2134 Ἐφραίμ
2991 2060 3084 2114 καὶ
3117 2059 3297 2130 μέντοι
3332 2058 3424 2112 τὸν
3477 2059 3703 2113 Μανασ-

449 2165 571 2236 σῆν,
601 2166 727 2227 τοὺς
755 2163 812 2230 ἐξ
841 2160 1004 2217 αὑτοῦ
1036 2162 1347 2232 γεγονότας.

519 2256 713 2312 PALL.
735 2254 1003 2325 Equidem
1024 2254 1277 2310 ordinem
1296 2255 1578 2310 nominum
1600 2254 1805 2325 optime
1828 2264 2023 2313 teneo:

446 2350 542 2405 sed
574 2350 651 2406 tui
694 2350 807 2420 jam
840 2347 1004 2403 ollicii
1034 2355 1119 2403 est
1158 2346 1439 2403 declarare
1478 2346 1625 2418 quod
1664 2348 1721 2401 in
1765 2347 1834 2403 iis
1872 2365 2025 2419 quae-

449 2442 612 2497 ritur.

515 2534 673 2589 CYR.
705 2532 808 2600 Qui
846 2549 971 2589 cum
1008 2533 1168 2588 donis
1199 2530 1553 2598 accedebant,
1593 2531 1820 2599 Palladi,
1851 2532 1907 2587 id
1943 2532 2025 2588 fa-

446 2625 685 2690 ciebant,
716 2640 828 2679 non
863 2625 1041 2679 aetatis
1062 2623 1250 2678 habita
1282 2624 1515 2688 ratione,
1540 2623 1636 2678 sed
1666 2624 1879 2694 primus
1900 2624 2025 2693 qui-

446 2722 571 2777 dem
606 2720 795 2786 Judas,
837 2720 1051 2775 etiamsi
1084 2719 1346 2790 temporis
1378 2718 1573 2773 ordino
1606 2728 1835 2789 quartus
1872 2729 2023 2786 erat;

446 2829 626 2870 nonus
658 2814 825 2868 etiam
852 2819 978 2882 post
1005 2825 1133 2865 eum
1164 2809 1411 2865 lssachar
1438 2816 1494 2864 et
1517 2826 1627 2864 una
1653 2809 1900 2866 decimus
1923 2811 2023 2864 Za-

446 2904 635 2960 bulon.
670 2904 800 2958 Post
819 2904 919 2958 hos
956 2900 1194 2956 secunda
1222 2899 1393 2955 veluti
1429 2900 1616 2955 classis
1646 2902 2025 2972 consequitur,

446 2995 842 3067 primogenitus
857 2993 1075 3059 Ruben,
1104 3001 1161 3047 et
1186 2991 1281 3062 qui
1306 2982 1565 3062 deinceps
1598 2991 1791 3047 ordine
1826 3007 2025 3047 secun-

448 3087 551 3143 dus
582 3096 667 3143 est
692 3084 947 3151 Simeon;
982 3083 1179 3155 hisque
1206 3083 1534 3154 conjunctus
1573 3079 1688 3137 Dan
1724 3098 1791 3137 ex
1829 3085 2025 3140 ancilla

447 3188 628 3234 natus.
680 3176 898 3231 Tertius
943 3176 1029 3230 his
1067 3174 1280 3229 accedit
1324 3174 1460 3229 ordo
1501 3189 1570 3228 ex
1611 3174 1789 3228 tribus
1814 3174 2022 3240 liberis,

446 3264 727 3336 prraim,
758 3264 1003 3318 Manasse
1043 3271 1099 3317 ct
1141 3262 1445 3334 Benjamin.
1488 3261 1692 3329 Quarta
1738 3264 1927 3318 classis
1968 3264 2025 3318 in

444 3357 704 3411 extremis
736 3356 1000 3412 collocata
1032 3362 1116 3408 cst
1153 3368 1366 3424 eorum,
1399 3354 1494 3424 qui
1537 3370 1604 3409 ex
1639 3354 1853 3409 ancillis
1890 3355 2024 3410 editi

446 3456 592 3514 sunt,
622 3458 839 3517 tresque
871 3447 1060 3501 itidem
1091 3457 1238 3512 sunt,
1282 3446 1419 3511 Dan,
1459 3445 1615 3511 Aser,
1648 3445 2020 3516 Nepbthalim,

2198 2255 2409 2310 ΠΛΛΛ.
2440 2251 2673 2323 Συνίημι
2720 2252 2821 2322 μὲν
2855 2246 2913 2329 εὖ
2961 2250 3105 2322 μάλα
3141 2251 3250 2307 τῶν
3292 2250 3571 2322 ὀνομάτων
3603 2252 3705 2323 τὴν

2126 2345 2301 2411 τάξιψ
2336 2346 2390 2399 τί
2414 2346 2459 2399 δ’
2501 2346 2567 2399 ἂν
2593 2345 2677 2414 εἴη
2707 2342 2892 2396 λοιπὸν
2919 2343 2979 2396 τὸ
3005 2343 3331 2415 ζητούμενον
3356 2344 3432 2408 ὡς
3463 2343 3519 2396 ἔν
3548 2360 3610 2412 γε
3636 2344 3705 2415 δὴ

2125 2440 2336 2502 τούτοις
2351 2472 2385 2504 ,ο
2401 2438 2491 2493 σὸν
2521 2437 2623 2508 ἤδη
2655 2435 2995 2508 διατρανοῦν.

2143 2564 2152 2571 -
2197 2533 2361 2586 ΚΥΡ.
2397 2532 2720 2604 Προσιόντες
2741 2572 2755 2596 ,
2782 2525 2827 2584 ὦ
2866 2530 3131 2584 Παλλάδιε
3152 2572 3167 2599 ,
3192 2532 3303 2595 τοῖς
3333 2529 3527 2601 δώροις
3562 2530 3701 2600 ἅμα,

2125 2626 2283 2681 τοῦτο
2328 2626 2525 2699 ἔδρων,
2577 2627 2639 2680 οὐ
2694 2624 2815 2678 καθ’
2872 2623 3121 2696 ἡλικίαν,
3171 2622 3309 2677 ἀλλὰ
3352 2622 3567 2694 πρῶτος
3602 2621 3703 2691 μὲν

2138 2719 2360 2784 Ἰούδας,
2429 2718 2608 2773 καίτοι
2650 2719 2909 2790 τέταρτος
2949 2716 3023 2769 ὢν
3054 2715 3196 2770 κατὰ
3234 2715 3443 2787 χρόνον,
3483 2713 3703 2775 ἔννατος

2126 2812 2183 2867 δὲ
2209 2812 2330 2884 μετ’
2364 2813 2526 2866 αὑτὸν
2582 2811 2834 2884 Ὶσάχαρ,
2864 2811 2959 2864 καὶ
2994 2810 3090 2863 σὺν
3129 2809 3310 2870 αὐτοῖς
3345 2807 3569 2867 δέκατος
3597 2806 3704 2858 Ζα-

2128 2901 2354 2958 ϐουλὼν.
2403 2903 2692 2975 Συμμορὶα
2725 2902 2781 2954 δὲ
2813 2902 3002 2971 ὥσπερ
3033 2898 3172 2970 μετὰ
3198 2896 3419 2959 τούτους
3450 2895 3699 2964 δευτέρα,

2140 2994 2381 3066 Ῥουῦὴμ
2407 2996 2434 3048 6
2465 2994 2836 3071 πρωτότοκος,
2866 2993 2959 3045 καὶ
2991 2994 3020 3045 6
3049 2990 3281 3061 καθεξῆς
3315 2990 3408 3043 και)⁸
3429 2988 3700 3060 δεύτερος,

2128 3087 2374 3159 Συμεών.
2423 3087 2701 3157 Συνῆπται
2738 3085 2797 3137 δὲ
2848 3084 2940 3138 καὶ
2992 3083 3020 3134 6
3054 3084 3161 3136 Δὰν
3216 3083 3281 3136 ὲκ
3325 3081 3537 3152 δούλης.
3590 3082 3703 3134 Καὶ

2128 3180 2266 3252 πρός
2308 3196 2371 3247 γε
2430 3178 2495 3250 δὴ
2541 3177 2786 3241 τούτοις,
2836 3175 3025 3245 τάγμα
3068 3175 3128 3227 τὸ
3176 3173 3357 3245 τρίτον
3402 3173 3490 3227 διὰ
3533 3171 3702 3243 τριῶν

2129 3270 2457 3340 ἐλευθέρων,
2504 3268 2745 3339 Ἐφραῖμ
2777 3282 2835 3319 τε
2863 3266 2957 3319 καὶ
2994 3265 3263 3335 Μανασσῆ
3297 3265 3390 3317 καὶ
3419 3264 3701 3335 Βενιαμίν.

2127 3350 2416 3429 Συ”μμορία
2445 3355 2502 3409 δὲ
2533 3357 2766 3426 τετάρτη
2802 3356 2858 3407 ὲν
2896 3355 3145 3425 ἐσχάτοις
3167 3393 3180 3419 ,
3208 3353 3316 3406 τῶν
3342 3355 3406 3407 ὲκ
3436 3353 3702 3425 θεραπαι-

2127 3450 2232 3511 νῶν
2257 3450 2574 3520 γεγονότων.
2612 3449 2781 3519 Τρεῖς
2841 3447 2898 3500 δὲ
2929 3448 2994 3518 δὴ
3039 3444 3187 3501 οὗτοι
3230 3447 3422 3512 πάλιν,
3464 3447 3570 3501 Δάν
3606 3447 3705 3502 καὶ

444 3539 695 3608 quamvis
718 3548 959 3608 tempore
979 3538 1281 3594 nativitatis
1302 3537 1578 3592 anteirent
1599 3553 1693 3593 eos
1728 3538 1822 3607 qui
1843 3539 2022 3608 priore

2141 3543 2307 3614 Ἀσὴρ
2328 3582 2342 3605 ,
2394 3542 2488 3594 καὶ
2535 3539 2852 3610 Νεφθαλείμ
2873 3580 2886 3603 ,
2924 3539 3100 3592 καίτοι
3134 3539 3462 3611 προῦχοντες
3498 3539 3577 3611 τῷ
3601 3541 3707 3611 τῆς

442 3629 567 3684 loco
592 3629 841 3685 collocati
876 3637 1022 3694 sunt,
1058 3629 1342 3698 prraim,
1388 3628 1632 3698 inquam,
1680 3637 1737 3683 et
1780 3629 2025 3684 Manasse

446 3728 503 3774 et
539 3720 842 3791 Benjamin.
874 3720 1016 3773 Num
1049 3717 1214 3787 igitur
1263 3734 1455 3788 parum
1504 3719 1867 3774 necessariam
1904 3735 2024 3774 esse

447 3825 639 3865 censes
666 3810 863 3863 harum
888 3824 1073 3863 rerum
1107 3810 1555 3880 inquisitionem?

511 3996 706 4052 PALL.
737 3997 849 4068 Ego
881 4013 1012 4052 vero
1045 3999 1278 4054 maxime
1316 4000 1681 4054 necessariam
1726 4010 1892 4072 puto;
1928 4003 2025 4058 sed

447 4103 695 4158 quanam
729 4088 800 4142 sit
831 4088 952 4160 ejus
986 4089 1064 4143 rei
1094 4088 1255 4155 ratio,
1283 4088 1495 4143 enitere
1525 4096 1586 4143 ut
1607 4088 1742 4144 mihi
1763 4091 2020 4160 explices.

514 4177 671 4234 CYR.
704 4177 933 4234 Videtur
953 4194 1017 4234 ea
1037 4195 1147 4246 res,
1178 4189 1239 4236 ut
1262 4194 1363 4252 ego
1386 4179 1645 4247 arbitror,
1674 4196 1774 4250 per
1795 4182 2024 4253 aenigma

446 4270 746 4335 insinuare,
781 4286 1022 4342 quaeper
1041 4271 1319 4327 Christum
1340 4272 1589 4329 instituta
1618 4281 1764 4339 sunt,
1794 4289 1858 4329 ea
1881 4275 2024 4344 apud

445 4362 617 4417 Deum
649 4363 889 4434 priorem
935 4365 1117 4419 locum
1158 4373 1366 4431 tenere,
1415 4381 1580 4436 quam
1617 4381 1682 4419 ea
1718 4381 1839 4436 qua
1896 4375 2025 4422 sunt

445 4454 563 4523 lege
593 4454 831 4519 saucita;
870 4462 925 4510 et
964 4455 1058 4524 qui
1095 4462 1253 4509 erant
1284 4455 1472 4526 primi,
1506 4470 1603 4509 eos
1640 4470 1761 4510 esse
1799 4455 2024 4511 ultimos

446 4545 646 4611 factos,
680 4561 745 4600 ac
772 4546 1015 4600 vicissim
1056 4546 1279 4602 ultimos
1312 4546 1549 4617 primos.
1578 4546 1736 4610 Nam,
1761 4547 1855 4616 qui
1883 4557 2022 4603 tem-

446 4653 580 4707 pore
602 4637 943 4708 antiquiores
969 4647 1145 4705 erant,
1178 4648 1234 4693 et
1256 4639 1327 4693 ob
1355 4654 1477 4694 eam
1504 4653 1724 4693 causam
1755 4639 2024 4710 primoge-

446 4729 569 4795 niti,
588 4730 642 4785 id
665 4738 768 4795 est,
799 4729 963 4784 lsrael
981 4738 1213 4800 gentesa
1233 4738 1383 4802 tergo
1402 4729 1648 4800 sequitur
1667 4746 1680 4782 :
1699 4730 1899 4800 quippe
1928 4731 2023 4801 qui

2126 3636 2395 3705 γενέσεως
2447 3634 2656 3706 χρόνῳ,
2707 3634 2818 3686 τῶν
2881 3633 2958 3696 ὡς
3004 3632 3155 3697 τάξει
3222 3634 3701 3704 προτεταγμένων,

2137 3728 2376 3801 Ἐφραῖμ
2431 3744 2513 3793 τε,
2563 3725 2728 3796 φημὶ,
2782 3724 2878 3778 καὶ
2925 3724 3225 3794 Μανασσῆ,
3274 3724 3369 3778 καὶ⁵
3418 3724 3701 3795 Βενιαμίν.

2127 3813 2253 3891 ’Ἆρ’
2323 3820 2423 3871 οὐκ
2491 3815 2796 3886 ἀναγκαίαν
2857 3817 2961 3887 φῂς
2991 3817 3091 3887 τὴν
3162 3817 3255 3869 ἐπὶ
3322 3814 3532 3880 τούτοις
3595 3815 3701 3886 βά-

2128 3925 2286 3961 σανον
2302 3925 2316 3973 ;

2196 3996 2404 4049 ΠΑΛΛ.
2445 3993 2705 4050 Μάλιστά
2731 4011 2822 4063 γε·
2853 3995 2936 4058 τίς
2980 3991 3074 4049 οὖν
3119 3995 3148 4048 6
3184 3995 3364 4065 λόγος,
3398 3995 3571 4067 πειρῶ
3608 4013 3701 4066 μοι

2124 4087 2324 4155 λέγειν.
2483 4091 2491 4099 ’

2195 4180 2359 4233 ΚΥΡ.
2395 4178 2636 4250 Αἴνιγμά
2666 4196 2769 4232 που
2799 4178 2860 4233 τὸ
2888 4179 3078 4251 χρῆμά
3113 4181 3248 4245 ἐστι,
3282 4180 3532 4253 καθάπερ
3558 4175 3705 4249 ἐγῷ-

2128 4290 2226 4341 μαι
2267 4271 2449 4326 πάλιν.
2480 4272 2605 4325 Ὀτι
2636 4272 2789 4338 τάξιν
2832 4271 2944 4342 ἔχει
2988 4274 3089 4343 τὴν
3134 4272 3357 4344 πρώτην
3382 4274 3535 4346 παρὰ
3578 4274 3703 4346 Θεῷ

2124 4363 2190 4419 τά
2215 4363 2302 4418 διὰ
2336 4363 2571 4435 Χριστοῦ
2611 4364 2720 4417 τῶν
2754 4367 2810 4417 ὲν
2838 4365 3005 4437 νόμῳ·
3060 4366 3156 4420 καὶ
3185 4367 3265 4419 ὃτι
3293 4366 3563 4422 τέθεινται
3599 4368 3702 4438 μὲν

2124 4458 2172 4510 οἱ
2208 4456 2414 4530 πρῶτοι
2438 4456 2676 4528 ἔσχατοι,
2702 4459 2750 4509 οί
2779 4457 2835 4510 δὲ
2860 4456 3078 4529 ἔσχατοι
3130 4459 3360 4531 πρῶτοι.
3398 4461 3459 4514 Οί
3491 4461 3598 4532 γὰρ
3621 4460 3702 4526 ὡς

2124 4551 2181 4603 ἐν
2236 4550 2414 4622 χρόνῳ
2459 4550 2821 4622 πρεσϐύτεροι
2873 4551 2964 4604 διά
3025 4567 3085 4604 τε
3129 4552 3289 4606 τοῦτο
3340 4552 3702 4623 πρωτότοκοι,

2123 4639 2265 4695 τοῦτ’
2295 4640 2439 4694 ἔστιν
2468 4643 2497 4695 6
2550 4641 2797 4713 Ἰσραὴλ,
2832 4642 3062 4697 κατόπιν
3102 4644 3320 4714 ἔρχεται
3359 4645 3465 4698 τῶν
3499 4644 3700 4701 ἐθνῶν.

2125 4733 2235 4784 Καὶ
2256 4733 2303 4784 οἱ
2333 4733 2392 4784 τὸ
2420 4730 2603 4785 δοῦλον
2639 4731 2852 4802 ἔχοντες
2883 4733 3121 4803 πνεῦμα,
3160 4735 3254 4788 καὶ
3281 4736 3379 4806 τῆς
3412 4735 3700 4791 δουλευού-

446 4818 698 4892 spiritum
734 4821 988 4877 servilem
1024 4822 1247 4887 habent,
1295 4830 1351 4875 et
1388 4820 1676 4877 servientis
1718 4820 2022 4877 Jerusalem

2134 4839 2226 4892 σης
2259 4822 2612 4894 Ἰερουσαλὴμ
2637 4824 2765 4888 υἱοὶ,
2797 4824 2858 4878 τὸ
2895 4824 3153 4897 προῦχειν
3181 4827 3237 4879 ὲν
3281 4826 3407 4900 δόξῃ
3436 4845 3704 4901 παραχω-

440 4914 544 4968 .ﬁlii
569 4914 636 4969 de
664 4916 1039 4985 pnestantiore
1076 4915 1233 4985 371
1270 4913 1439 4985 gloria
1463 4914 1771 4969 concedunt
1795 4913 1921 4969 ﬁliis
1948 4914 2019 4968 li-

2134 4916 2349 4987 ρήσουσι
2414 4919 2526 4980 τοῖς
2578 4917 2679 4988 τῆς
2739 4917 3061 4989 ἐλευθέρας,
3125 4920 3246 4990 ἥτις
3327 4898 3445 4974 ἐστὶ
3510 4898 3703 4994 μήτηρ

447 5006 612 5070 bene,
646 5021 767 5074 quae
790 5016 872 5061 est
894 5015 1067 5061 mater
1090 5015 1273 5061 nostra
1294 5006 1560 5070 omnium,
1592 5006 1687 5075 qui
1714 5005 1769 5059 in
1795 5006 2016 5060 Christo

443 5094 724 5166 iustiﬁcati
751 5111 958 5163 sumus,
983 5106 1038 5153 et
1067 5113 1166 5168 per
1195 5098 1418 5167 spiritus
1443 5097 1753 5152 libertatem
1788 5097 1854 5151 ad
1877 5098 2018 5152 libe-

445 5203 560 5247 ram
596 5187 964 5244 conditionem
989 5191 1185 5245 vocati.
1218 5190 1351 5246 Vide
1381 5190 1550 5254 enim,
1587 5190 1631 5243 si
1660 5191 1855 5260 placet,
1892 5182 2019 5244 dili-

446 5287 662 5349 gentem
721 5279 887 5351 hujus
934 5283 1409 5353 contemplationis
1479 5283 1767 5336 rationem.
1834 5281 2018 5337 Prima

445 5373 593 5425 enim
626 5372 770 5427 inter
823 5382 1049 5427 caeteras
1090 5374 1294 5429 donum
1332 5374 1490 5429 aﬂ‘ert
1523 5374 1700 5429 tribus
1740 5374 1908 5440 Juda,
1948 5389 2014 5429 ex

446 5474 555 5531 qua
587 5470 739 5515 ortus
773 5469 856 5517 est
886 5462 1186 5517 secundum
1227 5478 1446 5520 carnem
1475 5463 1766 5519 Christus:
1801 5474 1857 5520 et
1894 5473 2016 5535 post

446 5564 568 5604 eam
601 5554 861 5608 continuo
894 5555 1071 5610 tribus
1091 5556 1335 5611 lssacbar
1357 5564 1411 5613 et
1439 5555 1707 5625 Zabulon,
1730 5556 1824 5627 qui
1855 5557 2017 5613 ambo

550 5724 599 5758 "
637 5721 772 5781 Gen.
806 5738 926 5779 xxix
959 5740 1113 5797 seqq.

2123 5007 2417 5080 ἡμῶν’τῶν
2455 5010 2513 5061 ὲν
2556 5006 2778 5080 Χριστῷ
2815 5009 3277 5082 δεδικαιωμένων,
3314 5014 3409 5066 καὶ
3436 5015 3516 5077 είς
3540 5014 3703 5068 ἐλεύ-

2125 5098 2281 5171 θερον
2319 5098 2535 5170 ἀξίωμα
2570 5100 2922 5171 κεκλημένων
2955 5102 3021 5154 δι’
3055 5103 3338 5173 ἐλευθέρου
3363 5104 3701 5176 πνεύματος.

2126 5191 2268 5261 Ὅρα
2318 5191 2449 5261 γὰρ,
2483 5193 2531 5243 εί
2567 5191 2735 5259 δοκεῖ,
2780 5193 2888 5245 τῶν
2930 5193 3303 5266 θεωρημάτων
3346 5195 3406 5248 τὸ
3448 5197 3701 5269 ἀκριϐές.

2123 5280 2321 5353 Πρώτη
2356 5282 2454 5352 μὲν
2483 5282 2592 5352 γὰρ
2636 5283 2902 5354 προσάγει
2936 5285 2998 5337 τὸ
3035 5286 3206 5358 δῶρον
3248 5287 3281 5356 ἡ
3331 5285 3502 5341 Ἰούδα
3533 5288 3700 5359 φυλή·

2121 5373 2180 5439 ἐξ
2215 5369 2282 5443 ἧς
2310 5373 2478 5443 ἀνέφυ
2512 5375 2653 5429 κατά
2683 5376 2857 5447 σάρκα
2895 5378 3149 5450 Χριστός.
3186 5379 3297 5432 Καὶ
3326 5380 3462 5449 μετὰ
3491 5381 3703 5454 ταύτην

2122 5464 2283 5528 εὐθὺς
2325 5466 2359 5535 ἡ
2398 5465 2616 5538 ἰσάχαρ
2646 5484 2703 5519 τε
2752 5469 2848 5520 καὶ
2883 5469 3188 5525 Ζαϐουλὼν·
3230 5471 3397 5541 ἄμφω
3435 5471 3703 5545 δὲίήσθην

2123 5556 2397 5628 ἐλεύθεροι
2437 5558 2532 5613 καὶ
2564 5557 2625 5625 ἐξ
2660 5559 2980 5633 ἐλευθέρων.
3030 5559 3165 5617 Εἶτα
3202 5563 3446 5637 Ῥουϐὴμ
3477 5566 3508 5621 6
3540 5584 3699 5640 πρω-
