3962 6296
220 275 323 331 791

945 267 1034 324 DE
1071 266 1517 325 ADORATIONE
1553 268 1623 325 IN
1662 265 1932 325 SPIRITU
1972 264 2061 322 ET
2100 262 2470 322 VERITATE.
2510 294 2578 305 -—
2612 263 2741 319 LIB.
2781 261 2848 317 Χ.

3392 265 3507 321 72:!

218 390 473 449 τότοκος,
512 378 742 454 Συμεὼν
783 393 843 432 τε
898 379 992 433 καὶ
1034 378 1161 444 Γὰδ,
1200 380 1259 444 ὃς
1310 381 1459 435 ἔστιν
1503 380 1569 434 ὲκ
1596 378 1810 452 δούλης.

1922 378 2080 435 liberi
2120 385 2281 435 erant
2309 385 2365 433 et
2389 392 2458 431 ex
2493 375 2717 442 liberis;
2754 374 2953 431 deinde
2991 375 3188 433 Ruben
3222 378 3503 453 primoge-

222 477 563 551 Σημαίνεται
605 473 664 528 δὲ
696 470 786 527 διὰ
815 469 1022 527 τούτων
1057 473 1086 525 6
1126 471 1365 545 Ἰσραήλ.
1420 473 1531 528 Καὶ
1557 471 1690 544 φέρε
1716 473 1815 537 τὰς

227 569 308 638 ἐφ’
333 565 561 636 ἑκάστῳ
601 563 887 634 λέγωμεν,
920 563 987 617 ἑκ
1014 561 1116 633 τῆς
1150 562 1240 617 ἐπ’
1284 562 1470 628 αὐτοῖς
1516 562 1815 635 γενομένης

228 658 571 730 προφητείας
615 655 677 723 ἐξ
721 653 918 709 Ἰακὼϐ
953 653 1323 724 συλλέγοντες,
1374 656 1519 727 Ἔφη
1568 655 1746 710 τοίνυν
1786 657 1815 709 6

228 751 516 815 θεσπέσιος
575 747 793 804 Ἰακώϐ·
830 769 850 803 ‹
891 748 1137 820 Ῥουϐὴμ
1170 748 1513 822 πρωτότοκός
1560 767 1661 822 μου
1683 791 1697 817 ,
1749 751 1814 804 σὺ

232 842 379 915 ἰσχύς
424 860 553 915 μου,
584 840 684 896 καὶ
714 841 857 913 ἀρχὴ
889 840 1098 896 τέκνων
1131 858 1255 911 μου.
1292 840 1527 914 σκληρὸς
1551 841 1815 913 φέρεσθαι

230 939 316 990 καὶ
354 936 599 1009 σκληρὸς
631 935 892 1005 αὐθάδης
944 952 963 986 ι
1004 932 1099 986 καὶ¹
1146 933 1331 987 πάλιν⁶
1391 952 1410 985 ι
1445 932 1673 1005 Συμεὼν
1721 935 1817 989 καὶ

229 1029 355 1083 Λευὶ
401 1027 624 1097 ἀδελφοὶ
688 1024 1041 1081 συνετέλεσαν
1069 1024 1285 1081 ἀδικίαν
1332 1023 1394 1090 ἐξ
1424 1024 1692 1095 αἱρέσεως
1718 1026 1820 1078 αὺ-

229 1118 354 1174 τῶν.
404 1120 503 1183 Εἰς
563 1117 758 1190 βουλὴν
803 1117 986 1172 αὐτῶν
1034 1115 1113 1189 μὴ
1159 1117 1376 1189 εἰσέλθῃ
1408 1120 1442 1189 ἡ
1491 1117 1639 1190 ψυχή
1688 1134 1813 1189 μου,

229 1213 318 1268 καὶ
348 1213 447 1266 ἐπὶ
489 1214 558 1284 τῇ
601 1210 865 1265 συστάσει
906 1209 1087 1265 αὐτῶν
1131 1213 1206 1281 μὴ
1248 1212 1456 1281 ἐρεῖσαι
1496 1211 1567 1265 τὰ
1621 1211 1813 1283 ἢπατά

234 1325 351 1380 μου·
387 1309 473 1362 δτι
521 1309 579 1361 ὲν
628 1305 708 1377 τῷ
731 1304 888 1385 θυμῷ
907 1304 1086 1360 αὐτῶν
1112 1306 1443 1361 ἀπέκτειναν
1468 1305 1814 1378 ἀνθρώπους,

231 1397 318 1449 καὶ
350 1395 412 1450 ἐν
448 1398 516 1468 τῇ
564 1396 828 1471 ἐπιθυμίᾳ
871 1397 1051 1453 αὐτῶν
1113 1398 1558 1471 ἑνευροκόπησαν
1593 1399 1813 1473 ταῦρον.

241 1484 682 1557 Ἐπικατάρατος
717 1489 745 1541 6
775 1486 944 1558 θυμὸς
971 1487 1173 1553 αὐτῶν,
1216 1490 1299 1544 ὃτι
1349 1488 1612 1562 αὐθάδης,
1645 1489 1740 1543 καὶ
1783 1491 1817 1561 ἡ

235 1575 395 1647 μῆνις
437 1576 644 1644 αὐτῶν,
675 1578 759 1632 ὅτι
800 1579 1167 1652 ὲσκληρύνθη.
1226 1599 1245 1632 ι
1294 1580 1432 1651 Περὶ
1468 1580 1524 1634 δὲ
1575 1581 1670 1634 τοῦ
1709 1581 1818 1636 Γὰδ

232 1668 332 1742 εφη
358 1669 526 1723 πάλιν
557 1670 705 1724 τάδε’
740 1691 758 1725 ι
792 1672 1156 1744 Πειρατήριον
1190 1671 1558 1743 πειρατεύσει,
1590 1673 1683 1728 καὶ
1718 1674 1816 1727 αὕ-

230 1761 319 1825 τὸς
357 1762 713 1834 πειρατεύσει
751 1763 915 1818 αὑτὸν
944 1765 1083 1820 κατὰ
1107 1765 1294 1830 πόδας.
1335 1784 1354 1817 ι
1387 1766 1596 1821 Οὐκοῦν
1625 1768 1683 1821 ὲν
1720 1768 1816 1839 μὲν

230 1852 305 1925 τῷ
359 1853 609 1927 Ῥουϐὴμ
673 1858 993 1930 σημαίνοιτο
1042 1859 1108 1915 ἂν
1154 1859 1379 1925 εἰκότως
1424 1863 1455 1915 6
1513 1861 1749 1934 Ἰσραὴλ,
1789 1863 1818 1915 6

231 1946 580 2017 πρωτότοκος
623 1948 723 2020 μὲν
770 1950 913 2004 κατὰ
959 1950 1185 2022 χρόνον,
1234 1950 1469 2023 σκληρὸς
1520 1951 1577 2006 δὲ
1620 1951 1685 2023 δὴ
1725 1954 1818 2006 καὶ

231 2037 473 2111 αὐθάδης
503 2041 600 2095 καὶ
633 2042 897 2115 ὑϐριστής
921 2060 934 2073 ·
979 2046 1035 2099 ὲν
1079 2044 1137 2098 δέ
1180 2060 1245 2114 γε
1272 2044 1350 2116 τῷ
1381 2045 1626 2115 Συμεὼν,
1657 2038 1701 2115 ᾧ
1725 2046 1818 2099 καὶ

234 2131 504 2201 συνῆπται
578 2131 745 2198 Δευῖ,
793 2133 870 2197 ὡς
917 2131 1139 2204 ἕτοιμος
1190 2135 1272 2198 είς
1328 2134 1673 2206 μιαιφονίαν,
1723 2138 1818 2190 καὶ

232 2222 549 2287 ἀπεκτονὼς
604 2224 702 2295 μὲν
752 2226 968 2294 ἁγίουςο
1015 2244 1035 2278 ι
1076 2225 1251 2281 Τίνα)
1287 2227 1424 2299 γὰρ,
1460 2230 1615 2300 φησι,
1647 2249 1666 2281 ι
1707 2229 1819 2285 τῶν

235 2314 529 2386 προφητῶν
558 2315 659 2369 οὐκ
684 2316 1010 2371 ἀπέκτειναν
1029 2317 1079 2372 οἱ
1113 2317 1349 2392 πατέρες
1376 2319 1566 2390 ὑμῶν;
1594 2339 1611 2372 ι
1635 2338 1819 2393 νευρο-

236 2408 483 2476 κοπήσας
531 2407 588 2461 δὲ
635 2406 826 2479 ὥσπερ
872 2409 965 2462 καὶ
1016 2409 1255 2480 ταῦρον,
1300 2412 1360 2476 ὃς
1402 2413 1518 2466 ἐστι
1558 2414 1816 2484 Χριστός.

234 2499 305 2551 Οὐ
337 2498 535 2569 γάρτοι
584 2500 749 2572 μόνος
776 2504 804 2555 6
836 2501 945 2555 τῶν
997 2502 1267 2560 Ἰουδαίων
1308 2507 1701 2578 καταφωρᾶται
1729 2525 1820 2562 τε·

234 2589 521 2661 τολμηκὼς
561 2592 631 2647 τὰ
673 2592 815 2647 κατὰ
856 2594 964 2647 τῶν
1023 2595 1196 2663 ἁγίων
1254 2596 1350 2649 καὶ
1388 2595 1529 2651 κατὰ
1575 2598 1817 2670 Χριστοῦ

235 2684 583 2754 τολμήματα,
618 2685 919 2758 συνέδραμε
958 2687 1016 2742 δὲ
1054 2688 1269 2754 τούτοις
1298 2689 1393 2744 καὶ
1421 2690 1450 2743 6
1483 2690 1638 2757 Λευῖ,
1669 2692 1817 2747 τοῦτ’

236 2772 346 2830 ἔστι
371 2775 433 2829 τὸ
462 2777 606 2850 ἱερὸν
630 2777 810 2847 γένος,
842 2779 890 2832 οἱ
915 2778 992 2851 τῷ
1025 2779 1399 2854 θυσιαστηρίῳ
1436 2785 1821 2858 προσεδρεύονο

236 2883 357 2932 τες,
386 2868 767 2941 Τραμματεῖς
809 2888 869 2924 τε
910 2872 1005 2935 καὶ
1050 2873 1353 2946 Φαρισαῖοι.
1399 2876 1498 2931 Διὰ
1544 2876 1723 2943 τοῦτο,
1761 2881 1820 2934 ὲν

239 2961 356 3023 ταῖς
380 2959 480 3013 τοῦ
521 2962 870 3034 προπάτορος
908 2963 1113 3018 Ἰακὼϐ
1138 2967 1500 3039 προφητείαις
1520 3011 1534 3034 ,
1562 2970 1817 3036 συνέζευ-

1915 471 2088 537 nitus,
2114 470 2358 535 Simeon,
2388 468 2597 533 etGad,
2626 468 2721 538 qui
2743 477 2828 523 est
2855 484 2923 525 ex
2953 469 3147 526 ancilla
3179 479 3373 540 natus;
3403 489 3509 545 per

1916 560 2019 616 bos
2049 568 2232 616 autem
2260 558 2426 614 Israel
2462 555 2822 630 signiﬁcatur.
2850 557 2959 629 Age
2988 574 3139 629 ergo,
3160 558 3229 616 de
3254 576 3505 633 unoquo-

1915 668 2024 724 que
2062 653 2331 717 dicamus,
2355 660 2521 720 atque
2540 665 2610 705 ex
2656 648 2725 704 iis
2749 664 2872 719 qua:
2889 663 2920 703 a
2940 648 3107 704 Iacob
3136 650 3205 707 de
3228 652 3338 708 illis
3358 669 3509 724 prae-

1916 746 2064 801 dicta
2092 751 2242 809 sunt,
2286 742 2541 797 nonnihil
2580 755 2881 796 sumamus.
2922 740 3071 795 Dixit
3104 741 3269 813 igitur
3308 744 3507 801 beatus

1914 835 2084 893 Iacob
2120 851 2134 888 :
2177 852 2196 885 ι
2232 832 2426 887 Ruben
2471 831 2872 902 primogenitus
2915 845 3094 895 meus,
3138 841 3193 886 tu
3242 833 3509 893 fortitudo

1916 944 2060 994 mea,
2084 935 2143 984 et
2171 925 2511 998 principium
2539 924 2781 980 ﬁliorum
2813 938 3096 990 meorum,
3117 924 3292 982 durus
3317 927 3388 983 ad
3422 929 3507 985 fe-

1916 1018 2173 1082 rendum,
2198 1016 2374 1072 durus
2397 1025 2454 1071 et
2494 1030 2699 1086 procax
2722 1015 2789 1066 ⁷ο.
2826 1032 2845 1065 ι
2879 1014 3167 1071 Etiterum
3192 1036 3204 1072 :
3238 1036 3257 1069 ι
3285 1017 3509 1076 Simeon

1916 1118 1974 1165 et
2000 1107 2133 1164 Levi
2167 1107 2366 1163 fratres
2398 1106 2751 1177 perfecerunt
2782 1103 3130 1175 iniquitatem
3155 1122 3224 1163 ex
3255 1108 3511 1166 instituto

1919 1217 2038 1258 suo.
2070 1202 2131 1257 In
2151 1201 2445 1258 consilium
2474 1214 2668 1254 eorum
2700 1213 2811 1253 non
2848 1198 3018 1254 intret
3059 1201 3241 1257 anima
3281 1217 3424 1268 mea,
3455 1213 3512 1259 et

1919 1296 1974 1351 in
2008 1294 2415 1365 conspiratione
2443 1308 2636 1349 eorum
2665 1307 2778 1348 non
2810 1293 3080 1349 innitatur
3102 1297 3260 1366 jecur
3289 1310 3509 1362 meum,

1918 1389 2050 1460 quia
2076 1388 2134 1443 in
2154 1387 2342 1443 furore
2371 1401 2475 1443 suo
2494 1386 2823 1442 occiderunt
2842 1386 3010 1453 viros,
3039 1395 3096 1443 et
3119 1388 3181 1443 in
3208 1387 3512 1459 cupiditate

1919 1495 2018 1538 sua
2058 1480 2537 1537 subnervaverunt
2579 1486 2798 1534 taurum
2826 1498 2840 1533 :
2874 1480 3202 1537 maledictus
3231 1480 3385 1537 furor
3412 1496 3513 1541 eo—

1920 1589 2065 1639 rum,
2118 1575 2249 1645 quia
2292 1574 2565 1645 pertinax,
2604 1581 2662 1628 et
2693 1574 2774 1628 ira
2805 1588 3023 1638 eorum,
3072 1574 3199 1644 quia
3240 1574 3512 1631 obdurato

1920 1675 2006 1723 est
2034 1669 2102 1720 “.
2143 1686 2161 1719 ι
2200 1667 2276 1723 De
2306 1666 2423 1722 Cad
2449 1682 2581 1722 vero
2616 1666 2735 1721 haec
2756 1682 2951 1722 rursus
2978 1665 3119 1721 dixit
3148 1683 3160 1720 :
3200 1685 3220 1718 ‹
3256 1666 3512 1723 Tentatio

1849 1735 1890 1789 Β
1923 1758 2153 1815 tentabit
2177 1773 2327 1824 eum,
2359 1767 2415 1813 et
2435 1759 2552 1829 ipse
2587 1757 2822 1814 tentabit
2855 1773 2982 1813 eum
3007 1773 3167 1814 secus
3192 1758 3360 1828 pedes
3385 1759 3451 1812 ".
3488 1778 3505 1809 ι

1919 1851 2091 1922 Igitur
2116 1866 2215 1921 per
2244 1850 2442 1905 Ruben
2463 1866 2576 1905 non
2609 1851 2848 1907 absurde
2882 1851 3046 1906 Israel
3078 1850 3381 1922 accipitur;
3402 1852 3517 1919 pri-

1919 1941 2231 2013 mOgenitus
2270 1940 2362 1997 ille
2390 1941 2615 2011 quidem
2651 1943 2917 2012 temporis
2958 1942 3177 2008 ordine,
3209 1942 3307 1998 sed
3339 1940 3515 1997 durus

1918 2044 1975 2090 et
2004 2049 2210 2105 procax
2254 2041 2312 2089 et
2354 2034 2787 2089 contumeliosus
2825 2053 2839 2088 :
2878 2049 2977 2105 per
3025 2032 3254 2089 Simeon
3304 2041 3512 2096 autem,

1920 2128 2010 2183 cui
2049 2129 2381 2199 coniunctus
2403 2136 2489 2181 est
2510 2126 2663 2193 Levi,
2688 2127 2832 2182 idem
2864 2127 3102 2199 populus
3130 2134 3193 2182 ut
3213 2127 3283 2181 ad
3310 2126 3516 2181 cedem

1919 2230 2294 2294 promptus,et
2308 2227 2623 2276 sanctorum
2640 2220 2854 2275 occisor
2870 2218 3214 2290 signiﬁcatur
3233 2217 3467 2285 “Quem
3488 2238 3511 2269 ι

1921 2313 2071 2368 enim
2108 2331 2128 2365 ‹
2166 2311 2589 2382 prophetarum,
2638 2329 2656 2361 ι
2690 2308 2892 2380 inquit,
2957 2328 2987 2360 ιν
3014 2323 3126 2364 non
3190 2306 3527 2363 occiderunt

1921 2412 2106 2477 patres
2127 2404 2298 2459 vestri
2330 2402 2410 2457 ηερ
2431 2422 2450 2455 ι
2475 2403 2550 2458 Et
2574 2410 2794 2457 taurum
2819 2408 3109 2472 praterea,
3137 2401 3231 2471 qui
3258 2400 3517 2456 Christus

1919 2502 2032 2564 est,
2060 2495 2456 2554 subnervavit:
2496 2508 2680 2564 neque
2721 2492 2870 2549 enim
2917 2493 3234 2550 Iudaeorum
3278 2492 3518 2563 populus

1920 2590 2189 2647 duntaxat
2226 2587 2413 2643 moliri
2450 2578 2625 2643 ausus.
2652 2594 2738 2641 est
2771 2585 2863 2641 illa
2890 2585 3155 2641 adversus
3187 2592 3409 2640 sanctos
3429 2584 3516 2640 vi—

1920 2698 2012 2738 ros
2066 2689 2232 2754 atque
2262 2681 2444 2753 ipsum
2467 2679 2752 2737 Christum
2780 2678 3061 2745 facinora;
3096 2677 3195 2734 sed
3220 2677 3353 2734 Levi
3375 2692 3518 2747 quo-

1920 2792 2028 2847 que
2056 2792 2114 2832 se
2145 2776 2213 2831 iis
2241 2775 2455 2831 socium
2491 2773 2761 2846 adiunxit,
2808 2788 2966 2829 sacra
3005 2772 3269 2827 nimirum
3315 2771 3517 2837 tribus,

1920 2869 2015 2938 qui
2051 2868 2213 2924 altari
2233 2868 2443 2939 iugiter
2474 2874 2676 2937 praesto
2703 2874 2897 2931 erant,
2949 2863 3162 2921 Scriba:
3202 2878 3423 2935 quoque
3452 2877 3522 2919 ac

1922 2960 2208 3016 Pharisaei.
2232 2960 2447 3015 Idcirco
2470 2959 2526 3013 in
2558 2957 3014 3029 praedictionibus
3037 2957 3207 3013 Iacob
3230 2956 3396 3028 primi
3418 2969 3518 3027 pa-

238 3067 358 3104 κται
396 3051 479 3124 τῷ
517 3053 746 3124 Συμεὼν
792 3056 885 3115 καὶ
914 3058 942 3111 6
972 3058 1124 3113 Δευτ.
1163 3059 1254 3113 Ἐν
1287 3058 1342 3113 δέ
1380 3077 1443 3129 γε
1489 3061 1567 3133 τῷ
1602 3062 1729 3129 Γὰδ,
1759 3065 1819 3128 ὃς

1926 3052 2102 3107 rentis
2123 3066 2248 3105 cum
2276 3049 2501 3105 Simeon
2527 3048 2884 3120 coniungitur
2931 3047 3085 3103 Levi.
3120 3047 3226 3103 Per
3255 3046 3372 3107 Gad
3415 3063 3518 3102 au-

239 3142 382 3198 ἐστιν
410 3145 480 3199 ὲκ
504 3144 700 3216 δούλης
738 3147 833 3201 καὶ
865 3150 1242 3223 πειρατήριον,
1272 3153 1349 3218 ὡς
1373 3153 1640 3227 δυσγενὴς
1681 3157 1823 3211 κατὰ

238 3232 499 3307 γνώμην,
545 3235 640 3291 καὶ
687 3240 964 3311 πειράζων
1004 3242 1095 3296 τὸν
1160 3245 1397 3316 Ἰησοῦν,
1447 3247 1543 3302 καὶ
1589 3249 1825 3319 παγίδας

241 3326 408 3393 ίστὰς,
443 3329 527 3392 εἰς
554 3333 895 3403 κακουργίας
937 3335 1105 3406 αὐτῷ’
1146 3338 1461 3410 προσῄεσαν
1501 3343 1612 3415 γὰρ
1635 3343 1824 3412 λέγον-

238 3435 345 3484 τες,
393 3439 414 3473 r
473 3420 694 3488 Ἔξεστι
750 3423 934 3481 δοῦναι
995 3427 1200 3501 φόρους
1260 3432 1607 3507 Καίσαρι,ἤ
1658 3434 1757 3503 ob;
1796 3456 1815 3488 ι

241 3507 487 3574 οὐκοῦν,
529 3511 731 3566 ὰνοίσω
776 3515 883 3586 γὰρ
932 3511 1088 3581 αὖθις
1138 3521 1220 3583 είς
1274 3520 1338 3573 τὸ
1384 3521 1442 3574 ἐν
1488 3524 1685 3595 ἀρχαῖς
1729 3525 1823 3580 τὸν

239 3597 416 3669 λόγον,
462 3603 492 3654 6
525 3604 585 3658 ὲν
628 3606 805 3677 χρόνῳ
844 3609 1189 3677 πρωτότοκος
1226 3612 1463 3685 Ἰσραὴλ,
1507 3617 1536 3669 6
1584 3617 1821 3690 σκληρὸς

242 3691 331 3745 καὶ
368 3690 613 3766 αὐθάδης
645 3696 736 3748 καὶ
769 3696 1051 3771 ὑϐριστὴς,
1087 3703 1116 3755 6
1145 3702 1438 3776 πρόχειρος
1471 3707 1551 3770 είς
1595 3708 1820 3779 μιαιφο-

241 3781 376 3847 νίαν,
415 3785 513 3838 καὶ
544 3785 823 3859 ἐπάρατον
859 3788 959 3860 μὲν
993 3792 1093 3863 τὴν
1126 3793 1287 3864 μῆνιν
1317 3796 1477 3867 ἔχων,
1506 3799 1823 3868 ἀπεκτονὼς

241 3873 294 3927 δὲ
312 3875 662 3968 ὰνθρώπους,
693 3880 790 3935 καὶ
810 3886 1225 3964 νευροκοπήσας
1253 3887 1476 3961 ταῦρον,
1506 3893 1535 3947 6
1558 3892 1823 3968 δυσγενὴς

242 3967 330 4020 καὶ
370 3968 573 4041 πικρὸς
609 3973 690 4036 είς
724 3972 940 4040 δόλους,
988 3976 1084 4031 καὶ
1116 3978 1352 4047 παγίδας
1390 3983 1543 4050 ἱστὰς
1577 3987 1672 4041 καὶ¹
1707 3967 1823 4043 πει-

243 4061 527 4134 ρατήριον,
559 4064 789 4120 κατόπιν
831 4068 1092 4124 τέτακται
1131 4071 1242 4126 τῶν
1276 4075 1335 4128 ἐν
1376 4076 1600 4150 Χριστῷ
1627 4098 1689 4134 τε
1730 4083 1825 4137 καὶ

242 4151 571 4226 ἐλευθέρων,
621 4156 719 4211 καὶ
781 4159 831 4212 εί
885 4158 1172 4233 ἐλεύθερος
1234 4166 1355 4236 μεθ’
1405 4169 1591 4240 ἡμᾶς,
1642 4172 1719 4237 ὡς
1766 4176 1825 4230 ὲν

242 4243 353 4315 ὄψει
392 4245 550 4318 μόλις
588 4246 846 4320 ἔρχεσθαι
884 4250 1042 4308 Θεοῦ.

309 4427 518 4484 ΠΑΛΛ.
551 4427 628 4484 Εὖ
663 4429 819 4502 ἔφης.

304 4522 473 4578 ΚΥΡ.
517 4523 848 4595 Ἀναμάθοις
879 4525 924 4580 δ’
969 4525 1036 4582 ἂν
1070 4530 1099 4583 ὅ
1132 4546 1306 4602 φημι.
1340 4530 1436 4584 καὶ
1478 4533 1591 4596 τοῖς
1623 4534 1824 4605 ἐφεξῆς

237 4613 323 4668 τὸν
347 4615 476 4669 νοῦν
503 4616 751 4686 ἐφιστάς.
776 4618 941 4690 Τρεῖς
967 4619 1078 4692 γὰρ
1101 4620 1345 4692 ἀλλήλων
1379 4622 1628 4693 ἐχόμενοι
1659 4641 1825 4697 προσ-

237 4706 492 4778 εκόμιζον
525 4707 744 4779 ἑφεξῆς,
775 4710 836 4775 ἐξ
860 4710 1153 4784 ἐλευθέρας
1184 4715 1286 4786 τῆς
1325 4713 1526 4785 Ῥαχὴλ
1547 4754 1562 4780 ,
1581 4714 1821 4788 Ἐφραίμ

237 4812 293 4850 τε
331 4800 428 4853 καὶ
456 4801 799 4873 Μανασσῆςῖ
826 4799 960 4858 Εἶτα
990 4807 1142 4877 τρεῖς
1178 4805 1425 4877 ἀλλήλων
1453 4806 1707 4880 ἐχόμενοί
1760 4825 1821 4863 τε

237 4892 330 4945 καὶ
376 4892 496 4964 μετ’
532 4894 780 4959 ἐκείνους
820 4898 871 4950 οῖ
919 4899 982 4951 ὲκ
1035 4896 1411 4969 θεραπαινῶν,
1459 4899 1606 4970 φημὶ
1645 4898 1703 4952 δὲ
1755 4900 1820 4971 δὴ

238 4984 435 5050 πάλιν,
468 4984 610 5050 Δὰν,
642 4986 810 5060 Ἀσήρ
856 5006 916 5042 τε
964 4991 1059 5043 καὶ
1103 4990 1442 5062 Νεφθαλείμ.
1494 4991 1692 5064 Συνίης
1728 4989 1823 5047 οὖν

234 5074 317 5129 ὅτι
347 5076 805 5148 προεισϐάλλουσι
837 5080 937 5151 μὲν
971 5080 1068 5133 καὶ
1109 5080 1497 5153 ἐκτετίμηνται
1524 5080 1647 5136 λίαν
1678 5083 1730 5136 οί
1761 5083 1823 5149 ἐξ

236 5165 560 5240 ἐλευθέρας,
614 5169 840 5224 ἕπονταί
886 5188 952 5240 γε
1001 5173 1109 5244 μὴν
1157 5174 1208 5226 οί
1263 5174 1327 5227 ὲκ
1380 5173 1815 5247 θεραπαινῶνοῆ

238 5257 355 5330 οὐχ).
388 5260 549 5314 τοῦτό
580 5262 731 5315 ἐστιν
778 5262 1043 5333 ἐναργὲς,
1077 5262 1106 5316 ὃ
1140 5263 1237 5317 καὶ
1280 5264 1444 5328 αὐτὸς
1488 5265 1621 5337 ἡμῖν
1651 5267 1680 5319 6
1727 5265 1818 5319 θε-

240 5350 460 5416 σπέσιος
520 5353 725 5423 γράφει
766 5354 1013 5419 Παῦ).ος;
1051 5375 1071 5408 ι
1110 5356 1280 5410 Ὅταν
1303 5375 1322 5407 ›
1349 5357 1477 5429 γὰρ,
1514 5357 1669 5429 φησὶ,
1715 5375 1734 5409 ι
1760 5357 1822 5411 τὸ

240 5442 513 5519 πλήρωμα
542 5445 650 5499 τῶν
680 5444 850 5501 ἐθνῶν
878 5447 1095 5519 εἰσέλθῃ
1119 5486 1134 5512 ,
1160 5447 1282 5501 τότε
1312 5449 1422 5512 πᾶς
1463 5449 1681 5520 Ἰσραὴλ
1716 5466 1822 5503 σω-

243 5533 484 5605 θήσεται.
521 5554 544 5591 ο

1928 3154 2060 3210 tem,
2093 3144 2186 3215 qui
2208 3150 2295 3199 est
2331 3156 2364 3197 e
2385 3155 2565 3205 serva,
2592 3148 2649 3195 et
2675 3147 3095 3203 tentamentum,
3132 3138 3519 3195 idemintelli-

1926 3238 2099 3311 gitur,
2130 3244 2193 3292 ut
2220 3236 2317 3306 qui
2347 3249 2515 3291 sensu
2535 3242 2591 3288 et
2618 3233 2804 3287 animo
2836 3231 2909 3288 sit
2948 3230 3201 3302 ignobili,
3244 3238 3300 3285 et
3328 3229 3516 3285 Iesum

1927 3337 2122 3396 tentet,
2159 3338 2326 3398 atque
2365 3326 2591 3381 malitiae
2639 3340 2751 3380 suae
2795 3325 3023 3394 laqueos
3054 3321 3244 3377 tendat
3276 3336 3289 3374 :
3328 3336 3516 3377 acces-

1925 3429 2117 3477 serunt
2137 3420 2307 3486 enim,
2336 3419 2584 3475 dicentes
2613 3436 2626 3471 :
2657 3437 2675 3468 ε
2702 3417 2858 3472 Licet
2883 3431 3111 3472 censum
3139 3415 3269 3470 dare
3292 3413 3514 3477 Caesari,

1926 3530 1997 3570 an
2020 3529 2134 3569 non
2156 3513 2206 3546 “
2231 3511 2254 3566 ?
2294 3531 2312 3563 ι
2345 3511 2521 3582 Igitur
2542 3552 2557 3577 ,
2585 3517 2647 3566 ut
2674 3509 2740 3565 ad
2772 3508 2827 3565 id
2860 3508 3008 3579 quod
3058 3506 3221 3571 initio
3263 3505 3515 3562 dicebam

1925 3621 2179 3663 revocem
2218 3604 2526 3661 orationem
2584 3617 2785 3669 meam,
2834 3602 2929 3657 ille
2972 3600 3134 3673 372
3182 3598 3370 3663 Israel,
3419 3600 3515 3670 qui

1924 3698 2191 3769 temporis
2236 3695 2431 3752 ordine
2478 3694 2884 3767 primogenitus
2919 3702 3060 3759 erat,
3115 3691 3209 3747 ille
3254 3689 3428 3747 durus
3460 3703 3519 3747 et

1923 3805 2127 3862 procax
2156 3797 2213 3846 et
2240 3787 2693 3854 contumeliosus,
2729 3785 2823 3842 ille
2858 3793 3145 3857 promptus
3186 3782 3255 3839 ad
3288 3782 3515 3849 caedem,

1924 3892 1981 3938 et
2003 3884 2098 3954 qui
2126 3881 2476 3938 maledictam
2499 3881 2642 3937 iram
2671 3878 2896 3944 retinet,
2925 3887 2982 3934 et
3010 3876 3263 3934 homines
3291 3876 3515 3940 occidit,

1924 3982 1982 4029 et
2015 3971 2372 4029 subnervavit
2398 3979 2641 4037 taurum,
2684 3970 2778 4026 ille
2814 3969 3073 4040 ignobilis
3111 3977 3167 4025 et
3196 3969 3427 4025 acerbus
3449 3968 3519 4024 ad

1927 4068 2224 4125 struendos
2249 4066 2427 4133 dolos,
2467 4073 2523 4123 et
2552 4066 2647 4138 qui
2683 4066 2911 4136 laqueos
2938 4064 3138 4130 tendit,
3168 4073 3226 4118 et
3253 4073 3514 4127 tentatur,

1927 4162 2168 4233 denique
2195 4167 2322 4231 post
2345 4175 2463 4224 eos,
2495 4158 2591 4228 qui
2623 4159 2679 4213 in
2707 4157 2930 4212 Christo
2962 4164 3020 4212 et
3046 4156 3209 4210 liberi
3233 4166 3383 4220 sunt,
3404 4157 3518 4212 col-'-

1925 4255 2140 4312 locatus
2169 4261 2274 4319 est,
2307 4252 2412 4307 etsi
2451 4252 2594 4307 liber
2628 4257 2755 4322 post
2780 4265 2882 4305 nos
2910 4249 3036 4315 erit,
3079 4257 3143 4303 ut
3170 4248 3260 4303 vix
3293 4249 3515 4305 tandem

1929 4346 1998 4402 ad
2029 4346 2128 4402 Dei
2153 4351 2510 4414 conspectum
2538 4343 2743 4398 veniat.

1852 4432 1898 4489 D
1996 4438 2196 4494 PALL.
2225 4434 2554 4492 Rectissime
2584 4433 2742 4490 dicis.

1988 4527 2146 4585 CYR.
2172 4526 2330 4595 Quod
2360 4533 2547 4582 autem
2593 4525 2742 4592 dixi,
2771 4526 2934 4596 plane
2960 4525 3250 4597 intelliges,
3277 4526 3324 4582 si
3356 4528 3423 4582 ad
3450 4544 3514 4585 ea

1919 4634 2043 4691 quae
2070 4617 2332 4688 deinceps
2372 4623 2684 4687 sequuntur
2727 4616 2970 4672 animum
3010 4616 3313 4672 intenderis
3351 4635 3364 4671 :
3402 4628 3515 4673 tres

1919 4711 2068 4766 enim
2101 4710 2245 4765 inter
2278 4724 2337 4765 se
2369 4709 2652 4780 conjuncti
2678 4707 2943 4778 deinceps
2963 4707 3285 4764 obtulerunt
3308 4724 3375 4764 ex
3400 4709 3512 4765 Ra-

1922 4804 2079 4859 chele
2112 4802 2307 4868 libera,
2344 4801 2629 4873 Ephraim,
2673 4810 2731 4857 et
2773 4801 3069 4866 Manasses,
3110 4810 3167 4857 et
3204 4802 3515 4874 Beniamin.

1922 4912 2157 4969 quorum
2214 4896 2430 4968 priores
2493 4910 2563 4951 ex
2626 4895 2830 4965 Ioseph
2891 4902 3122 4965 parente
3182 4894 3298 4950 nati
3358 4908 3510 4956 sunt.

1920 4991 2183 5062 Ephraim
2209 4997 2267 5046 et
2290 4990 2598 5047 Manasses:
2629 4989 2830 5045 deinde
2858 4997 2983 5061 post
3011 4988 3137 5045 illos
3161 4988 3255 5045 alii
3283 4998 3396 5047 tres
3424 4992 3512 5046 in-

1917 5083 2096 5139 vicem
2143 5082 2349 5155 iuncti,
2403 5083 2838 5152 ancillarumque
2890 5081 3018 5147 ﬁlii‘,
3072 5082 3210 5149 Dan,
3264 5081 3510 5154 inquam,

1917 5173 2055 5229 Aser
2101 5182 2161 5229 et
2206 5173 2585 5244 Nephthalim.
2619 5171 3029 5227 Animadvertis
3062 5172 3230 5245 igitur
3256 5190 3287 5230 e
3322 5173 3515 5230 liberis

1929 5265 2153 5337 quidem
2187 5275 2346 5322 natos
2374 5265 2719 5330 antecedere,
2750 5273 2806 5319 et
2843 5264 2899 5319 in
2929 5280 3125 5336 magno
3167 5266 3375 5322 honore
3411 5267 3511 5321 ha-

1928 5359 2071 5424 beri,
2099 5359 2255 5429 sequi
2286 5367 2471 5413 autem
2498 5357 2640 5412 ﬁlios
2667 5359 2993 5414 ancillarum
3027 5379 3039 5414 :
3072 5375 3256 5414 annon
3306 5359 3412 5415 hoc
3440 5359 3500 5414 il-

1927 5448 2024 5504 lud
2064 5456 2169 5514 est,
2219 5447 2366 5517 quod
2405 5448 2524 5519 ipse
2570 5448 2733 5504 nobis
2780 5449 2976 5507 beatus
3020 5451 3220 5508 Paulus
3266 5451 3459 5507 scribit
3488 5452 3517 5505 ?

1935 5560 1954 5591 ι
1983 5537 2121 5595 Cum
2154 5558 2172 5590 ι
2203 5539 2374 5606 enim,
2404 5540 2602 5611 inquit,
2637 5560 2654 5593 ι
2682 5542 2969 5612 plenitudo
2997 5542 3240 5613 gentium
3274 5541 3512 5597 intrave-

1928 5634 2021 5696 rit,
2062 5642 2194 5687 tunc
2222 5633 2403 5688 omnis
2422 5633 2589 5690 Israel
2619 5634 2802 5690 salvus
2837 5636 2943 5689 erit
2963 5636 3027 5688 ⁷⁸.
3069 5654 3084 5685 ι
3476 5614 3481 5627 ’

308 5737 357 5772 ⁷⁸
396 5739 535 5800 Gen.
584 5758 727 5809 mx,
768 5740 822 5807 5,
855 5743 906 5801 4.
988 5745 1027 5778 ⁷³
1064 5744 1204 5804 Ibid.
1263 5746 1383 5803 5-7.
1450 5748 1525 5815 7“,
1554 5745 1694 5806 Ibid.
1736 5746 1819 5804 19.

1928 5747 1947 5780 ⁸
1983 5746 2103 5803 Act.
2150 5764 2241 5817 vn,
2279 5748 2366 5805 5‘2.
2446 5751 2489 5782 ⁷³
2522 5748 2711 5805 Matth.
2741 5763 2872 5814 nn,
2923 5746 3009 5802 17.
3041 5748 3084 5780 ⁷⁸
3117 5746 3275 5804 Rom.
3312 5760 3384 5810 xl,
3412 5743 3515 5804 θὶῖὶκ
