3962 6296
475 216 580 271 723

1496 216 1550 273 S.
1586 216 1863 274 CYRILLI
1901 216 2375 276 ALEXANDRINI
2414 221 2733 278 ARCHIEP.

3640 221 3746 278 ’πει

540 328 739 385 PALL.
781 328 948 384 Recte
989 328 1114 383 ais:
1162 338 1248 385 est
1296 332 1444 386 enim
1488 331 1707 387 subtilis
1758 331 2032 388 admodun

2232 335 2443 394 ΠΑΛΛ.
2494 334 2698 408 Ὀρθῶς
2731 333 2889 407 ἔφης
2941 332 3098 406 ἰσχνὴ
3142 334 3251 407 γάρ
3293 335 3433 405 ἄγαν
3475 337 3510 407 ή
3550 337 3742 409 ὲπιτή.

468 420 798 477 observatio.

537 513 696 570 CYR.
724 513 892 584 Atqui
931 515 987 570 id
1028 530 1139 570 non
1184 530 1307 571 esse
1352 513 1490 571 falso
1524 515 1735 573 dictum
1765 517 1949 584 scies,
1997 527 2058 575 et

466 604 691 677 quidem
726 604 984 662 facillime
1020 624 1034 663 :
1064 607 1176 678 jam
1213 606 1363 663 enim
1389 607 1677 680 Scriptura
1700 625 1804 666 nos
1832 626 1901 666 ex
1930 610 2055 667 aliis

466 698 758 755 sententiis
779 697 1068 754 conﬁrmat
1091 718 1107 753 :
1130 699 1324 756 ordine
1347 701 1674 773 congruenti
1693 701 1858 773 jussit
1883 702 2050 769 Deus,

466 799 529 847 ut
558 801 738 847 castra
764 799 1051 847 moverent
1077 801 1243 864 atque
1264 793 1531 859 locarent,
1563 808 1630 850 ac
1663 793 1925 850 sisterent
1953 795 2053 852 ﬁlii

463 882 652 949 Israel,
687 892 745 939 et
776 893 838 940 ut
867 885 1283 942 tabernaculum
1316 885 1696 952 circumirent,
1728 886 2049 954 constituit,

457 973 613 1044 juxta
638 975 793 1043 illud,
824 976 1043 1048 opinor,
1064 978 1212 1048 quod
1232 987 1318 1033 est
1341 993 1374 1034 a
1396 977 1558 1034 beato
1578 978 1751 1033 David
1770 979 2052 1051 eleganter

462 1067 851 1123 decantatum:
880 1088 897 1120 ι
927 1070 997 1125 Et
1014 1068 1374 1126 circumdabo
1398 1069 1570 1126 altare
1588 1077 1768 1134 tuum,
1794 1069 2046 1135 Domine,

462 1165 522 1211 ut
550 1157 769 1214 audiam
797 1173 987 1215 vocem
1012 1159 1192 1215 laudis
1212 1168 1322 1215 tuae
1354 1160 1423 1226 ⁷⁸,
1460 1179 1480 1211 ι
1527 1160 1616 1215 vel
1653 1159 1791 1215 illud
1834 1178 1847 1214 :
1877 1177 1896 1211 ι
1926 1158 2048 1215 Cir-

458 1248 606 1305 cuivi
628 1259 684 1305 et
709 1249 988 1304 immolavi
1021 1250 1078 1304 in
1105 1249 1463 1305 tabernaculo
1493 1249 1668 1320 ipsius
1693 1248 1931 1306 hostiam
1953 1266 2049 1305 vo-

457 1341 800 1396 ciferationis
837 1341 906 1396 ".
951 1360 969 1393 ι
1001 1341 1316 1398 insinuatur
1359 1341 1527 1398 etiam
1578 1343 1728 1399 aliud
1762 1344 2046 1415 quidpiam

456 1444 580 1485 esse
614 1436 875 1499 tanquam
922 1429 978 1485 in
1015 1429 1189 1502 ﬁgura
1222 1430 1341 1487 ﬁeri
1363 1432 1599 1504 jussum.
1635 1433 1866 1506 Oportet
1895 1435 2043 1492 enim

457 1529 519 1577 ut
538 1536 639 1576 nos
660 1535 690 1576 a
712 1522 825 1578 Deo
847 1522 1075 1578 minime
1097 1523 1499 1595 disjungamur,
1523 1525 1619 1581 sed
1642 1527 1889 1596 proxime
1911 1542 2048 1598 quo-

454 1614 750 1670 dammodo
777 1624 834 1670 et
863 1615 1013 1673 circa
1048 1616 1203 1672 illum
1237 1624 1383 1674 stare
1419 1618 1725 1685 videamur,
1750 1634 1821 1675 ne
1846 1635 2043 1690 pecca-

2162 441 2393 573 Pnlag‘l’.
2420 517 2529 571 Kal
2553 516 2662 589 μὴν
2689 516 2772 570 δτι
2798 515 2860 569 τὸ
2877 516 2983 588 χρῆ
2994 532 3070 586 μα
3100 515 3201 571 οὐκ
3225 516 3587 589 ἐψευσμένον,
3608 521 3733 591 εἴσῃ

2153 625 2235 663 τοι
2264 609 2359 667 καὶ
2402 607 2522 664 λίαν
2567 606 2834 669 εὐπετῶς.
2880 607 3140 678 Ἐμπεδοῑ
3180 608 3288 679 γάρ
3336 611 3487 681 ἡμᾶς
3534 610 3632 664 καὶ
3677 610 3740 678 ἐξ

2156 700 2363 771 ἑτέρων
2409 701 2573 766 εὐθὺς
2613 701 2835 758 ἐννοιῶν
2878 703 2907 755 ὁ
2949 701 3127 770 λόγος’
3169 703 3228 756 ὲν
3272 703 3464 775 κόσμῳ
3505 703 3614 777 γὰρ
3659 705 3740 776 τῷ

2155 793 2448 864 καθήκοντι
2476 793 2814 866 πράττεσθαι
2843 793 2955 848 δεῖν
2984 794 3191 849 ὲτύπου
3217 795 3351 861 Θεὸς
3379 796 3479 860 τάς
3512 814 3571 850 τε
3606 798 3741 852 ἁνα-

2155 885 2386 952 ζεύξεις,
2430 887 2523 940 καὶ
2573 887 2680 958 μὴν
2735 885 2831 940 καλ⁵
2885 886 3152 957 ἱδρύσεις,
3196 886 3317 957 ἦτοι
3373 888 3740 956 συγκαταυλι-

2155 979 2325 1049 σμοὺς
2357 978 2464 1032 τῶν
2500 977 2634 1031 υίῶν
2681 976 2927 1049 Ἰσραὴλ,
2974 975 3162 1048 κύκλῳ
3199 994 3258 1031 τε
3310 977 3447 1032 ίέναι
3475 978 3578 1049 τῆς
3601 995 3740 1050 σκη-

2152 1071 2248 1141 νῆς
2287 1065 2346 1122 εὖ
2398 1068 2547 1140 μάλα
2593 1068 2954 1140 προστέταχε,
2989 1067 3134 1123 κατά
3173 1084 3237 1138 γε
3274 1069 3357 1136 τὸ,
3392 1066 3571 1140 οἶμαι,
3598 1070 3739 1144 πρὸς

2150 1160 2244 1216 τοῦ
2282 1160 2530 1233 μάκαρος
2560 1158 2726 1213 Δαϐ¹ιδ
2756 1159 2990 1223 ἀστείως
3029 1157 3390 1230 ὑμνούμενον·
3436 1178 3455 1212 ι
3492 1160 3604 1213 Kal.
3631 1176 3736 1213 κυ-

2150 1249 2345 1306 κλώσω
2370 1251 2433 1305 τὸ
2464 1249 2851 1322 θυσιαστήριόν
2886 1266 3006 1315 σου,
3033 1248 3230 1322 Κύριε,
3269 1248 3364 1302 τοῦ
3401 1249 3633 1303 ἀκοῦσαί
3666 1266 3735 1320 με

2150 1342 2334 1416 φωνῆς
2364 1342 2626 1423 αἰνέσεὼς
2664 1360 2795 1409 σου,
2844 1360 2864 1395 ο
2901 1342 3070 1412 ῆγουν
3096 1341 3187 1409 τὸ,
3222 1360 3242 1393 ι
3291 1340 3611 1395 Ἐκύκλωσα
3640 1341 3735 1396 καὶ

2149 1433 2319 1488 ἔθυσα
2369 1435 2426 1488 ὲν
2474 1436 2542 1506 τῇ
2599 1435 2775 1506 σκηνῇ
2830 1431 2998 1486 αὑτοῦ
3062 1431 3257 1487 θυσίαν
3308 1430 3650 1502 ἀλαλαγμοῦ.
3706 1451 3728 1485 ι

2159 1523 2628 1597 ’Υποσημαίνεται
2660 1523 2719 1578 δέ
2767 1541 2823 1577 τι
2855 1525 2950 1579 καὶ
2982 1524 3202 1596 ἕτερον,
3245 1522 3306 1576 τὸ
3352 1523 3429 1587 ὡς
3472 1524 3531 1577 ὲν
3569 1522 3728 1594 τύπῳ

2147 1614 2341 1687 δράσαι
2406 1615 2856 1687 κεκελευσμένον.
2908 1616 3030 1688 Χρὴ
3084 1614 3195 1687 γάρ
3243 1616 3394 1686 ἡμᾶς
3435 1615 3535 1670 οὐκ
3593 1614 3734 1668 ἀπο-

454 1713 573 1761 tum
618 1705 1007 1777 interpositum
1038 1706 1130 1773 sit,
1159 1723 1300 1765 neve
1329 1708 1438 1765 ulla
1475 1709 1754 1765 saecularis
1790 1710 2032 1781 voluptas

2146 1706 2495 1777 νοσφίζεσθαι
2509 1707 2668 1775 Θεοῦ,
2691 1707 2806 1762 ἀλλ’
2822 1707 3106 1771 οίονείπως
3122 1706 3293 1778 ἀγχοῦ
3334 1707 3429 1761 καὶ
3456 1708 3513 1764 ὲν
3535 1704 3724 1777 κύκλῳ

452 1812 555 1855 nos
573 1797 804 1867 dividat,
829 1800 926 1856 sed
956 1808 1120 1859 rectm
1148 1800 1350 1855 mentis
1370 1801 1661 1871 praesentia
1684 1810 1739 1857 et
1762 1802 1832 1858 ad
1852 1819 2045 1862 omnes

450 1888 755 1947 laudandas
791 1892 1035 1947 actiones
1068 1890 1448 1961 suscipiendas
1485 1892 1740 1949 alacritas
1767 1894 1836 1951 ad
1875 1896 2042 1967 spiri-

451 1982 657 2038 tualem
698 1984 967 2039 unitatem
1001 1984 1239 2055 colligat.
1270 1984 1406 2039 Nam
1439 1985 1534 2055 qui
1567 1985 1647 2042 sic
1686 1986 2044 2045 laudabiliter

447 2088 509 2130 se
541 2090 735 2145 gerere
763 2076 1101 2141 curaverint,
1132 2091 1229 2132 eos
1268 2084 1419 2131 certe
1450 2076 1508 2132 in
1547 2076 1741 2148 primis
1767 2079 1914 2136 dona
1955 2079 2041 2137 of-

447 2167 596 2224 ferre
626 2165 804 2223 decet.
822 2166 1101 2237 Scriptum
1128 2176 1213 2223 est
1241 2168 1389 2223 enim
1410 2186 1425 2223 :
1448 2188 1467 2221 ι
1490 2168 1694 2226 Omnes
1719 2172 1775 2227 in
1800 2172 2039 2230 circuitu

445 2257 566 2329 ejus
594 2256 831 2315 aﬁ'erent
857 2274 1090 2315 munera
1122 2259 1185 2311 ".
1221 2278 1239 2310 ι
1276 2258 1466 2330 Itaque
1507 2260 1673 2315 simul
1712 2261 1874 2332 373
1911 2279 2039 2318 cum

447 2348 806 2420 tabernaculo
841 2364 939 2405 eos
967 2348 1264 2419 proﬁcisci,
1301 2357 1358 2404 et
1388 2349 1465 2404 illi
1512 2349 1879 2407 circumfusos
1906 2368 2039 2423 pro-

445 2454 667 2495 movere
690 2439 877 2511 jussit,
907 2438 1104 2495 ordine
1126 2453 1348 2509 quoque
1375 2455 1486 2494 non
1509 2439 1606 2509 qui
1641 2441 1792 2496 aetati
1830 2456 2037 2499 conve-

443 2532 614 2597 niret,
638 2546 820 2602 neque
842 2530 937 2601 qui
971 2546 1002 2585 a
1033 2530 1228 2601 primis
1262 2529 1332 2585 ad
1362 2537 1639 2586 extremos
1661 2530 1885 2589 confuse
1912 2549 2039 2603 per-

444 2623 684 2689 veniret,
709 2623 807 2680 sed
828 2623 1024 2680 eadem
1053 2622 1268 2687 ratione
1292 2623 1617 2695 conjunctos
1641 2633 1807 2695 atque
1833 2625 2039 2682 discre-

443 2724 562 2782 tos,
611 2731 721 2786 qua
758 2715 817 2770 in
857 2714 1131 2771 donorum
1171 2714 1452 2771 oblatione
1498 2714 1752 2786 dispositi
1792 2715 2031 2774 fuerant.

443 2807 724 2879 Scriptum
740 2814 826 2863 est
842 2806 991 2862 enim
1012 2808 1067 2862 in
1093 2806 1352 2863 Numeris
1374 2807 1440 2864 ad
1465 2807 1617 2867 hunc
1638 2808 1865 2865 modum
1884 2829 1897 2866 :
1921 2830 1938 2862 ι
1965 2810 2037 2866 Ει

441 2896 661 2957 locutus
692 2905 779 2952 est
808 2896 1073 2954 Dominus
1110 2897 1180 2954 ad
1221 2897 1439 2971 Moysen
1477 2907 1535 2954 et
1561 2898 1763 2967 Aaron,
1790 2900 1983 2956 dicens
2016 2919 2030 2955 :

443 2991 619 3051 Homo
633 2992 861 3063 junctus
882 2991 1189 3051 secundum
1211 3008 1407 3063 agmen
1434 3008 1617 3059 suum,
1639 3003 1696 3050 et
1724 2996 2027 3052 secundum

442 3082 617 3154 signa,
649 3082 954 3139 secundum
983 3082 1177 3138 domos
1213 3082 1549 3138 familiarum
1578 3099 1804 3140 suarum
1825 3097 2032 3144 castra-

441 3180 720 3229 metentur
760 3171 857 3227 lilii
885 3170 1052 3228 Israel
1093 3186 1281 3228 coram
1305 3172 1561 3239 Domino,
1605 3174 1816 3231 circum
1852 3176 2037 3233 taber-

441 3263 700 3327 naculum
722 3264 1025 3320 testimonii
1044 3266 1586 3323 castrametabuntur
1606 3266 1702 3323 lilii
1725 3268 1892 3325 Israel
1911 3270 1976 3326 τ’.
2005 3290 2025 3324 ι

440 3352 645 3416 Deinde
666 3354 996 3410 attributum
1024 3355 1224 3426 cuique
1256 3356 1439 3412 locum
1464 3358 1731 3425 ostendit,
1772 3360 1995 3418 ubinam
2013 3405 2028 3431 ,

440 3453 497 3500 et
520 3446 817 3516 quomodo,
840 3447 1005 3518 quive
1031 3450 1407 3506 castrametari
1435 3449 1672 3508 debeant
1706 3470 1721 3509 :
1750 3453 2035 3527 subjungit

439 3536 589 3591 enim
630 3537 700 3593 ad
743 3537 894 3594 hunc
934 3539 1160 3596 modum
1205 3559 1219 3597 :
1261 3559 1279 3592 ι
1313 3540 1381 3597 Ει
1424 3542 1519 3612 qui
1570 3551 2030 3602 castrametantur

440 3628 603 3702 primi
617 3628 685 3685 ad
705 3630 1000 3697 orientem,
1034 3619 1230 3702 agmen
1247 3642 1555 3689 castrorum
1573 3635 1715 3691 Juda
1734 3651 1859 3693 cum
1875 3653 2032 3695 exer-

438 3719 556 3776 citu
583 3736 707 3785 suo,
732 3729 789 3776 et
816 3730 1270 3779 castrametantes
1286 3725 1444 3795 juxta
1474 3742 1543 3781 ex
1571 3728 1721 3783 tribu
1756 3729 2027 3798 lssacbar,

438 3822 497 3867 et
517 3820 974 3870 castrametantes
1009 3814 1163 3885 juxta
1195 3831 1292 3872 eos
1325 3832 1393 3872 ex
1425 3818 1576 3874 tribu
1612 3820 1859 3880 Zabulon
1898 3822 1965 3876 8°.
2002 3842 2021 3873 ι

437 3901 647 3958 Deinde
668 3903 966 3960 secundam
989 3905 1222 3970 classem
1246 3917 1517 3975 recenset,
1543 3919 1600 3965 et
1627 3910 1735 3965 ait:
1772 3930 1790 3963 ι
1817 3913 2027 3983 Agmen

437 4005 742 4055 castrorum
773 3997 970 4054 Ruben
999 4000 1068 4057 ad
1105 4009 1354 4057 austrum
1382 4018 1508 4058 cum
1538 4003 1783 4060 exercitu
1808 4020 2023 4075 eorum,

425 4102 487 4149 et
508 4090 766 4162 princeps
788 4089 1028 4149 ﬁliorum
1043 4093 1241 4151 Ruben
1256 4096 1442 4152 Elisur
1460 4096 1607 4153 ﬁlius
1630 4097 2026 4179 Stadium-exer-

435 4183 580 4240 citus
595 4184 715 4256 ejus
737 4186 997 4244 recensiti
1015 4202 1114 4245 sex
1132 4195 1189 4243 et
1208 4188 1571 4261 quadraginta
1591 4190 1765 4263 millia
1784 4200 1841 4247 et
1862 4193 2024 4265 quin-

434 4275 585 4355 genti
601 4292 616 4343 ;
632 4284 688 4332 et
703 4285 1158 4337 castrametantes
1169 4280 1325 4353 juxta
1346 4298 1474 4339 eum
1497 4300 1566 4342 ex
1592 4285 1742 4340 tribu
1763 4284 2020 4357 Simeon;

2147 1797 2436 1870 φαίνεσθαι
2469 1797 2940 1870 περιεστηκότας,
2987 1797 3049 1852 ού
3097 1797 3505 1870 μεσολαϐούσης
3548 1798 3731 1868 ἁμαρ-

2143 1891 2284 1958 τίας,
2309 1891 2370 1944 ού
2404 1890 2701 1963 διαστάσης
2735 1891 2885 1961 ἡμᾶς
2918 1892 3189 1961 κοσμικῆς
3236 1887 3448 1961 ἡδονῆς,
3480 1887 3597 1942 ἀλλ’
3638 1890 3719 1954 είς

2145 1983 2374 2055 ἑνότητα
2425 1982 2522 2054 τὴν
2576 1980 2955 2052 πνευματικὴν
2996 1979 3349 2051 συλλέγοντος
3396 1978 3558 2052 ὀρθοῦ
3604 1980 3723 2035 δια-

2143 2074 2292 2141 νοίας
2335 2076 2767 2147 παραστήματος
2812 2072 3167 2145 ὲτοιμότητός
3202 2090 3263 2126 τε
3306 2073 3404 2144 τῆς
3442 2072 3579 2143 πρὸς
3618 2073 3729 2127 πᾶν

2141 2167 2319 2223 ὁτιοῦν
2369 2167 2477 2221 τῶν
2517 2166 3002 2237 τεθαυμασμένων.
3031 2165 3242 2236 Πρέπει
3275 2164 3384 2237 γάρ
3415 2163 3483 2219 ἂν
3502 2165 3585 2218 ὅτι
3617 2164 3729 2234 μά-

2140 2258 2300 2313 λιστά
2324 2277 2387 2329 γε
2429 2261 2544 2324 τοῖς
2578 2257 2754 2323 οὕτως
2786 2258 3093 2329 εὐδοκιμεῖν
3144 2256 3444 2329 ᾑρημένοις
3488 2255 3549 2310 τὸ
3589 2255 3727 2327 χρῆ-

2140 2369 2226 2405 ναι
2250 2354 2641 2425 καρποφορεῖν.
2657 2351 2969 2422 Γέγραπται
2986 2348 3094 2420 γάρ
3108 2350 3191 2402 ὅτι
3211 2365 3229 2399 ι
3252 2347 3462 2412 Πάντες
3474 2347 3523 2401 οἱ
3539 2346 3727 2418 κύκλῳ

2139 2445 2304 2499 αὐτοῦ
2325 2444 2532 2498 οἴσουσι
2550 2444 2719 2515 δῶρα.
2740 2462 2759 2496 ι
2785 2443 2996 2497 Οὐκοῦν
3012 2442 3369 2513 συναπαίρειν
3389 2441 3586 2506 αὐτοὺς
3600 2442 3726 2495 ἐκέ-

2139 2534 2259 2590 λεύε
2295 2538 2359 2607 τῇ
2388 2537 2586 2607 σκηνῇ,
2611 2535 2709 2589 καὶ
2739 2533 2927 2604 κύκλῳ
2954 2532 3215 2604 βαδίζειν,
3248 2533 3343 2586 καὶ
3375 2533 3453 2596 ὡς
3483 2534 3541 2585 ὲν
3572 2532 3724 2597 τάξει

2138 2626 2320 2691 πάλιν,
2361 2627 2424 2680 οὐ
2470 2628 2589 2689 ταῖς
2634 2623 2873 2698 ἡλικίαις
2924 2622 3212 2696 πρεπούσῃ
3257 2623 3349 2677 καὶ
3400 2620 3726 2693 άσυγχύτως

2142 2721 2295 2794 ἰούσῃ
2335 2720 2471 2793 πρὸς
2501 2721 2626 2783 τοὺς
2656 2719 2923 2790 ἐσχάτους
2951 2718 3061 2772 άπὸ
3086 2716 3194 2771 τῶν
3228 2714 3483 2788 πρώτων,
3511 2730 3723 2785 συνημ-

2142 2812 2337 2883 μένους
2365 2808 2423 2864 δὲ
2452 2808 2615 2876 οὕτω,
2649 2811 2745 2863 καὶ
2776 2808 2881 2864 άνά
2913 2807 3101 2880 μέρος,
3139 2806 3392 2877 καθάπερ
3425 2807 3484 2859 ὲν
3518 2808 3586 2877 τῇ
3612 2805 3724 2858 τῶν

2135 2902 2324 2974 δώρων
2386 2904 2743 2974 προσαγωγῇ.
2798 2900 3116 2972 Γέγραπται
3171 2898 3229 2952 δὲ
3276 2897 3449 2962 οὕτως
3502 2899 3560 2951 ὲν
3608 2899 3724 2961 τοῖς

2150 2993 2447 3066 Ἀριθμοῖς,
2495 3011 2513 3045 ι
2566 2993 2675 3045 Kal
2709 2990 2939 3063 έλάλησε
2970 2989 3172 3062 Κύριος
3221 2990 3359 3063 πρὸς
3385 2987 3593 3058 Μωσῆν
3624 2988 3723 3042 καὶ

2150 3085 2360 3179 Ἀαρὼν
2420 3086 2629 3155 λέγων’
2682 3083 3001 3157 Ἀνθρωπος
3042 3083 3301 3155 ἐχόμενος
3342 3083 3486 3137 κατὰ
3529 3083 3722 3179 τάγμα

2135 3175 2299 3238 αὑτοῦ
2326 3181 2418 3235 καὶ
2445 3181 2585 3234 κατά
2602 3179 2878 3252 σημασίας
2895 3179 3014 3233 κατ’
3037 3179 3219 3242 οἴκους
3238 3176 3486 3247 πατριῶν
3515 3175 3718 3238 αὐτῶν,

2133 3273 2638 3346 παρεμϐαλέτωσαν
2668 3274 2718 3326 οἱ
2758 3271 2865 3324 υἱοὶ
2888 3270 3109 3342 Ἰσραὴλ
3144 3269 3324 3324 ἔναντι
3359 3267 3589 3340 Κυρίου,
3619 3266 3718 3321 κύ-

2133 3362 2246 3433 κλῳ
2276 3363 2375 3434 τῆς
2426 3363 2631 3434 σκηνῆς
2680 3359 2775 3413 τοῦ
2822 3360 3125 3433 μαρτυρίου
3171 3358 3618 3434 παρεμϐαλοῦσιν
3666 3360 3717 3411 oi

2132 3455 2241 3507 uiol.
2284 3452 2524 3525 Ἰσραήλ.
2562 3472 2580 3504 ι
2615 3447 2752 3508 Εἶτα
2784 3452 2876 3506 τὸν
2910 3453 3127 3523 ἑκάστῳ
3157 3451 3322 3507 τόπον
3346 3449 3720 3522 ὲκνεμηθέντα

2130 3547 2398 3601 δεικνύει·
2437 3548 2560 3601 ὅποι
2591 3563 2650 3600 τε
2686 3546 2782 3600 καὶ
2810 3546 2960 3610 ὅπως
2989 3546 3083 3600 καὶ
3125 3544 3269 3609 τίνες
3311 3546 3359 3598 oi
3397 3542 3719 3615 παρεμϐάλ-

2129 3636 2329 3703 λοντες.
2350 3637 2632 3709 Ἐπιφέρει
2655 3637 2764 3709 γὰρ
2790 3636 2884 3691 ὡδί
2905 3653 2919 3668 ’
2947 3656 2965 3689 ι
3004 3636 3117 3692 Kal.
3149 3638 3198 3690 οί
3237 3634 3717 3707 παρεμϐάλλοντες

2130 3728 2360 3799 πρῶτοι,
2401 3726 2544 3782 κατὰ
2588 3727 2874 3793 ἀνατολάς,
2922 3727 3111 3798 τάγμα
3145 3724 3502 3798 παρεμϐολῆς
3542 3724 3717 3779 Ἰούδα

2131 3821 2229 3874 σὺν
2262 3819 2489 3891 δυνάμει
2514 3818 2716 3885 αὐτῶν,
2745 3819 2840 3872 καὶ
2868 3819 2917 3872 οι
2949 3817 3430 3890 παρεμϐάλλοντες
3464 3817 3714 3888 ἐχόμενοι

2129 3911 2303 3982 φυλῆς
2330 3912 2570 3984 Ἰσάχαρ,
2589 3911 2683 3965 καὶ
2699 3912 2748 3964 oi
2772 3910 3245 3983 παρεμϐάλλοντες
3264 3910 3512 3981 ἐχόμενοι
3535 3909 3715 3980 φυλῆς

2127 4004 2433 4059 Ζαϐουλὼν.
2474 4024 2493 4056 ι
2531 3999 2661 4059 Εἶτα
2687 4004 3055 4076 διαμέμνηται
3101 4004 3413 4076 συμμορίας
3448 4002 3709 4073 δευτέρας

2124 4097 2218 4151 καί
2247 4114 2400 4169 φησιν
2442 4115 2461 4149 ι
2496 4097 2695 4168 Τάγμα
2728 4095 3078 4168 παρεμϐολῆς
3111 4095 3352 4168 Ῥουϐὴμ
3393 4094 3530 4166 πρὸς
3558 4094 3712 4148 νότον

2126 4189 2224 4242 σὺν
2260 4188 2483 4260 δυνάμει
2518 4188 2719 4252 αὐτῶν,
2761 4188 2856 4242 καὶ
2885 4188 2914 4240 ό
2946 4187 3127 4257 ἄρχων
3146 4187 3255 4240 τῶν
3283 4187 3415 4240 υἱῶν
3443 4184 3708 4257 Ῥουϐὴμ,

2137 4283 2405 4354 Ἐλισοὺρ,
2439 4282 2555 4346 υίὸς
2588 4281 2833 4351 Σεδιοὺρ,
2875 4280 3105 4352 δύναμις
3133 4278 3297 4333 αὑτοῦ
3334 4281 3384 4332 οἱ
3430 4282 3712 4349 ἐπεσκεμ-

431 4378 490 4426 et
512 4377 965 4427 castrametantes
981 4374 1137 4445 juxta
1172 4389 1300 4429 eum
1329 4391 1399 4432 ex
1425 4376 1572 4433 tribu
1600 4376 1716 4434 Gad
1740 4379 1809 4434 ⁸⁸.
1839 4399 1859 4433 ι
1889 4379 2023 4436 Ter-

2136 4374 2280 4445 μένοι
2313 4371 2371 4441 ἒξ
2393 4371 2491 4443 καὶ,
2516 4371 2926 4441 τεσσαράκοντα
2949 4368 3187 4440 χιλιάδες
3216 4369 3311 4422 καὶ
3335 4368 3707 4423 πεντακόσιοι.

431 4459 563 4517 tiam
586 4461 676 4519 his
693 4463 842 4519 illico
865 4464 1099 4521 classem
1116 4466 1384 4539 adjungit,
1404 4467 1597 4524 dicens
1622 4487 1635 4524 :
1664 4488 1682 4522 ι
1706 4470 1915 4542 Agmen
1935 4487 2024 4528 ca-

430 4562 676 4609 strorum
706 4554 973 4625 prraim
999 4572 1173 4629 prope
1202 4575 1354 4615 mare
1377 4576 1503 4617 cum
1531 4561 1779 4618 exercitu
1804 4578 2020 4629 eorum,

429 4653 487 4701 et
535 4652 991 4703 castrametantes
1038 4649 1194 4722 juxta
1239 4665 1371 4705 eum
1416 4653 1513 4722 qui
1559 4668 1629 4708 ex
1677 4654 1823 4709 tribu
1874 4654 2020 4710 Ben-

423 4735 598 4807 jamin
635 4738 713 4799 3’.
743 4759 762 4789 ο
790 4736 1010 4806 Quarta:
1030 4755 1253 4812 quoque
1296 4743 1487 4800 classis
1528 4746 1793 4801 continuo
1821 4746 2020 4802 memi-

425 4832 530 4897 nit,
567 4831 761 4893 dicens
791 4850 804 4886 :
839 4852 858 4886 ι
891 4834 1101 4906 Agmen
1127 4842 1437 4891 castrorum
1466 4837 1582 4894 Dan
1607 4837 1676 4892 ad
1706 4838 2019 4907 aquilonem

425 4938 558 4978 cum
579 4924 833 4987 exercitu
862 4939 992 4993 suo;
1020 4932 1079 4981 et
1111 4934 1564 4982 castrametantes
1592 4942 1767 4998 prope
1790 4943 1916 4984 eum
1951 4942 2021 4982 ex

426 5014 581 5073 tribu
618 5015 777 5081 Aser,
819 5023 876 5071 et
915 5024 1372 5073 castrametantes
1408 5032 1578 5089 prope
1607 5033 1733 5072 eum
1772 5034 1837 5073 ex
1868 5017 2015 5072 tribu

421 5103 777 5173 Nephtbalim
801 5120 994 5162 omnes
1028 5106 1290 5164 recensiti
1309 5147 1325 5173 ,
1354 5107 1567 5179 inquit,
1603 5124 1636 5165 e
1671 5109 1870 5164 castris
1898 5109 2015 5164 Dan

424 5202 646 5250 centum
684 5194 1081 5269 quinquaginta
1113 5205 1171 5253 et
1195 5206 1407 5270 septem
1438 5198 1610 5253 millia
1637 5207 1694 5253 et
1725 5200 2003 5263 sexcenti,

422 5288 664 5357 extremi,
679 5289 979 5349 movebunt
1000 5293 1219 5363 agmina
1237 5293 1425 5353 sua“.
1455 5313 1474 5345 ι
1496 5293 1662 5349 Vides
1680 5294 1859 5369 primo
1885 5296 2007 5353 loco

421 5379 661 5453 positum
695 5397 819 5439 esse
855 5383 1073 5448 ludam,
1105 5395 1162 5439 et
1197 5386 1318 5456 ejus
1347 5387 1547 5455 socios,
1578 5396 1635 5444 et
1664 5390 2002 5461 praecipuum

421 5469 674 5533 habitare
705 5471 895 5527 locum
920 5471 991 5531 ad
1023 5472 1295 5529 orientem
1330 5484 1388 5531 ct
1426 5489 1708 5545 austrum;
1741 5495 1869 5535 nam
1907 5485 2005 5552 qui

2125 4466 2240 4521 Kal.
2287 4465 2335 4517 oi
2384 4460 2861 4535 παρεμϐάλλοντες
2895 4461 3145 4531 ἐχόμενοι
3172 4459 3364 4524 αὑτοῦ,
3398 4458 3574 4531 φυλῆς
3600 4460 3709 4512 Συ-

2126 4556 2293 4629 μεὼν,
2326 4556 2488 4610 καὶοί
2522 4552 3000 4626 παρεμϐάλλοντες
3033 4552 3282 4624 ἐχόμενοι
3310 4550 3496 4617 αὐτοῦ,
3530 4550 3709 4622 φυλῆς

2121 4650 2246 4704 Γάδ.
2281 4669 2300 4701 ι
2322 4647 2431 4701 Kal.
2456 4646 2646 4719 τρίτην
2670 4644 2832 4709 εὐθὺς
2850 4646 3208 4699 ὲπισυνάπτει
3229 4644 3429 4714 λέγων·
3459 4665 3477 4696 ι
3501 4645 3708 4712 Τάγμα

2122 4739 2474 4812 παρεμϐολῆς
2537 4737 2779 4810 Ἐφραῖμ
2815 4736 2968 4809 παρὰ
3006 4736 3281 4791 θάλασσαν
3326 4737 3422 4790 σὺν
3471 4737 3706 4809 δυνάμει

2120 4832 2319 4897 αὐτῶν,
2355 4830 2450 4885 καὶ
2474 4832 2523 4883 οἱ
2551 4828 3030 4902 παρεμϐάλλοντες
3068 4826 3318 4901 ἐχόμενοι
3367 4829 3542 4902 φυλῆς
3566 4832 3704 4885 Βεν-

2120 4924 2294 4997 ιαμίν.
2336 4942 2356 4975 ι
2400 4923 2512 4997 Kal.
2565 4922 2673 4993 μὴν
2719 4921 2813 4976 καὶ
2864 4921 3135 4993 τετάρτης
3181 4922 3495 4995 συμμορίας
3539 4922 3705 4989 εὐθὺς

2115 5016 2483 5088 διαμέμνηται
2511 5016 2709 5086 λέγων,
2750 5033 2769 5067 ι
2802 5014 3004 5086 Τάγμα
3032 5014 3389 5086 παρεμϐολῆς
3416 5015 3523 5069 (κάν
3562 5016 3702 5088 πρὸς

2116 5111 2318 5183 βορρᾶν
2352 5110 2449 5163 σὺν
2488 5107 2716 5180 δυνάμει
2749 5105 2960 5160 αὐτῶν·
2997 5105 3093 5160 καὶ
3133 5108 3181 5159 oi
3222 5107 3701 5177 παρεμϐάλλοντες

2114 5200 2361 5272 ἐχόμενοι
2395 5197 2559 5252 αὐτοῦ
2592 5197 2765 5268 φυλῆς
2804 5195 2992 5266 Ἀσὴρ,
3030 5196 3126 5249 καὶ
3149 5197 3199 5249 ot
3222 5196 3700 5267 παρεμϐάλλοντες

2116 5293 2365 5365 ἐχόμενοι
2390 5290 2556 5346 αὑτοῦ
2579 5290 2751 5361 φυλῆς
2775 5288 3115 5359 Νεφθαλεὶμ,
3136 5290 3336 5353 πάντες
3358 5291 3409 5342 oi
3427 5292 3696 5363 ἐπεσκεμ-

2119 5386 2290 5456 μένοι,
2316 5383 2470 5455 φησὶ,
2492 5383 2594 5453 τῆς
2615 5379 2969 5454 παρεμϐολῆς
2993 5379 3121 5448 Δάν,
3143 5381 3339 5435 ἑκατὸν
3363 5384 3695 5453 πεντήκοντα

2112 5480 2208 5533 καὶ
2239 5475 2380 5530 ἑπτὰ
2407 5474 2646 5547 χιλιάδες
2692 5475 2786 5529 καὶ
2825 5471 3121 5541 ἑξακόσιοι,
3163 5473 3380 5546 ἔσχατοι
3408 5552 3413 5557 _
3438 5474 3695 5549 ὲξαροῦσι

491 5607 726 5687 Ϊ.⁶.Ρ⁸τέ¹;
744 5624 869 5687 xl"
908 5608 983 5687 δα
1014 5611 1062 5687 λ’
1067 5611 1092 5687 ἶ
1114 5610 1260 5687 1³⁸9))
1284 5629 1439 5687 3F":
1475 5617 1526 5671 6-
1607 5618 1653 5651 ⁷⁸
1688 5619 1830 5676 Psal.
1877 5634 2032 5687 Lxxv,

2136 5660 2147 5671 .
2227 5618 2271 5651 ⁷³
2308 5615 2470 5679 Num,
2507 5613 2723 5683 tt,,l,2.
2797 5611 2843 5645 ”
2868 5612 3008 5670 Ibid.
3045 5614 3166 5671 2-5.
3244 5612 3293 5647 ³¹
3314 5613 3457 5671 Ibid.
3502 5611 3690 5671 10-15.

423 5677 621 5745 "Ibid-
666 5670 864 5744 18-22ξ
936 5670 984 5714 ⁸⁵
1014 5679 1161 5741 Ibid.
1181 5681 1375 5741 25-51.
