  <div class='ocr_page' id='page_1' title='image "/cluster/home/n/w/nwhite01/storage/ocr_20150623/68/pst.000005712694/376.png"; bbox 0 0 3962 6296; ppageno 0'>
   <div class='ocr_carea' id='block_1_1' title="bbox 222 204 328 263">
    <p class='ocr_par' dir='ltr' id='par_1_1' title="bbox 222 204 328 263">
     <span class='ocr_line' id='line_1_1' title="bbox 222 204 328 263; baseline -0.038 0"><span class='ocrx_word' id='word_1_1' title='bbox 222 204 328 263; x_wconf 75' lang='lat'><strong>7‘25</strong></span> 
     </span>
    </p>
   </div>
   <div class='ocr_carea' id='block_1_2' title="bbox 935 173 2837 249">
    <p class='ocr_par' dir='ltr' id='par_1_2' title="bbox 935 173 2837 249">
     <span class='ocr_line' id='line_1_2' title="bbox 935 173 2837 249; baseline -0.012 0"><span class='ocrx_word' id='word_1_2' title='bbox 935 195 1020 249; x_wconf 87' lang='lat' dir='ltr'><strong>DE</strong></span> <span class='ocrx_word' id='word_1_3' title='bbox 1059 189 1501 248; x_wconf 70' lang='lat' dir='ltr'><strong>ADORATIONE</strong></span> <span class='ocrx_word' id='word_1_4' title='bbox 1540 188 1607 244; x_wconf 80' lang='lat' dir='ltr'><strong>IN</strong></span> <span class='ocrx_word' id='word_1_5' title='bbox 1644 183 1915 243; x_wconf 78' lang='lat' dir='ltr'><strong>SPIRITU</strong></span> <span class='ocrx_word' id='word_1_6' title='bbox 1955 183 2043 238; x_wconf 86' lang='lat' dir='ltr'><strong>ET</strong></span> <span class='ocrx_word' id='word_1_7' title='bbox 2080 181 2445 238; x_wconf 78' lang='lat' dir='ltr'><strong>VERITATE.</strong></span> <span class='ocrx_word' id='word_1_8' title='bbox 2472 209 2537 217; x_wconf 94' lang='lat'><strong>——</strong></span> <span class='ocrx_word' id='word_1_9' title='bbox 2577 176 2704 231; x_wconf 79' lang='lat' dir='ltr'><strong>LIB.</strong></span> <span class='ocrx_word' id='word_1_10' title='bbox 2746 173 2837 228; x_wconf 81' lang='lat' dir='ltr'><strong>XI.</strong></span> 
     </span>
    </p>
   </div>
   <div class='ocr_carea' id='block_1_3' title="bbox 3375 159 3478 212">
    <p class='ocr_par' dir='ltr' id='par_1_3' title="bbox 3375 159 3478 212">
     <span class='ocr_line' id='line_1_3' title="bbox 3375 159 3478 212; baseline 0 0"><span class='ocrx_word' id='word_1_11' title='bbox 3375 159 3478 212; x_wconf 73' lang='lat'><strong>7‘26</strong></span> 
     </span>
    </p>
   </div>
   <div class='ocr_carea' id='block_1_4' title="bbox 224 278 1845 388">
    <p class='ocr_par' dir='ltr' id='par_1_4' title="bbox 224 305 1845 388">
     <span class='ocr_line' id='line_1_4' title="bbox 224 305 1845 388; baseline -0.01 -12"><span class='ocrx_word' id='word_1_12' title='bbox 224 319 362 376; x_wconf 71' lang='grc' dir='ltr'>κατὰ</span> <span class='ocrx_word' id='word_1_13' title='bbox 405 317 667 388; x_wconf 77' lang='grc' dir='ltr'><strong>τάγματα</strong></span> <span class='ocrx_word' id='word_1_14' title='bbox 702 312 902 369; x_wconf 82' lang='grc' dir='ltr'>αὐτῶν.</span> <span class='ocrx_word' id='word_1_15' title='bbox 949 331 967 364; x_wconf 68' lang='grc' dir='ltr'><strong>ι</strong></span> <span class='ocrx_word' id='word_1_16' title='bbox 1009 311 1170 382; x_wconf 83' lang='grc' dir='ltr'><strong>Ὁρᾷς</strong></span> <span class='ocrx_word' id='word_1_17' title='bbox 1199 311 1280 365; x_wconf 83' lang='grc' dir='ltr'>ὅτι</span> <span class='ocrx_word' id='word_1_18' title='bbox 1310 309 1672 382; x_wconf 79' lang='grc' dir='ltr'><strong>προτέτακται</strong></span> <span class='ocrx_word' id='word_1_19' title='bbox 1705 305 1803 376; x_wconf 77' lang='grc' dir='ltr'>μὲν</span> <span class='ocrx_word' id='word_1_20' title='bbox 1835 334 1845 366; x_wconf 58' lang='grc' dir='ltr'><em>λ</em></span> 
     </span>
    </p>
   </div>
   <div class='ocr_carea' id='block_1_5' title="bbox 1958 278 3478 388">
    <p class='ocr_par' dir='ltr' id='par_1_5' title="bbox 1958 278 3478 362">
     <span class='ocr_line' id='line_1_5' title="bbox 1958 278 3478 362; baseline -0.018 -5"><span class='ocrx_word' id='word_1_21' title='bbox 1958 326 1961 356; x_wconf 68' lang='grc' dir='ltr'><strong>ι</strong></span> <span class='ocrx_word' id='word_1_22' title='bbox 1985 301 2204 357; x_wconf 80' lang='lat' dir='ltr'><strong>Christo</strong></span> <span class='ocrx_word' id='word_1_23' title='bbox 2236 309 2384 362; x_wconf 89' lang='lat' dir='ltr'><strong>sunt,</strong></span> <span class='ocrx_word' id='word_1_24' title='bbox 2414 297 2470 351; x_wconf 92' lang='lat' dir='ltr'><strong>in</strong></span> <span class='ocrx_word' id='word_1_25' title='bbox 2505 293 2711 349; x_wconf 87' lang='lat' dir='ltr'><strong>lumine</strong></span> <span class='ocrx_word' id='word_1_26' title='bbox 2735 295 3042 351; x_wconf 76' lang='lat' dir='ltr'><strong>versantur,</strong></span> <span class='ocrx_word' id='word_1_27' title='bbox 3067 292 3124 340; x_wconf 89' lang='lat' dir='ltr'><strong>et</strong></span> <span class='ocrx_word' id='word_1_28' title='bbox 3151 280 3345 352; x_wconf 78' lang='lat' dir='ltr'><strong>spiritu</strong></span> <span class='ocrx_word' id='word_1_29' title='bbox 3366 278 3478 333; x_wconf 79' lang='lat' dir='ltr'><strong>fer-</strong></span> 
     </span>
    </p>
   </div>
   <div class='ocr_carea' id='block_1_6' title="bbox 225 394 1803 474">
    <p class='ocr_par' dir='ltr' id='par_1_6' title="bbox 225 394 1803 474">
     <span class='ocr_line' id='line_1_6' title="bbox 225 394 1803 474; baseline -0.012 -9"><span class='ocrx_word' id='word_1_30' title='bbox 225 410 427 474; x_wconf 82' lang='grc' dir='ltr'>Ἰούδας</span> <span class='ocrx_word' id='word_1_31' title='bbox 459 409 554 461; x_wconf 61' lang='grc' dir='ltr'><strong>καὶ⁵</strong></span> <span class='ocrx_word' id='word_1_32' title='bbox 575 407 624 458; x_wconf 91' lang='grc' dir='ltr'><strong>οί</strong></span> <span class='ocrx_word' id='word_1_33' title='bbox 652 406 748 458; x_wconf 76' lang='grc' dir='ltr'><strong>σὺν</strong></span> <span class='ocrx_word' id='word_1_34' title='bbox 773 400 940 474; x_wconf 80' lang='grc' dir='ltr'>αὐτῷ,</span> <span class='ocrx_word' id='word_1_35' title='bbox 960 403 1051 455; x_wconf 74' lang='grc' dir='ltr'><strong>καὶ</strong></span> <span class='ocrx_word' id='word_1_36' title='bbox 1079 403 1170 454; x_wconf 81' lang='grc' dir='ltr'><strong>τὸν</strong></span> <span class='ocrx_word' id='word_1_37' title='bbox 1187 399 1483 454; x_wconf 85' lang='grc' dir='ltr'>ὰπόλεκτον</span> <span class='ocrx_word' id='word_1_38' title='bbox 1505 396 1616 468; x_wconf 72' lang='grc' dir='ltr'>ἔχει</span> <span class='ocrx_word' id='word_1_39' title='bbox 1641 394 1803 447; x_wconf 81' lang='grc' dir='ltr'>τόπον</span> 
     </span>
    </p>
   </div>
   <div class='ocr_carea' id='block_1_7' title="bbox 227 484 1802 572">
    <p class='ocr_par' dir='ltr' id='par_1_7' title="bbox 227 484 1802 572">
     <span class='ocr_line' id='line_1_7' title="bbox 227 484 1802 572; baseline -0.013 -15"><span class='ocrx_word' id='word_1_40' title='bbox 227 505 314 557; x_wconf 74' lang='grc' dir='ltr'><strong>τὸν</strong></span> <span class='ocrx_word' id='word_1_41' title='bbox 348 499 489 572; x_wconf 76' lang='grc' dir='ltr'>πρὸς</span> <span class='ocrx_word' id='word_1_42' title='bbox 518 497 602 569; x_wconf 86' lang='grc' dir='ltr'><strong>ὴὼ</strong></span> <span class='ocrx_word' id='word_1_43' title='bbox 639 497 734 551; x_wconf 76' lang='grc' dir='ltr'>καὶ</span> <span class='ocrx_word' id='word_1_44' title='bbox 762 495 946 561; x_wconf 86' lang='grc' dir='ltr'>νότον;</span> <span class='ocrx_word' id='word_1_45' title='bbox 983 495 1041 546; x_wconf 80' lang='grc' dir='ltr'>ὲν</span> <span class='ocrx_word' id='word_1_46' title='bbox 1079 493 1216 561; x_wconf 74' lang='grc' dir='ltr'>φωτὶ</span> <span class='ocrx_word' id='word_1_47' title='bbox 1251 491 1360 563; x_wconf 80' lang='grc' dir='ltr'>γὰρ</span> <span class='ocrx_word' id='word_1_48' title='bbox 1402 492 1449 544; x_wconf 88' lang='grc' dir='ltr'><strong>οί</strong></span> <span class='ocrx_word' id='word_1_49' title='bbox 1480 491 1538 542; x_wconf 86' lang='grc' dir='ltr'>ὲν</span> <span class='ocrx_word' id='word_1_50' title='bbox 1561 484 1802 558; x_wconf 84' lang='grc' dir='ltr'><strong>Χριστῷ,</strong></span> 
     </span>
    </p>
   </div>
   <div class='ocr_carea' id='block_1_8' title="bbox 230 574 1806 662">
    <p class='ocr_par' dir='ltr' id='par_1_8' title="bbox 230 574 1806 662">
     <span class='ocr_line' id='line_1_8' title="bbox 230 574 1806 662; baseline -0.015 -13"><span class='ocrx_word' id='word_1_51' title='bbox 230 596 320 650; x_wconf 77' lang='grc' dir='ltr'>καὶ</span> <span class='ocrx_word' id='word_1_52' title='bbox 349 590 431 662; x_wconf 83' lang='grc' dir='ltr'><strong>τῷ</strong></span> <span class='ocrx_word' id='word_1_53' title='bbox 461 587 734 659; x_wconf 87' lang='grc' dir='ltr'>πνεύματι</span> <span class='ocrx_word' id='word_1_54' title='bbox 766 583 999 652; x_wconf 80' lang='grc' dir='ltr'>ζέοντες.</span> <span class='ocrx_word' id='word_1_55' title='bbox 1027 581 1289 653; x_wconf 84' lang='grc' dir='ltr'><strong>Δεύτερος</strong></span> <span class='ocrx_word' id='word_1_56' title='bbox 1314 576 1616 647; x_wconf 78' lang='grc' dir='ltr'>ὁῬουὸὴμ,</span> <span class='ocrx_word' id='word_1_57' title='bbox 1644 574 1737 628; x_wconf 79' lang='grc' dir='ltr'>καὶ</span> <span class='ocrx_word' id='word_1_58' title='bbox 1759 574 1806 626; x_wconf 85' lang='grc' dir='ltr'><strong>οί</strong></span> 
     </span>
    </p>
   </div>
   <div class='ocr_carea' id='block_1_9' title="bbox 235 666 1807 751">
    <p class='ocr_par' dir='ltr' id='par_1_9' title="bbox 235 666 1807 751">
     <span class='ocr_line' id='line_1_9' title="bbox 235 666 1807 751; baseline -0.013 -14"><span class='ocrx_word' id='word_1_59' title='bbox 235 685 326 737; x_wconf 76' lang='grc' dir='ltr'><strong>σὺν</strong></span> <span class='ocrx_word' id='word_1_60' title='bbox 357 679 532 751; x_wconf 82' lang='grc' dir='ltr'>αὐτῷ.</span> <span class='ocrx_word' id='word_1_61' title='bbox 574 677 686 733; x_wconf 66' lang='grc' dir='ltr'><strong>Καὶ</strong></span> <span class='ocrx_word' id='word_1_62' title='bbox 715 675 888 748; x_wconf 78' lang='grc' dir='ltr'><strong>τρίτοι</strong></span> <span class='ocrx_word' id='word_1_63' title='bbox 937 673 1037 746; x_wconf 81' lang='grc' dir='ltr'>μὲν</span> <span class='ocrx_word' id='word_1_64' title='bbox 1081 671 1245 726; x_wconf 85' lang='grc' dir='ltr'>πάλιν</span> <span class='ocrx_word' id='word_1_65' title='bbox 1297 671 1345 723; x_wconf 79' lang='grc' dir='ltr'>οἱ</span> <span class='ocrx_word' id='word_1_66' title='bbox 1391 667 1451 734; x_wconf 75' lang='grc' dir='ltr'>ἐξ</span> <span class='ocrx_word' id='word_1_67' title='bbox 1497 666 1807 736; x_wconf 75' lang='grc' dir='ltr'>ἐλευθέρας.</span> 
     </span>
    </p>
   </div>
   <div class='ocr_carea' id='block_1_10' title="bbox 234 757 1808 844">
    <p class='ocr_par' dir='ltr' id='par_1_10' title="bbox 234 757 1808 844">
     <span class='ocr_line' id='line_1_10' title="bbox 234 757 1808 844; baseline -0.013 -15"><span class='ocrx_word' id='word_1_68' title='bbox 234 769 360 829; x_wconf 78' lang='grc' dir='ltr'>Εἶτα</span> <span class='ocrx_word' id='word_1_69' title='bbox 389 771 535 844; x_wconf 86' lang='grc' dir='ltr'>μετὰ</span> <span class='ocrx_word' id='word_1_70' title='bbox 574 769 796 832; x_wconf 82' lang='grc' dir='ltr'>τούτους</span> <span class='ocrx_word' id='word_1_71' title='bbox 839 765 1016 836; x_wconf 73' lang='grc' dir='ltr'>ἕτεροι</span> <span class='ocrx_word' id='word_1_72' title='bbox 1048 765 1215 835; x_wconf 82' lang='grc' dir='ltr'>τρεῖς,</span> <span class='ocrx_word' id='word_1_73' title='bbox 1248 763 1296 814; x_wconf 81' lang='grc' dir='ltr'>οἱ</span> <span class='ocrx_word' id='word_1_74' title='bbox 1338 763 1404 814; x_wconf 85' lang='grc' dir='ltr'>ὲκ</span> <span class='ocrx_word' id='word_1_75' title='bbox 1442 757 1808 832; x_wconf 82' lang='grc' dir='ltr'>θεραπαινῶν,</span> 
     </span>
    </p>
   </div>
   <div class='ocr_carea' id='block_1_11' title="bbox 235 847 1814 938">
    <p class='ocr_par' dir='ltr' id='par_1_11' title="bbox 235 847 1814 938">
     <span class='ocr_line' id='line_1_11' title="bbox 235 847 1814 938; baseline -0.014 -16"><span class='ocrx_word' id='word_1_76' title='bbox 235 868 358 938; x_wconf 71' lang='grc' dir='ltr'>περὶ</span> <span class='ocrx_word' id='word_1_77' title='bbox 377 862 455 920; x_wconf 81' lang='grc' dir='ltr'>ὧν</span> <span class='ocrx_word' id='word_1_78' title='bbox 480 866 696 936; x_wconf 87' lang='grc' dir='ltr'>εῐρηται</span> <span class='ocrx_word' id='word_1_79' title='bbox 733 860 814 925; x_wconf 82' lang='grc' dir='ltr'><strong>τὸ,</strong></span> <span class='ocrx_word' id='word_1_80' title='bbox 847 859 1139 928; x_wconf 81' lang='grc' dir='ltr'>(Ἕσχατοι</span> <span class='ocrx_word' id='word_1_81' title='bbox 1160 853 1464 926; x_wconf 83' lang='grc' dir='ltr'>ὲξαροῦσιν.</span> <span class='ocrx_word' id='word_1_82' title='bbox 1502 870 1520 904; x_wconf 71' lang='grc' dir='ltr'><strong>ι</strong></span> <span class='ocrx_word' id='word_1_83' title='bbox 1555 847 1683 922; x_wconf 70' lang='grc' dir='ltr'><strong>Ἆρ’</strong></span> <span class='ocrx_word' id='word_1_84' title='bbox 1714 849 1814 901; x_wconf 87' lang='grc' dir='ltr'><strong>ούκ</strong></span> 
     </span>
    </p>
   </div>
   <div class='ocr_carea' id='block_1_12' title="bbox 235 942 1814 1031">
    <p class='ocr_par' dir='ltr' id='par_1_12' title="bbox 235 942 1814 1031">
     <span class='ocr_line' id='line_1_12' title="bbox 235 942 1814 1031; baseline -0.014 -17"><span class='ocrx_word' id='word_1_85' title='bbox 235 959 466 1031; x_wconf 70' lang='grc' dir='ltr'>ὶναργὲς</span> <span class='ocrx_word' id='word_1_86' title='bbox 487 957 582 1012; x_wconf 75' lang='grc' dir='ltr'>καὶ</span> <span class='ocrx_word' id='word_1_87' title='bbox 611 950 911 1026; x_wconf 81' lang='grc' dir='ltr'>οὐδαμόθεν</span> <span class='ocrx_word' id='word_1_88' title='bbox 939 947 1269 1011; x_wconf 76' lang='grc' dir='ltr'>ἐνδοιαστὸν,</span> <span class='ocrx_word' id='word_1_89' title='bbox 1301 946 1382 1000; x_wconf 83' lang='grc' dir='ltr'>ὅτι</span> <span class='ocrx_word' id='word_1_90' title='bbox 1420 942 1814 1014; x_wconf 83' lang='grc' dir='ltr'>προτετίμηται</span> 
     </span>
    </p>
   </div>
   <div class='ocr_carea' id='block_1_13' title="bbox 240 1031 1813 1124">
    <p class='ocr_par' dir='ltr' id='par_1_13' title="bbox 240 1031 1813 1124">
     <span class='ocr_line' id='line_1_13' title="bbox 240 1031 1813 1124; baseline -0.018 -14"><span class='ocrx_word' id='word_1_91' title='bbox 240 1056 329 1110; x_wconf 75' lang='grc' dir='ltr'><strong>καὶ</strong></span> <span class='ocrx_word' id='word_1_92' title='bbox 381 1047 845 1124; x_wconf 88' lang='grc' dir='ltr'>προεισκέκληται</span> <span class='ocrx_word' id='word_1_93' title='bbox 901 1041 994 1100; x_wconf 83' lang='grc' dir='ltr'>τοῦ</span> <span class='ocrx_word' id='word_1_94' title='bbox 1039 1037 1384 1113; x_wconf 79' lang='grc' dir='ltr'>πρωτοτόκου</span> <span class='ocrx_word' id='word_1_95' title='bbox 1430 1034 1492 1087; x_wconf 83' lang='grc' dir='ltr'><strong>τὸ</strong></span> <span class='ocrx_word' id='word_1_96' title='bbox 1541 1031 1813 1102; x_wconf 89' lang='grc' dir='ltr'>δεύτερον,</span> 
     </span>
    </p>
   </div>
   <div class='ocr_carea' id='block_1_14' title="bbox 239 1121 1818 1210">
    <p class='ocr_par' dir='ltr' id='par_1_14' title="bbox 239 1121 1818 1210">
     <span class='ocr_line' id='line_1_14' title="bbox 239 1121 1818 1210; baseline -0.017 -10"><span class='ocrx_word' id='word_1_97' title='bbox 239 1147 365 1200; x_wconf 83' lang='grc' dir='ltr'>τοῦτ</span> <span class='ocrx_word' id='word_1_98' title='bbox 400 1121 540 1209; x_wconf 74' lang='grc' dir='ltr'>ἐστι,</span> <span class='ocrx_word' id='word_1_99' title='bbox 580 1140 640 1194; x_wconf 79' lang='grc' dir='ltr'><strong>τὸ</strong></span> <span class='ocrx_word' id='word_1_100' title='bbox 679 1141 737 1193; x_wconf 81' lang='grc' dir='ltr'>ὲν</span> <span class='ocrx_word' id='word_1_101' title='bbox 783 1133 1024 1210; x_wconf 84' lang='grc' dir='ltr'>Χριστῷ,</span> <span class='ocrx_word' id='word_1_102' title='bbox 1059 1132 1154 1186; x_wconf 76' lang='grc' dir='ltr'><strong>καὶ</strong></span> <span class='ocrx_word' id='word_1_103' title='bbox 1202 1129 1312 1183; x_wconf 85' lang='grc' dir='ltr'>τῶν</span> <span class='ocrx_word' id='word_1_104' title='bbox 1361 1128 1425 1180; x_wconf 83' lang='grc' dir='ltr'>ὲκ</span> <span class='ocrx_word' id='word_1_105' title='bbox 1475 1124 1718 1186; x_wconf 85' lang='grc' dir='ltr'>δουλείας</span> <span class='ocrx_word' id='word_1_106' title='bbox 1757 1121 1818 1175; x_wconf 82' lang='grc' dir='ltr'><strong>τὸ</strong></span> 
     </span>
    </p>
   </div>
   <div class='ocr_carea' id='block_1_15' title="bbox 242 1213 1820 1306">
    <p class='ocr_par' dir='ltr' id='par_1_15' title="bbox 242 1213 1820 1306">
     <span class='ocr_line' id='line_1_15' title="bbox 242 1213 1820 1306; baseline -0.016 -16"><span class='ocrx_word' id='word_1_107' title='bbox 242 1234 526 1306; x_wconf 70' lang='grc' dir='ltr'>ἐλεύθερον</span> <span class='ocrx_word' id='word_1_108' title='bbox 551 1235 610 1286; x_wconf 84' lang='grc' dir='ltr'>ὲν</span> <span class='ocrx_word' id='word_1_109' title='bbox 637 1230 850 1295; x_wconf 82' lang='grc' dir='ltr'>πίστει;</span> <span class='ocrx_word' id='word_1_110' title='bbox 884 1228 948 1280; x_wconf 80' lang='lat' dir='ltr'><strong>Ol</strong></span> <span class='ocrx_word' id='word_1_111' title='bbox 1009 1224 1106 1297; x_wconf 78' lang='grc' dir='ltr'>μὲν</span> <span class='ocrx_word' id='word_1_112' title='bbox 1153 1221 1262 1293; x_wconf 83' lang='grc' dir='ltr'>γὰρ</span> <span class='ocrx_word' id='word_1_113' title='bbox 1304 1218 1564 1291; x_wconf 80' lang='grc' dir='ltr'>ἡγοῦνται</span> <span class='ocrx_word' id='word_1_114' title='bbox 1598 1217 1684 1268; x_wconf 75' lang='grc' dir='ltr'>διὰ</span> <span class='ocrx_word' id='word_1_115' title='bbox 1728 1213 1820 1266; x_wconf 81' lang='grc' dir='ltr'><strong>τὸν</strong></span> 
     </span>
    </p>
   </div>
   <div class='ocr_carea' id='block_1_16' title="bbox 244 1305 1820 1395">
    <p class='ocr_par' dir='ltr' id='par_1_16' title="bbox 244 1305 1820 1395">
     <span class='ocr_line' id='line_1_16' title="bbox 244 1305 1820 1395; baseline -0.016 -13"><span class='ocrx_word' id='word_1_116' title='bbox 244 1327 301 1394; x_wconf 69' lang='grc' dir='ltr'><strong>ἑξ</strong></span> <span class='ocrx_word' id='word_1_117' title='bbox 330 1325 504 1380; x_wconf 80' lang='grc' dir='ltr'>Ἰούδα</span> <span class='ocrx_word' id='word_1_118' title='bbox 534 1321 788 1395; x_wconf 83' lang='grc' dir='ltr'>Χριστόν·</span> <span class='ocrx_word' id='word_1_119' title='bbox 836 1321 885 1374; x_wconf 85' lang='grc' dir='ltr'><strong>οί</strong></span> <span class='ocrx_word' id='word_1_120' title='bbox 910 1319 968 1372; x_wconf 81' lang='grc' dir='ltr'>δὲ</span> <span class='ocrx_word' id='word_1_121' title='bbox 996 1315 1226 1371; x_wconf 87' lang='grc' dir='ltr'>κατόπιν</span> <span class='ocrx_word' id='word_1_122' title='bbox 1245 1312 1492 1384; x_wconf 72' lang='grc' dir='ltr'>ἔρχονται</span> <span class='ocrx_word' id='word_1_123' title='bbox 1522 1307 1694 1379; x_wconf 88' lang='grc' dir='ltr'>μόλις,</span> <span class='ocrx_word' id='word_1_124' title='bbox 1725 1305 1820 1357; x_wconf 74' lang='grc' dir='ltr'><strong>καὶ</strong></span> 
     </span>
    </p>
   </div>
   <div class='ocr_carea' id='block_1_17' title="bbox 245 1405 1166 1484">
    <p class='ocr_par' dir='ltr' id='par_1_17' title="bbox 245 1405 1166 1484">
     <span class='ocr_line' id='line_1_17' title="bbox 245 1405 1166 1484; baseline -0.014 -12"><span class='ocrx_word' id='word_1_125' title='bbox 245 1419 318 1480; x_wconf 83' lang='grc' dir='ltr'><strong>ὡς</strong></span> <span class='ocrx_word' id='word_1_126' title='bbox 343 1417 402 1470; x_wconf 78' lang='grc' dir='ltr'>ὲν</span> <span class='ocrx_word' id='word_1_127' title='bbox 424 1413 663 1484; x_wconf 78' lang='grc' dir='ltr'>δευτέρᾳ</span> <span class='ocrx_word' id='word_1_128' title='bbox 690 1410 963 1464; x_wconf 79' lang='grc' dir='ltr'>τέθεινται</span> <span class='ocrx_word' id='word_1_129' title='bbox 995 1405 1166 1472; x_wconf 82' lang='grc' dir='ltr'>τάξει.</span> 
     </span>
    </p>
   </div>
   <div class='ocr_carea' id='block_1_18' title="bbox 316 1483 1824 1577">
    <p class='ocr_par' dir='ltr' id='par_1_18' title="bbox 316 1483 1824 1577">
     <span class='ocr_line' id='line_1_18' title="bbox 316 1483 1824 1577; baseline -0.017 -14"><span class='ocrx_word' id='word_1_130' title='bbox 316 1507 522 1563; x_wconf 79' lang='grc' dir='ltr'>ΠΔΛΛ.</span> <span class='ocrx_word' id='word_1_131' title='bbox 580 1483 876 1577; x_wconf 62' lang='grc' dir='ltr'>’ὀρθότατα</span> <span class='ocrx_word' id='word_1_132' title='bbox 907 1499 1044 1570; x_wconf 74' lang='grc' dir='ltr'>ἔφης</span> <span class='ocrx_word' id='word_1_133' title='bbox 1064 1515 1077 1527; x_wconf 86' lang='grc'><strong>·</strong></span> <span class='ocrx_word' id='word_1_134' title='bbox 1117 1496 1208 1551; x_wconf 89' lang='grc' dir='ltr'><strong>καί</strong></span> <span class='ocrx_word' id='word_1_135' title='bbox 1241 1512 1300 1549; x_wconf 89' lang='grc' dir='ltr'><strong>σε</strong></span> <span class='ocrx_word' id='word_1_136' title='bbox 1334 1493 1434 1564; x_wconf 80' lang='grc' dir='ltr'>τῆς</span> <span class='ocrx_word' id='word_1_137' title='bbox 1460 1489 1600 1544; x_wconf 71' lang='grc' dir='ltr'>οὕτω</span> <span class='ocrx_word' id='word_1_138' title='bbox 1622 1483 1824 1554; x_wconf 80' lang='grc' dir='ltr'>λεπτῆς</span> 
     </span>
    </p>
   </div>
   <div class='ocr_carea' id='block_1_19' title="bbox 248 1596 926 1672">
    <p class='ocr_par' dir='ltr' id='par_1_19' title="bbox 248 1596 926 1672">
     <span class='ocr_line' id='line_1_19' title="bbox 248 1596 926 1672; baseline -0.013 -16"><span class='ocrx_word' id='word_1_139' title='bbox 248 1599 524 1672; x_wconf 74' lang='grc' dir='ltr'>ἀγχινοίας</span> <span class='ocrx_word' id='word_1_140' title='bbox 555 1596 926 1664; x_wconf 75' lang='grc' dir='ltr'>ἐπαινέσαιμι.</span> 
     </span>
    </p>
   </div>
   <div class='ocr_carea' id='block_1_20' title="bbox 1906 370 3480 451">
    <p class='ocr_par' dir='ltr' id='par_1_20' title="bbox 1906 370 3480 451">
     <span class='ocr_line' id='line_1_20' title="bbox 1906 370 3480 451; baseline -0.017 -1"><span class='ocrx_word' id='word_1_141' title='bbox 1906 402 2053 450; x_wconf 79' lang='lat' dir='ltr'><strong>vent.</strong></span> <span class='ocrx_word' id='word_1_142' title='bbox 2097 389 2351 448; x_wconf 90' lang='lat' dir='ltr'><strong>Secundo</strong></span> <span class='ocrx_word' id='word_1_143' title='bbox 2404 387 2526 442; x_wconf 86' lang='lat' dir='ltr'><strong>loco</strong></span> <span class='ocrx_word' id='word_1_144' title='bbox 2557 384 2752 439; x_wconf 77' lang='lat' dir='ltr'><strong>Ruben</strong></span> <span class='ocrx_word' id='word_1_145' title='bbox 2780 390 2837 436; x_wconf 91' lang='lat' dir='ltr'><strong>et</strong></span> <span class='ocrx_word' id='word_1_146' title='bbox 2871 374 3281 451; x_wconf 56' lang='lat' dir='ltr'><strong>ejuscomi&#39;tes;</strong></span> <span class='ocrx_word' id='word_1_147' title='bbox 3315 370 3480 427; x_wconf 90' lang='lat' dir='ltr'><strong>tertio</strong></span> 
     </span>
    </p>
   </div>
   <div class='ocr_carea' id='block_1_21' title="bbox 1907 464 3485 549">
    <p class='ocr_par' dir='ltr' id='par_1_21' title="bbox 1907 464 3485 549">
     <span class='ocr_line' id='line_1_21' title="bbox 1907 464 3485 549; baseline -0.013 -15"><span class='ocrx_word' id='word_1_148' title='bbox 1907 494 2117 544; x_wconf 81' lang='lat' dir='ltr'><strong>rursus,</strong></span> <span class='ocrx_word' id='word_1_149' title='bbox 2143 477 2238 549; x_wconf 89' lang='lat' dir='ltr'><strong>qui</strong></span> <span class='ocrx_word' id='word_1_150' title='bbox 2261 491 2292 530; x_wconf 87' lang='lat' dir='ltr'><strong>e</strong></span> <span class='ocrx_word' id='word_1_151' title='bbox 2313 474 2490 530; x_wconf 88' lang='lat' dir='ltr'><strong>libera</strong></span> <span class='ocrx_word' id='word_1_152' title='bbox 2513 480 2665 536; x_wconf 76' lang='lat' dir='ltr'><strong>sunt,</strong></span> <span class='ocrx_word' id='word_1_153' title='bbox 2686 477 2808 539; x_wconf 92' lang='lat' dir='ltr'><strong>post</strong></span> <span class='ocrx_word' id='word_1_154' title='bbox 2832 468 2933 522; x_wconf 90' lang='lat' dir='ltr'><strong>hos</strong></span> <span class='ocrx_word' id='word_1_155' title='bbox 2953 464 3136 521; x_wconf 63' lang='lat' dir='ltr'><strong>caeteri</strong></span> <span class='ocrx_word' id='word_1_156' title='bbox 3162 473 3274 518; x_wconf 86' lang='lat' dir='ltr'><strong>tres</strong></span> <span class='ocrx_word' id='word_1_157' title='bbox 3292 476 3361 516; x_wconf 84' lang='lat' dir='ltr'><strong>ex</strong></span> <span class='ocrx_word' id='word_1_158' title='bbox 3387 475 3485 515; x_wconf 76' lang='lat' dir='ltr'><strong>an-</strong></span> 
     </span>
    </p>
   </div>
   <div class='ocr_carea' id='block_1_22' title="bbox 1909 553 3489 641">
    <p class='ocr_par' dir='ltr' id='par_1_22' title="bbox 1909 553 3489 641">
     <span class='ocr_line' id='line_1_22' title="bbox 1909 553 3489 641; baseline -0.015 -13"><span class='ocrx_word' id='word_1_159' title='bbox 1909 572 2070 637; x_wconf 91' lang='lat' dir='ltr'><strong>cillis,</strong></span> <span class='ocrx_word' id='word_1_160' title='bbox 2099 571 2169 626; x_wconf 88' lang='lat' dir='ltr'><strong>de</strong></span> <span class='ocrx_word' id='word_1_161' title='bbox 2191 568 2392 641; x_wconf 86' lang='lat' dir='ltr'><strong>quibus</strong></span> <span class='ocrx_word' id='word_1_162' title='bbox 2420 565 2629 621; x_wconf 89' lang='lat' dir='ltr'><strong>dictum</strong></span> <span class='ocrx_word' id='word_1_163' title='bbox 2650 571 2736 618; x_wconf 88' lang='lat' dir='ltr'><strong>est</strong></span> <span class='ocrx_word' id='word_1_164' title='bbox 2764 579 2779 614; x_wconf 17' lang='lat'><strong>:1</strong></span> <span class='ocrx_word' id='word_1_165' title='bbox 2813 579 2832 612; x_wconf 75' lang='grc' dir='ltr'><strong>ι</strong></span> <span class='ocrx_word' id='word_1_166' title='bbox 2860 556 3101 614; x_wconf 76' lang='lat' dir='ltr'><strong>Extremi</strong></span> <span class='ocrx_word' id='word_1_167' title='bbox 3128 553 3489 626; x_wconf 64' lang='lat' dir='ltr'><strong>proﬂciscem</strong></span> 
     </span>
    </p>
   </div>
   <div class='ocr_carea' id='block_1_23' title="bbox 1911 647 3483 731">
    <p class='ocr_par' dir='ltr' id='par_1_23' title="bbox 1911 647 3483 731">
     <span class='ocr_line' id='line_1_23' title="bbox 1911 647 3483 731; baseline -0.014 -11"><span class='ocrx_word' id='word_1_168' title='bbox 1911 676 2021 720; x_wconf 90' lang='lat' dir='ltr'><strong>tur.</strong></span> <span class='ocrx_word' id='word_1_169' title='bbox 2065 685 2082 716; x_wconf 74' lang='grc' dir='ltr'><strong>ι</strong></span> <span class='ocrx_word' id='word_1_170' title='bbox 2120 663 2317 718; x_wconf 85' lang='lat' dir='ltr'><strong>Annon</strong></span> <span class='ocrx_word' id='word_1_171' title='bbox 2361 658 2713 731; x_wconf 85' lang='lat' dir='ltr'><strong>perspicuum</strong></span> <span class='ocrx_word' id='word_1_172' title='bbox 2743 660 2846 718; x_wconf 87' lang='lat' dir='ltr'><strong>est,</strong></span> <span class='ocrx_word' id='word_1_173' title='bbox 2881 667 2944 707; x_wconf 89' lang='lat' dir='ltr'><strong>ac</strong></span> <span class='ocrx_word' id='word_1_174' title='bbox 2974 649 3199 704; x_wconf 89' lang='lat' dir='ltr'><strong>minime</strong></span> <span class='ocrx_word' id='word_1_175' title='bbox 3230 647 3483 708; x_wconf 87' lang='lat' dir='ltr'><strong>dubium,</strong></span> 
     </span>
    </p>
   </div>
   <div class='ocr_carea' id='block_1_24' title="bbox 1911 739 3486 818">
    <p class='ocr_par' dir='ltr' id='par_1_24' title="bbox 1911 739 3486 818">
     <span class='ocr_line' id='line_1_24' title="bbox 1911 739 3486 818; baseline -0.013 -9"><span class='ocrx_word' id='word_1_176' title='bbox 1911 753 2209 810; x_wconf 78' lang='lat' dir='ltr'><strong>antelatum</strong></span> <span class='ocrx_word' id='word_1_177' title='bbox 2231 766 2352 807; x_wconf 85' lang='lat' dir='ltr'><strong>esse</strong></span> <span class='ocrx_word' id='word_1_178' title='bbox 2377 765 2502 805; x_wconf 90' lang='lat' dir='ltr'><strong>eum</strong></span> <span class='ocrx_word' id='word_1_179' title='bbox 2532 743 2918 818; x_wconf 87' lang='lat' dir='ltr'><strong>primogenito,</strong></span> <span class='ocrx_word' id='word_1_180' title='bbox 2949 755 3014 796; x_wconf 87' lang='lat' dir='ltr'><strong>ac</strong></span> <span class='ocrx_word' id='word_1_181' title='bbox 3039 739 3190 809; x_wconf 89' lang='lat' dir='ltr'><strong>prius</strong></span> <span class='ocrx_word' id='word_1_182' title='bbox 3210 746 3486 797; x_wconf 85' lang='lat' dir='ltr'><strong>vocatum,</strong></span> 
     </span>
    </p>
   </div>
   <div class='ocr_carea' id='block_1_25' title="bbox 1913 828 3492 917">
    <p class='ocr_par' dir='ltr' id='par_1_25' title="bbox 1913 828 3492 917">
     <span class='ocr_line' id='line_1_25' title="bbox 1913 828 3492 917; baseline -0.013 -16"><span class='ocrx_word' id='word_1_183' title='bbox 1913 846 2007 917; x_wconf 88' lang='lat' dir='ltr'><strong>qui</strong></span> <span class='ocrx_word' id='word_1_184' title='bbox 2038 843 2312 900; x_wconf 90' lang='lat' dir='ltr'><strong>secundus</strong></span> <span class='ocrx_word' id='word_1_185' title='bbox 2344 849 2447 905; x_wconf 88' lang='lat' dir='ltr'><strong>est,</strong></span> <span class='ocrx_word' id='word_1_186' title='bbox 2480 837 2643 910; x_wconf 61' lang='grc'><strong>3⁵14¹</strong></span> <span class='ocrx_word' id='word_1_187' title='bbox 2683 835 2920 908; x_wconf 89' lang='lat' dir='ltr'><strong>populus</strong></span> <span class='ocrx_word' id='word_1_188' title='bbox 2960 832 3244 894; x_wconf 87' lang='lat' dir='ltr'><strong>nimirum,</strong></span> <span class='ocrx_word' id='word_1_189' title='bbox 3282 828 3376 898; x_wconf 90' lang='lat' dir='ltr'><strong>qui</strong></span> <span class='ocrx_word' id='word_1_190' title='bbox 3405 835 3492 883; x_wconf 89' lang='lat' dir='ltr'><strong>est</strong></span> 
     </span>
    </p>
   </div>
   <div class='ocr_carea' id='block_1_26' title="bbox 1915 918 3492 1002">
    <p class='ocr_par' dir='ltr' id='par_1_26' title="bbox 1915 918 3492 1002">
     <span class='ocr_line' id='line_1_26' title="bbox 1915 918 3492 1002; baseline -0.015 -7"><span class='ocrx_word' id='word_1_191' title='bbox 1915 940 1971 994; x_wconf 92' lang='lat' dir='ltr'><strong>in</strong></span> <span class='ocrx_word' id='word_1_192' title='bbox 1989 937 2231 1002; x_wconf 82' lang='lat' dir='ltr'><strong>Christo,</strong></span> <span class='ocrx_word' id='word_1_193' title='bbox 2253 945 2309 990; x_wconf 91' lang='lat' dir='ltr'><strong>et</strong></span> <span class='ocrx_word' id='word_1_194' title='bbox 2335 935 2572 989; x_wconf 89' lang='lat' dir='ltr'><strong>liberum</strong></span> <span class='ocrx_word' id='word_1_195' title='bbox 2596 946 2697 1002; x_wconf 89' lang='lat' dir='ltr'><strong>per</strong></span> <span class='ocrx_word' id='word_1_196' title='bbox 2720 929 2883 983; x_wconf 86' lang='lat' dir='ltr'><strong>ﬁdem</strong></span> <span class='ocrx_word' id='word_1_197' title='bbox 2907 924 3251 998; x_wconf 89' lang='lat' dir='ltr'><strong>pr0positum</strong></span> <span class='ocrx_word' id='word_1_198' title='bbox 3280 920 3367 984; x_wconf 90' lang='lat' dir='ltr'><strong>iis,</strong></span> <span class='ocrx_word' id='word_1_199' title='bbox 3393 918 3492 988; x_wconf 90' lang='lat' dir='ltr'><strong>qui</strong></span> 
     </span>
    </p>
   </div>
   <div class='ocr_carea' id='block_1_27' title="bbox 1869 1009 3494 1090">
    <p class='ocr_par' dir='ltr' id='par_1_27' title="bbox 1869 1009 3494 1090">
     <span class='ocr_line' id='line_1_27' title="bbox 1869 1009 3494 1090; baseline -0.015 -3"><span class='ocrx_word' id='word_1_200' title='bbox 1869 1078 1871 1080; x_wconf 89' lang='lat'><strong>.</strong></span> <span class='ocrx_word' id='word_1_201' title='bbox 1917 1047 1946 1086; x_wconf 92' lang='lat' dir='ltr'><strong>e</strong></span> <span class='ocrx_word' id='word_1_202' title='bbox 1974 1045 2129 1085; x_wconf 86' lang='lat' dir='ltr'><strong>serva</strong></span> <span class='ocrx_word' id='word_1_203' title='bbox 2152 1037 2282 1083; x_wconf 86' lang='lat' dir='ltr'><strong>sunt</strong></span> <span class='ocrx_word' id='word_1_204' title='bbox 2300 1025 2447 1080; x_wconf 86' lang='lat' dir='ltr'><strong>nati?</strong></span> <span class='ocrx_word' id='word_1_205' title='bbox 2467 1014 2550 1080; x_wconf 80' lang='lat' dir='ltr'><strong>Illi</strong></span> <span class='ocrx_word' id='word_1_206' title='bbox 2567 1023 2716 1078; x_wconf 87' lang='lat' dir='ltr'><strong>enim</strong></span> <span class='ocrx_word' id='word_1_207' title='bbox 2743 1018 3066 1090; x_wconf 67' lang='lat' dir='ltr'><strong>praecedunt</strong></span> <span class='ocrx_word' id='word_1_208' title='bbox 3086 1021 3312 1086; x_wconf 82' lang='lat' dir='ltr'><strong>propter</strong></span> <span class='ocrx_word' id='word_1_209' title='bbox 3335 1009 3494 1067; x_wconf 83' lang='lat' dir='ltr'><strong>Chri-</strong></span> 
     </span>
    </p>
   </div>
   <div class='ocr_carea' id='block_1_28' title="bbox 1918 1101 3496 1188">
    <p class='ocr_par' dir='ltr' id='par_1_28' title="bbox 1918 1101 3496 1188">
     <span class='ocr_line' id='line_1_28' title="bbox 1918 1101 3496 1188; baseline -0.013 -12"><span class='ocrx_word' id='word_1_210' title='bbox 1918 1129 2083 1185; x_wconf 87' lang='lat' dir='ltr'><strong>stum,</strong></span> <span class='ocrx_word' id='word_1_211' title='bbox 2109 1119 2204 1188; x_wconf 91' lang='lat' dir='ltr'><strong>qui</strong></span> <span class='ocrx_word' id='word_1_212' title='bbox 2240 1133 2308 1172; x_wconf 83' lang='lat' dir='ltr'><strong>ex</strong></span> <span class='ocrx_word' id='word_1_213' title='bbox 2342 1129 2541 1188; x_wconf 77' lang='lat' dir='ltr'><strong>genere</strong></span> <span class='ocrx_word' id='word_1_214' title='bbox 2565 1113 2704 1170; x_wconf 82' lang='lat' dir='ltr'><strong>Juda</strong></span> <span class='ocrx_word' id='word_1_215' title='bbox 2737 1119 2899 1167; x_wconf 86' lang='lat' dir='ltr'><strong>natus</strong></span> <span class='ocrx_word' id='word_1_216' title='bbox 2931 1116 3044 1174; x_wconf 88' lang='lat' dir='ltr'><strong>est;</strong></span> <span class='ocrx_word' id='word_1_217' title='bbox 3086 1105 3143 1160; x_wconf 89' lang='lat' dir='ltr'><strong>hi</strong></span> <span class='ocrx_word' id='word_1_218' title='bbox 3167 1119 3298 1160; x_wconf 84' lang='lat' dir='ltr'><strong>vero</strong></span> <span class='ocrx_word' id='word_1_219' title='bbox 3333 1101 3427 1157; x_wconf 78' lang='lat' dir='ltr'><strong>vix</strong></span> <span class='ocrx_word' id='word_1_220' title='bbox 3464 1115 3496 1155; x_wconf 91' lang='lat' dir='ltr'><strong>a</strong></span> 
     </span>
    </p>
   </div>
   <div class='ocr_carea' id='block_1_29' title="bbox 1921 1189 3289 1283">
    <p class='ocr_par' dir='ltr' id='par_1_29' title="bbox 1921 1189 3289 1283">
     <span class='ocr_line' id='line_1_29' title="bbox 1921 1189 3289 1283; baseline -0.012 -16"><span class='ocrx_word' id='word_1_221' title='bbox 1921 1221 2070 1283; x_wconf 87' lang='lat' dir='ltr'><strong>tergo</strong></span> <span class='ocrx_word' id='word_1_222' title='bbox 2095 1217 2425 1280; x_wconf 88' lang='lat' dir='ltr'><strong>sequuntur,</strong></span> <span class='ocrx_word' id='word_1_223' title='bbox 2451 1215 2508 1262; x_wconf 88' lang='lat' dir='ltr'><strong>et</strong></span> <span class='ocrx_word' id='word_1_224' title='bbox 2529 1203 2770 1261; x_wconf 90' lang='lat' dir='ltr'><strong>secundo</strong></span> <span class='ocrx_word' id='word_1_225' title='bbox 2799 1202 2922 1258; x_wconf 92' lang='lat' dir='ltr'><strong>loco</strong></span> <span class='ocrx_word' id='word_1_226' title='bbox 2946 1189 3108 1271; x_wconf 84' lang='lat' dir='ltr'><strong>positi</strong></span> <span class='ocrx_word' id='word_1_227' title='bbox 3134 1203 3289 1254; x_wconf 87' lang='lat' dir='ltr'><strong>sunt.</strong></span> 
     </span>
    </p>
   </div>
   <div class='ocr_carea' id='block_1_30' title="bbox 1994 1462 3498 1538">
    <p class='ocr_par' dir='ltr' id='par_1_30' title="bbox 1994 1462 3498 1538">
     <span class='ocr_line' id='line_1_30' title="bbox 1994 1462 3498 1538; baseline -0.014 -1"><span class='ocrx_word' id='word_1_228' title='bbox 1994 1480 2190 1538; x_wconf 83' lang='lat' dir='ltr'><strong>PALL.</strong></span> <span class='ocrx_word' id='word_1_229' title='bbox 2219 1475 2541 1534; x_wconf 80' lang='lat' dir='ltr'><strong>Rectissime</strong></span> <span class='ocrx_word' id='word_1_230' title='bbox 2573 1488 2703 1528; x_wconf 86' lang='lat' dir='ltr'><strong>sane</strong></span> <span class='ocrx_word' id='word_1_231' title='bbox 2728 1471 2936 1527; x_wconf 89' lang='lat' dir='ltr'><strong>dictum</strong></span> <span class='ocrx_word' id='word_1_232' title='bbox 2961 1475 3066 1532; x_wconf 85' lang='lat' dir='ltr'><strong>est,</strong></span> <span class='ocrx_word' id='word_1_233' title='bbox 3104 1483 3166 1520; x_wconf 84' lang='lat' dir='ltr'><strong>ac</strong></span> <span class='ocrx_word' id='word_1_234' title='bbox 3189 1474 3334 1519; x_wconf 90' lang='lat' dir='ltr'><strong>tuam</strong></span> <span class='ocrx_word' id='word_1_235' title='bbox 3361 1462 3498 1517; x_wconf 85' lang='lat' dir='ltr'><strong>adeo</strong></span> 
     </span>
    </p>
   </div>
   <div class='ocr_carea' id='block_1_31' title="bbox 1927 1564 2838 1641">
    <p class='ocr_par' dir='ltr' id='par_1_31' title="bbox 1927 1564 2838 1641">
     <span class='ocr_line' id='line_1_31' title="bbox 1927 1564 2838 1641; baseline -0.014 -11"><span class='ocrx_word' id='word_1_236' title='bbox 1927 1573 2181 1631; x_wconf 87' lang='lat' dir='ltr'><strong>subtilem</strong></span> <span class='ocrx_word' id='word_1_237' title='bbox 2205 1569 2556 1641; x_wconf 87' lang='lat' dir='ltr'><strong>prudentiam</strong></span> <span class='ocrx_word' id='word_1_238' title='bbox 2579 1564 2838 1622; x_wconf 83' lang='lat' dir='ltr'><strong>admiror.</strong></span> 
     </span>
    </p>
   </div>
   <div class='ocr_carea' id='block_1_32' title="bbox 253 1761 3494 1858">
    <p class='ocr_par' dir='ltr' id='par_1_32' title="bbox 253 1761 3494 1858">
     <span class='ocr_line' id='line_1_32' title="bbox 253 1761 3494 1858; baseline -0.016 -6"><span class='ocrx_word' id='word_1_239' title='bbox 253 1761 3494 1858; x_wconf 51' lang='grc' dir='ltr'>Μ</span> 
     </span>
    </p>
   </div>
   <div class='ocr_carea' id='block_1_33' title="bbox 840 1968 2940 2135">
    <p class='ocr_par' dir='ltr' id='par_1_33' title="bbox 840 1968 2940 2135">
     <span class='ocr_line' id='line_1_33' title="bbox 840 1968 2940 2135; baseline -0.016 1"><span class='ocrx_word' id='word_1_240' title='bbox 840 2003 1238 2135; x_wconf 89' lang='grc' dir='ltr'><strong>ΠΕΡΙ</strong></span> <span class='ocrx_word' id='word_1_241' title='bbox 1335 1992 1678 2125; x_wconf 88' lang='grc' dir='ltr'><strong>ΤΗΣ</strong></span> <span class='ocrx_word' id='word_1_242' title='bbox 1761 1987 1967 2116; x_wconf 87' lang='grc' dir='ltr'><strong>ΕΝ</strong></span> <span class='ocrx_word' id='word_1_243' title='bbox 2060 1968 2940 2114; x_wconf 85' lang='grc' dir='ltr'><strong>ΠΝΕΥΜΑΤΙ</strong></span> 
     </span>
    </p>
   </div>
   <div class='ocr_carea' id='block_1_34' title="bbox 1521 2243 2277 2339">
    <p class='ocr_par' dir='ltr' id='par_1_34' title="bbox 1521 2243 2277 2339">
     <span class='ocr_line' id='line_1_34' title="bbox 1521 2243 2277 2339; baseline -0.017 1"><span class='ocrx_word' id='word_1_244' title='bbox 1521 2251 1712 2339; x_wconf 86' lang='grc' dir='ltr'><strong>ΚΑΙ</strong></span> <span class='ocrx_word' id='word_1_245' title='bbox 1783 2243 2277 2333; x_wconf 83' lang='grc' dir='ltr'><strong>ΑΛΗΘΕΙΑ</strong></span> 
     </span>
    </p>
   </div>
   <div class='ocr_carea' id='block_1_35' title="bbox 671 2408 3130 2607">
    <p class='ocr_par' dir='ltr' id='par_1_35' title="bbox 671 2408 3130 2607">
     <span class='ocr_line' id='line_1_35' title="bbox 671 2408 3130 2607; baseline -0.018 1"><span class='ocrx_word' id='word_1_246' title='bbox 671 2471 1892 2607; x_wconf 79' lang='grc' dir='ltr'><strong>ΠΡΟΣΚΥΝΗΣΕΩΣ</strong></span> <span class='ocrx_word' id='word_1_247' title='bbox 2002 2408 2281 2578; x_wconf 81' lang='lat' dir='ltr'><strong>KAI</strong></span> <span class='ocrx_word' id='word_1_248' title='bbox 2391 2451 3130 2575; x_wconf 81' lang='grc' dir='ltr'><strong>ΑΑΤΡΕΙΑΣ</strong></span> 
     </span>
    </p>
   </div>
   <div class='ocr_carea' id='block_1_36' title="bbox 1301 2679 2542 2786">
    <p class='ocr_par' dir='ltr' id='par_1_36' title="bbox 1301 2679 2542 2786">
     <span class='ocr_line' id='line_1_36' title="bbox 1301 2679 2542 2786; baseline -0.023 1"><span class='ocrx_word' id='word_1_249' title='bbox 1301 2688 1304 2691; x_wconf 54' lang='grc'><strong>’</strong></span> <span class='ocrx_word' id='word_1_250' title='bbox 1341 2693 1706 2786; x_wconf 87' lang='grc' dir='ltr'><strong>ΛΟΓΟΣ</strong></span> <span class='ocrx_word' id='word_1_251' title='bbox 1795 2679 2486 2777; x_wconf 82' lang='grc' dir='ltr'><strong>ΕΝΔΕΚΑΤΟΣ.</strong></span> <span class='ocrx_word' id='word_1_252' title='bbox 2540 2749 2542 2751; x_wconf 89' lang='lat'>.</span> 
     </span>
    </p>
   </div>
   <div class='ocr_carea' id='block_1_37' title="bbox 334 2939 3506 3180">
    <p class='ocr_par' dir='ltr' id='par_1_37' title="bbox 334 2939 3506 3180">
     <span class='ocr_line' id='line_1_37' title="bbox 334 2939 3506 3180; baseline -0.02 1"><span class='ocrx_word' id='word_1_253' title='bbox 334 3065 519 3180; x_wconf 91' lang='lat' dir='ltr'><strong>DE</strong></span> <span class='ocrx_word' id='word_1_254' title='bbox 646 3044 1565 3176; x_wconf 83' lang='lat' dir='ltr'><strong>ADORATIONE</strong></span> <span class='ocrx_word' id='word_1_255' title='bbox 1681 3039 1863 3152; x_wconf 87' lang='lat' dir='ltr'>ET</span> <span class='ocrx_word' id='word_1_256' title='bbox 1996 3027 2476 3150; x_wconf 85' lang='lat' dir='ltr'><strong>CULTU</strong></span> <span class='ocrx_word' id='word_1_257' title='bbox 2607 3017 2751 3132; x_wconf 92' lang='lat' dir='ltr'><strong>1N</strong></span> <span class='ocrx_word' id='word_1_258' title='bbox 2883 3007 3453 3126; x_wconf 81' lang='lat' dir='ltr'><strong>SPIRITU</strong></span> 
     </span>
    </p>
   </div>
   <div class='ocr_carea' id='block_1_38' title="bbox 1472 3279 2369 3403">
    <p class='ocr_par' dir='ltr' id='par_1_38' title="bbox 1472 3279 2369 3403">
     <span class='ocr_line' id='line_1_38' title="bbox 1472 3279 2369 3403; baseline -0.021 0"><span class='ocrx_word' id='word_1_259' title='bbox 1472 3297 1634 3403; x_wconf 88' lang='lat' dir='ltr'><strong>ET</strong></span> <span class='ocrx_word' id='word_1_260' title='bbox 1710 3279 2369 3398; x_wconf 79' lang='lat' dir='ltr'><strong>VERITATE</strong></span> 
     </span>
    </p>
   </div>
   <div class='ocr_carea' id='block_1_39' title="bbox 1379 3497 2554 3602">
    <p class='ocr_par' dir='ltr' id='par_1_39' title="bbox 1379 3497 2554 3602">
     <span class='ocr_line' id='line_1_39' title="bbox 1379 3497 2554 3602; baseline -0.022 -2"><span class='ocrx_word' id='word_1_261' title='bbox 1379 3515 1732 3602; x_wconf 80' lang='lat' dir='ltr'><strong>LIBER</strong></span> <span class='ocrx_word' id='word_1_262' title='bbox 1814 3497 2554 3593; x_wconf 86' lang='lat' dir='ltr'><strong>UNDECIMUS.</strong></span> 
     </span>
    </p>
   </div>
   <div class='ocr_carea' id='block_1_40' title="bbox 285 3842 2250 3944">
    <p class='ocr_par' dir='ltr' id='par_1_40' title="bbox 285 3842 2250 3944">
     <span class='ocr_line' id='line_1_40' title="bbox 285 3842 2250 3944; baseline -0.019 -13"><span class='ocrx_word' id='word_1_263' title='bbox 285 3872 421 3943; x_wconf 75' lang='grc' dir='ltr'>Περὶ</span> <span class='ocrx_word' id='word_1_264' title='bbox 445 3867 797 3944; x_wconf 76' lang='grc' dir='ltr'>ίερωσύνης,</span> <span class='ocrx_word' id='word_1_265' title='bbox 827 3861 927 3944; x_wconf 62' lang='grc' dir='ltr'>καὶ</span> <span class='ocrx_word' id='word_1_266' title='bbox 961 3862 1051 3944; x_wconf 63' lang='grc' dir='ltr'><strong>ότι</strong></span> <span class='ocrx_word' id='word_1_267' title='bbox 1068 3863 1289 3944; x_wconf 40' lang='grc' dir='ltr'>*τύπος</span> <span class='ocrx_word' id='word_1_268' title='bbox 1305 3855 1384 3929; x_wconf 76' lang='grc' dir='ltr'><strong>ἦν</strong></span> <span class='ocrx_word' id='word_1_269' title='bbox 1423 3859 1460 3926; x_wconf 76' lang='grc' dir='ltr'><strong><em>ἠ</em></strong></span> <span class='ocrx_word' id='word_1_270' title='bbox 1497 3853 1647 3910; x_wconf 83' lang='grc' dir='ltr'>κατὰ</span> <span class='ocrx_word' id='word_1_271' title='bbox 1675 3852 1862 3921; x_wconf 80' lang='grc' dir='ltr'>νόμον</span> <span class='ocrx_word' id='word_1_272' title='bbox 1890 3855 1935 3911; x_wconf 89' lang='grc' dir='ltr'><strong>Β</strong></span> <span class='ocrx_word' id='word_1_273' title='bbox 1963 3845 2123 3919; x_wconf 79' lang='lat'><strong>375</strong></span> <span class='ocrx_word' id='word_1_274' title='bbox 2173 3842 2250 3896; x_wconf 85' lang='lat' dir='ltr'><strong>De</strong></span> 
     </span>
    </p>
   </div>
   <div class='ocr_carea' id='block_1_41' title="bbox 828 3934 1319 4003">
    <p class='ocr_par' dir='ltr' id='par_1_41' title="bbox 828 3934 1319 4003">
     <span class='ocr_line' id='line_1_41' title="bbox 828 3934 1319 4003; baseline -0.012 -15"><span class='ocrx_word' id='word_1_275' title='bbox 828 3934 938 4003; x_wconf 84' lang='grc' dir='ltr'>τῆς</span> <span class='ocrx_word' id='word_1_276' title='bbox 964 3934 1033 3987; x_wconf 76' lang='grc' dir='ltr'><strong>ὲν</strong></span> <span class='ocrx_word' id='word_1_277' title='bbox 1062 3934 1319 4003; x_wconf 82' lang='grc' dir='ltr'>Χριστῷ.</span> 
     </span>
    </p>
   </div>
   <div class='ocr_carea' id='block_1_42' title="bbox 358 4061 1866 4143">
    <p class='ocr_par' dir='ltr' id='par_1_42' title="bbox 358 4061 1866 4143">
     <span class='ocr_line' id='line_1_42' title="bbox 358 4061 1866 4143; baseline -0.014 -12"><span class='ocrx_word' id='word_1_278' title='bbox 358 4076 524 4131; x_wconf 81' lang='grc' dir='ltr'>ΚΥΡ.</span> <span class='ocrx_word' id='word_1_279' title='bbox 543 4070 762 4143; x_wconf 62' lang='grc' dir='ltr'><strong>Σηνῆς</strong></span> <span class='ocrx_word' id='word_1_280' title='bbox 786 4069 883 4141; x_wconf 82' lang='grc' dir='ltr'>μὲν</span> <span class='ocrx_word' id='word_1_281' title='bbox 906 4069 971 4139; x_wconf 84' lang='grc' dir='ltr'>δὴ</span> <span class='ocrx_word' id='word_1_282' title='bbox 994 4067 1123 4140; x_wconf 86' lang='grc' dir='ltr'>πέρι</span> <span class='ocrx_word' id='word_1_283' title='bbox 1147 4064 1240 4122; x_wconf 80' lang='grc' dir='ltr'><strong>καὶ</strong></span> <span class='ocrx_word' id='word_1_284' title='bbox 1257 4065 1365 4118; x_wconf 86' lang='grc' dir='ltr'><strong>τῶν</strong></span> <span class='ocrx_word' id='word_1_285' title='bbox 1395 4064 1481 4116; x_wconf 75' lang='grc' dir='ltr'><strong>ἐπ’</strong></span> <span class='ocrx_word' id='word_1_286' title='bbox 1504 4061 1642 4132; x_wconf 82' lang='grc' dir='ltr'>αὐτῇ</span> <span class='ocrx_word' id='word_1_287' title='bbox 1665 4074 1866 4129; x_wconf 87' lang='grc' dir='ltr'>κεχρη-</span> 
     </span>
    </p>
   </div>
   <div class='ocr_carea' id='block_1_43' title="bbox 292 4149 1870 4241">
    <p class='ocr_par' dir='ltr' id='par_1_43' title="bbox 292 4149 1870 4241">
     <span class='ocr_line' id='line_1_43' title="bbox 292 4149 1870 4241; baseline -0.015 -17"><span class='ocrx_word' id='word_1_288' title='bbox 292 4166 684 4241; x_wconf 78' lang='grc' dir='ltr'>σμῳδημένων,</span> <span class='ocrx_word' id='word_1_289' title='bbox 735 4159 995 4232; x_wconf 86' lang='grc' dir='ltr'>ἀποχρῶν</span> <span class='ocrx_word' id='word_1_290' title='bbox 1026 4159 1156 4230; x_wconf 82' lang='grc' dir='ltr'>ἡμῖν</span> <span class='ocrx_word' id='word_1_291' title='bbox 1195 4150 1254 4211; x_wconf 77' lang='grc' dir='ltr'>εὖ</span> <span class='ocrx_word' id='word_1_292' title='bbox 1302 4154 1449 4226; x_wconf 80' lang='grc' dir='ltr'>μάλα</span> <span class='ocrx_word' id='word_1_293' title='bbox 1496 4151 1592 4208; x_wconf 70' lang='grc' dir='ltr'><strong>καὶ</strong></span> <span class='ocrx_word' id='word_1_294' title='bbox 1640 4149 1870 4212; x_wconf 78' lang='grc' dir='ltr'>ἀστείως</span> 
     </span>
    </p>
   </div>
   <div class='ocr_carea' id='block_1_44' title="bbox 292 4240 1872 4329">
    <p class='ocr_par' dir='ltr' id='par_1_44' title="bbox 292 4240 1872 4329">
     <span class='ocr_line' id='line_1_44' title="bbox 292 4240 1872 4329; baseline -0.016 -13"><span class='ocrx_word' id='word_1_295' title='bbox 292 4240 459 4327; x_wconf 78' lang='grc' dir='ltr'>ἀπεξε</span> <span class='ocrx_word' id='word_1_296' title='bbox 466 4257 662 4329; x_wconf 85' lang='grc' dir='ltr'>σμένος</span> <span class='ocrx_word' id='word_1_297' title='bbox 674 4256 753 4318; x_wconf 82' lang='grc' dir='ltr'><strong>είς</strong></span> <span class='ocrx_word' id='word_1_298' title='bbox 773 4253 1060 4324; x_wconf 79' lang='grc' dir='ltr'>ἰσχνότητα</span> <span class='ocrx_word' id='word_1_299' title='bbox 1071 4250 1170 4319; x_wconf 82' lang='grc' dir='ltr'>τὴν</span> <span class='ocrx_word' id='word_1_300' title='bbox 1187 4264 1318 4302; x_wconf 88' lang='grc' dir='ltr'>πνευ</span> <span class='ocrx_word' id='word_1_301' title='bbox 1328 4245 1561 4318; x_wconf 79' lang='grc' dir='ltr'>ματικὴν</span> <span class='ocrx_word' id='word_1_302' title='bbox 1573 4240 1872 4310; x_wconf 84' lang='grc' dir='ltr'>ὲκπεποίη-</span> 
     </span>
    </p>
   </div>
   <div class='ocr_carea' id='block_1_45' title="bbox 293 4332 1870 4419">
    <p class='ocr_par' dir='ltr' id='par_1_45' title="bbox 293 4332 1870 4419">
     <span class='ocr_line' id='line_1_45' title="bbox 293 4332 1870 4419; baseline -0.016 -12"><span class='ocrx_word' id='word_1_303' title='bbox 293 4369 383 4407; x_wconf 87' lang='grc' dir='ltr'><strong>ται</strong></span> <span class='ocrx_word' id='word_1_304' title='bbox 406 4350 589 4419; x_wconf 86' lang='grc' dir='ltr'>λόγος.</span> <span class='ocrx_word' id='word_1_305' title='bbox 614 4345 823 4417; x_wconf 82' lang='grc' dir='ltr'>Πρέποι</span> <span class='ocrx_word' id='word_1_306' title='bbox 851 4344 896 4398; x_wconf 87' lang='grc' dir='ltr'>δ’</span> <span class='ocrx_word' id='word_1_307' title='bbox 915 4343 1001 4408; x_wconf 82' lang='grc' dir='ltr'><strong>ἂν,</strong></span> <span class='ocrx_word' id='word_1_308' title='bbox 1020 4340 1095 4405; x_wconf 84' lang='grc' dir='ltr'>ὥς</span> <span class='ocrx_word' id='word_1_309' title='bbox 1124 4339 1188 4409; x_wconf 89' lang='grc' dir='ltr'><strong>γέ</strong></span> <span class='ocrx_word' id='word_1_310' title='bbox 1217 4356 1307 4410; x_wconf 91' lang='grc' dir='ltr'><strong>μοι</strong></span> <span class='ocrx_word' id='word_1_311' title='bbox 1334 4336 1606 4406; x_wconf 84' lang='grc' dir='ltr'>φαίνεται,</span> <span class='ocrx_word' id='word_1_312' title='bbox 1630 4332 1870 4404; x_wconf 87' lang='grc' dir='ltr'>συνερεῖς</span> 
     </span>
    </p>
   </div>
   <div class='ocr_carea' id='block_1_46' title="bbox 295 4420 1873 4497">
    <p class='ocr_par' dir='ltr' id='par_1_46' title="bbox 295 4420 1873 4497">
     <span class='ocr_line' id='line_1_46' title="bbox 295 4420 1873 4497; baseline -0.016 0"><span class='ocrx_word' id='word_1_313' title='bbox 295 4443 350 4497; x_wconf 77' lang='grc' dir='ltr'><strong>δέ</strong></span> <span class='ocrx_word' id='word_1_314' title='bbox 385 4457 488 4494; x_wconf 81' lang='grc' dir='ltr'><strong>που</strong></span> <span class='ocrx_word' id='word_1_315' title='bbox 523 4439 618 4493; x_wconf 73' lang='grc' dir='ltr'>καὶ</span> <span class='ocrx_word' id='word_1_316' title='bbox 649 4436 832 4497; x_wconf 75' lang='grc' dir='ltr'>αὐτὸς,</span> <span class='ocrx_word' id='word_1_317' title='bbox 867 4429 960 4486; x_wconf 73' lang='grc' dir='ltr'>οἵδ’</span> <span class='ocrx_word' id='word_1_318' title='bbox 995 4433 1101 4497; x_wconf 85' lang='grc' dir='ltr'>ὅτι,</span> <span class='ocrx_word' id='word_1_319' title='bbox 1149 4428 1258 4482; x_wconf 82' lang='grc' dir='ltr'><strong>τῷν</strong></span> <span class='ocrx_word' id='word_1_320' title='bbox 1300 4423 1602 4496; x_wconf 81' lang='grc' dir='ltr'>ἱερωσύνης</span> <span class='ocrx_word' id='word_1_321' title='bbox 1633 4420 1873 4492; x_wconf 75' lang='grc' dir='ltr'>ἅψασθαι</span> 
     </span>
    </p>
   </div>
   <div class='ocr_carea' id='block_1_47' title="bbox 299 4511 1876 4606">
    <p class='ocr_par' dir='ltr' id='par_1_47' title="bbox 299 4511 1876 4606">
     <span class='ocr_line' id='line_1_47' title="bbox 299 4511 1876 4606; baseline -0.015 -18"><span class='ocrx_word' id='word_1_322' title='bbox 299 4532 496 4606; x_wconf 85' lang='grc' dir='ltr'>γερῶν,</span> <span class='ocrx_word' id='word_1_323' title='bbox 529 4529 653 4582; x_wconf 85' lang='grc' dir='ltr'>τίνα</span> <span class='ocrx_word' id='word_1_324' title='bbox 679 4544 737 4579; x_wconf 89' lang='grc' dir='ltr'><strong>τε</strong></span> <span class='ocrx_word' id='word_1_325' title='bbox 775 4518 840 4580; x_wconf 77' lang='grc' dir='ltr'><strong>αὖ</strong></span> <span class='ocrx_word' id='word_1_326' title='bbox 875 4522 967 4578; x_wconf 82' lang='grc' dir='ltr'><strong>τὸν</strong></span> <span class='ocrx_word' id='word_1_327' title='bbox 1012 4520 1214 4592; x_wconf 89' lang='grc' dir='ltr'>τρόπον</span> <span class='ocrx_word' id='word_1_328' title='bbox 1244 4516 1332 4570; x_wconf 84' lang='grc' dir='ltr'><strong>διὰ</strong></span> <span class='ocrx_word' id='word_1_329' title='bbox 1371 4518 1469 4585; x_wconf 80' lang='grc' dir='ltr'><strong>τῆς</strong></span> <span class='ocrx_word' id='word_1_330' title='bbox 1497 4516 1556 4566; x_wconf 82' lang='grc' dir='ltr'>ἐν</span> <span class='ocrx_word' id='word_1_331' title='bbox 1584 4512 1740 4580; x_wconf 82' lang='grc' dir='ltr'>τύπῳ</span> <span class='ocrx_word' id='word_1_332' title='bbox 1781 4511 1876 4564; x_wconf 75' lang='grc' dir='ltr'>καὶ</span> 
     </span>
    </p>
   </div>
   <div class='ocr_carea' id='block_1_48' title="bbox 268 4603 1876 4693">
    <p class='ocr_par' dir='ltr' id='par_1_48' title="bbox 268 4603 1876 4693">
     <span class='ocr_line' id='line_1_48' title="bbox 268 4603 1876 4693; baseline -0.014 -15"><span class='ocrx_word' id='word_1_333' title='bbox 268 4675 270 4678; x_wconf 76' lang='grc'><strong>,</strong></span> <span class='ocrx_word' id='word_1_334' title='bbox 300 4603 444 4680; x_wconf 65' lang='grc' dir='ltr'>κῖκτὰ</span> <span class='ocrx_word' id='word_1_335' title='bbox 483 4621 649 4693; x_wconf 90' lang='grc' dir='ltr'>νόμον</span> <span class='ocrx_word' id='word_1_336' title='bbox 674 4621 708 4690; x_wconf 83' lang='grc' dir='ltr'><strong>ἡ</strong></span> <span class='ocrx_word' id='word_1_337' title='bbox 739 4613 946 4687; x_wconf 85' lang='grc' dir='ltr'>ἀληθὴς</span> <span class='ocrx_word' id='word_1_338' title='bbox 978 4611 1325 4684; x_wconf 86' lang='grc' dir='ltr'>σημαίνεται,</span> <span class='ocrx_word' id='word_1_339' title='bbox 1365 4605 1511 4660; x_wconf 81' lang='grc' dir='ltr'>τοῦτ’</span> <span class='ocrx_word' id='word_1_340' title='bbox 1554 4603 1720 4670; x_wconf 80' lang='grc' dir='ltr'>ἔστιν,</span> <span class='ocrx_word' id='word_1_341' title='bbox 1754 4605 1788 4673; x_wconf 85' lang='grc' dir='ltr'>ἡ</span> <span class='ocrx_word' id='word_1_342' title='bbox 1819 4603 1876 4656; x_wconf 80' lang='grc' dir='ltr'>ὲν</span> 
     </span>
    </p>
   </div>
   <div class='ocr_carea' id='block_1_49' title="bbox 300 4693 1877 4786">
    <p class='ocr_par' dir='ltr' id='par_1_49' title="bbox 300 4693 1877 4786">
     <span class='ocr_line' id='line_1_49' title="bbox 300 4693 1877 4786; baseline -0.016 -15"><span class='ocrx_word' id='word_1_343' title='bbox 300 4713 524 4786; x_wconf 81' lang='grc' dir='ltr'>Χριστῷ</span> <span class='ocrx_word' id='word_1_344' title='bbox 553 4729 612 4766; x_wconf 89' lang='grc' dir='ltr'><strong>τε</strong></span> <span class='ocrx_word' id='word_1_345' title='bbox 641 4710 737 4765; x_wconf 61' lang='grc' dir='ltr'><strong>καλ¹</strong></span> <span class='ocrx_word' id='word_1_346' title='bbox 765 4708 830 4762; x_wconf 80' lang='grc' dir='ltr'>δι’</span> <span class='ocrx_word' id='word_1_347' title='bbox 869 4705 1034 4760; x_wconf 79' lang='grc' dir='ltr'>αὐτοῦ</span> <span class='ocrx_word' id='word_1_348' title='bbox 1064 4702 1126 4756; x_wconf 83' lang='grc' dir='ltr'><strong>τὸ</strong></span> <span class='ocrx_word' id='word_1_349' title='bbox 1166 4700 1311 4772; x_wconf 77' lang='grc' dir='ltr'>ἱερὸν</span> <span class='ocrx_word' id='word_1_350' title='bbox 1359 4697 1662 4768; x_wconf 80' lang='grc' dir='ltr'>ἁγιάζουσα</span> <span class='ocrx_word' id='word_1_351' title='bbox 1701 4693 1877 4762; x_wconf 88' lang='grc' dir='ltr'>γένος,</span> 
     </span>
    </p>
   </div>
   <div class='ocr_carea' id='block_1_50' title="bbox 303 4783 1878 4876">
    <p class='ocr_par' dir='ltr' id='par_1_50' title="bbox 303 4783 1878 4876">
     <span class='ocr_line' id='line_1_50' title="bbox 303 4783 1878 4876; baseline -0.017 -15"><span class='ocrx_word' id='word_1_352' title='bbox 303 4783 450 4876; x_wconf 72' lang='grc' dir='ltr'>φημὶ</span> <span class='ocrx_word' id='word_1_353' title='bbox 471 4783 532 4856; x_wconf 78' lang='grc' dir='ltr'>δὲ</span> <span class='ocrx_word' id='word_1_354' title='bbox 571 4801 637 4873; x_wconf 81' lang='grc' dir='ltr'>δὴ</span> <span class='ocrx_word' id='word_1_355' title='bbox 677 4798 838 4853; x_wconf 82' lang='grc' dir='ltr'>πάλιν</span> <span class='ocrx_word' id='word_1_356' title='bbox 871 4797 997 4860; x_wconf 87' lang='grc' dir='ltr'>τοὺς</span> <span class='ocrx_word' id='word_1_357' title='bbox 1038 4795 1096 4847; x_wconf 81' lang='grc' dir='ltr'>ὲν</span> <span class='ocrx_word' id='word_1_358' title='bbox 1124 4792 1305 4846; x_wconf 83' lang='grc' dir='ltr'>πίστει</span> <span class='ocrx_word' id='word_1_359' title='bbox 1336 4783 1878 4860; x_wconf 84' lang='grc' dir='ltr'>λελαμπρυσμένους,</span> 
     </span>
    </p>
   </div>
   <div class='ocr_carea' id='block_1_51' title="bbox 306 4875 1881 4966">
    <p class='ocr_par' dir='ltr' id='par_1_51' title="bbox 306 4875 1881 4966">
     <span class='ocr_line' id='line_1_51' title="bbox 306 4875 1881 4966; baseline -0.015 -15"><span class='ocrx_word' id='word_1_360' title='bbox 432 4893 532 4966; x_wconf 82' lang='grc' dir='ltr'>τὴν</span> <span class='ocrx_word' id='word_1_361' title='bbox 557 4893 637 4955; x_wconf 84' lang='grc' dir='ltr'><strong>είς</strong></span> <span class='ocrx_word' id='word_1_362' title='bbox 680 4890 812 4943; x_wconf 79' lang='grc' dir='ltr'>Θεὸν</span> <span class='ocrx_word' id='word_1_363' title='bbox 854 4885 1164 4956; x_wconf 81' lang='grc' dir='ltr'>οἰκειότητα</span> <span class='ocrx_word' id='word_1_364' title='bbox 1201 4878 1668 4950; x_wconf 81' lang='grc' dir='ltr'>πεπλουτηκότας,</span> <span class='ocrx_word' id='word_1_365' title='bbox 1705 4875 1793 4931; x_wconf 80' lang='grc' dir='ltr'>διά</span> <span class='ocrx_word' id='word_1_366' title='bbox 1817 4891 1881 4943; x_wconf 88' lang='grc' dir='ltr'><strong>γε</strong></span> 
     </span>
    </p>
   </div>
   <div class='ocr_carea' id='block_1_52' title="bbox 309 4975 1320 5058">
    <p class='ocr_par' dir='ltr' id='par_1_52' title="bbox 309 4975 1320 5058">
     <span class='ocr_line' id='line_1_52' title="bbox 309 4975 1320 5058; baseline -0.017 -14"><span class='ocrx_word' id='word_1_367' title='bbox 309 4990 401 5044; x_wconf 75' lang='grc' dir='ltr'>τοῦ</span> <span class='ocrx_word' id='word_1_368' title='bbox 441 4984 763 5058; x_wconf 82' lang='grc' dir='ltr'>μεταλαχεῖν</span> <span class='ocrx_word' id='word_1_369' title='bbox 799 4980 953 5049; x_wconf 86' lang='grc' dir='ltr'>ἁγίου</span> <span class='ocrx_word' id='word_1_370' title='bbox 985 4975 1320 5046; x_wconf 87' lang='grc' dir='ltr'>Πνεύματος.</span> 
     </span>
    </p>
   </div>
   <div class='ocr_carea' id='block_1_53' title="bbox 379 5059 1637 5143">
    <p class='ocr_par' dir='ltr' id='par_1_53' title="bbox 379 5059 1637 5143">
     <span class='ocr_line' id='line_1_53' title="bbox 379 5059 1637 5143; baseline -0.019 -8"><span class='ocrx_word' id='word_1_371' title='bbox 379 5077 590 5135; x_wconf 74' lang='grc' dir='ltr'>ΠΑΛΛ.</span> <span class='ocrx_word' id='word_1_372' title='bbox 621 5072 828 5143; x_wconf 80' lang='grc' dir='ltr'>Πρέποι</span> <span class='ocrx_word' id='word_1_373' title='bbox 855 5069 965 5140; x_wconf 81' lang='grc' dir='ltr'>γὰρ</span> <span class='ocrx_word' id='word_1_374' title='bbox 993 5065 1060 5121; x_wconf 79' lang='grc' dir='ltr'>ἂν</span> <span class='ocrx_word' id='word_1_375' title='bbox 1088 5065 1184 5118; x_wconf 71' lang='grc' dir='ltr'>καὶ</span> <span class='ocrx_word' id='word_1_376' title='bbox 1218 5063 1360 5134; x_wconf 85' lang='grc' dir='ltr'>μάλα</span> <span class='ocrx_word' id='word_1_377' title='bbox 1392 5059 1637 5122; x_wconf 73' lang='grc' dir='ltr'>εἰκότως.</span> 
     </span>
    </p>
   </div>
   <div class='ocr_carea' id='block_1_54' title="bbox 381 5141 1883 5228">
    <p class='ocr_par' dir='ltr' id='par_1_54' title="bbox 381 5141 1883 5228">
     <span class='ocr_line' id='line_1_54' title="bbox 381 5141 1883 5228; baseline -0.017 -2"><span class='ocrx_word' id='word_1_378' title='bbox 381 5170 543 5226; x_wconf 75' lang='grc' dir='ltr'>ΚΥΡ.</span> <span class='ocrx_word' id='word_1_379' title='bbox 584 5141 1065 5228; x_wconf 73' lang='grc' dir='ltr'>Ἀποτελεσθείσης</span> <span class='ocrx_word' id='word_1_380' title='bbox 1113 5156 1178 5228; x_wconf 83' lang='grc' dir='ltr'>δὴ</span> <span class='ocrx_word' id='word_1_381' title='bbox 1209 5150 1302 5209; x_wconf 80' lang='grc' dir='ltr'><strong>οὖν</strong></span> <span class='ocrx_word' id='word_1_382' title='bbox 1334 5156 1392 5207; x_wconf 79' lang='grc' dir='ltr'>ὲν</span> <span class='ocrx_word' id='word_1_383' title='bbox 1424 5152 1614 5222; x_wconf 80' lang='grc' dir='ltr'>κόσμῳ</span> <span class='ocrx_word' id='word_1_384' title='bbox 1641 5148 1720 5219; x_wconf 88' lang='grc' dir='ltr'><strong>τῷ</strong></span> <span class='ocrx_word' id='word_1_385' title='bbox 1751 5147 1883 5219; x_wconf 88' lang='grc' dir='ltr'>πρέ-</span> 
     </span>
    </p>
   </div>
   <div class='ocr_carea' id='block_1_55' title="bbox 317 5239 1883 5326">
    <p class='ocr_par' dir='ltr' id='par_1_55' title="bbox 317 5239 1883 5326">
     <span class='ocr_line' id='line_1_55' title="bbox 317 5239 1883 5326; baseline -0.015 -12"><span class='ocrx_word' id='word_1_386' title='bbox 317 5276 468 5314; x_wconf 72' lang='grc' dir='ltr'><strong>¹τοοντι</strong></span> <span class='ocrx_word' id='word_1_387' title='bbox 501 5257 603 5326; x_wconf 79' lang='grc' dir='ltr'>τῆς</span> <span class='ocrx_word' id='word_1_388' title='bbox 650 5253 812 5321; x_wconf 81' lang='grc' dir='ltr'>ἁγίας</span> <span class='ocrx_word' id='word_1_389' title='bbox 848 5249 1073 5319; x_wconf 80' lang='grc' dir='ltr'>σκηνῆς,</span> <span class='ocrx_word' id='word_1_390' title='bbox 1106 5245 1201 5299; x_wconf 62' lang='grc' dir='ltr'><strong>καλ¹</strong></span> <span class='ocrx_word' id='word_1_391' title='bbox 1231 5246 1312 5308; x_wconf 72' lang='grc' dir='ltr'>εἰς</span> <span class='ocrx_word' id='word_1_392' title='bbox 1354 5241 1490 5306; x_wconf 72' lang='grc' dir='ltr'>εἶδος</span> <span class='ocrx_word' id='word_1_393' title='bbox 1522 5239 1883 5311; x_wconf 81' lang='grc' dir='ltr'>ὲνηνεγμένης</span> 
     </span>
    </p>
   </div>
   <div class='ocr_carea' id='block_1_56' title="bbox 2291 3810 3537 3892">
    <p class='ocr_par' dir='ltr' id='par_1_56' title="bbox 2291 3810 3537 3892">
     <span class='ocr_line' id='line_1_56' title="bbox 2291 3810 3537 3892; baseline -0.027 1"><span class='ocrx_word' id='word_1_394' title='bbox 2291 3835 2600 3892; x_wconf 80' lang='lat' dir='ltr'><strong>sacerdotio.</strong></span> <span class='ocrx_word' id='word_1_395' title='bbox 2654 3822 3016 3884; x_wconf 83' lang='lat' dir='ltr'><strong>Sacerdotium</strong></span> <span class='ocrx_word' id='word_1_396' title='bbox 3080 3812 3247 3887; x_wconf 77' lang='lat' dir='ltr'><strong>legale</strong></span> <span class='ocrx_word' id='word_1_397' title='bbox 3308 3810 3537 3884; x_wconf 79' lang='lat' dir='ltr'><strong>ﬁguram</strong></span> 
     </span>
    </p>
   </div>
   <div class='ocr_carea' id='block_1_57' title="bbox 2283 3893 3199 3979">
    <p class='ocr_par' dir='ltr' id='par_1_57' title="bbox 2283 3893 3199 3979">
     <span class='ocr_line' id='line_1_57' title="bbox 2283 3893 3199 3979; baseline -0.027 -15"><span class='ocrx_word' id='word_1_398' title='bbox 2283 3909 2439 3979; x_wconf 76' lang='lat' dir='ltr'><strong>fuisse</strong></span> <span class='ocrx_word' id='word_1_399' title='bbox 2462 3903 2604 3959; x_wconf 79' lang='lat' dir='ltr'><strong>illius</strong></span> <span class='ocrx_word' id='word_1_400' title='bbox 2628 3897 2766 3970; x_wconf 82' lang='lat' dir='ltr'><strong>quod</strong></span> <span class='ocrx_word' id='word_1_401' title='bbox 2790 3897 2846 3950; x_wconf 81' lang='lat' dir='ltr'><strong>in</strong></span> <span class='ocrx_word' id='word_1_402' title='bbox 2871 3893 3077 3949; x_wconf 80' lang='lat' dir='ltr'><strong>Christo</strong></span> <span class='ocrx_word' id='word_1_403' title='bbox 3103 3896 3199 3941; x_wconf 81' lang='lat' dir='ltr'><strong>est.</strong></span> 
     </span>
    </p>
   </div>
   <div class='ocr_carea' id='block_1_58' title="bbox 2035 4021 3543 4106">
    <p class='ocr_par' dir='ltr' id='par_1_58' title="bbox 2035 4021 3543 4106">
     <span class='ocr_line' id='line_1_58' title="bbox 2035 4021 3543 4106; baseline -0.024 -4"><span class='ocrx_word' id='word_1_404' title='bbox 2035 4048 2111 4103; x_wconf 88' lang='lat' dir='ltr'><strong>De</strong></span> <span class='ocrx_word' id='word_1_405' title='bbox 2136 4039 2491 4100; x_wconf 87' lang='lat' dir='ltr'><strong>tabernaculo</strong></span> <span class='ocrx_word' id='word_1_406' title='bbox 2512 4034 2734 4106; x_wconf 78' lang='lat' dir='ltr'><strong>quidem</strong></span> <span class='ocrx_word' id='word_1_407' title='bbox 2755 4038 2812 4085; x_wconf 91' lang='lat' dir='ltr'><strong>et</strong></span> <span class='ocrx_word' id='word_1_408' title='bbox 2844 4028 2912 4083; x_wconf 91' lang='lat' dir='ltr'><strong>iis</strong></span> <span class='ocrx_word' id='word_1_409' title='bbox 2936 4039 3059 4096; x_wconf 65' lang='lat' dir='ltr'><strong>quae</strong></span> <span class='ocrx_word' id='word_1_410' title='bbox 3081 4021 3148 4076; x_wconf 89' lang='lat' dir='ltr'><strong>de</strong></span> <span class='ocrx_word' id='word_1_411' title='bbox 3177 4033 3242 4074; x_wconf 90' lang='lat' dir='ltr'><strong>eo</strong></span> <span class='ocrx_word' id='word_1_412' title='bbox 3269 4021 3543 4087; x_wconf 61' lang='lat' dir='ltr'><strong>praecepta</strong></span> 
     </span>
    </p>
   </div>
   <div class='ocr_carea' id='block_1_59' title="bbox 1967 4103 3541 4203">
    <p class='ocr_par' dir='ltr' id='par_1_59' title="bbox 1967 4103 3541 4203">
     <span class='ocr_line' id='line_1_59' title="bbox 1967 4103 3541 4203; baseline -0.027 -6"><span class='ocrx_word' id='word_1_413' title='bbox 1967 4147 2115 4203; x_wconf 87' lang='lat' dir='ltr'><strong>sunt,</strong></span> <span class='ocrx_word' id='word_1_414' title='bbox 2139 4147 2320 4192; x_wconf 90' lang='lat' dir='ltr'><strong>sermo</strong></span> <span class='ocrx_word' id='word_1_415' title='bbox 2350 4147 2382 4186; x_wconf 90' lang='lat' dir='ltr'><strong>a</strong></span> <span class='ocrx_word' id='word_1_416' title='bbox 2409 4103 2572 4183; x_wconf 80' lang='lat' dir='ltr'><strong>nobis</strong></span> <span class='ocrx_word' id='word_1_417' title='bbox 2598 4123 2730 4179; x_wconf 83' lang='lat' dir='ltr'><strong>satis</strong></span> <span class='ocrx_word' id='word_1_418' title='bbox 2767 4119 2964 4189; x_wconf 89' lang='lat' dir='ltr'><strong>plenus</strong></span> <span class='ocrx_word' id='word_1_419' title='bbox 2992 4120 3076 4168; x_wconf 91' lang='lat' dir='ltr'><strong>est</strong></span> <span class='ocrx_word' id='word_1_420' title='bbox 3103 4107 3344 4168; x_wconf 86' lang='lat' dir='ltr'><strong>habitus,</strong></span> <span class='ocrx_word' id='word_1_421' title='bbox 3381 4113 3436 4159; x_wconf 87' lang='lat' dir='ltr'><strong>et</strong></span> <span class='ocrx_word' id='word_1_422' title='bbox 3474 4103 3541 4157; x_wconf 91' lang='lat' dir='ltr'><strong>ad</strong></span> 
     </span>
    </p>
   </div>
   <div class='ocr_carea' id='block_1_60' title="bbox 1970 4197 3546 4301">
    <p class='ocr_par' dir='ltr' id='par_1_60' title="bbox 1970 4197 3546 4301">
     <span class='ocr_line' id='line_1_60' title="bbox 1970 4197 3546 4301; baseline -0.025 -16"><span class='ocrx_word' id='word_1_423' title='bbox 1970 4197 2308 4301; x_wconf 77' lang='lat' dir='ltr'><strong>spiritualem</strong></span> <span class='ocrx_word' id='word_1_424' title='bbox 2335 4218 2689 4276; x_wconf 86' lang='lat' dir='ltr'><strong>subtilitatem</strong></span> <span class='ocrx_word' id='word_1_425' title='bbox 2710 4211 2989 4279; x_wconf 76' lang='lat' dir='ltr'><strong>eleganter</strong></span> <span class='ocrx_word' id='word_1_426' title='bbox 3011 4200 3303 4271; x_wconf 77' lang='lat' dir='ltr'><strong>expolitus.</strong></span> <span class='ocrx_word' id='word_1_427' title='bbox 3326 4197 3422 4251; x_wconf 87' lang='lat' dir='ltr'><strong>Est</strong></span> <span class='ocrx_word' id='word_1_428' title='bbox 3450 4211 3546 4249; x_wconf 86' lang='lat' dir='ltr'><strong>au-</strong></span> 
     </span>
    </p>
   </div>
   <div class='ocr_carea' id='block_1_61' title="bbox 1971 4290 3547 4382">
    <p class='ocr_par' dir='ltr' id='par_1_61' title="bbox 1971 4290 3547 4382">
     <span class='ocr_line' id='line_1_61' title="bbox 1971 4290 3547 4382; baseline -0.025 -8"><span class='ocrx_word' id='word_1_429' title='bbox 1971 4290 2081 4376; x_wconf 72' lang='lat' dir='ltr'><strong>tem</strong></span> <span class='ocrx_word' id='word_1_430' title='bbox 2106 4324 2467 4382; x_wconf 88' lang='lat' dir='ltr'><strong>consequens,</strong></span> <span class='ocrx_word' id='word_1_431' title='bbox 2495 4312 2558 4360; x_wconf 92' lang='lat' dir='ltr'><strong>ut</strong></span> <span class='ocrx_word' id='word_1_432' title='bbox 2578 4303 2716 4358; x_wconf 89' lang='lat' dir='ltr'><strong>mihi</strong></span> <span class='ocrx_word' id='word_1_433' title='bbox 2746 4297 2968 4369; x_wconf 88' lang='lat' dir='ltr'><strong>quidem</strong></span> <span class='ocrx_word' id='word_1_434' title='bbox 2996 4290 3237 4352; x_wconf 79' lang='lat' dir='ltr'><strong>videtur,</strong></span> <span class='ocrx_word' id='word_1_435' title='bbox 3267 4296 3430 4356; x_wconf 87' lang='lat' dir='ltr'><strong>teque</strong></span> <span class='ocrx_word' id='word_1_436' title='bbox 3463 4299 3547 4338; x_wconf 78' lang='lat' dir='ltr'><strong>as-</strong></span> 
     </span>
    </p>
   </div>
   <div class='ocr_carea' id='block_1_62' title="bbox 1972 4374 3545 4470">
    <p class='ocr_par' dir='ltr' id='par_1_62' title="bbox 1972 4374 3545 4470">
     <span class='ocr_line' id='line_1_62' title="bbox 1972 4374 3545 4470; baseline -0.028 0"><span class='ocrx_word' id='word_1_437' title='bbox 1972 4423 2261 4470; x_wconf 89' lang='lat' dir='ltr'><strong>sensurum</strong></span> <span class='ocrx_word' id='word_1_438' title='bbox 2304 4409 2456 4460; x_wconf 90' lang='lat' dir='ltr'><strong>certo</strong></span> <span class='ocrx_word' id='word_1_439' title='bbox 2482 4397 2618 4461; x_wconf 89' lang='lat' dir='ltr'><strong>scio,</strong></span> <span class='ocrx_word' id='word_1_440' title='bbox 2660 4391 2729 4449; x_wconf 87' lang='lat' dir='ltr'><strong>ad</strong></span> <span class='ocrx_word' id='word_1_441' title='bbox 2766 4382 3058 4446; x_wconf 88' lang='lat' dir='ltr'><strong>sacerdotii</strong></span> <span class='ocrx_word' id='word_1_442' title='bbox 3097 4393 3328 4436; x_wconf 88' lang='lat' dir='ltr'><strong>munera</strong></span> <span class='ocrx_word' id='word_1_443' title='bbox 3370 4374 3545 4444; x_wconf 83' lang='lat' dir='ltr'><strong>expli-</strong></span> 
     </span>
    </p>
   </div>
   <div class='ocr_carea' id='block_1_63' title="bbox 1974 4466 3543 4561">
    <p class='ocr_par' dir='ltr' id='par_1_63' title="bbox 1974 4466 3543 4561">
     <span class='ocr_line' id='line_1_63' title="bbox 1974 4466 3543 4561; baseline -0.027 -1"><span class='ocrx_word' id='word_1_444' title='bbox 1974 4466 2147 4560; x_wconf 87' lang='lat' dir='ltr'><strong>canda</strong></span> <span class='ocrx_word' id='word_1_445' title='bbox 2176 4495 2440 4558; x_wconf 85' lang='lat' dir='ltr'><strong>transire;</strong></span> <span class='ocrx_word' id='word_1_446' title='bbox 2471 4502 2650 4561; x_wconf 84' lang='lat' dir='ltr'><strong>quove</strong></span> <span class='ocrx_word' id='word_1_447' title='bbox 2673 4482 2836 4539; x_wconf 91' lang='lat' dir='ltr'><strong>modo</strong></span> <span class='ocrx_word' id='word_1_448' title='bbox 2854 4494 2954 4550; x_wconf 90' lang='lat' dir='ltr'><strong>per</strong></span> <span class='ocrx_word' id='word_1_449' title='bbox 2978 4472 3325 4547; x_wconf 82' lang='lat' dir='ltr'><strong>ﬁgurativum</strong></span> <span class='ocrx_word' id='word_1_450' title='bbox 3353 4466 3543 4537; x_wconf 79' lang='lat' dir='ltr'><strong>legale,</strong></span> 
     </span>
    </p>
   </div>
   <div class='ocr_carea' id='block_1_64' title="bbox 1973 4558 3549 4662">
    <p class='ocr_par' dir='ltr' id='par_1_64' title="bbox 1973 4558 3549 4662">
     <span class='ocr_line' id='line_1_64' title="bbox 1973 4558 3549 4662; baseline -0.028 -10"><span class='ocrx_word' id='word_1_451' title='bbox 1973 4609 2164 4651; x_wconf 82' lang='lat' dir='ltr'><strong>verum</strong></span> <span class='ocrx_word' id='word_1_452' title='bbox 2193 4558 2550 4662; x_wconf 68' lang='lat' dir='ltr'><strong>signiﬁcetur,</strong></span> <span class='ocrx_word' id='word_1_453' title='bbox 2583 4577 2846 4634; x_wconf 86' lang='lat' dir='ltr'><strong>nimirum</strong></span> <span class='ocrx_word' id='word_1_454' title='bbox 2875 4568 3030 4634; x_wconf 91' lang='lat' dir='ltr'><strong>illud,</strong></span> <span class='ocrx_word' id='word_1_455' title='bbox 3064 4563 3209 4636; x_wconf 90' lang='lat' dir='ltr'><strong>quod</strong></span> <span class='ocrx_word' id='word_1_456' title='bbox 3239 4561 3295 4616; x_wconf 90' lang='lat' dir='ltr'><strong>in</strong></span> <span class='ocrx_word' id='word_1_457' title='bbox 3329 4558 3549 4615; x_wconf 86' lang='lat' dir='ltr'><strong>Christo</strong></span> 
     </span>
    </p>
   </div>
   <div class='ocr_carea' id='block_1_65' title="bbox 1977 4651 3559 4753">
    <p class='ocr_par' dir='ltr' id='par_1_65' title="bbox 1977 4651 3559 4753">
     <span class='ocr_line' id='line_1_65' title="bbox 1977 4651 3559 4753; baseline -0.027 -10"><span class='ocrx_word' id='word_1_458' title='bbox 1977 4693 2081 4750; x_wconf 85' lang='lat' dir='ltr'><strong>est,</strong></span> <span class='ocrx_word' id='word_1_459' title='bbox 2110 4692 2168 4740; x_wconf 90' lang='lat' dir='ltr'><strong>et</strong></span> <span class='ocrx_word' id='word_1_460' title='bbox 2191 4651 2290 4753; x_wconf 68' lang='lat' dir='ltr'><strong>per</strong></span> <span class='ocrx_word' id='word_1_461' title='bbox 2311 4675 2589 4734; x_wconf 90' lang='lat' dir='ltr'><strong>Christum</strong></span> <span class='ocrx_word' id='word_1_462' title='bbox 2615 4683 2785 4742; x_wconf 84' lang='lat' dir='ltr'><strong>genus</strong></span> <span class='ocrx_word' id='word_1_463' title='bbox 2813 4663 2947 4720; x_wconf 92' lang='lat' dir='ltr'><strong>illud</strong></span> <span class='ocrx_word' id='word_1_464' title='bbox 2984 4672 3198 4716; x_wconf 88' lang='lat' dir='ltr'><strong>sacrum</strong></span> <span class='ocrx_word' id='word_1_465' title='bbox 3226 4651 3559 4710; x_wconf 83' lang='lat' dir='ltr'><strong>sanctiﬁcat.</strong></span> 
     </span>
    </p>
   </div>
   <div class='ocr_carea' id='block_1_66' title="bbox 1979 4742 3550 4844">
    <p class='ocr_par' dir='ltr' id='par_1_66' title="bbox 1979 4742 3550 4844">
     <span class='ocr_line' id='line_1_66' title="bbox 1979 4742 3550 4844; baseline -0.026 -9"><span class='ocrx_word' id='word_1_466' title='bbox 1979 4742 2093 4843; x_wconf 81' lang='lat' dir='ltr'><strong>eos,</strong></span> <span class='ocrx_word' id='word_1_467' title='bbox 2126 4742 2370 4844; x_wconf 75' lang='lat' dir='ltr'><strong>inquam,</strong></span> <span class='ocrx_word' id='word_1_468' title='bbox 2397 4767 2492 4839; x_wconf 89' lang='lat' dir='ltr'><strong>qui</strong></span> <span class='ocrx_word' id='word_1_469' title='bbox 2512 4763 2639 4820; x_wconf 83' lang='lat' dir='ltr'><strong>ﬁdei</strong></span> <span class='ocrx_word' id='word_1_470' title='bbox 2662 4759 2907 4816; x_wconf 86' lang='lat' dir='ltr'><strong>claritate</strong></span> <span class='ocrx_word' id='word_1_471' title='bbox 2931 4761 3058 4809; x_wconf 91' lang='lat' dir='ltr'><strong>sunt</strong></span> <span class='ocrx_word' id='word_1_472' title='bbox 3085 4750 3344 4809; x_wconf 90' lang='lat' dir='ltr'><strong>illustres,</strong></span> <span class='ocrx_word' id='word_1_473' title='bbox 3372 4759 3434 4798; x_wconf 88' lang='lat' dir='ltr'><strong>ac</strong></span> <span class='ocrx_word' id='word_1_474' title='bbox 3453 4742 3550 4796; x_wconf 92' lang='lat' dir='ltr'><strong>Dei</strong></span> 
     </span>
    </p>
   </div>
   <div class='ocr_carea' id='block_1_67' title="bbox 1981 4837 3552 4939">
    <p class='ocr_par' dir='ltr' id='par_1_67' title="bbox 1981 4837 3552 4939">
     <span class='ocr_line' id='line_1_67' title="bbox 1981 4837 3552 4939; baseline -0.025 -14"><span class='ocrx_word' id='word_1_475' title='bbox 1981 4837 2432 4939; x_wconf 14' lang='lat' dir='ltr'><strong>coniunctionem?</strong></span> <span class='ocrx_word' id='word_1_476' title='bbox 2449 4874 2548 4928; x_wconf 93' lang='lat' dir='ltr'><strong>per</strong></span> <span class='ocrx_word' id='word_1_477' title='bbox 2587 4853 2826 4926; x_wconf 87' lang='lat' dir='ltr'><strong>Spiritus</strong></span> <span class='ocrx_word' id='word_1_478' title='bbox 2855 4845 3027 4903; x_wconf 88' lang='lat' dir='ltr'><strong>sancti</strong></span> <span class='ocrx_word' id='word_1_479' title='bbox 3071 4837 3552 4913; x_wconf 82' lang='lat' dir='ltr'><strong>participationem</strong></span> 
     </span>
    </p>
   </div>
   <div class='ocr_carea' id='block_1_68' title="bbox 1984 4956 2281 5016">
    <p class='ocr_par' dir='ltr' id='par_1_68' title="bbox 1984 4956 2281 5016">
     <span class='ocr_line' id='line_1_68' title="bbox 1984 4956 2281 5016; baseline -0.03 1"><span class='ocrx_word' id='word_1_480' title='bbox 1984 4956 2281 5016; x_wconf 84' lang='lat' dir='ltr'><strong>consecuti.</strong></span> 
     </span>
    </p>
   </div>
   <div class='ocr_carea' id='block_1_69' title="bbox 2053 5020 3552 5112">
    <p class='ocr_par' dir='ltr' id='par_1_69' title="bbox 2053 5020 3552 5112">
     <span class='ocr_line' id='line_1_69' title="bbox 2053 5020 3552 5112; baseline -0.023 -7"><span class='ocrx_word' id='word_1_481' title='bbox 2053 5047 2250 5106; x_wconf 79' lang='lat' dir='ltr'><strong>PALL.</strong></span> <span class='ocrx_word' id='word_1_482' title='bbox 2280 5044 2634 5112; x_wconf 86' lang='lat' dir='ltr'><strong>Consequens</strong></span> <span class='ocrx_word' id='word_1_483' title='bbox 2659 5051 2810 5100; x_wconf 85' lang='lat' dir='ltr'><strong>vero,</strong></span> <span class='ocrx_word' id='word_1_484' title='bbox 2839 5048 2900 5086; x_wconf 88' lang='lat' dir='ltr'><strong>ac</strong></span> <span class='ocrx_word' id='word_1_485' title='bbox 2926 5031 3048 5100; x_wconf 76' lang='lat' dir='ltr'><strong>jure</strong></span> <span class='ocrx_word' id='word_1_486' title='bbox 3077 5025 3285 5098; x_wconf 91' lang='lat' dir='ltr'><strong>optimo</strong></span> <span class='ocrx_word' id='word_1_487' title='bbox 3313 5020 3552 5092; x_wconf 89' lang='lat' dir='ltr'><strong>quidem.</strong></span> 
     </span>
    </p>
   </div>
   <div class='ocr_carea' id='block_1_70' title="bbox 2059 5109 3560 5211">
    <p class='ocr_par' dir='ltr' id='par_1_70' title="bbox 2059 5109 3560 5211">
     <span class='ocr_line' id='line_1_70' title="bbox 2059 5109 3560 5211; baseline -0.024 -12"><span class='ocrx_word' id='word_1_488' title='bbox 2059 5139 2225 5211; x_wconf 79' lang='grc'><strong>376</strong></span> <span class='ocrx_word' id='word_1_489' title='bbox 2241 5136 2398 5193; x_wconf 81' lang='lat' dir='ltr'><strong>CYR.</strong></span> <span class='ocrx_word' id='word_1_490' title='bbox 2421 5109 2594 5204; x_wconf 82' lang='lat' dir='ltr'><strong>Igitur</strong></span> <span class='ocrx_word' id='word_1_491' title='bbox 2609 5171 2623 5195; x_wconf 90' lang='lat'><strong>,</strong></span> <span class='ocrx_word' id='word_1_492' title='bbox 2653 5141 2807 5184; x_wconf 92' lang='lat' dir='ltr'><strong>sacro</strong></span> <span class='ocrx_word' id='word_1_493' title='bbox 2828 5123 2920 5177; x_wconf 92' lang='lat' dir='ltr'><strong>illo</strong></span> <span class='ocrx_word' id='word_1_494' title='bbox 2951 5115 3302 5176; x_wconf 88' lang='lat' dir='ltr'><strong>tabernaculo</strong></span> <span class='ocrx_word' id='word_1_495' title='bbox 3323 5126 3446 5168; x_wconf 91' lang='lat' dir='ltr'><strong>cum</strong></span> <span class='ocrx_word' id='word_1_496' title='bbox 3457 5109 3560 5211; x_wconf 56' lang='lat' dir='ltr'><strong>fle-</strong></span> 
     </span>
    </p>
   </div>
   <div class='ocr_carea' id='block_1_71' title="bbox 1915 5198 3562 5293">
    <p class='ocr_par' dir='ltr' id='par_1_71' title="bbox 1915 5198 3562 5293">
     <span class='ocr_line' id='line_1_71' title="bbox 1915 5198 3562 5293; baseline -0.022 -6"><span class='ocrx_word' id='word_1_497' title='bbox 1915 5209 1958 5269; x_wconf 68' lang='lat' dir='ltr'><strong>C</strong></span> <span class='ocrx_word' id='word_1_498' title='bbox 1991 5198 2150 5285; x_wconf 47' lang='lat' dir='ltr'><strong>ceriti-</strong></span> <span class='ocrx_word' id='word_1_499' title='bbox 2163 5198 2360 5280; x_wconf 49' lang='lat' dir='ltr'><strong>(u&#39;natu</strong></span> <span class='ocrx_word' id='word_1_500' title='bbox 2385 5198 2493 5293; x_wconf 76' lang='lat' dir='ltr'><strong>jam</strong></span> <span class='ocrx_word' id='word_1_501' title='bbox 2519 5217 2788 5279; x_wconf 87' lang='lat' dir='ltr'><strong>absoluto,</strong></span> <span class='ocrx_word' id='word_1_502' title='bbox 2811 5210 3186 5289; x_wconf 86' lang='lat' dir='ltr'><strong>perductoque</strong></span> <span class='ocrx_word' id='word_1_503' title='bbox 3215 5204 3282 5260; x_wconf 88' lang='lat' dir='ltr'><strong>ad</strong></span> <span class='ocrx_word' id='word_1_504' title='bbox 3304 5217 3423 5257; x_wconf 85' lang='lat' dir='ltr'><strong>eam</strong></span> <span class='ocrx_word' id='word_1_505' title='bbox 3455 5198 3562 5252; x_wconf 80' lang='lat' dir='ltr'><strong>lor-</strong></span> 
     </span>
    </p>
   </div>
   <div class='ocr_carea' id='block_1_72' title="bbox 316 5300 1845 5419">
    <p class='ocr_par' dir='ltr' id='par_1_72' title="bbox 316 5300 1845 5419">
     <span class='ocr_line' id='line_1_72' title="bbox 316 5300 1845 5419; baseline -0.016 -12"><span class='ocrx_word' id='word_1_506' title='bbox 316 5353 376 5406; x_wconf 85' lang='grc' dir='ltr'><strong>τδ</strong></span> <span class='ocrx_word' id='word_1_507' title='bbox 403 5353 460 5406; x_wconf 81' lang='grc' dir='ltr'>ὲν</span> <span class='ocrx_word' id='word_1_508' title='bbox 491 5300 724 5419; x_wconf 39' lang='grc' dir='ltr'>τῷτὸρειι</span> <span class='ocrx_word' id='word_1_509' title='bbox 1140 5337 1219 5408; x_wconf 86' lang='grc' dir='ltr'><strong>τῷ</strong></span> <span class='ocrx_word' id='word_1_510' title='bbox 1250 5300 1520 5405; x_wconf 52' lang='grc' dir='ltr'>θεσπεσίη)</span> <span class='ocrx_word' id='word_1_511' title='bbox 1564 5300 1758 5402; x_wconf 54' lang='grc' dir='ltr'>δίωσῇ,</span> <span class='ocrx_word' id='word_1_512' title='bbox 1793 5300 1845 5385; x_wconf 57' lang='grc' dir='ltr'><strong>τί</strong></span> 
     </span>
    </p>
   </div>
   <div class='ocr_carea' id='block_1_73' title="bbox 1958 5300 3561 5419">
    <p class='ocr_par' dir='ltr' id='par_1_73' title="bbox 1988 5300 3561 5419">
     <span class='ocr_line' id='line_1_73' title="bbox 1988 5300 3561 5390; baseline -0.025 -10"><span class='ocrx_word' id='word_1_513' title='bbox 1988 5338 2133 5380; x_wconf 90' lang='lat' dir='ltr'><strong>mam</strong></span> <span class='ocrx_word' id='word_1_514' title='bbox 2169 5333 2290 5390; x_wconf 70' lang='lat' dir='ltr'><strong>qua:</strong></span> <span class='ocrx_word' id='word_1_515' title='bbox 2305 5317 2362 5371; x_wconf 93' lang='lat' dir='ltr'><strong>in</strong></span> <span class='ocrx_word' id='word_1_516' title='bbox 2385 5319 2571 5369; x_wconf 89' lang='lat' dir='ltr'><strong>monte</strong></span> <span class='ocrx_word' id='word_1_517' title='bbox 2586 5305 2939 5364; x_wconf 84' lang='lat' dir='ltr'><strong>fueratbeato</strong></span> <span class='ocrx_word' id='word_1_518' title='bbox 2955 5300 3123 5372; x_wconf 80' lang='lat' dir='ltr'><strong>Moysi</strong></span> <span class='ocrx_word' id='word_1_519' title='bbox 3137 5306 3370 5355; x_wconf 87' lang='lat' dir='ltr'><strong>ostensa,</strong></span> <span class='ocrx_word' id='word_1_520' title='bbox 3385 5303 3561 5344; x_wconf 86' lang='lat' dir='ltr'><strong>sacer-</strong></span> 
     </span>
     <span class='ocr_line' id='line_1_74' title="bbox 2007 5378 3560 5419; baseline -0.014 21"><span class='ocrx_word' id='word_1_521' title='bbox 2007 5415 2020 5419; x_wconf 81' lang='grc'><strong>’</strong></span> <span class='ocrx_word' id='word_1_522' title='bbox 2177 5410 2190 5419; x_wconf 91' lang='grc'><strong>·</strong></span> <span class='ocrx_word' id='word_1_523' title='bbox 2261 5409 2272 5419; x_wconf 94' lang='grc'>·</span> <span class='ocrx_word' id='word_1_524' title='bbox 2390 5414 2400 5419; x_wconf 47' lang='grc' dir='ltr'><strong><em>Α</em></strong></span> <span class='ocrx_word' id='word_1_525' title='bbox 2421 5405 2462 5419; x_wconf 78' lang='grc'>“</span> <span class='ocrx_word' id='word_1_526' title='bbox 2521 5417 2561 5419; x_wconf 43' lang='grc' dir='ltr'><strong>κ-</strong></span> <span class='ocrx_word' id='word_1_527' title='bbox 2595 5418 2598 5419; x_wconf 49' lang='grc' dir='ltr'><em>ν</em></span> <span class='ocrx_word' id='word_1_528' title='bbox 2628 5399 2805 5419; x_wconf 69' lang='grc' dir='ltr'><strong>ξι-----</strong></span> <span class='ocrx_word' id='word_1_529' title='bbox 2828 5392 2900 5419; x_wconf 75' lang='grc' dir='ltr'>..ει</span> <span class='ocrx_word' id='word_1_530' title='bbox 2931 5411 2942 5419; x_wconf 91' lang='grc'><strong>.</strong></span> <span class='ocrx_word' id='word_1_531' title='bbox 2974 5412 2988 5419; x_wconf 90' lang='grc'><strong>-</strong></span> <span class='ocrx_word' id='word_1_532' title='bbox 3015 5392 3076 5419; x_wconf 74' lang='lat' dir='ltr'><strong>Dn</strong></span> <span class='ocrx_word' id='word_1_533' title='bbox 3101 5399 3154 5419; x_wconf 73' lang='grc' dir='ltr'><strong>ι..</strong></span> <span class='ocrx_word' id='word_1_534' title='bbox 3198 5382 3404 5419; x_wconf 69' lang='lat' dir='ltr'><strong>nnnlino</strong></span> <span class='ocrx_word' id='word_1_535' title='bbox 3425 5378 3487 5419; x_wconf 71' lang='lat' dir='ltr'><strong>nd</strong></span> <span class='ocrx_word' id='word_1_536' title='bbox 3508 5386 3560 5419; x_wconf 66' lang='lat' dir='ltr'><strong>to,</strong></span> 
     </span>
    </p>
   </div>
   <div class='ocr_carea' id='block_1_74' title="bbox 318 5420 1892 5513">
    <p class='ocr_par' dir='ltr' id='par_1_74' title="bbox 318 5420 1892 5513">
     <span class='ocr_line' id='line_1_75' title="bbox 318 5420 1892 5513; baseline -0.016 -15"><span class='ocrx_word' id='word_1_537' title='bbox 318 5445 423 5498; x_wconf 82' lang='grc' dir='ltr'><strong>τῷν</strong></span> <span class='ocrx_word' id='word_1_538' title='bbox 479 5440 671 5513; x_wconf 80' lang='grc' dir='ltr'>ίερέων</span> <span class='ocrx_word' id='word_1_539' title='bbox 719 5431 988 5498; x_wconf 79' lang='grc' dir='ltr'>ἀνάδειξιν</span> <span class='ocrx_word' id='word_1_540' title='bbox 1042 5432 1280 5483; x_wconf 73' lang='grc' dir='ltr'>ἐποιεῖτο</span> <span class='ocrx_word' id='word_1_541' title='bbox 1331 5426 1481 5491; x_wconf 72' lang='grc' dir='ltr'>Θεὸς,</span> <span class='ocrx_word' id='word_1_542' title='bbox 1537 5425 1634 5478; x_wconf 76' lang='grc' dir='ltr'>καὶ</span> <span class='ocrx_word' id='word_1_543' title='bbox 1688 5422 1770 5503; x_wconf 24' lang='grc' dir='ltr'><strong>δὴ.</strong></span> <span class='ocrx_word' id='word_1_544' title='bbox 1799 5420 1892 5475; x_wconf 68' lang='grc' dir='ltr'><strong>καὶ</strong></span> 
     </span>
    </p>
   </div>
   <div class='ocr_carea' id='block_1_75' title="bbox 1989 5378 3560 5478">
    <p class='ocr_par' dir='ltr' id='par_1_75' title="bbox 1989 5378 3560 5478">
     <span class='ocr_line' id='line_1_76' title="bbox 1989 5378 3560 5478; baseline -0.026 -8"><span class='ocrx_word' id='word_1_545' title='bbox 1989 5378 2145 5470; x_wconf 81' lang='lat' dir='ltr'><strong>dotes</strong></span> <span class='ocrx_word' id='word_1_546' title='bbox 2161 5378 2408 5478; x_wconf 76' lang='lat' dir='ltr'><strong>designat</strong></span> <span class='ocrx_word' id='word_1_547' title='bbox 2421 5405 2566 5457; x_wconf 90' lang='lat' dir='ltr'><strong>Deus</strong></span> <span class='ocrx_word' id='word_1_548' title='bbox 2591 5418 2604 5453; x_wconf 91' lang='lat'>:</span> <span class='ocrx_word' id='word_1_549' title='bbox 2627 5399 2810 5468; x_wconf 89' lang='lat' dir='ltr'><strong>itaque</strong></span> <span class='ocrx_word' id='word_1_550' title='bbox 2826 5392 2904 5450; x_wconf 89' lang='lat' dir='ltr'><strong>ait</strong></span> <span class='ocrx_word' id='word_1_551' title='bbox 2931 5411 2943 5447; x_wconf 92' lang='lat'>:</span> <span class='ocrx_word' id='word_1_552' title='bbox 2971 5412 2988 5444; x_wconf 89' lang='grc'><strong><em>‹</em></strong></span> <span class='ocrx_word' id='word_1_553' title='bbox 3015 5392 3084 5447; x_wconf 90' lang='grc' dir='ltr'>Ει</span> <span class='ocrx_word' id='word_1_554' title='bbox 3101 5399 3178 5452; x_wconf 80' lang='grc' dir='ltr'>ιιι,</span> <span class='ocrx_word' id='word_1_555' title='bbox 3197 5382 3407 5454; x_wconf 87' lang='lat' dir='ltr'><strong>applica</strong></span> <span class='ocrx_word' id='word_1_556' title='bbox 3423 5378 3489 5433; x_wconf 83' lang='lat' dir='ltr'><strong>ad</strong></span> <span class='ocrx_word' id='word_1_557' title='bbox 3508 5386 3560 5430; x_wconf 89' lang='lat' dir='ltr'><strong>te</strong></span> 
     </span>
    </p>
   </div>
   <div class='ocr_carea' id='block_1_76' title="bbox 323 5469 1845 5607">
    <p class='ocr_par' dir='ltr' id='par_1_76' title="bbox 323 5469 1845 5607">
     <span class='ocr_line' id='line_1_77' title="bbox 323 5469 1845 5513; baseline -0.016 -15"><span class='ocrx_word' id='word_1_558' title='bbox 323 5469 423 5498; x_wconf 78' lang='grc' dir='ltr'>των</span> <span class='ocrx_word' id='word_1_559' title='bbox 479 5469 671 5513; x_wconf 53' lang='lat' dir='ltr'><strong>“(humi</strong></span> <span class='ocrx_word' id='word_1_560' title='bbox 719 5469 987 5498; x_wconf 65' lang='grc' dir='ltr'>υινυιυςυινν</span> <span class='ocrx_word' id='word_1_561' title='bbox 1042 5469 1279 5483; x_wconf 66' lang='grc' dir='ltr'><strong>..συν-ω...</strong></span> <span class='ocrx_word' id='word_1_562' title='bbox 1334 5469 1481 5491; x_wconf 56' lang='grc' dir='ltr'><strong>ν-ννι</strong></span> <span class='ocrx_word' id='word_1_563' title='bbox 1539 5469 1633 5478; x_wconf 70' lang='grc' dir='ltr'>...η</span> <span class='ocrx_word' id='word_1_564' title='bbox 1692 5469 1753 5494; x_wconf 65' lang='grc' dir='ltr'><strong>-.Ι</strong></span> <span class='ocrx_word' id='word_1_565' title='bbox 1802 5469 1845 5475; x_wconf 53' lang='grc' dir='ltr'><strong>ν-.</strong></span> 
     </span>
     <span class='ocr_line' id='line_1_78' title="bbox 323 5499 1845 5607; baseline -0.017 -16"><span class='ocrx_word' id='word_1_566' title='bbox 323 5539 545 5607; x_wconf 72' lang='grc' dir='ltr'>ἔφασκε,</span> <span class='ocrx_word' id='word_1_567' title='bbox 582 5552 600 5586; x_wconf 76' lang='grc' dir='ltr'><strong>ι</strong></span> <span class='ocrx_word' id='word_1_568' title='bbox 645 5531 756 5588; x_wconf 69' lang='grc' dir='ltr'>Καὶ</span> <span class='ocrx_word' id='word_1_569' title='bbox 787 5531 850 5584; x_wconf 78' lang='grc' dir='ltr'><strong>σὺ</strong></span> <span class='ocrx_word' id='word_1_570' title='bbox 896 5523 1245 5600; x_wconf 80' lang='grc' dir='ltr'>προσαγάγου</span> <span class='ocrx_word' id='word_1_571' title='bbox 1282 5521 1415 5592; x_wconf 85' lang='grc' dir='ltr'>πρὸς</span> <span class='ocrx_word' id='word_1_572' title='bbox 1466 5516 1654 5572; x_wconf 79' lang='grc' dir='ltr'>ἑαυτὸν</span> <span class='ocrx_word' id='word_1_573' title='bbox 1695 5499 1786 5568; x_wconf 86' lang='grc' dir='ltr'><strong>τόν</strong></span> <span class='ocrx_word' id='word_1_574' title='bbox 1835 5531 1845 5558; x_wconf 64' lang='grc' dir='ltr'><strong>ε</strong></span> 
     </span>
    </p>
   </div>
   <div class='ocr_carea' id='block_1_77' title="bbox 1958 5469 3558 5607">
    <p class='ocr_par' dir='ltr' id='par_1_77' title="bbox 1992 5469 3558 5607">
     <span class='ocr_line' id='line_1_79' title="bbox 1992 5469 3558 5567; baseline -0.024 -7"><span class='ocrx_word' id='word_1_575' title='bbox 1992 5507 2194 5567; x_wconf 85' lang='lat' dir='ltr'><strong>Aaron,</strong></span> <span class='ocrx_word' id='word_1_576' title='bbox 2232 5499 2453 5554; x_wconf 87' lang='lat' dir='ltr'><strong>fratrem</strong></span> <span class='ocrx_word' id='word_1_577' title='bbox 2489 5502 2666 5556; x_wconf 91' lang='lat' dir='ltr'><strong>tuum,</strong></span> <span class='ocrx_word' id='word_1_578' title='bbox 2695 5499 2752 5545; x_wconf 88' lang='lat' dir='ltr'><strong>et</strong></span> <span class='ocrx_word' id='word_1_579' title='bbox 2777 5487 2920 5543; x_wconf 85' lang='lat' dir='ltr'><strong>ﬁlios</strong></span> <span class='ocrx_word' id='word_1_580' title='bbox 2942 5498 3059 5556; x_wconf 63' lang='lat' dir='ltr'><strong>ejus</strong></span> <span class='ocrx_word' id='word_1_581' title='bbox 3092 5481 3158 5535; x_wconf 90' lang='lat' dir='ltr'><strong>de</strong></span> <span class='ocrx_word' id='word_1_582' title='bbox 3201 5475 3328 5530; x_wconf 84' lang='lat' dir='ltr'><strong>[iliis</strong></span> <span class='ocrx_word' id='word_1_583' title='bbox 3372 5469 3558 5529; x_wconf 86' lang='lat' dir='ltr'><strong>Israel.</strong></span> 
     </span>
     <span class='ocr_line' id='line_1_80' title="bbox 2042 5564 3553 5607; baseline -0.014 20"><span class='ocrx_word' id='word_1_584' title='bbox 2042 5605 2048 5607; x_wconf 88' lang='grc'><strong><em>-</em></strong></span> <span class='ocrx_word' id='word_1_585' title='bbox 2263 5591 2278 5607; x_wconf 83' lang='grc'>¹</span> <span class='ocrx_word' id='word_1_586' title='bbox 2442 5577 2736 5607; x_wconf 59' lang='grc' dir='ltr'><strong>ρ--μ---μί-</strong></span> <span class='ocrx_word' id='word_1_587' title='bbox 2766 5581 2895 5607; x_wconf 55' lang='lat' dir='ltr'><strong>mm:</strong></span> <span class='ocrx_word' id='word_1_588' title='bbox 2996 5577 3162 5607; x_wconf 71' lang='grc' dir='ltr'><strong>Αω-ηη</strong></span> <span class='ocrx_word' id='word_1_589' title='bbox 3209 5577 3255 5607; x_wconf 76' lang='grc' dir='ltr'>οι</span> <span class='ocrx_word' id='word_1_590' title='bbox 3290 5564 3474 5607; x_wconf 69' lang='lat' dir='ltr'><strong>Nodnh</strong></span> <span class='ocrx_word' id='word_1_591' title='bbox 3501 5569 3553 5607; x_wconf 72' lang='lat' dir='ltr'><strong>ei.</strong></span> 
     </span>
    </p>
   </div>
   <div class='ocr_carea' id='block_1_78' title="bbox 344 5577 1845 5701">
    <p class='ocr_par' dir='ltr' id='par_1_78' title="bbox 344 5577 1845 5701">
     <span class='ocr_line' id='line_1_81' title="bbox 344 5577 1411 5607; baseline -0.018 -5"><span class='ocrx_word' id='word_1_592' title='bbox 344 5577 545 5607; x_wconf 65' lang='grc' dir='ltr'><strong>’τυ-νην,</strong></span> <span class='ocrx_word' id='word_1_593' title='bbox 585 5577 599 5586; x_wconf 84' lang='grc'><strong>-</strong></span> <span class='ocrx_word' id='word_1_594' title='bbox 645 5577 755 5588; x_wconf 71' lang='grc' dir='ltr'><strong>-νυ-</strong></span> <span class='ocrx_word' id='word_1_595' title='bbox 791 5577 846 5584; x_wconf 66' lang='grc' dir='ltr'><strong>ν-</strong></span> <span class='ocrx_word' id='word_1_596' title='bbox 903 5577 1052 5600; x_wconf 61' lang='grc' dir='ltr'><strong>-νιν--ν</strong></span> <span class='ocrx_word' id='word_1_597' title='bbox 1087 5577 1127 5593; x_wconf 53' lang='grc' dir='ltr'>,ν</span> <span class='ocrx_word' id='word_1_598' title='bbox 1161 5577 1172 5592; x_wconf 93' lang='grc'>.</span> <span class='ocrx_word' id='word_1_599' title='bbox 1326 5577 1336 5592; x_wconf 94' lang='grc'><strong>,</strong></span> <span class='ocrx_word' id='word_1_600' title='bbox 1397 5577 1411 5583; x_wconf 83' lang='lat'><strong>-</strong></span> 
     </span>
     <span class='ocr_line' id='line_1_82' title="bbox 344 5605 1845 5701; baseline -0.017 -17"><span class='ocrx_word' id='word_1_601' title='bbox 344 5627 548 5701; x_wconf 75' lang='grc' dir='ltr'>Ἀαρὼν</span> <span class='ocrx_word' id='word_1_602' title='bbox 585 5625 677 5681; x_wconf 71' lang='grc' dir='ltr'>τὸν</span> <span class='ocrx_word' id='word_1_603' title='bbox 707 5618 932 5691; x_wconf 71' lang='grc' dir='ltr'>ἀδελφόν</span> <span class='ocrx_word' id='word_1_604' title='bbox 983 5635 1072 5672; x_wconf 85' lang='grc' dir='ltr'><strong>σου</strong></span> <span class='ocrx_word' id='word_1_605' title='bbox 1125 5615 1217 5673; x_wconf 68' lang='grc' dir='ltr'>καὶ</span> <span class='ocrx_word' id='word_1_606' title='bbox 1248 5614 1370 5677; x_wconf 71' lang='grc' dir='ltr'>τοὺς</span> <span class='ocrx_word' id='word_1_607' title='bbox 1403 5610 1550 5674; x_wconf 67' lang='grc' dir='ltr'>υἱοὺς</span> <span class='ocrx_word' id='word_1_608' title='bbox 1601 5605 1762 5662; x_wconf 84' lang='grc' dir='ltr'>αὑτοῦ</span> <span class='ocrx_word' id='word_1_609' title='bbox 1833 5605 1845 5658; x_wconf 82' lang='lat' dir='ltr'><strong>l</strong></span> 
     </span>
    </p>
   </div>
   <div class='ocr_carea' id='block_1_79' title="bbox 1958 5577 2936 5701">
    <p class='ocr_par' dir='ltr' id='par_1_79' title="bbox 1996 5577 2936 5675">
     <span class='ocr_line' id='line_1_83' title="bbox 1996 5577 2936 5675; baseline -0.021 -20"><span class='ocrx_word' id='word_1_610' title='bbox 1996 5605 2056 5656; x_wconf 87' lang='lat' dir='ltr'><strong>ut</strong></span> <span class='ocrx_word' id='word_1_611' title='bbox 2094 5590 2398 5652; x_wconf 85' lang='lat' dir='ltr'><strong>sacerdotio</strong></span> <span class='ocrx_word' id='word_1_612' title='bbox 2427 5577 2736 5675; x_wconf 64' lang='lat' dir='ltr'><strong>iungantur</strong></span> <span class='ocrx_word' id='word_1_613' title='bbox 2766 5581 2898 5638; x_wconf 87' lang='lat' dir='ltr'><strong>mihi</strong></span> <span class='ocrx_word' id='word_1_614' title='bbox 2924 5620 2936 5636; x_wconf 97' lang='lat'><strong>.</strong></span> 
     </span>
    </p>
   </div>
   <div class='ocr_carea' id='block_1_80' title="bbox 2989 5564 3553 5634">
    <p class='ocr_par' dir='ltr' id='par_1_80' title="bbox 2989 5564 3553 5634">
     <span class='ocr_line' id='line_1_84' title="bbox 2989 5564 3553 5634; baseline -0.034 0"><span class='ocrx_word' id='word_1_615' title='bbox 2989 5577 3164 5634; x_wconf 79' lang='lat' dir='ltr'><strong>Aaron</strong></span> <span class='ocrx_word' id='word_1_616' title='bbox 3209 5577 3261 5626; x_wconf 80' lang='lat' dir='ltr'><strong>et</strong></span> <span class='ocrx_word' id='word_1_617' title='bbox 3290 5564 3474 5623; x_wconf 84' lang='lat' dir='ltr'><strong>Nadab</strong></span> <span class='ocrx_word' id='word_1_618' title='bbox 3501 5569 3553 5615; x_wconf 88' lang='lat' dir='ltr'><strong>et</strong></span> 
     </span>
    </p>
   </div>
  </div>
