3962 6296
409 210 510 263 ἨἸ

1429 206 1483 262 S.
1524 206 1803 263 CYRILLI
1837 204 2308 264 ALEXANDRIM
2338 210 2656 268 ARCHIEP.

3556 212 3662 269 7'28

406 324 587 381 Abiud
625 333 680 379 et
715 324 959 388 Eleazar,
990 331 1046 379 et
1086 322 1326 377 Ithamar
1351 321 1492 377 ﬁlios
1517 323 1699 378 Aaron
1726 323 1790 378 ".
1825 343 1842 374 ι
1876 322 1987 378 No-

2093 324 2203 378 τῶν
2239 324 2366 380 υἱῶν
2400 328 2618 400 Ἰσραὴλ
2651 327 2947 400 ἱερατεύειν
2969 345 3081 401 μοι,
3111 328 3325 401 Ἀαρὼν
3350 328 3445 382 καὶ
3473 328 3659 381 Ναδαδ

407 413 657 469 minatim
683 412 850 484 igitur
868 412 1028 469 electi
1056 412 1135 466 illi
1161 413 1265 466 viri
1290 422 1418 467 sunt
1459 412 1526 467 ad
1550 412 1840 469 sacerdotii
1868 426 1987 466 mu-

408 520 514 560 nus
535 505 735 559 vocati.
770 522 790 555 ι
822 504 1011 573 Neque
1044 502 1192 557 enim
1239 503 1344 557 sibi
1371 504 1659 574 quisquam
1688 504 1855 559 sumit
1882 504 1985 558 ho-

408 608 633 657 norem,
675 591 770 647 sed
802 594 896 663 qui
948 600 1175 647 vocatur
1214 607 1244 646 a
1289 593 1434 659 Deo,
1482 614 1500 645 ›
1534 594 1677 671 sicut
1720 595 1985 664 scriptum

406 686 491 733 est
526 679 593 733 ⁸⁸.
620 679 790 750 igitur
825 679 893 732 ad
924 678 1217 733 sacerdotii
1250 690 1470 746 munus,
1501 681 1648 750 quod
1681 696 1711 734 a
1751 680 1863 735 Deo
1887 680 1986 734 de-

406 765 603 833 fertur,
626 782 723 822 sua
746 777 939 837 sponte
960 768 1184 823 accedat
1205 783 1388 833 nemo,
1407 769 1523 835 sed,
1544 778 1605 823 ut
1627 777 1874 833 vocetur,
1895 784 1987 824 ex-

407 869 642 931 spectet;
672 860 899 931 alioqui,
942 861 987 915 si
1028 859 1216 916 divino
1247 861 1507 933 suffragio
1546 862 1773 915 minime
1805 861 1984 915 tribu-

410 959 525 1006 tum
558 966 750 1022 rapere
784 953 1099 1016 tentaverit,
1142 954 1196 1007 in
1232 952 1473 1017 easdem,
1511 950 1648 1023 quas
1678 953 1888 1007 Dathan
1933 962 1989 1007 et

407 1043 633 1109 Abiron,
670 1060 859 1115 poenas
895 1045 1117 1100 incidet.
1146 1046 1334 1115 Neque
1358 1060 1489 1101 vero
1522 1046 1621 1101 tibi
1662 1045 1863 1100 mirum
1897 1046 1982 1100 vi-

407 1132 525 1189 deri
556 1134 741 1199 debet,
768 1136 812 1189 si
852 1136 957 1191 hoc
984 1137 1180 1207 ipsum,
1205 1144 1396 1206 sponte
1422 1152 1481 1191 se
1504 1137 1758 1207 ingerere
1806 1138 1863 1191 in
1888 1153 1984 1191 no-

410 1224 513 1290 bis,
544 1225 842 1280 absurdum
868 1242 933 1281 ac
973 1234 1133 1297 turpe
1177 1226 1267 1293 sit,
1297 1226 1520 1297 quando
1552 1227 1718 1282 etiam
1760 1226 1828 1281 de
1868 1227 1988 1296 ipso

408 1315 628 1371 Christo
652 1316 844 1372 scribit
869 1317 1071 1372 Paulus
1102 1336 1114 1370 :
1149 1337 1167 1369 ι
1199 1318 1318 1373 Non
1343 1304 1698 1388 semetipsum
1725 1317 1990 1373 clariﬁca-

408 1408 507 1471 vit,
541 1416 602 1462 ut
635 1408 881 1478 pontifex
911 1408 1087 1473 ﬁeret,
1120 1408 1214 1463 sed
1247 1408 1340 1478 qui
1371 1408 1588 1464 locutus
1615 1417 1700 1463 est
1724 1407 1792 1462 ad
1818 1422 1944 1462 eum
1973 1425 1984 1461 :

410 1498 490 1551 'l‘u
517 1514 578 1553 es
606 1500 860 1555 sacerdos
882 1501 938 1554 in
959 1507 1226 1556 aeternum
1248 1500 1549 1556 secundum
1574 1500 1822 1555 ordinem
1854 1499 1987 1554 Mel-

408 1589 700 1647 cliisedecb
733 1593 800 1645 ⁸⁸.
834 1612 853 1644 ι
883 1594 1027 1664 Ergo
1060 1594 1383 1659 vocationis,
1413 1609 1520 1664 qua
1543 1592 1797 1650 Christus
1822 1607 1988 1647 voca-

411 1690 500 1736 tus
523 1698 643 1738 csse
665 1683 888 1751 dicitur,
921 1685 1098 1756 imago
1121 1692 1237 1751 est,
1265 1685 1409 1755 quod
1437 1685 1505 1739 ad
1532 1685 1749 1756 Moysen
1777 1683 1988 1753 sapien-
2019 1666 2062 1720 Β

410 1780 495 1828 ter
518 1784 604 1830 est
629 1760 836 1830 dictum
868 1794 882 1829 :
913 1794 931 1826 ι
954 1777 1023 1831 Ει
1048 1784 1128 1841 tu,
1153 1776 1363 1846 applica
1394 1775 1462 1829 ad
1502 1784 1554 1830 te
1584 1776 1762 1845 ipsum
1806 1776 1987 1829 Aaron

410 1863 635 1920 fratrem
657 1875 834 1933 tuum,
857 1875 913 1922 et
937 1866 1079 1922 ﬁlios
1101 1868 1237 1939 ejus.
1269 1887 1286 1919 »
1313 1867 1448 1921 Nam
1472 1866 1625 1932 illud,
1654 1885 1671 1917 ι
1700 1867 1931 1937 applica,
1964 1886 1980 1918 ι

408 1954 542 2023 quid
574 1956 742 2021 aliud,
765 1971 950 2027 quam,
976 1957 1211 2028 adjunge
1237 1965 1399 2027 atque
1421 1957 1627 2012 advoca
1650 1998 1665 2024 ,
1689 1957 1989 2028 signiﬁcat?

411 2043 648 2101 Vocatus
676 2054 761 2100 est
804 2055 987 2101 autem
1026 2048 1278 2107 Christus
1324 2057 1583 2118 tanquam
1615 2048 1683 2103 ad
1714 2047 1989 2118 pontiﬁcis

409 2151 609 2191 munus
635 2152 734 2207 per
757 2139 1097 2194 voluntatem
1126 2141 1341 2207 Patris;
1375 2140 1535 2195 simul
1565 2150 1748 2195 autem
1777 2156 1901 2195 cum
1922 2156 1990 2195 eo

408 2227 811 2295 quodammodo
843 2230 1043 2293 vocati,
1076 2239 1572 2301 cooperatoresque
1610 2229 1773 2285 oﬂicii
1803 2246 1988 2287 sacer-

408 2318 608 2374 dotalis
640 2320 823 2376 eﬂ'ecti
862 2331 993 2377 sunt
1035 2324 1202 2378 etiam
1240 2324 1413 2379 sancti
1458 2323 1536 2377 illi
1568 2324 1844 2393 discipuli.
1880 2324 1988 2379 Ita-

408 2425 514 2479 que
540 2411 704 2465 etiam
742 2421 930 2482 aperte
961 2413 1219 2469 dicebant
1247 2432 1259 2467 :
1298 2434 1315 2466 ι
1357 2414 1454 2469 Dei
1479 2414 1867 2485 cooperatores
1893 2430 1988 2470 su-

407 2516 531 2556 mus
560 2502 623 2556 ⁸⁷.
661 2522 679 2553 ι
709 2501 941 2561 Omnem
974 2513 1234 2575 praiterea
1268 2506 1460 2561 orbem
1488 2514 1759 2562 terrarum
1789 2508 1989 2562 circui-

409 2592 559 2657 hant,
592 2594 965 2650 sacriﬁcantes
991 2595 1340 2668 in'gentihus
1376 2598 1731 2669 Evangelium
1764 2598 1987 2655 Christi.

406 2684 666 2750 Quamvis
693 2687 841 2740 enim
867 2688 1048 2743 vocati
1077 2690 1187 2743 sint
1225 2690 1300 2743 illi
1333 2691 1554 2760 quidem
1585 2707 1683 2761 per
1711 2690 1990 2747 Christum

406 2776 475 2831 ad
516 2778 900 2845 apostolatum,
943 2778 1108 2849 idque
1142 2780 1426 2835 verissime
1466 2780 1703 2845 dicatur,
1747 2789 1867 2836 erat
1909 2790 1990 2837 la-

407 2883 534 2924 men
575 2869 627 2923 id
668 2885 896 2940 prorsus
924 2884 993 2923 ex
1018 2869 1296 2925 voluntate
1325 2871 1503 2926 Patris
1530 2889 1543 2924 :
1574 2887 1682 2926 una
1727 2881 1811 2928 est
1842 2872 1989 2927 enim

2087 416 2182 469 καὶ
2227 416 2460 483 'A6tob5,
2493 422 2586 473 καὶ
2627 420 2910 493 Ἐλεάζαρ,
2950 421 3045 476 καὶ
3089 421 3316 494 ἰθάμαρ
3356 424 3504 485 υἱοὺς
3535 422 3663 474 ‘Aa-

2089 509 2217 581 ρὼν.
2266 531 2285 565 ι
2342 513 2635 585 Ὀνομαστὶ
2676 515 2774 584 μὲν
2812 510 2905 569 οῦν
2939 515 2988 567 οἱ
3033 515 3325 569 ἀπόλεκτοι
3366 515 3660 585 κέκληνται

2087 601 2224 671 πρὸς
2275 604 2607 676 ἱερουργίαν.
2646 624 2664 657 ι
2710 605 2783 658 Ού
2816 606 2924 677 γὰρ
2954 606 3131 677 ἑαυτῷ
3152 624 3234 670 τις
3264 605 3531 676 λαμὸάνει
3563 606 3663 674 τὴν

2086 695 2273 767 τιμὴν,
2324 697 2440 751 ἀλλ’
2478 699 2506 751 6
2537 696 2870 768 καλούμενος
2896 697 3001 752 ὑπὸ
3036 697 3132 752 τοῦ
3171 697 3329 762 Θεοῦ,
3368 716 3386 750 ι
3430 696 3574 751 κατά
3600 697 3662 750 τὺ

2088 789 2491 860 γεγραμμένον.
2527 791 2651 844 ’Ίτω
2675 790 2740 861 δὴ
2779 786 2872 845 οῦν
2907 791 3207 861 αὐτόμολος
3242 792 3337 862 μὲν
3375 789 3562 861 μηδεὶς
3582 792 3661 853 εἰς

2088 879 2148 933 τὺ
2176 879 2477 951 ἱερατεύειν
2508 880 2587 951 τῷ
2610 880 2751 952 Θεῷ,
2783 883 3125 953 περιμενέτω
3152 881 3208 935 δὲ
3236 882 3447 952 κλῆσιν,
3470 883 3660 952 ήγουν,

2090 971 2357 1042 ἁρπάζειν
2388 974 2706 1045 ἐπιχειρῶν,
2742 974 2771 1027 6
2810 976 2883 1046 μὴ
2910 977 3031 1039 ταῖς
3064 974 3269 1030 ἀνωθεν
3301 974 3411 1044 ἔχει
3439 974 3661 1044 ψήφοις,

2087 1061 2182 1133 τὴν
2212 1065 2388 1119 Δαθάν
2413 1083 2471 1120 τε
2498 1065 2594 1120 καὶ
2634 1065 2900 1137 Ἀϐειρὼν
2928 1067 3118 1137 ὑφέξει
3140 1067 3318 1137 δίκην.
3351 1066 3464 1120 Καὶ
3505 1067 3665 1137 μήτοι

2093 1153 2381 1227 θαυμάσῃς
2409 1159 2457 1211 εί
2489 1158 2551 1211 τὸ
2576 1159 2872 1230 αὐτόμολον
2896 1161 2980 1229 ἐφ’
3014 1159 3172 1230 ἡμῶν
3204 1158 3433 1212 ἔκτοπόν
3459 1174 3519 1211 τε
3570 1156 3666 1211 καὶ

2088 1249 2343 1315 ἀκαλλὲς,
2388 1250 2478 1303 ὅτε
2526 1252 2620 1305 καὶ
2663 1253 2790 1322 περὶ
2834 1251 3001 1305 αὐτοῦ
3047 1252 3141 1304 τοῦ
3193 1250 3432 1322 Χριστοῦ
3460 1252 3666 1321 γράφει

2090 1338 2320 1403 Παῦλος,
2358 1356 2376 1390 ι
2415 1340 2526 1411 Οὐχ
2559 1341 2751 1394 ἑαυτὸν
2801 1339 3021 1405 ὲδόξασε
3050 1339 3348 1410 γενηθῆναι
3377 1338 3664 1411 ἀρχιερέα,

2088 1430 2201 1484 ἀλλ’
2224 1433 2252 1485 6
2277 1431 2518 1503 λαλήσας
2541 1432 2676 1503 πρὸς
2706 1433 2888 1498 αὐτὸν,
2916 1422 3009 1486 ’Σὺ
3042 1435 3221 1505 ἱερεὺς
3252 1434 3331 1496 είς
3370 1431 3460 1485 τὸν
3494 1429 3666 1483 αἰῶνα

2090 1521 2231 1577 κατά
2258 1523 2356 1593 τὴν
2387 1522 2541 1589 τάξιν
2569 1523 2922 1593 Μελχισεδέκ.
2962 1543 2981 1576 ι
3017 1523 3270 1595 Κλήσεως
3298 1518 3390 1576 οῦν
3428 1522 3537 1593 ἄρα
3564 1524 3665 1592 τῆς

2090 1616 2183 1669 ἐπὶ
2238 1616 2461 1689 Χριστῷ
2509 1616 2808 1687 λεγομένης
2839 1616 2999 1671 είκὼν
3031 1617 3097 1671 ἂν
3132 1616 3216 1687 εἴη
3253 1616 3411 1669 πάλιν
3438 1615 3501 1668 τὸ
3532 1615 3668 1684 πρὸς

2091 1704 2288 1759 Μωσέα
2319 1705 2498 1775 σοφῶς
2537 1707 2846 1778 εἰρημένον,
2878 1726 2897 1758 ι
2936 1708 3046 1761 Καὶ
3069 1708 3133 1760 σὺ
3153 1707 3503 1777 προσαγάγου
3531 1704 3671 1776 πρὸς

2091 1797 2284 1851 ἑαυτὸν
2312 1797 2405 1851 τόν
2425 1815 2483 1850 τε
2514 1796 2727 1869 Ἀαρὼν
2744 1798 2836 1852 τὸν
2858 1797 3085 1867 ἀδελφόν
3110 1814 3225 1860 σου,
3252 1800 3347 1851 καὶ
3364 1797 3491 1860 τοὺς
3519 1799 3672 1859 υἱοὺς

2090 1888 2273 1943 αὐτοῦ.
2324 1908 2341 1939 ι
2394 1890 2467 1942 Τὸ
2515 1888 2623 1962 γὰρ
2658 1908 2677 1943 ι
2734 1891 3107 1962 προσαγάγου,
3144 1909 3163 1943 ι
3212 1889 3266 1943 τί
3297 1890 3484 1960 ἕτερον
3518 1889 3552 1959 ἢ
3581 1890 3669 1952 τὸ.

2089 1979 2368 2045 οἰκείωσαί
2412 1996 2469 2035 τε
2524 1981 2620 2035 καὶ
2674 1982 2999 2053 προσκάλει,
3045 1980 3227 2053 δηλοί;
3269 1980 3549 2051 Κέκληται
3608 1980 3671 2035 δὲ

2052 2130 2057 2151 ⁸
2088 2073 2280 2144 ὥσπερ
2301 2073 2380 2135 εἰς
2400 2073 2659 2144 ἀρχιερέα
2692 2073 2928 2144 Χριστὸς
2973 2070 3064 2127 διὰ
3091 2072 3280 2143 βουλῆς
3301 2072 3394 2126 τοῦ
3429 2071 3665 2143 Πατρός.

2091 2165 2499 2237 Συγκέκληνται
2533 2166 2590 2219 δὲ
2617 2165 2818 2238 τρόπον
2847 2164 2968 2219 τινά
2994 2164 3143 2235 αὐτῷ
3185 2166 3279 2218 καὶ
3309 2163 3559 2235 συνεργοὶ
3586 2163 3672 2217 τέ-

2091 2257 2295 2311 θεινται
2326 2257 2462 2330 πρὸς
2500 2257 2811 2329 ἱερουργίαν
2865 2258 2959 2310 καὶ
2992 2259 3039 2310 oi
3088 2256 3365 2309 θεσπέσιοι
3402 2253 3664 2325 μαθηταί.

2092 2349 2378 2421 Τοιγάρτοι
2409 2350 2501 2404 καὶ
2530 2349 2828 2422 διαρρήδην
2851 2349 3110 2418 ἔφασκον,
3146 2368 3164 2401 ι
3204 2348 3340 2401 Θεοῦ
3363 2348 3473 2416 γάρ
3499 2349 3670 2416 ἐσμεν

2094 2443 2372 2512 συνεργοί·
2429 2460 2448 2493 ι
2502 2442 2863 2513 περιεφοίτων
2895 2440 2952 2494 δὲ
2998 2435 3064 2493 αὖ
3120 2440 3214 2492 καὶ
3244 2440 3345 2510 τὴν
3392 2439 3481 2506 ὑφ’
3512 2436 3668 2507 ἥλιον

2092 2534 2292 2596 πᾶσαν,
2356 2532 2766 2605 ἱερουργοῦντες
2816 2534 2899 2596 είς
2944 2532 3015 2585 τὰ
3060 2530 3187 2602 ἔθνη
3226 2530 3298 2587 πὸ
3338 2527 3669 2597 Εὐαγγέλιον

2091 2614 2351 2696 Χριστοῦ.
2410 2624 2720 2695 Κέκληνται
2781 2624 2880 2693 μὲν
2936 2623 3045 2693 γὰρ
3093 2623 3173 2685 είς
3220 2620 3520 2691 ἀποστολὴν
3576 2619 3668 2672 διά

2090 2717 2349 2789 Χριστοῦ,
2382 2717 2477 2772 καὶ
2510 2716 2719 2788 ἀληθὴς
2750 2718 2777 2769 ὁ
2806 2717 2987 2786 λόγος.
3035 2715 3174 2768 Ἀλλ’
3213 2709 3283 2785 ἦν
3313 2731 3414 2767 που
3446 2713 3672 2777 πάντως

2091 2810 2153 2863 τὸ
2184 2811 2372 2881 χρῆμα
2394 2810 2486 2863 καὶ
2515 2809 2649 2863 αὐτὸ
2679 2809 2906 2881 θελητὸν
2943 2807 3023 2880 τῷ
3050 2807 3227 2879 Πατρί
3246 2825 3258 2837 ·
3291 2807 3388 2876 μία
3435 2805 3541 2876 γὰρ
3578 2806 3671 2872 ἐφ’

2064 2888 2265 2957 ⁸ἅπασι
2306 2904 2420 2965 τοῖς
2468 2901 2763 2973 δρωμένοις
2794 2903 2827 2971 ή
2856 2900 3056 2969 ψῆφος,
3087 2900 3172 2953 ὅτι
3215 2898 3309 2952 καὶ
3359 2897 3521 2967 βουλὴ
3568 2897 3667 2950 καὶ⁵

408 2961 467 3015 in
493 2961 782 3028 omnibus,
828 2978 950 3032 quae
1000 2972 1304 3035 geruntur,
1351 2965 1635 3035 utriusque
1680 2965 1985 3030 sententia,

2094 2989 2253 3059 σοφία
2286 2989 2380 3042 καὶ
2401 2961 2414 2965 ν
2435 2961 2651 3058 θέλησις
2700 2961 2796 3041 τοῦ
2815 2961 3053 3058 ἰίατρὸς
3127 2990 3155 3041 6
3191 2987 3340 3051 Υίός.
3359 2961 3370 2967 -
3390 2961 3597 3040 Οὐκοῦν
3637 2988 3668 3039 6

408 3055 612 3129 quippe
641 3071 765 3111 cum
796 3058 976 3115 Patris
1003 3065 1060 3113 et
1091 3059 1380 3121 consilium
1414 3068 1471 3113 et
1501 3060 1769 3130 sapientia
1805 3068 1861 3116 et
1886 3075 1987 3115 vo—

410 3148 591 3202 luntas
619 3149 690 3203 sit
719 3149 909 3204 Filius.
944 3150 1041 3205 Est
1068 3151 1235 3221 igitur
1268 3150 1450 3205 Aaron
1478 3151 1680 3208 Christi
1712 3140 1904 3223 ﬁgura,
1934 3162 1990 3209 et

408 3239 562 3295 illius
601 3242 915 3309 sacerdotii,
946 3243 1093 3314 quod
1123 3243 1177 3298 in
1214 3245 1411 3314 spiritu
1441 3252 1497 3300 et
1520 3245 1752 3303 veritate
1782 3245 1989 3300 intelli-

410 3331 576 3401 gitur,
620 3334 869 3403 quzedam
903 3344 966 3390 ut
1013 3336 1069 3392 in
1119 3339 1331 3395 umbris
1364 3341 1544 3396 adhuc
1576 3341 1992 3398 obscurioribus

411 3424 778 3495 prmsignatio.
826 3426 1215 3485 Animadverte
1260 3440 1444 3487 autem
1468 3432 1654 3502 juberi
1700 3432 1890 3504 Moysi,
1931 3444 1993 3489 ut

411 3516 647 3584 applicet
684 3517 752 3571 ad
782 3534 841 3573 se
870 3518 1086 3587 Aaron;
1134 3522 1351 3577 inﬁrma
1379 3522 1526 3580 enim
1559 3532 1644 3579 est
1679 3524 1768 3579 lcx
1795 3531 1851 3580 et
1885 3526 1992 3580 im-

412 3605 673 3673 perfecta,
701 3607 745 3662 si
777 3623 806 3661 a
835 3607 1056 3664 Christo
1082 3608 1414 3681 disjungitur
1446 3629 1459 3665 :
1495 3631 1513 3662 ι
1545 3611 1888 3681 Impossibile
1909 3621 1994 3669 est

410 3696 557 3750 enim
588 3699 851 3769 sanguine
883 3707 1166 3755 taurorum
1202 3709 1259 3755 et
1291 3702 1573 3758 hircorum
1616 3704 1819 3759 auferri
1860 3722 1991 3777 pec-

413 3798 531 3843 cata
572 3789 637 3847 ⁸⁸.
670 3810 688 3841 ι
719 3789 881 3859 377
908 3791 1161 3847 Christus
1192 3802 1375 3849 autem
1414 3811 1579 3849 unam
1610 3811 1712 3866 pro
1737 3807 1991 3866 peccato-

412 3879 569 3933 ribus
591 3894 716 3933 cum
741 3880 1039 3936 obtulisset
1065 3881 1320 3948 hostiam,
1344 3888 1742 3940 consummavit
1764 3888 1817 3940 in
1847 3903 1992 3942 sem-

415 3972 692 4042 piternum
740 3972 1124 4029 sanetiﬁcatos.
1176 3974 1362 4030 Sciant
1396 3976 1563 4046 igitur
1606 3978 1701 4047 qui
1747 3978 1993 4033 umbram

413 4063 597 4119 adhuc
634 4072 692 4120 et
720 4064 959 4120 litteram
1008 4066 1272 4139 diligunt,
1319 4076 1375 4124 et
1427 4068 1676 4124 Mosaicis
1725 4070 1996 4127 mandatis

415 4157 694 4214 mordicus
728 4158 1130 4234 adhaerescunt,
1176 4159 1281 4216 nisi
1321 4161 1424 4216 sibi
1470 4162 1604 4233 ipsis
1649 4163 1997 4235 adjunxerint

416 4256 580 4320 atque
609 4251 1007 4321 applicaverint
1036 4251 1372 4308 sacerdotem
1415 4254 1570 4309 illum
1608 4264 1663 4309 et
1691 4258 1994 4329 apostolum

2104 3082 2311 3152 Ἀαρὼν
2343 3080 2512 3144 τύπος
2535 3080 2601 3135 ἂν
2635 3081 2719 3153 εἴη
2770 3080 3032 3152 Χριστοῦ,
3063 3083 3157 3135 καὶ
3182 3084 3282 3154 τῆς
3309 3082 3366 3135 ἐν
3398 3078 3674 3152 πνεύματί

2090 3191 2150 3227 τε
2182 3174 2276 3227 καὶ
2309 3172 2539 3245 ἀληθείᾳ
2567 3173 2867 3243 νοουμένης
2895 3173 3214 3245 ἱερωσύνης,
3241 3173 3402 3227 οἱονεὶ
3432 3173 3676 3243 προανά-

2089 3265 2274 3335 δειξις,
2306 3263 2381 3328 ὡς
2416 3266 2474 3317 ὲν
2509 3266 2689 3327 σκιαῖς
2715 3264 2796 3317 ἔτι
2826 3266 2945 3326 ταῖς
2983 3264 3398 3339 ἀμυδροτέραις.
3424 3266 3585 3329 Σύνες
3611 3265 3673 3319 δὲ

2089 3360 2193 3413 ὅτι·
2228 3357 2621 3428 προστάττεται
2656 3356 2861 3426 Μωσῆς
2894 3355 3345 3427 προσαγαγέσθαι
3370 3356 3507 3426 πρὸς
3538 3357 3673 3409 ὲαυο

2093 3451 2182 3504 τὸν
2210 3450 2301 3503 τόν
2347 3466 2409 3502 τε
2459 3447 2668 3520 Ἀαρών
2688 3466 2701 3480 ο
2740 3447 2970 3520 ἀσθενὴς
2992 3448 3100 3517 γάρ
3147 3466 3264 3512 πως
3298 3448 3393 3501 καὶ
3424 3447 3620 3517 ἀτελὴς
3645 3450 3680 3501 6

2092 3543 2275 3612 νόμος,
2300 3542 2349 3594 εί
2378 3540 2474 3593 καὶ
2495 3538 2911 3609 άπονοσφίζοιτο
2936 3538 3029 3593 τοῦ
3050 3538 3309 3610 Χριστοῦ.
3331 3558 3350 3590 ι
3385 3538 3676 3592 Ἀδύνατον

2094 3635 2204 3706 γὰρ
2234 3628 2374 3704 αἷμα
2406 3632 2625 3704 ταύρων
2660 3633 2754 3687 καὶ
2783 3631 3002 3703 τράγων
3032 3632 3285 3702 ἀφαιρεῖν
3310 3629 3606 3700 ἁμαρτίας,
3651 3648 3671 3679 ι

2094 3726 2329 3797 Χριστὸς
2356 3724 2413 3777 δὲ
2450 3725 2579 3794 μίαν
2609 3722 2753 3793 ὑπὲρ
2787 3721 3131 3793 ἁμαρτωλῶν
3175 3722 3546 3792 προσενέγκας
3575 3720 3677 3777 θυ-

2097 3821 2237 3885 σίαν,
2265 3817 2617 3871 τετελείωκεν
2645 3818 2725 3879 είς
2758 3814 2819 3868 τὸ
2845 3814 3089 3885 διηνεκὲς
3109 3815 3234 3878 τοὺς
3256 3812 3673 3885 ἁγιαζομένους.

2099 3912 2365 3965 Ἴστωσαν
2391 3909 2455 3980 δὴ
2496 3905 2587 3963 οὖν
2628 3909 2677 3961 οἱ
2711 3908 2870 3971 σκιᾶς
2902 3904 2981 3959 ἔτι
3019 3907 3114 3959 καὶ⁸
3146 3905 3473 3977 γράμματος
3503 3906 3673 3975 φίλοι,

2096 3999 2191 4054 καὶ
2222 3998 2535 4053 Μωσαῖκῶν
2564 3996 2914 4067 ὲνταλμάτων
2946 3994 3347 4065 κατηξιωμένοι
3378 3994 3475 4067 (l),
3519 3995 3595 4058 ὡς
3620 3998 3674 4049 εί

2101 4091 2175 4163 μὴ
2210 4089 2646 4162 προσαγάγοιντο
2683 4086 2822 4158 πρὸς
2856 4087 3087 4150 ἑαυτοὺς
3127 4086 3218 4140 τὸν
3267 4087 3531 4159 ἀρχιερέα
3574 4090 3677 4142 καὶ

2098 4182 2392 4238 ἀπόστολον
2421 4184 2520 4252 τῆς
2549 4179 2836 4252 ὁμολογίας
2862 4177 3018 4250 ἡμῶν
3056 4178 3263 4250 Ἰησοῦν
3295 4177 3387 4231 τὸν
3414 4178 3673 4250 Χριστὸν,

2099 4278 2177 4339 είς
2208 4274 2361 4327 οὐδὲν
2389 4274 2573 4336 αὐτοῖς
2601 4271 2702 4342 τῆς
2734 4273 2790 4324 ὲν
2822 4270 2978 4342 τύπῳ
3004 4270 3260 4341 λατρείας
3292 4268 3584 4339 καταλήξει
3612 4269 3678 4322 τὸ

415 4341 775 4398 confessionis
809 4351 1027 4409 nostrae,
1059 4343 1246 4399 Jesum
1269 4343 1570 4412 Christum,
1596 4348 1730 4403 illud
1752 4349 1989 4404 studium

2100 4365 2438 4436 σπούδασμα.
2471 4365 2609 4419 Ποῖα
2644 4341 2753 4435 γὰρ
2783 4362 2849 4417 ἀν
2879 4341 2993 4415 εἷεν
3024 4361 3176 4433 παρά
3195 4378 3258 4429 γε
3286 4359 3363 4431 τῷ
3403 4359 3679 4429 φιλαρέτῳ

417 4435 596 4492 cultus
623 4436 679 4491 in
706 4435 875 4506 ﬁgura
902 4437 1133 4492 exhibiti
1163 4453 1365 4492 vanum
1392 4448 1448 4493 et
1475 4439 1689 4494 irritum
1718 4440 1855 4497 fore.
1874 4442 1993 4509 Quo

415 4529 563 4583 enim
588 4545 820 4585 numero
844 4530 954 4585 sint
982 4531 1127 4602 apud
1148 4532 1370 4586 virtutis
1394 4541 1668 4588 amantem
1705 4534 1876 4589 Deum
1904 4535 1993 4589 illa

416 4622 539 4677 vitae
573 4623 876 4678 secundum
904 4625 1078 4695 legem
1109 4632 1244 4680 aeta:
1267 4626 1619 4687 ornamenta?
1646 4627 1831 4696 Itaque
1854 4628 1995 4682 Pau-

414 4711 501 4765 lus
522 4711 614 4767 ille
635 4713 720 4767 vir
735 4712 1171 4783 sapientissimus
1193 4723 1417 4784 prepter
1436 4714 1768 4770 eminentem
1789 4715 1991 4772 Christi

416 4804 720 4870 scientiam,
756 4813 815 4859 ut
845 4812 1083 4860 stercora
1111 4821 1168 4861 se
1199 4806 1451 4861 arbitrari
1492 4815 1741 4871 testatur,
1780 4824 1901 4877 quae
1938 4808 1992 4862 in

414 4895 622 4951 mundo
658 4905 788 4951 sunt
830 4898 1036 4963 omnia,
1066 4898 1256 4967 eisque
1289 4897 1592 4968 spiritualia
1622 4897 1876 4967 praeferre
1916 4899 1993 4964 3’;

418 4986 583 5055 idque
611 4994 718 5052 est,
746 4988 1049 5043 secundum
1065 4989 1441 5043 sublimiorem
1459 5004 1702 5053 sensum,
1723 4989 1995 5065 applicare

415 5076 482 5130 ad
516 5093 573 5131 se
604 5078 805 5132 Aaron.
1062 5098 1077 5122 ν
1483 5070 1495 5084 ’

487 5168 685 5223 PALL.
743 5170 927 5226 Teneo
966 5173 1100 5243 quid
1143 5173 1279 5229 velis
1318 5191 1332 5226 :
1369 5172 1657 5244 perspicua
1708 5181 1792 5227 est
1841 5173 1989 5227 enim

416 5262 614 5315 oratio.

486 5353 887 5428 CYR.Applica
919 5358 1087 5430 igitur
1123 5359 1189 5414 ad
1224 5366 1297 5425 te,
1334 5358 1531 5429 inquit,
1558 5357 1739 5413 Aaron
1765 5358 1988 5415 fratrem

487 5479 532 5552 ξε
574 5483 746 5537 Exod.
784 5500 967 5549 xxviii,
1006 5484 1056 5538 1.
1167 5483 1213 5517 ⁸⁵
1241 5486 1408 5543 Hebr.
1438 5488 1560 5552 v,4.

421 5549 720 5623 "Philipp.
744 5570 820 5619 ιιι,
842 5554 893 5607 8.

492 5665 567 5739 (ί)
601 5666 735 5721 Cod.
773 5668 916 5737 Vat.,
950 5670 1115 5742 ἀπρὶξ

1674 5484 1721 5518 ⁸⁸
1748 5486 1887 5542 Ibid.
1912 5487 1967 5553 5,
1999 5486 2052 5541 6.

2091 4459 2211 4529 Θεῷ
2265 4460 2362 4529 τῆς
2394 4460 2450 4512 ὲν
2474 4457 2621 4529 νόμῳ
2644 4456 2787 4527 ζωῆς
2813 4455 2882 4509 τὰ
2908 4455 3202 4526 αὐχήματα
3226 4472 3242 4521 ;
3269 4452 3557 4523 Τοιγάρτοι
3578 4453 3679 4505 καὶ

2091 4549 2302 4613 Παῦλος
2330 4553 2459 4621 ἡμῖν
2489 4550 2518 4600 6
2555 4549 2881 4618 σοφώτατος,
2907 4548 2996 4602 διά
3026 4548 3087 4601 τὸ
3111 4545 3378 4618 ὑπερέχον
3402 4548 3500 4617 τῆς
3528 4544 3676 4613 γνὼ-

2094 4658 2231 4706 σεως
2254 4642 2351 4713 τῆς
2371 4640 2631 4711 Χριστοῦ,
2659 4639 2905 4694 σκύϐαλα
2934 4640 3033 4711 μὲν
3049 4637 3302 4709 ἡγεῖσθαι
3318 4636 3384 4691 τὰ
3403 4639 3460 4690 ὲν
3482 4636 3677 4708 κόσμῳ

2094 4733 2278 4805 φησὶν,
2312 4730 2633 4785 ἀνθελέσθαι
2660 4729 2716 4784 δὲ
2736 4730 2807 4784 τά
2839 4728 3220 4800 πνευματικά’
3246 4729 3339 4782 καὶ¹
3372 4725 3532 4780 τοῦτό
3554 4727 3675 4780 ἐστι

2095 4824 2322 4897 νοητῶς,
2372 4823 2434 4877 τὸ
2479 4822 2852 4900 προσάγεσθαι
2896 4822 3029 4894 πρὸς
3088 4821 3282 4877 ἑαυτὸν
3335 4819 3499 4875 αὐτὸν
3577 4817 3672 4872 τὸν

2104 4916 2333 4986 Ἀαρών.
2955 4935 2962 4941 θ

2168 5182 2375 5237 ΠΑΛΛ.
2409 5180 2640 5251 Συνίημι
2670 5180 2699 5232 ὃ
2728 5179 2830 5251 φῄς
2853 5195 2865 5209 °
2896 5177 3070 5250 σαφὴς
3094 5179 3203 5249 γὰρ
3242 5181 3269 5233 ό
3297 5177 3474 5247 λόγος.

2166 5360 2329 5415 ΚΥΡ.
2389 5356 2749 5430 Προσαγάγου
2795 5356 3004 5423 τοίνυν,
3060 5358 3214 5428 φησὶ,
3268 5356 3401 5427 πρὸς
3478 5357 3671 5410 ἑαυτὸν

2158 5484 2255 5539 ιιι
2302 5484 2427 5539 Cor.
2455 5500 2534 5549 ιιι,
2580 5482 2643 5550 9;
2704 5481 2862 5538 item.
2922 5497 3031 5549 xw,
3072 5479 3123 5537 5.
3200 5479 3246 5511 "
3284 5479 3452 5536 Ιῖοὶπι
3508 5496 3571 5551 ιι,
3614 5482 3671 5549 i-

1149 5672 1401 5744 ἡμμένοι,
1434 5675 1579 5744 quod
1615 5677 1890 5747 interpres
1917 5671 2177 5730 reddidit.
