3962 6296
158 264 255 321 729

870 263 961 318 DE
997 263 1438 321 ADORATIONE
1477 267 1543 322 IN
1588 268 1856 324 SPIRITU
1898 270 1987 323 ET
2027 266 2397 323 VERITATE.
2433 299 2503 308 ——
2539 266 2668 321 LIB.
2708 265 2801 320 Xl.

3336 268 3439 325 730

169 375 379 452 Ἀαρὼν
401 376 496 431 τδν
523 375 757 445 ἀδελφόν
793 393 907 443 σου,
938 379 1032 432 καὶ
1052 379 1275 433 καθ’ἒτε
1287 398 1395 451 ρον,
1429 376 1607 451 οἶμαι,
1626 382 1751 453 τρό-

1864 388 2052 446 tuum;
2095 379 2201 434 aiia
2249 390 2469 449 quoque
2501 377 2735 442 ratione,
2781 367 3101 450 ut.0pinor,
3129 380 3235 435 hoc
3260 382 3439 452 ipsum

164 489 280 538 πον,
309 469 370 523 τὸ
397 469 597 540 χρῆμα
640 468 798 531 είδὼς
831 470 932 523 οὐκ
983 471 1280 535 άσυντελὲς
1309 474 1387 536 είς
1427 472 1613 544 ὄνησιν
1644 472 1742 544 τὴν

163 565 234 628 ὡς
251 565 307 615 ὲν
332 563 518 632 νοήσει
549 563 893 632 πνευματικῇ
917 580 930 593 ·
960 561 1114 626 σύνες
1142 562 1197 616 δὲ
1215 563 1243 616 ὃ
1272 564 1435 635 φημί.
1455 565 1745 618 Ἀπεστέλ-

167 654 285 706 λετο
324 653 420 722 μὲν
454 650 569 722 γάρ
602 650 830 720 Μωσῆς,
856 651 956 721 τῆς
983 653 1041 703 ὲν
1084 652 1344 724 Αίγύπτῳ
1367 653 1744 725 ταλαιπωρίας

170 744 474 816 ἑκκομίζων
498 744 592 797 τὸν
635 743 874 813 Ἰσραήλ.
910 740 1043 796 Εἶτα
1075 745 1173 813 τὴν
1201 744 1489 816 ἀνθρώπου
1517 745 1745 816 δύναμιν

171 836 612 909 ὕπερανεστηκὸς
642 837 803 903 ἄγαν,
843 835 938 889 καὶ
959 834 1103 907 πέρα
1132 834 1195 906 δὴ
1221 834 1436 907 μέτρων
1469 838 1566 907 τῆς
1595 835 1745 889 ἐνού-

171 945 266 1000 σης
296 927 480 997 ίσχύος
516 944 576 979 τε
624 927 718 979 καὶ
766 926 1099 994 εὐγλωττίας
1142 926 1290 998 αύτῷ
1340 927 1401 980 τὸ
1438 928 1745 998 ἐγχείρημα

172 1020 399 1091 βλέπων,
443 1018 700 1089 ἐλιπάρει
746 1017 921 1085 λέγων
948 1035 962 1050 ·
1001 1038 1019 1070 ι
1066 1018 1197 1072 Ἰδοὺ
1235 1019 1334 1072 οὐκ
1371 1017 1596 1082 εὔλαλός
1632 1022 1743 1089 είμι

171 1113 270 1183 πρὸ
290 1113 391 1183 τῆς
415 1111 566 1182 χθὲς,
595 1110 718 1163 οὐδὲ
750 1104 854 1183 πρὸ
878 1110 976 1181 τῆς
1004 1110 1214 1180 τρίτης,
1239 1110 1358 1164 οὐδὲ
1384 1112 1476 1179 ἀφ’
1507 1105 1567 1165 οὗ
1598 1112 1747 1183 ἤρξω

169 1204 341 1257 λαλεῖν
371 1202 451 1273 τῷ
473 1201 768 1272 θεράποντί
793 1218 909 1261 σου,
941 1201 1265 1273 ἰσχνόφωνος
1283 1203 1375 1254 καὶ
1400 1201 1749 1273 βραδύγλωσ-

176 1297 257 1359 σός
288 1297 409 1365 είμι
438 1293 574 1362 ἐγώ.
618 1314 634 1344 ι
670 1292 806 1346 Θεοῦ
842 1293 899 1346 δὲ
943 1294 1079 1365 πρὸς
1127 1293 1321 1354 ταῦτα.
1363 1313 1380 1345 ι
1435 1294 1532 1356 Τίς
1580 1295 1746 1349 ἔδωκε

174 1388 343 1456 στόμα
362 1384 459 1438 άνθ
472 1383 659 1455 ρώπῳ,
693 1403 710 1436 ι
742 1383 1013 1451 λέγοντος,
1045 1402 1064 1435 ι
1104 1383 1188 1447 τίς
1223 1384 1445 1452 ἐποίησε
1464 1370 1747 1454 δύσκωφον

172 1480 258 1533 καὶ
279 1478 487 1545 κωφὸν,
528 1476 791 1547 βλέποντα
824 1475 919 1530 καὶ
950 1475 1150 1547 τυφλόν
1174 1493 1188 1541 ;
1227 1477 1327 1529 οὐκ
1356 1476 1466 1545 ἐγὼ
1495 1477 1699 1548 Κύριος
1722 1479 1749 1530 ὀ

171 1570 333 1637 Θεός;
381 1569 476 1622 καὶ
505 1568 601 1622 νῦν
649 1566 904 1640 πορεύου,
944 1568 1039 1622 καὶ
1069 1567 1179 1636 ἐγὼ
1232 1569 1427 1636 άνοίξω
1463 1569 1524 1622 τὸ
1578 1569 1748 1638 στόμα

173 1678 279 1714 σου.
329 1678 351 1712 ι
387 1661 498 1731 Τῆς
545 1659 655 1713 τῶν
696 1659 1136 1730 κατορθωμάτων
1175 1658 1452 1730 ὑπεροχῆς
1492 1658 1743 1730 ἡττώμε-

1849 472 1915 526 ad
1965 471 2271 542 spiritualis
2302 470 2676 540 intelligentia:
2703 470 2940 524 fructum
2974 473 3223 528 nonnihil
3258 475 3441 531 valere
3498 462 3507 471 ’

1850 562 2068 626 sciens;
2104 559 2200 615 sed
2238 560 2387 629 quod
2443 560 2695 615 dicturus
2739 575 2898 625 sum,
2952 561 3204 617 advertas
3251 565 3437 620 velim.

1850 651 2167 707 Mittebatur
2198 667 2435 721 namque
2458 651 2689 722 Moyses,
2730 661 2791 705 ut
2820 666 2886 705 ex
2907 651 3121 722 IEgypti
3145 653 3440 712 afﬂictione

1851 742 2107 797 lsraelem
2143 742 2409 797 educeret
2436 760 2450 808 ;
2483 743 2577 813 qui
2604 759 2729 797 cum
2752 744 3010 799 humanis
3032 745 3246 800 viribus
3267 748 3442 801 multo

1852 834 2221 899 antecellere,
2277 850 2501 905 suaeque
2569 835 2844 890 facultatis
2898 845 3062 907 atque
3117 838 3443 908 eloquentiae

1852 925 2078 979 modum
2129 941 2388 996 superare
2429 926 2563 980 illud
2605 942 2743 996 Opus
2788 928 3160 999 intelligeret,
3220 931 3445 1001 rogabat

1853 1017 2041 1072 dicens
2077 1036 2089 1070 :
2128 1037 2145 1068 ι
2184 1017 2326 1072 Ecce
2358 1033 2467 1071 non
2491 1033 2610 1072 sum
2650 1018 2913 1088 eloquens
2940 1030 3066 1075 ante
3100 1021 3441 1086 hesternum,

1852 1123 2033 1177 neque
2085 1118 2210 1163 ante
2259 1108 2464 1164 nudius
2511 1110 2805 1164 tertianum
2838 1110 3005 1177 diem,
3034 1128 3214 1183 neque
3244 1130 3309 1169 ex
3335 1132 3445 1186 quo

1838 1188 2069 1270 ‘coépisti
2124 1201 2275 1271 loqui
2325 1201 2394 1255 ad
2455 1217 2678 1257 servum
2728 1212 2929 1268 tuum;
2968 1205 3156 1274 gracili
3206 1221 3443 1278 namque

1852 1306 1987 1346 voce
2044 1309 2107 1347 ac
2138 1293 2324 1363 lingua
2349 1293 2593 1348 tardiore
2618 1311 2739 1349 sum
2767 1312 2868 1365 ego
2895 1294 2959 1349 νο.
2996 1317 3012 1347 ι
3054 1297 3132 1352 Ad
3157 1299 3272 1353 haec
3298 1301 3445 1356 Deus

1855 1398 1981 1437 cum
2009 1382 2253 1440 diceret:
2293 1405 2311 1437 ‹
2349 1384 2486 1453 Quis
2532 1387 2685 1443 dedit
2718 1404 2779 1442 os
2811 1388 3063 1442 homini?
3088 1400 3143 1444 et
3168 1391 3291 1461 quis
3316 1391 3448 1449 fecit

1856 1475 2084 1530 surdum
2130 1492 2193 1531 ac
2241 1487 2476 1543 mutum,
2531 1479 2807 1534 videntem
2866 1496 2929 1535 ac
2975 1484 3226 1536 aecum?
3264 1499 3446 1539 nonne

1856 1582 1955 1637 ego
1990 1568 2256 1625 Dominus
2295 1571 2483 1626 Dens?
2514 1572 2582 1626 Et
2604 1588 2753 1627 nunc
2789 1573 2948 1639 vade,
2982 1581 3037 1628 et
3077 1589 3177 1645 ego
3205 1579 3445 1645 aperiam

1857 1674 1919 1714 os
1970 1668 2125 1714 tuum
2160 1663 2231 1726 “,-
2264 1681 2281 1714 ι
2335 1663 2428 1717 ille
2463 1662 2628 1719 officii
2668 1664 3045 1735 magnitudine
3087 1666 3286 1734 victus,
3319 1683 3447 1738 per-

169 1770 272 1815 νος,
294 1750 488 1804 ἐδεδίει
510 1751 693 1817 πάλιν,
739 1751 833 1804 καὶ
871 1750 936 1822 δὴ
984 1750 1268 1821 έφασκε,ἰ
1298 1751 1523 1822 Δέομαι,
1551 1750 1745 1822 Κύριε,

1864 1751 2281 1818 timuititcrum,
2323 1769 2387 1807 ac
2423 1754 2602 1808 dixit:
2648 1775 2665 1806 ‹
2700 1755 2964 1823 Obsecro,
3003 1757 3255 1822 Domine,
3304 1757 3446 1829 elige

171 1845 513 1917 προχείρισαι
559 1843 718 1898 ἄλλον
739 1886 754 1910 ,
793 1844 884 1897 τὸν
910 1844 1227 1914 δυνάμενον,
1254 1843 1312 1896 ὃν
1343 1842 1681 1908 ἀποστελεῖς.
1726 1863 1744 1895 ι

172 1936 590 2008 Προεχειρίζετο
622 1934 680 1987 δὲ
722 1934 782 1988 τὸ
811 1934 1068 2005 τηνικάδε
1118 1933 1250 1998 Θεὸς
1293 1934 1634 2006 παραχρῆμα
1659 1935 1751 1988 τὸν

182 2028 412 2101 ’Δαρὼν,
464 2029 542 2092 είς
588 2028 756 2081 τύπον
794 2025 889 2078 τοῦ
939 2026 1116 2080 πάντα
1164 2016 1403 2089 εὐκόλως
1452 2025 1753 2098 κατορθοῦν

172 2120 369 2183 είδὸτος
389 2116 653 2192 Χριστοῦ·
679 2116 1014 2187 λελύτρωται
1036 2117 1092 2169 δὲ
1114 2117 1213 2188 οὐχ
1239 2115 1441 2187 ἑτέρως
1459 2118 1486 2169 ὁ
1512 2115 1748 2188 Ἰσραὴλ,

173 2214 217 2266 εί
262 2211 337 2284 μὴ
365 2212 576 2266 δέδοται
604 2211 866 2283 συνεργὸς
913 2212 978 2281 τῇ
1016 2209 1263 2273 Μωσέως
1305 2208 1629 2281 ίσχνομυθίᾳ
1658 2209 1753 2261 καὶ

175 2305 427 2375 ἀσθενείᾳ
456 2304 640 2369 πάλιν,
671 2303 747 2366 ὡς
787 2306 843 2357 ὲν
872 2301 1040 2356 εικόνι
1077 2303 1142 2373 τῇ
1189 2300 1399 2373 Ἀαρὼν
1424 2303 1452 2354 ὁ
1482 2301 1715 2372 Χριστός
1734 2318 1749 2331 ·

175 2397 313 2452 οὕτω
359 2396 593 2450 κάνθάδε
624 2396 859 2466 νοήσεις.
906 2392 980 2447 Τὸ
1020 2392 1130 2465 γάρ
1181 2392 1406 2455 ἀσθενὲς
1455 2392 1549 2445 τοῦ
1588 2392 1751 2461 νόμου

176 2489 394 2543 τελειῶν
433 2489 492 2542 ὲν
520 2486 767 2559 Χριστῷ,
799 2484 1171 2557 παρεκόμισεν
1201 2486 1279 2549 εἰς
1327 2483 1626 2556 ἱερωσύνην
1663 2483 1753 2536 τὸν

189 2579 423 2653 Ἀαρὼν,
459 2579 555 2634 καὶ
574 2578 839 2633 συνάπτει
867 2577 1155 2649 χρησίμως
1172 2575 1250 2646 τῷ
1271 2575 1525 2647 μακαρίῳ
1554 2577 1750 2647 Μωσῇ.

180 2673 307 2729 Οῦτε
338 2671 450 2741 γάρ
494 2674 573 2735 είς
622 2670 890 2741 λύτρωσιν
920 2668 1207 2740 ἀρκέσειεν
1258 2667 1323 2721 ἂν
1352 2668 1381 2720 ὁ
1419 2667 1601 2738 νόμος,
1631 2665 1754 2719 οὔτε

185 2765 282 2837 μὴν
334 2767 415 2828 εἰς
477 2764 537 2816 τὸ
591 2762 851 2817 δύνασθαι
901 2757 1143 2814 τελειοῦν
1188 2759 1268 2823 είς
1316 2758 1585 2828 ἀγιασμὸν
1629 2758 1755 2822 τοὺς

179 2855 707 2926 ὲκλελυτρωμένους.
746 2854 1030 2924 Λύτρωσις
1050 2852 1107 2905 δὲ
1134 2852 1226 2904 καὶ
1265 2850 1535 2921 ἁγιασμὸς
1568 2854 1595 2904 ό
1618 2852 1755 2921 Χρι-

182 2948 317 3015 στδς,
335 2946 824 3019 συνεργαζομένων
849 2946 1019 3013 ἁγίων
1039 2962 1052 2976 ’
1069 2944 1320 3015 καθάπερ
1343 2944 1532 3015 ἀμέλει
1554 2932 1757 3013 Μωσῆς

184 3041 276 3112 μὲν
302 3040 384 3112 τῷ
424 3039 639 3111 Ἀαρὼν
671 3040 730 3092 ὲν
761 3036 1023 3108 Αἰγύπτῳ
1069 3037 1222 3104 τότε,
1259 3036 1409 3108 αὐτῷ
1440 3054 1505 3106 γε
1543 3036 1647 3108 μὴν
1681 3035 1757 3106 τῷ

1857 1844 2048 1910 alium,
2098 1845 2193 1915 qui
2245 1845 2439 1915 possit,
2486 1861 2654 1915 quem
2704 1848 2893 1902 mittas
2940 1848 3006 1901 ⁹².
3043 1869 3060 1900 ι
3094 1849 3248 1903 Tunc
3282 1848 3448 1920 igitur

1858 1936 2041 1991 statim
2089 1936 2236 1991 Deus
2290 1937 2457 2007 elegit
2497 1938 2678 1992 Aaron
2724 1938 2778 1992 in
2818 1939 3024 1994 Christi
3074 1939 3323 2011 ﬁguram,
3352 1942 3447 2011 qui

1857 2028 2040 2081 omnia
2074 2027 2232 2082 facile
2264 2028 2531 2097 perficere
2557 2030 2711 2084 novit
2740 2048 2753 2083 :
2787 2046 2967 2100 neque
2996 2031 3156 2084 aliter
3181 2032 3450 2088 liberatus

1857 2118 2053 2174 fuisset
2096 2120 2287 2185 Israel,
2320 2121 2427 2174 nisi
2464 2121 2540 2174 illi
2575 2120 2743 2194 Moysi
2776 2123 2929 2178 vocis
2961 2123 3249 2193 gracilitati
3284 2134 3450 2196 atquc
3504 2183 3509 2188 ,

1858 2210 2163 2266 infirmitati
2218 2210 2474 2267 Christus
2532 2212 2727 2267 itidem
2785 2223 3045 2284 tanquam
3099 2214 3156 2269 in
3212 2215 3449 2285 imagine

1858 2302 2039 2357 Aaron
2089 2303 2253 2357 datus
2305 2314 2452 2359 esset
2510 2304 2750 2375 adjutor.
2803 2306 2884 2361 Ad
2931 2307 3187 2361 eumdem
3225 2321 3448 2377 quoque

1859 2393 2082 2447 modum
2111 2393 2216 2447 hoc
2238 2393 2360 2448 loco
2381 2395 2544 2449 velim
2570 2395 2840 2467 intelligas
2866 2414 2880 2464 ;
2914 2405 2977 2452 ut
3024 2398 3170 2452 enim
3196 2398 3333 2469 legis
3362 2398 3450 2452 in-

1860 2484 2176 2539 firmitatem
2215 2484 2271 2538 in
2304 2483 2525 2540 Christo
2551 2485 2866 2555 perficeret,
2904 2486 3041 2542 adeo
3067 2488 3246 2558 ipsum
3268 2486 3451 2542 Aaron
3485 2507 3502 2525 ο

1861 2575 1931 2630 ad
1976 2574 2314 2631 sacerdotale
2346 2592 2549 2631 munus
2577 2579 2851 2648 provexit,
2892 2585 3059 2648 atque
3096 2580 3257 2633 beato
3281 2578 3451 2651 Moysi

1862 2668 2072 2725 utiliter
2107 2669 2374 2740 adjunxit.
2411 2668 2577 2739 378
2602 2669 2793 2740 Neque
2817 2671 2965 2725 enim
2989 2670 3057 2724 ad
3080 2668 3450 2734 liberandum,

1861 2777 2042 2832 neque
2072 2760 2138 2815 ad
2172 2761 2573 2831 perficiendum
2610 2763 2667 2817 in
2718 2762 3150 2819 sanctificatione
3190 2763 3324 2818 satis
3367 2764 3454 2818 vi-

1863 2856 2007 2910 rium
2031 2864 2116 2910 est
2139 2856 2196 2909 in
2224 2855 2364 2926 lege,
2392 2855 2487 2910 sed
2522 2864 2841 2925 utrumque,
2881 2864 2936 2909 et
2965 2856 3219 2911 liberatio
3244 2861 3299 2910 et
3324 2870 3452 2911 san-

1863 2945 2157 3010 ctificatio,
2184 2945 2440 3001 Christus
2465 2953 2571 3011 est,
2609 2946 2825 3001 tametsi
2862 2956 3234 3018 coopcrentur
3279 2946 3454 3001 sancti

1863 3037 1990 3103 viri,
2039 3047 2101 3092 ut
2137 3043 2288 3092 certe
2316 3036 2528 3108 Moyses
2574 3037 2677 3106 ipsi
2711 3037 2915 3091 Aaroni
2958 3047 3091 3092 tunc
3126 3040 3182 3093 in
3222 3037 3455 3108 Egypto

192 3104 398 3206 λΑαριῦν
427 3134 478 3186 ot
508 3104 636 3187 υἱοί.
671 3130 761 3202 Τῷ
790 3104 852 3184 δὲ.
873 3131 937 3201 δὴ
961 3104 1176 3184 πάντων
1204 3104 1566 3201 ἀρχιερεῖῖκαξί
1590 3104 1756 3199 ήγουξ-

1864 3128 2072 3183 socium
2118 3143 2177 3183 se
2223 3128 2409 3198 operis
2451 3127 2728 3197 praestitit,
2755 3137 2811 3183 et
2842 3129 3021 3183 eidem
3060 3139 3248 3201 postea
3281 3129 3456 3198 ipsius

186 3225 323 3296 μένῳ
346 3224 572 3296 Χριστῷ
606 3222 1026 3295 συνειργάζοντο
1060 3222 1265 3294 νοητῶς
1292 3222 1385 3276 καὶ
1410 3224 1457 3276 οἱ
1480 3221 1757 3275 θεσπέσιοι

184 3315 440 3386 μαθηταί.
466 3315 655 3369 Πάντα
688 3313 788 3386 μὲν
817 3314 1055 3385 ἰσχύοντι
1080 3313 1401 3385 κατορθοῦν,
1437 3316 1531 3368 καὶ
1556 3315 1653 3385 οὐχ
1685 3315 1759 3378 ὡς

182 3406 492 3463 ἀσθενοῦντι
541 3406 946 3477 συντρέχοντες,
993 3405 1107 3459 ἀλλ’
1141 3406 1216 3469 ὼς
1261 3406 1592 3476 κεκλημένοι
1623 3404 1760 3476 πρὸς

183 3499 488 3571 ὑπουργίαν
524 3499 621 3552 καὶ
652 3496 965 3569 ἀριστίνδην
995 3495 1426 3566 ἐπιλελεγμένοι,
1455 3495 1553 3549 καὶ
1585 3495 1647 3549 τὸ
1674 3495 1759 3565 ἐφ’

184 3592 381 3648 ἅπασιν
411 3593 665 3655 εὐσθενὲς
694 3592 825 3663 παρ’
860 3590 1024 3644 αὑτοῦ
1058 3590 1452 3661 κερδαίνοντες.
1481 3590 1593 3643 Kal.
1618 3606 1758 3661 μαρο

186 3689 399 3758 τυρήσει
443 3685 623 3754 λέγων
662 3687 689 3738 ὁ
719 3683 1001 3748 θεσπέσιος
1030 3683 1266 3747 Παῦλος
1308 3702 1326 3735 ι
1377 3682 1563 3738 Πάντα
1594 3682 1763 3755 ίσχύω

188 3777 240 3834 ἒν
270 3778 347 3851 τῷ
380 3775 768 3849 ἐνδυναμοῦντί
807 3794 871 3847 με
907 3773 1148 3848 Χριστῷ.
1190 3794 1209 3827 ι

253 4044 461 4103 ΠΑΑΛ.
498 4044 709 4100 Οὐκοῦν
740 4044 1030 4099 ἀπόλεκτοι
1059 4045 1155 4099 καλ⁵
1186 4045 1447 4114 ὀνομαστὶ
1470 4043 1762 4115 κέκληνται

189 4140 314 4209 πρὸς
350 4138 668 4211 ἱερουργίαν
707 4138 921 4210 Ἀαρών
951 4155 1010 4192 τε
1044 4138 1140 4191 καὶ
1160 4139 1208 4191 οἱ
1233 4137 1431 4191 λοιποί.

254 4232 419 4287 ΚΥΡ,
477 4232 591 4286 Καὶ
628 4230 766 4301 πρός
813 4248 877 4299 γε
919 4231 984 4302 δὴ
1031 4229 1243 4295 τούτοις
1291 4229 1521 4302 λαμπρά
1560 4249 1621 4285 τε
1672 4232 1767 4285 καὶ

190 4322 489 4397 ἱεροπρεπῆ
554 4322 624 4379 τὰ
673 4322 961 4394 ἐσθήματα
1022 4321 1532 4386 κατασκευάζεσθαι
1581 4324 1766 4387 αὐτοῖς

1857 3217 2039 3273 Aaron
2100 3216 2219 3271 filii.
2266 3216 2337 3274 At
2384 3233 2517 3272 vero
2566 3218 2712 3272 illius
2774 3219 2974 3272 summi
2998 3219 3302 3274 sacerdotis
3332 3235 3454 3274 om-

1859 3310 2014 3365 nium
2046 3318 2211 3379 atque
2268 3308 2537 3379 principis
2563 3308 2769 3363 Christi
2799 3309 3162 3379 spiritualiter
3194 3325 3458 3379 coopera-

1859 3412 2009 3459 tores
2045 3403 2275 3458 fuerunt
2319 3403 2490 3458 etiam
2542 3402 2691 3457 beati
2749 3402 3029 3472 discipuli,
3077 3403 3331 3473 quamvis
3361 3403 3454 3460 ille

1859 3496 2045 3552 omnia
2102 3504 2289 3566 posset
2327 3493 2569 3560 efficere,
2625 3495 2787 3564 eique
2839 3510 2951 3550 non
2996 3504 3057 3550 ut
3089 3494 3365 3549 imbecillo
3395 3511 3455 3551 se

1860 3588 2091 3643 comites
2130 3586 2531 3658 adjunxissent,
2582 3587 2679 3641 sed
2720 3596 2782 3642 ut
2819 3587 2887 3642 ad
2921 3586 3455 3642 subministrandum

1859 3679 2041 3735 vocati
2086 3695 2152 3734 ac
2181 3695 2296 3750 pra:
2318 3680 2535 3735 caeteris
2558 3679 2743 3746 electi,
2764 3679 2979 3734 viribus
3001 3680 3070 3734 ab
3093 3695 3160 3734 eo
3180 3679 3248 3734 ad
3271 3679 3457 3734 omnia

1860 3771 2223 3843 perficiendae
2253 3770 2509 3841 sumptis.
2550 3770 2721 3842 Cujus
2770 3772 2852 3855 rei
2909 3772 3067 3827 testis
3122 3776 3206 3826 est
3264 3764 3461 3826 beatus

1863 3865 2103 3930 Paulus,
2144 3879 2270 3920 cum
2308 3865 2490 3919 dicit:
2543 3884 2561 3916 ι
2594 3863 2796 3921 Omnia
2843 3880 3070 3936 possum
3122 3866 3180 3920 in
3227 3879 3315 3931 eo,
3364 3863 3461 3935 qui

1863 3974 1952 4015 me
1982 3957 2252 4014 confortat
2280 3956 2504 4013 Christo
2534 3958 2600 4012 ’³.
2649 3977 2667 4009 ι

1936 4049 2138 4105 PALL.
2195 4049 2367 4120 Igitur
2409 4048 2608 4103 delecti
2657 4062 2722 4102 ac
2752 4048 3077 4102 nominatim
3109 4048 3363 4117 appellati
3389 4048 3460 4103 ad

1866 4141 2163 4196 sacerdotii
2186 4155 2390 4194 munus
2422 4139 2603 4193 vocati
2637 4145 2769 4193 sunt
2789 4138 2974 4192 Aaron
3007 4154 3071 4193 ac
3094 4138 3313 4207 reliqui.

1936 4233 2094 4288 CYR.
2134 4231 2215 4285 Ad
2262 4231 2379 4283 haec
2422 4239 2605 4284 vestes
2665 4228 2776 4288 illis
2820 4244 3039 4298 quoque
3066 4230 3357 4298 praeclaras
3405 4240 3461 4287 ct

1868 4323 2198 4382 sacerdotali
2229 4337 2460 4377 munere
2490 4322 2682 4392 dignas
2708 4320 2904 4377 conﬁci
2942 4318 3223 4390 praecepit,
3246 4319 3454 4376 dicens:

188 4416 495 4487 ἐνομοθέτει
555 4414 754 4482 λέγων·
812 4433 831 4468 ι
886 4413 997 4467 Καὶ
1052 4414 1304 4484 ποιήσεις
1361 4413 1554 4483 στολὴν
1608 4413 1756 4482 ἁγίαν

1878 4439 1896 4471 ι
1924 4419 1995 4474 Et
2045 4417 2217 4472 facies
2252 4415 2449 4471 stolam
2474 4423 2717 4470 sanctam
2748 4414 2929 4470 Aaron
2952 4412 3108 4467 fratri
3140 4419 3237 4467 tuo
3264 4412 3333 4467 ad
3362 4412 3461 4468 ho-

199 4507 407 4581 ’Δαρὼν
438 4506 520 4577 τῷ
559 4503 772 4576 ἁδελφῷ
804 4522 897 4560 σου
932 4505 1010 4568 είς
1040 4505 1217 4576 τιμὴν,
1240 4504 1333 4557 καὶ
1361 4503 1540 4568 δόξαν.
1564 4504 1658 4557 καλ⁹
1702 4505 1766 4557 σὺ

184 4601 420 4675 λάλησον
454 4603 591 4654 πᾶσι
629 4601 743 4662 τοῖς
772 4600 955 4667 σοφοῖς
993 4600 1059 4668 τῇ
1099 4598 1327 4670 διανοίᾳ,
1374 4595 1469 4661 οὓς
1497 4596 1768 4667 ἐνέπλησα

184 4694 407 4765 πνεῦμα
444 4692 771 4763 αἰσθήσεως,
827 4691 923 4743 καὶ
968 4691 1253 4759 ποιήσουσι
1287 4688 1387 4760 τήν
1433 4687 1624 4760 στολὴν
1673 4689 1769 4758 τὴν

185 4786 344 4856 ἁγίαν
398 4784 611 4856 ’Δαιὼν
662 4785 743 4847 είς
770 4786 830 4838 τὸ
876 4781 1031 4852 ἆγιον
1073 4784 1130 4835 ἐν
1175 4774 1209 4851 ᾗ
1259 4779 1560 4852 ίερατεύσει
1599 4796 1709 4850 μοι.
1748 4798 1765 4830 ι

185 4880 401 4943 Παῦλος
437 4878 538 4949 μὲν
565 4872 659 4931 οῦν
682 4879 708 4930 ὁ
741 4877 1052 4944 σοφώτατος
1067 4876 1182 4937 τοῖς
1213 4876 1270 4927 έν
1290 4874 1471 4927 πίστει
1491 4871 1773 4925 δεδικαιω-

190 4969 374 5040 μένοις
406 4967 507 5036 τὴν
537 4965 699 5034 ἁγίαν
739 4964 907 5026 ὅντως
940 4964 1033 5017 καὶ
1078 4962 1138 5027 ἐξ
1164 4960 1392 5033 οὐρανοῦ
1438 4960 1631 5032 στολὴν
1678 4961 1774 5014 ἁν-

189 5060 462 5118 ἀπτεσθαι
486 5059 597 5112 δεῖν
624 5057 984 5128 συμϐουλεύει
1014 5057 1261 5126 γράφων*
1290 5074 1308 5106 ι
1331 5054 1653 5113 Ἐνδύσασθε
1682 5054 1774 5107 τὸν

190 5156 395 5229 Κύριον
438 5152 598 5224 ἡμῶν
665 5149 872 5221 Ἰησοῦν
925 5149 1183 5221 Χριστόν.
1221 5167 1239 5201 ι
1283 5146 1454 5201 Τοῦτο
1495 5147 1688 5218 γάρτοι
1747 5148 1776 5199 ὁ

192 5250 481 5321 προφήτης
539 5246 769 5308 Ἡσαΐας
826 5243 1301 5315 προανακεκράγει
1352 5242 1525 5312 λέγων
1577 5240 1653 5305 ὼς
1711 5242 1777 5294 ὲκ

196 5336 507 5411 προσώπου
531 5355 632 5408 της
683 5336 1031 5408 Ἐκκλησίας,
1072 5355 1091 5388 ι
1154 5335 1524 5405 Ἀγαλλιάσθω
1559 5338 1592 5407 ή
1626 5334 1770 5404 ψυχή

202 5449 297 5503 μου
325 5433 421 5487 ἐπὶ
442 5430 524 5503 τῷ
553 5430 770 5499 Κυρίῳ,
804 5429 1019 5483 ἐνέδυσε
1042 5429 1152 5499 γάρ
1179 5446 1245 5500 με
1270 5429 1482 5500 ἱμάτιον
1507 5428 1774 5498 σωτηρίου

198 5528 283 5581 καὶ
330 5527 540 5599 χιτῶνα
591 5522 956 5594 εὐφροσύνης.
1002 5541 1021 5573 ι
1066 5522 1318 5593 Ἔσθημα
1351 5521 1416 5592 δὴ
1464 5517 1556 5574 οὖν
1608 5519 1669 5572 τὸ
1699 5520 1779 5581 εἰς

258 5641 301 5671 ⁹⁰
330 5640 506 5696 Exod.
536 5655 611 5704 tv,
638 5638 723 5692 10.
841 5640 882 5671 ⁹¹
915 5637 1055 5695 Ibid.
1090 5638 1172 5693 ll.
1292 5639 1333 5669 "
1364 5636 1501 5691 Ibid.
1530 5636 1612 5691 15.

195 5708 235 5744 "
260 5712 361 5772 Isa.
405 5727 518 5777 LXI,
558 5709 648 5763 10.

1728 5636 1771 5667 ¹¹³
1794 5636 2032 5708 Philipp.
2061 5635 2244 5703 M315.

1867 4526 2061 4567 norem
2100 4517 2156 4565 et
2178 4508 2406 4580 gloriam
2435 4525 2450 4561 :
2488 4516 2544 4562 et
2572 4515 2631 4561 tu
2674 4507 2904 4577 loquere
2933 4505 3001 4560 ad
3022 4520 3213 4560 omnes
3238 4506 3459 4575 sapien-

1866 4608 1952 4656 tes
1984 4607 2191 4665 mente,
2239 4615 2379 4669 quos
2419 4599 2645 4669 implevi
2702 4597 2899 4668 spiritu
2950 4594 3364 4665 intelligentiae;
3404 4605 3458 4651 et

1868 4692 2075 4749 facient
2120 4691 2319 4745 stolam
2350 4697 2598 4743 sanctam
2640 4688 2821 4743 Aaron
2856 4688 2913 4743 in
2945 4676 3456 4749 sanctificationem,

1868 4801 1996 4842 cum
2029 4799 2138 4853 qua
2161 4781 2481 4837 sacerdotio
2496 4780 2755 4852 fungatur
2772 4780 2990 4835 mihi“.
3022 4799 3040 4830 ι
3059 4778 3263 4833 Paulus
3293 4778 3461 4848 igitur

1869 4877 1959 4932 vir
2020 4874 2465 4946 sapientissimus
2509 4889 2623 4939 eos,
2676 4873 2771 4943 qui
2812 4871 2917 4926 fide
2958 4869 3241 4942 iustificati
3278 4879 3458 4933 erant,

1874 4975 2066 5025 sancta
2100 4967 2193 5021 illa
2216 4982 2282 5022 ac
2308 4981 2438 5020 vere
2473 4966 2540 5021 de
2570 4966 2711 5021 caelo
2736 4964 2873 5019 stola
2902 4971 2963 5017 ut
2999 4961 3297 5016 induantur
3326 4960 3459 5016 hor-

1874 5068 2049 5125 tatur,
2089 5058 2376 5114 scribens:
2442 5078 2459 5109 ‹
2489 5058 2705 5113 lnduite
2752 5055 3043 5111 Dominum
3076 5062 3325 5109 nostrum
3368 5053 3459 5109 Je-

1875 5166 1996 5206 sum
2055 5149 2338 5205 Christum
2385 5149 2451 5202 ⁸⁸.
2483 5169 2499 5199 ι
2547 5149 2714 5203 lsaias
2747 5162 2965 5216 quoque
2997 5146 3262 5216 propheta
3291 5146 3463 5201 multo

1876 5251 2005 5302 ante
2055 5252 2315 5312 tanquam
2368 5257 2435 5296 ex
2478 5239 2741 5296 Ecclesiae
2783 5254 3017 5307 persona
3043 5238 3335 5301 clamabat,
3373 5236 3460 5290 di-

1881 5352 2016 5391 cens
2066 5355 2078 5389 :
2133 5355 2151 5386 ι
2194 5334 2446 5389 Exsultet
2486 5331 2671 5385 anima
2709 5346 2831 5384 mea
2873 5331 2929 5383 in
2964 5330 3238 5393 Domino;
3285 5326 3465 5381 induit

1881 5428 2034 5482 enim
2064 5442 2150 5479 me
2189 5423 2518 5479 vestimento
2549 5421 2761 5485 salutis,
2802 5428 2860 5475 et
2887 5423 3070 5475 tunica
3093 5417 3295 5474 lmtitiae
3322 5416 3387 5469 ’⁸.
3437 5436 3457 5469 ι

1882 5520 2068 5577 Vestis
2105 5518 2269 5588 igitur
2308 5515 2376 5571 ad
2420 5516 2681 5570 honorem
2719 5522 2774 5568 et
2806 5514 3030 5584 gloriam
3076 5512 3234 5582 plane
3270 5509 3467 5564 sacrati

2351 5632 2588 5690 "Exod.
2620 5648 2805 5688 xxvnt.
2831 5631 2883 5685 2.
2993 5631 3036 5661 ³³
3060 5629 3216 5684 Rom.
3236 5642 3347 5694 xm,
3376 5625 3465 5682 Η.
