3962 6296
486 247 579 300 751

1501 239 1556 295 S.
1597 238 1872 296 CYRILLI
1910 235 2377 292 ALEXANDRINI
2417 233 2732 289 ARCHIEP.

3637 227 3741 281 73‘?

486 357 768 426 sanctique
798 353 1016 426 generis
1043 351 1298 409 Christus
1321 361 1425 418 est,
1457 362 1622 422 atque
1651 351 1973 423 praclarum
2003 366 2067 404 ac

2187 348 2332 420 τιμὴν
2367 347 2460 400 ml
2506 345 2666 412 δόξαν
2705 341 2922 412 άληθῶς
2947 339 3026 411 τῷ
3075 340 3206 411 ίερῷ
3247 341 3339 394 ml
3379 341 3519 409 ἁγίῳ
3571 342 3747 408 γένει.

487 461 792 518 supernum
867 455 1180 500 sanctarum
1265 444 1569 499 animarum
1661 449 2064 498 ornamentum.

496 562 511 591 ι
541 540 819 608 Quotquot
851 539 1000 592 enim
1043 537 1301 606 baptizati
1333 538 1466 592 estis
1494 536 1549 590 in
1577 535 1877 599 Christum,
1909 555 1926 585 ι
1981 535 2067 588 in-

489 635 628 702 quit,
671 650 688 682 ι
726 630 1007 686 Christum
1058 629 1316 684 induistis
1373 630 1460 694 ’7;
1498 649 1516 680 ›
1579 627 1726 698 quod
1782 627 2068 681 verissime

490 725 698 780 dictum
735 733 838 778 est.
888 722 998 776 Lex
1024 737 1192 791 porro
1223 729 1479 790 tanquam
1508 721 1563 774 in
1598 720 1806 774 umbris
1835 728 1892 774 et
1932 719 2070 773 ima-

491 814 615 884 gine
674 820 903 867 exornat
943 813 1122 882 ipsum
1170 812 1373 877 Aaron,
1433 827 1662 881 eamque
1711 811 1860 866 illius
1906 811 2072 866 varia

490 904 658 957 vestis
712 903 940 972 gloriam
985 901 1052 955 ad
1098 901 1378 956 Christum
1421 902 1586 956 refert
1621 919 1635 968 ;
1675 901 2072 971 propemodum

491 995 637 1048 enim
687 1010 794 1048 una
835 1009 961 1048 cum
1016 993 1112 1047 illo
1155 993 1453 1049 artiﬁcioso
1499 1003 1760 1064 apparatu
1817 1002 2070 1048 contexta

492 1086 631 1140 ratio
682 1085 910 1157 mystica
932 1095 1095 1154 atque
1131 1085 1350 1140 subtilis
1377 1086 1674 1150 invenitur,
1697 1101 1818 1155 qua:
1845 1085 2072 1156 ligurate

493 1179 792 1234 Salvatoris
820 1180 991 1234 nostri
1021 1179 1248 1250 gloriam
1283 1179 1507 1234 indicat.
1539 1177 1676 1232 Vide
1699 1178 1846 1232 enim
1877 1193 2071 1248 quem-

492 1270 787 1326 admodum
833 1271 1068 1326 vestium
1117 1269 1343 1340 opiﬁces
1389 1269 1582 1339 spiritu
1628 1259 1936 1338 sapientiae,
1977 1267 2072 1336 qui

494 1367 657 1420 datur
697 1381 727 1419 a
763 1365 897 1428 Deo,
935 1363 1178 1434 repletos
1211 1377 1334 1417 esse
1368 1362 1535 1426 dicat,
1577 1361 1671 1430 qui
1696 1361 1923 1431 spiritus
1950 1360 2073 1414 illos

494 1455 561 1508 ad
589 1453 767 1508 ﬁoridi
797 1468 862 1507 ac
907 1451 1173 1523 variegati
1204 1450 1388 1520 operis
1418 1450 1765 1505 eil'ectionem
1805 1447 2072 1518 perduce-

495 1552 600 1608 ret,
649 1553 706 1598 et
739 1542 944 1598 Christi
992 1544 1222 1613 gloriam
1260 1541 1316 1594 in
1347 1540 1689 1596 vestimentis
1717 1539 2069 1594 describeret.

495 1636 660 1706 379
696 1635 837 1690 Sunt
877 1643 1062 1690 autem
1107 1650 1171 1688 ea
1214 1633 1452 1704 Opiﬁcia,
1480 1633 1754 1703 pectorale
1782 1641 1838 1686 et
1875 1647 2071 1700 super-

2174 437 2429 509 Χριστὺς,
2471 435 2734 506 κόσμημά
2761 451 2817 488 τε
2840 432 3091 505 λαμπρὸν
3111 433 3204 487 ml
3227 433 3600 504 ὑπερκόσμιον
3627 435 3750 498 ταῖς

2175 530 2284 583 τῶν
2329 528 2499 596 ἁγίων
2530 527 2748 597 ψυχαῖς.
2784 543 2801 578 ι
2834 519 2994 578 Ὅσοι
3036 523 3145 594 γὰρ
3182 524 3261 586 είς
3281 520 3752 594 Χριστὸνέὗαπτί-

2179 620 2361 692 σθητε,
2394 617 2628 690 Χριστὸν
2649 615 2992 681 ἐνεδύσασθε,
3028 635 3046 668 ι
3075 615 3229 686 φησὶ,
3260 615 3355 668 καὶ
3381 612 3586 685 ἀληθής
3608 613 3637 664 6
3663 615 3754 668 λό-

2176 731 2291 782 γος.
2357 712 2444 776 Ὠς
2491 714 2548 764 ἐν
2601 713 2777 772 σκιαῖς
2821 708 2877 762 δὲ
2925 710 2954 762 6
2997 708 3162 779 νόμος
3203 705 3600 760 κατακαλλύνει
3659 705 3755 759 τὸν

2190 800 2419 872 Ἀαρὼν,
2451 801 2529 862 είς
2565 799 2798 870 Χριστὸν
2831 797 3118 868 ἀναφέρων
3149 796 3250 867 τὴν
3276 797 3341 849 ἐκ
3367 795 3462 849 τοῦ
3492 794 3754 859 ποικίλως

2178 889 2434 946 ἐστάλθαι
2471 889 2646 954 δόξαν.
2691 888 2994 958 Μονονουχὶ
3038 887 3144 960 γὰρ
3193 887 3287 942 καὶ
3341 886 3756 957 συνυφασμένος

2176 985 2242 1052 τῇ
2292 981 2401 1034 τῶν
2449 980 2804 1052 τεχνημάτων
2873 981 3187 1050 κατασκευῇ
3240 979 3500 1048 μυστικὸς
3547 995 3607 1030 τε
3658 978 3757 1030 καὶ

2179 1067 2410 1140 ἀκριὸὴς
2438 1069 2750 1140 εὑρίσκεται
2782 1069 2959 1137 λόγος,
2991 1068 3406 1139 αἰνιγματωδῶς
3440 1067 3756 1138 ὑποφαίνων

2179 1157 2271 1212 τοῦ
2302 1157 2554 1230 Σωτῆρος
2582 1158 2680 1230 τὴν
2711 1157 2886 1224 δόξαν.
2916 1157 3027 1211 Θέα
3045 1156 3153 1229 γὰρ
3177 1158 3325 1220 ὅπως
3355 1158 3455 1228 τῆς
3485 1158 3755 1222 συνέσεως

2178 1253 2274 1324 τῆς
2314 1251 2465 1322 παρὰ
2521 1249 2655 1304 Θεοῦ
2720 1249 2830 1304 τῶν
2883 1249 3207 1320 ἐσθημάτων
3244 1250 3369 1312 τοὺς
3395 1251 3758 1320 τεχνουργοὺς

2180 1342 2594 1410 άναπεπλῆσθαί
2631 1358 2816 1412 φησιν,
2851 1343 2932 1404 είς
2961 1341 3162 1411 εὐανθῆ
3192 1340 3598 1409 ποικιλουργίαν
3619 1341 3757 1395 ἀπο-

2181 1435 2515 1507 κομίζοντος,
2547 1435 2642 1488 καὶ
2673 1435 2772 1505 τὴν
2787 1433 3026 1506 Χριστοῦ
3060 1435 3171 1497 τοῖς
3195 1433 3756 1504 άμφίοιςέγγράφον-

2179 1546 2269 1592 τος
2299 1527 2474 1594 δόξαν.
2512 1525 2867 1596 Περιστήθιον
2893 1525 2948 1578 δὲ
2983 1524 3076 1578 ml
3101 1525 3334 1596 ἐπωμὶς,
3361 1525 3456 1578 καὶ
3486 1525 3752 1597 ποδήρης,

2181 1622 2276 1674 ml
2311 1618 2473 1692 χιτὼν
2525 1621 2553 1672 6
2584 1617 2956 1689 κοσυμϐωτὸς,
2991 1617 3200 1688 κίδαρις
3245 1635 3307 1670 τε
3341 1618 3435 1670 καὶ
3472 1617 3640 1688 ζώνη,
3686 1618 3755 1670 τὸ.

496 1704 779 1784 humerale
819 1736 876 1782 et
915 1728 1102 1783 talaris
1140 1727 1345 1791 tunica,
1380 1735 1436 1780 et
1487 1725 1672 1780 tunica
1721 1723 1951 1778 ﬁmbriis
1991 1739 2078 1778 or—

2187 1709 2668 1780 τεχνουργούμενα,
2702 1706 2842 1760 αὑτά
2877 1723 2935 1759 τε
2991 1705 3082 1759 καὶ
3109 1704 3246 1776 πρὸς
3270 1705 3483 1768 τούτοις
3508 1705 3696 1776 ἕτερα,
3721 1704 3758 1758 ἂ

497 1826 648 1883 nata,
697 1819 898 1873 cidaris
942 1818 1108 1873 etiam
1143 1827 1197 1872 et
1231 1832 1386 1881 zona,
1420 1824 1476 1870 et
1505 1815 1767 1870 nonnulla
1801 1813 1906 1868 alia
1937 1830 2077 1884 prae-

498 1917 670 1972 terea,
697 1906 764 1961 de
785 1907 988 1976 quibus
1012 1906 1286 1977 sigillatim
1311 1906 1419 1960 erit
1445 1905 1626 1968 nobis,
1652 1913 1712 1958 ut
1737 1919 1825 1959 res
1849 1905 2075 1974 patitur,

498 1993 902 2048 disserendum.
947 1993 1022 2047 De
1073 1994 1142 2048 iis
1188 1994 1374 2064 igitur,
1423 1993 1518 2062 qui
1572 1993 1640 2046 ad
1677 2007 1742 2048 ea
1767 2007 1935 2062 opera
1963 1993 2081 2047 efﬁ-

498 2085 690 2139 cienda
729 2085 1168 2149 assumebantur,
1201 2086 1341 2139 ait:
1391 2105 1406 2136 ι
1444 2085 1511 2140 Et
1545 2085 1647 2154 ipsi
1687 2085 1962 2156 accipient
1987 2101 2082 2140 au-

499 2192 619 2230 rum
641 2175 1066 2247 ethyacinthum
1095 2185 1152 2230 et
1183 2191 1506 2246 purpuram,
1539 2185 1595 2232 et
1627 2192 1852 2231 coccum
1874 2185 1930 2232 et
1952 2178 2080 2249 hys-

499 2283 620 2322 sum
641 2268 706 2321 9".
743 2287 760 2319 ι
791 2267 867 2324 Ac
890 2267 1025 2321 mihi
1056 2284 1247 2323 rursus
1270 2269 1337 2323 ad
1362 2285 1446 2333 ea,
1474 2284 1596 2338 qua:
1617 2268 1897 2338 proposita
1930 2278 2078 2336 sunt,

499 2357 910 2422 mentisaciem
957 2357 1212 2414 intendas
1258 2359 1445 2425 velim,
1479 2368 1642 2429 atque
1680 2358 1786 2414 hoc
1819 2367 1944 2416 ante
1977 2361 2082 2414 alia

499 2447 836 2502 consideres.

574 2538 771 2592 PALL.
803 2538 945 2605 Quid
972 2538 1118 2593 istud
1151 2547 1237 2592 est
1268 2539 1290 2590 ?

567 2629 724 2684 CYR.
752 2631 950 2685 Annon
995 2646 1062 2685 ex
1089 2647 1223 2686 auro
1249 2641 1304 2685 et
1324 2632 1488 2702 bysso
1517 2641 1572 2686 et
1599 2645 1842 2702 purpura
1869 2639 1926 2684 et
1954 2645 2083 2684 coc-

500 2720 627 2776 cino
657 2729 824 2786 torto,
851 2737 915 2776 ac
935 2721 1234 2792 hyacintho
1254 2723 1419 2776 etiam
1440 2737 1506 2776 ea
1526 2721 1709 2776 omnia
1737 2719 1878 2775 facta
1906 2729 2080 2784 erant,

501 2827 622 2882 qua:
642 2810 712 2866 ad
750 2812 1167 2866 tabernaculum
1192 2813 1564 2882 pertinebant,
1593 2812 1892 2882 eademque
1920 2811 2081 2866 Chri-

501 2904 571 2958 sti
605 2901 831 2973 ﬁguram
855 2903 1160 2973 gerebant?

571 2993 770 3049 PALL.
801 2993 878 3048 Ita
903 3001 1007 3049 est.

570 3083 728 3140 CYR.
761 3085 898 3140 Vide
929 3085 1095 3156 igitur
1127 3102 1194 3141 ex
1221 3087 1448 3140 materia
1478 3086 1670 3142 eadem
1695 3087 1860 3143 etiam
1893 3089 2082 3158 praeci-

501 3174 596 3244 pui
626 3173 928 3228 sacerdotis
956 3175 1152 3228 stolam
1172 3190 1292 3230 esse
1322 3175 1647 3242 confectam,
1703 3191 1824 3247 qua
1872 3177 2080 3232 Christi

502 3265 732 3335 gloriam
760 3273 822 3318 ut
856 3265 911 3319 in
940 3265 1175 3336 imagine
1200 3265 1388 3321 itidem
1419 3282 1484 3322 ac
1511 3268 1702 3339 ﬁguris
1739 3270 2078 3336 contineret;

504 3373 628 3411 nam
653 3356 845 3412 eadem
869 3359 1058 3423 verba,
1084 3367 1140 3414 et
1162 3359 1471 3414 intellectus
1493 3376 1601 3414 non
1625 3360 1896 3427 diversus,
1921 3361 2083 3417 Chri-

503 3449 573 3504 sti
614 3450 842 3522 gloriam
889 3450 1215 3522 signiﬁcant.
1266 3451 1400 3506 Nam
1443 3453 1488 3506 is
1519 3462 1581 3508 ut
1610 3453 1666 3507 in
1695 3469 1830 3508 auro
1861 3455 2082 3524 quidem

502 3542 669 3605 Deus,
705 3551 764 3596 ut
799 3542 853 3596 in
883 3557 1127 3612 purpura
1150 3542 1355 3613 regiam
1389 3541 1712 3613 dignitatem
1752 3543 1980 3610 habens,
2023 3555 2084 3600 ut

504 3631 559 3685 in
587 3630 749 3702 bysso
788 3631 939 3685 tenui
987 3629 1231 3685 Verbum
1277 3631 1480 3686 subtile
1523 3641 1578 3686 et
1616 3633 1862 3702 corporis
1887 3649 2082 3704 expers

504 3722 878 3792 intelligitur:
919 3720 1064 3774 idem
1112 3735 1331 3789 quoque
1379 3729 1440 3775 ut
1492 3720 1548 3775 in
1605 3736 1770 3776 cocco
1816 3721 2082 3792 ﬁguratur

504 3819 730 3884 propter
766 3811 949 3866 carnis
995 3819 1251 3865 naturam
1291 3828 1305 3876 ;
1338 3819 1399 3864 ut
1440 3813 1494 3865 in
1525 3812 1818 3884 hyacintho
1846 3814 2081 3884 denique

505 3899 650 3959 acris
669 3899 906 3969 speciem
931 3898 1200 3953 referente
1223 3899 1293 3971 (is
1309 3907 1392 3953 est
1413 3901 1559 3954 enim
1581 3901 1862 3973 hyacinthi
1884 3905 2078 3975 color),

507 4001 798 4065 propterea
825 3992 971 4062 quod
998 4007 1028 4046 e
1051 3990 1302 4060 supernis
1323 3998 1407 4045 est
1431 3999 1487 4045 et
1513 4006 1543 4045 e
1570 3993 1728 4047 cmlo.
1751 3993 1892 4059 Quid
1913 3993 2085 4048 enim?

506 4082 699 4140 Nonne
726 4090 780 4136 et
806 4082 951 4138 Deus
971 4081 1135 4137 simul
1158 4089 1213 4137 et
1235 4083 1350 4138 Rex
1371 4091 1455 4138 est
1474 4082 1609 4138 illud
1625 4098 1692 4138 ex
1717 4083 1828 4139 Deo
1851 4085 2084 4141 Parente

509 4175 750 4230 Verbum
777 4175 801 4228 ?

578 4265 776 4320 PALL.
807 4264 942 4332 Quis
969 4273 1132 4336 neget
1155 4267 1178 4319 ?

2179 1803 2273 1855 ml.
2311 1800 2412 1856 ἀνά
2439 1800 2604 1872 μέρος
2633 1801 2784 1870 ἡμῖν,
2823 1799 2898 1863 ὡς
2925 1798 3023 1863 ἔνι,
3059 1797 3355 1865 λελέξεται.
3379 1798 3524 1869 Ἔφη
3573 1797 3757 1850 τοίνυν

2180 1893 2308 1963 περὶ
2337 1892 2443 1945 τῶν
2474 1893 2552 1955 είς
2579 1891 2714 1962 ἔργα
2758 1889 3239 1961 παρειλημμένων,
3278 1908 3298 1941 ‹
3336 1888 3447 1942 Kal
3477 1889 3634 1942 αὑτοὶ
3661 1889 3760 1960 λή-

2177 1985 2366 2054 ψονται
2391 1983 2452 2036 τὸ
2476 1983 2718 2054 χρυσίον,
2746 1981 2838 2035 καὶ
2866 1980 2964 2052 τὴν
2995 1979 3270 2047 ὑάκινθον,
3299 1981 3393 2033 ml.
3420 1979 3520 2050 τὴν
3541 1978 3756 2051 πορφύ-

2182 2093 2302 2147 ραν,
2337 2076 2430 2129 καὶ
2455 2075 2515 2128 τὺ
2544 2073 2816 2138 κόκκινον,
2849 2071 2944 2125 καὶ
2986 2070 3202 2142 βύσσον.
3243 2089 3261 2122 ι
3309 2071 3417 2124 Καί
3465 2087 3557 2140 μοι
3595 2071 3759 2125 πάλιν

2179 2165 2376 2219 λεπτὸν
2401 2165 2562 2229 ἐνιεὶς
2595 2167 2708 2228 τοῖς
2736 2163 3116 2235 προκειμένοις
3137 2163 3228 2216 τὸν
3267 2162 3411 2229 νοῦν,
3443 2162 3540 2216 καὶ
3563 2162 3668 2234 πρό
3693 2178 3758 2231 γε

2179 2256 2244 2327 δὴ
2269 2255 2374 2310 τῶν
2405 2255 2581 2312 ἄλλων
2610 2254 2766 2328 ἄθρει
2793 2253 2858 2325 δὴ
2877 2253 3018 2307 τόδε.

2254 2535 2468 2590 ΙΙΛΛΛ.
2509 2534 2582 2586 Τὸ
2611 2534 2761 2586 ποῖον
2791 2531 2846 2585 τί
2880 2531 3019 2603 φής;

2254 2627 2416 2682 ΚΥΡ.
2457 2627 2532 2680 Οὑ
2581 2625 2688 2697 γὰρ
2732 2624 2955 2695 χρυσίου
2997 2622 3093 2676 καὶ
3143 2619 3363 2692 βύσσου,
3396 2621 3490 2674 ml
3531 2620 3634 2692 μὴν
3661 2622 3761 2674 καὶ

2182 2717 2464 2790 πορφύρας
2513 2717 2608 2771 καὶ
2653 2716 2909 2770 κοκκίνου
2951 2712 3351 2784 κεκλωσμένου,
3397 2711 3650 2766 ὑακίνθου
3698 2729 3763 2765 τε

2182 2807 2248 2865 αὑ
2279 2811 2457 2864 πάντα
2495 2807 2822 2879 πεποίηνται
2874 2807 2942 2862 τά
2989 2806 3048 2860 ἐν
3093 2807 3159 2876 τῇ
3218 2806 3412 2874 σκηνῇ,
3447 2805 3540 2857 καὶ
3573 2799 3641 2874 ἦν
3679 2806 3766 2866 εἰς

2181 2905 2352 2959 τύπον
2384 2900 2622 2974 Χριστοῦ
2644 2920 2658 2970 ;

2253 2997 2464 3051 ΠΑΛΛ.
2505 2989 2632 3049 Ὧδε
2668 2993 2799 3066 ἔχει.

2253 3088 2418 3142 ΚΥΡ.
2456 3087 2566 3141 Θέα
2598 3085 2656 3139 δὲ
2698 3085 2762 3156 δὴ
2809 3086 2888 3137 ὃτι
2932 3083 3020 3137 διὰ
3069 3083 3178 3137 τῶν
3221 3083 3403 3139 αὑτῶν
3443 3087 3536 3141 καὶ
3578 3087 3611 3157 ἡ
3663 3084 3767 3139 τοῦ

2186 3177 2513 3250 προύχοντος
2557 3179 2616 3231 ἐν
2683 3175 2953 3248 ἱερωσύνῃ
3014 3176 3372 3249 διεσκευάσθη
3427 3179 3608 3251 στολὴ,
3659 3179 3769 3250 τὴν

2184 3268 2418 3341 Χριστοῦ
2453 3268 2607 3332 δόξαν
2654 3267 2730 3331 ὡς
2778 3269 2835 3322 ἐν
2883 3268 3052 3322 εἰκόνι
3105 3267 3168 3339 δὴ
3221 3267 3384 3323 πάλιν
3427 3271 3522 3326 ml
3567 3270 3769 3334 τύποις

2182 3362 2464 3414 ὠδίνουσα
2493 3359 2642 3428 λόγοι
2672 3359 2781 3428 γὰρ
2828 3361 2878 3413 οἱ
2917 3361 3090 3423 αὐτοὶ,
3121 3361 3321 3429 γνῶσις
3353 3362 3411 3416 δὲ
3446 3363 3544 3432 οὐχ
3573 3361 3765 3433 ἑτέρα,

2183 3452 2242 3505 τὸ
2273 3451 2511 3527 Χριστοῦ
2545 3451 2744 3516 κάλλος
2777 3453 3266 3524 κατασημαίνουσι.
3294 3452 3628 3508 Γινώσκεται
3651 3454 3769 3524 γὰρ

2181 3547 2255 3609 ὼς
2287 3547 2345 3599 ἐν
2382 3543 2566 3616 χρυσῷ
2599 3544 2699 3616 μὲν
2724 3543 2874 3607 Θεὸς,
2897 3543 2972 3607 ὡς
2997 3545 3054 3598 ἐν
3085 3543 3340 3616 πορφύρᾳ
3383 3545 3444 3598 τὸ
3483 3544 3768 3615 βασίλειον

2182 3637 2320 3708 ἔχων
2367 3635 2618 3707 ἀξίωμα,
2667 3634 2763 3688 καὶ
2815 3634 2888 3698 ὡς
2924 3635 2982 3686 ἐν
3033 3633 3214 3704 βύσσῳ
3252 3635 3423 3706 λεπτῇ
3489 3634 3645 3704 λόγος
3678 3636 3768 3688 ίσ-

2182 3726 2306 3798 χνὺς
2338 3727 2431 3780 καὶ
2457 3725 2764 3796 ἀσώματος,
2804 3723 2878 3788 ὡς
2913 3724 2970 3778 ἐν
3010 3723 3244 3795 κοκκίνιρ
3278 3723 3365 3778 διὰ
3407 3725 3505 3795 τὴν
3551 3725 3765 3798 σάρκαο

2183 3819 2241 3872 tv
2303 3817 2542 3888 ὑακίνθῳ
2592 3834 2656 3886 γε
2709 3814 2814 3888 μὴν
2865 3818 3176 3887 ἀεροφανεῖ,
3241 3815 3598 3887 τοιουτόχρως
3653 3818 3770 3888 γὰρ

2184 3909 2455 3974 ὑάκινθος,
2487 3906 2575 3960 διὰ
2620 3906 2680 3959 τὸ
2736 3905 2943 3960 ἄνωθεν
2995 3906 3088 3957 καὶ
3139 3904 3198 3969 ἐξ
3260 3905 3606 3976 ούρανοῦ.Ἦ
3652 3906 3766 3977 γὰρ

2183 4001 2304 4071 οὑχ).
2331 4000 2461 4064 Θεός
2494 4017 2552 4053 τε
2586 3999 2700 4069 ἆμα
2751 3999 2846 4052 ml
2901 3996 3155 4067 βασιλεὺς
3197 3997 3226 4050 6
3275 3997 3340 4051 ἐκ
3387 3996 3521 4051 Θεοῦ
3550 3998 3766 4070 Πατρὺς

2185 4093 2357 4161 Λόγος
2373 4110 2386 4155 ;

2255 4273 2463 4327 ΠΑΛΛ.
2505 4273 2629 4337 Πῶς
2658 4273 2766 4345 γὰρ
2795 4273 2884 4338 οῦ,

575 4357 733 4414 CYR.
771 4359 963 4414 Nonne
1007 4367 1290 4428 praeterea,
1325 4375 1450 4415 cum
1480 4360 1716 4416 Verbum
1739 4369 1884 4416 esset
1909 4361 2078 4416 Patris

2259 4365 2421 4419 ΚΥΡ.
2463 4365 2598 4436 Οὑχὶ
2629 4365 2686 4418 δὲ
2715 4366 2886 4434 Λόγος
2923 4365 2997 4420 ὢν
3045 4365 3138 4419 τοῦ
3190 4365 3402 4438 Πατρὸς
3450 4366 3642 4430 λεπτὸς
3667 4369 3763 4421 ml

509 4447 708 4504 subtile
767 4458 823 4504 et
860 4449 1104 4518 corporis
1129 4465 1342 4520 expers,
1383 4450 1529 4506 idem
1563 4451 1620 4506 in
1665 4465 1831 4507 carne
1855 4451 2082 4517 factum,

508 4549 564 4596 et
592 4540 659 4594 de
683 4541 937 4611 supernis
966 4550 1050 4595 est
1077 4541 1100 4593 ?

578 4633 778 4688 PALL.
809 4633 1035 4688 Verum.

578 4721 736 4778 CYR.
766 4721 937 4792 Igitur
980 4715 1180 4777 eadem
1220 4729 1303 4776 est
1341 4723 1565 4777 omnino
1609 4723 1802 4786 etiam,
1842 4722 1987 4792 quod
2017 4723 2084 4777 ad

508 4811 852 4868 subtiliorem
888 4812 1402 4882 contemplationem
1433 4813 1693 4883 pertinet,
1740 4813 1964 4869 materia
1989 4829 2086 4868 ve-

508 4904 917 4965 stimentorum,
944 4887 1024 4958 'et
1061 4917 1252 4958 eorum
1295 4919 1417 4972 quae
1463 4904 1519 4958 in
1559 4904 1894 4959 tabernaculi
1921 4919 2086 4974 Opere

509 4994 757 5049 confecta
789 5003 936 5048 sunt.
972 4994 1082 5050 Sed
1115 4994 1183 5049 de
1219 4995 1304 5049 his
1331 4996 1484 5050 satis.
1532 4995 1651 5050 Jam
1693 5012 1828 5051 vero
1876 4996 1945 5051 de
1995 4997 2082 5061 iis,

507 5100 631 5154 quae
671 5085 740 5138 ad
772 5085 1041 5141 honorem
1085 5094 1142 5142 et
1180 5086 1409 5157 gloriam
1438 5087 1619 5141 Aaron
1653 5087 1804 5141 varie
1832 5095 2086 5142 contexta

509 5183 660 5241 sunt,
713 5176 930 5232 dicendi
982 5185 1200 5248 tempus
1237 5185 1338 5233 est.
1391 5178 1560 5248 lgitur
1587 5219 1601 5244 ,
1653 5197 1671 5228 ι
1698 5179 1766 5232 Et
1796 5177 2020 5244 facient,
2059 5198 2077 5229 ι

512 5267 709 5338 inquit,
759 5286 778 5320 ι
818 5271 1266 5341 superhumerale
1297 5285 1364 5324 ex
1397 5270 1558 5342 bysso
1595 5279 1756 5335 torta,
1792 5286 1930 5340 opus
1966 5279 2082 5326 tex-

511 5357 608 5418 tile
666 5359 998 5425 variatoris,
1063 5360 1172 5414 duo
1227 5359 1696 5430 superhumeralia
1745 5361 2084 5416 continentia

510 5459 673 5509 erunt
700 5451 825 5523 ipsi,
853 5451 1086 5507 alterum
1112 5452 1268 5507 alteri
1291 5451 1345 5506 in
1369 5452 1585 5508 duabus
1605 5452 1855 5524 partibus
1870 5453 2078 5525 juncta,

587 5654 631 5690 ’τ
660 5650 834 5708 Galat.
868 5669 945 5720 ιιι,
972 5655 1060 5708 27.
1136 5654 1180 5684 ’³⁸
1206 5655 1375 5710 Exod.
1408 5673 1585 5722 xxvm,
1612 5659 1662 5711 5.

2185 4453 2494 4525 ἀσώματος,
2526 4454 2750 4524 γέγονεν
2775 4456 2832 4507 ἐν
2864 4455 3026 4528 σαρκὶ
3054 4453 3148 4509 καὶ
3182 4452 3328 4508 ἐστιν
3353 4453 3558 4508 ἄνωθεν
3584 4472 3599 4518 ;

2256 4627 2467 4682 ΠΑΛΛ.
2520 4625 2760 4698 Ἀληθές.

2255 4719 2418 4771 ΚΥΡ.
2459 4719 2525 4771 Δί
2552 4719 2714 4772 αὑταὶ
2755 4718 3044 4791 τοιγαροῦν
3083 4720 3520 4792 ἀπαραλλάκτως
3568 4721 3663 4776 καὶ
3686 4721 3766 4786 ὡς

2187 4811 2243 4862 tv
2277 4807 2479 4880 θεωρίᾳ
2511 4808 2680 4879 λεπτῇ
2725 4808 2834 4863 τῶν
2863 4809 3186 4881 ἐσθημάτων
3211 4814 3266 4864 αί
3317 4810 3461 4875 ὕλαι,
3494 4813 3588 4866 ml
3617 4813 3753 4883 μέν-

2184 4917 2266 4953 τοι
2306 4901 2401 4953 καὶ
2453 4899 2561 4953 τῶν
2600 4901 3127 4972 κατεσκευασμένων
3171 4902 3228 4955 ἐν
3269 4903 3335 4974 τῇ
3383 4903 3515 4974 ἁγίᾳ
3563 4907 3760 4976 σκηνῆ.

2184 4991 2292 5044 Kal
2308 4990 2466 5045 ταυτὶ
2489 4991 2587 5061 μὲν
2603 4984 2726 5054 ὦδε,
2742 4992 2808 5045 τά
2828 4993 2884 5045 δέ
2904 4995 2982 5055 είς
2996 4992 3158 5064 τιμὴν
3173 4993 3266 5048 καὶ
3284 4993 3440 5057 δόξαν
3458 4992 3536 5064 τῷ
3551 4994 3765 5065 ’Δαρὼν

2186 5083 2444 5146 ποικίλως
2481 5083 2828 5154 ἐξυφασμένα
2874 5084 3065 5155 καιρὸς
3115 5085 3216 5156 ἥδη
3266 5085 3462 5154 λέγειν.
3523 5086 3760 5149 Οὐκοῦν,

2190 5173 2337 5228 «Καὶ
2381 5175 2686 5244 ποιήσουσι,
2730 5175 2885 5244 φησὶ,
2951 5174 3051 5248 τὴν
3098 5176 3348 5246 ἐπωμίδα
3418 5178 3487 5229 ἐκ
3559 5175 3762 5243 βύσσου

2187 5266 2591 5336 κεκλωσμένης,
2629 5265 2790 5337 ἔργον
2827 5267 3062 5335 ὑφαντὸν
3091 5265 3388 5329 ποικιλτοῦ,
3423 5266 3516 5319 δύο
3547 5267 3762 5338 ἐπωμί-

2190 5359 2280 5422 δες
2321 5358 2644 5428 συνέχουσαι
2674 5357 2887 5412 ἔσονται
2925 5359 3095 5430 αὐτῷ,
3136 5358 3298 5430 ἑτέρα
3323 5359 3422 5428 τὴν
3444 5357 3643 5427 ἑτέραν
3671 5357 3763 5410 ἐπὶ

2188 5453 2298 5516 τοῖς
2333 5449 2426 5504 δύο
2461 5449 2682 5522 μέρεσιν
2729 5450 3094 5530 ἐξηρτημένα.
3133 5450 3242 5506 Kal
3278 5450 3339 5505 τδ
3382 5449 3612 5523 ὕφασμα
3650 5447 3760 5502 τῶν
