3962 6296
185 253 303 308 733

880 263 968 318 DE
1004 262 1443 320 ADORATIONE
1480 265 1545 319 ΙΝ
1586 261 1854 319 SPIRITU
1898 261 1985 317 ET
2030 258 2397 317 VERITATE.
2433 287 2500 297 -—
2540 256 2667 311 LIB.
2712 255 2802 311 XI.

3363 258 3469 315 754

186 376 509 449 ὶπωμίδων,
557 378 587 432 δ
621 378 770 432 ἐστιν
798 379 885 434 ἐπ’
914 377 1063 450 αὑτῷ
1114 380 1256 435 κατὰ
1307 380 1404 452 τὴν
1443 381 1680 452 ποίησιν,
1727 383 1759 435 ἐι

1888 386 1945 433 et
1983 383 2200 433 textura
2237 371 2794 445 superbumeralium,
2824 384 2947 439 qua
2975 378 3060 425 est
3086 368 3141 424 in
3173 371 3294 443 ipso
3317 371 3476 440 juxta
3525 452 3529 457 I

192 470 364 526 αὐτοῦ
395 469 554 523 ἔσται
592 473 658 525 ὲκ
695 472 900 543 χρυσοῦ
935 474 1030 528 καὶ
1070 473 1329 529 ὑακίνθου
1364 475 1457 528 καὶ
1498 474 1787 547 πορφύρας

193 566 287 618 καὶ
317 563 579 619 κοκκίνου
625 565 1048 637 διανενησμένου
1081 567 1176 621 καὶ
1227 565 1427 636 βύσσου
1471 567 1787 638 κεκλωσμέ-

191 675 312 728 νης.
347 676 368 708 ι
397 656 576 727 ’Ὕλην
611 657 669 711 δὲ
699 660 813 723 τοῖς
843 659 1130 730 ὑφάσμασι
1165 659 1290 724 δοὺς
1318 658 1416 731 τὴν
1461 659 1561 729 ᾗδη
1598 676 1787 730 προειδ

195 749 471 820 ρημένην,
498 749 666 813 εὐθὺς
690 751 958 823 ἐπιφέρει·
984 771 1000 803 r
1026 751 1138 804 Kal.
1157 751 1304 823 λήψῃ
1328 752 1453 816 τοὺς
1473 750 1565 804 δύο
1581 749 1779 815 λίθους,

187 838 374 902 λίθους
409 839 783 909 σμαράγδους,
812 841 905 894 καὶ
921 839 1145 911 γλύψεις
1172 842 1228 893 έν
1244 841 1426 903 αὐτοῖς
1445 839 1513 894 τὰ
1542 839 1783 911 ὀνόματα

185 928 300 981 τῶν
335 929 474 982 υίῶν
519 927 756 1000 Ἰσραὴλ,
797 929 858 995 ἐξ
894 931 1133 1001 ὀνόματα
1184 930 1315 1001 περὶ
1361 929 1452 982 τὸν
1492 930 1640 984 λίθον
1689 930 1780 983 τὸν

183 1004 313 1082 ἕνα,
349 1020 449 1071 καὶ
489 1019 561 1072 τὰ.
609 1020 669 1087 ἓξ
717 1019 957 1091 ὀνόματα
993 1020 1060 1074 τὰ
1081 1020 1245 1075 λοιπὰ
1270 1022 1361 1076 ἐπὶ
1387 1022 1480 1076 τὸν
1505 1021 1656 1076 λίθον
1688 1023 1781 1077 τὸν

183 1110 465 1182 δεύτερον,
495 1111 639 1164 κατὰ
672 1110 771 1176 τὰς
808 1112 1050 1180 γενέσεις
1092 1113 1298 1179 αὐτῶν,
1346 1113 1509 1185 ἔργον
1564 1114 1779 1185 λιθουρ-

185 1202 356 1272 γικῆς
404 1204 638 1273 τέχνης’
686 1202 916 1274 γλύμμα
963 1205 1260 1275 σφραγίδος
1298 1205 1614 1274 διαγλύψεις
1651 1208 1777 1271 τοὺς

185 1293 372 1356 λίθους
402 1294 500 1348 ἐπὶ
548 1297 663 1357 τοῖς
696 1294 920 1364 ὀνόμασι
952 1295 1062 1350 τῶν
1097 1296 1227 1350 υἱῶν
1272 1297 1506 1369 Ἰσραήλ.
1541 1299 1650 1353 Καὶ
1679 1296 1778 1369 θήο

189 1402 301 1449 σεις
339 1385 471 1451 τοὺς
503 1386 598 1440 δύο
626 1386 807 1450 λίθους
834 1388 927 1441 ἐπὶ
962 1387 1073 1449 τῶν
1123 1387 1291 1459 ὤμων
1334 1390 1437 1459 τῆς
1468 1390 1765 1462 ἐπωμίδος·

188 1478 321 1531 λίθοι
355 1478 707 1549 μνημόσυνόν
734 1480 840 1532 είσι
878 1483 992 1543 τοῖς
1015 1480 1151 1544 υίοίς
1180 1481 1416 1553 Ἰσραήλ.
1442 1499 1461 1533 ι

253 1569 466 1623 ΠᾹΛΛ.
510 1569 687 1633 Βαθὺς
724 1570 841 1641 μὲν,
868 1571 944 1633 ῶς
992 1571 1187 1637 ἔοικεν,
1218 1573 1248 1627 ὁ
1302 1575 1360 1628 έν
1398 1574 1512 1636 τοῖς
1562 1572 1773 1645 θεωρή-

186 1678 319 1732 μασι
358 1662 539 1731 λόγος·
591 1661 769 1734 πειρῶ
794 1662 852 1715 δὲ
899 1663 1167 1734 πρότερον
1198 1664 1377 1718 έκεῖνο
1408 1665 1604 1731 εἰπεῖν,
1631 1665 1683 1718 τί
1712 1663 1771 1716 τὸ

1893 467 2263 532 eﬁ‘ectionem,
2297 482 2362 522 ex
2404 467 2522 535 ipso
2561 463 2687 529 erit,
2724 477 2791 517 ex
2828 476 2966 516 auro
2998 470 3054 518 et
3090 462 3387 536 hyacintho
3418 476 3476 524 et
3498 460 3549 536 far

1892 574 2138 629 purpura
2160 566 2216 613 et
2240 572 2406 613 cocco
2424 534 2602 621 torto,
2626 561 2682 609 et
2700 553 2863 624 bysso
2888 562 3016 608 neta
3035 556 3102 610 ”.
3134 534 3164 608 Vr
3196 555 3335 612 Cum
3367 534 3502 625 ita-3

1890 664 1998 718 que
2033 649 2321 721 materiam
2350 662 2474 719 quae
2511 660 2661 702 nunc
2694 645 2841 701 dicta
2862 653 2966 711 cst,
2994 646 3274 703 textilibus
3301 638 3499 706 vesti?

1890 740 1994 796 bus
2036 740 2343 805 tribuisset,
2383 739 2647 795 continuo
2692 737 2975 809 subjungit
3009 755 3022 791 :
3079 757 3098 789 r
3134 739 3203 793 Et
3234 741 3473 812 accipies

1888 833 2028 889 duos
2067 833 2277 903 lapides
2296 872 2331 899 ν
2353 833 2519 904 380
2544 833 2757 904 lapides
2794 830 3131 901 smaragdos,
3170 840 3226 886 et
3256 834 3473 904 sculpes

1888 923 1945 978 in
1972 923 2053 978 eis
2074 925 2297 979 nomina
2329 923 2568 979 ﬁliorum
2600 923 2802 978 Israel:
2829 938 2927 976 sex
2953 924 3178 979 nomina
3206 923 3262 978 in
3291 923 3472 994 lapide

1887 1031 2017 1081 uno,
2052 1023 2109 1072 et
2149 1032 2244 1071 sex
2280 1015 2504 1071 nomina
2540 1015 2750 1085 reliqua
2779 1015 2836 1069 in
2873 1014 3056 1085 lapide
3084 1015 3279 1082 altero,
3315 1017 3472 1087 juxta

1884 1108 2201 1164 nativitates
2235 1123 2447 1173 eorum,
2472 1123 2611 1177 opus
2648 1108 2961 1178 gemmarire
2991 1108 3145 1164 artis.
3174 1108 3470 1179 Sculptura

1883 1199 2045 1269 sigilli
2084 1199 2301 1269 sculpes
2335 1198 2548 1269 lapides
2578 1197 2897 1253 nominibus
2918 1196 3156 1253 ﬁliorum
3180 1198 3378 1254 Israel:
3412 1208 3469 1256 et

1881 1307 2054 1361 pones
2109 1276 2249 1347 duos
2295 1292 2505 1362 lapides
2552 1292 2608 1346 in
2659 1291 2908 1346 humeris
2954 1290 3461 1362 superhumeralis:

1880 1380 2090 1451 lapides
2120 1381 2440 1438 memoriale
2460 1391 2591 1438 sunt
2622 1380 2748 1437 ﬁliis
2774 1380 2940 1438 Israel
2972 1383 3011 1435 ⁸.
3047 1401 3065 1433 ι

1950 1555 2149 1610 PALL.
2194 1556 2473 1612 Profunda
2503 1558 2761 1627 equidem
2790 1557 3011 1612 videtur
3054 1558 3462 1627 propositarum

1878 1647 2239 1716 quaestionum
2263 1648 2404 1703 ratio
2425 1666 2437 1701 :
2458 1649 2553 1704 sed
2575 1650 2785 1704 enitere
2809 1649 2915 1704 hoc
2943 1648 3078 1703 mihi
3112 1650 3265 1719 prius
3290 1666 3461 1720 expo-

182 1754 371 1825 Χρῆμα
401 1755 503 1825 τῆς
558 1755 789 1824 ἐπίκλην
838 1754 1132 1826 ἐπωμίδος,
1181 1756 1215 1828 ἢ
1248 1759 1399 1812 ποῖον
1438 1757 1505 1813 ἂν
1538 1756 1651 1828 ἔχοι
1674 1760 1759 1828 τῆς

1874 1756 2007 1797 nere
2027 1742 2290 1811 quidnam
2314 1742 2451 1796 illud
2470 1740 2547 1796 sit
2571 1741 2721 1810 quod
2753 1739 3063 1809 appellatur
3093 1739 3460 1810 superhume-

182 1846 529 1915 κατασκευῆς
554 1846 649 1900 τὸν
676 1846 896 1915 τρόπον.

246 1939 417 1991 ΚΥΡ.
463 1938 733 2009 Ὗφασμά
754 1956 805 1992 τι
827 1938 1053 2008 χιτῶνος
1080 1939 1157 2005 ὡς
1188 1940 1248 1993 ὲν
1293 1938 1422 1994 εῖδει
1455 1940 1550 1995 καὶ
1607 1940 1770 2011 μέχρι

182 2030 407 2101 στέρνου
456 2030 646 2099 διῆκον
697 2030 950 2098 γενέσθαι
1017 2031 1404 2102 προστέταχεν,
1458 2032 1534 2096 ὡς
1585 2032 1771 2095 αὐτοῖς

181 2120 286 2174 ἔσω
311 2136 376 2172 τε
416 2119 513 2174 καὶ
552 2118 631 2183 ῶς
659 2123 718 2174 ὲν
749 2119 866 2192 χρῷ
891 2122 986 2175 καὶ
1021 2122 1182 2193 μέχρι
1230 2121 1412 2176 ποδῶν
1461 2121 1767 2192 ὲσθήμασιν

181 2212 649 2283 ὲπενηνεγμένου,
701 2213 798 2266 καὶ
853 2212 950 2285 τὴν
975 2215 1039 2267 ἐκ
1093 2214 1296 2284 χρυσοῦ
1332 2215 1428 2269 καὶ
1480 2215 1767 2286 πορφύρας

182 2302 591 2375 ἀπαστράπτων
623 2303 819 2375 αὐγὴν,
845 2308 960 2368 τοῖς
1000 2304 1108 2356 τῶν
1139 2304 1430 2374 θεωμένων
1465 2303 1766 2373 ὀφθαλμοῖς

182 2395 377 2449 σεπτόν
414 2412 474 2450 τε
521 2394 619 2449 καὶ
669 2395 996 2468 ίεροπρεπὲς
1025 2395 1318 2450 ὲντέκοιτδ
1350 2395 1555 2466 θαῦμα.
1594 2395 1765 2449 Τοῦτο

176 2486 445 2557 κέκληκεν
468 2486 738 2557 ἐπωμίδα,
765 2486 854 2540 διὰ
872 2486 955 2552 τὸ,
987 2482 1160 2558 οἶμαι,
1190 2485 1361 2559 βραχὺ
1379 2485 1471 2541 τοῦ
1488 2489 1764 2560 τεχνήμα-

177 2595 282 2645 τος,
303 2580 403 2632 καὶ
429 2577 493 2631 τὸ
520 2579 726 2649 ἀμφοῖν
753 2577 818 2649 δὴ
844 2577 995 2649 μόλις
1023 2578 1409 2633 ὲπιτάννυσθαι
1429 2581 1543 2632 τοῖν
1565 2577 1759 2650 ὧμοιν.

188 2670 273 2726 Ἐν
299 2670 477 2743 ταύτῃ
520 2671 586 2741 δὴ
615 2665 710 2724 οὖν
747 2674 812 2743 τῇ
852 2670 1087 2741 ἐπωμίδι
1122 2670 1218 2724 δύο
1273 2669 1473 2735 λίθους,
1511 2670 1763 2743 σμαράγ-

179 2763 261 2818 δου
280 2763 339 2816 δὲ
370 2757 556 2828 αὗται,
585 2760 904 2832 κλώσμασιν
950 2763 1150 2832 ἰσχνοῖς
1175 2758 1235 2816 εὖ
1268 2761 1413 2833 μάλα
1443 2761 1761 2833 διεσφιγμέ-

177 2874 267 2922 νας
310 2855 681 2928 ἑνερείδεσθαι
727 2856 837 2910 δεῖν
900 2853 1153 2909 διετύπου
1201 2854 1408 2925 σαφῶς,
1449 2856 1758 2927 ὲνορωρυγ-

180 2945 350 3014 μένων
394 2945 666 3016 εὐτέχνως
693 2944 951 3016 ὀνομαστὶ
984 2943 1093 2999 τῶν
1120 2943 1324 3013 φυλῶν,
1356 2944 1432 3007 ὡς
1471 2943 1530 3011 ἓξ
1557 2946 1616 2998 ὲν
1659 2947 1760 3016 μιᾷ

174 3036 478 3109 γράφεσθαι
504 3037 661 3109 λίθῳ.
699 3039 812 3091 Καὶ
847 3039 933 3102 τίς
964 3040 993 3092 ὁ
1021 3037 1174 3091 τοῦδε
1206 3037 1383 3105 λόγος,
1430 3037 1591 3102 αὐτὸς
1626 3039 1758 3109 ἡμῖν
1785 3074 1827 3132 C

1875 1832 2013 1898 rale,
2037 1847 2215 1903 quove
2237 1832 2403 1886 modo
2422 1830 2755 1887 confectum.

1940 1922 2096 1979 (ΠΒ.
2136 1924 2399 1979 Textilem
2438 1922 2732 1994 quamdam
2797 1930 3007 1979 vestem
3047 1907 3251 1979 tunica;
3286 1922 3459 1978 instar

1871 2028 2046 2083 usque
2073 2013 2143 2068 ad
2166 2022 2359 2083 pectus
2396 2012 2765 2084 pertinentem
2791 2012 2911 2069 ﬁeri
2936 2014 3122 2084 jussit,
3147 2023 3230 2079 ut,
3263 2014 3332 2070 iis
3358 2030 3457 2071 ve-

1869 2106 2066 2172 stibus,
2104 2106 2227 2175 quae
2267 2106 2561 2161 interiores
2593 2114 2801 2172 essent,
2844 2115 2902 2161 et
2930 2121 3133 2177 corpus
3167 2107 3456 2179 continge-

1869 2205 2015 2262 rent,
2055 2208 2112 2252 et
2145 2212 2318 2267 usque
2361 2197 2429 2252 ad
2466 2197 2634 2268 pedes
2693 2197 3138 2262 dcmitterentur,
3196 2199 3452 2267 superin-

1866 2287 2050 2352 ducta,
2096 2295 2153 2343 et
2187 2289 2308 2344 auri
2365 2304 2429 2343 ac
2462 2303 2722 2359 purpurae
2768 2288 3061 2359 splendore
3099 2287 3335 2360 fulgens,
3370 2288 3455 2342 in-

1867 2381 2138 2434 tuentium
2163 2379 2338 2434 oculis
2354 2378 2722 2434 venerandam
2748 2389 2804 2435 et
2834 2379 3157 2435 sacerdotali
3170 2379 3452 2449 majestate

1865 2470 2085 2542 dignam
2124 2471 2545 2542 admirationem
2600 2471 2907 2541 iqeneret.
2941 2471 3095 2526 Hanc
3114 2471 3332 2527 vocavit
3354 2486 3451 2525 su-

1864 2562 2271 2633 perhumerale,
2310 2579 2429 2629 seu,
2463 2576 2527 2618 ut
2564 2562 2753 2619 Graece
2779 2572 2883 2629 est,
2921 2564 3192 2634 ἐπωμίδα,
3226 2573 3453 2634 propter

1863 2654 2211 2719 brevitatem,
2251 2662 2314 2710 ut
2359 2654 2620 2718 arbitror,
2667 2654 2872 2723 operis,
2903 2662 2961 2709 et
2993 2654 3141 2724 quod
3169 2654 3260 2708 vix
3286 2669 3451 2723 super

1863 2753 2165 2814 utrumque
2199 2744 2495 2799 humerum
2531 2743 2945 2800 extenderetur.
2993 2744 3056 2800 In
3103 2744 3210 2801 hoc
3264 2744 3451 2816 itaque

1862 2836 2303 2906 superhumerali
2349 2836 2490 2891 duos
2540 2834 2753 2906 lapides
2803 2834 3098 2907 (smaragdi
3144 2837 3203 2892 bi
3261 2839 3447 2906 erant)

1862 2927 2124 2983 tenuibus
2166 2928 2400 2983 texturis
2452 2928 2627 2998 probe
2674 2928 3005 2984 constrictos
3048 2928 3217 2984 inseri
3262 2928 3447 3000 jussit,

1863 3016 2152 3088 insculptis
2181 3017 2481 3074 artiﬁciose
2519 3034 2621 3088 per
2650 3018 2873 3073 nomina
2918 3019 3211 3086 tribubus,
3268 3020 3344 3075 ita
3388 3028 3451 3076 ut

171 3132 412 3201 διεσάφει
449 3129 659 3199 λέγων’
691 3150 709 3182 r
732 3131 842 3185 Καὶ
880 3129 1112 3201 λήψεται
1156 3128 1366 3201 Ἀαρὼν
1406 3130 1477 3183 τὰ
1515 3130 1755 3200 ὀνόματα

1868 3123 1955 3163 sex
1986 3109 2040 3164 in
2076 3124 2184 3164 uno
2212 3110 2395 3179 lapide
2427 3110 2897 3165 describerentur.
2946 3111 3185 3181 Ejusque
3230 3113 3313 3167 rei
3356 3129 3446 3168 ra-

171 3218 275 3276 τιῖιν
300 3219 441 3274 υἱῶν
480 3219 700 3291 Ἰσραὴλ
741 3218 922 3274 ἔναντι
957 3220 1163 3290 Κυρίου
1203 3220 1294 3272 ἐπὶ
1319 3219 1428 3274 τῶν
1462 3220 1556 3274 δύο
1584 3219 1754 3292 ὤμων

175 3311 357 3378 αὑτοῦ,
386 3312 735 3384 μνημόσυνον
755 3313 885 3384 περὶ
906 3312 1107 3368 αὐτῶν.
1138 3332 1157 3366 ι

238 3488 446 3543 ΠΔΛΛ.
489 3488 804 3559 Νομιοῦμεν
841 3487 898 3542 δὲ
949 3488 1003 3542 τί
1049 3488 1136 3543 διά
1166 3506 1227 3543 τε
1285 3491 1397 3545 τῶν
1445 3490 1608 3545 λίθων
1658 3491 1752 3544 καὶ

169 3577 273 3631 τῶν
303 3579 364 3631 ὲν
401 3578 586 3642 αὐτοῖς
614 3578 1010 3649 ὑποδηλοῦσθαι
1033 3579 1228 3645 πάλιν;

235 3668 403 3723 ΚΥΡ.
452 3670 652 3724 Ἄκουε
679 3669 769 3741 δή·
808 3669 964 3741 ὠχρὰ
1009 3672 1106 3741 μὲν
1149 3670 1296 3735 λίθος
1339 3673 1372 3742 ἡ
1411 3672 1749 3743 σμάραγδος.

179 3758 493 3830 Ἐννήχεται
528 3760 585 3813 δὲ
619 3761 757 3833 αὐτῇ
787 3761 848 3815 τὸ
878 3761 1155 3830 αὐγοειδὲς
1187 3764 1246 3815 ὲν
1279 3762 1452 3832 βάθει,
1498 3765 1590 3817 καὶ
1605 3767 1750 3818 οἱον-

170 3849 214 3904 εὶ
243 3852 424 3921 σκότῳ
482 3852 853 3923 συγκέκραται
911 3852 1045 3922 φῶς·
1109 3855 1372 3927 ἐκατέρου
1411 3856 1548 3928 πρὸς
1589 3859 1750 3911 ἑαυτὸ

171 3939 225 3994 τὸ
248 3942 406 4013 νικᾷν
430 3941 807 4005 άνθέλκοντος.
841 3939 967 4015 Ἆρ’
992 3941 1103 4004 οὖν.
1128 3938 1173 3997 ὦ
1207 3944 1491 4008 Παλλάδιε,
1519 3947 1653 4016 πρὸς
1690 3946 1749 4001 τὸ

171 4031 297 4102 ὑψοῦ
318 4050 381 4086 τε
411 4033 510 4086 καὶ
547 4032 660 4088 ἄνω
710 4034 924 4103 βλέπων
966 4037 994 4089 ὁ
1026 4034 1120 4088 τοῦ
1158 4038 1411 4105 σώματος
1446 4037 1745 4108 ὀφθαλμὸς,

170 4126 255 4177 καὶ
284 4125 614 4189 κατατείνας
638 4128 718 4189 είς
741 4125 802 4179 τὸ
821 4126 955 4197 βαθὺ
976 4126 1112 4198 πρὸς
1145 4127 1340 4200 αίθέρα
1373 4132 1464 4183 καὶ
1493 4130 1746 4200 οὐρανὸν,

170 4216 280 4287 οὐχὶ
315 4217 498 4288 τοιᾷδέ
551 4234 656 4271 τινι
695 4218 958 4290 προϐαλεῖ
1007 4218 1241 4289 θεωρίας
1289 4219 1466 4290 ὠχρὸς
1499 4220 1609 4293 γάρ
1644 4239 1746 4276 που

171 4309 257 4360 καὶ
284 4308 360 4371 ὡς
394 4310 453 4361 ἐν
497 4308 652 4377 βάθει
679 4309 865 4379 μέλας,
891 4309 985 4363 καὶ
1014 4311 1154 4379 φωτὶ
1198 4308 1404 4380 μετρίῳ
1437 4312 1744 4382 συμμιγὴς»

171 4402 198 4453 ὸ
227 4400 489 4455 ἀνωτάτω
515 4401 636 4455 λίαν
670 4401 856 4472 αἰθήρ.
1630 4415 1637 4420 ’

232 4581 444 4636 ΠΛΛΛ.
486 4576 613 4637 Ὧδε
646 4583 782 4655 ἔχει.
816 4610 825 4619 ·

237 4674 394 4729 ΚΥΡ.
429 4675 628 4730 Εἰκόνα
650 4676 716 4747 δὴ
735 4674 829 4732 οὖν
855 4677 1087 4752 οὐρανοῦ
1118 4680 1220 4753 τὴν
1246 4681 1394 4736 λίθον
1425 4684 1657 4737 ποιεῖται
1682 4684 1742 4736 τὸ

172 4762 401 4836 Γράμμα
440 4766 505 4819 τὸ
564 4768 731 4839 ἱερόν.
763 4768 869 4824 Καὶ
918 4772 994 4844 μή
1050 4789 1134 4827 τοι
1174 4774 1463 4847 θαυμάσῃς
1514 4775 1603 4829 ὅτε
1646 4777 1742 4829 καὶ

174 4860 449 4931 σαπιρείρῳ
507 4862 832 4932 παρεικάζει
893 4863 1060 4917 πάλιν
1112 4865 1291 4919 αὐτόν.
1342 4866 1508 4938 Ὠχρά
1562 4867 1669 4939 γὰρ
1707 4869 1741 4937 ἡ

176 4950 487 5023 σάπφειρος,
533 4953 630 5007 καὶ
669 4954 769 5026 τῆς
812 4957 871 5009 ἐν
918 4957 1233 5028 σμαράγδῳη
1260 4957 1387 5021 θέας
1415 4959 1476 5012 οὐ
1503 4961 1740 5032 μακράν.

177 5041 477 5114 Γέγραπται
531 5044 589 5098 δὲ
632 5046 806 5110 οὕτως
874 5049 932 5103 ὲν
973 5051 1040 5120 τῇ
1106 5049 1318 5121 Ἐξόδῳ,
1387 5051 1533 5105 (Καὶ
1576 5051 1740 5122 ἀνέϐη

180 5132 361 5205 Μωσῆς
393 5136 490 5189 καὶ
532 5134 765 5205 Ἀαρὼν,
830 5137 923 5190 καὶ
973 5138 1181 5204 Ναδὰό,
1233 5140 1327 5193 καὶ
1386 5140 1616 5206 Ἀϐιοὺδ,
1647 5140 1742 5194 καὶ

184 5223 533 5299 ἐϐδομήκοντα
578 5228 682 5297 τῆς
714 5229 1007 5300 γερουσίας
1045 5230 1280 5303 Ἰσραήλ.
1339 5231 1448 5286 Καὶ
1487 5228 1627 5285 εἶδον
1647 5232 1739 5287 τὸν

182 5317 318 5371 τόπον
348 5312 411 5374 οὗ
460 5319 718 5389 εἱστήκει
751 5320 779 5373 ὁ
821 5320 954 5384 Θεὸς
993 5322 1237 5393 Ἰσραήλ·
1266 5322 1454 5375 καὶτὰ
1481 5321 1586 5375 ὑπὸ
1612 5323 1740 5386 τοὺς

180 5410 319 5476 πόδας
342 5398 545 5475 αὐτοῦ,
576 5410 714 5464 ὡσεὶ
740 5412 902 5482 ἔργον
945 5410 1094 5466 λίθου
1133 5413 1454 5484 σαπφείρου,
1484 5414 1580 5467 καὶ
1626 5413 1736 5468 ῶσ-

176 5521 261 5580 περ
278 5504 414 5569 εἶδος
436 5500 829 5577 στερεὼματος
851 5503 946 5558 τοῦ
974 5503 1226 5576 οὐρανοῦ,
1256 5507 1321 5576 τῇ
1349 5505 1698 5579 καθαρότητι.
1713 5526 1731 5559 ι

224 5689 262 5724 ’⁸
282 5681 463 5745 Exod.
495 5694 693 5745 xxvm,
729 5679 848 5735 6-8.
927 5680 1105 5737 ‘Ibid.
1132 5680 1279 5737 9-12.

1858 3201 2062 3256 tionem
2105 3201 2222 3271 ipse
2242 3201 2405 3257 nobis
2428 3201 2750 3269 declaravit,
2779 3203 2972 3259 dicens
3002 3221 3015 3256 :
3061 3222 3080 3253 ι
3111 3204 3180 3258 Et
3202 3204 3448 3275 portabit

1853 3291 2036 3347 Aaron
2076 3293 2301 3347 nomina
2350 3292 2591 3347 ﬁliorum
2636 3293 2825 3358 Israel,
2870 3308 3060 3349 coram
3102 3294 3353 3359 Domino,
3387 3296 3446 3350 in

1853 3384 2072 3441 duobus
2095 3384 2343 3440 humeris
2369 3385 2504 3451 suis,
2544 3385 2599 3440 in
2634 3386 3032 3442 monimentum
3056 3401 3156 3457 pro
3180 3385 3315 3454 ipsis
3342 3388 3382 3440 '.
3416 3405 3436 3438 ο

1921 3497 2116 3553 PALL.
2153 3497 2296 3564 Quid
2331 3514 2466 3554 vero
2504 3498 2931 3554 existimandum
2957 3507 3043 3554 cst
3072 3497 3349 3569 lapidibus
3386 3510 3444 3555 et

1852 3605 2047 3644 eorum
2081 3590 2380 3659 sculpturis
2400 3588 2696 3660 signiﬁcari
2721 3589 2746 3642 ἲ

1921 3677 2080 3734 CYR.
2119 3677 2321 3748 Accipe
2351 3678 2483 3749 jam.
2523 3678 2750 3733 Lividus
2794 3677 2937 3748 lapis
2973 3685 3057 3733 est
3079 3677 3438 3750 smaragdus:

1850 3767 2019 3823 habet
2053 3776 2234 3824 tamen
2257 3769 2607 3839 splendorem
2639 3769 2695 3823 in
2725 3768 3001 3840 profundo
3019 3771 3170 3826 velut
3190 3770 3445 3826 innatan-

1850 3869 1983 3926 tem,
2031 3875 2095 3915 ac
2145 3861 2336 3916 lumen
2379 3861 2785 3931 quodammodo
2837 3860 3133 3917 admistum
3173 3863 3439 3931 tenebris,

1849 3967 2085 4021 quorum
2132 3961 2428 4023 utrumque
2461 3955 2696 4009 alterum
2724 3953 2947 4008 vincere
2972 3953 3275 4009 contendit.
3297 3955 3442 4011 Num

1847 4044 2037 4116 igitur,
2088 4044 2315 4110 Palladi,
2366 4045 2457 4100 hic
2482 4044 2732 4115 corporis
2768 4044 2963 4099 oculus
2993 4059 3213 4099 sursum
3245 4060 3442 4101 versus

1847 4149 1904 4193 et
1936 4140 1990 4193 in
2015 4139 2251 4194 sublime
2283 4148 2560 4207 spectans,
2588 4146 2645 4191 et
2666 4152 2830 4206 quam
2853 4137 3171 4206 longissime
3198 4136 3255 4189 in
3284 4151 3438 4190 sum-

1848 4244 1998 4284 mum
2041 4245 2223 4284 aerem
2294 4237 2351 4283 et
2413 4229 2613 4282 coelum
2666 4227 2948 4291 intentus,
3006 4241 3118 4280 non
3167 4227 3437 4296 ejusmodi

1847 4320 2140 4391 quamdam
2170 4317 2412 4388 speciem
2446 4317 2680 4371 incurrit
2703 4316 2726 4369 ?
2756 4316 2983 4371 Lividus
3005 4325 3091 4371 est
3110 4316 3256 4370 enim
3280 4332 3433 4382 sane,

1774 4419 1821 4474 1)
1844 4427 1909 4467 ac
1934 4411 2088 4465 velut
2113 4410 2169 4464 in
2190 4407 2467 4478 profundo
2492 4408 2666 4477 niger,
2694 4415 2751 4460 et
2774 4407 2981 4462 lumine
3004 4406 3270 4462 mediocri
3293 4416 3434 4462 tem-

1847 4510 2070 4572 peratus
2097 4500 2187 4555 ille
2213 4500 2373 4567 longe
2401 4513 2690 4568 supremus
2720 4514 2835 4554 aer.

1917 4594 2113 4650 la'ALL.
2151 4594 2232 4647 Ita
2265 4599 2369 4648 est.
2572 4660 2589 4673 κ

1918 4686 2075 4742 CYR.
2102 4685 2344 4741 Utuntur
2373 4698 2505 4753 ergo
2537 4683 2641 4737 hoc
2662 4681 2846 4753 lapide
2869 4697 3037 4737 sacra:
3057 4681 3280 4736 Litterae
3306 4688 3428 4735 tan-

1845 4792 2011 4846 quam
2054 4774 2290 4846 imagine
2333 4773 2568 4846 quadam
2600 4772 2762 4827 coeli:
2798 4787 2978 4842 neque
3015 4770 3115 4824 tibi
3146 4770 3200 4824 id
3227 4770 3428 4825 mirum

1844 4868 2096 4922 videatur
2125 4905 2139 4930 ,
2192 4879 2319 4919 cum
2381 4863 2548 4919 etiam
2623 4860 2884 4932 sapphiro
2940 4859 3076 4914 illud
3147 4859 3435 4929 persimile

1840 4955 2006 5011 faciat
2031 4973 2044 5008 :
2088 4953 2289 5026 pallida
2316 4962 2402 5010 est
2426 4953 2572 5008 enim
2607 4967 2819 5024 gemma
2853 4949 3170 5020 sapphirus,
3200 4937 3257 5003 et
3284 4964 3439 5004 sma-

1841 5050 1993 5121 ragdi
2020 5047 2200 5119 specie
2236 5063 2349 5103 non
2376 5048 2541 5119 longe
2563 5053 2794 5103 remota.
2827 5045 2927 5100 Est
2963 5051 3146 5098 autem
3180 5043 3255 5098 ita
3283 5042 3426 5098 scri-

1837 5148 1993 5211 ptum
2033 5140 2089 5194 in
2122 5140 2309 5195 Exodo
2343 5158 2356 5193 :
2393 5138 2552 5209 381
2584 5156 2604 5189 r
2635 5138 2704 5192 Et
2728 5134 2973 5191 ascendit
2995 5133 3205 5205 Moyses
3233 5143 3289 5189 et
3314 5132 3445 5189 Aa»

1836 5249 1958 5299 ron,
1988 5242 2043 5288 et
2067 5232 2254 5288 Nadab
2274 5238 2332 5287 et
2351 5231 2552 5296 Abiud,
2577 5237 2634 5285 et
2652 5228 2992 5300 septuaginta
3027 5242 3058 5283 e
3084 5225 3399 5283 senioribus

1842 5325 2032 5390 Israel,
2066 5333 2124 5380 et
2153 5325 2411 5380 viderunt
2443 5323 2625 5377 locum
2668 5321 2763 5376 ubi
2787 5320 2966 5376 stabat
2984 5321 3131 5374 Deus
3152 5317 3340 5380 Israel,
3364 5323 3435 5374 et
3474 5370 3477 5375 .

1843 5417 1946 5471 sub
1968 5416 2201 5485 pedibus
2221 5416 2340 5486 ejus
2360 5412 2513 5484 quasi
2530 5427 2670 5483 opus
2689 5412 2886 5484 lapidis
2904 5409 3165 5482 sapphiri,
3190 5414 3246 5462 et
3261 5406 3432 5476 quasi:

1841 5509 2054 5579 species
2104 5505 2432 5563 ﬁrmamenti
2460 5505 2606 5575 caeli,
2656 5521 2788 5564 cum
2811 5518 3011 5577 purum
3047 5508 3132 5557 est
3154 5499 3193 5554 ³.
3224 5516 3242 5552 υ
3281 5496 3436 5560 Nam

1357 5685 1375 5714 ε
1398 5682 1541 5740 Ibid.
1614 5684 1634 5716 ι
1666 5684 1838 5741 Exod.
1865 5700 2006 5752 xxrv,
2030 5683 2084 5750 9,
2111 5683 2195 5737 ro.
