3962 6296
481 264 588 321 ἠις

1508 260 1564 317 S.
1605 256 1879 319 CYRILLI
1918 262 2386 319 ALEXANDle
2418 259 2744 318 ARCﬂlEP.

3636 254 3738 309 736

483 375 612 445 quia
651 375 706 427 in
738 372 972 443 Egypto
1016 371 1111 427 filii
1151 372 1318 428 Israel
1344 373 1631 430 coluerant
1656 384 2059 442 creaturam,et

2187 374 2396 447 Ἐπειδὴ
2440 374 2547 446 γὰρ
2589 374 2646 427 ἐν
2691 371 2954 442 Αἰγύπτῳ
2998 369 3282 439 γεγονότες
3326 367 3375 421 οἱ
3428 368 3488 433 ἐξ
3526 367 3739 439 Ἰσραήλ

485 465 686 521 omium
733 465 896 519 deum
943 465 1311 534 appellabant,
1352 466 1478 521 ideo
1526 478 1833 538 Opportune
1876 483 2061 524 rerum

487 554 733 609 omnium
788 554 879 609 ille
916 554 1179 609 Dominus
1215 570 1379 625 super
1409 557 1588 626 ipsum
1624 574 1843 629 quoque
1878 559 2062 614 ﬁrma-

485 656 734 700 mentum
788 644 986 702 sedens
1034 646 1334 715 apparuit,
1380 656 1442 701 ut
1491 648 1863 719 intelligerent
1910 650 2062 703 illum

487 736 670 791 omnia
721 735 823 790 sub
861 736 1095 805 pedibus
1122 736 1350 803 habere,
1381 745 1437 793 et
1469 738 1640 807 ipsius
1671 741 1795 795 coeli
1820 725 1940 795 esse
1963 741 2063 796 do-

492 827 721 887 minum.
763 835 823 880 ut
853 826 999 881 illius
1024 826 1362 883 effectorem.
1397 829 1663 900 Intelligis
1684 830 1850 901 igitur
1882 846 2065 888 sacras

491 915 732 970 Litteras
770 915 929 985 quasi
973 914 1201 985 figuram
1248 916 1542 984 quamdam
1577 925 1634 970 et
1673 916 1965 987 imaginem
1998 916 2067 971 ad

491 1003 617 1060 caeli
663 1003 901 1074 speciem
950 1002 1362 1074 signiﬁcandam
1400 1003 1659 1057 adhibere
1690 1003 1926 1072 lapidem
1950 1017 2067 1057 me-

492 1094 665 1151 diocri
704 1094 941 1164 quodam
971 1094 1178 1148 lumine
1204 1094 1614 1164 pallescentem,
1648 1109 1772 1149 cum
1800 1095 1869 1149 sit
1893 1094 2068 1149 ferru-

492 1185 652 1257 gineo
680 1188 917 1257 quodam
949 1185 1241 1254 splendore
1263 1185 1598 1256 pmditum?

566 1277 766 1333 PALL.
813 1276 1031 1346 Optime
1064 1276 1223 1352 dicis.

565 1369 724 1425 CYR.
764 1368 898 1424 Coeli
932 1368 1096 1437 igitur
1130 1376 1214 1422 est
1244 1375 1376 1422 nota
1413 1366 1751 1438 smaragdus,
1786 1376 1842 1421 et
1872 1365 2070 1420 inscri-

496 1466 650 1529 ptum
684 1458 849 1513 h'abet
880 1474 978 1528 per
1008 1472 1208 1528 genera
1245 1464 1409 1527 atque
1442 1458 1618 1514 tribus
1660 1458 1839 1528 ipsum
1881 1458 2068 1526 lsrael,

498 1551 788 1619 locumque
828 1550 885 1604 in
926 1549 1366 1619 superhumerali
1412 1558 1571 1604 nacta
1607 1568 1619 1603 :
1661 1566 1729 1604 ex
1759 1564 1868 1619 quo
1914 1549 2071 1605 facile

500 1642 729 1713 intelligi
768 1628 968 1712 potest,
1004 1642 1320 1712 quicunque
1365 1640 1790 1711 descriptionem
1836 1642 1893 1695 in
1933 1642 2072 1696 coelo

2161 465 2547 537 λελατρεύκασι
2581 467 2648 536 τῇ
2692 464 2888 527 κτίσει,
2927 464 3023 516 καὶ
3050 461 3171 515 θεὸν
3195 459 3425 514 ἐκάλουν
3458 459 3549 513 τὸν
3578 460 3739 530 οὑραο

2161 555 2270 618 νδν,
2303 556 2589 627 χρησίμως
2637 555 2819 617 αὐτοῖς
2859 553 2893 614 ,ὁ
2925 551 3031 605 τῶν
3082 551 3219 605 ὅλων
3273 550 3476 622 Κύριος
3512 552 3609 604 καὶ
3654 549 3740 603 ἐπ’

2162 647 2325 702 αὐτοῦ
2352 647 2599 719 βεϐηκὼς
2620 645 2867 714 ἐφαίνετο
2895 644 2986 698 τοῦ
3021 642 3417 714 περεὼματος,
3446 642 3513 695 ἵν’
3554 642 3741 694 εἰδεῖεν

2164 739 2245 792 ὅτι
2279 739 2455 793 πάντα
2482 737 2587 791 ὑπὸ
2647 736 2814 799 πόδας
2842 734 2977 805 ἔχει,
3010 737 3105 787 καὶ
3138 732 3318 787 αὐτῶν
3358 734 3471 785 ἐστι
3502 730 3612 784 τῶν
3650 732 3743 784 οὐ·

2169 830 2346 903 ρανῶν
2373 828 2660 896 δεσπότης,
2688 828 2765 891 ὡς
2789 825 3140 897 δημιουργός.
3180 824 3375 893 Συνίης
3416 816 3509 875 οῦν
3538 822 3621 875 ὅτι
3651 820 3744 874 1:6-

2164 939 2265 976 πον
2295 921 2484 993 ὥσπερ
2516 920 2639 974 τινὰ
2665 919 2761 973 καὶ
2808 915 3114 986 εἰκονισμὸν
3146 913 3376 986 οὐρανοῦ
3412 912 3476 966 τό
3504 913 3743 985 Γράμμα

2167 1015 2396 1067 ποιεῖται
2446 1011 2507 1065 τὸ
2562 1012 2729 1082 ἱερὸν,
2762 1011 2861 1079 τὴν
2920 1008 2995 1072 ὡς
3046 1007 3105 1059 ἐν
3157 1005 3361 1076 μετρίῳ
3404 1004 3545 1075 φωτὶ
3612 1020 3745 1057 κατ-

2165 1102 2453 1174 ωχριῶσαν
2475 1101 2619 1155 λίθον
2642 1115 2660 1169 ;
2698 1097 3013 1168 κυαναυγὴς
3040 1093 3149 1166 γὰρ
3172 1093 3353 1163 φύσει.

2240 1276 2447 1330 ΠᾹΛΛ.
2491 1277 2721 1348 Ἀριστα
2748 1272 2904 1344 ἔφης.

2240 1369 2402 1421 ΚΥΡ.
2439 1366 2685 1439 Οὐρανοῦ
2713 1367 2779 1438 δὴ
2809 1361 2902 1420 οὖν
2948 1366 3172 1436 σημεῖον
3197 1368 3230 1436 ή
3266 1363 3599 1435 σμάραγδος,
3654 1378 3746 1431 γε·

2172 1459 2489 1530 γραμμένον
2525 1457 2719 1529 ἔχουσα
2750 1456 2890 1512 κατὰ
2918 1456 3073 1526 γένος
3093 1457 3183 1511 τὸν
3216 1455 3568 1528 Ἰσραήλ,.καὶ
3583 1453 3747 1507 τόπον

2170 1550 2411 1621 λαχοῦσα
2454 1550 2553 1621 τὴν
2597 1549 2866 1620 ἐπωμίδα,
2912 1547 2978 1602 δι’
3027 1541 3088 1601 οὗ
3128 1547 3394 1618 παρέσται
3447 1547 3604 1609 νοεῖν,
3646 1545 3744 1608 ὡς,

2173 1642 2331 1712 οἵπερ
2385 1639 2451 1695 ἂν
2490 1638 2600 1694 εἷεν
2630 1639 2729 1710 τὴν
2773 1638 3100 1710 ἀπογραφήν
3149 1636 3403 1709 λαχόντες
3434 1637 3493 1690 ἐν
3514 1634 3748 1706 οὐρανῷ.

499 1734 779 1790 consecuti
813 1734 1039 1799 fuerint,
1066 1748 1163 1788 eos
1199 1748 1426 1803 prorsus
1457 1735 1513 1786 in
1546 1732 1768 1787 Christo
1794 1733 2077 1802 requietu-

2187 1728 2323 1787 οὗτοι
2349 1732 2526 1802 πάντη
2553 1748 2614 1784 τε
2639 1731 2729 1784 καὶ
2760 1730 2978 1793 πάντως
3006 1728 3483 1784 ἐπαναπαύσονται
3516 1726 3598 1797 τῷ
3620 1727 3754 1797 Χρι-

501 1838 613 1890 ros,
655 1825 751 1893 qui
791 1822 994 1893 probos
1031 1823 1178 1877 viros
1211 1822 1607 1893 propemodum
1644 1823 1697 1877 in
1728 1822 1975 1877 humeris
2003 1830 2083 1876 te-

499 1923 615 1981 net,
642 1923 699 1970 et
721 1916 842 1970 loco
871 1915 1109 1970 filiorum
1142 1915 1327 1969 habet.
1360 1915 1640 1986 Ejusmodi
1665 1914 1923 1985 quiddam
1950 1914 2080 1969 hea-

502 2013 593 2060 tus
636 2020 854 2075 quoque
903 2006 1112 2077 Moyses
1162 2005 1320 2069 dixit,
1366 2021 1491 2061 cum
1536 2021 1568 2059 a
1603 2006 1697 2059 Dei
1740 2005 2082 2075 protectione

504 2096 728 2152 laudare
763 2097 930 2151 velfct
963 2097 1219 2152 Israelem
1254 2115 1268 2150 :
1303 2116 1320 2147 ι
1356 2097 1511 2151 Sicut
1548 2097 1729 2167 aquila
1772 2097 1963 2152 fovens
1992 2099 2081 2152 ni-

502 2187 633 2243 dum
672 2202 853 2253 suum,
880 2196 937 2242 et
969 2203 1133 2258 super
1162 2187 1326 2257 pullis
1355 2189 1470 2242 suis
1495 2187 1849 2253 desideravit,
1876 2203 2081 2259 expan-

503 2278 640 2334 dens
687 2281 801 2335 alas
840 2295 969 2335 suas
1024 2280 1235 2350 accepit
1281 2295 1399 2347 eos,
1442 2289 1505 2335 et
1547 2281 1846 2350 assumpsit
1891 2296 1986 2335 eos
2024 2281 2082 2335 in

504 2370 751 2426 humeris
792 2370 906 2425 suis
943 2371 982 2424 ⁸⁵.
1015 2391 1032 2423 ι
1079 2370 1391 2437 Quinetiam
1440 2371 1609 2426 David
1652 2380 1842 2427 sancto
1884 2372 2083 2441 cuique

502 2461 631 2516 etin
666 2463 941 2533 adjutorio
961 2463 1224 2518 Altissimi
1248 2460 1518 2517 hﬂiilauti
1548 2461 1800 2532 praecinit
1839 2481 1851 2515 :
1895 2481 1914 2514 ι
1949 2462 2082 2517 Sca-

504 2554 651 2624 pulis
679 2556 814 2618 suis,
851 2573 869 2605 ι
918 2555 1195 2624 inquiens,
1235 2572 1253 2605 ι
1293 2554 1648 2608 obumbrahit
1688 2554 1786 2607 tibi
1819 2554 1872 2619 ³;
1903 2572 1920 2604 ι
1961 2569 2086 2607 sca-

504 2645 683 2715 pulas,
728 2652 789 2699 ut
829 2646 1047 2715 Opinor,
1076 2652 1260 2715 partes
1304 2645 1550 2714 corporis
1574 2659 1696 2715 quae
1733 2645 1835 2699 sub
1872 2645 2084 2699 cervice

507 2741 656 2800 sunt,
688 2743 744 2789 et
789 2736 1052 2789 humeros
1092 2734 1364 2797 indicans,
1396 2749 1507 2788 non
1551 2735 1775 2788 omnino
1818 2743 1987 2805 terga.
2023 2734 2087 2789 In

508 2825 758 2880 humeris
791 2824 956 2895 igitur
987 2824 1376 2894 portabuntur,
1406 2832 1469 2878 ut
1499 2825 1768 2895 propheta
1797 2824 1934 2879 dixit
1961 2826 2002 2891 ‘,
2030 2825 2086 2880 in

507 2917 738 2972 brachio
789 2924 1169 2982 assumentur,
1221 2914 1449 2985 perinde
1497 2924 1660 2985 atque
1701 2917 1792 2972 ille
1829 2917 2087 2987 antiquus

509 3008 793 3080 Ephraim,
828 3010 1145 3080 quicunque
1176 3023 1428 3078 superam
1470 3008 1618 3063 illam
1659 3008 2083 3080 descriptionem

509 3103 789 3157 consecuti
840 3101 1064 3167 fuerint,
1098 3116 1262 3172 quam
1314 3101 1608 3171 gloriosam
1648 3115 1768 3156 esse
1808 3110 1864 3156 et
1908 3101 2084 3155 admi-

506 3193 767 3257 randam,
814 3200 872 3248 et
907 3193 1108 3249 divinis
1154 3193 1479 3247 muneribus
1523 3193 1733 3248 caeteris
1777 3193 2085 3263 pulchritu—

504 3288 636 3344 dine
680 3284 840 3356 longe
882 3293 1250 3355 praestantem,
1288 3284 1404 3355 ipse
1447 3283 1695 3339 Salvator
1737 3283 1942 3339 sanctis
1973 3283 2087 3339 suis

509 3372 793 3443 discipulis
821 3372 1136 3439 declaravit,
1159 3373 1349 3429 dicens
1369 3373 1437 3427 ad
1463 3372 1613 3428 hunc
1637 3373 1862 3428 modum
1889 3392 1900 3426 :
1935 3392 1952 3423 ι
1980 3372 2091 3427 Νο-

511 3461 607 3516 lite
631 3462 888 3532 gaudere,
916 3463 1062 3533 quod
1088 3463 1356 3520 daemonia
1382 3463 1753 3534 subjiciuntur
1775 3463 1964 3529 vobis;
1991 3460 2089 3517 sed

512 3552 694 3622 potius
716 3553 968 3623 gaudete,
992 3552 1140 3622 quod
1177 3552 1400 3607 nomina
1430 3562 1612 3607 vestra
1641 3552 1843 3622 scripta
1875 3561 2003 3607 sunt
2032 3550 2090 3605 in

512 3642 735 3698 caelis".
777 3661 796 3695 ι
838 3642 990 3697 Illam
1034 3658 1201 3712 porro
1243 3642 1297 3697 in
1344 3642 1620 3711 lapidibus
1663 3641 2087 3711 descriptionem

512 3733 632 3788 fore
672 3732 851 3802 inquit
891 3733 1019 3786 filiis
1060 3732 1226 3787 Israel
1276 3732 1677 3786 monimentum
1742 3747 1927 3786 coram
1979 3732 2089 3785 Do-

515 3821 687 3887 mino,
720 3838 858 3892 quos
891 3823 981 3876 ille
1013 3830 1269 3891 tanquam
1307 3822 1363 3875 in
1405 3822 1586 3877 Aaron
1624 3838 1858 3891 persona
1888 3838 2090 3893 prepe-

514 3912 740 3976 modum
789 3913 1096 3980 intueatur;
1142 3914 1304 3983 382
1356 3912 1599 3967 admittit
1631 3914 1778 3968 enim
1814 3930 1916 3969 nos
1946 3915 2094 3971 Deus

516 4019 583 4059 ac
611 4005 771 4060 Pater
813 4005 868 4059 in
901 4006 1220 4060 memoriam
1254 4005 1310 4059 in
1338 4002 1580 4069 Christo,
1606 4005 1662 4058 in
1704 4019 1879 4073 eoque
1910 4013 1967 4061 et
1997 4005 2095 4060 do-

412 4130 415 4133 λ
518 4098 733 4154 mestici
774 4098 902 4153 facti
942 4114 1131 4154 sumus
1170 4108 1226 4154 et
1257 4102 1376 4172 ejus
1407 4097 1745 4169 inSpectione
1778 4095 2006 4167 dignati,
2037 4105 2094 4153 et

520 4200 779 4261 tanquam
804 4191 861 4245 in
884 4190 981 4246 Dei
1009 4190 1152 4247 libro
1180 4190 1500 4262 conscripti.

591 4286 786 4341 PALL.
828 4286 996 4341 Recte
1025 4286 1126 4342 ais.

2184 1827 2313 1897 στῷ,
2353 1824 2632 1894 μονονουχὶ
2661 1813 2756 1876 καὶ
2788 1821 2873 1874 ἐπ’
2895 1819 3060 1892 ὤμων
3098 1820 3294 1891 ἔχοντι,
3319 1820 3413 1872 καὶ
3451 1818 3527 1881 ὡς
3564 1819 3622 1871 tv
3649 1816 3752 1871 cd-

2181 1916 2261 1983 εει
2292 1915 2498 1969 τέκνων
2530 1914 2836 1985 ποιουμένῳ
2854 1914 2979 1975 τοὺς
3007 1911 3264 1979 ἀγαθούς.
3299 1910 3550 1963 Τοιοῦτον
3574 1908 3632 1962 δὲ
3655 1908 3753 1962 καὶ

2178 2011 2209 2062 ὁ
2240 2007 2380 2070 θεῖος
2430 2005 2536 2076 ἔφη
2582 2005 2812 2074 Μωσῆς,
2842 2003 3015 2073 φειδοῖ
3037 2006 3104 2075 τῇ
3137 2001 3285 2072 παρὰ
3316 2000 3451 2054 Θεοῦ
3478 1999 3755 2053 κατακαλ-

2180 2100 2353 2154 λύνων
2392 2099 2485 2153 τὸν
2545 2096 2783 2170 Ἰσραήλ’
2817 2114 2837 2148 ι
2876 2095 2964 2158 Ὧς
3017 2094 3173 2158 ἀετὸς
3223 2093 3493 2147 σκεπάσαι
3529 2090 3751 2145 νοσσιὰν

2182 2190 2398 2256 ἑαυτοῦ,
2451 2191 2544 2244 καὶ
2600 2189 2695 2242 ἐπὶ
2735 2190 2847 2251 τοῖς
2894 2189 3134 2249 νεοσσοῖς
3195 2184 3359 2238 αὑτοῦ
3420 2182 3752 2252 ἐπεπόθησε,

2182 2282 2312 2345 διεὶς
2338 2279 2439 2341 τὰς
2469 2279 2744 2348 πτέρυγας
2785 2276 2951 2332 αὑτοῦ
3006 2276 3222 2341 ἐδέξατο
3275 2275 3495 2339 αὐτοὺς,
3528 2274 3623 2328 καὶ
3661 2274 3758 2328 άν⁴

2184 2373 2374 2428 ἐλαϐεν
2399 2372 2595 2435 αὐτοὺς
2648 2371 2741 2425 ἐπὶ
2760 2369 2868 2423 τῶν
2915 2363 3263 2440 μετάφρένων
3316 2366 3498 2421 αὑτοῦ.
3542 2385 3561 2418 ι
3594 2365 3754 2419 Ἀλλὰ

2182 2466 2245 2537 δή
2292 2483 2394 2519 που
2440 2464 2583 2519 καὶό
2608 2461 2772 2516 Δαϐὶδ
2803 2459 3141 2532 άναμελῳδεῖ
3166 2458 3303 2530 ἁγίῳ
3345 2458 3527 2523 παντὶ,
3575 2459 3671 2512 καὶ
3697 2460 3756 2512 ἐν

2186 2554 2409 2627 βοηθείᾳ
2440 2554 2534 2610 τοῦ
2572 2552 2826 2624 Ὑψίστου
2861 2551 3223 2622 κατῳκηκότι,
3250 2568 3271 2602 ι
3300 2548 3425 2605 Ἐπὶ
3456 2549 3566 2603 τῶν
3594 2567 3759 2621 μετα·

2184 2647 2399 2720 φρένων
2428 2646 2595 2700 αὑτοῦ
2641 2644 2949 2701 ἐπισκιάσει
3017 2662 3135 2712 σοι,
3171 2661 3191 2695 ι
3225 2642 3379 2714 φησί.
3426 2641 3759 2712 Μετάφρενά

2185 2757 2289 2794 που
2312 2739 2563 2811 καθάπερ
2590 2732 2801 2809 ἐγῷμαι
2838 2736 2906 2790 τὰ
2937 2735 3237 2807 ὑπαυχένια
3268 2735 3431 2807 μέρη,
3467 2734 3563 2787 καὶ
3590 2731 3662 2786 τά
3680 2730 3757 2796 ὡς

2187 2834 2245 2885 tv
2268 2831 2437 2902 ὤμοις
2469 2831 2773 2903 ὑποδηλιῖΝ,
2821 2830 2915 2884 καὶ
2945 2829 3066 2900 οὐχὶ
3089 2828 3152 2900 δή
3206 2828 3424 2891 πάντως
3471 2826 3543 2879 τὰ
3585 2824 3754 2879 νῶτα.

2200 2922 2317 2976 Ἐπ’
2349 2920 2516 2994 ὤμων
2563 2923 2627 2994 δὴ
2677 2919 2771 2976 οὖν
2813 2921 3163 2993 άρθήσονται,
3192 2919 3335 2974 κατὰ
3365 2919 3463 2988 τὴν
3497 2917 3592 2972 τοῦ
3629 2934 3759 2988 προ-

2191 3015 2360 3085 φήτου
2399 3013 2603 3084 φωνὴν,
2639 3012 2735 3065 καὶ
2788 3011 2883 3064 ἐπὶ
2938 3009 3223 3083 βραχίονος
3284 3007 3761 3079 ἀναληφθήσονται

2190 3103 2332 3157 κατὰ
2386 3104 2477 3157 τὸν
2514 3104 2739 3173 ἀρχαῖον
2777 3099 3038 3172 Ἐφραῖμ,
3071 3100 3121 3153 οἱ
3171 3100 3271 3170 τὴν
3332 3097 3445 3153 άνω
3503 3097 3763 3169 λαχόντες

2188 3192 2605 3264 ἀπογραφὴν,ἣν
2625 3192 2823 3246 εὐκλεᾶ
2836 3209 2893 3245 τε
2916 3192 3010 3245 καὶ
3028 3190 3349 3258 άξιάγαστον
3365 3190 3459 3242 καὶ
3473 3189 3580 3243 τῶν
3603 3188 3765 3243 θείων

2190 3270 2542 3361 χαρισμάτων
2561 3287 2621 3340 τὸ
2648 3286 2839 3350 κάλλος
2860 3284 3260 3357 ὑπερκειμένην
3296 3282 3456 3347 αὐτὸς
3486 3281 3765 3351 ἀπέφηνεν

2188 3382 2217 3434 ὁ
2247 3380 2455 3451 Σωτὴρ,
2504 3383 2616 3443 τοῖς
2667 3380 2842 3448 ἁγίοις
2888 3376 3151 3449 μαθηταῖς
3180 3375 3355 3446 ὡδίπη
3397 3374 3591 3444 λέγων·
3629 3375 3764 3445 (Μὴ

2192 3470 2411 3542 χαίρετε
2441 3469 2523 3525 ότι
2559 3469 2631 3523 τὰ
2659 3468 2913 3537 δαιμόνια
2943 3466 3311 3527 ὑποτάσσεται
3349 3465 3499 3536 ὑμῖν,
3540 3463 3764 3540 χαίρετε

2192 3562 2249 3615 δὲ
2279 3561 2497 3633 μᾶλλον,
2555 3561 2636 3614 ὅτι
2684 3559 2754 3614 τὰ
2799 3559 3041 3629 ὀνόματα
3068 3557 3224 3628 ὑμῶν
3277 3554 3657 3626 ἐγγέγραπται
3703 3557 3765 3608 ἐν

2190 3655 2305 3715 τοῖς
2345 3652 2611 3721 οὐρανοῖς.
2658 3669 2677 3703 ι
2730 3650 3088 3720 Μνημόσυνον
3122 3648 3180 3702 δὲ
3217 3648 3316 3719 τὴν
3343 3646 3400 3701 ἓν
3446 3663 3510 3716 γε
3545 3648 3657 3709 τοῖς
3689 3645 3769 3699 λί-

2192 3743 2305 3807 θοις
2360 3743 2688 3815 άπογραφὴν
2743 3741 2961 3795 ἔσεσθαι
3009 3757 3142 3810 φησι
3192 3742 3305 3803 τοῖς
3361 3739 3497 3803 υίοῖς
3549 3736 3771 3809 Ἰσραὴλ

2193 3833 2372 3888 ἔναντι
2410 3833 2638 3907 Κυρίου,
2698 3832 2982 3904 μονονουχὶ
3027 3831 3122 3885 καὶ
3150 3829 3568 3894 ἐνατενίζοντος,
3598 3829 3674 3892 ὡς
3708 3830 3769 3881 ἐν

2206 3925 2415 3997 ’Δαρών
2434 3942 2448 3955 ⁸
2477 3925 2775 3995 εἰσδέχεται
2803 3924 2912 3995 γὰρ
2941 3924 3088 3993 ἡμᾶς
3117 3924 3145 3976 ὁ
3174 3922 3306 3985 Θεὸς
3327 3922 3421 3975 καὶ
3462 3922 3654 3992 Πατὴρ
3680 3922 3769 3981 εἰς

2193 4018 2498 4088 ἀνάμνησιν
2530 4019 2586 4070 tv
2624 4015 2864 4086 Χριστῷ,
2911 4015 3007 4067 καὶ
3035 4014 3334 4084 γεγόναμεν
3363 4014 3421 4066 ἐν
3449 4012 3595 4083 αὑτῷ
3625 4012 3771 4081 γνώ-

2195 4110 2348 4182 ριμοί
2379 4126 2439 4162 τε
2468 4108 2562 4162 καὶ
2591 4107 2887 4172 ἐποπτείας
2911 4105 3073 4174 ἄξιοι,
3108 4106 3200 4161 καὶ
3229 4106 3303 4171 ὡς
3336 4107 3395 4160 ἐν
3424 4104 3589 4177 βίϐλῳ
3603 4104 3768 4158 Θεοῦ.

2186 4280 2190 4284 ’
2264 4287 2469 4341 ΠΑΛΛ.
2525 4286 2728 4356 Ὀρθῶς
2749 4285 2905 4356 ἔφης.

589 4378 744 4435 CYR.
782 4378 919 4433 Huic
943 4380 1178 4434 alterum
1207 4395 1426 4449 quoque
1455 4390 1838 4450 ornamentum
1868 4380 2084 4452 adjungi

2264 4380 2430 4435 ΚΥΡ.
2490 4344 2878 4449 Κόόμηιὶαὺἐ
2927 4376 3100 4450 τούτῳ
3145 4378 3239 4431 καὶ
3283 4344 3467 4447 ἕτερον
3525 4390 3775 4445 προσεπ-

515 4470 693 4543 jubet,
727 4469 917 4524 dicens
941 4488 954 4523 :
987 4488 1004 4521 ι
1034 4470 1102 4523 Ει
1123 4469 1291 4525 facies
1313 4471 1527 4526 scutula
1546 4486 1614 4526 ex
1645 4486 1781 4528 auro
1807 4489 1948 4544 puro
1968 4487 2098 4542 per—

523 4562 717 4628 mista;
751 4570 807 4616 et
846 4560 1016 4616 facies
1049 4561 1184 4616 duas
1224 4560 1470 4618 fimbrias
1510 4578 1577 4618 ex
1614 4578 1750 4618 auro
1795 4579 1935 4634 puro
1970 4578 2098 4633 per-

522 4653 714 4708 mistas
754 4651 1003 4716 ﬂoribus,
1048 4667 1188 4722 opus
1235 4653 1440 4718 tortile,
1481 4660 1539 4708 et
1576 4653 1825 4723 impones
1856 4653 2102 4708 ﬁmbrias

527 4752 694 4800 tortas
740 4743 972 4799 scutulis
1013 4742 1082 4797 ad
1128 4743 1433 4799 humeralia
1479 4760 1672 4800 eorum
1724 4761 1792 4800 ex
1835 4744 2100 4799 anteriori

524 4845 698 4908 parte.
729 4837 797 4891 Et
829 4835 997 4892 facies
1025 4836 1288 4892 rationale
1314 4837 1646 4908 iudiciorum
1676 4854 1816 4909 opus
1839 4836 2098 4903 textoris;

525 4929 594 4983 ad
632 4929 854 4985 modum
883 4916 1352 4999 superhumeralis
1386 4928 1553 4984 facies
1585 4929 1757 4995 illud;
1789 4944 1857 4983 ex
1883 4942 2016 4982 auro
2046 4935 2103 4983 et

527 5019 823 5090 hyacintho
866 5027 922 5075 et
963 5035 1208 5090 purpura
1260 5029 1318 5074 et
1363 5019 1588 5075 coccino
1642 5027 1809 5085 torto,
1852 5028 1909 5073 et
1938 5018 2100 5090 bysso

529 5118 672 5164 torta
717 5110 884 5166 facies
924 5112 1092 5181 illud;
1127 5113 1566 5183 quadrangulum
1602 5113 1711 5168 erit
1754 5112 1958 5182 duplex
2001 5127 2099 5167 ex-

532 5211 694 5258 tentae
724 5204 916 5273 palmae
949 5222 1261 5263 mensuram
1293 5207 1347 5262 in
1380 5206 1745 5278 longitudine,
1772 5215 1830 5261 et
1855 5214 2099 5261 tantum-

531 5296 656 5351 dem
682 5297 736 5352 in
758 5297 1080 5367 latitudine;
1109 5310 1165 5356 et
1186 5311 1395 5358 attexes
1433 5302 1512 5357 illi
1551 5308 1819 5356 texturam
1861 5311 2098 5371 quatuor

531 5389 820 5446 ordinibus
847 5390 1087 5461 lapidum
1121 5393 1383 5449 intextam
1405 5395 1447 5448 ⁸.
1489 5414 1508 5446 ι
1548 5393 1775 5460 Deinde,
1802 5404 1926 5449 cum
1955 5395 2096 5464 lapi-

533 5479 663 5534 dum
703 5479 926 5535 nomina
962 5480 1209 5536 ordinate
1242 5483 1538 5552 posuisset,
1564 5482 1811 5556 adjungit
1852 5484 2053 5538 iterum
2082 5500 2095 5536 :

608 5663 631 5697 "
658 5663 815 5719 Deut.
849 5682 1010 5733 xxx",
1055 5666 1139 5720 ll.
1217 5667 1236 5698 '
1260 5667 1398 5721 l’sal.
1441 5684 1525 5733 xc,
1558 5669 1608 5722 lt.
1721 5668 1741 5699 ⁶
1774 5668 1989 5733 Ose.x1,
2018 5663 2069 5717 5.

2196 4470 2428 4541 άγεσθαι
2464 4469 2573 4523 δεῖν
2607 4470 2879 4524 ἐπιτάττει
2919 4468 3114 4537 λέγων,
3147 4487 3165 4519 ι
3190 4468 3300 4522 Καὶ
3328 4469 3575 4538 ποιήσεις
3610 4467 3793 4520 ἀσπιε

2195 4562 2381 4625 δίσκας
2430 4561 2509 4621 ἐκ,
2529 4558 2732 4631 χρυσοῦ
2803 4558 3046 4630 καθαροῦ
3091 4558 3609 4629 καταμεμιγμένας,
3675 4558 3773 4610 καὶ

2196 4655 2444 4722 ποιήσεις
2476 4650 2567 4703 δύο
2584 4650 2869 4721 κροσσωτὰ
2902 4651 2966 4703 ἐκ
2989 4650 3213 4721 χρυσίου
3244 4649 3482 4723 καθαροῦ
3519 4665 3771 4719 καταμε-

2202 4743 2444 4816 μιγμένα
2471 4743 2528 4796 tv
2560 4742 2776 4797 ἄνθεσιν
2819 4741 2978 4814 ἔργον
3013 4741 3241 4812 πλοκῆς,
3265 4742 3359 4795 καὶ
3391 4740 3671 4812 ἐπιθήσεις
3703 4739 3775 4794 τὰ

2198 4834 2488 4909 κροσσωτὰ
2515 4834 2584 4888 τὰ
2617 4834 2968 4904 πεπλεγμένα
3017 4834 3109 4888 ἐπὶ
3158 4834 3260 4900 τὰς
3317 4833 3641 4896 ἀσπιδίσκας
3675 4833 3772 4887 καὶ

2197 4929 2297 4994 τὰς
2320 4928 2643 5000 παρωμίδας
2667 4927 2847 4981 αὐτῶν
2873 4929 2937 4980 ἐκ
2962 4925 3068 4981 τῶν
3095 4926 3458 4998 ἐμπροσθίων.
3479 4924 3589 4979 Καὶ
3609 4927 3773 4997 ποιή-

2199 5039 2313 5085 σεις
2353 5020 2533 5089 λόγιον
2578 5019 2685 5072 τῶν
2721 5018 2979 5089 κρίσεων,
3032 5016 3192 5088 ἔργον
3229 5018 3463 5086 ὑφάντου
3501 5017 3644 5072 κατὰ
3675 5019 3775 5072 τὸν

2197 5110 2401 5182 ῥυθμὸν
2432 5110 2530 5180 τῆς
2557 5109 2849 5178 ἐπωμίδος,
2877 5109 3124 5176 ποιήσεις
3166 5108 3298 5163 αὐτὸ
3325 5111 3388 5162 ὲκ
3420 5109 3641 5179 χρυσίου
3677 5112 3776 5164 καὶ

2197 5202 2476 5267 ὑακίνθου,
2514 5201 2608 5255 καὶ
2643 5201 2929 5271 πορφύρας
2959 5200 3052 5253 καὶ
3091 5199 3344 5254 κοκκίνου
3367 5201 3768 5275 κεκλωσμένου,

2202 5296 2296 5352 καὶ
2319 5295 2513 5367 βύσσου
2541 5293 2945 5363 κεκλωσμένης,
2980 5295 3225 5363 ποιήσεις
3245 5292 3375 5347 αὐτὸ
3400 5293 3768 5362 τετράγωνον.

2204 5389 2356 5441 ἔσται
2398 5374 2618 5439 διπλοῦν
2656 5381 2938 5453 σπιθαμῆς
2967 5383 3030 5435 τὸ
3066 5384 3241 5453 μῆκος
3270 5383 3364 5436 καὶ
3411 5381 3686 5452 σπιθαμῆς
3712 5382 3774 5435 τὺ

2208 5474 2383 5549 εὖρος.
2413 5476 2519 5530 Καὶ
2564 5473 2892 5543 καθυφανεῖς
2942 5475 2999 5528 ὲν
3032 5473 3180 5544 αὑτῷ
3227 5472 3450 5551 ὕφασμα
3492 5472 3641 5529 κατὰ
3681 5473 3781 5525 τὸν.

2184 5662 2356 5717 7Luc.
2400 5677 2451 5726 χ,
2491 5660 2580 5716 20.
2680 5659 2700 5690 ⁸
2730 5659 2898 5715 Exod.
2927 5675 3108 5725 xxvur,
3149 5657 3333 5713 15-17.
