3962 6296
86 3256 88 3260 ’
198 3260 336 3332 αὐτῷ
365 3262 470 3325 τὰς
497 3261 662 3314 δυοκα

194 316 296 371 73'!

875 315 964 369 DE
1003 311 1442 371 ADORATIONE
1473 312 1539 369 IN
1582 312 1851 370 SPIRITU
1892 313 1980 370 ET
2018 315 2385 371 VERITATE.
2423 348 2492 359 --
2525 320 2652 375 LIB.
2690 321 2780 375 XI.

3332 326 3443 389 758

197 431 338 485 λίθον
366 427 747 499 τετράστιχον.
774 447 792 481 ι
824 425 955 483 Εἶτα
994 429 1101 482 τῶν
1136 428 1298 482 λίθων
1325 427 1537 491 συνθεὶς
1558 427 1626 482 τὰ
1659 428 1769 482 ὀνό-

1880 449 1897 482 ι
1927 430 1995 484 Ει
2026 430 2237 500 lapides
2274 432 2385 486 sint
2414 448 2480 487 ex
2505 433 2822 489 nominibus
2843 433 3078 490 ﬁliorum
3107 436 3273 491 Israel
3301 437 3440 493 duo-

203 538 340 593 ματα
371 519 579 584 αὐτῶν,
615 520 953 591 προσεπάγει
977 519 1159 584 πάλιν,
1195 539 1213 572 ι
1238 518 1347 574 Καὶ
1369 521 1416 573 οἱ
1448 518 1582 573 λίθοι
1606 520 1773 573 ἔστω-

204 631 296 669 σαν
342 614 408 666 ἐκ
465 611 578 667 τῶν
623 610 901 681 ὀνομάτων
953 611 1062 664 τῶν
1103 611 1233 664 υἱῶν
1288 610 1504 682 Ἰσραὴλ
1541 610 1771 678 δώδεκα,

203 702 334 756 κατὰ
359 701 432 754 τὰ
455 700 702 770 ὀνόματα
728 699 928 764 αὐτῶν,
962 698 1162 768 γλυφαὶ
1200 700 1510 772 σφραγίδων
1539 700 1770 754 ἑκάστου

202 793 334 848 κατά
377 792 448 847 τὰ
498 792 742 863 ὀνόματα
783 790 964 845 αὐτῶν
1012 790 1255 846 ἔστωσαν
1307 794 1387 855 είς
1438 791 1535 856 τὰς
1568 791 1773 848 δώδεκα

203 884 388 954 φυλάς.
420 905 439 936 ι
465 884 577 938 Καὶ
598 884 726 952 ἑξῆς
752 883 867 954 μετ’
890 882 1068 952 ὀλίγαν
1099 883 1240 936 «Καὶ
1266 882 1511 954 λήψεται,
1534 902 1554 936 ι
1584 884 1768 954 φησὶν,

207 995 225 1028 ι
263 975 474 1048 ’Δαρὼν
514 976 585 1029 τὰ
630 976 869 1046 ὀνόματα
928 975 1039 1029 τῶν
1090 976 1221 1029 υίῶν
1262 976 1475 1047 Ἰσραὴλ
1527 976 1624 1030 ἐπὶ
1676 973 1771 1029 τοῦ

200 1069 375 1132 λογίου
402 1067 505 1139 τῆς
541 1068 794 1137 κρίσεως,
831 1067 923 1121 ἐπὶ
954 1065 1047 1120 τοῦ
1090 1066 1318 1137 στήθους
1358 1066 1580 1120 εἰσιόντι
1611 1067 1688 1128 εἰς
1712 1064 1773 1119 τὸ

203 1162 405 1228 Ἀγων,
436 1160 779 1231 μνημόσυνον
804 1158 984 1212 ἔναντι
1012 1158 1214 1229 Κυρίου
1242 1157 1334 1212 τοῦ
1359 1156 1514 1211 Θεοῦ.
1536 1175 1554 1209 ο
1648 1212 1649 1215 η

263 1252 476 1306 ΠΑΛΛ.
532 1250 621 1313 Ὠς
668 1249 803 1320 βαθὺ
852 1250 946 1303 τοῦ
992 1250 1172 1318 λογίου
1198 1248 1258 1303 τὸ
1296 1249 1506 1320 χρῆμα,
1548 1247 1769 1315 δυσέφι-

203 1342 320 1408 κτός
350 1359 409 1396 τε
443 1341 645 1413 κομιδῆ
677 1342 771 1396 καὶ
800 1342 958 1407 αὐτὸς
990 1336 1129 1397 εἷναί
1158 1358 1247 1412 μοι
1290 1341 1436 1396 δοκεῖ
1470 1340 1568 1410 τῆς
1603 1356 1770 1393 κατα-

206 1434 398 1505 σκευῆς
430 1435 460 1487 ὁ
489 1434 709 1505 τρόπος.

264 1612 426 1668 ΚΥΡ.
479 1612 639 1667 Ἰτέον
669 1612 732 1684 δὴ
784 1610 877 1667 οὖν
927 1611 1195 1679 ἐπάὐτά,
1247 1614 1343 1667 καὶ
1391 1613 1465 1677 ὼς
1507 1613 1676 1685 ἀγχοῦ
1704 1614 1767 1685 δὴ

199 1706 337 1776 μάλα
370 1707 473 1776 τῆς
522 1706 799 1777 ἀληθείας,
836 1706 884 1759 εἰ
924 1706 1122 1776 καὶμὴ
1171 1706 1405 1760 είσάπαν
1450 1707 1621 1780 αὐτῆς
1672 1708 1767 1777 ἐφ-

195 1774 404 1850 ικέσθαι
430 1774 909 1866 -τυχὸννέπιτρέπει
948 1796 1008 1848 τὸ
1039 1774 1282 1858 ἀναντες.
1329 1797 1409 1849 Τά
1432 1774 1621 1869 γάρτοι
1649 1774 1767 1849 λίαν
1799 1774 1840 1829 Β

197 1886 488 1957 ἀσυμφανῆ
532 1886 637 1939 κᾶν
668 1884 798 1953 γοῦν
837 1886 893 1938 ἐν
930 1884 1177 1955 ἐσόπτρῳ
1216 1884 1453 1955 βλέπειν,
1494 1885 1660 1955 φαίην
1701 1885 1766 1939 ἂν

196 1977 365 2044 ἔγωγε
410 1975 640 2048 θατέρου
682 1975 997 2044 διενεγκεῖν,
1040 1975 1137 2029 τοῦ
1193 1976 1313 2045 μηδ’
1348 1975 1482 2039 ὅλως
1525 1976 1766 2046 ἐννενοῆ-

196 2069 311 2123 σθαι
337 2068 507 2136 λέγω.
525 2067 664 2138 Ἐρῶ
696 2068 760 2137 δὴ
783 2064 898 2131 οὖν,
930 2068 1003 2130 ὡς
1024 2062 1137 2121 οἷόν
1160 2084 1219 2121 τε
1246 2068 1341 2122 καὶ
1376 2066 1450 2131 ὡς
1484 2067 1548 2120 ἂν
1586 2066 1766 2137 ἔχοιμι

194 2162 329 2217 κατὰ
359 2161 508 2216 νοῦν.
550 2158 897 2224 Ἀσπιδίσκας
927 2159 1019 2214 δύο
1050 2160 1383 2230 προστέταχε
1418 2158 1669 2227 γενέσθαι
1703 2160 1767 2213 ἐκ

194 2254 414 2326 χρυσίου
461 2253 526 2323 δὴ
570 2251 832 2323 καθαροῦ,
869 2252 1167 2321 εὐρυτέροις
1199 2253 1298 2322 μέν
1330 2252 1363 2321 ἢ
1393 2249 1534 2305 κατὰ
1579 2250 1768 2321 νομίσ-

199 2364 361 2417 ματος
395 2345 627 2410 κύκλον,
662 2345 720 2398 ἐν
752 2343 882 2397 εῖδει
935 2360 998 2412 γε
1045 2344 1150 2414 μὴν
1190 2343 1266 2415 τῷ
1297 2341 1463 2412 αὐτῷ’
1516 2341 1769 2396 κυκλοτε-

200 2444 281 2511 ρὲς
307 2441 420 2510 γὰρ
449 2440 512 2493 τὸ
546 2438 808 2510 νόμισμαο
856 2433 974 2491 εἶτα
1003 2437 1096 2491 δύο
1141 2435 1423 2507 κροσσωτὰ
1453 2436 1769 2506 μεμιγμένα

196 2536 246 2586 ἐν
269 2533 490 2588 ἄνθεσιν
521 2533 586 2584 ἐκ
613 2531 836 2602 χρυσίου
884 2528 1144 2601 καθαροῦ.
1175 2529 1369 2601 Σειρὰς
1418 2528 1475 2582 δὲ
1501 2524 1636 2580 εἶναί
1668 2543 1769 2596 φα-

201 2641 288 2694 μεν
314 2625 385 2678 τὰ
412 2622 724 2694 κῳσσωτά,
777 2620 1270 2691 ἐκπεποικιλμένην
1309 2617 1534 2688 ἐχούσας
1566 2615 1662 2687 τὴν
1692 2616 1768 2679 ὡς

199 2719 251 2769 ὲν
267 2715 560 2787 χρώμασιν
581 2713 721 2784 ὄψιν.
746 2711 914 2783 Ἀνθη
936 2712 1044 2783 γάρ
1065 2713 1168 2782 ἔφη
1207 2710 1275 2771 τὰ
1305 2708 1592 2781 χρώματα.
1628 2706 1769 2760 Baiu-

200 2823 278 2868 σος
327 2805 386 2859 δὲ
432 2802 504 2871 ἧν
548 2804 656 2874 ἄρα
696 2803 793 2856 καὶ
846 2800 1102 2872 πορφύρα
1129 2801 1305 2863 ταυτὶ,
1338 2798 1432 2852 καὶ
1459 2798 1607 2868 νῆμα
1640 2814 1770 2868 χρυ-

200 2894 337 2960 σοῦν,
378 2895 478 2949 καὶ
530 2894 639 2966 μὴν
670 2893 764 2947 καὶ
789 2892 1060 2955 ὑάκινθος,
1094 2892 1187 2946 καὶ
1233 2890 1461 2961 κλῶσμα
1489 2890 1549 2943 τὸ
1578 2890 1769 2942 κόκκι-

198 3004 297 3041 νον.
329 2987 445 3039 Καὶ
494 2985 634 3055 πρός
672 3000 736 3052 γε
785 2983 849 3053 δὴ
897 2984 1070 3052 τούτῳ
1112 2982 1310 3053 χρῆναι
1361 2979 1611 3048 γενέσθαι
1635 2980 1769 3050 φησὶ

195 3077 533 3150 τετράγωνον
560 3075 807 3145 ὕφασμα,
837 3074 927 3128 καὶ
952 3073 1027 3136 ὼς
1070 3074 1126 3125 ἐν
1175 3070 1304 3125 εῖδει
1355 3070 1544 3133 κύϐου,
1576 3070 1770 3123 σπιθα-
1796 3101 1838 3159 C

201 3173 392 3238 μιαῖον,
432 3167 753 3243 ἰσόπλευρον
786 3165 1054 3236 πανταχῆ.
1095 3162 1503 3231 Ἐνυφαίνεσθαι
1551 3162 1607 3214 δέ
1653 3162 1766 3243 δεῖν

695 3184 753 3221 ον
786 3184 1054 3236 πανταχη.
1111 3184 1503 3231 ιδνυφαινεσῠαι
1551 3184 1607 3214 οε
1653 3184 1766 3243 οειν

665 3184 820 3313 gem.
846 3258 1029 3322 λίθους
1063 3252 1121 3311 εὖ
1158 3257 1303 3328 μάλα
1334 3256 1492 3326 φησὶ,
1535 3255 1632 3308 καὶ
1662 3252 1767 3307 ἀνὰ

197 3359 335 3427 τρεῖς
363 3354 649 3424 κειμένας,
677 3353 750 3415 ὡς
782 3356 851 3405 ’ἐν
891 3352 1183 3422 τέσσαρσιν
1211 3349 1354 3412 ὅλοις
1385 3348 1587 3418 στίχοις
1616 3348 1762 3400 ἐντε-

196 3446 537 3517 τορευμένων
584 3444 773 3505 αὐταῖς
826 3442 1085 3511 ὀνομαστὶ
1136 3440 1245 3492 τῶν
1293 3437 1495 3508 φυλῶν.
1557 3434 1764 3488 Οὐκοῦν

196 3539 295 3593 ἀπὸ
324 3539 427 3609 μὲν
468 3539 567 3608 τῆς
608 3533 901 3605 ἐπωμίδος,
936 3534 1163 3603 χρυσαῖς
1198 3531 1293 3584 καὶ
1334 3527 1667 3583 πολυειδέσιν
1707 3528 1764 3578 αἱ

197 3630 510 3684 ἀσπιδίσκαι
574 3626 782 3696 σειραῖς
842 3623 1350 3693 ἐκκεκρεμασμέναι
1424 3618 1766 3686 ὑπεκάθηντο

200 3722 372 3792 μέντοι
406 3719 613 3791 ἡρέμα,
645 3717 705 3771 τὸ
748 3716 881 3787 ὑψοῦ
904 3735 962 3770 τε
988 3718 1160 3771 δοκεῖν
1188 3718 1279 3770 καὶ
1298 3714 1387 3769 ἐπ’
1415 3714 1593 3776 αὐτοῖς
1628 3707 1766 3767 εῖναι

196 3818 298 3878 τοῖς
335 3813 532 3883 ὤμοις.
558 3813 827 3864 Ἥπτοντο
858 3811 914 3865 δὲ
937 3810 1046 3863 τῶν
1080 3809 1315 3880 στέρνων
1339 3807 1434 3861 καὶ¹
1460 3806 1641 3868 αὐτοῖς
1664 3804 1762 3876 ἤδη

198 3906 519 3978 ἐπῃώρηντο
546 3906 658 3967 τοῖς
710 3905 950 3973 μαστοῖς·
993 3902 1100 3955 ἀπὸ
1124 3901 1182 3954 δέ
1206 3918 1268 3969 γε
1293 3899 1400 3953 τῶν
1429 3896 1765 3952 ἀσπιδισκῶν

201 4000 401 4069 σειραῖς
426 3996 644 4066 ἑτέραις
666 3994 727 4046 τὸ
751 3994 858 4047 τῶν
883 3994 1113 4066 κρίσεων
1141 3992 1318 4060 λόγιον
1347 3987 1406 4044 εὖ
1432 3990 1575 4061 μάλα
1606 4006 1769 4059 προσ-

198 4087 507 4160 ηρτημένον
560 4087 852 4157 ἐπενήχετο
896 4084 974 4154 τῷ
1027 4083 1255 4155 στέρνῳ,
1305 4081 1631 4154 κροσσωτῶν
1676 4082 1766 4133 ὲκ-

199 4177 678 4249 κεκρεμασμένων.
715 4176 822 4228 Καὶ
869 4169 936 4246 ἦν
967 4173 1067 4228 οὐκ
1089 4171 1439 4243 ἀθαύμαστον
1457 4174 1570 4237 τοῖς
1599 4170 1765 4243 δρῶσι

198 4269 255 4322 τδ
282 4268 502 4340 χρῆμα,
532 4265 701 4330 λίθοις
729 4265 825 4319 καὶ
868 4264 1053 4336 χρυσῷ
1084 4263 1338 4332 διαφανὲς
1374 4262 1466 4317 καὶ
1512 4265 1632 4326 ταῖς
1659 4260 1766 4315 τῶν

200 4359 397 4430 ἐτέρων
458 4357 600 4411 ὑλῶν
655 4355 929 4426 εὐχροίαις
1006 4354 1281 4421 πανδόξως
1326 4352 1762 4424 ἐξειργασμένον.

1874 521 2050 577 decim
2092 524 2249 594 juxta
2292 524 2514 579 nomina
2557 540 2771 589 eorum,
2802 527 3096 597 scalpturae
3138 526 3443 599 sigillorum

1873 614 2100 684 singulis
2126 616 2279 687 juxta
2314 617 2536 671 nomina
2562 632 2755 673 eorum
2790 618 2901 673 sint
2921 613 2994 674 ‘in
3024 620 3309 678 duodecim
3341 624 3444 678 tri-

1873 702 2115 760 bubus”.
2154 725 2171 757 ι
2217 707 2285 761 Et
2316 717 2438 776 post
2470 724 2642 777 pauca
2678 725 2696 762 :
2740 728 2759 761 ‹
2794 710 2860 763 Et
2892 711 3153 780 portabit,
3190 731 3206 763 ι
3242 713 3441 783 inquit,

1881 815 1899 846 ι
1942 796 2124 852 Aaron
2159 799 2380 853 nomina
2411 789 2647 856 ﬁliorum
2681 802 2845 856 Israel
2888 802 2943 856 in
2975 805 3226 859 rationali
3248 805 3442 875 judicii

1872 888 1928 943 in
1959 897 2199 958 pectore,
2226 906 2349 945 cum
2385 891 2689 963 ingreditur
2719 893 2772 948 in
2806 893 3089 961 Sanctum,
3128 896 3443 952 memorialo

1872 995 2059 1035 coram
2087 982 2318 1038 Domino
2348 983 2460 1038 Deo
2492 985 2555 1037 ⁸ο.
2590 1003 2608 1036 ›

1942 1245 2137 1300 PALL.
2185 1245 2490 1301 Obscurum
2528 1264 2656 1304 sane
2693 1258 2777 1305 est
2820 1250 2995 1321 ipsum
3039 1253 3300 1309 rationale
3337 1272 3350 1306 :
3386 1262 3443 1310 et

1873 1334 2014 1388 ratio
2051 1349 2268 1403 quoque
2322 1351 2388 1390 ex
2432 1352 2537 1405 qua
2578 1345 2953 1393 constructum
2994 1348 3098 1400 est,
3136 1342 3270 1394 mihi
3316 1343 3439 1411 qui-

1871 1425 1994 1481 dem
2025 1426 2259 1482 diﬁicilis
2303 1428 2595 1483 admodum
2639 1442 2759 1485 esse
2805 1430 2873 1485 ad
2922 1431 3334 1501 intelligendum
3362 1433 3443 1487 vi-

1871 1517 2053 1572 detur.

1940 1607 2096 1663 CYR.
2137 1609 2217 1665 Ad
2263 1611 2380 1665 haec
2417 1611 2584 1681 igitur
2612 1611 2933 1683 explicanda
2965 1615 3299 1685 pergendum
3334 1624 3440 1681 est,

1870 1710 1927 1754 et
1959 1690 2201 1770 proxime
2231 1704 2298 1757 ad
2330 1704 2615 1759 veritatem
2648 1705 2833 1760 accedi
2872 1707 3107 1775 poterit,
3146 1707 3247 1762 etsi
3290 1707 3442 1762 omni

1869 1804 1936 1843 ex
1962 1801 2112 1860 parte
2147 1792 2295 1847 illam
2332 1794 2593 1863 consequi
2630 1794 2862 1850 fortasse
2894 1796 3009 1865 ipsa
3042 1796 3120 1851 rei
3155 1796 3444 1853 diﬁicultas

1869 1880 2095 1936 minime
2130 1882 2419 1951 permittit.
2463 1884 2598 1937 Nam
2644 1899 2734 1939 res
2761 1885 2917 1940 valde
2951 1886 3215 1942 obscuras
3261 1888 3348 1942 vel
3386 1888 3443 1942 in

1868 1973 2094 2042 speculo
2133 1973 2320 2029 videre
2364 1982 2604 2042 praestat,
2633 1991 2795 2044 quam
2836 1977 3043 2031 nullam
3077 1993 3305 2047 prorsus
3347 1995 3443 2034 ea-

1868 2079 1993 2117 rum
2041 2063 2459 2135 intelligentiam
2503 2081 2719 2136 capere.
2749 2066 2932 2120 Dieam
2975 2067 3159 2138 igitur,
3200 2078 3260 2122 ut
3297 2069 3444 2123 vires

1866 2154 2065 2222 ferent,
2095 2164 2150 2211 et
2185 2163 2245 2211 ut
2284 2166 2467 2213 mente
2500 2159 2787 2228 complecti
2824 2169 3035 2231 potero.
3073 2159 3293 2214 Scutula
3331 2160 3443 2215 duo

1868 2243 1986 2301 ﬁeri
2031 2248 2292 2317 praecepit
2335 2263 2403 2302 ex
2451 2264 2586 2303 auro
2634 2266 2794 2320 puro,
2826 2250 3019 2305 latiora
3064 2250 3156 2305 illa
3193 2250 3440 2320 quidem,

1866 2351 2030 2404 quam
2052 2337 2123 2391 sit
2144 2338 2491 2393 numismatis
2522 2339 2783 2403 ambitus,
2812 2340 2903 2393 sed
2933 2340 3106 2394 forma
3133 2347 3313 2394 tamen
3345 2357 3441 2395 ea-

1867 2424 2019 2503 dem;
2048 2426 2281 2481 rotunda
2306 2443 2500 2497 nempe
2524 2436 2609 2483 est
2632 2429 2981 2484 numismatis
3004 2429 3173 2500 ﬁgura
3202 2448 3216 2482 :
3242 2430 3441 2487 deinde

1867 2514 2005 2569 duas
2031 2515 2273 2572 ﬁmbrias
2304 2517 2530 2573 ﬁoribus
2557 2520 2847 2589 permistas
2875 2536 2938 2575 ex
2968 2535 3103 2575 auro
3137 2537 3295 2591 puro.
3335 2520 3443 2577 Ca-

1868 2608 2082 2662 tenulas
2106 2614 2288 2663 autem
2316 2625 2436 2665 esse
2462 2618 2717 2681 putamus
2745 2610 3007 2676 ﬁmbrias,
3043 2613 3283 2681 speciem
3315 2621 3442 2669 tan-

1867 2715 2031 2769 quam
2057 2701 2332 2755 colorihus
2354 2703 2616 2755 variatam
2648 2703 2945 2769 habentes;
2977 2719 3101 2757 nam
3129 2703 3292 2759 ﬂores
3317 2721 3443 2761 cum

1868 2789 2026 2855 dixit,
2061 2791 2273 2846 colores
2319 2790 2574 2862 intelligit
2610 2809 2623 2844 :
2658 2778 2699 2845 ii
2739 2800 2923 2847 autem
2970 2802 3126 2849 erant
3160 2793 3353 2865 byssus
3387 2805 3444 2852 et

1867 2896 2131 2950 purpura,
2168 2890 2225 2936 et
2260 2897 2427 2936 aurea
2467 2882 2576 2947 ﬁla,
2606 2896 2819 2936 necnon
2857 2883 3185 2954 hyacinthus
3234 2895 3292 2940 et
3329 2897 3443 2941 tor-

1869 2980 1984 3025 tum
2015 2968 2317 3027 coccinum.
2361 2973 2522 3042 383
2551 2972 2635 3027 Ad
2667 2973 2783 3027 haec
2815 2972 2934 3027 ﬁeri
2963 2985 3217 3043 oportere
3265 2975 3446 3045 inquit

1870 3059 2190 3129 quadratam
2226 3068 2494 3115 texturam
2518 3061 2644 3114 cubi
2671 3062 2854 3130 specie
2885 3062 2954 3116 ad
2987 3062 3181 3131 palma:
3211 3072 3445 3119 extenta:

1870 3166 2206 3215 mensuram,
2231 3152 2404 3220 aequis
2427 3152 2670 3220 undique
2695 3151 2982 3217 lateribus,
3005 3152 3110 3229 cui
3125 3154 3445 3209 intexendas

1866 3259 1987 3299 esse
2028 3243 2317 3298 duodecim
2355 3259 2595 3314 gemmas
2633 3244 2730 3309 ait,
2760 3243 2934 3298 ternis
2969 3244 3025 3298 in
3066 3244 3311 3314 singulos
3349 3261 3441 3300 or-

1865 3334 2024 3389 dines
2051 3334 2353 3403 dispositis,
2381 3335 2456 3388 ita
2490 3341 2553 3387 ut
2582 3333 2639 3387 in
2673 3341 2910 3404 quatuor
2932 3335 3205 3390 universis
3230 3336 3441 3392 ordini-

1864 3422 1969 3477 bus
2003 3423 2289 3493 insculptae
2326 3433 2511 3478 essent
2549 3423 2728 3478 tribus
2763 3424 3035 3480 universa:
3065 3441 3164 3495 per
3194 3427 3437 3482 nomina.

1864 3514 2061 3570 Aureis
2102 3515 2268 3586 igitur
2305 3531 2370 3570 ac
2396 3515 2561 3570 variis
2597 3515 2864 3571 catenulis
2897 3532 2964 3571 ex
3006 3518 3439 3587 superhumerali

1864 3606 2234 3676 pendentibus
2266 3607 2479 3660 scutula
2518 3605 2721 3660 sensim
2760 3607 3002 3677 subjecta
3034 3618 3211 3673 erant,
3248 3619 3309 3666 ut
3345 3627 3442 3666 su-

1864 3696 2052 3766 perius
2074 3706 2129 3752 et
2152 3698 2209 3751 in
2233 3696 2367 3767 ipsis
2393 3712 2511 3752 esse
2538 3697 2784 3754 humeris
2808 3698 3160 3767 viderentur,
3188 3701 3284 3756 sed
3312 3717 3442 3757 con-

1870 3786 2144 3858 tingerent
2174 3798 2385 3859 pectus,
2420 3796 2476 3843 et
2509 3789 2575 3843 ad
2607 3805 2872 3844 mammas
2916 3806 3179 3862 suspensa
3206 3802 3389 3848 essent
3424 3812 3436 3846 :

1867 3893 1931 3933 ex
1981 3879 2212 3934 scutulis
2257 3888 2440 3934 autem
2487 3881 2819 3950 iudiciorum
2857 3883 3124 3939 rationale
3174 3885 3442 3941 catenulis

1864 3971 1990 4026 aliis
2037 3971 2209 4041 probe
2255 3973 2535 4044 alligatum
2587 3974 2891 4031 inhaerebat
2937 3977 3167 4046 pectori,
3210 3976 3443 4033 ﬁmbriis

1866 4063 2254 4132 pendentibus,
2277 4064 2414 4119 adeo
2437 4072 2499 4118 ut
2524 4064 2657 4119 illud
2679 4074 3063 4119 ornamentum
3100 4066 3441 4123 intuentibus

1866 4154 2115 4209 maxima:
2146 4154 2494 4209 admirationi
2528 4164 2692 4217 esset,
2720 4155 2950 4225 gemmis
2980 4163 3037 4209 et
3062 4170 3195 4209 auro
3220 4158 3438 4226 conspi-
3523 4170 3530 4177 ‘

1866 4261 2053 4310 cuum,
2079 4253 2135 4299 et
2158 4246 2391 4315 egregiis
2414 4246 2643 4313 aliarum
2667 4261 2886 4315 quoque
2909 4246 3263 4301 materiarum
3295 4248 3440 4302 colo-
3486 4276 3493 4281 -

1867 4336 2022 4390 ribus
2058 4336 2460 4390 admirabiliter
2495 4335 2857 4390 elaboratum.
2913 4336 2972 4390 ld
3017 4351 3236 4406 quoque
3272 4353 3437 4393 oma-

203 4424 459 4503 Ἐσεσθαι
493 4447 551 4501 δέ
579 4448 674 4501 καὶ
701 4424 858 4500 τοῦτο
884 4445 1047 4500 πάλιν
1068 4447 1146 4509 είς
1172 4445 1475 4515 ἀνάμνησιν
1494 4444 1604 4504 τοῖς
1629 4442 1763 4505 υἱοῖς

1876 4426 2037 4481 menti
2083 4441 2257 4495 genus
2299 4426 2375 4480 ait
2412 4424 2529 4480 fore
2572 4425 2699 4480 ﬁliis
2739 4426 2905 4481 Israel
2940 4427 2997 4480 in
3038 4427 3435 4483 monimentum

209 4540 444 4612 Ἰσραὴλ,
503 4538 682 4592 ἔναντι
735 4537 940 4607 Κυρίου
1010 4536 1266 4599 εἰσιόντος
1319 4533 1529 4605 Ἀαρὼν
1574 4534 1654 4595 εἰς
1707 4530 1771 4584 τὸ

200 4630 408 4699 Ἀγιον.
446 4625 594 4701 Ἀρά
628 4645 709 4683 σοι
744 4629 912 4696 σαφὲς
939 4627 1114 4691 dig-Evt
1141 4625 1326 4680 λοιπὸν
1374 4624 1481 4678 τῶν
1502 4621 1774 4693 τεχνημά-

196 4736 299 4773 των
320 4719 385 4773 τὸ
418 4718 642 4789 σχῆμας
892 4750 893 4753 η

262 4815 474 4869 ΠᾹΛΛ.
508 4812 620 4866 Καὶ
651 4812 814 4884 μάλα.
867 4811 1006 4866 Ἀνθ’
1037 4811 1157 4864 ὅτου
1189 4809 1246 4864 δὲ
1273 4809 1338 4883 δὴ
1361 4808 1423 4863 τδ
1453 4808 1632 4878 λόγιον
1663 4806 1772 4862 τῶν

198 4909 427 4979 κρίσεων
453 4906 625 4976 ὄνομα
640 4903 717 4975 τῷ
737 4904 897 4975 τεχνή
906 4919 1065 4974 ματι;

265 5085 432 5138 ΚΥΡ.
479 5081 555 5135 Ut’:
602 5082 710 5152 γὰρ
776 5080 839 5152 δὴ
897 5081 992 5133 καὶ
1042 5077 1289 5148 ἐπωμίδα
1351 5075 1647 5147 κεκλῆσθαι
1706 5076 1768 5130 τὸ

198 5174 473 5246 ἀνωτέρω,
531 5173 618 5227 διὰ
672 5171 733 5226 τὸ
777 5173 980 5244 ἀμφοῖν
1022 5167 1373 5224 ἐπιτετᾶσθαι
1415 5170 1527 5222 τοῖν
1574 5166 1770 5239 ὢμοιν,

199 5264 655 5335 ὲτυμολογοῦντες
678 5264 980 5334 εἰρήκαμεν
1001 5280 1016 5328 ;

269 5440 479 5495 ΠᾹΔΔ.
511 5439 640 5493 Ναί.
683 5439 747 5492 Τί
775 5432 866 5492 οῦν
895 5434 1051 5491 τοῦτό
1084 5452 1182 5505 ys;

276 5530 436 5587 ΚΥΡ.
472 5532 595 5585 Ὅτι
630 5530 792 5585 πάλιν
829 5528 1044 5599 ἐτύμως
1078 5544 1136 5581 τε
1176 5525 1268 5582 καὶ
1303 5526 1583 5598 ἀναλόγως
1610 5527 1670 5582 τὺ
1699 5527 1775 5591 ὡς

239 5708 279 5741 ”
299 5708 474 5766 Exod.
505 5725 690 5778 xxvnl,
719 5711 809 5766 ‘21.
887 5710 929 5744 ¹⁰
958 5709 1098 5768 Ibid.
1127 5710 1215 5765 29.

1867 4532 2048 4573 coram
2075 4516 2327 4582 Domino,
2355 4517 2534 4570 Aaron
2568 4517 2621 4570 in
2661 4517 3031 4571 sanctuarium
3075 4516 3434 4587 ingrediente.

1865 4610 2032 4665 Estne
2094 4609 2191 4662 tibi
2225 4610 2337 4679 jam
2372 4609 2589 4663 tandem
2637 4610 2945 4680 perspicua,
2977 4609 3154 4680 quoad
3189 4609 3310 4665 ﬁeri
3335 4626 3436 4680 po-

1867 4708 1992 4764 test,
2021 4701 2217 4754 horum
2248 4699 2589 4770 opiﬁciorum
2620 4699 2832 4755 forma?

1936 4793 2132 4848 PALL.
2172 4792 2402 4848 Maxime
2428 4809 2559 4848 vero
2589 4812 2602 4847 :
2631 4803 2884 4849 caeterum
2914 4807 3077 4862 quam
3110 4792 3181 4847 ob
3219 4805 3437 4847 causam

1874 4885 1928 4939 id
1997 4882 2274 4953 opiﬁcium
2339 4885 2604 4941 rationale
2658 4884 2992 4957 judiciorum
3040 4891 3123 4939 est
3195 4882 3437 4952 appella-

1876 4976 2030 5031 tum?

1942 5069 2097 5125 CYR.
2159 5070 2351 5124 Nonne
2415 5066 2861 5137 superhumerale
2915 5065 3046 5120 item
3107 5065 3438 5137 appellatum

1871 5176 1990 5217 esse
2018 5177 2087 5216 ex
2108 5177 2175 5216 eo
2199 5160 2345 5231 quod
2369 5174 2533 5230 super
2560 5167 2851 5228 utrumque
2883 5157 3175 5213 humerum
3210 5157 3439 5214 induce-

1870 5263 2045 5322 retur,
2087 5256 2244 5311 verbi
2301 5254 2571 5324 originem
2616 5261 2924 5322 spectantes
2976 5253 3233 5324 superius
3287 5251 3438 5307 dice-

1870 5345 2068 5401 bamus
2084 5346 2108 5399 ?

1938 5434 2135 5490 PALL.
2171 5435 2269 5488 Ita.
2296 5432 2437 5500 Quid
2472 5434 2622 5489 tum?

1941 5525 2098 5583 CYR.
2132 5524 2270 5593 Quia
2300 5496 2489 5581 iiidem
2522 5533 2669 5583 recte
2700 5542 2769 5583 ex
2796 5526 2947 5583 vocis
2979 5518 3188 5595 origine
3217 5533 3281 5577 ac
3314 5533 3441 5593 pro-
