3962 6296
528 315 631 371 739

1547 311 1602 366 S.
1645 308 1919 365 CYRILLI
1953 306 2421 362 ALEXANDRINI
2462 306 2778 362 ARCHIEP.

3672 312 3787 368 740

527 438 780 499 portione
819 427 873 481 id
917 426 1061 496 quod
1098 425 1152 478 in
1194 424 1357 478 corde
1383 432 1438 478 et
1461 423 1764 478 visceribus
1805 423 2099 494 repositum

2208 423 2266 473 ὲν
2313 421 2510 492 καρδίᾳ
2541 439 2600 475 τε
2644 421 2739 475 καὶ
2787 423 3114 490 σπλάγχνοις
3150 423 3571 494 ἀποτεθειμένον
3606 427 3787 496 λόγιον

526 526 632 580 est,
671 515 935 570 rationale
969 513 1302 582 judiciorum
1337 511 1664 580 appellatum
1696 525 1816 564 esse
1848 509 2129 573 dicimus;

527 622 654 661 eum
690 605 849 660 sedes
875 601 1280 672 quodammodo
1307 600 1580 655 facultatis
1616 609 1816 654 nostrae
1859 599 2102 654 rationa-

528 701 598 755 lis
636 714 732 754 cor
770 712 835 751 ac
870 696 1084 750 viscera
1120 694 1231 748 sint
1266 711 1278 746 :
1311 693 1541 747 inhaeret
1583 701 1767 746 autem
1811 708 2102 762 prepemo-

528 788 659 840 dum
685 795 742 840 et
765 783 928 838 inﬁxa
956 794 1040 838 est
1067 782 1370 837 secundum
1402 788 1650 836 naturam
1693 782 1834 835 huic,
1852 781 2102 836 rationali

527 877 770 932 facultati
803 877 972 930 etiam
1009 876 1100 930 illa
1138 875 1194 929 in
1227 875 1646 944 quibuscunque
1685 875 1850 930 rebus
1881 877 2104 945 agendis

528 978 677 1022 recta
711 975 766 1022 et
807 968 1016 1038 integra
1056 966 1338 1036 iudicandi
1385 966 1631 1030 facultas,
1666 965 1719 1019 id
1765 976 1868 1031 est,
1892 967 2102 1037 justum

522 1059 814 1130 judicium,
841 1067 899 1113 et
927 1059 1075 1127 quod
1108 1073 1224 1112 rem
1253 1073 1526 1126 quamque
1556 1057 1732 1112 decet.
1758 1057 1837 1111 An
1863 1074 1994 1112 vero
2021 1058 2102 1112 fa-

529 1151 703 1204 cultas
736 1150 982 1212 rationis,
1011 1161 1131 1217 qua:
1160 1157 1245 1202 est
1281 1150 1336 1200 in
1369 1147 1548 1212 nobis,
1579 1164 1687 1201 non
1721 1149 1980 1218 expendit
2014 1165 2102 1204 re-

530 1256 651 1294 rum
681 1239 1014 1310 agendarum
1045 1246 1291 1302 naturas,
1313 1247 1368 1293 et
1391 1253 1421 1291 a
1444 1238 1609 1292 rebus
1629 1237 1982 1307 prmferendis
2003 1256 2101 1310 pa-

529 1349 650 1387 rum
673 1331 945 1402 jucundas
974 1330 1304 1400 inutilesque
1336 1329 1608 1385 secernit?

595 1424 793 1480 PALL.
837 1422 979 1478 Sane
1015 1438 1163 1476 vero.

590 1514 749 1568 CYR.
782 1513 954 1583 “Atqui
997 1512 1281 1567 consuevit
1313 1512 1595 1582 Scriptura
1626 1512 1807 1568 divina
1833 1512 2100 1582 judicium

518 1605 798 1674 .appellare
829 1619 938 1657 vnn
984 1604 1129 1657 illam
1157 1618 1264 1672 qua
1312 1613 1460 1659 recte
1504 1619 1566 1658 ac
1598 1605 1743 1675 juste
1767 1605 2095 1675 judicamus.

522 1697 714 1765 Itaque
763 1695 958 1749 beatus
1003 1694 1171 1748 David
1217 1695 1272 1748 in
1314 1695 1542 1750 Psalmis
1583 1697 1660 1750 ait
1699 1713 1711 1748 :
1762 1716 1779 1747 ‹
1825 1697 1975 1752 Beati
2007 1698 2101 1768 qui

2207 511 2316 566 τῶν
2365 513 2599 584 κρίσεων
2645 511 2956 583 ὠνομάσθαι
3009 513 3209 584 φαμέν.
3264 515 3616 588 Ἐνδιαίτημα
3677 521 3789 593 γὰρ

2207 605 2393 676 ὥσπερ
2423 606 2517 659 τοῦ
2550 607 2606 658 ἐν
2669 606 2801 675 ἡμῖν
2838 605 3055 674 λογικοῦ
3101 607 3300 677 καρδία
3347 609 3441 661 καὶ
3477 610 3787 682 σπλάγχνα.

2219 699 2561 770 Ἐρήρεισται
2590 698 2646 751 δὲ
2678 697 2867 769 ὥσπερ
2897 697 2992 751 καὶ
3021 698 3510 772 ὲγκαταπέπηκται
3542 705 3790 772 φυσικῶς

2208 791 2286 861 τῷ
2318 795 2376 845 ὲν
2409 793 2541 861 ἡμῖν
2570 791 2774 860 λογικῷ
2822 792 2916 845 καὶ
2945 793 2977 862 ὴ
3007 793 3093 860 ἐφ’
3118 793 3334 863 ἑκάστῳ
3364 795 3472 847 τῶν
3500 778 3790 866 πρακτέων

2209 883 2342 953 ὀρθή
2376 900 2434 936 τε
2476 884 2571 936 καὶ
2616 883 2938 954 ἀδιάϐλητος
2991 884 3199 954 κρίσις,
3241 884 3385 938 τοῦτ’
3417 886 3671 958 ἐστιν.ι·ἡ
3710 889 3791 941 δι-

2211 983 2544 1054 καιοκρισία,
2588 984 2682 1035 καὶ
2713 982 2773 1034 τὸ
2803 983 3016 1052 ἑκάστῳ
3051 982 3293 1049 πρέπον·
3325 983 3357 1052 ῆ
3405 983 3514 1056 γὰρ
3545 984 3666 1053 οὐχί
3697 984 3788 1038 λο-

2207 1075 2335 1143 γική
2372 1089 2455 1134 τις
2487 1074 2543 1124 ὲν
2575 1072 2706 1142 ἡμῖν
2738 1069 2836 1133 τάς
2867 1072 2975 1123 τῶν
3017 1070 3304 1142 πρακτέων
3333 1072 3650 1127 ταλαντεύει
3686 1073 3788 1142 φύ-

2210 1181 2344 1227 σεις,
2376 1165 2469 1216 καὶ
2496 1163 2780 1233 ἀποκρίνει
2812 1162 2919 1216 τῶν
2959 1163 3259 1232 ἀμεινόνων
3287 1165 3349 1217 τὸ
3386 1167 3550 1237 ἀχαρί
3589 1184 3650 1220 τε
3690 1169 3787 1220 καὶ

2207 1251 2516 1314 ἀλυσιτελές
2540 1269 2554 1316 ;

2277 1432 2483 1484 ΠΑΛΛ.
2516 1431 2625 1484 Kal.
2659 1430 2818 1483 πάνυ.

2277 1524 2442 1575 ΚΥΡ.
2483 1523 2682 1592 Κρίσιν
2723 1523 2778 1575 δὲ
2823 1523 3112 1594 ὀνομάζειν
3157 1520 3276 1585 ἔθος
3321 1525 3388 1593 τῇ
3440 1521 3784 1594 θεοπνεύστῳ

2205 1614 2394 1685 Γραφῇ
2435 1615 2533 1686 τὴν
2583 1614 2852 1686 ὀρθότητα
2884 1616 2978 1670 καὶ
3009 1613 3427 1684 δικαιοκρισίαν.
3463 1615 3574 1668 Kal.
3595 1615 3727 1684 γοῦν
3755 1619 3784 1669 ὁ

2207 1705 2494 1768 θεσπέσιος
2525 1703 2719 1773 ψάλλει
2749 1705 2930 1758 Δαϐίδ·
2978 1725 2996 1758 ι
3033 1705 3310 1777 Μακάριοι
3337 1705 3387 1758 οἱ
3418 1705 3783 1772 φυλάσσοντες

527 1764 845 1840 custodiunt
875 1783 1164 1854 judicium,
1198 1791 1254 1837 et
1295 1782 1505 1837 faciunt
1541 1783 1810 1853 justitiam
1855 1783 1910 1836 in
1951 1764 2099 1838 omni

2204 1797 2400 1867 κρίσιν,
2436 1797 2530 1850 καὶ
2566 1797 2844 1861 ποιοῦντες
2867 1797 3213 1867 δικαιοσύνην
3242 1800 3299 1852 ὲν
3331 1799 3492 1852 παντὶ
3523 1798 3722 1870 καιρῷ.
3759 1818 3778 1850 ι

528 1884 775 1943 tempore
800 1874 862 1925 “.
897 1891 915 1922 ι
953 1871 1100 1926 Dixit
1134 1872 1298 1924 etiam
1332 1886 1566 1926 rursus:
1593 1889 1610 1922 ‹
1635 1871 1703 1926 Ει
1734 1873 1906 1926 honor
1934 1874 2096 1944 regis,

522 1966 791 2036 judicium
833 1964 1062 2034 diligere
1099 1965 1162 2017 ”.
1197 1981 1214 2014 ι
1254 1963 1515 2017 Praeclara
1558 1978 1794 2033 namque
1838 1965 1980 2034 regis
2017 1973 2101 2021 est

407 2118 422 2130 γ
527 2057 698 2128 gloria
727 2065 782 2110 et
817 2055 1012 2119 honos,
1039 2055 1083 2108 si
1103 2055 1370 2125 justitiam
1398 2054 1605 2125 diligat.
1641 2054 1806 2127 384
1837 2056 1894 2110 ld
1935 2056 2101 2126 igitur

527 2153 930 2210 ornamentum,
973 2145 1119 2215 quod
1169 2145 1321 2199 cordi
1365 2161 1429 2200 ac
1470 2147 1680 2215 pectori
1731 2150 2099 2220 superjectum

523 2245 630 2301 est,
660 2237 924 2293 rationale
955 2237 1392 2306 vocaturjudicii
1426 2238 1497 2293 ob
1529 2255 1650 2294 eam
1681 2254 1922 2305 causam,
1953 2240 2098 2310 quod

529 2330 604 2383 ibi
639 2330 804 2384 situm
844 2339 948 2393 est,
979 2330 1072 2384 ubi
1105 2330 1387 2384 rationalis
1427 2329 1703 2386 facultatis
1732 2339 1816 2386 est
1844 2333 2013 2396 locus,
2044 2333 2099 2387 in

525 2421 783 2475 facultate
817 2429 967 2476 recte
1004 2433 1069 2476 ac
1101 2422 1249 2493 juste
1281 2421 1561 2490 judicandi
1598 2423 1736 2476 ratio
1768 2423 2096 2480 continetur.

525 2511 587 2566 In
624 2513 726 2567 hoc
754 2514 948 2568 eodem
974 2529 1106 2568 vero
1139 2513 1390 2568 rationali
1425 2513 1632 2582 lapides
1655 2513 1942 2570 duodecim
1973 2526 2100 2571 sunt

521 2613 663 2652 auro
705 2600 923 2665 inclusi,
953 2601 1010 2654 in
1049 2601 1224 2670 iisque
1269 2602 1540 2657 universae
1573 2603 1748 2658 tribus
1777 2604 2094 2676 descriptae:

467 2680 470 2682 ’
525 2707 702 2760 neque
748 2709 881 2748 vero
923 2694 1161 2748 absurde
1213 2702 1525 2749 sanctorum
1575 2696 1817 2751 virorum
1869 2697 2098 2768 ﬁguram

517 2793 742 2851 gerunt,
776 2785 869 2852 qui
913 2792 1027 2838 tum
1072 2785 1416 2855 splendorem
1461 2786 1683 2854 habent,
1718 2796 1834 2843 tum
1873 2793 2098 2861 pretiosi

525 2881 655 2927 sunt
695 2881 750 2926 et
791 2873 961 2929 veluti
1004 2875 1214 2945 lapides
1252 2876 1474 2945 quidam
1507 2878 1685 2945 electi,
1711 2895 1774 2935 ac
1806 2897 2096 2952 propemo-

518 2965 654 3018 dum
684 2968 740 3018 in
763 2965 966 3021 Christi
995 2968 1159 3022 corde
1185 2977 1348 3037 atque
1374 2968 1555 3024 animo
1580 2971 1761 3040 positi.
1794 2971 1932 3028 Sunt
1953 2975 2097 3030 enim

2204 1891 2347 1959 Ἔφη
2393 1890 2448 1942 δέ
2491 1907 2593 1942 που
2642 1890 2826 1944 πάλιν*
2882 1909 2900 1941 ι
2950 1891 3057 1943 Καὶ
3091 1890 3225 1961 τιμὴ
3267 1891 3562 1961 βασιλέως,
3601 1893 3783 1962 κρίσιν

2200 1975 2420 2051 ἀγαπᾷν
2463 1981 2555 2050 (l).
2603 1981 2848 2054 Λαμπρά
2886 1981 2994 2053 γὰρ
3041 1983 3074 2042 ἡ
3116 1981 3376 2051 βασιλέως
3412 1982 3546 2052 τιμή
3594 1999 3656 2034 τε
3688 1981 3783 2036 καὶ

2199 2070 2344 2136 δόξα,
2375 2071 2604 2139 φιλοῦσα
2619 2072 3000 2154 δικαιοσύνην.
3037 2073 3230 2142 Λόγιον
3269 2068 3362 2127 οὖν
3401 2074 3510 2144 ἄρα
3547 2073 3783 2145 κρίσεως

2199 2166 2258 2218 τὸ
2307 2165 2504 2236 καρδία
2533 2166 2626 2218 καὶ
2659 2166 2902 2236 στέρνοις
2933 2166 3360 2236 ἐπερριμμὲνον,
3390 2165 3478 2218 διὰ
3503 2165 3564 2218 τὸ
3593 2165 3782 2235 ῶσπερ

2201 2261 2258 2310 ὲν
2284 2257 2435 2327 τόπῳ
2472 2258 2683 2310 κεῖσθαι
2713 2257 2805 2310 τοῦ
2847 2257 3089 2325 λογικοῦ,
3119 2259 3174 2309 ὲν
3212 2250 3256 2324 ᾧ
3285 2258 3317 2325 ή
3352 2256 3581 2328 ὀρθότης
3615 2259 3672 2308 ἐν
3700 2257 3781 2309 δι-

2200 2349 2481 2420 καιοσύνῃ.
2527 2349 2614 2399 Ἐν
2645 2348 2791 2417 αύτῷ
2828 2349 2884 2400 δὲ
2919 2347 3094 2418 τούτῳ
3129 2347 3265 2401 λίθοι
3294 2347 3619 2402 δυοκαίδεκα
3645 2365 3781 2418 χρυ-

2202 2437 2302 2508 σίῳ
2356 2439 2697 2508 περισχετοὶ,
2744 2438 2956 2510 γραφὴν
2997 2437 3244 2508 ἔχοντες,
3283 2439 3384 2502 τάς
3415 2438 3609 2508 φυλάς.
3657 2435 3781 2492 Εἶεν

2197 2530 2240 2581 δ’
2268 2529 2333 2582 ἂν
2363 2529 2534 2592 τύπος
2575 2530 2784 2600 ἀνδρῶν
2824 2531 2995 2599 ἁγίων
3017 2571 3031 2595 ,
3063 2533 3112 2585 οἳ
3152 2532 3395 2603 λαμπροί
3434 2533 3495 2585 τέ
3527 2534 3634 2586 εἰσι
3686 2534 3782 2586 καὶ

2198 2621 2404 2690 τίμιοι,
2433 2620 2526 2673 καὶ
2556 2615 2646 2674 οἶά
2677 2639 2824 2685 τινες
2853 2623 3142 2676 ἀπόλεκτοι
3174 2624 3332 2689 λίθοι,
3373 2624 3658 2695 μονονουχὶ
3688 2626 3783 2677 καὶ

2199 2714 2276 2774 είς
2312 2713 2436 2766 νοῦν
2461 2715 2555 2766 καὶ
2587 2715 2814 2786 καρδίαν
2844 2716 3084 2790 κείμενοι
3115 2716 3205 2770 τοῦ
3232 2717 3468 2788 Χριστοῦ
3493 2733 3506 2747 ·
3535 2718 3629 2771 καὶ
3672 2719 3782 2787 γάρ

2198 2804 2335 2855 εἰσιν
2364 2801 2578 2873 ἀληθῶς
2615 2805 2832 2876 μνήμης
2873 2805 3033 2872 ἄξιοι,
3073 2806 3160 2859 διά
3191 2823 3253 2874 γε
3283 2806 3342 2859 τὸ
3372 2809 3428 2859 ὲν
3459 2807 3628 2877 ἀρετῇ
3661 2807 3780 2859 διαο

2199 2894 2384 2962 φανὲς,
2413 2895 2506 2947 καὶ
2536 2894 2594 2948 τὸ
2628 2896 2704 2960 ὡς
2733 2897 2790 2948 ὲν
2817 2897 3072 2968 ἁγιασμῷ
3097 2898 3296 2968 τίμιον.
3341 2898 3780 2970 Ἀποκρέμανται

2198 2985 2254 3037 δὲ
2277 2983 2368 3036 τοῦ
2395 2984 2577 3052 λογίου
2605 2985 2714 3038 τῶν
2744 2986 2977 3057 κρίσεων
2999 2989 3092 3040 καὶ
3109 2976 3347 3058 κρωσσοὶ
3371 2991 3581 3059 χρυσοῖ,
3608 3005 3683 3042 πα
3694 3006 3785 3060 ρα-

525 3056 684 3125 plane
724 3057 894 3127 digni,
937 3058 1031 3127 qui
1077 3069 1574 3116 commemorentur
1615 3073 1838 3134 propter
1879 3067 2096 3124 virtutis

2204 3073 2504 3145 δηλοῦντος.
2537 3072 2712 3146 οίμαι,
2740 3056 2832 3130 τοῦ
2865 3056 3207 3150 πράγματος,
3237 3080 3318 3133 ὄτι
3472 3080 3580 3133 τῶν
3609 3056 3782 3150 ἁγίων

525 3151 825 3206 claritatem
873 3150 1303 3222 dignitatemque
1344 3152 1805 3211 sanctiﬁcationis.
1851 3158 2098 3216 Pendeat

2204 3165 2475 3237 πληθύοςὸ
2495 3167 2660 3231 πολύς
2696 3187 2754 3222 τε
2784 3172 2876 3224 καὶ
2909 3171 3282 3254 ἀναρίθμητος
3295 3150 3409 3225 τῶν
3440 3173 3783 3244 ἀνδραγαθη-

525 3247 707 3293 autem
751 3239 818 3293 de
848 3240 1100 3294 rationali
1139 3241 1472 3310 judiciorum
1505 3259 1684 3299 aurea:
1717 3261 1935 3316 quoque
1973 3249 2095 3304 ﬁm-

2204 3256 2388 3327 μάτων
2415 3258 2580 3328 ἐσμὸς
2597 3259 2672 3330 (Ξ)
2692 3264 2970 3332 μονονουχὶ
3009 3239 3121 3316 καὶ-
3139 3239 3779 3336 ἀπηρτημένος-ὁρῶσί.

525 3326 654 3382 bria:
691 3346 702 3381 :
733 3344 839 3398 qua
874 3345 932 3383 re
960 3329 1319 3399 signiﬁcatur,
1349 3339 1410 3386 ut
1437 3331 1650 3402 opinor,
1684 3333 1752 3388 de
1785 3344 2098 3393 sanctorum

2204 3326 2316 3402 Kal.
2347 3326 2494 3417 γοῦν-
2515 3352 2544 3402 ὁ
2570 3326 2836 3420 μακάριος
2881 3326 3045 3406 Α’άειδ
3080 3354 3170 3407 καὶ
3335 3326 3660 3425 ’ἐκκλησίας
3688 3355 3781 3408 τὸν

525 3418 806 3472 hominum
853 3427 998 3474 cmtu
1033 3422 1330 3476 maximum
1362 3433 1418 3479 et
1445 3423 1717 3480 inﬁnitum
1747 3443 1930 3484 rerum
1964 3447 2099 3501 prae-

2204 3439 2405 3510 κόσμον
2437 3442 2495 3494 ὲν
2524 3447 2864 3513 κροσσωτοῖς
2893 3440 3030 3499 εἷναί
3062 3464 3243 3517 φησιν.

524 3510 672 3654 pilarbe
720 3516 995 3654 gestaruIIn
1039 3525 1268 3566 examen
1313 3528 1482 3583 prope
1527 3530 1855 3586 suspensum
1899 3520 2096 3588 videri,
2135 3525 2366 3599 ideoque
2437 3510 2629 3586 beatus
2693 3533 2860 3588 David
2901 3510 3157 3592 Ecclesia:
3198 3537 3385 3593 itidem
3425 3544 3676 3592 ornatum
3722 3539 3780 3593 in

567 3617 616 3654 m
663 3601 760 3654 riis
791 3616 910 3654 esse
979 3601 1075 3654 icit
1104 3603 1165 3654 ¹³.

567 3601 760 3655 mbriis
791 3616 910 3655 esse
940 3601 1075 3655 dicit
1104 3603 1165 3656 ¹³.

597 3690 795 3746 PALL.
835 3691 1130 3746 Credibilis
1162 3707 1290 3748 sane
1321 3695 1611 3764 expositio.

2273 3713 2478 3766 UAAA.
2511 3713 2739 3780 Πιθανὺς
2766 3717 2794 3768 ὁ
2823 3717 2998 3786 λόγος.

598 3784 754 3837 CYR.
796 3781 841 3836 A
870 3783 1121 3836 rationali
1149 3792 1330 3838 autem
1356 3787 1691 3855 judiciorum
1725 3794 1908 3847 aureis
1933 3810 2099 3849 annu-

2269 3803 2436 3855 ΚΥΡ.
2483 3805 2614 3857 Ἀπὸ
2651 3805 2708 3858 δέ
2731 3823 2794 3874 γε
2831 3781 2923 3860 τοῦ
2965 3808 3147 3877 λογίου
3171 3811 3278 3864 τῶν
3303 3813 3535 3884 κρίσεων
3557 3818 3780 3884 χρυσοῖς

524 3876 592 3929 lis
616 3883 868 3928 conserta
894 3873 1044 3927 varia
1083 3884 1138 3929 et
1163 3876 1410 3944 pulchris
1435 3880 1710 3936 coloribus
1735 3897 1924 3940 ornata
1953 3897 2099 3943 eate-

2204 3893 2479 3958 δακτύλοις
2503 3894 2866 3969 ἐνειλημμένη
2892 3873 3106 3971 ποικίλη
3127 3919 3183 3954 τε
3201 3903 3292 3956 καὶ
3317 3873 3527 3974 εῦχρως
3543 3873 3776 3977 ἀνέρπεί

526 3966 655 4020 nula
699 3965 899 4033 serpit,
942 3971 1004 4018 ut
1060 3965 1397 4033 dicebamus,
1449 3980 1506 4026 et
1547 3987 1645 4041 per
1688 3975 1851 4030 ambo
1891 3980 2099 4037 scutula

2204 3986 2375 4055 σειρὰ.
2402 3986 2653 4058 καθάπερ
2681 3965 2938 4059 ἐλέγομεν
2957 4031 2974 4056 ,
3001 3965 3106 4045 καὶ⁷
3134 3993 3198 4046 δι’
3230 3965 3433 4066 ἀμφοῖν
3464 3965 3615 4050 ἰοῦσα
3644 3965 3776 4051 ’ταῖν

529 4056 817 4120 transiens,
845 4055 912 4110 ad
944 4056 1120 4126 ipsum
1165 4061 1413 4128 pervenit
1443 4065 1703 4119 verticem
1741 4070 2099 4136 superhume-

2204 4075 2563 4160 161:1:6t'oxatv,
2597 4055 2685 4130 tr:
2710 4055 2852 4132 atra;
2871 4081 3046 4152 διήκει
3074 4083 3173 4154 τῆς
3203 4055 3474 4158 ἐπωμίδος
3496 4089 3557 4141 τὸ
3581 4089 3774 4160 ἀκρον,

526 4149 676 4212 ralis,
712 4147 767 4202 in
793 4163 902 4217 quo
928 4163 1154 4219 gemma
1192 4150 1578 4223 descriptionis
1602 4168 1776 4213 erant.
1828 4160 1971 4226 Quid
2000 4180 2099 4219 au-

2204 4163 2280 4233 ιφ·
2307 4157 2340 4237 ᾖ
2372 4165 2468 4235 τῆς
2501 4169 2828 4240 ἀπογραφῆς
2857 4173 2910 4224 αι
2941 4147 3096 4228 λίθοι.
3129 4147 3193 4228 ‘rt
3219 4175 3262 4228 δ’
3289 4147 3356 4231 ἀι
3391 4147 3474 4249 εἴη
3512 4181 3605 4233 καὶ
3632 4147 3773 4246 τόδε,

529 4247 638 4293 tem
679 4238 735 4293 id
778 4254 997 4309 quoque
1035 4239 1126 4304 sit,
1159 4242 1470 4311 perSpicere
1513 4259 1695 4315 operte
1730 4251 1967 4318 pretium
1995 4261 2097 4308 est.

2204 4255 2316 4319 πῶς
2342 4257 2614 4340 ούκᾶξιον
2647 4238 2800 4327 ίδεῖνξ
2829 4265 2986 4316 Δοκεῖ
3016 4265 3079 4335 δὴ
3107 4262 3200 4320 οῦν
3225 4284 3313 4338 μοι
3338 4238 3684 4340 παραδηλοῦν
3713 4238 3777 4324 ea;
3822 4303 3828 4307 -

525 4329 756 4384 Videtur
783 4330 966 4400 itaque
993 4331 1128 4385 mihi
1152 4332 1255 4388 hoc
1278 4335 1506 4405 aenigma
1526 4339 1794 4407 ejusmodi
1821 4344 2099 4415 quidpiam

2204 4348 2426 4419 αἴνιγμα
2447 4339 2706 4406 τοιουτονί
2733 4372 2786 4407 τι
2813 4356 2991 4410 πάλινο
3039 4329 3126 4422 ’ὸς
3159 4329 3266 4431 γάρ
3289 4362 3339 4413 οἱ
3363 4329 3499 4416 λίθοι
3524 4329 3575 4416 ἐι
3599 4364 3776 4434 τίμιοι

526 4420 834 4492 signiﬁcare
866 4440 878 4474 :
915 4422 1073 4488 Nam,
1116 4425 1211 4492 qui
1256 4434 1381 4480 sunt
1427 4436 1488 4481 ut
1527 4429 1736 4498 lapides
1774 4435 2020 4502 pretiosi,
2051 4446 2099 4490 et

2204 4439 2294 4492 καὶ
2333 4442 2389 4492 ὲν
2423 4441 2621 4509 γνώσει
2664 4463 2723 4497 τε
2756 4448 2848 4500 καὶ
2882 4449 2939 4500 ὲν
2976 4420 3461 4523 μνήμῃ-Χριστοῦ,
3496 4454 3635 4526 πρὸς
3659 4420 3775 4527 ⁸τὴν

526 4527 666 4583 quos
693 4512 947 4568 Christus
976 4522 1032 4568 et
1057 4516 1367 4586 cognitione
1405 4527 1461 4574 et
1492 4523 1755 4578 memoria
1786 4527 2099 4596 complecti-

2204 4531 2311 4584 ἄνω
2333 4532 2613 4602 τρέχοντες
2639 4512 2988 4610 ἀπογραφὴν,
3012 4512 3290 4613 ’τὺ-’χρῆμα
3318 4512 3660 4614 κερδαίνουσι
3685 4512 3777 4600 Gali

528 4610 639 4667 tur,
666 4603 703 4656 ii
745 4603 813 4657 ad
846 4604 994 4659 illam
1035 4621 1325 4676 supernam
1363 4609 1785 4683 descriptionem
1818 4633 1916 4686 per
1947 4633 2096 4673 arma

2204 4621 2304 4674 τῶν
2335 4623 2516 4677 ὃπλων
2539 4625 2638 4695 τῆς
2666 4628 3012 4700 δικαιοσύνης
3046 4633 3154 4686 τῶν
3185 4634 3371 4701 δεξιῶν
3413 4638 3507 4689 καὶ
3549 4639 3774 4708 ἀριστε-

523 4695 752 4767 justitiae
801 4695 993 4750 dextra
1037 4705 1094 4751 et
1143 4699 1365 4755 sinistra
1411 4706 1773 4773 perveniunt;
1822 4707 1902 4762 sic
1950 4709 2099 4763 enim

527 4784 688 4853 plane
723 4785 916 4839 scribit
953 4786 1147 4844 beatus
1183 4789 1382 4846 Paulus
1415 4810 1427 4846 :
1465 4801 1631 4862 atque
1659 4796 1827 4851 etiam
1858 4799 1986 4852 alibi
2013 4800 2097 4854 di-

527 4876 603 4931 cit
637 4893 650 4930 :
687 4895 705 4928 ι
747 4877 961 4935 lnduite
993 4893 1091 4934 vos
1118 4886 1453 4937 armaturam
1480 4884 1576 4939 Dei
1607 4887 1670 4938 “.
1706 4906 1724 4938 ›
1768 4887 1946 4943 Aurea
1973 4901 2100 4946 sunt

528 4980 692 5036 porro
714 4969 858 5039 regis
883 4985 1054 5035 arma,
1081 4984 1244 5025 aurea
1267 4972 1398 5027 item
1423 4975 1655 5040 scutula,
1685 4977 1892 5047 Deique
1918 4995 2098 5034 arma-

530 5063 707 5110 turam
752 5058 982 5129 ﬁgurate
1026 5061 1341 5116 indicantia.
1388 5064 1504 5118 Non
1541 5066 1708 5136 igitur
1747 5069 1851 5122 alia
1889 5071 2099 5128 ratione

528 5143 650 5199 ﬁeri
684 5155 883 5215 potest,
923 5157 986 5205 ut
1023 5151 1079 5205 in
1124 5152 1221 5207 Dei
1259 5155 1518 5208 memoria
1543 5163 1600 5209 et
1625 5157 1992 5228 descriptione
2021 5162 2098 5216 si-

527 5250 670 5301 mus,
703 5237 809 5292 nisi
851 5254 1001 5295 arma
1041 5243 1267 5313 justitiaa
1308 5246 1726 5316 arripuerimus,
1765 5265 1828 5304 ac
1866 5265 1966 5320 per
2009 5253 2099 5308 illa

527 5336 679 5385 recte
699 5330 950 5386 faciendo
978 5336 1373 5392 transierimus.
1396 5337 1513 5393 Jam
1543 5354 1695 5406 vero,
1733 5342 1879 5411 quod
1902 5358 2098 5414 super-

2201 4712 2331 4782 ρῶν·
2366 4715 2566 4784 γράφει
2588 4717 2694 4788 γὰρ
2715 4713 2814 4772 ὧδε
2843 4723 3028 4790 σαφῶς
3052 4725 3078 4776 ὁ
3103 4724 3384 4790 θεσπέσιος
3406 4727 3638 4792 Παῦλος.
3662 4732 3774 4784 Καὶ

2199 4801 2307 4872 μὴν
2334 4806 2430 4858 καὶ
2457 4806 2681 4878 ἑτέρωθί
2715 4827 2898 4881 φησιν’
2933 4833 2950 4866 ι
3001 4814 3318 4871 Ἐνδύσασθε
3342 4818 3441 4890 τὴν
3470 4820 3774 4876 πανοπλίαν

2197 4892 2289 4945 τοῦ
2325 4894 2482 4948 Θεοῦ.
2523 4918 2541 4950 ι
2569 4900 2760 4971 Χρυσᾶ
2789 4903 2846 4954 δὲ
2869 4903 2937 4957 τὰ
2980 4904 3244 4973 βασιλέως
3275 4909 3434 4972 ὅπλα,
3471 4915 3674 4982 χρυσαῖ
3717 4914 3776 4966 δὲ

2195 4985 2394 5053 ὁμοίως
2425 4989 2480 5041 al
2529 4991 2878 5061 ἀσπιδίσκαι,
2909 4997 3002 5048 καὶ
3038 4997 3136 5069 τὴν
3168 4999 3261 5053 τοῦ
3295 5001 3428 5054 Θεοῦ
3469 5005 3774 5058 πανοπλίαν

2194 5076 2607 5147 αἰνιγματωδῶς
2647 5085 3063 5153 ὑποφαίνουσαι.
3118 5092 3383 5162 Ἐσόμεθα
3426 5095 3491 5166 δὴ
3531 5091 3626 5150 οὖν
3671 5097 3773 5166 οὐχ

2195 5166 2484 5258 ὲτέρωςὲν
2535 5175 2723 5248 μνήμῃ
2766 5196 2825 5231 τε
2854 5182 2950 5234 καὶ
2990 5183 3283 5256 ἀπογραφῇ
3319 5185 3476 5250 Θεοῦό
3523 5187 3599 5258 μὴ
3648 5190 3773 5258 οὐχὶ

2195 5255 2303 5309 τῶν
2330 5257 2510 5314 ὃπλων
2545 5264 2645 5334 τῆς
2677 5267 3021 5342 δικαιοσύνης
3052 5274 3344 5345 ἁψάμενοι,
3375 5279 3467 5330 καὶ
3491 5278 3559 5332 δι’
3587 5279 3770 5331 αὐτῶν

2198 5351 2366 5417 ἰόντες
2406 5360 2740 5426 πρακτικῶς.
2779 5365 2851 5417 Τὸ
2880 5367 2936 5420 δὲ
2975 5369 3040 5439 δὴ
3075 5369 3176 5439 τῆς
3212 5373 3486 5443 ἐπωμίδος
3527 5373 3768 5443 ἀνῆφθαι

597 5488 639 5520 ¹¹
671 5487 813 5545 Psal.
837 5509 934 5559 ev,
956 5492 1008 5547 5.
1097 5495 1139 5528 ¹²
1172 5498 1315 5555 Psal.
1342 5515 1523 5566 xcvm,
1553 5503 1606 5559 5.
1684 5503 1728 5535 ¹³
1754 5504 1898 5561 Psal.
1935 5522 2077 5572 xuv,

2264 5514 2308 5546 “
2339 5514 2542 5586 Ephes.
2563 5535 2639 5584 Vl,
2666 5521 2753 5575 11.
2785 5585 2788 5602 ι

599 5645 674 5733 _(l)
707 5647 798 5705 Sic
825 5651 957 5721 legit
992 5651 1247 5733 erillus,
1294 5672 1418 5733 cum
1455 5661 1680 5733 codices
1725 5680 1915 5722 onmes
1944 5669 2092 5724 Psal-

525 5728 761 5784 morum,
787 5736 924 5790 quos
962 5727 1146 5779 videre
1183 5727 1354 5794 potui,
1382 5729 1648 5812 habeant,
1667 5734 1845 5806 κρίσιν
1875 5738 2084 5811 ἀγαπᾷ.

2326 5675 2345 5771 _)
2377 5677 2733 5771 [ﬁﬁgcllius
2768 5688 2927 5763 legit;
2955 5700 3127 5757 codex
3184 5707 3362 5756 tamen
3394 5709 3648 5771 uterque,
3677 5700 3766 5755 es-

2197 5747 2349 5814 σμὺς,
2384 5747 2566 5820 legem.
