3962 6296
221 325 325 384 7U

924 323 1013 379 DE
1057 322 1491 380 ADORATIONE
1529 324 1594 379 IN
1638 322 1908 380 SPIRITU
1950 325 2038 381 ET
2074 329 2440 387 V'ERITATE.
2480 365 2549 373 —
2582 335 2709 390 LIB.
2750 335 2839 391 XI.

3391 334 3495 390 742

222 448 287 500 τὸ
315 445 500 514 λόγιον
527 444 965 516 κατασημήνειεν
986 445 1073 511 ἂν,
1106 441 1278 516 οἶμαι,
1314 446 1374 499 τὸ
1406 449 1518 510 τοῖς
1549 447 1659 502 ἄνω
1693 463 1800 499 συν-

1921 447 2190 506 humerali
2240 461 2483 523 aptatum
2533 463 2617 508 est.
2661 455 2946 519 rationale,
2981 469 3044 508 ea
3092 470 3149 508 re
3196 451 3492 526 signiﬁcari

223 538 402 610 ἧφθαι
430 537 501 590 τὰ
525 537 681 591 κάτω
702 577 716 600 ,
751 536 1123 608 μεσιτεύοντο;
1154 537 1248 590 τοῦ
1279 538 1535 608 Χριστοῦ.
1585 557 1604 590 ι
1645 541 1814 603 Αὐτὸς

228 629 344 700 γάρ
373 628 528 681 ἐστιν
572 629 607 698 ή
649 627 838 698 εἰρήνη
869 625 1026 697 ἡμῶν
1047 667 1061 689 ,
1091 629 1120 680 ὁ
1155 628 1385 697 ποιήσας
1432 627 1501 680 τὰ
1531 628 1815 699 ἀμφότερα

228 719 309 784 ἒν,
336 738 354 771 ι
390 718 536 773 κατὰ
568 718 666 782 τὰς
705 717 947 790 Γραφὰς,
983 719 1077 771 καὶ
1103 719 1202 788 τῆς
1234 719 1339 771 τῶν
1373 718 1541 787 ἁγίων
1568 720 1814 788 ἀγγέλων

227 809 474 880 πληθύος
515 807 597 879 τῷ
635 809 918 878 συνδέσμῳ
958 808 1055 878 τῆς
1109 808 1330 878 ἀγάπης
1375 809 1701 880 ἀπαρτήσας
1747 810 1816 863 τὰ

225 902 570 974 ἀνθρώπινα.
612 901 809 954 ’ἰστέον
837 901 894 954 δὲ
949 900 1030 954 ὅτι
1060 902 1154 955 καὶ
1183 903 1212 954 ό
1248 903 1518 973 μακάριος
1557 902 1814 974 Ίεζεκιὴλ

224 994 318 1047 τὸν
337 994 582 1064 ἄρχοντα
605 991 782 1062 Τύρου
829 993 1006 1045 πάντα
1031 993 1128 1062 μὲν
1148 991 1329 1064 τίμιον
1350 991 1495 1046 λίθον
1511 993 1813 1048 ἐνδεδύσθαι

228 1086 415 1156 φησίν·
474 1083 872 1156 ἀπαριθμείται
908 1084 965 1137 δὲ
996 1083 1238 1147 τούτους,
1270 1083 1363 1148 οὒς
1395 1085 1488 1138 κειιί⁵
1518 1085 1576 1138 δν
1614 1084 1694 1155 τῷ
1729 1085 1814 1137 λο-

227 1178 332 1248 γίῳ
364 1176 478 1229 τῶν
518 1175 752 1246 κρίσεων
781 1173 1052 1228 τεθεῖσθαι
1089 1191 1254 1245 φησιν
1299 1177 1328 1229 δ
1357 1176 1641 1240 Θεσπέσιος
1685 1178 1813 1230 Μω-

230 1271 350 1339 σῆς.
383 1264 568 1322 *Ησαν
597 1268 653 1321 δὲ
679 1261 848 1331 οῦτοι,
878 1266 1094 1338 σάρδιον
1116 1307 1132 1330 ,
1159 1267 1436 1334 τοπάζιον,
1476 1268 1808 1339 σμάραγδος,

228 1358 469 1430 ἄνθραξ,
500 1357 839 1427 σάπφειρος,
872 1357 965 1410 καὶ
1008 1357 1224 1422 ἰάσπις,
1258 1357 1530 1429 λιγύριον,
1569 1361 1775 1430 ἀχάτης
1795 1399 1808 1424 ,

229 1449 559 1518 ἀμέθυστος,
589 1446 926 1518 χρυσόλιθος,
953 1445 1260 1517 βηρύλλιον,
1281 1447 1513 1517 όνύχιον.
1537 1449 1812 1519 Τετάχατο

229 1542 285 1595 δὲ
304 1540 410 1594 ἀνὰ
427 1542 601 1610 τρεῖς,
627 1541 718 1592 καὶ
744 1541 802 1592 ὲν
829 1539 970 1603 ὅλοις
992 1538 1250 1611 τέσσαρσι
1274 1540 1495 1610 στίχοις,
1518 1539 1578 1593 τὸ
1599 1541 1810 1612 ἑδραῖον

231 1635 286 1686 ὲν
313 1634 500 1686 πίστει
520 1632 629 1686 τῶν
655 1633 712 1684 ὲν
736 1631 933 1704 καρδία
961 1632 1054 1685 καὶ
1079 1633 1264 1704 μνήμῃ
1293 1632 1530 1703 Χριστοῦ
1556 1650 1813 1703 σκιαγρα-

229 1723 438 1795 φούσης
468 1727 602 1796 ἡμῖν
632 1724 981 1795 τῆςοτοιᾶσδε
1011 1724 1230 1788 θέσεως.
1269 1725 1509 1789 Πίστεως
1547 1724 1646 1794 μὲν
1701 1726 1810 1795 γὰρ

227 1817 289 1870 τὸ
316 1818 421 1872 ἀνὰ
447 1819 618 1884 τρεῖς,
648 1818 744 1872 καὶ
769 1817 846 1881 ὡς
873 1818 931 1871 ὲν
957 1817 1144 1888 Τριάδι
1177 1815 1238 1870 σύ
1249 1815 1443 1888 μ6ολον
1461 1833 1473 1845 ·
1527 1817 1807 1889 ἑδραιότη-

226 1926 316 1972 τος
337 1909 396 1962 δὲ
423 1909 486 1962 τὸ
516 1909 590 1972 ὡς
613 1911 670 1962 ὲν
687 1908 1012 1980 τετραγώνῳ
1031 1925 1090 1961 τε
1108 1909 1200 1962 καὶ
1225 1908 1528 1981 ἰσοπλεύρῳ
1548 1910 1805 1979 σχήματι.

228 2000 502 2071 Πεποίητο
547 2001 656 2072 γὰρ
704 2000 847 2054 οὕτω
894 2001 956 2053 τὸ
1003 2000 1202 2070 λόγιον,
1249 2001 1334 2071 ἔφ’
1368 1994 1413 2070 ᾧ
1460 2003 1551 2056 καὶ
1580 2003 1637 2055 αἰ
1671 2001 1808 2056 λίθοι

224 2092 573 2147 δυοκαίδεκα.

301 2361 511 2414 ΠΔΛΛ.
553 2359 843 2431 Πείθομαι.

297 2453 464 2508 ΚΥΡ.
519 2453 630 2506 Καὶ
664 2453 802 2523 πρός
844 2468 906 2520 γε
953 2448 1020 2524 δὴ
1055 2450 1266 2516 τούτοις
1305 2450 1800 2506 συναναπλέκεσθαί

225 2562 277 2598 τι
303 2545 398 2598 καὶ
425 2545 616 2614 ἓτερον
644 2546 765 2607 ταῖς
807 2542 1128 2598 δυοκαίδεκα
1159 2542 1328 2607 λίθοις
1358 2545 1799 2614 προσεπιτάττει,

226 2638 428 2704 λέγων·
469 2655 488 2686 ι
529 2636 640 2688 Καὶ
672 2634 951 2705 ἐπιθήσεις
993 2636 1085 2688 ἐπὶ
1132 2634 1193 2688 τὸ
1222 2635 1400 2703 λόγιον
1433 2637 1530 2707 τῆς
1567 2637 1800 2708 κρίσεως

225 2727 318 2798 τὴν
348 2727 585 2797 δήλωσιν
627 2726 722 2779 καὶ
758 2725 856 2796 τὴν
901 2725 1178 2796 ἀλήθειαν,
1231 2727 1325 2780 καὶ
1371 2727 1522 2780 ἔσται
1566 2727 1658 2781 ἐπὶ
1705 2729 1799 2782 τοῦ

229 2817 458 2888 στήθους
506 2814 756 2886 Ἀαρὼν,
797 2816 925 2869 ὅταν
968 2816 1351 2888 είσπορεύηται
1389 2820 1469 2881 εἰς
1511 2817 1572 2870 τὸ
1610 2819 1800 2888 Ἀγιον

224 2908 401 2962 ἔναντι
442 2907 671 2979 Κυρίου,
710 2908 804 2961 καὶ
831 2907 1051 2960 εἰσοίσει
1095 2907 1303 2978 ’Δαρὼν
1332 2909 1428 2971 τὰς
1458 2909 1668 2980 κρίσεις
1691 2910 1800 2964 τῶν

227 3001 352 3054 υἱῶν
408 3000 626 3071 Ἰσραὴλ
702 3001 794 3054 ἐπὶ
826 2999 920 3053 τοῦ
971 2999 1199 3070 στήθους
1242 3001 1419 3055 ἔναντι
1457 3003 1666 3072 Κυρίου
1711 3001 1798 3057 διὰ

1915 541 2132 610 opinor,
2163 541 2385 600 Christo
2423 545 2749 615 interposito
2788 547 3110 608 mediatore,
3149 546 3365 616 superis
3403 547 3492 600 in-

1916 633 2027 688 fera
2056 650 2177 690 esse
2203 651 2468 691 connexa.
2523 657 2538 688 ι
2572 639 2692 706 Ipse
2729 647 2812 692 est
2836 637 2983 692 enim
3022 654 3125 706 pax
3164 648 3369 701 nostra,
3395 640 3491 708 qui

1913 724 2044 780 fecit
2076 736 2307 796 utraque
2358 746 2550 793 unum,
2591 751 2607 780 ι
2658 738 2720 784 ιιι
2761 728 3060 799 Scriptura:
3093 730 3315 784 tradunt
3341 731 3404 796 ¹⁵,
3433 738 3492 785 et

1913 819 2229 889 angelorum
2257 822 2422 876 coetui
2463 803 2756 877 humanam
2786 805 3038 876 naturam
3066 821 3348 876 eharitatis
3371 822 3492 876 vin-

1913 910 2038 964 culo
2087 911 2351 967 devinxit.
2404 913 2516 968 Nec
2562 913 2924 985 ignorantium
2973 923 3058 968 est
3117 912 3264 982 quod
3324 894 3489 966 etiam

1913 1001 2106 1056 beatus
2135 1004 2398 1072 propheta
2439 1005 2692 1061 Ezechiel
2728 1005 3033 1076 principem
3066 1005 3194 1076 Tyri
3227 1004 3374 1059 omni
3408 1005 3490 1058 la-

1913 1091 2039 1160 pide
2081 1093 2322 1162 pretioso
2363 1094 2617 1150 indutum
2656 1111 2775 1150 esse
2804 1096 2883 1150 ait
2916 1096 2992 1161 ¹⁶;
3037 1095 3198 1166 385
3234 1095 3488 1150 eosdem-

1912 1197 2018 1251 que
2057 1196 2330 1250 numerat,
2360 1202 2499 1257 quos
2528 1189 2720 1242 beatus
2749 1188 2956 1256 Moyses
2979 1187 3032 1241 in
3067 1188 3316 1242 rationali
3337 1187 3486 1256 judi-

1912 1275 2123 1328 ciorum
2149 1277 2355 1346 positos
2379 1293 2499 1333 esse
2529 1279 2681 1333 dicit.
2712 1279 2776 1333 lli
2809 1287 2991 1333 autem
3017 1288 3192 1341 erant,
3219 1279 3484 1342 sardium,

1913 1367 2215 1435 topazium,
2284 1370 2631 1440 smaragdus,
2701 1371 3097 1436 carbunculus,
3163 1372 3483 1441 sapphirus,

1904 1460 2096 1530 jaspis,
2137 1461 2413 1534 ligyrium,
2442 1463 2682 1528 achates,
2711 1465 3068 1535 amethystus,
3095 1463 3485 1534 chrysolithus,

1911 1552 2223 1623 beryllium,
2267 1555 2581 1625 onychium.
2610 1555 2774 1610 Terni
2807 1564 2988 1610 autem
3025 1555 3274 1625 dispositi
3305 1565 3484 1618 erant,

1911 1639 1984 1695 ita
2013 1651 2072 1696 ut
2102 1643 2156 1696 in
2179 1644 2498 1699 universum
2520 1656 2755 1716 quatuor
2775 1647 2998 1701 ordines
3023 1646 3326 1714 eﬂice‘rent;
3365 1663 3486 1718 quae

1910 1733 2214 1801 dispositio,
2242 1750 2455 1801 eorum,
2498 1737 2591 1806 qui
2629 1737 2683 1790 in
2707 1737 2910 1792 Christi
2937 1737 3103 1792 corde
3135 1753 3198 1791 ac
3222 1739 3485 1793 memoria

1842 1793 1879 1847 Β
1911 1793 2211 1888 habentur,
2243 1824 2370 1880 ﬁdei
2420 1793 2734 1882 firmitatem
2783 1830 2942 1884 nobis
2986 1830 3296 1884 adumbrat.
3348 1831 3482 1885 Nam

1910 1913 2036 1970 ﬁdei
2063 1917 2275 1986 signum
2301 1925 2404 1982 est,
2437 1919 2580 1988 quod
2609 1921 2748 1974 terni
2778 1930 2832 1974 et
2857 1930 3110 1991 tanquam
3137 1923 3193 1977 in
3218 1923 3484 1978 Trinitate

1909 2005 2157 2076 dispositi
2185 2017 2340 2074 sunt;
2369 2008 2644 2064 ﬁrmitatis
2669 2018 2872 2075 autem,
2899 2012 3043 2080 quod
3069 2029 3131 2066 ea
3155 2012 3324 2084 ﬁgura
3350 2030 3483 2068 con-

1905 2096 2145 2160 formati,
2186 2114 2306 2167 qute
2347 2099 2612 2168 quadrata
2656 2109 2800 2155 esset
2867 2109 2924 2155 et
2963 2103 3190 2171 paribus
3240 2105 3483 2173 undique

1904 2187 2190 2244 lateribus.
2221 2191 2311 2246 Sic
2338 2192 2484 2245 enim
2514 2192 2781 2248 rationale
2819 2194 3076 2250 eﬂ‘ectum
3113 2205 3252 2264 erat,
3283 2199 3340 2253 in
3372 2215 3485 2270 quo.

1903 2291 2061 2337 erant
2087 2298 2314 2352 gemma:
2346 2283 2450 2338 illae
2473 2284 2764 2339 duodecim
2793 2286 3088 2342 collocatae.

1935 2393 1940 2397 '
1975 2373 2170 2428 PALL.
2198 2375 2503 2429 Assentior.

1973 2464 2129 2520 CYR.
2159 2466 2429 2520 Praeterea
2467 2466 2614 2521 aliud
2655 2465 2929 2536 quoddam
2974 2479 3358 2524 ornamentum
3395 2469 3480 2525 his

1903 2555 2193 2636 duodecim
2227 2558 2458 2627 gemmis
2497 2560 2717 2613 annecti
2768 2560 3035 2630 praecipit,
3073 2561 3264 2616 dicens
3303 2579 3316 2614 :
3362 2581 3379 2614 ι
3413 2562 3483 2616 Et

1903 2649 2149 2719 imponcs
2179 2664 2343 2719 super
2384 2650 2648 2705 rationale
2677 2651 2870 2721 judicii
2897 2650 3391 2705 manifestationem
3423 2663 3482 2705 et

1900 2738 2209 2803 veritatem,
2229 2746 2284 2793 et
2303 2737 2411 2794 erit
2436 2754 2598 2808 supra
2620 2749 2812 2809 pectus
2829 2740 3032 2806 Aaron,
3055 2756 3178 2794 cum
3210 2741 3483 2812 ingredie-

1902 2838 1992 2884 tur
2015 2830 2070 2884 in
2094 2829 2354 2884 Sanctum
2385 2845 2568 2884 coram
2594 2831 2847 2896 Domino,
2866 2839 2922 2886 et
2962 2830 3158 2885 inferet
3177 2830 3379 2894 Aaron,
3394 2832 3482 2901 ju-

1899 2919 2044 2978 dicia
2082 2920 2319 2976 ﬁliorum
2357 2922 2524 2976 Israel
2565 2922 2622 2976 in
2673 2931 2896 2992 pectore
2943 2937 3128 2978 coram
3154 2922 3385 2977 Domino
3422 2923 3478 2976 in

1898 3022 2228 3083 perpetuum
2259 3014 2322 3069 ¹⁷.
2348 3032 2367 3066 ι
2401 3013 2894 3068 Manifestationem
2921 3014 3088 3083 igitur
3107 3029 3170 3080 ac
3191 3015 3479 3068 veritatem

223 3093 444 3155 παντός.
485 3111 504 3144 ι
552 3092 794 3162 Δήλωσιν
843 3093 940 3162 μὲν
970 3088 1062 3146 οὖν
1095 3093 1348 3163 ὀνομάζει
1387 3093 1482 3146 καὶ
1509 3093 1793 3166 ἀλήθειαν,

1901 3105 2154 3173 appellat,
2177 3119 2288 3157 non
2321 3110 2503 3158 tamen
2528 3112 2714 3172 aperte
2748 3103 3010 3157 indicavit
3040 3111 3225 3156 utrum
3271 3105 3485 3173 lapides

223 3181 282 3232 οὐ
333 3179 442 3250 μὴν
495 3179 574 3233 ἔτι
625 3179 718 3233 καὶ
757 3179 1159 3252 διαμεμήνυκεν
1201 3181 1444 3252 ἐναργῶς
1497 3183 1702 3254 πότερα
1733 3183 1797 3256 δὴ

223 3271 434 3335 λίθους,
481 3271 514 3343 ἢ
552 3271 628 3336 ὡς
674 3274 733 3326 ὲν
784 3272 962 3344 μικρῷ
1010 3273 1240 3344 πινακίῳ
1287 3275 1506 3346 γραφὴν
1546 3275 1798 3344 γενέσθαι

222 3364 613 3434 προστέταχεν.
666 3365 1032 3436 Μεμνήσομαι
1076 3367 1133 3419 δὲ
1185 3368 1464 3436 προφήτου
1513 3366 1795 3434 λέγοντος,

226 3470 244 3503 ι
287 3455 433 3508 Διότι
470 3454 685 3525 ἡμέρας
717 3456 916 3520 πολλὰς
948 3456 1276 3528 καθήσονται
1309 3460 1357 3514 οἰ
1397 3457 1503 3510 υἰοὶ
1559 3457 1794 3528 Ἰσραὴλ,

220 3548 318 3602 οὐκ
340 3548 494 3612 δντος
525 3547 810 3618 βασιλέως,
831 3549 952 3601 οὐδὲ
977 3549 1255 3620 ἄρχοντος,
1281 3550 1380 3602 οὐκ
1397 3547 1562 3620 οὔσης
1584 3549 1795 3614 θυσίας,

220 3640 338 3695 οὐδὲ
380 3641 538 3704 ὄντος
580 3641 992 3713 θυσιαστηρίου,
1025 3640 1148 3694 οὔτε
1191 3642 1481 3714 ἱερατείας,
1531 3640 1655 3695 οὔτε
1708 3641 1798 3713 δήί

225 3733 348 3789 λων.
394 3753 414 3785 ι
461 3733 598 3786 Ἀλλ’
642 3733 741 3787 εἴτ’
769 3729 861 3788 οὖν
896 3729 1004 3787 εἷεν
1037 3734 1131 3787 καὶ
1173 3732 1346 3787 ταῦτα
1387 3734 1546 3799 λίθοι,
1575 3735 1673 3788 εἴτ’
1705 3731 1798 3789 οὖν

224 3824 295 3886 ὡς
312 3826 370 3878 ὲν
394 3824 584 3878 πίνακι
614 3827 788 3896 χρυσῇ
809 3825 916 3878 τῶν
933 3825 1213 3895 ὀνομάτων
1241 3829 1451 3897 γραφῇ,
1480 3828 1798 3898 πολυπραγ-

225 3919 444 3988 μονήσει
481 3917 580 3986 μὲν
611 3919 672 3970 οὐ
705 3917 824 3970 λίαν
855 3917 884 3968 ὁ
915 3917 1071 3986 λόγος
1090 3956 1107 3982 ,
1138 3917 1461 3989 γνωσόμεθα
1501 3918 1558 3972 δὲ
1584 3921 1663 3983 είς
1697 3919 1794 3973 τύ·

221 4025 318 4061 πον
342 4007 488 4062 αὐτὰ
511 4007 804 4075 τεθεῖσθαι,
834 4008 1070 4080 Χριστοῦ
1107 4010 1352 4074 συνόντος
1379 4011 1570 4080 ἁγίοις.
1601 4029 1619 4062 ι
1665 4012 1794 4066 Ἰδοὺ

221 4099 355 4170 γὰρ,
390 4100 529 4170 φησὶ
551 4141 566 4165 ,
607 4101 724 4172 μεθ’
755 4101 908 4172 ὑμῶν
940 4105 1055 4174 εἰμι
1087 4103 1266 4166 πάσας
1295 4105 1393 4167 τὰς
1425 4105 1668 4176 ἡμέρας,
1702 4106 1796 4160 καὶ

220 4190 321 4255 ἕως
355 4191 668 4256 συντελείας
698 4192 792 4246 τοῦ
824 4192 1041 4256 αἰῶνος.
1078 4212 1096 4244 ι
1139 4195 1390 4266 Ἀλήθεια
1421 4195 1478 4250 δὲ
1504 4197 1596 4250 καὶ
1622 4197 1796 4268 δήλω-

221 4299 302 4348 σις
350 4284 380 4336 ὁ
411 4284 666 4354 Χριστός.
705 4286 990 4356 Ἔγνωμεν
1027 4285 1136 4358 γὰρ
1164 4287 1221 4339 ὲν
1259 4287 1407 4358 αὐτῷ
1430 4288 1521 4343 τὸν
1552 4289 1792 4359 Πατέρα,

221 4375 312 4430 καὶ
338 4376 643 4448 δεδήλωκεν
665 4378 794 4447 ἡμῖν
828 4378 890 4431 τὸ
923 4378 1126 4447 ἀγαθὸν
1167 4379 1332 4433 αὐτοῦ
1367 4379 1578 4449 θέλημα
1613 4381 1674 4434 τὸ
1709 4381 1794 4434 τέ-

219 4468 358 4523 λειον
381 4468 479 4522 καὶ
503 4468 819 4539 εὐάρεστον,
845 4470 984 4522 κατά
1007 4468 1104 4532 τὰς
1131 4469 1372 4540 Γραφὰς.
1395 4469 1537 4540 Ἔφη
1559 4469 1668 4542 γάρ
1690 4487 1793 4524 που

1900 4473 2368 4542 beneplacentem,
2399 4470 2552 4540 juxta
2584 4467 2895 4537 Scripturas
2917 4468 3000 4520 ’σε
3030 4467 3108 4520 ait
3127 4466 3272 4520 enim
3313 4464 3474 4548 Chri—
3585 4539 3592 4548 .

216 4560 450 4630 Χριστός
473 4577 487 4591 ο
547 4579 568 4610 ι
596 4559 792 4616 Οὐκέτι
820 4559 964 4628 λέγω
995 4561 1139 4630 ὑμᾶς
1167 4560 1382 4623 δούλους
1407 4599 1422 4624 ,
1471 4561 1626 4630 ὑμεῖς
1651 4559 1792 4628 φίλοι

219 4651 318 4721 μού
350 4653 498 4718 ἐστε,
533 4651 616 4705 ὅτι
643 4653 822 4706 πάντα
855 4652 892 4707 ἃ
921 4653 1130 4722 ἥκουσα
1161 4654 1308 4724 παρὰ
1334 4652 1426 4706 τοῦ
1448 4651 1662 4723 Πατρός
1693 4668 1792 4722 μου

215 4742 528 4812 ἀπήγγειλα
573 4743 721 4813 ὑμῖν.
761 4762 780 4795 ι
828 4743 1082 4815 Ἀλήθεια
1111 4744 1168 4796 δὲ
1207 4745 1302 4797 καὶ
1335 4744 1536 4814 ἑτέρως
1589 4743 1795 4814 Ἐμμα-

215 4834 395 4905 νουὴλ,
431 4834 514 4888 δτι
544 4833 706 4905 μόνος
734 4834 896 4898 αὐτὸς
932 4833 1075 4888 κατὰ
1101 4833 1260 4904 φύσιν
1293 4833 1440 4900 Υἱὸς,
1480 4835 1573 4888 καὶ
1614 4835 1690 4896 ὡς
1727 4836 1793 4889 ὲκ

216 4923 348 4978 Θεοῦ
379 4923 536 4988 Θεὸς,
563 4925 722 4994 μόνος
759 4927 945 4994 ἅγιος,
976 4926 1136 4995 μόνος
1163 4925 1387 4996 Κύριος·
1444 4926 1718 4997 μεθεκτῶς
1733 4928 1790 4982 δὲ

215 5018 248 5087 ἡ
287 5018 505 5081 κτίσις,
545 5019 642 5072 καὶ
678 5019 820 5072 κατὰ
867 5019 1126 5090 μίμησιν,
1161 5019 1260 5072 ὅσα
1307 5019 1401 5073 καὶ
1444 5020 1606 5075 αὐτὸς
1652 5016 1791 5074 εἶναι

215 5111 436 5162 νοεῖται.
466 5109 693 5163 Σόνεστι
716 5109 780 5180 δὴ
808 5105 901 5163 οῦν
927 5114 1041 5174 τοῖς
1065 5111 1240 5179 ἁγίοις
1264 5110 1339 5175 ὠς
1365 5112 1422 5165 ὲν
1445 5111 1589 5182 δήλῳ
1612 5129 1669 5165 τε
1699 5113 1792 5166 καὶ

216 5198 442 5270 ἀληθείᾳ
469 5199 757 5270 νοούμενος
781 5203 811 5254 ὁ
836 5200 1089 5271 Χριστὸς,
1120 5201 1178 5264 ὃς
1200 5204 1295 5254 καί⁸
1319 5203 1375 5255 ὲν
1401 5201 1679 5273 προσώπῳ
1698 5201 1791 5255 τοῦ

218 5291 424 5363 [ἰατρὸς
457 5292 704 5364 εἰσφέρει
730 5291 799 5345 τὰ
843 5293 965 5346 καθ’
997 5294 1168 5364 ἡμᾶς,
1202 5293 1433 5347 πάντοτε
1469 5293 1578 5357 ζῶν
1610 5295 1688 5357 εἰς
1731 5295 1793 5347 τὸ

217 5383 562 5454 ἐντυγχάνειν
593 5384 734 5452 ὑπὲρ
770 5384 947 5454 ἡμῶν.
980 5384 1150 5436 Τοῦτο
1183 5383 1324 5456 γὰρ,
1345 5381 1516 5454 οἶμαι,
1549 5383 1677 5438 ἐστι’
1703 5384 1783 5452 τὸ,

217 5475 321 5529 Καὶ
349 5476 578 5529 εἰσοίσει
629 5475 840 5547 Ἀαρὼν
881 5475 982 5539 τὰς
1007 5475 1218 5546 κρίσεις
1262 5474 1370 5528 τῶν
1403 5475 1532 5528 υἰῶν
1574 5475 1787 5548 Ἰσραὴλ

1896 3194 2123 3258 fuerint,
2149 3210 2218 3249 an
2242 3195 2394 3249 velut
2427 3195 2482 3248 in
2505 3209 2671 3264 parva
2694 3194 2892 3248 tabella
2915 3209 3034 3248 eam
3061 3193 3478 3264 inscriptionem

1899 3286 2017 3340 ﬁeri
2058 3287 2306 3358 jusserit.
2370 3286 2593 3341 Memini
2662 3285 2826 3340 etiam
2879 3287 3160 3355 prophetae
3200 3289 3478 3343 dicentis:

1905 3397 1923 3429 ι
1947 3377 2085 3444 Quia
2108 3377 2226 3432 dies
2265 3377 2470 3432 multos
2513 3376 2786 3431 sedebunt
2835 3376 2931 3429 lilii
2980 3376 3146 3432 Israel
3179 3378 3295 3432 sine
3325 3395 3474 3449 rege,

1898 3469 2013 3524 sine
2038 3469 2305 3539 principe,
2331 3469 2448 3523 sine
2482 3466 2769 3534 sacriﬁcio,
2803 3475 2862 3522 et
2888 3468 3007 3523 sine
3047 3469 3226 3534 altari,
3269 3477 3326 3524 et
3357 3470 3476 3525 sine

1895 3559 2225 3622 sacerdotio,
2258 3567 2314 3614 et
2348 3558 2466 3613 sine
2505 3558 3038 3613 manifestationibus
3062 3560 3124 3614 ¹⁸.
3158 3579 3175 3610 ι
3218 3559 3323 3614 Sed
3357 3561 3474 3616 sive

1895 3649 2107 3720 lapides
2131 3651 2209 3704 illi
2231 3649 2456 3715 fuerint,
2502 3649 2616 3704 sive
2640 3656 2901 3718 tanquam
2923 3649 2979 3702 in
3005 3665 3171 3704 aurea
3191 3651 3390 3706 tabella
3409 3667 3476 3706 ea

1896 3742 2118 3798 nomina
2143 3743 2418 3812 descripta
2456 3740 2686 3806 fuerint,
2715 3740 2770 3795 id
2814 3755 2945 3796 vero
2983 3757 3091 3797 non
3118 3743 3348 3796 nimium
3373 3759 3474 3797 cu-

1895 3834 2039 3889 riose
2063 3833 2556 3904 pervestigabimus
2591 3850 2603 3886 :
2642 3839 2854 3888 tantum
2888 3833 3031 3888 scire
3077 3833 3210 3887 satis
3241 3835 3348 3888 erit
3410 3849 3475 3888 ea

1895 3926 1956 3980 in
1989 3926 2214 3996 ﬁguram
2240 3925 2444 3982 Christi
2469 3940 2589 3980 esse
2620 3924 2823 3995 posita,
2856 3925 2950 3994 qui
2974 3941 3081 3980 una
3123 3941 3246 3980 cum
3272 3925 3477 3980 sanctis

1896 4017 2214 4071 hominibus
2233 4024 2514 4071 versatur:
2547 4034 2564 4066 ‹
2589 4015 2732 4070 Ecce
2772 4014 2939 4078 enim,
2965 4014 3163 4084 inquit,
3189 4015 3474 4070 vobiscum

1893 4123 2017 4164 sum
2037 4108 2291 4162 omnibus
2323 4106 2536 4169 diebus,
2559 4113 2614 4159 et
2645 4121 2818 4174 usque
2850 4104 2917 4158 ad
2943 4104 3474 4168 consummationem

1894 4199 2198 4254 saeuli‘h
2235 4197 2451 4252 Veritas
2498 4204 2681 4249 autem
2721 4210 2785 4249 ac
2816 4193 3182 4248 manifestatio
3221 4193 3472 4249 Christus

1893 4297 2012 4355 est;
2044 4289 2100 4343 in
2125 4302 2192 4341 eo
2219 4287 2366 4343 enim
2400 4287 2617 4341 Patrem
2654 4283 3034 4355 cognovimus,
3065 4292 3122 4337 et
3151 4283 3469 4338 manifesta-

1893 4381 1974 4436 vit
1992 4380 2152 4435 nobis
2175 4378 2375 4433 bonam
2407 4377 2579 4447 ipsius
2608 4376 2966 4437 voluntatem,
3001 4383 3056 4429 et
3087 4373 3382 4443 perfectam
3415 4381 3471 4427 et

1889 4570 2008 4612 stus
2042 4573 2056 4610 :
2088 4575 2112 4628 _(
2144 4555 2262 4610 lam
2294 4568 2404 4608 non
2435 4552 2613 4608 dicam
2633 4566 2731 4605 vos
2764 4565 2974 4614 servos,
3013 4563 3111 4603 vos
3147 4548 3308 4602 amici
3358 4547 3468 4602 mei

1888 4648 2022 4704 estis
2044 4690 2057 4714 ,
2082 4646 2212 4717 quia
2235 4645 2440 4709 omnia,
2475 4658 2596 4712 qua;
2617 4640 2802 4697 audivi
2823 4656 2855 4696 a
2883 4641 3044 4696 Patre
3075 4653 3219 4703 meo,
3249 4654 3465 4692 annun-

1889 4743 2020 4799 tiavi
2042 4741 2200 4798 vobis
2226 4742 2325 4802 ".i
2359 4738 2576 4794 Veritas
2595 4745 2680 4793 est
2693 4737 2856 4792 etiam
2877 4737 2980 4791 alia
2998 4735 3208 4790 ratione
3222 4733 3312 4788 ille
3339 4733 3467 4788 Em-

1890 4831 2126 4887 manuel:
2145 4829 2271 4900 quia
2290 4828 2439 4883 solus
2459 4828 2573 4897 ipse
2588 4834 2674 4881 est
2699 4825 2997 4880 secundum
3024 4830 3278 4878 naturam
3297 4822 3466 4878 Filius

1887 4932 1944 4981 et
1956 4924 2172 4979 utDeus
2185 4938 2254 4977 ex
2265 4921 2398 4986 Deo,
2413 4919 2561 4975 solus
2576 4918 2826 4983 Sanctus,
2847 4917 2994 4972 solus
3005 4915 3288 4981 Dominus;
3303 4922 3359 4969 at
3368 4928 3466 4969 ve-

1887 5032 1952 5071 ro
1974 5025 2223 5071 creatura
2241 5029 2339 5084 per
2351 5011 2825 5083 participationem
2847 5017 3008 5078 atque
3029 5006 3393 5061 imitationem
3410 5005 3468 5062 id

1887 5118 1992 5173 est,
2011 5107 2378 5178 quodcunque
2396 5106 2486 5161 ille
2502 5101 2976 5172 esseiutelligitur.
2997 5099 3160 5170 386
3174 5097 3343 5154 Adest
3360 5099 3468 5153 ita-

1889 5217 1995 5271 que
2031 5199 2285 5256 Christus
2329 5212 2452 5252 cum
2487 5193 2690 5250 sanctis
2716 5191 2851 5247 viris
2883 5205 3144 5261 praesens,
3186 5204 3311 5243 cum
3349 5196 3467 5242 tan-

1890 5308 2055 5362 quam
2108 5291 2166 5344 in
2210 5287 2646 5344 manifestatione
2706 5299 2770 5338 ac
2831 5282 3064 5338 veritate
3117 5279 3464 5348 intelligitur,

1894 5384 2148 5454 idemque
2180 5395 2400 5436 causam
2440 5384 2684 5432 nostram
2717 5375 2772 5429 in
2805 5379 3159 5443 conspectum
3182 5368 3357 5424 Patris
3379 5384 3466 5421 re—

1893 5476 2018 5541 fert,
2051 5488 2266 5542 semper
2297 5471 2486 5525 vivens
2510 5468 2580 5523 ad
2599 5466 3052 5537 interpellandum
3077 5477 3175 5533 pro
3197 5459 3357 5516 nobis
3375 5460 3419 5491 "
3446 5477 3459 5513 :

277 5686 320 5756 ξ’
348 5685 558 5756 Ephes.
586 5698 646 5756 ιι,
675 5683 762 5756 Id.
803 5684 880 5756 ﬁ"
905 5682 1105 5738 Ezech.
1148 5698 1344 5756 {xv-nt,
1374 5683 1473 5756 I_5._
1552 5683 1592 5714 "
1616 5681 1788 5756 Exod.

1900 5697 2013 5745 ml,
2059 5679 2160 5744 29,
2201 5676 2288 5734 '50.
2367 5676 2410 5708 "
2453 5675 2580 5733 Ose.
2619 5689 2698 5739 ιιι,
2739 5675 2791 5728 4.
2869 5675 2912 5707 ¹⁹
2935 5671 3126 5728 Matth.
3157 5666 3460 5734 xxvmﬂo.

212 5749 430 5812 "Rom:
469 5769 569 5820 xu,
593 5752 647 5807 2.
724 5754 764 5784 ²¹
797 5749 951 5809 Joan.
995 5769 1102 5819 xvi,
1140 5752 1226 5808 15.
1306 5755 1348 5785 ²¹
1379 5753 1545 5806 Hebr.
1575 5769 1668 5818 vn,
1691 5753 1781 5808 25.
