3962 6296
501 305 608 362 745

1539 301 1595 357 S.
1636 300 1915 358 CYRILLI
1954 304 2429 361 ALEXANDRINI
2468 304 2786 362 ARCIIIEP.

3681 310 3779 367 7M

497 421 555 478 id
592 423 744 479 enim
772 431 882 489 est,
918 432 982 479 ut
1009 422 1230 493 Opinor,
1275 421 1433 484 illud,
1471 422 1540 476 Et
1565 422 1765 479 inferet
1791 435 1972 479 Aaron
2011 427 2090 496 ju-

2201 426 2384 481 ἔναντι
2450 428 2654 499 Κυρίου
2718 425 2810 479 ἐπὶ
2837 424 2932 478 τοῦ
2981 425 3211 496 στήθους
3276 426 3439 481 αὑτοῦ
3494 425 3586 481 διὰ
3651 446 3778 483 παν-

498 514 642 570 dicia
685 515 927 569 liliorum
965 515 1132 570 Israel
1170 529 1354 573 coram
1394 514 1627 569 Domino
1656 514 1712 569 in
1749 526 1971 585 pectore
1995 532 2095 572 suo

498 605 552 661 in
589 617 944 677 perpetuum.

572 700 771 755 PALL.
810 701 890 754 Ita
920 709 1027 755 est.

572 792 728 845 CYB.
770 792 990 847 Vestem
1017 790 1202 846 adhuc
1235 790 1526 861 quamdam
1553 805 1762 844 sacram
1813 798 1869 844 et
1919 789 2095 844 admi-

499 886 731 942 rabilem
755 886 872 942 fieri
888 888 1066 957 jubet,
1088 887 1310 947 dicens:
1349 906 1364 937 ι
1394 886 1460 939 Et
1483 885 1653 941 facies
1682 884 1923 939 tunicam
1955 884 2095 938 tala-

500 993 638 1042 rem,
676 987 848 1033 totam
888 979 1335 1050 hyacinthiuam;
1368 988 1424 1032 et
1451 979 1559 1032 erit
1588 978 1853 1047 capitium
1881 993 1949 1031 ex
1979 977 2096 1047 ipsa

500 1070 767 1135 medium,
795 1086 951 1126 oram
984 1072 1196 1127 habens
1218 1071 1272 1125 in
1298 1070 1537 1125 circuitu
1573 1070 1781 1140 capitii,
1815 1085 1954 1139 opus
1981 1078 2097 1124 tex-

498 1162 657 1226 toris,
684 1158 1101 1218 commissuram
1119 1172 1431 1217 contextam
1448 1179 1516 1217 ex
1534 1162 1670 1231 ipsa,
1689 1176 1757 1215 ne
1783 1170 2091 1230 rumpatur.

498 1253 569 1309 Et
597 1254 767 1308 facies
793 1254 860 1307 ad
891 1262 1200 1309 extremum
1255 1255 1458 1309 tunica:
1490 1254 1771 1319 deorsum,
1806 1252 1960 1323 quasi
1992 1251 2094 1307 ﬂo-

500 1346 680 1401 rentis
715 1347 846 1401 mali
878 1346 1067 1416 punici
1105 1347 1480 1417 malogranata
1513 1362 1580 1400 cx
1620 1345 1936 1416 hyacintho,
1961 1360 2094 1414 pur-

495 1453 659 1507 pura,
693 1448 750 1494 et
780 1439 1007 1494 coccino
1042 1449 1190 1504 ueto,
1224 1448 1281 1493 et
1304 1440 1466 1511 bysso
1497 1448 1641 1493 torta
1661 1439 1717 1492 in
1751 1438 2094 1494 extremitate

499 1530 700 1585 tunicae
746 1531 803 1585 in
836 1531 1098 1586 circuitu.
1151 1533 1354 1587 Eadem
1387 1532 1599 1602 species
1626 1532 1731 1586 erit
1754 1532 2093 1602 malograna-

501 1616 604 1672 tis:
624 1628 681 1674 et
714 1621 1084 1676 tintinnabula
1112 1637 1280 1679 aurea
1305 1624 1374 1678 iis
1394 1623 1715 1693 interposita
1743 1624 1798 1676 in
1825 1622 2091 1689 circuitu;

498 1719 624 1779 post
648 1713 863 1783 singula
880 1715 1252 1785 malogranata
1273 1716 1708 1770 tintinnabulum
1733 1727 1790 1770 et
1811 1715 2089 1780 ﬂoridum,

499 1804 606 1857 sub
628 1807 981 1861 extremitate
1032 1807 1237 1862 tunica:
1268 1807 1323 1861 in
1361 1807 1619 1861 circuitu.
1667 1807 1736 1860 Et
1763 1808 1873 1861 erit
1910 1808 2094 1862 Aaron

498 1896 632 1951 dum
683 1896 930 1968 fungitur
970 1897 1303 1963 sacerdotio,
1348 1897 1605 1956 audietur
1638 1914 1744 1953 vox
1773 1899 1913 1969 ejus,
1963 1900 2094 1955 dum

498 1988 814 2058 ingreditur
838 1990 893 2044 in
920 1989 1182 2044 Sanctum
1213 2005 1399 2045 coram
1419 1991 1674 2056 Domino,
1697 1999 1754 2046 et
1773 1991 1904 2046 dum
1933 2007 2095 2063 egre-

496 2082 670 2146 ditur,
716 2097 787 2136 ne
839 2083 1111 2137 moriatur
1147 2084 1212 2136 ²³.
1262 2103 1281 2135 ι
1327 2082 1666 2139 Subuculam
1713 2083 1880 2155 igitur
1915 2100 1979 2139 ac
2017 2093 2097 2139 ta-

464 2222 468 2227 .
496 2172 670 2228 larem
705 2182 936 2239 vestem,
960 2176 1205 2231 tunicam
1247 2176 1489 2248 longam,
1534 2185 1593 2232 et
1618 2177 1687 2232 ad
1722 2177 2094 2234 amiciendum

493 2272 700 2335 aptam,
748 2276 807 2321 et
847 2283 880 2321 a
926 2269 1068 2323 collo
1109 2269 1229 2340 ipso
1271 2270 1341 2325 ad
1389 2279 1671 2325 extremos
1723 2285 1899 2340 usque
1924 2271 2096 2341 pedes

494 2359 863 2426 pertinentem
909 2362 1203 2431 perspicue
1237 2362 1512 2432 appellat;
1554 2376 1623 2416 ex
1660 2362 1957 2434 hyacintho
1990 2380 2093 2419 au--

498 2458 634 2514 tem,
663 2451 793 2520 quia
820 2465 1074 2520 supernae
1100 2451 1249 2506 illius
1273 2451 1707 2521 incorruptionis
1738 2461 1822 2506 est
1854 2452 2093 2523 signum,

495 2557 695 2611 nempe
724 2541 953 2597 Christi.
1018 2544 1304 2614 Ejusmodi
1348 2544 1631 2614 quidpiam
1656 2545 1850 2600 beatus
1874 2560 2094 2614 quoque

496 2632 669 2686 David
693 2632 964 2702 praecinit,
1014 2647 1142 2688 cum
1187 2649 1257 2689 ex
1301 2650 1537 2705 persona
1570 2635 1667 2689 Dei
1695 2635 1763 2690 de
1794 2636 1884 2700 iis,
1912 2636 2008 2706 qui
2035 2636 2094 2690 in

495 2724 746 2779 ecclesiis
778 2725 1109 2779 sacerdotali
1137 2741 1369 2781 munere
1391 2726 1700 2796 funguntur
1732 2727 1871 2782 dixit
1900 2746 1913 2779 :
1944 2747 1963 2779 ι
1991 2728 2092 2782 Sa-

496 2814 752 2868 cerdotes
784 2816 906 2885 ejus
957 2816 1186 2871 induam
1236 2818 1467 2872 salutari
1499 2819 1563 2872 “.
1591 2838 1610 2868 ι
1656 2818 1891 2874 Induere
1927 2820 2093 2875 etiam

496 2905 794 2960 Dominum
849 2907 1037 2962 Jesum
1096 2907 1421 2974 Christum,
1485 2910 1706 2979 sapiens
1756 2910 1843 2964 vir
1898 2910 2093 2967 beatus

497 2999 701 3053 Paulus
732 2998 893 3054 nobis
922 3000 978 3054 in
1010 3000 1243 3070 epistola
1282 3000 1546 3070 praecepit
1580 3002 1626 3032 ’⁸
1664 3018 1677 3053 :
1711 3001 1927 3071 hocque
1955 3002 2092 3058 illud

2197 520 2311 582 τός.

2271 695 2480 749 ΠΑΛΛ.
2523 695 2767 767 Ἀληθές.

2268 788 2435 844 ΚΥΡ.
2483 788 2831 861 ἰεροπρεπές
2868 789 2926 842 δέ
2966 807 3019 844 τι
3069 791 3161 844 καὶ
3202 788 3534 859 ἀξιάγαστον
3581 790 3781 863 άμφιον

2199 882 2707 946 κατασκευάζεσθαι
2748 884 2859 938 δεῖν
2896 884 3177 937 ἐπιτάττει
3209 884 3418 953 λέγων’
3457 905 3475 935 ι
3522 886 3636 939 Καὶ
3665 904 3781 940 ποι-

2199 975 2351 1043 ήσεις
2386 973 2656 1045 ὑποδύτην
2682 976 2915 1048 ποδήρη,
2934 976 3054 1029 ὅλον
3084 976 3412 1040 ὑακίνθινον,
3435 977 3529 1031 καὶ
3552 976 3702 1031 ἔσται
3722 978 3781 1031 τὸ

2198 1066 2551 1138 περιστόμιον
2587 1067 2646 1133 ἐξ
2683 1068 2848 1122 αὑτοῦ
2893 1069 3092 1139 μέσον,
3143 1067 3255 1121 {inv
3285 1068 3423 1140 ἔχων
3460 1069 3648 1141 κύκλῳ
3687 1066 3780 1124 τοῦ

2199 1160 2552 1230 περιστομίον
2573 1200 2587 1226 ,
2623 1160 2784 1231 ἔργον
2813 1162 3049 1230 ὑφάντου
3067 1205 3080 1225 ,
3110 1161 3208 1232 τὴν
3241 1162 3513 1233 συμϐολὴν
3541 1180 3777 1233 συνυφα-

2200 1248 2406 1316 σμένην
2447 1247 2506 1311 ἐξ
2537 1247 2735 1315 αὑτοῦ,
2780 1250 2867 1302 ἵνα
2911 1250 2985 1320 μὴ
3041 1254 3205 1322 ῥαγῇ.
3246 1252 3355 1304 Καὶ
3398 1254 3646 1321 ποιήσεις
3677 1254 3779 1307 ὑπὸ

2196 1337 2258 1390 τὸ
2296 1337 2456 1407 λῶμα
2501 1340 2596 1391 τοῦ
2642 1340 2906 1395 ὑποδύτου
2948 1342 3229 1405 κάτωθεν,
3270 1344 3405 1396 ὡσεὶ
3451 1344 3777 1416 ἐξανθούσης

2199 1430 2329 1500 ῥόας
2366 1431 2616 1501 ῥοΐσκους
2640 1431 2698 1498 ἐξ
2722 1432 3001 1498 ὑακίνθου,
3040 1436 3135 1488 καὶ
3168 1434 3491 1506 πορφύρας,
3524 1436 3619 1489 καὶ
3652 1454 3779 1491 κοκ-

2198 1521 2349 1574 κίνου
2380 1522 2825 1591 διανενησμένου.
2862 1525 2956 1576 καὶ
2995 1522 3195 1593 βύσσου
3225 1525 3647 1597 κεκλωσμένης,
3677 1526 3777 1581 ὑπὸ

2195 1611 2290 1664 τοῦ
2318 1611 2567 1681 λώματος
2592 1613 2684 1665 τοῦ
2711 1614 2979 1669 ὑποδύτου
3009 1616 3215 1688 κύκλῳ.
3242 1617 3315 1669 Τὸ
3342 1619 3473 1672 αὑτὸ
3502 1614 3641 1683 εἶδος
3670 1620 3778 1683 τοῖς

2200 1705 2463 1775 ῥοΐσκοις,
2511 1707 2605 1759 καὶ
2662 1704 2917 1771 κώδωνας
2969 1708 3205 1779 χρυσοῦς
3253 1709 3531 1782 ἀναμέσον
3575 1711 3779 1765 τούτων

2127 1777 2169 1835 Β
2200 1798 2517 1870 περικύκλῳ
2585 1801 2737 1871 παρὰ
2794 1802 3013 1871 ῥοΐσκον
3062 1802 3297 1872 χρυσοῦν
3355 1803 3580 1860 κώδωνα
3614 1846 3629 1872 ,
3687 1805 3778 1858 καὶ

2198 1889 2411 1944 ἄνθινον
2447 1892 2541 1945 ἐπὶ
2570 1892 2664 1947 τοῦ
2704 1892 2958 1964 λώματος
2996 1889 3091 1948 τοῦ
3135 1895 3397 1950 ὑποδύτου
3429 1896 3632 1967 κύκλῳ.
3672 1898 3780 1952 Καὶ

2197 1980 2350 2035 ἔσται
2392 1981 2605 2054 Ἀαρὼν
2631 1985 2690 2037 ἐν
2722 1984 2799 2054 τῷ
2819 1984 3154 2055 λειτουργεῖν
3174 1987 3413 2058 άκουστὴ
3445 1988 3477 2058 ἡ
3504 1988 3660 2059 φωνὴ
3687 1989 3779 2043 αὑ-

2195 2071 2313 2137 τοῦ,
2334 2075 2554 2127 εἰσιόντι
2579 2078 2657 2141 εἰς
2683 2075 2942 2145 τδ”Αγιον
2973 2076 3151 2131 ἔναντι
3180 2078 3407 2149 Κυρίου,
3438 2080 3532 2132 καὶ
3558 2079 3775 2145 ἐξιόντι,

2198 2164 2284 2218 ἵνα
2321 2164 2397 2238 μὴ
2425 2167 2698 2240 ἀποθάνῃ.
2748 2187 2767 2219 ι
2817 2169 3118 2240 ’Υποδύτην
3151 2170 3255 2241 μὲν
3287 2167 3380 2225 οὖν
3419 2173 3515 2226 καὶ
3546 2171 3774 2245 ποδήρη,

2196 2253 2400 2327 χιτῶνα
2433 2258 2664 2329 μακρὸν,
2699 2259 2875 2327 εὑφυᾶ
2905 2276 2966 2313 τε
2992 2261 3132 2332 πρὸς
3162 2261 3510 2332 περιστολὴν,
3547 2264 3641 2316 καὶ
3687 2263 3777 2318 τὸν

2197 2353 2263 2405 ἐκ
2311 2349 2495 2423 δειρῆς
2538 2353 2708 2423 αὐτῆς
2750 2355 2831 2417 εἰς
2866 2352 3069 2425 ἄκρους
3105 2354 3253 2409 ἰόντα
3285 2354 3487 2419 πόδας,
3522 2355 3775 2424 ὀνομάζει

2196 2446 2407 2516 σαφῶς·
2452 2446 2511 2512 ἐξ
2545 2446 2802 2500 ὑακίνθου
2840 2446 2919 2512 δὲ,
2947 2448 3031 2500 ὅτι
3061 2447 3163 2516 τῆς
3212 2446 3423 2502 ἄνωθεν
3466 2447 3774 2519 ἀφθαρσίας

2196 2535 2487 2607 σύμϐολον,
2518 2538 2763 2591 τουτέστι
2795 2538 3059 2609 Χριστοῦ.
3109 2539 3385 2594 Τοιουτονὶ
3414 2541 3605 2613 γάρτοι
3627 2544 3724 2597 καὶ
3750 2545 3778 2597 6

2195 2626 2484 2693 θεσπέσιος
2536 2629 2704 2685 Δαὸὶδ
2768 2630 3277 2702 προαναπεφώνηκε
3344 2634 3517 2702 λέγων
3574 2635 3651 2698 ὼς
3714 2637 3776 2687 ἐκ

2195 2721 2489 2793 προσώπου
2540 2722 2636 2775 τοῦ
2689 2723 2824 2776 Θεοῦ
2867 2724 2997 2795 περὶ
3059 2725 3167 2778 τῶν
3201 2726 3259 2778 ἐν
3303 2729 3423 2789 ταῖς
3458 2726 3776 2797 ἐκκλησίαις

2195 2813 2642 2884 ἰερουργούντωνο
2701 2832 2720 2865 ι
2778 2815 2918 2877 Τοὺς
2967 2816 3131 2886 ἱερεῖς
3158 2816 3330 2888 αὑτῆς
3365 2816 3569 2872 ἐνδύσω
3600 2835 3777 2889 σωτη-

2197 2904 2340 2976 ρίαν.
2367 2925 2385 2956 ι
2435 2891 2760 2961 Ἐνδύσασθε
2783 2910 2875 2961 τὸν
2896 2908 3099 2979 Κύριον
3119 2910 3275 2979 ἡμῶν
3290 2910 3496 2981 Ἰησοῦν
3518 2912 3775 2983 Χριστὸν,

2193 2998 2288 3052 καὶ
2320 3000 2347 3051 ὁ
2379 2999 2539 3067 σοφὸς
2565 3000 2695 3070 ἡμῖν
2728 2998 3037 3067 ἐπιστέλλει
3066 3000 3298 3065 Παῦλος.
3332 3003 3441 3056 Καὶ
3469 3002 3663 3072 τοῦτο,
3698 3001 3776 3059 οῖ-

499 3098 582 3144 est
611 3089 852 3145 de'coelo
888 3090 1288 3157 habitaculum,
1323 3107 1434 3163 quo
1473 3092 1627 3147 indui
1657 3100 2000 3164 exoptamus,
2027 3095 2090 3149 il—

2198 3108 2318 3162 μαι,
2342 3090 2458 3146 ἔστι
2484 3091 2544 3145 τὸ
2564 3092 2879 3163 οἰκητήριον
2906 3091 3061 3162 ἡμῶν
3089 3091 3151 3145 τὸ
3174 3092 3232 3159 ἐξ
3261 3093 3512 3165 ούρανοῦ,
3537 3094 3566 3147 ὃ
3584 3095 3775 3150 ἐπιπο-

496 3182 548 3237 Ia
569 3184 959 3240 exsultationis
1013 3185 1221 3251 tunica,
1281 3194 1338 3241 et
1392 3186 1781 3242 indumentum
1809 3189 2087 3255 salutaris,

493 3274 647 3346 juxta
672 3274 957 3345 prophetae
1022 3292 1214 3332 vocem
1258 3277 1325 3331 '°.
1363 3276 1501 3333 Coeli
1540 3287 1725 3333 autem
1778 3278 1953 3350 ﬁgura
2006 3289 2093 3335 est

496 3367 614 3436 ipse
638 3366 1029 3438 hyacinthinus
1049 3369 1222 3434 color,
1247 3376 1311 3424 ut
1341 3379 1427 3424 est
1447 3370 1735 3426 manifeste
1758 3371 1989 3426 dictum.
2014 3372 2092 3427 Ac

493 3472 625 3512 vere
647 3456 766 3513 haec
804 3458 1034 3529 quidem
1068 3460 1217 3515 dicta
1272 3470 1420 3526 sunt,
1457 3462 1503 3517 si
1537 3462 1604 3516 de
1631 3462 1793 3518 nobis
1823 3463 1959 3532 ipsis
2002 3462 2090 3517 in-

494 3549 842 3621 telligantur;
880 3552 1067 3606 amicti
1113 3568 1351 3623 namque
1388 3553 1801 3624 incorruptione
1853 3571 2091 3626 superna

494 3654 707 3694 sumus.
742 3640 838 3694 Sin
879 3640 996 3710 ipse
1047 3659 1270 3713 quoque
1303 3643 1559 3699 Christus
1600 3646 1942 3717 intelligatur
1975 3656 2095 3704 tan-

492 3746 660 3801 quam
692 3731 749 3785 in
784 3731 965 3786 Aaron
992 3748 1229 3801 persona
1264 3735 1490 3808 talarem
1512 3737 1838 3793 subuculam
1858 3740 2088 3807 habens,

492 3822 856 3877 nihilominus
885 3824 1174 3879 verissime
1222 3825 1446 3880 dicitur.
1486 3827 1581 3883 Ille
1611 3844 1846 3898 namque
1886 3830 2091 3901 Unige-

492 3913 648 3967 nitus
672 3928 796 3967 cum
817 3914 888 3969 sit
908 3914 1210 3969 secundum
1249 3925 1506 3971 naturam
1549 3920 1716 3984 Deus,
1752 3920 2091 3991 incorrupti-

494 3998 608 4054 bile
634 4016 795 4056 suum
835 4018 1037 4072 corpus
1070 4004 1277 4071 effecit,
1303 4015 1504 4061 etcum
1532 4008 1667 4063 illud
1689 4025 1940 4080 superna»
1962 4013 2093 4069 vita:

493 4092 699 4147 amictu
728 4094 1018 4162 induisset,
1042 4112 1272 4166 prorsus
1294 4099 1490 4155 mortis
1514 4101 1800 4156 dominatu
1817 4103 2093 4162 valentius

496 4183 754 4239 reddidit.
786 4186 949 4256 387
979 4187 1038 4241 In
1076 4186 1300 4243 Christo
1319 4190 1467 4244 enim
1499 4191 1803 4247 secundum
1836 4202 2091 4249 naturam

494 4274 661 4329 simul
690 4286 749 4331 et
778 4292 845 4331 ex
872 4278 1300 4348 participatione
1324 4280 1799 4353 incorruptionem
1834 4301 1900 4341 ac
1919 4286 2089 4342 vitam

492 4366 696 4432 inesse,
728 4368 860 4423 hinc
900 4385 1122 4439 quoque
1163 4370 1473 4443 intelliges;
1509 4391 1636 4430 nam
1670 4386 1731 4432 ut
1756 4379 1850 4448 qui
1889 4394 2088 4434 secun-

2193 3187 2394 3258 θοῦμεν
2424 3185 2765 3249 ἐνδύσασθαι,
2796 3187 2824 3237 6
2850 3184 2951 3253 τῆς
2979 3185 3319 3256 εὐφροσύνης
3346 3185 3531 3256 χιτὼν,
3560 3187 3622 3240 τὸ
3651 3189 3777 3259 ἰμά-

2189 3297 2301 3333 τιον
2327 3276 2423 3330 τοῦ
2468 3275 2739 3346 σωτηρίου
2761 3315 2775 3340 ,
2808 3275 2951 3328 κατὰ
2986 3275 3083 3346 τὴν
3110 3276 3204 3328 τοῦ
3249 3278 3529 3349 προφήτου
3566 3280 3772 3351 φωνήν.

2189 3367 2435 3438 Οὐρανοῦ
2478 3367 2534 3421 δέ
2567 3368 2739 3431 τύπος
2768 3367 2830 3420 τὸ
2866 3367 3067 3439 χρῶμα
3113 3368 3173 3421 τὸ
3219 3369 3526 3422 ὑακίνθινον
3558 3372 3777 3441 εἴρηται

2191 3459 2401 3528 σαςῶς.
2434 3459 2542 3513 Καὶ
2571 3457 2778 3529 ἀληθὴς
2808 3460 2906 3528 μὲν
2931 3460 2960 3511 ὁ
2983 3459 3155 3527 λόγος,
3180 3459 3255 3522 ὡς
3282 3461 3366 3529 ἐφ’
3388 3461 3544 3531 ἡμῶν
3571 3462 3773 3517 αὑτῶν.

2189 3550 2641 3623 Περιόεόλήμεθα
2662 3550 2770 3621 γὰρ
2796 3551 3104 3622 ἀφθαρσίαν
3131 3552 3229 3624 τὴν
3249 3554 3474 3608 ἄνωθεν.
3504 3555 3567 3608 Εἰ
3595 3555 3655 3607 δὲ
3681 3558 3777 3612 καὶ

2190 3645 2352 3708 αὑτὸς
2382 3646 2554 3698 νοοῖτο
2580 3645 2835 3717 Χριστὸς,
2863 3644 2940 3708 ὡς
2967 3647 3025 3698 ἐν
3072 3645 3283 3716 Ἀαρὼν
3314 3646 3405 3700 τὸν
3433 3648 3647 3720 ποδήρη
3682 3649 3775 3704 τὸν

2191 3735 2461 3807 ὑποδύτην
2501 3735 2669 3806 ἔχων,
2706 3736 2857 3789 οὑδέν
2896 3732 3059 3810 ἦττον
3095 3739 3235 3830 ἡμῖνΧ
3268 3737 3477 3810 ἀληθὴς
3521 3742 3551 3793 6
3591 3740 3751 3809 λόγος

2189 3826 2322 3890 Θεὸς
2369 3826 2479 3898 γὰρ
2521 3826 2598 3881 ὢν
2644 3826 2787 3880 κατὰ
2836 3826 2999 3895 φύσιν
3035 3831 3065 3882 6
3100 3826 3447 3901 Μονογενὴς,
3498 3830 3776 3903 ἄφθαρτον

2190 3921 2449 3975 ἀποτελεῖ
2473 3920 2534 3974 τὸ
2564 3920 2693 3973 ῐδιον
2729 3919 2910 3989 σῶμα,
2944 3920 3038 3972 καὶ
3067 3919 3178 3992 ζωῇ
3204 3924 3270 3993 τῇ
3302 3922 3506 3976 ἄνωθεν
3540 3924 3773 3993 περιδα-

2190 4011 2297 4065 λὼν
2343 4012 2510 4076 αὑτὸ,
2553 4012 2651 4082 τῆς
2682 4009 2778 4065 τοῦ
2822 4011 3054 4065 θανάτου
3099 4011 3412 4078 πλεονεξίας
3460 4014 3624 4068 ἐτίθει
3667 4033 3771 4070 που

2190 4105 2409 4167 πάντως
2442 4106 2501 4158 ἐν
2531 4102 2810 4174 ἀμείνοσιν
2832 4120 2844 4135 ·
2882 4105 2963 4157 ὅτι
2994 4102 3104 4177 γάρ
3147 4105 3396 4174 φυσικῶς
3438 4123 3497 4159 τε
3527 4106 3645 4177 ἅμα
3676 4109 3774 4163 καὶ

2189 4194 2508 4267 άμεθέχτως
2537 4196 2595 4248 ἐν
2628 4196 2850 4267 Χριστῷ
2892 4196 2988 4249 καὶ
3028 4196 3307 4269 ἁφθαρσία
3332 4198 3432 4251 καὶ
3470 4198 3604 4270 ζωὴ,
3648 4216 3774 4254 συν-

2188 4289 2341 4359 ήσεις
2370 4286 2682 4341 κάντεῦθεν.
2724 4288 2869 4359 Ἔφη
2902 4289 3000 4359 μὲν
3032 4290 3139 4360 γὰρ
3165 4290 3261 4344 ἆτε
3292 4290 3355 4362 δὴ
3380 4292 3472 4344 καὶ
3507 4291 3772 4363 ὑπάρχων

2188 4378 2332 4434 κατὰ
2370 4379 2532 4447 φύσιν
2573 4380 2727 4444 Θεὸς,
2777 4399 2796 4431 ι
2860 4380 3001 4448 Ἐγώ
3034 4384 3150 4452 εἰμι
3188 4384 3221 4454 ἡ
3267 4384 3562 4447 ἀνάστασις
3599 4388 3696 4438 καὶ
3733 4390 3766 4457 ἡ

492 4457 625 4513 dum
664 4469 916 4515 naturam
950 4461 1289 4528 Deus-esset,
1327 4463 1465 4521 dixit
1494 4483 1509 4520 :
1546 4486 1565 4518 ι
1601 4468 1715 4539 Ego
1745 4484 1867 4523 sum
1893 4486 2079 4526 resur-

2192 4473 2320 4543 ζωή.
2352 4490 2370 4524 ι
2393 4473 2833 4542 Ζωοποιούμενος
2843 4474 2900 4528 δὲ
2925 4474 3141 4529 κατὰτὸ
3157 4474 3771 4550 ἀνθρώπινον,ιὨσπερ

494 4552 669 4606 rectio
698 4559 754 4606 et
785 4552 897 4606 vita
932 4554 1001 4606 ³⁷.
1038 4574 1056 4604 ›
1084 4555 1246 4623 Idem
1281 4565 1463 4613 tamen
1498 4561 1802 4615 secundum
1829 4565 2084 4617 naturam

494 4642 803 4698 viviﬁcatus
832 4644 1151 4711 humanam,
1190 4667 1207 4699 ι
1245 4648 1398 4705 Sicut
1430 4652 1578 4706 enim
1618 4653 1799 4717 Pater,
1829 4673 1847 4704 ι
1883 4654 2083 4724 inquit,

504 4752 520 4783 ι
555 4735 721 4790 habet
752 4737 918 4791 vitam
940 4738 1010 4791 'in
1038 4739 1357 4810 semetipso,
1388 4744 1467 4797 sic
1494 4744 1648 4798 dedit
1673 4753 1728 4798 et
1754 4746 1891 4799 Filio
1915 4746 2084 4801 vitam

495 4826 700 4883 habere
724 4829 780 4883 in
815 4831 1112 4900 semetipso
1169 4834 1235 4886 ³⁸.
1275 4855 1292 4883 ι
1323 4834 1515 4904 Igitur,
1542 4837 1761 4892 etiamsi
1791 4837 1904 4907 ipse
1922 4838 2084 4893 Chri-

496 4926 617 4973 stus
675 4921 1015 4992 intelligatur
1088 4922 1168 4989 is,
1222 4925 1316 4994 qui
1370 4941 1607 4995 superna
1671 4928 2083 4999 incorruptione

494 5011 731 5065 amictus
763 5027 885 5066 esse
941 5013 1167 5079 dicitur,
1212 5016 1353 5069 nihil
1412 5018 1482 5071 ab
1542 5033 1631 5083 eo,
1684 5020 1837 5089 quod
1868 5020 2082 5087 deceat,

496 5102 777 5157 aberrabit
800 5106 995 5159 oratio.
1051 5106 1133 5163 Ad
1160 5116 1438 5164 extremas
1487 5119 1672 5164 autem
1702 5121 1889 5181 partes
1911 5114 2085 5168 malo-

496 5201 719 5262 granata
774 5201 937 5264 atque
986 5194 1358 5253 tintinnabula
1405 5198 1616 5254 alterna
1678 5202 1855 5270 posita
1906 5211 2082 5270 erant,

497 5281 868 5353 malogranata
920 5286 1144 5354 quidem
1206 5297 1482 5355 contexta,
1553 5291 1921 5349 tintinnabula
1944 5309 2080 5350 vero

493 5386 682 5439 aurea,
714 5384 775 5430 ut
802 5386 859 5430 et
876 5391 1072 5430 sonum
1094 5394 1228 5434 .vere
1248 5380 1533 5448 haberent,
1561 5392 1636 5448 et,
1671 5384 1801 5438 dum
1826 5388 2078 5458 ingrede-

495 5475 656 5520 retur.
679 5467 860 5523 Aaron
911 5467 969 5520 in
1015 5467 1217 5525 Sancta
1245 5482 1582 5539 sanctorum,
1621 5476 1743 5546 ejus
1768 5476 2077 5548 ingressum

493 5557 843 5611 notissimum
862 5558 1122 5614 facerent.
1147 5562 1206 5616 Id
1233 5579 1452 5635 quoque
1474 5566 1782 5637 symbolum
1815 5578 1901 5624 est
1929 5572 2077 5627 illius

564 5665 610 5749 ξ’
634 5665 806 5722 Exod.
830 5686 1029 5749 gravati,
1073 5672 1264 5729 51-55.
1371 5677 1418 5709 'l'
1442 5676 1584 5733 Psal.
1611 5695 1787 5749 cxxxt,
1821 5682 1907 5738 16.

496 5734 543 5769 ’⁸
568 5736 724 5793 Joan.
754 5756 806 5807 ν,
828 5741 917 5796 26.

2013 5689 2059 5721 ³⁵
2082 5688 2241 5746 Rom.
2267 5707 2383 5757 xm,
2416 5693 2603 5752 42—”.

2181 4563 2292 4634 γάρ
2318 4565 2345 4616 6
2370 4564 2582 4635 Πατὴρ,
2621 4582 2642 4616 ι
2687 4566 2875 4635 φησὶν,
2911 4585 2930 4620 ι
2951 4567 3064 4638 ἔχει
3102 4567 3247 4639 ζωὴν
3274 4570 3332 4623 ἐν
3365 4569 3546 4639 ἐαυτῷ
3570 4609 3585 4633 ,
3627 4569 3772 4625 οὕτω

2182 4656 2278 4708 καὶ
2305 4654 2385 4726 τῷ
2415 4655 2527 4727 Υίῷ
2565 4656 2765 4711 δέδωκε
2803 4658 2950 4731 ζωὴν
2989 4660 3135 4730 ἔχειν
3170 4664 3229 4714 ἐν
3262 4661 3460 4730 ἐαυτῷ.
3503 4683 3522 4715 ο
3559 4663 3771 4718 Οὐκοῦν

2183 4747 2288 4801 κᾶν
2317 4748 2366 4799 εἰ
2395 4748 2558 4811 αὑτὸς
2586 4752 2759 4802 νοοῖτο
2801 4751 3055 4821 Χριστὸς,
3090 4755 3118 4806 ὀ
3148 4753 3589 4829 ἀφθαρσίαν-τῆν
3622 4756 3770 4809 ἂνω-

2184 4838 2274 4891 θεν
2318 4839 2744 4910 περιϐεϐλῆσθαι
2783 4842 3107 4913 λεγόμενος,
3151 4845 3272 4914 οὐχὶ
3318 4844 3416 4899 τοῦ
3462 4844 3773 4915 πρέποντος

2183 4928 2446 4999 ἐξοίχοιτο
2468 4930 2535 4984 ἂν
2566 4930 2594 4982 6
2629 4930 2806 5000 λόγος.
2834 4933 2983 5004 Πρὸς
3016 4933 3074 4987 δέ
3101 4950 3164 5001 γε
3195 4934 3260 5005 δὴ
3288 4937 3403 4999 τοῖς
3430 4936 3582 4990 κάτω
3606 4938 3772 5007 τυχόν

2185 5022 2398 5092 μέρεσι,
2441 5023 2648 5093 ροΐσκοι
2685 5025 2780 5077 καὶ
2808 5024 3058 5089 κώδωνες
3091 5027 3566 5098 παραλλάσσοντες
3590 5028 3659 5083 τὰ
3680 5030 3773 5096 ἐγ-

2182 5114 2431 5184 κείμενα·
2459 5116 2551 5168 καὶ
2576 5117 2788 5186 ῥοΐσκοι
2820 5118 2920 5188 μὲν
2942 5117 3019 5182 ὡς
3041 5121 3467 5191 συνυφασμένοι,
3496 5125 3693 5192 χρυσοῖ
3712 5123 3769 5177 δὲ

2182 5206 2231 5258 οἱ
2265 5204 2534 5270 κώδωνες·
2565 5206 2642 5271 ὡς
2686 5208 2752 5261 ἂν
2794 5208 2982 5281 εὑηχοί
3010 5228 3070 5264 τε
3102 5207 3213 5265 εἷεν
3246 5212 3388 5267 κατὰ
3429 5213 3492 5267 τὸ
3519 5214 3727 5285 ἀληθὲς
3752 5256 3766 5279 ,

2184 5298 2282 5351 καὶ
2338 5297 2443 5369 μὴν
2495 5299 2593 5352 καὶ
2642 5299 2944 5365 εἰσθέοντος
2988 5303 3198 5375 Ἀαρὼν
3236 5306 3320 5369 εἰς
3353 5305 3424 5360 τὰ
3464 5306 3633 5373 Ἅγια
3661 5305 3770 5359 τῶν

2187 5391 2378 5459 ἁγίων,
2402 5394 2812 5466 ἐπισημοτάτην
2840 5396 3003 5450 αὑτοῦ
3030 5397 3295 5452 ποιῶνται
3319 5399 3422 5469 τὴν
3451 5399 3762 5471 εἰσδρομὴν.

2181 5482 2460 5566 Σύμβολον
2483 5485 2540 5538 δὲ
2563 5487 2659 5540 καὶ
2680 5486 2842 5541 τοῦτό
2888 5493 3005 5542 ἐστι
3033 5489 3135 5560 τῆς
3162 5490 3433 5561 σωτηρίου
3468 5492 3567 5544 καὶ
3594 5491 3765 5559 σοφῆς

2180 5574 2515 5647 οἰκονομίας,
2565 5579 2709 5651 φημὶ
2738 5580 2803 5652 δὴ
2836 5580 2933 5635 τοῦ
2981 5581 3126 5636 θείου
3175 5600 3234 5636 τε
3270 5585 3366 5638 καὶ
3406 5582 3763 5652 εὑαγγελικοῦ

2718 5693 3031 5763 ’“Isa.1.xr,
3077 5696 3163 5753 10.
3268 5699 3314 5732 ⁸⁷
3354 5697 3511 5755 Joan.
3542 5714 3621 5753 τι.
3670 5697 3761 5754 25.
