3962 6296
492 208 608 279 Ἠῖ

1540 210 1596 263 S.
1635 205 1910 265 CYBILLI
1948 204 2418 263 ALEXANDRINI
2457 203 2773 262 ARCHIEP.

3665 195 3768 258 πε

498 345 732 401 regnum
757 336 936 384 tamen
959 335 1015 382 et
1035 325 1282 398 gloriam.
1312 325 1401 380 Sic
1420 325 1568 380 enim
1589 331 1878 379 consecrat
1898 321 2078 392 ipsum

2182 318 2478 392 ἀποστολὴ.
2508 318 2647 392 πλὴν
2669 321 2750 384 είς
2785 316 3063 390 βασιλείαν
3093 316 3185 370 καὶ
3210 313 3398 381 δόξαν.
3430 314 3642 368 Τελειοί
3659 316 3768 386 γὰρ

500 425 704 484 Aaron,
737 420 870 475 dum
905 420 964 473 in
997 419 1119 491 ejus
1144 417 1324 474 fronte
1347 434 1575 472 aureum
1593 417 1861 472 circulum
1884 413 2038 487 ponit
2066 430 2079 467 :

497 513 886 567 universorum
904 509 1357 573 autemDominus
1376 517 1464 563 est
1485 516 1648 577 atque
1676 508 1792 563 Rex
1809 506 2081 569 Christus,

499 611 556 656 et
578 600 884 656 secundum
917 608 1196 664 naturam,
1247 607 1305 652 et
1350 598 1653 653 secundum
1690 596 2082 667 participatio-

499 708 648 748 nem.
680 691 817 746 Cum
837 689 988 744 enim
1028 690 1175 744 Deus
1206 705 1304 759 per
1342 699 1596 744 naturam
1637 696 1803 753 esset,
1830 688 2082 743 exinani-

496 785 576 838 vit
609 782 989 853 semeptisum,
1029 796 1092 836 ac
1119 780 1433 836 demisit-ad
1460 780 1607 836 servi
1628 778 1862 834 formam
1895 781 1962 846 ³³,
1993 796 2084 836 re-

493 891 777 947 gnumque
800 874 1021 945 accipit,
1052 874 1199 944 quod
1212 874 1279 928 ad
1306 874 1607 927 humanum
1641 871 1888 927 habitum
1908 874 2083 943 perti-

499 977 612 1032 net,
644 967 769 1022 licet
789 966 901 1038 jam
926 964 1054 1020 inde
1080 965 1149 1020 ab
1172 964 1330 1020 initio
1353 965 1599 1036 ejusdem
1620 965 1863 1020 cumDeo
1887 973 1944 1018 et
1970 964 2086 1018 Pa—

501 1068 585 1114 tre
617 1072 914 1113 cotlscssus
941 1057 1236 1127 particeps,
1271 1066 1327 1112 et
1345 1057 1508 1112 simul
1543 1072 1670 1112 cum
1712 1070 1779 1112 eo
1819 1055 2084 1112 Dominus

499 1148 748 1203 omnium
795 1164 859 1203 ac
910 1147 1224 1203 moderator
1266 1155 1431 1203 esset.
1498 1148 1618 1205 1am
1666 1163 1799 1205 vero
1840 1148 2083 1218 intelligo

498 1254 738 1311 quonam
784 1239 946 1294 modo
994 1239 1212 1293 mitram
1253 1254 1320 1293 ex
1350 1239 1646 1311 hyacintho
1671 1238 1963 1304 habuerit;
1992 1238 2080 1292 cui

481 1330 716 1400 insigne
752 1329 907 1400 regni
954 1330 1279 1400 praeclarum
1323 1331 1546 1395 inesset,
1578 1329 1805 1395 lamina,
1836 1328 2079 1403 inquam,

490 1437 685 1477 aurea.
713 1422 809 1476 Est
850 1429 1033 1477 autem
1069 1423 1399 1494 hyacinthus
1431 1423 1558 1479 coeli
1593 1422 1808 1494 signum
1842 1439 1856 1474 :
1898 1436 2078 1476 recor-

480 1518 634 1569 dare
660 1512 826 1584 igitur
851 1512 1057 1568 Christi
1102 1512 1339 1568 dicentis
1372 1530 1385 1566 :
1421 1531 1441 1564 ι
1476 1513 1727 1583 Regnum
1756 1525 1940 1566 meum
1970 1524 2105 1569 non.

476 1614 585 1659 est
623 1604 692 1661 de
729 1605 834 1659 hoc
880 1604 1088 1660 mundo
1109 1605 1175 1659 ⁸⁵.
1211 1623 1228 1656 ι
1258 1605 1449 1675 Neque
1495 1604 1644 1659 enim
1685 1602 1940 1659 Christus
1988 1616 2082 1654 rex

488 1708 785 1763 terrenus,
815 1697 916 1752 sed
965 1695 1209 1752 crelestis
1243 1704 1351 1761 est,
1416 1696 1837 1764 universamque
1867 1701 2082 1749 creatu-
2111 1685 2153 1740 Β

502 1803 620 1842 ram
647 1787 750 1843 sub
772 1787 1012 1859 pedibus
1038 1787 1205 1843 habet
1229 1805 1242 1840 :
1276 1801 1402 1842 cum
1433 1802 1567 1841 vero
1590 1785 1893 1840 addidisset
1921 1802 1934 1837 :
1971 1806 1989 1835 ι
2012 1784 2083 1839 Ει

499 1880 742 1951 portabit
784 1881 968 1935 Aaron
1033 1885 1256 1950 peccata
1321 1885 1638 1934 sanctorum
1677 1916 1695 1943 ,
1742 1889 2081 1947 quaecunque

499 1972 964 2027 sanctificaverint
980 2011 995 2037 ,
1021 1970 1201 2025 omnis
1226 1969 1357 2025 doni
1384 1978 1698 2025 sanctorum
1747 1983 1938 2024 eorum
1962 1968 2028 2032 ³³,
2053 1984 2072 2018 ι

500 2078 721 2119 onmem
746 2078 1028 2118 accessum
1051 2072 1216 2133 atque
1246 2060 1641 2132 perfectionem
1665 2076 1786 2117 esse
1809 2062 1865 2115 in
1922 2059 2082 2116 Cbri-
2119 2060 2123 2065 '

500 2163 585 2209 sto
611 2164 798 2225 aperte
815 2154 1213 2211 demonstravit
1248 2169 1265 2207 :
1303 2153 1605 2224 quinetiam
1635 2151 2081 2224 justificatiouem

499 2254 719 2299 omnem
745 2244 801 2299 in
828 2246 948 2315 ipso
978 2252 1036 2300 et
1073 2259 1170 2315 per
1197 2242 1379 2315 ipsum
1414 2259 1556 2309 esse,
1583 2250 1832 2298 veterum
1862 2258 2082 2314 quoque

499 2349 853 2408 peccatorum
908 2336 1350 2408 depositionem;
1396 2336 1566 2408 389
1606 2336 1721 2407 ipse
1750 2337 1897 2392 enim
1941 2337 2084 2392 tollit

500 2437 724 2497 peccata
752 2434 964 2494 nostra,
984 2437 1043 2483 et
1070 2443 1170 2499 per
1193 2428 1376 2500 ipsum
1399 2427 1764 2499 acceptabiles
1791 2425 2079 2498 efﬁcimur,

499 2520 630 2572 dum
660 2516 966 2587 spiritualia
997 2532 1230 2572 munera
1252 2517 1366 2573 Deo
1386 2533 1451 2573 ae
1482 2518 1629 2573 Patri
1648 2516 1953 2571 oderimus.

532 2662 537 2667 ι
572 2627 769 2683 PALL.
799 2628 969 2683 Recte
990 2626 1091 2683 ais.

572 2718 729 2775 CYR.
782 2719 1077 2774 Immotum
1142 2733 1311 2791 porro
1361 2727 1528 2788 atque
1582 2729 1912 2791 perpetuum
1964 2719 2081 2776 fore

491 2810 803 2866 «Salv-aleris
836 2809 1013 2866 nostri
1034 2825 1285 2881 regnum,
1317 2822 1375 2867 et
1411 2812 1480 2867 ad
1513 2811 1726 2868 inﬁnita
1755 2814 1953 2869 saecula
1975 2814 2083 2868 du-

503 2914 775 2967 raturum,
794 2902 1053 2973 praeclare
1068 2903 1332 2968 ostendit,
1351 2905 1420 2960 de
1440 2905 1620 2960 mitrae
1633 2905 1834 2960 lamina
1855 2906 2078 2961 dicens:

510 3019 529 3049 ι
570 2999 638 3052 Et
659 2997 763 3052 erit
794 3011 960 3067 supra
1002 2995 1238 3050 frontem
1286 2998 1466 3052 Aaron
1508 3006 1776 3068 perpetuo
1808 2999 1875 3051 “.
1912 3017 1929 3050 ι
1960 2998 2079 3065 Quo

505 3089 722 3145 tandem
742 3088 908 3160 igitur
929 3089 1104 3145 abibit
1124 3088 1301 3144 audax
1325 3097 1383 3144 et
1404 3089 1629 3146 insanus
1656 3089 1948 3162 impiorum
1972 3092 2082 3146 hae-

506 3182 804 3237 reticorum
857 3196 1060 3247 sermo,
1113 3181 1435 3253 nugantium
1482 3182 1621 3249 fore,
1673 3192 1735 3239 ut
1787 3184 2081 3254 aliquando

504 3275 719 3332 desinat
741 3274 946 3332 Christi
970 3291 1221 3347 regnum,
1253 3285 1309 3331 et
1351 3275 1533 3332 tradat
1572 3277 1865 3348 imperium
1892 3280 2002 3334 Deo
2026 3287 2081 3334 et

504 3370 675 3436 Patri,
699 3374 755 3424 et
780 3384 812 3425 a
856 3367 1161 3426 divinitatis
1191 3384 1452 3426 consessu
1476 3371 1697 3427 recedat
1723 3372 2082 3428 Emmanuel?

500 3462 579 3516 De
605 3462 691 3517 his
721 3460 868 3517 enim
895 3460 1033 3517 adeo
1059 3462 1220 3517 tetris
1248 3477 1315 3518 ac
1338 3463 1495 3518 vanis
1515 3462 1748 3518 docendi
1776 3465 2081 3520 rationibus

503 3554 825 3623 gloriantur,
851 3554 1055 3625 quibus
1090 3555 1199 3611 diei
1249 3571 1359 3611 non
1382 3555 1619 3612 absurde
1645 3557 1817 3626 possit
1855 3576 1867 3610 :
1912 3577 1931 3608 ‹
1975 3559 2082 3612 Er-

507 3644 639 3698 ratis
683 3644 994 3700 nescientes
1049 3644 1365 3715 Scripturas
1411 3646 1478 3699 ³⁷.
1513 3664 1531 3701 ι
1586 3647 1691 3712 Ειι,
1741 3663 1865 3702 cum
1892 3658 2081 3718 aperte

504 3744 669 3804 atque
704 3734 991 3803 perspicue
1016 3735 1107 3789 ille
1140 3736 1285 3791 Deus
1309 3746 1368 3792 et
1396 3737 1557 3792 Pater
1586 3747 1852 3808 perpetua
1874 3750 1932 3794 et
1961 3740 2080 3810 glo-

507 3827 586 3879 ria
612 3834 669 3880 et
700 3826 928 3890 honore,
956 3841 1020 3882 ac
1063 3828 1219 3898 regni
1258 3828 1569 3899 insignibus
1621 3840 1848 3886 coronet
1872 3833 2077 3898 Aaron,

506 3916 607 3984 ipsi
634 3916 703 3970 ab
728 3931 795 3971 eo
826 3904 1095 3972 coronam
1129 3919 1404 3985 auferunt,
1453 3936 1519 3976 ac
1561 3922 1957 3992 propemodum
1985 3940 2080 3980 ac-

507 4007 904 4063 commodatam
926 4008 1091 4064 fronti
1123 4023 1332 4064 sacram
1360 4010 1577 4065 mitram
1600 4011 1899 4081 abripiunt.

574 4261 771 4319 PALL.
796 4261 875 4318 ita
907 4272 1011 4319 est.

2185 411 2358 476 οὕτως
2381 411 2474 465 τόν
2505 408 2741 482 ’Δαρὼν,
2761 409 2996 480 χρυσοῦν
3018 407 3114 461 ἐπὶ
3134 407 3210 478 τῷ
3232 406 3469 479 μετώπῳ
3489 407 3552 460 τὸ
3575 406 3768 478 ψαλίον

2183 503 2372 567 τιθείς.
2404 501 2605 573 Κύριος
2634 501 2692 555 δὲ
2719 501 2827 555 τῶν
2860 500 2996 555 ὅλων
3034 500 3126 552 καὶ
3152 499 3422 570 βασιλεὺς,
3453 501 3483 553 ὁ
3507 498 3765 568 Χριστὸς.

2185 595 2431 667 φυσικῶς
2458 612 2521 649 τε
2551 594 2670 665 ἅμα
2716 593 2811 648 καὶ
2842 592 3144 664 pellex-cile.
3175 590 3310 656 Θεδς
3358 590 3469 663 γὰρ
3493 590 3571 644 ὢν
3598 590 3765 660 φύσει

2184 687 2488 744 κεκένωκεν
2519 687 2732 751 ἑαυτὸν,
2762 686 2952 749 καθεὶς
2985 686 3041 740 ἐν
3069 683 3255 738 δούλου
3296 686 3500 755 μορφῇ.
3533 683 3648 737 Kal
3679 684 3770 738 8s-

2184 798 2337 852 χεται
2373 779 2671 851 βασιλείαν,
2720 779 2864 834 κατά
2892 796 2957 847 γε
2993 778 3057 831 τὸ
3088 777 3299 849 πρέπον
3326 777 3404 848 τῷ
3438 776 3771 848 ἀνθρωπίνῳ

2184 877 2446 943 σχήματι,
2472 873 2650 925 καίτοι
2678 870 2929 944 σύνεδρος
2952 869 3027 949 {iw
3050 869 3255 926 ἄνωθέν
3276 886 3336 923 τε
3358 870 3453 924 καὶ
3472 870 3569 924 ἀπ’
3592 869 3769 943 ἀρχῆς

2181 963 2258 1034 τῷ
2289 963 2410 1035 Θεῷ
2441 963 2537 1017 καὶ
2579 962 2772 1034 Πατρὶ,
2808 963 2903 1017 καὶ
2937 962 3330 1032 συγκαταρχων
3365 961 3477 1015 τῶν
3502 961 3649 1023 ὅλων,
3675 963 3769 1016 καὶ

2185 1057 2569 1127 συνδεσπότης.
2612 1056 2776 1121 Σύνες
2800 1055 2858 1109 δὲ
2888 1056 3035 1117 ὅπως
3077 1053 3139 1120 ἐξ
3175 1051 3430 1109 ὑακίνθου
3476 1054 3702 1123 γέγονεν
3733 1054 3765 1125 ἠ

2187 1147 2352 1218 μίτρα
2381 1145 2568 1212 αὐτοῦ,
2599 1147 2659 1200 τὸ
2691 1146 2945 1218 λαμπρὸν
2973 1146 3074 1215 τῆς
3106 1144 3383 1216 βασιλείας
3406 1145 3608 1216 ἔχουσα
3636 1145 3765 1199 σύν·

2184 1243 2353 1314 θημα,
2389 1244 2532 1313 φημὶ
2558 1243 2622 1315 δὴ
2651 1244 2711 1297 τὸ
2741 1242 2973 1296 πέταλον
3003 1243 3063 1297 τὸ
3093 1242 3353 1314 χρυσοῦν.
3389 1240 3765 1305 Ὑάκινθοςδέ

2182 1334 2414 1404 οὐρανοῦ
2448 1337 2696 1404 σημεῖονο
2726 1334 2823 1387 καὶ
2850 1333 3192 1404 διαμέμνησο
3223 1332 3471 1402 λέγοντος
3496 1332 3592 1387 τοῦ
3626 1333 3764 1403 Χρι-

2185 1425 2348 1489 στοῦ..
2372 1445 2392 1477 ι
2437 1426 2502 1480 Ἦ
2535 1425 2781 1497 βασιλεία
2809 1427 2843 1497 ἡ
2871 1426 2979 1498 ἐμὴ
3016 1427 3118 1479 οὐκ
3156 1425 3303 1479 ἐστιν
3333 1428 3400 1479 ἐκ
3425 1426 3519 1479 τοῦ
3554 1426 3763 1497 κόσμου

2182 1518 2395 1573 τούτου.
2427 1537 2447 1571 ι
2480 1519 2554 1572 Οὐ
2586 1518 2697 1590 γὰρ
2723 1518 2967 1586 ἐπίγειος
3003 1517 3278 1588 βασιλεὺς,
3307 1518 3422 1572 ἀλλ’
3460 1519 3712 1590 οὐράνιος
3732 1520 3765 1573 δ

2184 1610 2435 1682 Χριστὸς,
2469 1610 2596 1681 ὅλην
2627 1611 2732 1665 ὑπὸ
2761 1609 2929 1673 πόδας
2960 1610 3098 1681 ἔχων
3126 1610 3225 1682 τὴν
3273 1610 3471 1665 κτίσιν.
3512 1612 3765 1683 Προσεπ-

2181 1701 2421 1770 ἐνεγκὼν
2439 1703 2518 1768 δὲ,
2550 1704 2632 1757 ὅτι
2660 1721 2679 1754 ι
2717 1703 2828 1756 Kal.
2855 1701 3041 1776 ἐξαρεί
3073 1700 3281 1774 ’Δαρὼν
3303 1704 3370 1756 τὰ
3392 1704 3767 1775 ἁμαρτήματα

2180 1795 2290 1848 τῶν
2336 1794 2506 1863 ἁγίων
2555 1795 2654 1848 ὅσα
2684 1793 2751 1848 ἂν
2796 1796 3070 1864 ἁγιάσωσι
3092 1834 3108 1859 ,
3139 1794 3341 1857 παντὸς
3379 1794 3611 1864 δόματος
3652 1794 3764 1847 τῶν

2182 1882 2351 1951 ἁγίων
2377 1882 2575 1947 αὐτῶν,
2604 1902 2622 1933 ι
2653 1884 2735 1936 ὅτι
2757 1883 2907 1937 πᾶσά
2932 1900 2991 1937 τε
3012 1883 3348 1955 προσαγωγὴ
3371 1884 3466 1936 καὶ
3485 1881 3765 1946 τελείωσις

2179 1975 2239 2028 ἐν
2287 1974 2541 2045 Χριστῷ,
2592 1975 2998 2045 διαμεμήνυκεν
3049 1974 3332 2045 ἐναργῶς,
3379 1975 3473 2028 καὶ
3522 1973 3631 2045 μὴν
3682 1974 3764 2028 δτι

2180 2068 2332 2120 πᾶσα
2358 2066 2642 2129 δικαίωσις
2667 2069 2726 2121 ἐν
2746 2066 2901 2137 αὑτῷ
2938 2083 2997 2120 τε
3029 2066 3122 2120 καὶ
3149 2065 3216 2119 δι’
3249 2065 3436 2132 αὑτοῦ,
3468 2066 3567 2119 καὶ
3594 2067 3628 2137 ἡ
3655 2064 3767 2120 τῶν

2184 2157 2349 2212 πάλαι
2384 2156 2875 2228 πλημμελημάτων
2926 2157 3207 2221 ἀπόθεσις.
3242 2157 3415 2221 Αὐτὸς
3457 2161 3567 2228 γὰρ
3605 2156 3768 2228 ἡμῶν

2181 2249 2326 2319 αίρει
2351 2247 2450 2312 τὰς
2482 2248 2783 2319 ἁμαρτίας,
2816 2246 2909 2300 καί⁵
2934 2247 3001 2301 δι’
3029 2245 3193 2300 αὐτοῦ
3218 2245 3525 2316 γεγόναμεν
3547 2244 3761 2310 δέκτοὶ,

2179 2339 2280 2404 τὰς
2298 2341 2357 2393 ἐν
2386 2340 2659 2411 πνεύματι
2691 2339 3029 2411 δωροφορίας
3057 2337 3516 2412 προσκομίζοντες
3545 2337 3624 2408 τῷ
3643 2335 3762 2407 Θεῷ

2180 2434 2275 2488 καὶ
2301 2433 2499 2505 Πατρί.

2252 2635 2457 2689 ΠΑΛΛ.
2492 2629 2565 2689 Εὖ
2594 2634 2750 2704 ἔφης.

2250 2727 2414 2781 ΚΥΡ.
2462 2724 2816 2779 ’Δναπόθετον
2840 2723 2897 2777 δὲ
2922 2724 3017 2777 καὶ
3040 2720 3262 2794 διηνεκῆ
3288 2722 3382 2776 καὶ
3408 2723 3490 2787 είς
3518 2720 3763 2794 ἀπεράν-

2180 2835 2306 2882 τους
2336 2817 2543 2881 αίῶνας
2586 2815 2974 2887 ἐκτεινομένην
3027 2814 3125 2886 τὴν
3159 2813 3255 2868 τοῦ
3302 2814 3556 2886 Σωτῆρος
3600 2815 3760 2885 ἡμων

2184 2910 2459 2983 βασιλείαν
2490 2906 2551 2965 εὖ
2584 2909 2728 2981 μάλα
2757 2908 3147 2973 καταδεικνὺς,
3179 2908 3309 2980 περί
3334 2924 3393 2961 τε
3425 2908 3528 2978 τῆς
3560 2907 3762 2979 μίτρας

2181 3002 2275 3056 τοῦ
2318 3001 2553 3056 πετάλου
2598 3001 2732 3071 φησι
2763 3019 2777 3032 ·
2813 3019 2832 3052 ι
2885 3001 2997 3055 Καὶ
3041 2999 3194 3054 ἔσται
3233 3000 3328 3052 ἐπὶ
3375 2997 3470 3052 τοῦ
3506 2996 3760 3068 μετώπου

2195 3093 2405 3167 ’Λαρὼν
2428 3072 2517 3147 διὰ
2540 3092 2762 3157 παντός.
2805 3112 2824 3146 ι
2868 3090 3004 3148 Εἶτα
3035 3095 3128 3146 ποί
3159 3093 3277 3146 ποτ’
3310 3090 3377 3146 ἂν
3404 3092 3437 3162 ἡ
3448 3094 3537 3161 μίν
3566 3092 3595 3145 δ
3623 3089 3762 3162 θρα-

2183 3187 2279 3251 σὺς
2311 3187 2405 3241 καὶ
2432 3185 2780 3258 ἀπόπληκτος
2810 3186 2919 3239 τῶν
2952 3185 3183 3239 ἀνοσίων
3217 3183 3511 3256 αίρετικῶν
3546 3185 3764 3256 οίχήσε-

2179 3295 2270 3331 ται
2311 3277 2505 3347 λόγος,
2553 3276 3023 3349 πεφλυαρηκότων
3070 3277 3152 3329 ὅτι
3195 3275 3490 3347 καταλήξει
3537 3276 3667 3330 ποτὲ
3695 3276 3759 3331 τὸ

2179 3369 2418 3441 Χριστοῦ
2453 3372 2685 3440 κράτος,
2721 3370 2818 3425 καὶ
2868 3366 3180 3442 παραδώσει
3221 3368 3321 3441 τὴν
3365 3368 3642 3439 βασιλείαν
3678 3368 3760 3440 τῷ

2179 3461 2298 3533 Θεῷ
2338 3462 2431 3516 καὶ
2464 3462 2662 3533 Πατρὶ,
2695 3463 2928 3532 τῶντῆς
2961 3462 3215 3532 θεότητος
3246 3462 3618 3533 ἀποφοιτήσας
3650 3460 3761 3514 θώ-

2180 3571 2293 3607 κων
2324 3556 2354 3609 ό
2398 3552 2783 3625 Ἐμμανουήλ;
2829 3552 3311 3623 Ἐπισεμνύνονται
3355 3551 3464 3623 γὰρ
3501 3554 3618 3614 τοῖς
3653 3545 3761 3605 ὧδε

2178 3644 2372 3709 δεινοῖς
2400 3647 2496 3698 καὶ
2524 3644 2788 3716 ἐξιτήλοις
2819 3645 3107 3715 δόγμασιν,
3139 3638 3223 3707 οἷς
3242 3642 3535 3698 ἀκόλουθον
3559 3644 3760 3697 εἰπεῖν’

2186 3736 2530 3800 «Πλανᾶσθε,
2564 3736 2641 3808 μὴ
2664 3737 2864 3801 εἰδότες
2888 3740 2986 3800 τὰς
3011 3737 3288 3807 Γωφάς.»
3332 3736 3462 3790 Ἰδοὺ
3491 3736 3623 3808 γὰρ,
3651 3735 3764 3788 ἰδοὺ

2183 3828 2371 3896 σαφῶς
2396 3844 2456 3881 τε
2477 3829 2572 3883 καὶ
2600 3826 2844 3897 ἐναργῶς
2864 3825 2959 3880 τοῦ
2987 3826 3121 3880 Θεοῦ
3151 3828 3246 3879 καὶ
3275 3825 3486 3896 Πατρὸς
3508 3826 3638 3897 δόξῃ
3665 3825 3763 3890 καὶ

2178 3923 2311 3991 τιμῇ
2355 3919 2625 3987 διηνεκεῖ,
2666 3919 2762 3972 καὶ
2816 3922 2929 3982 τοῖς
2972 3918 3070 3987 τῆς
3117 3917 3395 3988 βασιλείας
3451 3916 3761 3986 συνθήμασι

2179 4012 2511 4075 ταινιοῦντος
2545 4012 2638 4066 τὸν
2682 4010 2913 4082 Ἀαρὼν,
2949 4009 3416 4078 ἁποστεφανοῦσιν
3447 4009 3632 4072 αὐτοὶ,
3665 4010 3765 4062 καὶ

2184 4105 2465 4176 μονονουχὶ
2514 4107 2629 4167 τοῖς
2683 4103 2957 4173 μετώποις
3007 4102 3401 4173 ἐμπρέπουσαν
3453 4103 3554 4172 τὴν
3601 4101 3760 4173 ἱερὰν

2179 4197 2482 4267 ἁρπάζουσι
2515 4195 2754 4267 μίτραν..

2252 4288 2459 4341 ΠΑΑΑ.
2504 4286 2744 4357 Ἀληθές.

569 4355 726 4411 CYll.
760 4376 778 4406 ι
823 4355 1060 4412 Cidarim
1090 4372 1308 4428 quoque
1354 4368 1411 4415 et
1453 4376 1648 4417 zonam
1690 4379 1758 4419 ex
1807 4365 1968 4436 bysso
1993 4373 2076 4422 la-

2252 4380 2415 4434 ΚΥΡ.
2455 4399 2477 4433 ι
2531 4355 2757 4449 Κίδαρίν
2800 4395 2862 4431 τε
2900 4380 2996 4432 καὶ
3046 4377 3221 4449 ζώνην
3253 4379 3319 4434 ἐκ
3363 4379 3562 4451 βύσσου
3600 4381 3763 4455 ποιή-

502 4450 634 4512 cies,
667 4470 686 4501 ι
720 4448 901 4520 inquit
921 4449 988 4503 ⁸⁸.
1021 4449 1273 4506 Militaris
1315 4467 1449 4509 vero
1499 4453 1721 4511 habitus
1750 4456 1932 4513 Aaron
1957 4458 2078 4514 cin-

501 4540 686 4611 gulum
714 4549 769 4594 et
811 4539 961 4609 galea
992 4558 1004 4593 :
1035 4541 1302 4611 ejusmodi
1341 4558 1577 4615 namque
1608 4547 1846 4616 speciem
1878 4548 2081 4603 cidaris

502 4631 669 4687 refert
703 4647 716 4687 :
745 4630 950 4686 bellum
991 4632 1138 4687 enim
1163 4649 1264 4703 pro
1295 4634 1456 4693 nobis
1488 4636 1744 4693 Christus
1764 4639 1932 4709 gessit
1966 4658 1984 4690 ι
2021 4640 2077 4693 in

500 4738 665 4778 manu
707 4722 922 4778 occulta
944 4722 1009 4789 ³⁸,
1046 4743 1065 4775 ι
1112 4724 1257 4780 sicut
1281 4725 1550 4798 scriptum
1588 4739 1703 4795 est;
1729 4738 1788 4786 et
1817 4750 1833 4782 ι
1871 4735 2077 4786 Arcum

500 4828 660 4870 suum
687 4814 941 4881 intendit,
964 4825 1021 4871 et
1040 4817 1253 4887 paravit
1276 4818 1454 4886 illum,
1479 4821 1701 4891 sagittas
1729 4837 1856 4877 suas
1880 4824 2078 4878 arden-

490 4906 653 4963 tibus
674 4907 942 4973 effecit”,
981 4928 999 4960 ι
1027 4918 1085 4964 et
1111 4908 1311 4981 dejecit
1330 4912 1686 4983 principatus,
1716 4915 2075 4985 triumphavit

494 5000 792 5067 potentias,
832 5001 1145 5058 deturbalrit
1183 5002 1608 5071 dominationes,
1638 5015 1696 5060 et
1729 5021 1846 5071 eos,
1879 5008 1975 5077 qui
2014 5009 2083 5063 in.

493 5095 647 5144 terra
670 5099 845 5156 erant,
868 5107 990 5148 cum
1013 5094 1210 5166 captivi
1233 5102 1573 5167 tenerentur,
1594 5097 1866 5154 liberavit.
1888 5099 2077 5156 Fuisse

486 5172 687 5241 suam
707 5182 812 5239 hoc
838 5185 957 5257 ejus
986 5188 1192 5244 bellum
1216 5203 1326 5245 non
1352 5188 1652 5259 spectabile
1682 5199 1847 5260 atque
1875 5207 2074 5263 corpo-

502 5286 679 5347 reum,
727 5288 905 5345 neque
953 5276 1223 5346 ejusmodi
1256 5288 1319 5336 ut
1340 5294 1467 5337 cum
1515 5294 1680 5337 carne
1706 5285 2091 5356 etsanguine.

498 5374 802 5434 gereretur,
828 5366 1059 5423 indicari
1091 5371 1308 5427 videtur
1330 5387 1433 5443 per
1453 5372 1705 5444 alligata,
1748 5372 1823 5439 in,
1838 5390 1906 5431 eo
1925 5376 2091 5446 quod.

2183 4487 2316 4535 σεις,
2351 4491 2370 4523 ι
2403 4470 2555 4542 φησί.
2602 4471 3002 4540 Στρατιωτικὸν
3027 4469 3085 4524 δέ
3120 4470 3200 4542 τῷ
3235 4470 3445 4543 Ἀαρὼν
3467 4470 3759 4545 τδσχῆμα,

2181 4560 2400 4632 ζωστήρ
2426 4579 2486 4615 τε
2524 4562 2616 4615 καὶ
2655 4561 2877 4631 κράνος·
2915 4562 2975 4614 ἐν
3004 4561 3153 4616 εῖδει
3184 4563 3295 4634 γάρ
3335 4580 3452 4627 πως
3480 4565 3515 4635 ἡ
3548 4564 3763 4637 κίδαρις

2180 4651 2259 4723 τῷ
2285 4651 2467 4722 τοιῷδέ
2502 4654 2637 4706 ἐστι.
2666 4652 3021 4723 Πεπολέμηκε
3046 4654 3155 4725 γὰρ
3184 4655 3325 4726 ὑπὲρ
3348 4655 3504 4727 ἡμῶν
3543 4658 3573 4710 ό
3620 4657 3665 4709 Χ
3676 4673 3766 4729 ρι-

2183 4744 2308 4806 στὸς
2354 4761 2377 4790 ι
2413 4742 2472 4795 ἐν
2508 4745 2652 4817 χειρὶ
2694 4746 2969 4817 κρυφαία,
3002 4765 3022 4798 ι
3070 4746 3212 4799 κατὰ
3251 4745 3313 4799 τὸ
3350 4748 3761 4817 γεγραμμένον,
3808 4802 3819 4810 ,

2181 4834 2276 4887 καὶ
2309 4851 2329 4884 ι
2357 4832 2435 4886 Τὸ
2461 4834 2614 4901 τόξον
2653 4835 2822 4891 αὑτοῦ
2866 4837 3122 4902 ἐνέτεινε,
3152 4837 3248 4892 καὶ
3278 4837 3577 4908 ἡτοίμασεν
3604 4838 3761 4908 αὐτὸ,

2179 4922 2248 4977 τὰ
2277 4922 2407 4994 βέλη
2450 4925 2617 4979 αὐτοῦ
2661 4929 2773 4990 τοῖς
2816 4928 3128 4998 καιομένοις
3180 4928 3561 4999 ἐξειργάσατο,
3602 4950 3623 4984 ι
3662 4934 3764 4985 καὶ

2177 5013 2425 5071 καθεῖλεν
2461 5016 2636 5088 ἀρχὰς
2659 5057 2676 5081 ,
2708 5017 3109 5089 τεθριάμϐευκε
3135 5020 3429 5091 δυνάμεις,
3471 5020 3781 5075 κατέσεισε

2176 5106 2521 5178 κυριότητας,
2550 5110 3037 5181 καῖαξχμαλώτους
3052 5113 3211 5176 ὄντας
3222 5112 3493 5185 ἐρρύσατο
3511 5113 3639 5177 τοὺς
3660 5114 3758 5168 ἐπὶ

2175 5197 2419 5266 τῆστῆς.
2452 5198 2574 5252 Ὅτι
2598 5199 2655 5252 δὲ
2690 5200 2789 5270 οὐχ
2814 5200 3010 5273 ὁρατὸς
3035 5200 3069 5273 ἢ
3102 5204 3279 5274 παχὺς
3301 5206 3331 5257 ὁ
3352 5202 3610 5275 πόλεμος,
3636 5204 3760 5260 οῦδέ

2175 5281 2287 5342 οἷον
2311 5289 2446 5360 πρὸς
2469 5283 2609 5361 αἷμα
2632 5291 2727 5345 καὶ
2751 5293 2952 5363 σάρκα,
2986 5293 3208 5363 γέγονεν
3235 5294 3405 5366 αὐτῷ,
3434 5296 3758 5366 umquam”

2174 5380 2351 5436 ἔοικεν
2378 5383 2790 5454 αίνιγματωδῶς
2825 5384 2888 5439 τὺ
2928 5387 2995 5439 ἐκ
3025 5385 3226 5457 βύσσου
3267 5387 3438 5459 μόνης
3477 5389 3582 5459 τῆς
3614 5387 3759 5457 ἄταν

569 5547 616 5634 ξς
640 5550 875 5634 ιξιείιίρι).
898 5565 955 5615 tl,
1104 5553 1326 5634 ³χιι-ρους
1350 5558 1609 5634 “111,333.
1632 5528 1648 5634 μ’
1948 5578 2133 5630 xxviii,
2158 5563 2248 5621 38.
2308 5564 2355 5596 “
2387 5564 2521 5619 ibid.
2599 5565 2640 5597 ³⁷
2672 5566 2861 5622 Matth.
2890 5585 3019 5634 xm,
3038 5569 3126 5624 29.
3190 5569 3233 5601 ³⁸
3252 5569 3423 5625 Exod.
3448 5585 3631 5633 xxvut,
3653 5552 3744 5625 39.

500 5618 740 5676 "Exod.
772 5618 933 5689 iisti,
973 5622 1056 5677 ll.
1129 5626 1333 5682 “Psal.
1367 5644 1462 5705 ιιι,
1486 5618 1586 5696 15,
1621 5630 1708 5685 Ν.
