3962 6296
202 161 316 218 τω

929 159 1020 213 DE
1044 157 1486 217 ADOBATIONE
1519 156 1589 213 IN
1621 154 1889 213 SPIRITU
1928 154 2017 212 ET
2046 153 2415 211 VERITATE.
2454 153 2583 209 LIB.
2624 152 2715 208 XI.

3388 150 3490 209 750

207 281 404 352 ισχνῆς
453 279 558 352 τὴν
592 275 896 350 πολεμικὴν
931 276 1190 347 γενέσθαι
1234 275 1459 347 σκευὴν,
1495 276 1710 348 κίδαρίν
1753 293 1811 329 τε

1930 291 1983 330 3x
2008 274 2170 346 bysso
2204 282 2437 338 tantum,
2462 289 2581 344 quae
2600 273 2817 328 subtilis
2836 280 2923 329 est
2955 270 3272 336 admodum,
3302 272 3461 327 eonfe
3477 303 3490 314 -

205 372 540 444 καὶ.ζώνην.
571 371 781 442 Κόσμῳ
825 370 925 442 μὲν
953 364 1048 424 οὖν
1093 371 1416 444 ἱεροπρεπεῖ
1451 368 1703 441 λαμπρόν
1745 384 1804 421 τε

208 462 306 520 καὶ
324 462 666 532 ἀξιάγαστον
686 460 981 532 ὑποφαίνει
1001 461 1093 515 τὸν
1124 459 1355 533 Ἀαρών.
1377 461 1808 532 Προσεπιτάττει

208 560 268 614 δί
303 557 509 626 λέγων’
552 575 574 609 ι
605 554 719 611 Καὶ
743 558 858 619 τοῖς
888 556 1024 619 υἱοῖς
1063 552 1276 625 ’Δαρὼν
1305 556 1556 624 ποιήσεις
1577 553 1810 625 χιτῶνας

211 648 310 704 καὶ
341 647 561 713 ζώνας,
607 647 701 701 καὶ
733 645 973 716 κιδάρεις
1017 645 1266 717 ποιήσεις
1306 644 1493 708 αὐτοῖς
1528 644 1608 707 εἰς
1645 642 1810 715 τιμὴν

212 738 308 793 καὶ
345 737 532 803 δόξαν.
580 735 693 790 Καὶ
741 733 985 799 ὲνδύσεις
1013 734 1157 789 αὐτὰ
1194 732 1405 805 Ἀαρὼν
1449 732 1540 788 τὸν
1583 733 1811 802 ἀδελφόν

216 847 337 895 σου,
386 831 486 883 καὶ
512 827 641 890 τοὺς
666 827 816 891 υἱοὺς
843 825 1012 880 αὐτοῦ
1050 826 1171 897 μετ’
1213 824 1402 880 αὑτοῦ.
1452 824 1562 879 Kal.
1601 825 1809 896 χρίσεις

213 921 438 985 αὐτοὺς,
468 922 566 974 καὶ
595 919 902 991 ἐμπλήσεις
932 917 1110 973 αὐτῶν
1150 918 1250 983 τὰς
1272 919 1462 989 χεῖρας
1483 955 1498 979 ,
1530 916 1626 969 καὶ
1655 916 1815 985 ἁγιά-

218 1028 333 1076 usu;
364 1012 591 1075 αὐτοὺς,
619 1010 708 1064 ἴνα
738 1007 1061 1081 ίερατεύωσί
1086 1025 1197 1079 μοι.
1230 1008 1340 1063 Καὶ
1364 1009 1611 1080 ποιήσεις
1633 1007 1815 1069 αὐτοῖς

219 1102 532 1175 περισκελῆ
551 1101 671 1155 λινᾶ
692 1100 932 1170 καλύψαι
955 1097 1345 1172 ἀσχημοσύνην
1368 1099 1579 1170 χρωτὸς
1603 1096 1782 1151 αύτῶν
1796 1137 1812 1160 ,

218 1195 328 1251 ἀπὸ
356 1194 567 1264 ὀσφύος
593 1194 699 1257 ἕως
732 1192 924 1264 μηρῶν
951 1191 1127 1246 ἔσται.
1147 1191 1256 1246 Καὶ
1280 1191 1392 1257 ἔξει
1435 1190 1648 1263 Ἀαρὼν
1677 1188 1817 1243 αὐτὰ

219 1288 315 1343 καὶ
344 1288 398 1341 ot
435 1286 547 1340 υἱοὶ
575 1284 741 1340 αὐτοῦ
762 1327 777 1348 ,
810 1286 939 1338 ὅταν
974 1281 1405 1354 είσπορεύωνται
1435 1285 1513 1346 είς
1546 1282 1643 1354 τὴν
1680 1299 1814 1352 σκη-

220 1378 315 1448 νὴν
345 1376 443 1431 τοῦ
486 1376 812 1448 μαρτυρίου,
837 1374 869 1445 ἢ
904 1375 1035 1430 ὅταν
1062 1374 1548 1446 προσπορεύωνται
1575 1374 1818 1444 λειτουρ·

221 1471 336 1538 γεῖν
370 1468 516 1539 πρὸς
557 1467 618 1521 τὸ
663 1467 1051 1537 θυσιαστήριον
1086 1465 1181 1520 τοῦ
1231 1465 1405 1535 ἁγίου.
1455 1467 1564 1519 Kal
1595 1466 1694 1518 οὐκ
1721 1467 1819 1519 ὲπο

225 1559 452 1621 άξονται
488 1556 623 1628 πρὸς
664 1557 888 1618 ἑαυτοὺς
920 1556 1214 1626 ἁμαρτίαν,
1245 1556 1331 1609 ίνα
1365 1555 1441 1628 μὴ
1483 1555 1815 1609 ἀποθάνωσι.

1909 372 2056 419 etum
2074 374 2159 422 est
2173 364 2430 420 bellicum
2461 361 3140 428 instrumentum,cidaris,
3166 361 3410 441 inquam,
3435 368 3491 417 et

1910 473 2067 513 zona.
2097 456 2266 512 Sacro
2302 456 2469 529 igitur
2510 462 2724 510 ornatu
2748 454 2958 509 clarum
3009 462 3174 524 atque
3205 452 3488 507 admiran-

1910 548 2041 603 dum
2076 547 2318 604 ostendit
2343 548 2544 603 Aaron.
2586 545 2854 615 Precepit
2894 553 3077 599 autem
3111 545 3369 614 insuper,
3404 542 3488 596 di-

1910 656 2042 696 cens
2076 658 2089 694 :
2135 660 2153 691 ι
2195 641 2263 695 Ει
2298 639 2426 694 ﬁliis
2462 639 2641 694 Aaron
2670 636 2838 692 facies
2866 635 3081 692 tunicas
3112 645 3168 690 et
3199 650 3404 690 zonas:
3438 646 3496 690 et

1912 733 2126 789 eidares
2160 732 2327 787 facies
2354 731 2507 803 ipsis,
2540 731 2597 785 in
2630 730 2895 786 honorem
2935 740 2990 783 et
3019 726 3248 798 gloriam
3285 745 3299 780 :
3328 738 3382 783 et
3407 727 3493 782 in-

1911 828 2049 883 dues
2076 827 2159 882 eis
2207 827 2392 881 Aaron
2432 823 2658 878 fratrem
2713 831 2890 886 tuum,
2932 829 2989 875 et
3038 820 3182 875 ﬁlios
3211 821 3330 891 ejus
3375 830 3498 890 post
3534 888 3539 891 Α

1913 936 2062 975 eum.
2090 920 2158 973 Et
2190 931 2363 987 unges
2390 930 2505 979 eos,
2554 923 2609 969 et
2658 912 2915 983 implebis
2966 928 3162 967 manus
3184 928 3403 976 eorum,
3443 922 3500 966 et

1915 1005 2289 1063 sanctiﬁcabis
2311 1020 2426 1068 eos,
2479 1011 2539 1058 ut
2567 1002 2875 1058 sacerdotio
2916 1000 3214 1072 fungantur
3242 1001 3399 1056 mihi.
3432 1002 3501 1056 Et

1914 1099 2083 1155 facies
2106 1098 2214 1153 illis
2236 1095 2519 1152 femoralia
2556 1095 2722 1159 linea,
2746 1103 2808 1149 ut
2829 1093 3078 1163 operiant
3102 1093 3498 1164 turpitudinem

1917 1192 2168 1263 corporis
2201 1190 2323 1256 sui;
2360 1205 2390 1244 a
2413 1188 2617 1244 lumbis
2667 1203 2841 1257 usque
2873 1186 2941 1241 ad
2980 1186 3185 1242 femora
3209 1192 3410 1249 erunt;
3444 1198 3501 1242 ει

1916 1283 2158 1354 portabit
2215 1294 2280 1338 ea
2331 1281 2511 1336 Aaron
2563 1289 2621 1334 et
2660 1278 2758 1334 ﬁlii
2779 1280 2918 1351 ejus,
2947 1295 3072 1333 cum
3123 1278 3502 1350 ingredientur

1919 1374 1975 1427 in
2002 1371 2417 1427 tabernaculum
2444 1368 2767 1433 testimonii,
2798 1378 2894 1423 aut
2923 1384 3047 1423 cum
3079 1369 3500 1440 proﬁciscentur

1920 1464 1985 1519 ad
2014 1462 2438 1518 ministrantium
2460 1462 2528 1517 ad
2552 1461 2722 1515 altare
2748 1460 3232 1528 sanctiﬁcationis;
3262 1460 3425 1536 390
3446 1471 3502 1516 et

1921 1572 2029 1611 non
2060 1555 2324 1611 inducent
2372 1556 2475 1611 sibi
2528 1553 2663 1626 ipsis
2709 1564 3018 1624 peccatum,
3054 1571 3124 1611 ne
3157 1555 3501 1622 moriantur;

224 1649 486 1719 Νόμιμον
524 1645 743 1699 αἰώνιον
770 1645 920 1716 αὐτῷ
975 1646 1072 1699 καὶ
1100 1644 1178 1716 τῷ
1200 1647 1479 1717 σπέρματι
1504 1643 1668 1698 αὐτοῦ
1703 1646 1819 1716 μετ’

1930 1647 2227 1718 legitimum
2280 1648 2677 1718 sempiternum
2731 1646 2834 1717 ipsi
2882 1656 2940 1702 et
2983 1647 3178 1702 semini
3227 1648 3348 1718 ejus
3378 1656 3503 1717 post

223 1742 418 1796 αὐτόν.
453 1759 474 1792 ι
516 1738 677 1812 Ὁρᾷς
703 1740 783 1792 ὅτι
804 1738 898 1792 καὶ
922 1738 1106 1801 αὐτοῖς
1132 1740 1242 1801 τοῖς
1271 1737 1331 1803 ἐξ
1368 1735 1578 1808 Ἀαρὼν
1607 1735 1817 1808 ἐμπρέ-

226 1850 320 1888 πει
352 1833 438 1898 τὸ,
473 1832 550 1896 ὡς
583 1831 642 1885 ἐν
673 1847 740 1899 γε
769 1830 848 1902 τῷ
874 1828 1155 1901 πολεμικῷ
1190 1830 1528 1901 καθορᾶσθαι
1555 1831 1816 1901 σχήματι.

225 1926 495 1996 Μάχιμον
522 1922 632 1992 γὰρ
660 1922 720 1976 τὸ
751 1921 895 1992 ἱερὸν
922 1919 1068 1974 ἅπαν
1095 1921 1212 1973 ἐστὶ
1244 1919 1430 1989 γένος,
1473 1919 1562 1974 καὶ
1593 1903 1649 1972 οὗ
1682 1918 1820 1988 πρὸς

228 2012 371 2089 αἷμα
397 2017 501 2071 καὶ
518 2016 696 2083 σάρκα
722 2012 1110 2085 στρατεύεσθαί
1132 2030 1191 2066 τε
1211 2014 1305 2066 καὶ
1323 2013 1637 2082 ἁντεξάγειν
1659 2011 1818 2075 εἰδὸς,

230 2108 369 2164 ἀλλὰ
414 2107 520 2178 τῆς
560 2105 788 2178 βεϐήλου
833 2102 1206 2158 κατακωλύειν
1245 2102 1541 2175 ἁμαρτίας,
1583 2101 1823 2173 ἐμφανέ-

232 2198 409 2252 στατά
439 2213 503 2250 τε
545 2196 643 2250 καὶ
679 2194 913 2264 λογικῶς
940 2194 1050 2247 τῶν
1088 2193 1189 2263 τῆς
1230 2192 1489 2263 ἀληθείας
1536 2192 1823 2263 δογμάτων

230 2288 717 2360 ὕπερμαχόμενον,
742 2288 836 2340 καὶ
856 2286 1255 2358 αίχμαλωτίζον
1282 2286 1389 2339 πᾶν
1414 2284 1593 2354 νόημα
1620 2286 1701 2347 είς
1728 2283 1825 2355 τὴν

232 2379 493 2450 ὑπακοὴν
518 2376 613 2431 τοῦ
641 2375 876 2448 Χριστοῦ
902 2417 915 2441 ,
960 2374 1103 2429 καθὰ
1134 2375 1463 2446 γέγραπται.
1493 2372 1824 2444 Περισκελές

233 2487 293 2524 τε
315 2468 507 2524 λινοῦν
532 2469 739 2533 αὐτοῖς.
760 2467 823 2521 τὸ
844 2466 1077 2531 ἀκαλλὲς
1098 2483 1159 2520 τε
1184 2466 1277 2520 καὶ
1301 2465 1545 2536 ἄσχημον
1560 2464 1669 2519 τῶν
1698 2481 1764 2518 πε
1775 2464 1826 2535 ρ“ι

238 2561 452 2636 μηροὺς
488 2560 854 2624 κατασκιάζον
900 2554 961 2613 εὖ
1000 2559 1165 2630 μάλα.
1200 2558 1384 2630 Σεμνᾶι
1420 2557 1529 2628 γὰρ
1572 2552 1630 2610 εὖ
1678 2554 1826 2626 μάλα

237 2655 420 2709 πάντα
462 2653 534 2707 τά
565 2651 675 2705 τῶν
702 2651 893 2721 ἁγίων,
924 2652 1020 2704 καὶ
1046 2651 1296 2722 ἄσχημον
1325 2651 1383 2703 ἐν
1415 2649 1598 2711 αὐτοῖς
1630 2646 1785 2701 οὐδέν
1806 2663 1822 2677 ’

234 2743 611 2817 ὑποσημαίνει
637 2743 695 2796 δέ
725 2760 843 2807 πως
887 2742 946 2797 τδ
986 2741 1167 2796 λινοῦν
1207 2743 1320 2805 τοῖς
1365 2742 1693 2811 περιμηροϊς
1732 2736 1826 2792 τοῦ

238 2837 500 2910 σώματος
569 2836 795 2908 μέρεσιν
850 2833 1303 2906 ἐπενηνεγμένον,
1348 2834 1431 2887 ὅτι
1486 2834 1596 2894 τοῖς
1650 2831 1827 2902 ἁγίοις

237 2928 675 3003 πρεπωδεστὰτη
704 2927 812 2981 τῶν
840 2928 939 2999 τῆς
976 2928 1177 2999 σαρκὸς
1214 2925 1419 2997 ἡδονῶν
1453 2926 1487 2996 ἡ
1527 2924 1823 2996 ἀπόψυξιςο

1926 1736 2106 1808 ipsum
2132 1739 2195 1794 “.
2236 1759 2254 1791 ι
2307 1739 2474 1796 Vides
2518 1740 2654 1810 ipsis
2700 1756 2920 1812 quoque
2957 1740 3084 1796 ﬁliis
3120 1740 3302 1797 Aaron
3340 1740 3504 1796 deco-

1922 1846 2044 1885 rum
2069 1846 2209 1894 esse,
2237 1830 2383 1900 quod
2426 1831 2624 1886 bellico
2656 1832 2851 1887 habitu
2877 1833 3055 1888 induti
3082 1833 3341 1889 videntur
3369 1851 3383 1887 :
3414 1849 3502 1889 sa-

1922 1936 2076 1975 erum
2096 1921 2245 1976 enim
2295 1921 2431 1976 illud
2494 1938 2669 1993 genus
2710 1923 3027 1979 universum
3053 1933 3137 1979 est
3173 1924 3243 1979 ad
3266 1940 3503 1995 pugnam

1923 2022 2129 2084 aptum,
2162 2029 2271 2068 non
2297 2013 2444 2083 quod
2506 2013 2771 2071 adversus
2809 2030 3032 2070 carnem
3076 2024 3133 2070 et
3177 2016 3500 2086 sanguinem

1922 2104 2126 2159 bellum
2161 2120 2351 2176 gerere
2380 2113 2435 2160 et
2461 2121 2725 2177 pugnare,
2762 2107 2857 2161 sed
2888 2106 3034 2177 quod
3060 2107 3335 2178 impurum
3372 2123 3503 2177 pee-

1925 2206 2104 2252 catum
2159 2197 2459 2266 reprimere
2489 2197 2675 2265 norit;
2721 2202 2835 2253 tum
2875 2200 3222 2271 apertissime
3260 2208 3317 2254 et
3378 2215 3504 2254 ora-

1927 2285 2091 2341 tionis
2135 2286 2351 2341 viribus
2396 2302 2496 2357 pro
2528 2288 2781 2345 veritatis
2825 2288 3096 2360 dogmatis
3149 2289 3503 2354 decertandi),

1928 2384 2044 2451 tum
2080 2394 2212 2436 vero
2271 2396 2489 2436 onmem
2547 2380 2968 2452 intelligentiam
3021 2382 3091 2437 ad
3137 2383 3504 2439 obedientiam

1924 2469 2130 2526 Christi
2156 2472 2425 2542 captivam
2448 2473 2721 2538 ducendo,
2756 2473 2899 2529 sicut
2921 2475 3190 2545 scriptum
3213 2483 3299 2531 est
3320 2474 3387 2529 ".
3414 2475 3507 2530 Li-

1927 2579 2030 2619 nea
2048 2580 2214 2635 porro
2232 2565 2339 2621 illis
2361 2574 2488 2620 sunt
2508 2565 2815 2632 femoralia,
2839 2575 2900 2621 ut
2923 2565 3326 2623 deformitatem
3347 2575 3510 2637 atque

1929 2653 2350 2724 turpitudinem,
2382 2670 2504 2725 quae
2548 2654 2604 2709 in
2630 2653 2937 2711 femoribus
2962 2663 3067 2723 est,
3099 2657 3306 2728 optime
3327 2668 3512 2714 conte-

1926 2755 2075 2817 gant.
2112 2746 2245 2801 Nam
2273 2749 2478 2814 omnia,
2504 2764 2626 2820 quae
2643 2749 2710 2803 ad
2738 2756 2958 2804 sanctos
2981 2749 3282 2821 pertinent,
3333 2749 3512 2807 hone-

1930 2838 2170 2892 stissima
2200 2848 2349 2904 sunt,
2376 2839 2624 2910 nihilque
2655 2841 2710 2894 in
2739 2840 2849 2896 illis
2881 2847 3038 2911 turpe
3066 2841 3394 2897 estzlineum
3414 2859 3514 2899 au-

1931 2936 2041 2984 tem
2102 2929 2487 2985 indumentum
2533 2932 2784 3001 partibus
2835 2933 3084 3003 corporis
3119 2932 3263 2988 circa
3308 2933 3516 2989 femora

234 2988 450 3095 ψυχρὸν
479 3020 591 3093 γὰρ
618 2988 681 3073 ei.
707 2988 1025 3074 Atvoi'wszo
1145 2988 1349 3091 θερμὸν
1382 2988 1695 3090 είς-ὀρέξεις
1722 2988 1826 3080 τὰς

1931 3020 2217 3076 inductum
2265 3037 2438 3092 prope
2501 3022 2767 3090 insinuat,
2808 3024 3280 3096 refrigerationem
3337 3027 3517 3084 carnis

245 3114 679 3187 μυσαρωτάτας,
712 3112 857 3167 ὁσίου
889 3110 1088 3176 παντὸς
1116 3110 1413 3183 ἀλλότριον.
1461 3109 1556 3164 Ἐκ
1592 3109 1735 3163 λίνου
1768 3108 1826 3161 δὲ

240 3209 338 3262 καὶ
382 3207 591 3278 ἑτέρως
624 3209 738 3270 τοῖς
774 3205 1018 3279 ἱερᾶσθαι
1064 3204 1343 3275 λαχοῦσιν,
1394 3202 1576 3274 άμφιά
1619 3219 1679 3256 τε
1731 3202 1826 3254 καὶ

130 3380 133 3381 ν
241 3299 570 3373 περισκελῆ,
602 3298 831 3371 Νεκριῖνλ
856 3297 966 3368 γὰρ
1004 3297 1185 3369 ἔργων
1212 3297 1511 3366 άποφοιτᾷν
1530 3296 1827 3363 ἀναγκαῖον

240 3389 448 3456 αὐτούς
467 3405 483 3420 ο
511 3388 780 3460 σύμϐολον
795 3388 852 3443 δὲ
872 3382 1195 3460 νεκρότητος
1217 3387 1292 3449 ὡς
1316 3389 1379 3440 ὲκ
1406 3384 1705 3455 θνησειδίω
1733 3386 1829 3455 λη-

245 3483 406 3553 φθὲν,
424 3499 501 3554 φη
511 3482 573 3553 μὶ
592 3481 659 3552 δὴ
687 3480 977 3552 προϐάτου.
997 3478 1228 3551 Νεκρῶν
1239 3474 1332 3533 οὖν
1355 3477 1531 3550 ἔργων
1548 3477 1827 3541 ἀπόθεσις,

244 3576 320 3640 ὡς
357 3577 418 3629 ὲν
470 3573 627 3645 τύπῳ
661 3573 843 3637 πάλιν,
887 3573 949 3627 τὸ
985 3574 1098 3637 τοῖς
1129 3574 1195 3626 ὲκ
1235 3568 1379 3623 λίνου
1420 3568 1699 3629 ἐστάλθαι,
1735 3566 1832 3621 καὶ

243 3668 370 3739 οὐχὶ
400 3665 471 3738 δὴ
504 3664 704 3737 μᾶλλον
748 3667 862 3727 τοῖς
891 3663 950 3730 ἐξ
992 3661 1157 3733 ὲρίων
1195 3660 1506 3731 ἐσθήμασι·
1550 3659 1645 3712 καὶ
1675 3656 1833 3710 τοῦτο

246 3761 415 3831 νόμος
440 3758 595 3828 ἅγιος
619 3759 649 3810 ὁ
675 3756 948 3827 διηνεκής.
987 3753 1216 3824 Ἕψεται
1242 3752 1300 3807 δὲ
1333 3753 1416 3806 ὅτι
1449 3751 1625 3818 πάντη
1653 3767 1713 3804 τε
1741 3749 1836 3804 καὶ

248 3854 477 3916 πάντως
496 3850 559 3905 τὸ
579 3847 897 3903 ὲκτεθνάναι
915 3847 1048 3912 δεῖν,
1067 3844 1372 3918 ἠμεληκόσι
1394 3842 1489 3898 τοῦ
1510 3841 1834 3915 πρέποντος,

247 3947 365 4003 Καὶ
393 3945 496 4017 τῆς
539 3944 623 3997 ὃτι
656 3941 891 4015 μάλιστα
916 3937 1236 4011 πρεπούσης
1278 3937 1460 4000 αὐτοῖς
1506 3934 1837 4006 εὐκοσμίας,

244 4038 667 4111 διαμεμήνυκεν
698 4031 867 4088 εἰπὼν
889 4033 918 4086 ὅ
940 4049 993 4085 τι
1037 4032 1145 4103 χρὴ
1178 4029 1477 4102 φοροῦντας
1511 4028 1834 4100 ἱερουργεῖν·

249 4132 367 4187 Καὶ
394 4132 499 4185 οὐκ
548 4126 840 4194 ἐπάξονται
860 4166 877 4192 ,
911 4124 1078 4196 φησὶ,
1109 4120 1248 4194 πρὸς
1286 4119 1512 4184 ἑαυτοὺς
1543 4118 1839 4192 ἁμαρτίαν,

251 4222 342 4280 ενα
374 4221 455 4292 μὴ
484 4217 855 4273 ἀποθάνωσιν.

1931 3112 2276 3182 voluptatum
2302 3113 2534 3168 maxime
2560 3113 2758 3170 decere
2801 3125 3019 3172 sanctos
3054 3136 3066 3171 :
3102 3116 3248 3173 linea
3279 3135 3515 3190 namque

1928 3205 2099 3260 vestis
2127 3205 2322 3276 frigida
2356 3214 2457 3261 est.
2486 3208 2691 3265 Fervor
2706 3222 2891 3267 autem
2919 3212 3032 3277 ille,
3048 3228 3160 3282 quo
3190 3213 3517 3284 turpissima:

1930 3296 2293 3367 appetitiones
2339 3300 2669 3368 excitantur,
2698 3304 2769 3359 ab
2818 3320 3151 3375 unoquoque
3178 3305 3300 3361 viro
3326 3317 3516 3362 sancto

1930 3395 2015 3441 est
2062 3389 2294 3445 alienus.
2338 3390 2456 3447 Alia
2494 3408 2713 3465 quoque
2756 3395 2989 3460 ratione,
3033 3396 3127 3466 qui
3178 3397 3516 3453 sacerdotale

1930 3493 2133 3534 munus
2162 3482 2341 3537 sortiti
2373 3492 2520 3548 sunt,
2537 3498 2732 3539 eorum
2771 3494 2828 3540 et
2849 3495 3031 3542 vestes
3060 3495 3117 3543 et
3142 3486 3424 3544 femoralia
3448 3506 3516 3545 ex

1930 3568 2045 3623 lino
2078 3569 2250 3635 ﬁunt;
2279 3572 2483 3628 etenim
2507 3573 2628 3629 illos
2664 3590 2696 3630 a
2718 3576 2952 3632 mortuis
2973 3579 3234 3648 operibus
3261 3580 3518 3637 recedere

1930 3676 2157 3718 necesse
2198 3673 2317 3731 est;
2371 3665 2585 3735 signum
2629 3678 2814 3724 autem
2853 3671 3208 3727 mortalitatis
3231 3681 3336 3738 est,
3367 3675 3517 3743 quod

1934 3769 2001 3809 ex
2031 3768 2260 3824 corpore
2287 3757 2557 3813 morituro
2587 3760 2844 3825 sumitur,
2872 3776 2941 3815 ex
2961 3777 3084 3827 ove,
3114 3762 3357 3834 inquam.
3388 3766 3521 3822 Esse

1936 3844 2107 3916 igitur
2146 3846 2327 3914 lineis,
2367 3864 2479 3904 non
2513 3850 2685 3905 laneis
2719 3852 2964 3908 vestibus
2991 3852 3265 3920 indutum,
3294 3854 3523 3928 ﬁgurate

1938 3938 2230 4005 signiﬁcat,
2259 3956 2426 4011 opera
2465 3951 2684 4000 mortua
2712 3944 2989 4015 deponere
3015 3963 3028 3999 :
3055 3961 3227 4018 eaque
3253 3947 3341 4004 lex
3368 3965 3525 4006 sane-

1939 4040 1994 4087 ta
2022 4041 2107 4087 est
2162 4040 2328 4103 atque
2380 4044 2665 4105 perpetua.
2722 4036 2862 4092 Fore
2883 4043 3076 4091 autem
3117 4039 3342 4110 omnino
3369 4049 3448 4105 ut,
3476 4044 3524 4097 si

1939 4124 2079 4194 ejus,
2100 4123 2245 4194 quod
2281 4123 2496 4189 deceat,
2521 4134 2686 4196 atque
2706 4126 3031 4190 honestatis,
3062 4144 3185 4197 quae
3214 4128 3323 4183 illis
3350 4132 3523 4185 maxir

1943 4228 2029 4268 me
2055 4215 2332 4279 convenit,
2357 4216 2693 4287 negligentes
2714 4216 2844 4282 sint,
2867 4233 2964 4274 eos
2994 4219 3184 4274 mortis
3207 4234 3368 4289 poena
3390 4236 3526 4276 cor.-

248 4316 544 4382 seguatur,
572 4307 858 4373 indicavit,
885 4320 1011 4362 cum
1056 4303 1219 4370 dixit,
1248 4302 1473 4396 indutos
1529 4316 1595 4358 ea
1622 4309 1780 4358 veste
1839 4304 2162 4360 sacriﬁcare
2218 4315 2517 4377 oportere:
2549 4309 2618 4366 Et
2667 4326 2781 4366 non
2831 4310 3114 4375 inducent,
3183 4311 3382 4382 inquit,
3419 4315 3525 4371 sibi

253 4400 397 4473 ipsis
418 4407 730 4472 peccatum,
756 4414 828 4455 ne
864 4397 1192 4454 moriantur.

326 4492 548 4547 ΠΔΛΔ.
605 4488 876 4560 Ἀσφαλὴς
897 4489 926 4541 ὁ
944 4488 1106 4558 νόμος
1128 4486 1191 4539 τὸ
1217 4484 1434 4572 ἑκάστῳ
1474 4483 1752 4550 λυσιτελὲς
1783 4482 1826 4540 εἰ

2018 4490 2216 4548 PALL.
2245 4490 2418 4548 Cauta
2447 4507 2511 4548 ac
2527 4492 2756 4565 provida
2777 4494 2866 4550 lex
2888 4504 2993 4561 est,
3010 4511 3157 4563 cum,
3179 4498 3311 4568 quid
3330 4501 3529 4572 cuique

254 4583 413 4656 μάλα
444 4579 805 4642 καταδεικνὺς
824 4618 842 4641 ,
888 4577 985 4632 καὶ
1018 4578 1089 4631 τὰ
1120 4576 1187 4630 δι’
1216 4568 1290 4630 ὧν
1317 4576 1517 4646 ἄριστα
1552 4573 1668 4646 ἔχοι
1696 4577 1842 4649 σαφῆ

248 4675 550 4738 καθιστάς,

310 4766 504 4822 ’ΚΥΡ.
539 4756 668 4819 Ὧδε
693 4763 825 4836 ἔχει·
855 4763 953 4817 καὶ
989 4762 1148 4834 στολῇ
1182 4761 1280 4833 μὲν
1316 4762 1382 4832 τῇ
1408 4760 1585 4833 τοιᾷδε
1610 4759 1673 4813 τὸ
1704 4761 1847 4834 ἱερὸν

254 4860 361 4915 καὶ
418 4857 720 4912 ἁπόλεκτον
766 4855 1163 4910 κατακαλλύνει
1192 4855 1368 4924 γένος,
1406 4852 1622 4922 ἁγιάζει
1663 4852 1720 4907 δὲ
1755 4853 1848 4906 καὶ

256 4953 508 5024 ἑτέρως,
551 4948 627 5014 ὡς
656 4951 714 5003 ὲν
753 4950 884 5019 σκιᾷ
913 4950 1012 5021 μὲν
1035 4947 1148 5010 ἔτι,
1189 4944 1328 5018 πλὴν
1372 4947 1430 5000 ὲν
1472 4946 1715 5017 Χριστῷ.
1750 4945 1789 4998 Γ
1794 4946 1850 5000 έο

256 5059 508 5116 γραπται
544 5041 655 5114 γὰρ
685 5041 741 5095 δὲ
768 5041 884 5095 ὡδί·
932 5058 953 5091 ι
986 5041 1095 5094 Kal.
1125 5036 1300 5093 ταῦτά
1329 5039 1475 5092 ἐστιν
1515 5037 1552 5094 ἃ
1601 5024 1848 5109 ποιήσεις

258 5137 472 5213 αὐτοῖς’
506 5135 736 5205 άγίασαι
760 5134 959 5200 αὐτοὺς
1012 5132 1152 5188 ὥστε
1180 5132 1481 5206 ἱερατεύειν
1503 5149 1593 5204 μοι
1628 5131 1848 5196 αὐτοὺς,

259 5226 416 5301 λήψῃ
445 5226 745 5300 μοσχάριον
770 5229 835 5281 ὲκ
856 5224 994 5298 βοῶν
1017 5224 1096 5292 ἓν,
1121 5225 1214 5280 καὶ
1235 5224 1424 5296 κριοὺς
1444 5224 1538 5278 δύο
1563 5222 1847 5296 ἀμώμους,

258 5320 363 5373 καὶ
382 5316 585 5390 ἄρτους
608 5316 851 5389 ἀζύμους
883 5314 1299 5390 πεφυραμένους
1322 5316 1391 5368 ’ὲν
1418 5313 1603 5386 ἐλαίῳ,
1631 5314 1727 5369 καὶ
1758 5314 1852 5369 λάο

260 5400 403 5478 itm
432 5408 626 5484 ἄζυμα
649 5410 987 5483 κεχρισμένα
1025 5410 1083 5463 ὲν
1107 5400 1291 5479 ἐλαίῳ.
1322 5406 1610 5478 Σεμίδαλιν
1642 5407 1705 5461 ὲκ
1742 5424 1848 5464 πυ-

333 5597 577 5661 “Exod.
615 5612 804 5667 mm,
835 5596 1023 5656 ιο-ιδ.
1100 5597 1154 5678 δ’,
1192 5598 1238 5654 ll
1264 5596 1390 5656 Cor.
1443 5612 1498 5669 ι,
1537 5597 1591 5667 5,
1626 5597 1678 5653 ϐ.

1944 4584 2219 4654 expediat,
2243 4585 2450 4657 Optime
2475 4585 2848 4651 demonstret,
2876 4596 2934 4643 et
2965 4604 3063 4661 per
3086 4606 3210 4661 quae
3239 4606 3297 4647 se
3325 4594 3529 4663 optime

1947 4672 2180 4747 quisque
2202 4674 2408 4731 habere
2430 4673 2622 4746 possit,
2645 4676 2936 4748 perspicua
2962 4678 3143 4735 faciat.

2017 4762 2173 4819 ΟΥΕ.
2206 4764 2285 4820 Ita
2319 4772 2425 4822 est.
2460 4764 2743 4836 Ejusmodi
2782 4766 2950 4838 igitur
2996 4776 3149 4825 veste
3197 4784 3416 4828 sacrum
3474 4782 3532 4826 et

1948 4856 2184 4912 electum
2209 4874 2383 4930 genus
2414 4866 2682 4925 exornat;
2707 4858 2804 4916 sed
2838 4859 2943 4915 alia
2968 4860 3182 4919 ratione
3202 4862 3530 4929 sanctiﬁcat,

1955 4956 2017 5004 ut
2045 4947 2101 5003 in
2130 4949 2328 5006 umbra
2358 4950 2585 5023 quidem
2615 4950 2818 5015 adhuc.
2849 4952 2946 5007 sed
2978 4953 3034 5008 in
3077 4952 3300 5011 Christo
3328 4964 3530 5013 tamen.

1954 5040 2033 5097 Ita
2067 5040 2236 5114 igitur
2268 5042 2537 5114 scriptum
2573 5051 2658 5099 est
2684 5060 2697 5096 :
2740 5063 2759 5094 ι
2792 5044 2863 5100 Ει
2889 5043 3009 5101 hac
3032 5053 3182 5112 sunt,
3209 5062 3333 5117 qua:
3362 5048 3534 5105 facies

1962 5133 2077 5189 eis:
2108 5132 2479 5201 sanctiﬁeabis
2528 5148 2645 5199 eos,
2680 5142 2741 5189 ut
2764 5136 3073 5195 sacerdotio
3100 5136 3400 5211 fungantur
3432 5139 3536 5196 mir

1955 5225 2047 5281 hi:
2079 5226 2319 5298 accipies
2374 5221 2609 5281 vitulum
2648 5241 2714 5281 ex
2749 5225 2927 5284 bobus
2973 5244 3145 5287 unum
3171 5271 3187 5297 ,
3221 5238 3279 5286 et
3331 5230 3536 5288 arietes

1955 5315 2095 5373 duos
2126 5316 2528 5380 immaculatos,
2550 5324 2607 5372 et
2632 5331 2803 5393 panes
2852 5333 3094 5391 azymos,
3124 5320 3250 5376 oleo
3301 5320 3450 5384 litos,
3478 5330 3538 5376 et

1954 5409 2148 5483 lagana
2203 5423 2410 5481 azyma,
2446 5417 2611 5475 uncta
2658 5409 2804 5478 oleo,
2863 5411 3100 5471 similam
3141 5427 3209 5470 ex
3254 5410 3534 5470 frumento
