3962 6296
480 235 582 295 7M

1477 242 1539 297 ε.
1584 241 1857 300 CTRILLI
1896 244 2363 306 ALEXANDRINI
2404 242 2719 308 ARCHIEP.

3630 247 3729 305 752

473 356 655 411 {acies
704 370 805 417 ea,
856 361 911 408 et
961 353 1210 425 impones
1259 372 1323 411 ea
1365 357 1426 411 in
1485 361 1784 416 canistrum
1849 378 2051 429 unum,

2159 365 2270 438 ρῶν
2305 365 2554 438 ποιήσεις
2598 366 2771 432 αὐτὰ,
2814 369 2912 422 καὶ
2942 366 3222 441 ἐπιθήσεις
3251 366 3392 423 αύτὰ
3418 366 3510 420 ἐπὶ
3541 362 3734 419 κανοῦν

484 457 541 501 et
572 445 771 500 bﬂ'cres
803 446 858 500 in
919 447 1181 512 canistro,
1238 456 1293 502 et
1333 450 1565 505 vitulum
1619 461 1675 506 et
1725 453 1864 510 duos
1913 455 2053 511 arie—

468 548 600 603 ιιεδς
656 545 712 593 et
758 536 940 592 Aaron
998 546 1055 593 et
1108 537 1246 594 ﬁlios
1297 542 1419 612 ejus
1478 543 1720 601 adduces
1789 547 1857 601 ad
1896 547 2054 620 391

483 632 685 687 ostium
757 629 1096 685 tabernaculi
1167 633 1511 698 testimonii,
1571 645 1628 691 et
1689 637 1898 694 lavabis
1963 654 2061 695 eos

466 738 646 793 aqua,
715 732 771 777 et
827 721 1068 793 acceptis
1115 723 1292 787 stolis,
1351 725 1546 781 indues
1595 726 1776 783 Aaron
1831 728 2056 785 fratrem

465 825 638 869 :tuutn
721 813 961 869 tunicam
1034 814 1260 869 talarcm
1321 825 1379 872 et
1438 819 1927 888 superhumerale,
2003 832 2060 879 et

482 906 749 961 rationale
802 904 870 958 ad
938 906 1409 975 superhumcrale.
1473 909 1542 963 Et
1600 910 1819 980 aptabis
1870 911 1920 967 ei
1972 927 2060 966 ra-

480 996 685 1052 tionale
719 997 786 1050 ad
821 997 1298 1067 superhumeralc,
1324 1008 1380 1055 et
1420 1000 1669 1072 impones
1719 1004 1938 1058 mitram
1966 1020 2061 1059 su-

480 1104 580 1157 per
605 1089 928 1159 caputcjus,
978 1098 1036 1144 et
1092 1089 1340 1159 imponas
1381 1092 1638 1148 laminam
1673 1094 2058 1152 sanctiﬁcatio-

479 1194 603 1233 nem
636 1194 803 1250 super
828 1179 1085 1245 mitram;
1116 1188 1172 1233 et
1215 1180 1455 1250 accipies
1484 1181 1552 1237 de
1594 1182 1715 1237 oleo
1756 1183 2053 1251 unctionis,

460 1269 806 1325 -eteﬁ'undcs
830 1269 963 1324 illud
1003 1286 1170 1340 super
1218 1280 1383 1343 caput
1415 1274 1534 1343 ejus
1570 1281 1626 1328 et
1658 1290 1831 1345 unges
1875 1275 2051 1330 illum.

478 1362 545 1415 Et
579 1360 723 1415 ﬁlios
760 1362 879 1431 ejus
907 1360 1168 1427 adduces,
1205 1374 1262 1418 et
1309 1363 1506 1419 indues
1560 1380 1657 1421 eos
1717 1368 1950 1434 tunicas,
1999 1377 2056 1424 et

478 1453 665 1523 cinges
688 1468 784 1508 eos
832 1453 1003 1517 zonis,
1041 1461 1097 1508 et
1134 1455 1519 1526 circumpones
1567 1457 1678 1513 illis
1714 1458 1949 1526 cidarcs,
1999 1469 2056 1516 et

457 1546 582 1601 -erit
604 1546 715 1601 illis
738 1545 1106 1601 sacerdotium
1135 1548 1270 1601 mihi
1299 1549 1352 1602 in
1382 1548 1666 1615 saeculum,
1698 1559 2054 1607 ctconsecra-

475 1638 562 1696 bis
590 1642 770 1697 Aaron
794 1657 1009 1705 manus,
1041 1649 1097 1696 et
1129 1657 1326 1697 manus
1360 1642 1599 1697 ﬁliorum
1644 1644 1764 1716 ejus
1796 1646 1861 1698 ⁸³.
1894 1664 1912 1696 ι
1942 1644 2048 1715 lgi-

2162 452 2239 517 ἒν,
2270 453 2363 508 καὶ
2393 457 2696 528 προσοίσεις
2717 456 2856 511 αύτὰ
2892 459 2982 511 tat
3007 457 3083 529 τῷ
3108 457 3278 529 κανῷ,
3313 459 3409 512 καὶ
3434 458 3497 511 τὸ
3530 456 3733 528 μοσχά-

2162 560 2297 616 ριον,
2340 546 2433 599 καὶ
2485 547 2612 612 τοὺς
2657 547 2751 602 δύο
2791 549 2998 619 κριούς.
3036 551 3147 603 Kal
3201 548 3412 621 Ἀαρὼν
3462 551 3559 603 καὶ
3614 549 3736 611 τοὺς

2160 637 2309 702 υἱοὺς
2335 638 2499 692 αὐτοῦ
2533 632 2824 712 προσάξεις
2846 642 2937 694 ἐπὶ
2960 641 3058 704 τὰς
3088 638 3256 714 θύρας
3285 644 3383 712 τῆς
3414 639 3621 712 σκηνῆς
3647 640 3738 695 τοῦ

2161 728 2486 798 μαρτυρίου,
2521 728 2612 782 xal
2648 728 2859 794 λούσεις
2893 730 3090 795 αὐτοὺς
3129 733 3187 784 ἐν
3219 730 3392 784 ὕδατι.
3425 731 3531 784 Καὶ
3556 721 3740 783 λαϐὼν

2159 816 2255 880 τὰς
2288 816 2499 884 στολὰς,
2521 818 2761 883 ἐνδύσεις
2797 818 3009 891 Ἀαρὼν
3034 819 3123 873 τὸν
3152 819 3379 889 ἀδελφόν
3405 836 3501 871 σου
3532 820 3625 873 καὶ
3651 818 3739 871 τὸν

2156 907 2362 977 χιτῶνα
2389 909 2480 962 τὸν
2509 908 2642 980 ποδὴ
2652 926 2743 980 ρη.
2780 911 2872 963 καὶ
2895 910 2992 981 τὴν
3015 911 3284 982 ἐπωμίδα,
3309 911 3404 965 καὶ
3427 909 3488 962 τὸ
3506 909 3737 978 λογεῖον.

2158 999 2267 1052 Καὶ
2302 999 2561 1070 συνάψεις
2603 1001 2753 1073 αὐτῷ
2798 1001 2859 1057 τὸ
2899 1001 3107 1071 λογεῖον
3152 1003 3287 1074 πρὸς
3332 1002 3429 1073 τὴν
3462 1002 3734 1072 ἐπωμίδα.

2157 1091 2267 1145 Kal
2310 1090 2595 1163 ἐπιθήσεις
2640 1091 2739 1164 τὴν
2774 1092 2974 1165 μίτραν
3011 1094 3102 1175 ἐπὶ
3136 1094 3235 1167 τὴν
3265 1094 3503 1166 κεφαλὴν
3544 1092 3732 1160 αὐτοῦ,

2156 1181 2252 1235 καὶ
2278 1181 2558 1254 ἐπιθήσεις
2579 1181 2641 1236 τὸ
2658 1182 2886 1238 πέταλον
2907 1183 2970 1239 τὺ
2990 1184 3240 1256 ἁγίασμα
3261 1185 3354 1238 ἐπὶ
3382 1187 3481 1257 τὴν
3509 1186 3730 1257 μίτραν,

2156 1271 2251 1325 καὶ
2283 1271 2430 1346 λήψῃ
2448 1273 2542 1326 τοῦ
2564 1272 2746 1328 ἐλαίου
2765 1272 2860 1328 τοῦ
2886 1277 3205 1347 χρίσματος,
3232 1277 3326 1331 καὶ
3346 1278 3581 1348 ἐπιχεεῖς
3604 1279 3739 1333 αὐτὸ

2155 1362 2248 1417 ἐπὶ
2275 1363 2372 1436 τὴν
2406 1365 2649 1437 κεφαλὴν
2682 1366 2870 1434 αὐτοῦ,
2902 1369 2994 1421 καὶ
3017 1369 3227 1439 χρίσεις
3262 1370 3443 1424 αὐτόν.
3480 1370 3588 1424 Kal
3609 1372 3737 1437 τοὺς

2155 1454 2303 1518 υἱοὺς
2335 1454 2501 1508 αὐτοῦ
2537 1456 2849 1528 προσάξεις,
2877 1459 2970 1511 καὶ
2994 1458 3176 1512 ἐνδύσε
3187 1476 3233 1524 ις
3256 1460 3455 1525 αὐτοὺς
3475 1461 3733 1533 χιτῶνας,

2154 1546 2249 1598 καὶ
2274 1542 2470 1611 ζὼσεις
2490 1548 2687 1613 αὐτοὺς
2711 1551 2829 1614 ταῖς
2851 1549 3071 1615 ζώναις,
3095 1551 3190 1604 καὶ
3218 1550 3532 1624 περιθήσεις
3552 1555 3734 1619 αὐτοῖς

2154 1636 2253 1701 τὰς
2276 1638 2540 1709 κιδὰρεις.
2582 1642 2693 1695 Καὶ
2723 1642 2875 1696 ἔσται
2914 1643 3098 1707 αὐτοῖς
3141 1644 3387 1713 ίερατεία
3419 1661 3509 1715 μοι
3538 1647 3619 1709 είς
3642 1647 3735 1700 τὶν

460 1744 567 1787 οιιιι·
599 1732 784 1788 aﬁerri
809 1748 910 1805 pro
928 1731 1197 1787 sacriﬁcio
1215 1733 1379 1804 jussit
1397 1733 1652 1800 vitulum,
1672 1751 1735 1791 ac
1757 1736 1893 1792 duos
1910 1739 2051 1794 arie-

2153 1728 2345 1795 αἰῶνα,
2388 1732 2484 1785 καὶ
2527 1732 2836 1799 τελειώσεις
2893 1733 3105 1805 Ἀαρὼν
3143 1737 3243 1800 τὰς
3299 1740 3490 1810 χεῖρας
3541 1738 3739 1809 αὑτοῦ,

479 1836 592 1887 tes,
620 1825 810 1896 lagana
850 1839 1068 1896 quoque
1095 1834 1151 1880 et
1176 1841 1347 1896 panes
1380 1824 1435 1881 in
1471 1826 1730 1882 canistro.
1762 1828 1921 1885 Prius
1957 1846 2052 1885 au-

477 1926 586 1970 tem
621 1915 725 1970 alia
755 1915 966 1971 ratione
992 1916 1118 1971 illos
1142 1914 1345 1986 expiat,
1367 1915 1619 1988 figuram,
1653 1927 1715 1972 ut
1747 1921 1964 1991 opinor,
1994 1921 2050 1976 in

474 2022 541 2060 ca
564 2022 623 2061 re
656 2021 802 2061 verae
847 2005 1299 2063 sanctiﬁcationis
1330 2009 1630 2064 ostendens
1672 2028 1686 2064 :
1722 2027 1870 2077 nam,
1924 2028 2049 2068 cum

475 2098 659 2151 Aaron
711 2095 892 2167 ipsum
946 2110 1089 2166 aqua
1146 2097 1302 2167 prius
1348 2098 1637 2164 abluisset,
1678 2115 1836 2155 sacra
1892 2100 2049 2156 illum

475 2188 613 2241 stola
685 2184 883 2240 induit.
984 2185 1097 2241 Nos
1178 2200 1398 2258 quoque
1473 2197 1664 2245 sancto
1726 2191 2051 2263 baptismate

454 2280 670 2343 :abluti,
718 2279 979 2350 omnique
1008 2296 1208 2351 genere
1252 2282 1585 2352 impuritatis
1635 2285 1904 2351 absterso,
1934 2293 2050 2341 tum

473 2371 713 2441 denique
741 2386 982 2441 superna
1015 2371 1109 2426 illa
1147 2373 1473 2445 caelestique
1505 2376 1676 2446 gratia
1704 2376 1967 2442 ditamur,
1995 2386 2052 2434 et

458 2465 677 2520 lmtitize
703 2463 950 2519 tunicam
1004 2465 1326 2535 accipimus,
1374 2468 1530 2539 juxta
1557 2467 1735 2523 illud:
1791 2468 2051 2525 «Induite

460 2553 766 2609 iDominnm
804 2561 1054 2608 nostrum
1105 2554 1290 2610 Jesum
1322 2555 1603 2611 Christum
1627 2557 1688 2611 κδ.
1712 2577 1730 2607 ι
1769 2556 2050 2628 Superiori

474 2661 711 2715 namque
739 2645 988 2699 oratione
1005 2646 1438 2702 demonstratum
1466 2657 1550 2704 est
1577 2649 1629 2704 in
1648 2658 1846 2705 ornatu
1871 2652 2051 2707 Aaron

457 2737 646 2792 -fuisse
663 2736 944 2791 Christum
960 2737 1108 2791 varie
1134 2736 1599 2807 ﬁguratum.01eo
1622 2756 1840 2811 quoque
1863 2750 2052 2797 sancto

462 2838 647 2899 caput
678 2827 895 2897 inungit
931 2846 944 2881 :
974 2830 1157 2899 psallit
1184 2839 1367 2884 autem
1414 2831 1613 2886 David:
1657 2833 2049 2905 «Impinguasti

457 2921 532 2976 tiu
571 2920 691 2975 oleo
724 2928 888 2990 caput
916 2934 1098 2975 meum
1130 2922 1194 2975 ".
1220 2941 1237 2974 1
1273 2922 1376 2978 Ubi
1410 2921 1517 2978 olei
1545 2924 1769 2980 nomine
1803 2925 2051 2982 hilaritas

460 3013 613 3084 spei,
638 3027 801 3084 quam
849 3013 1027 3069 sancti
1061 3030 1194 3070 voce
1229 3023 1522 3081 testantur,
1565 3017 1619 3072 id
1673 3026 1778 3084 est,
1813 3034 2050 3090 superna

477 3104 751 3177 inspectio
807 3104 1103 3173 hilaritatis
1153 3106 1404 3161 effectrix
1456 3106 1804 3179 designatur:
1836 3111 2053 3167 miseri-

458 3195 720 3252 ‘cordiam
774 3195 924 3253 enim
968 3197 1248 3252 consecuti
1291 3211 1503 3263 sumus,
1535 3199 1629 3270 qui
1690 3201 2049 3270 credidimus,

459 3299 532 3345 εει
583 3287 862 3344 benedicti
907 3288 1162 3355 Domino,
1214 3299 1398 3346 mente
1424 3308 1526 3363 per
1578 3293 2049 3350 subministratio-

466 3396 601 3436 nem
641 3380 881 3451 Spiritus
925 3380 1297 3453 impinguata:
1339 3384 1539 3438 mentis
1594 3394 1777 3440 autem
1820 3385 2049 3458 ﬁguram

472 3473 616 3541 gerit
644 3481 828 3543 caput.
869 3470 951 3528 Ad
978 3473 1234 3529 eumdem
1278 3491 1495 3546 quoque
1547 3476 1772 3531 modum
1811 3477 2053 3533 sanctiﬁ-

461 3563 740 3619 eahantur
759 3564 1107 3633 sacerdotes;
1132 3581 1259 3621 nam
1291 3574 1348 3621 et
1388 3582 1530 3637 aqua
1574 3567 1962 3636 abluebantur,
1995 3577 2052 3625 et

463 3656 887 3727 diiungebantur
912 3657 1055 3722 oleo,
1084 3658 1159 3713 ita
1183 3658 1421 3729 denique
1440 3674 1595 3715 sacro
1624 3662 1828 3717 amictu
1854 3662 2051 3719 indue-

466 3746 696 3811 bantur,
726 3756 784 3801 et
834 3763 1030 3802 eorum
1072 3750 1543 3806 consecrabantur
1587 3767 1805 3821 manus,
1852 3763 1914 3810 ut
1937 3756 2050 3827 jam

458 3837 585 3908 :apti
616 3837 1022 3906 quodammodo
1051 3840 1121 3893 ad
1166 3839 1377 3895 hostias
1429 3857 1569 3913 pure
1596 3852 1653 3897 et
1685 3844 1791 3899 rite
1851 3845 2050 3903 immo-

462 3926 663 3982 landas
689 3926 1029 3983 viderentur.
1092 3930 1204 3986 Nos
1252 3930 1385 3987 item
1423 3935 1750 3991 sanctiﬁcati
1796 3938 1969 4008 prius,
1996 3947 2053 3995 et

459 4033 711 4088 superna
728 4020 901 4091 gratia
931 4024 1179 4078 exornati
1212 4032 1378 4094 atque
1415 4027 1483 4081 ad
1509 4027 1902 4098 perfectionem
1933 4031 2050 4102 spi-

463 4109 727 4164 ritualem
758 4109 994 4178 inuncti,
1027 4120 1143 4168 tum
1196 4114 1437 4187 denique
1494 4118 1841 4175 conﬁdenter
1895 4122 2052 4192 puris

458 4198 878 4268 quodammodo
909 4211 966 4259 et
993 4205 1197 4261 sanctis
1235 4207 1492 4263 manibus
1519 4224 1751 4266 munera
1771 4212 1904 4280 Deo,
1933 4215 2049 4285 Spi-

472 4291 693 4346 ritualia
750 4293 1036 4361 nimirum,
1089 4297 1405 4355 oﬁ'erimus.
1436 4297 1719 4372 Ejusmodi
1766 4305 2049 4377 quidpiam

2152 1821 2248 1875 καὶ
2310 1823 2412 1890 τὰς
2466 1827 2660 1899 χεῖρας
2719 1826 2826 1881 τῶν
2873 1826 3004 1882 υίῶν
3046 1828 3233 1884 αὑτοῦ.
3288 1848 3307 1882 ι
3364 1829 3738 1902 Προσκομίζε-

2154 1912 2278 1967 σθαι
2343 1915 2441 1987 μὲν
2492 1913 2588 1972 οὖν
2643 1919 2723 1983 είς
2789 1917 2981 1974 θυσίαν
3038 1920 3377 1993 προστέταχε
3435 1908 3736 1993 μοσχάριον

2152 2004 2373 2059 καὶδύο
2416 2008 2639 2077 κριοὺς,
2676 2009 2889 2078 λάγανὰ
2942 2027 3002 2064 τε
3043 2012 3136 2065 καὶ
3186 2012 3384 2084 ἄρτους
3424 2012 3517 2067 ἐπὶ
3560 2013 3732 2085 κοινῷ.

2153 2094 2553 2167 Προαφαγνίζει
2598 2099 2656 2153 δὲ
2710 2100 2803 2155 καὶ
2856 2102 3060 2173 ἑτέρως
3082 2146 3097 2170 ,
3126 2103 3334 2171 τύπον,
3361 2100 3548 2177 οἶμαι,
3591 2105 3737 2160 οὕτω

2153 2206 2257 2241 που
2298 2189 2360 2242 τὸ
2399 2192 2590 2263 χρῆμα
2630 2193 2799 2259 τιθεὶς
2833 2194 2927 2248 τοῦ
2959 2197 3102 2250 κατὰ.
3140 2198 3397 2271 ἀλήθειαν
3437 2199 3732 2272 ἁγιασμοῦ.

2153 2279 2345 2336 ’Υδατι
2367 2284 2475 2357 γὰρ
2501 2285 2806 2352 ἁπολούσας
2842 2288 2932 2343 τὸν
2973 2288 3205 2361 Ἀαρὼν,
3243 2292 3341 2364 τὴν
3376 2292 3540 2360 ἁγίαν
3571 2293 3737 2347 αὐτὸν

2152 2374 2481 2447 ἁμφιέννυσι
2511 2379 2725 2453 στολήν.
2767 2381 3224 2456 Ἀπολουσὰμενοι
3256 2386 3313 2440 δέ
3340 2387 3436 2441 καὶ
3459 2391 3616 2459 ἡμεῖς
3645 2387 3738 2444 διὰ

2151 2467 2244 2521 τοῦ
2287 2470 2443 2537 ἁγίου
2484 2471 2891 2544 βαπτίσματος,
2935 2476 3028 2530 καὶ
3062 2479 3171 2531 πᾶν
3210 2472 3351 2544 εἶδος
3392 2479 3737 2552 ἀκαθαρσίας

2152 2559 2594 2631 ἁποτριὸύμενοι,
2617 2564 2739 2618 τότε
2762 2565 2849 2632 δὴ,
2870 2568 2993 2622 τότε
3015 2569 3113 2641 τὴν
3141 2569 3345 2625 ἄνωθεν
3367 2572 3458 2625 καὶ
3486 2572 3544 2639 ἐξ
3569 2572 3737 2645 ούρα-

2150 2649 2244 2705 νοῦ
2274 2652 2757 2726 καταπλουτοῦμεν
2790 2658 2970 2732 χάριν.
3015 2663 3107 2715 τὸν
3143 2662 3245 2732 τῆς
3286 2663 3623 2737 εὐφροσύνης
3654 2683 3738 2736 χι-

2150 2743 2296 2797 τῶνα
2327 2743 2627 2818 δεχόμενοι,
2660 2749 2803 2828 κατὰ
2828 2768 2891 2821 γε
2916 2752 2997 2816 τὸ,
3032 2773 3049 2804 ι
3077 2753 3397 2810 Ἐνδύσασθε
3420 2756 3512 2809 τὸν
3532 2756 3738 2828 Κύριον

2151 2833 2310 2905 ἡμῶν
2350 2835 2558 2906 Ἰησοῦν
2602 2824 2858 2908 Χριστόν.
2896 2859 2913 2892 ι
2949 2842 3314 2913 Προαπὲδειξε
3351 2844 3462 2918 γὰρ
3503 2824 3735 2917 duros,

2151 2922 2233 2976 ὅτι
2276 2922 2635 2997 πολυτρόπως
2670 2922 2739 2999 ἦν
2777 2930 2807 2983 ὁ
2848 2930 3081 3002 Χριστὸς
3105 2931 3180 2998 ὼς
3205 2935 3263 2987 ἐν
3292 2935 3481 3008 κόσμῳ
3500 2935 3580 3008 τῷ
3610 2924 3738 3010 περὶ

2151 3012 2244 3069 τὸν
2298 3014 2508 3089 ’Λαρὼν
2553 3018 2942 3091 πλαττόμενος.
2999 3023 3193 3096 Ἐλαίῳ
3226 3025 3283 3079 δέ
3314 3028 3603 3100 καταχρίει
3639 3015 3737 3102 τὴν

2151 3107 2393 3178 κεφαλὴν
2431 3108 2589 3180 ἁγίῳ.
2615 3100 2823 3165 Ψὰλλει
2844 3113 2900 3166 δέ
2927 3132 3030 3168 που
3052 3117 3147 3170 καὶ
3174 3118 3202 3170 ὁ
3234 3119 3418 3173 Δασίδο
3451 3139 3469 3173 ι
3514 3100 3738 3178 Ἐλίπαο

2151 3217 2246 3265 νας
2277 3200 2336 3254 ἐν
2360 3201 2526 3273 ἐλαίῳ
2552 3203 2652 3275 τὴν
2681 3205 2924 3279 κεφαλήν
2958 3225 3083 3279 μου,
3117 3228 3135 3261 ι
3171 3210 3231 3265 τὸ
3256 3211 3437 3282 ἱλαρὸν
3471 3215 3530 3268 ἐν
3558 3206 3738 3271 ἐλπίδι

2149 3294 2249 3365 τῆς
2282 3294 2392 3349 τῶν
2435 3296 2606 3365 ἁγίων
2638 3300 2854 3371 φωνῆς,
2902 3301 3021 3372 ἤτοι
3058 3300 3156 3374 τὴν
3194 3303 3400 3358 ἄνωθεν
3433 3304 3739 3379 ίλαροποιδιν

2153 3383 2444 3456 ἐπίσκεψιν
2488 3386 2580 3440 τοῦ
2618 3388 2799 3443 ἐλαίου
2840 3393 3366 3463 κατασημαίνοντος.
3430 3395 3737 3468 Ἦλεήμεοα

2150 3475 2260 3548 γὰρ
2283 3479 2745 3548 οίπιστεύσαντες
2760 3524 2775 3550 ,
2806 3483 2899 3537 καί
2924 3485 3089 3554 ἐσμεν
3111 3486 3499 3559 εύλογτημένοι
3517 3490 3595 3563 τῷ
3620 3493 3737 3545 Κυ-

2151 3570 2273 3643 ρίῳ,
2309 3574 2376 3643 τῇ
2406 3571 2501 3626 τοῦ
2539 3573 2857 3645 Πνεύματος
2898 3577 3226 3651 ἐπιχορηγίᾳ
3265 3576 3358 3634 τὸν
3399 3581 3526 3635 νοῦν
3568 3601 3739 3638 κατα·

2150 3662 2489 3734 πιαινόμενοι
2512 3679 2528 3696 ο
2563 3664 2655 3719 νοῦ
2688 3665 2745 3720 δὲ
2784 3670 2863 3730 είς
2897 3668 3066 3722 τύπον
3095 3671 3128 3741 ή
3171 3671 3399 3744 κεφαλή.
3448 3673 3609 3728 Κατὰ
3647 3675 3738 3728 τὸν

2152 3752 2267 3807 ῐσον
2305 3753 2363 3807 δὲ
2389 3756 2597 3808 τουτονὶ⁵
2625 3757 2824 3828 τρόπον
2854 3760 2903 3813 οἱ
2944 3761 3110 3832 ἱερεῖς
3142 3763 3464 3833 ἡτιάζοντο,
3496 3763 3650 3820 ὕδατί
3677 3785 3739 3821 τε

2149 3843 2531 3918 ἁπονιζόμενοι
2564 3848 2660 3902 καὶ
2701 3849 2866 3922 ἐλαίῳ
2895 3853 3205 3923 χριόμενοι,
3238 3853 3384 3910 οὕτω
3418 3874 3476 3911 τε
3510 3859 3738 3929 χριόμε-

2150 3952 2230 3990 νοι
2250 3937 2349 4009 τὴν
2383 3939 2534 4008 ίερὰν
2559 3940 2831 4010 ἁμφίασιν
2856 3943 3251 4014 περικείμενοι,
3283 3945 3650 4020 τελειούμενοί
3675 3966 3736 4004 τε

2148 4028 2249 4093 τὰς
2285 4031 2595 4102 χεῖᾷας,’ὡς
2622 4032 2722 4103 ἤδη
2761 4051 2879 4097 πως
2903 4034 3079 4090 δοκεῖν
3110 4039 3201 4090 καὶ
3238 4039 3556 4111 ἐπιτηδείως
3591 4040 3739 4114 ἔχειν

2149 4121 2230 4184 είς
2262 4138 2326 4189 γε
2353 4120 2413 4174 τὸ
2443 4125 2642 4194 χρῆναι
2676 4124 2862 4189 λοιπὸν
2893 4126 3148 4200 καθαρῶς
3184 4147 3244 4184 τε
3282 4133 3375 4185 καί
3417 4132 3738 4205 ἀμωμήτως

2148 4212 2247 4276 τὰς
2289 4212 2480 4278 θυσίας
2522 4216 2811 4273 ἐπιτελεῖν.
2853 4219 3293 4292 Προηγιασμένοι
3334 4224 3392 4278 δὲ
3435 4227 3528 4281 καὶ
3569 4229 3737 4298 ἡμεῖς

2150 4305 2326 4373 αὐτοὶ,
2355 4308 2447 4361 καὶ
2469 4311 2535 4379 τῇ
2560 4308 2764 4363 ἀνωθεν
2787 4312 2969 4384 χάριτι
3002 4315 3487 4388 κατηγλαῖσμένοι,
3515 4318 3608 4372 καὶ
3640 4337 3736 4373 κε-

470 4379 670 4448 opinor
713 4381 1045 4453 signiﬁcare,
1107 4387 1255 4456 quod
1310 4386 1507 4447 beatus
1565 4391 1735 4449 David
1780 4394 1942 4466 392
1975 4396 2044 4453 de

2153 4398 2433 4470 χρισμένοι
2464 4401 2600 4472 πρὸς
2627 4379 2942 4477 τελειύττίτα
2973 4405 3072 4477 τὴν
3119 4379 3517 4481 πνευματικὴν,
3551 4408 3629 4472 ὡς
3669 4411 3736 4464 ὲκ

468 4469 667 4537 quovis
694 4470 917 4527 homine
950 4475 1281 4533 ascendente
1329 4478 1386 4533 in
1411 4489 1653 4537 montem
1699 4482 1920 4540 Domini
1949 4502 2042 4541 ce—

456 4562 606 4619 einit
631 4580 645 4618 :
679 4582 697 4615 ι
715 4563 985 4621 lnnocens
1012 4568 1287 4636 manibus,
1313 4578 1371 4626 et
1399 4573 1607 4630 mundo
1632 4574 1799 4632 corde
1831 4577 1930 4633 ⁸⁸.»

2150 4491 2463 4563 παρρησίας
2485 4491 2669 4547 λοιπὸν
2697 4495 2961 4568 καθαραῖς
2988 4499 3152 4555 οἱονεί
3178 4517 3294 4565 πως
3317 4503 3413 4556 καὶ
3435 4502 3735 4571 πανάγνοις

2148 4585 2341 4654 χερσὶ,
2381 4586 2826 4658 προσκομίζομεν
2869 4589 2990 4661 Θεῷ
3029 4593 3127 4656 τὰς
3162 4592 3535 4667 δωροφορίας,
3573 4594 3735 4666 δῆλον

457 4655 524 4707 ’δὲ
562 4656 644 4711 ὅτι
692 4657 795 4720 τὰς
844 4661 1244 4729 πνευματικὰς.
1273 4664 1387 4717 Καί
1422 4681 1506 4719 τοι
1543 4666 1785 4722 τοιοῦτον
1831 4663 1988 4741 οἴμαι
2024 4670 2218 4743 δηλοῦν
2262 4674 2326 4727 τὸ
2368 4655 2446 4746 τῷ
2480 4655 2740 4750 μακαρίιρ
2789 4655 2972 4736 Aaﬁldv
2990 4655 3331 4756 ὑμνούμενον
3368 4655 3735 4761 ⁷δι”..ιιιντὸς

477 4747 859 4814 ἀναϐαίνοντος
888 4753 968 4815 εις
992 4752 1055 4804 τὸ
1082 4751 1209 4825 ὄρος
1238 4755 1465 4827 Κυρίουο
1500 4777 1520 4812 ι
1543 4759 1744 4827 Ἀθῶος
1767 4762 1926 4835 χερσὶ⁵
1948 4763 2043 4819 xal
2072 4763 2311 4837 καθαρὸς
2341 4769 2415 4849 τῇ,
2439 4747 2655 4841 καρδίᾳ..
2683 4787 2700 4821 ι

540 4838 736 4894 PALL.
763 4840 843 4895 Ita
867 4842 1110 4898 videtur.

522 4928 694 4985 CVR.
727 4930 974 4998 Quonam
998 4950 1130 4990 vero
1142 4937 1306 4992 modo
1334 4950 1521 4996 essent
1547 4943 1678 4999 item
1725 4959 1827 5016 pro
1857 4961 2045 5005 sacer-

470 5020 695 5075 dotibus
747 5026 1057 5096 peragenda
1101 5026 1395 5096 sacriﬁcia,
1440 5035 1622 5090 sanxit
1659 5036 1888 5094 dicens:
1933 5059 1951 5093 ι
1978 5039 2047 5097 Et

461 5108 712 5165 adduces
731 5113 963 5170 vitulum
986 5116 1055 5171 ad
1078 5118 1282 5174 ostium
1335 5121 1679 5181 tabernaculi
1713 5129 2043 5200 testimonii,

466 5209 527 5256 et
557 5201 842 5272 imponent
867 5206 1047 5263 Aaron
1088 5220 1144 5264 et
1203 5210 1300 5266 ﬁlii
1329 5214 1451 5286 ejus
1477 5230 1676 5274 manus
1706 5235 1835 5276 suas
1878 5236 2048 5295 super

471 5301 635 5363 caput
654 5293 811 5349 vituli
833 5298 986 5368 juxta
1007 5311 1222 5368 portam
1247 5301 1589 5362 tabernaculi
1626 5309 1926 5366 testimonii
1948 5293 2046 5368 eo-

471 5398 588 5439 ram
612 5384 873 5451 Domino;
901 5397 959 5442 et
982 5388 1294 5449 immolabis
1330 5396 1565 5453 vitulum
1598 5413 1782 5457 coram
1811 5402 2045 5462 Domino

473 5472 542 5527 ad
576 5474 780 5529 ostium
827 5476 1168 5536 tabernaculi
1222 5485 1544 5556 testimonii,
1605 5498 1661 5545 et
1711 5492 1950 5565 accipies
1975 5493 2043 5551 de

541 5649 586 5680 ⁸³
635 5650 807 5711 Exod.
849 5668 993 5725 nu,
1045 5657 1163 5719 1-9.
1239 5662 1285 5697 ⁸⁵
1347 5665 1506 5722 Rom.
1545 5668 1775 5739 3111,“.
1850 5674 1898 5710 "
1933 5675 2076 5734 Psal.
2110 5694 2240 5754 xm,
2269 5682 2322 5741 5.
2399 5686 2445 5721 “
2473 5686 2611 5746 Psal.
2648 5684 2798 5764 mn,
2828 5695 2862 5751 4

2219 4856 2429 4916 HAAA.
2468 4859 2705 4916 Ἔοικεν.

2220 4948 2387 5042 ΚΥΙῖ.
2426 4951 2559 5006 Τίνα
2594 4953 2651 5009 δὲ
2697 4955 2900 5028 τρόπον
2947 4954 3014 5014 αὖ
3047 4962 3454 5041 ἐκπράττεσθαι
3480 4966 3587 5042 χρὴ
3643 4971 3742 5036 τὰς

2147 5038 2287 5112 ὑπὲρ
2310 5040 2420 5095 τῶν
2462 5042 2654 5117 ίερέων
2694 5045 2904 5114 θυσίας,
2932 5050 3280 5124 ἑθεσμοθέτει
3306 5038 3520 5127 λέγων)
3560 5038 3584 5112 ἑ
3630 5061 3750 5115 Καὶ

2147 5132 2442 5217 προήξεις
2462 5134 2556 5189 τὸν
2587 5136 2787 5208 μόσχον
2817 5141 2911 5195 ἐπὶ
2934 5141 3033 5206 τὰς
3068 5144 3240 5217 θύρας
3274 5147 3374 5219 τῆς
3407 5130 3611 5221 σκηνῆς
3647 5150 3738 5204 τοί

2150 5212 2583 5330 μαρτυρίου,καὶ
2612 5228 2967 5311 ἐπιθήσουσιν
2996 5212 3209 5308 Ἀαρίὶιν
3233 5212 3406 5330 καινοί
3438 5212 3544 5295 uini
3565 5212 3746 5296 αὐτοῦ

2146 5314 2249 5407 τὰς
2281 5319 2470 5388 χεῖρας
2490 5319 2669 5401 αὐτῶν
2697 5322 2789 5378 ἐπὶ
2817 5324 2915 5398 τὴν
2941 5324 3186 5403 κεφαλὴν
3208 5330 3303 5384 τοῦ
3322 5314 3530 5409 Αμῖςσχου
3553 5332 3742 5389 ἔναντι

2150 5406 2377 5497 Κυρίου,
2416 5409 2574 5484 παρὰ
2591 5413 2691 5478 τὰς
2708 5413 2893 5496 θύρας
2918 5418 3018 5494 τῆς
3046 5420 3254 5493 σκηνῆς
3280 5407 3375 5477 τοῦ
3396 5406 3727 5497 μαρτυρίου,

2151 5497 2246 5552 καὶ
2278 5492 2504 5570 σφάξεις
2550 5503 2649 5558 τὸν
2703 5492 2905 5579 μόσχον
2944 5492 3411 5586 ἔναντιίκυρίου,
3630 5523 3735 5575 τὰς
