3962 6296
1730 172 1738 205 Ξ

194 286 321 373 ‘m

922 307 1010 363 DE
1048 306 1487 364 ADORATIONE
1524 307 1593 363 IN
1626 303 1909 362 SPIRITU
1944 303 2035 362 ΕΤ
2073 302 2429 365 V’ERITATE
2496 307 2625 363 LIB.
2669 304 2765 363 XL

3380 315 3485 372 73-5

204 427 500 502 Odpac‘zﬁ;
530 426 743 498 σκηνῆς
774 425 867 480 τοῦ
899 414 1225 498 μαρτυρίου.
1256 424 1364 479 Καὶ
1384 422 1530 499 λήψῃ
1559 424 1668 479 ἀπὸ
1704 423 1785 478 τοί

1904 425 2169 495 sanguine
2195 423 2379 489 vituli,
2403 433 2461 509 et
2497 440 2672 497 pones
2697 442 2865 499 super
2913 427 3025 485 duo
3058 444 3265 486 cornua
3295 431 3486 488 altaris

199 521 434 590 αἷμα-τος
465 517 565 575 τοῦ
587 518 930 591 Maxumum!
958 516 1147 587 θήσεις
1164 516 1256 571 tul
1281 515 1393 571 τῶν
1424 516 1520 572 δύο
1550 514 1800 589 κεράτων

198 615 291 668 τοῦ
325 607 731 680 θυσιαστηρίου
762 605 843 678 τῷ
867 605 1120 677 δακτύλῳ
1152 622 1269 662 σου.
1294 604 1369 661 To
1401 604 1457 660 δὲ
1477 605 1665 661 λοιπὸν
1689 607 1800 660 πᾶν

200 699 341 775 αἷμα,
376 701 597 772 mea;
640 696 795 771 παρὰ
811 698 912 770 τὴν
949 695 1104 767 βάσιν
1126 696 1220 752 τοῦ
1252 696 1664 770 θυσιαστηρίου.
1701 698 1799 754 καὶ

200 793 345 866 λήψῃ
378 795 491 848 πᾶν
518 792 583 847 τὸ
619 790 787 864 στέαρ
817 790 879 844 τὸ
914 791 1009 845 ἐπὶ
1044 789 1145 867 τῆς
1187 789 1417 855 κοιλίας,
1455 791 1551 844 καὶ
1583 791 1677 847 τὸν
1710 791 1801 846 λο-

201 887 292 943 σδν
332 887 428 940 τὸν
478 884 574 941 ἐπὶ
618 883 714 938 τοῦ
742 883 975 954 ἥπατος.
1008 882 1103 936 καὶ
1133 882 1261 946 τοὺς
1280 880 1374 937 δύο
1408 884 1661 957 νεφροὺς,
1702 884 1799 939 καὶ

199 979 257 1034 τὸ
274 978 451 1049 στέαρ
470 978 531 1032 τὸ
551 977 638 1031 ἐπ’
656 974 857 1036 αὐτῶν.
877 974 975 1029 καὶ
1002 973 1283 1047 ἐπιθήσεις
1306 975 1396 1029 ἰπὶ
1417 975 1477 1029 τὸ
1500 975 1798 1049 θυσιαστή-

201 1088 336 1143 ριον.
371 1070 458 1125 Τὰ
489 1070 548 1125 δὲ
580 1069 790 1142 κρέατα
822 1068 917 1123 τοῦ
961 1068 1187 1139 μόσχου,
1241 1069 1333 1123 καὶ
1380 1068 1440 1123 τὺ
1468 1068 1670 1141 δέρμα,
1702 1071 1799 1125 καὶ

196 1163 295 1235 τὴν
321 1162 533 1233 κόπρον
561 1159 931 1223 κατακαύσεις
959 1159 1094 1230 πυρὶ
1117 1158 1223 1227 ἔξω
1255 1160 1354 1231 τῆς
1391 1160 1754 1233 παρεμϐολῆς
1780 1177 1793 1192 -

200 1254 481 1327 ἁμαρτίας
498 1253 610 1325 γάρ
636 1255 774 1309 ἐστι.
810 1252 922 1306 Καὶ
948 1252 1039 1307 τδν
1062 1250 1218 1323 κριδν
1248 1251 1393 1323 λήψῃ
1427 1252 1522 1305 τὸν
1551 1251 1666 1315 ἕνα,
1698 1253 1793 1305 καὶ

198 1345 558 1414 ἐπιθήσουσιν
591 1340 801 1412 Ἀαρὼν
818 1341 913 1395 καὶ
934 1342 982 1395 οί
1021 1340 1128 1395 ulol
1152 1340 1321 1395 αὐτοῦ
1356 1340 1458 1404 τὰς
1478 1345 1669 1412 χεῖρας
1692 1343 1795 1397 αὑ-

196 1435 302 1489 τῶν
325 1436 424 1489 ἐπὶ
456 1432 558 1508 τὴν
583 1433 827 1506 κεφαλὴν
854 1432 949 1488 τοῦ
985 1432 1164 1506 κριοῦ,
1210 1434 1305 1487 καὶ
1343 1434 1575 1502 σφάξεις
1609 1435 1790 1501 αὑτὸν,

197 1527 288 1582 καὶ
325 1524 518 1580 λαϐὼν
572 1525 637 1579 τὸ
684 1519 825 1596 αἷμα
849 1526 1108 1596 προχεεϊς
1134 1524 1273 1596 πρὸς
1314 1525 1373 1579 τὸ
1407 1524 1794 1595 θυσιαστήριον

196 1616 401 1688 κύκλῳ,
443 1617 541 1671 καὶ
569 1617 661 1672 τὸν
697 1614 852 1689 κριὸν
881 1615 1261 1688 διχοτομήσεις
1286 1615 1429 1670 κατᾶ
1463 1616 1598 1688 μέλη
1634 1630 1648 1645 ⁸
1699 1616 1795 1670 καὶ

196 1711 425 1776 πλυνεῖς
458 1708 529 1764 τὰ
561 1708 807 1764 ἑνδόσθια
836 1709 931 1763 καὶ
966 1710 1094 1774 τοὺς
1136 1708 1303 1774 πόδας
1333 1708 1506 1776 ὕδατι,
1545 1710 1638 1764 καὶ
1667 1712 1789 1764 ἑπι-

192 1768 537 1875 θήσεις-ιπὶ
585 1799 655 1855 τὰ
698 1768 1109 1872 διχοτομήματα
1156 1801 1254 1854 σὺν
1283 1768 1376 1871 ⁷τῇ
1409 1768 1642 1873 acea-mla,
1693 1804 1787 1856 καὶ
1821 1768 1861 1821 Β

192 1895 437 1957 ἀνοίσεις
458 1894 579 1948 ὅλον
607 1892 701 1948 τὸν
723 1892 878 1965 κριὸν
908 1893 1003 1947 ἐπὶ
1027 1892 1090 1948 τὺ
1120 1892 1529 1965 θυσιαστήριον,
1562 1892 1788 1947 ὁλοκαύ-

191 2003 355 2057 τωμα
382 1984 466 2056 τῷ
485 1983 786 2056 Κυρίῳέίς
812 1983 990 2056 ὀσμήν
1017 1983 1246 2048 εὐωδίας
1270 2001 1285 2017 ο
1320 1983 1575 2055 θυμίαμα
1596 1983 1789 2056 Κυρίῳ

192 2077 335 2132 ἐστί.
377 2077 494 2132 Καὶ
515 2075 661 2149 λήψῃ
684 2075 778 2131 τὸν
804 2076 960 2149 κριὸν
992 2076 1087 2130 τὸν
1117 2074 1396 2148 δεύτερον,
1455 2077 1552 2131 καὶ
1592 2076 1788 2149 ἐπιθή-

194 2187 278 2223 σει
328 2166 549 2241 ’Δαρὼν
573 2168 671 2222 καὶ
714 2169 764 2222 οί
801 2167 909 2222 υίοὶ
936 2166 1105 2222 αὑτοῦ
1132 2167 1232 2232 τὰς
1257 2170 1448 2239 χεῖρας
1481 2166 1661 2221 αὐτῶν
1694 2168 1787 2221 ἰπὶ

192 2260 294 2332 τὴν
318 2258 571 2329 κεφαλήν
598 2256 693 2312 τοῦ
724 2257 903 2331 κριοῦ,
929 2259 1026 2313 καὶ
1051 2257 1272 2328 σφάξεις
1294 2259 1479 2323 αὐτὸν,
1508 2260 1603 2312 καὶ
1642 2256 1788 2330 λήψῃ

194 2351 287 2405 τοῦ
322 2351 563 2423 αἵματος
590 2348 783 2415 αὐτοῦ,
817 2349 910 2405 καὶ
952 2349 1237 2422 ιπιθήσεις
1265 2351 1358 2404 ἐπὶ
1388 2348 1479 2403 τὸν
1501 2349 1657 2404 λοϐὸν
1689 2350 1787 2404 τοῦ

194 2442 333 2508 ῶτδς
375 2443 595 2515 ’Δαρὼν
626 2442 721 2497 τοῦ
740 2440 939 2508 δεξιοῦ,
962 2426 1056 2496 καὶ
1091 2442 1183 2495 ἐπὶ
1213 2442 1274 2495 τὸ
1303 2442 1471 2512 ἄκρον
1488 2444 1587 2513 τῆς
1606 2440 1788 2508 δεξιᾶς

193 2535 399 2607 χειρὸς,
424 2537 523 2590 καὶ
546 2535 641 2590 ἐπὶ
658 2534 718 2589 τὸ
738 2535 907 2606 ἄκρον
939 2534 1033 2588 τοῦ
1053 2534 1211 2601 ποδὸς
1242 2533 1335 2588 τοῦ
1366 2534 1562 2601 δεξιοῦ,
1584 2537 1677 2589 καὶ
1694 2536 1789 2589 ἐπὶ

191 2627 527 2693 τυὺςλοδοὺς
544 2626 654 2681 τῶν
674 2626 830 2681 ὤτων
857 2625 966 2680 τῶν
982 2626 1115 2680 υίῶν
1131 2625 1299 2680 αὑτοῦ
1326 2625 1436 2679 τῶν
1454 2624 1667 2703 δεῄῶν,
1691 2626 1788 2680 καὶ

196 2720 287 2774 ἐπὶ
302 2719 375 2775 τὰ
404 2720 556 2791 ἄκρα
582 2718 695 2773 τῶν
717 2719 920 2792 χειρῶν
933 2717 1236 2773 αὐτῶντῶν
1260 2716 1470 2785 Baetim,
1501 2718 1595 2771 καὶ⁵
1613 2717 1705 2771 ἐπὶ
1720 2716 1790 2772 τὰ

192 2812 338 2885 ἄκρα
365 2812 480 2866 τῶν
519 2811 696 2867 ποδῶν
716 2809 894 2865 αὐτῶν
914 2809 1022 2864 τῶν
1036 2808 1246 2876 δεξιῶν.
1264 2809 1375 2863 Καὶ
1392 2807 1536 2881 λήψῃ
1561 2808 1669 2862 ἀπὸ
1691 2806 1786 2862 τοῦ

192 2905 429 2977 αἵματος
468 2901 566 2958 τοῦ
612 2903 1025 2974 θυσιαστηρίου,
1056 2902 1155 2957 καὶ
1189 2900 1306 2967 arm:
1328 2900 1426 2955 τοῦ
1466 2900 1650 2957 ἐλαίου
1684 2899 1788 2971 τῆς

193 2995 450 3066 χρίσεως,
480 2994 575 3048 καὶ
593 2996 776 3064 ρανεῖς
798 2995 891 3049 ἐπὶ
913 2993 1009 3049 ‘Aa
1018 2992 1124 3066 ρὼν
1140 2994 1234 3048 καὶ
1248 2992 1342 3045 ἐπὶ
1358 2993 1455 3063 τὴν
1473 2991 1665 3062 στολήν
1684 2991 1785 3047 αὐ-

1901 513 2076 585 digito
2101 523 2226 582 tuo;
2283 514 2557 586 reliquum
2582 530 2717 571 vero
2766 510 3085 588 sanguinem
3119 519 3371 577 eﬁ‘undes
3414 524 3484 577 ad

1900 605 2072 663 basim
2090 605 2307 663 altaris:
2332 614 2390 663 et
2409 595 2649 680 accipies
2674 602 2913 681 adipem,
2927 611 3120 680 quiest
3147 627 3314 684 super
3335 626 3475 672 ven-

1900 705 2008 763 tre,
2036 706 2094 753 et
2119 698 2365 770 pinnam,
2384 715 2508 770 qua
2526 707 2611 755 est
2629 715 2799 771 super
2815 703 3023 771 jecore,
3065 711 3121 758 et
3152 703 3293 761 duos
3323 722 3485 763 renes

1898 796 1956 844 et
1986 789 2226 860 adipem,
2252 791 2348 861 qui
2400 782 2487 847 est
2534 807 2701 863 super
2728 792 2884 864 ipsis,
2911 800 2969 848 ct
3027 794 3280 866 impones
3317 812 3483 870 super

1898 879 2091 935 altare.
2145 880 2353 937 Games
2410 891 2596 937 autem
2652 882 2815 939 vituli
2865 894 2921 940 et
2974 886 3176 957 pellem
3206 896 3265 944 et
3295 889 3483 946 ﬁmum

1897 971 2192 1028 combures
2229 973 2338 1043 igni
2370 982 2527 1030 extra
2560 983 2772 1044 castra;
2808 992 2909 1047 pro
2940 986 3167 1048 peccato
3203 981 3354 1036 enim
3375 989 3478 1037 est.

1898 1064 1965 1118 Et
1988 1063 2227 1135 accipies
2260 1064 2496 1120 arietem
2534 1081 2729 1132 unum,
2780 1075 2838 1123 et
2888 1068 3175 1139 imponent
3203 1071 3387 1127 Aaron
3426 1078 3481 1129 et

1898 1154 1995 1210 ﬁlii
2019 1156 2142 1226 ejus
2163 1170 2360 1211 manus
2384 1171 2515 1211 suas
2555 1173 2722 1229 super
2761 1168 2925 1229 caput
2954 1158 3165 1225 arietis,
3183 1169 3242 1215 et
3276 1161 3477 1217 immo-

1897 1246 2038 1301 labis
2062 1262 2211 1310 eum,
2268 1254 2327 1301 et
2374 1255 2663 1318 acceptum
2705 1250 3030 1322 sanguinem
3069 1250 3480 1322 profundes’ad

1896 1335 2069 1391 altare
2097 1350 2196 1407 per
2219 1337 2539 1404 circuitum,
2575 1347 2632 1395 et
2653 1339 2885 1395 arietem
2907 1341 3167 1398 concides
3187 1357 3287 1413 per
3308 1339 3479 1398 mem-

1899 1427 2017 1492 bra,
2064 1434 2123 1482 et
2153 1426 2368 1483 lavabis
2407 1427 2675 1485 interiora
2710 1438 2769 1486 et
2794 1431 2963 1502 pedes
2994 1448 3161 1502 aqua,
3192 1438 3252 1487 et
3297 1432 3475 1503 impo-

1896 1533 1997 1573 nes
2019 1534 2188 1589 super
2214 1520 2565 1577 concisiones
2587 1536 2712 1577 cum
2736 1522 2916 1593 capite
2941 1540 2955 1576 :
2987 1533 3045 1579 et
3071 1522 3274 1579 oﬁeres
3302 1530 3478 1578 totum

1895 1609 2128 1666 arietem
2158 1627 2330 1682 super
2356 1612 2549 1678 altare,
2580 1613 2968 1670 holocaustum
2997 1614 3235 1669 Domino
3257 1614 3314 1669 in
3334 1613 3466 1669 odo-

1896 1716 2010 1757 rem
2044 1703 2356 1771 suavitatis,
2398 1704 2649 1761 incensio
2685 1724 2697 1760 :
2732 1713 2817 1762 est
2845 1707 3099 1762 Domino.
3132 1706 3202 1762 Et
3238 1706 3479 1778 accipies

1891 1796 2142 1862 arietem,
2173 1805 2230 1852 et
2265 1797 2553 1868 imponent
2568 1798 2751 1854 Aaron
2783 1810 2840 1855 et
2864 1799 2961 1854 ﬁlii
2990 1801 3111 1870 ejus
3136 1814 3332 1855 manus
3347 1813 3480 1854 suas

1890 1903 2058 1958 super
2073 1897 2237 1959 caput
2260 1890 2471 1955 arietis,
2499 1899 2554 1945 et
2576 1891 2889 1946 immolabis
2912 1906 3064 1956 eum,
3113 1904 3172 1947 et
3199 1906 3386 1948 sumes
3407 1891 3478 1947 de

1889 1979 2154 2050 sanguine
2171 1979 2343 2046 illius,
2358 1988 2417 2036 et
2433 1996 2602 2051 pones
2625 1996 2792 2051 super
2806 1989 3111 2036 extremum
3129 1982 3281 2038 auris
3295 1981 3478 2037 Aaron

1890 2069 2115 2136 dextra,
2152 2080 2210 2126 et
2246 2087 2412 2142 super
2442 2073 2817 2129 summitatem
2862 2089 3059 2129 manus
3098 2076 3220 2145 ejus
3243 2074 3473 2142 dextrae,

1889 2154 1948 2217 ét
1976 2178 2143 2233 super
2172 2164 2545 2219 summitatem
2605 2164 2764 2235 pedis
2792 2166 2915 2237 ejus
2971 2165 3177 2232 dextri,
3203 2176 3262 2222 et
3307 2183 3472 2237 super
3506 2230 3509 2233 Α

1890 2261 2138 2309 extrema
2185 2256 2405 2311 aurium
2439 2255 2679 2311 ﬁliorum
2709 2257 2830 2327 ejus
2855 2254 3195 2323 dextrarum,
3224 2267 3279 2313 et
3311 2274 3476 2329 super

1891 2346 2237 2402 summitates
2259 2361 2524 2402 manuum
2556 2347 2805 2418 ipsorum
2829 2347 3168 2412 dextrarum,
3214 2360 3271 2405 et
3307 2364 3475 2421 super

1891 2439 2238 2495 summitates
2276 2439 2480 2510 pedum
2530 2440 2776 2511 ipsorum
2809 2440 3151 2497 dextrorum.
3194 2441 3263 2497 Et
3289 2455 3475 2499 sumes

1890 2530 1960 2587 de
1984 2532 2275 2603 sanguine,
2301 2531 2398 2602 qui
2432 2539 2517 2588 est
2563 2547 2733 2604 super
2765 2533 2960 2599 altare,
3013 2542 3070 2589 et
3100 2533 3169 2589 de
3202 2533 3325 2589 oleo
3367 2550 3476 2590 uu-

1890 2622 2116 2688 ctionis,
2157 2628 2215 2677 et
2234 2638 2491 2694 asperges
2533 2638 2702 2694 super
2743 2622 2946 2690 Aaron,
2981 2632 3038 2679 et
3089 2639 3257 2696 super
3279 2625 3475 2682 stolam

1888 2714 2031 2785 ejus,
2075 2723 2134 2771 et
2169 2730 2337 2786 super
2388 2713 2533 2770 ﬁlios
2559 2717 2701 2788 ejus,
2736 2725 2793 2772 et
2825 2732 2993 2787 super
3038 2717 3206 2774 stolas
3238 2718 3476 2775 ﬁliorum

1888 2807 2010 2880 ejus
2038 2822 2165 2863 cum
2188 2808 2329 2879 ipso,
2360 2815 2417 2864 et
2447 2807 2883 2864 sanctiﬁcabitur
2910 2808 3027 2880 ipse
3036 2817 3099 2884 et
3123 2811 3261 2865 stola
3282 2809 3474 2880 ipsius,

1888 2909 1946 2956 et
1973 2899 2071 2955 ﬁlii
2104 2901 2245 2972 ejus,
2277 2908 2335 2956 et
2351 2900 2505 2956 stolas
2533 2899 2770 2956 ﬁliorum
2803 2902 2924 2973 ejus
2965 2918 3091 2957 cum
3121 2918 3207 2958 eo.
3238 2902 3478 2976 Sangui-

1888 3006 2017 3047 nem
2040 3007 2172 3047 νει-ο
2188 2989 2379 3047 arietis
2396 2990 2698 3061 profundes
2733 2993 2801 3047 ad
2821 2995 2994 3049 altare
3017 3009 3116 3064 per
3130 2995 3431 3050 circuitum
3457 3013 3473 3060 ;

191 3087 306 3152 τοῦ,
335 3088 434 3141 καὶ
457 3087 552 3140 ἰπὶ
574 3087 701 3150 τοὺς
722 3085 874 3150 υίοῦς
900 3084 1067 3141 αὐτοῦ
1087 3085 1183 3139 καὶ
1205 3084 1297 3138 ἐπὶ
1322 3084 1423 3148 τὰς
1449 3083 1643 3148 στολὰς
1675 3080 1785 3137 τῶν

1889 3090 1947 3136 et
1973 3096 2158 3137 sumes
2178 3080 2248 3135 ab
2270 3080 2433 3151 393
2456 3080 2628 3137 ariete
2641 3081 2859 3152 adipem
2879 3085 3020 3154 ejus,
3040 3093 3096 3140 et
3115 3084 3354 3156 adipem,
3379 3088 3475 3156 qui

194 3179 326 3233 υίῶν
350 3177 520 3233 αὑτοῦ
556 3177 676 3250 μετ’
712 3177 897 3240 αὐτοῦ,
930 3177 1023 3231 καὶ
1043 3175 1436 3247 ἀγιασθήσεται
1451 3174 1615 3237 αὐτὸς
1636 3175 1782 3247 καὶή

193 3269 357 3341 στολή
376 3267 568 3331 αὐτοῦ,
599 3269 697 3323 καὶ
715 3270 765 3322 οί
788 3268 894 3322 υἱοὶ
916 3267 1083 3322 αὑτοῦ
1097 3266 1193 3321 καὶ
1208 3267 1264 3321 ai
1299 3266 1484 3320 στολαὶ
1515 3264 1624 3320 τῶν
1646 3264 1783 3318 υίῶν

188 3362 382 3418 αὐτοῦ.
424 3361 500 3416 re
524 3361 582 3416 δὲ
641 3356 783 3433 αἷμα
819 3359 915 3415 τοῦ
946 3359 1103 3432 κριοῦ
1143 3364 1397 3431 προχεεϊς
1427 3361 1565 3431 πρὸς
1595 3360 1652 3413 τὸ
1686 3359 1784 3413 θυ-

191 3454 517 3525 σιαστήριον
539 3454 746 3525 κύκλῳ,
777 3454 872 3508 καὶ
905 3453 1053 3527 λήψῃ
1079 3454 1188 3507 ἀπὸ
1213 3453 1308 3507 τοῦ
1347 3451 1504 3524 κριοῦ
1526 3451 1587 3505 τὸ
1617 3452 1782 3523 στέαρ

187 3546 382 3612 αὐτοῦ,
420 3545 520 3601 καὶ
555 3532 617 3601 rb
644 3547 815 3618 στέαρ
849 3546 911 3600 τὸ
935 3545 1357 3600 κατακαλύπτον
1400 3546 1502 3616 τήν
1545 3543 1779 3607 κοιλίαν,

190 3638 283 3693 καὶ
325 3638 424 3692 τὸν
478 3637 637 3693 λοϐὸν
665 3637 764 3693 τοῦ
806 3638 1040 3709 ἥπατος,
1079 3638 1173 3693 καὶ
1224 3638 1354 3701 τοὺς
1392 3636 1488 3691 δύο
1523 3642 1780 3707 νεφροὺς,

190 3729 287 3782 καὶ
327 3729 394 3782 τὸ
428 3728 599 3800 στέαρ
644 3729 705 3783 τὸ
736 3729 829 3783 ὑπ’
862 3728 1063 3793 αὐτῶν,
1109 3727 1323 3783 καὶτὸν
1375 3726 1638 3798 βραχίονα
1688 3726 1781 3780 τὸν

186 3817 365 3883 δεξιόν
386 3835 402 3849 ·
430 3816 547 3872 εστι
594 3818 705 3892 γὰρ
733 3818 1017 3884 τελείωσις
1044 3818 1188 3891 αὕτη
1216 3833 1231 3848 ⁸
1269 3819 1364 3874 καὶ
1394 3819 1559 3891 ἄρτον
1588 3818 1686 3873 ἕνα
1720 3816 1782 3885 ἐξ

190 3911 374 3965 ἐλαίου
395 3952 412 3978 ,
448 3908 543 3965 καὶ
573 3909 809 3977 λάγανον
838 3911 897 3965 ἓν
931 3911 1039 3966 ἀπὸ
1071 3911 1168 3966 τοῦ
1204 3910 1369 3967 κανοῦ
1404 3911 1513 3967 τῶν
1554 3896 1781 3982 ἀζύμων

189 3998 301 4053 τῶν
347 4000 790 4073 προτεθειμένων
846 4002 1028 4057 ἔναντι
1082 4003 1314 4073 Κυρίου.
1356 4002 1467 4057 Καὶ
1498 4002 1780 4073 ἐπιθήσεις

190 4087 261 4143 τὰ
288 4089 471 4144 πάντα
494 4089 586 4144 ἐπὶ
608 4091 710 4154 τὰς
740 4094 927 4163 χεῖρας
969 4089 1200 4163 Ἀαρὼν,
1237 4092 1330 4145 καὶ
1356 4091 1450 4145 ἐπὶ
1476 4092 1577 4155 τὰς
1592 4094 1781 4163 χεῖρας

189 4180 300 4259 τῶν
328 4180 468 4236 υἱῶν
489 4182 677 4239 αὐτοῦ.
715 4184 825 4238 Καὶ
848 4186 1097 4258 ἁφοριεῖς
1125 4184 1264 4239 αὐτὰ
1287 4184 1570 4256 ἀφόρισμα
1600 4183 1779 4239 ἔναντι

191 4271 424 4344 Κυρίου,
451 4273 549 4327 καὶ
577 4273 724 4349 λήψῃ
753 4274 895 4330 αὐτὰ
941 4278 1007 4331 ὲκ
1049 4276 1157 4332 τῶν
1195 4276 1396 4349 χειρῶν
1427 4276 1629 4343 αὐτῶν,
1684 4275 1779 4331 καὶ

187 4363 433 4429 ἀνοίσεις
467 4365 560 4419 ἐπὶ
598 4365 659 4420 τὸ
696 4366 1086 4441 θυσιαστήριον
1118 4367 1219 4439 τῆς
1245 4366 1665 4432 ὁλοκαυτώσεως
1698 4370 1779 4432 εἰς

1884 3174 2064 3245 operit
2091 3182 2427 3239 ventrem,et
2454 3174 2679 3244 pinnam
2708 3176 2936 3245 jecoris.
2964 3178 3177 3240 ctduos
3196 3194 3377 3245 renes.
3414 3188 3473 3235 ct

1882 3266 2120 3337 adipem,
2139 3265 2234 3337 qui
2258 3281 2426 3337 super
2450 3275 2555 3332 est,
2577 3275 2635 3322 et
2657 3279 2873 3324 armum
2896 3269 3152 3325 dextrum
3183 3271 3289 3343 (est
3313 3266 3463 3327 enim

1812 3370 1833 3385 ί
1882 3356 2285 3414 consummatio
2322 3354 2484 3427 haec),
2507 3367 2564 3413 et
2594 3374 2792 3428 panem
2835 3375 3005 3415 unum
3033 3376 3102 3416 ex
3139 3360 3282 3427 oleo,
3315 3371 3371 3417 et
3395 3363 3475 3420 la—

1883 3464 2087 3520 ganum
2115 3465 2285 3504 unum
2310 3450 2378 3510 de
2411 3449 2656 3506 canistro
2694 3466 3013 3523 azymorum
3065 3447 3472 3525 propesitorum

1881 3548 2007 3596 ante
2031 3541 2405 3605 Dominum,et
2425 3541 2675 3605 impones
2697 3543 2882 3598 omnia
2911 3543 2966 3598 in
2986 3559 3184 3600 manus
3207 3546 3387 3601 Aaron
3417 3557 3475 3602 et

1882 3632 1936 3687 in
1952 3648 2148 3689 manus
2161 3633 2399 3688 ﬁliorum
2430 3635 2572 3706 ejus,
2599 3643 2658 3691 et
2688 3634 2976 3706 separabis
2991 3652 3054 3690 ea
3068 3638 3471 3708 separationem

1880 3740 2064 3779 coram
2090 3724 2344 3790 Domino,
2396 3734 2453 3782 ct
2476 3742 2667 3783 sumes
2698 3742 2767 3782 ea
2800 3728 2869 3782 de
2896 3727 3154 3783 manibus
3182 3744 3395 3795 eorum,
3418 3740 3477 3784 et

1880 3814 2270 3887 oil‘eres‘super
2292 3816 2464 3872 altare
2487 3816 2795 3874 holocausti
2830 3821 2887 3873 in
2925 3818 3151 3874 odorem
3189 3818 3476 3875 suavitatis

1878 3922 2065 3963 coram
2082 3908 2314 3965 Domino
2337 3928 2350 3963 :
2371 3909 2579 3966 oblatio
2594 3921 2679 3967 est
2701 3911 2955 3966 Domino.
2980 3911 3049 3966 Et
3074 3925 3258 3968 sumes
3281 3920 3473 3982 pectuo

1879 4000 2092 4055 sculum
2108 4000 2176 4055 ab
2200 3990 2372 4057 ariete
2383 4003 3065 4073 consummationis,‘quod
3086 4012 3170 4059 est
3190 4004 3392 4068 Aaron.
3416 4014 3476 4061 ct

1878 4092 2160 4163 separabis
2184 4093 2318 4149 illud
2351 4095 2758 4165 scparationem
2790 4110 2976 4149 coram
3012 4095 3266 4157 Domino,
3290 4097 3473 4151 etcrit

1880 4185 1982 4241 tibi
2012 4186 2067 4240 in
2095 4196 2328 4257 partem,
2363 4194 2419 4240 et
2451 4186 2820 4242 sanctiﬁcabis
2848 4186 3230 4255 pectusculum
3273 4201 3469 4256 segre-

1879 4278 2179 4348 gationem,
2234 4287 2291 4333 et
2320 4291 2537 4333 armum
2580 4276 2968 4347 scparationis,
3003 4277 3098 4348 qui
3136 4276 3351 4333 ablatus
3385 4286 3470 4331 est

1881 4368 1950 4427 de
1977 4370 2152 4426 ariete
2183 4370 2673 4426 consummationis
2705 4369 2774 4425 ab
2807 4373 2991 4427 Aaron
3030 4379 3088 4425 et
3120 4386 3149 4425 a
3178 4368 3303 4424 ﬁliis
3324 4370 3464 4440 ejus.

187 4454 372 4528 ὀσμήν
403 4455 636 4522 εὐωδίας
680 4457 861 4513 ἔναντι
894 4460 1101 4531 κυρίου
1125 4477 1140 4492 ο
1174 4461 1454 4532 κάρπωμά
1505 4459 1623 4513 ἐστι
1662 4462 1776 4513 Ku-

1888 4471 1937 4518 et
1958 4461 2066 4517 erit
2095 4460 2276 4516 Aaron
2302 4467 2358 4515 et
2394 4457 2523 4514 ﬁliis
2551 4461 2673 4531 ejus
2699 4458 3008 4530 legitimum
3064 4456 3464 4528 sempiternum

187 4546 315 4619 ρίῳ.
365 4548 480 4602 Καὶ
512 4548 658 4620 λήψῃ
690 4550 751 4602 τὸ
789 4548 1074 4621 στηθύνιον
1115 4551 1222 4604 ἀπὸ
1253 4550 1342 4606 τοῦ
1372 4549 1528 4623 κριοῦ
1557 4550 1660 4621 τῆς
1685 4566 1777 4603 τε-

185 4635 488 4700 λειώσεως,
521 4639 550 4692 ὃ
596 4639 744 4694 ἐστιν
794 4640 1007 4713 Ἀαρὼν
1028 4681 1042 4703 ,
1096 4644 1191 4696 καὶ
1221 4643 1471 4713 ἁφορεεῐς
1504 4641 1637 4696 αὐτὸ
1674 4644 1780 4712 ὰφ-

185 4729 397 4800 ὀρισμα
444 4730 625 4787 ἔναντι
662 4731 892 4805 Κυρίου,
933 4736 1030 4790 καὶ
1060 4735 1214 4789 ἔσται
1256 4753 1337 4789 σοι
1365 4737 1422 4788 ὲν
1454 4735 1651 4805 μερίδι.
1689 4736 1780 4789 καὶ.

187 4818 450 4888 ἁγιάσας
492 4821 554 4875 τὸ
593 4822 877 4896 στηθύνιον
915 4826 1218 4899 ἀφόρισμα,
1268 4826 1480 4882 καὶτὸν
1517 4826 1777 4898 βραχίονα

183 4908 288 4964 τοῦ
326 4911 728 4985 ἀφαιρέματος,
771 4916 830 4981 ὃς
879 4916 1208 4990 ἀφώρισται,
1262 4919 1358 4973 καὶ
1394 4918 1452 4982 ὃς
1498 4918 1777 4991 ἀφῄρηται

183 5002 303 5060 ἀπὸ
326 5001 426 5058 τοῦ
464 5006 622 5078 κριοῦ
649 5007 751 5078 τῆς
775 5008 1108 5076 τελειώσεως
1143 5011 1253 5066 ἀπὸ
1288 5011 1382 5066 τοῦ
1419 5012 1632 5083 Ἀαρὼν
1685 5012 1780 5065 καὶ

185 5092 302 5147 ἀπὺ
319 5092 433 5148 τῶν
447 5095 582 5149 υίῶν
615 5099 804 5165 αὐτοῦ,
841 5101 938 5155 καὶ
963 5100 1118 5155 ἔσται
1150 5101 1363 5175 Ἀαρὼν
1386 5102 1616 5167 καὶτοῖς
1642 5103 1780 5166 υἱοῖς

186 5184 360 5241 αὐτοῦ
395 5186 627 5260 νόμιμον
656 5191 870 5246 αἰώνιον
907 5193 1061 5267 παρὰ
1088 5192 1198 5247 τῶν
1217 5193 1350 5248 υἱῶν
1383 5182 1630 5267 Ἰσραήλο
1660 5194 1777 5249 ἐστι

185 5276 302 5347 γὰρ
328 5279 613 5351 ἀπρόρισμα
639 5282 818 5348 τοῦτο,
856 5285 949 5340 καὶ
978 5286 1260 5359 ἀφαίρεμα
1297 5285 1449 5341 ἔσται
1488 5287 1640 5359 παρὰ
1668 5287 1779 5341 τῶν

187 5363 328 5419 υἱῶν
371 5368 590 5442 Ἰσραὴλ
629 5373 739 5426 ἀπὸ
772 5373 883 5428 τῶν
912 5374 1171 5446 θυμάτων
1205 5375 1314 5430 τῶν
1351 5378 1638 5449 σωτηρίων
1669 5377 1779 5432 τῶν

188 5458 322 5514 υἱῶν
358 5463 595 5538 Ἰσραὴλ,
634 5466 923 5538 ἀφαίρεμα
957 5469 1171 5541 Κυρίῳ.
1224 5489 1242 5521 ι
1282 5469 1393 5523 Καὶ
1427 5470 1549 5542 μετ’
1581 5468 1774 5540 ὀλίγαο

191 5569 216 5603 s
259 5552 361 5607 Καὶ
391 5557 484 5611 τὸν
524 5557 684 5628 κριὸν
720 5560 819 5630 τῆς
849 5559 1181 5626 τελειώσεως
1207 5560 1377 5637 λήψῃ,
1413 5563 1509 5618 καὶ
1552 5563 1777 5637 ἑψήσεις

184 5641 259 5699 τὰ
290 5649 429 5715 κρέα
458 5649 522 5701 ἐν
549 5649 703 5720 τόπῳ
735 5650 898 5721 ἁγίῳ,
947 5652 1037 5708 καὶ
1088 5653 1294 5719 ἔδονται
1337 5654 1545 5726 Ἀαρὼν
1592 5656 1684 5711 καὶ
1722 5656 1773 5710 οί

256 5756 298 5787 ⁸⁷
331 5757 512 5813 Exod.
552 5774 702 5826 xxix,
731 5758 910 5817 lO—Sl.

1885 4570 1917 4610 a
1949 4552 2079 4608 ﬁliis
2107 4551 2296 4618 Israel;
2323 4560 2408 4607 est
2434 4552 2583 4607 enim
2608 4551 2885 4622 separatio
2921 4550 3037 4606 haec
3072 4560 3128 4606 ct
3158 4548 3416 4620 dcmptio-
3436 4566 3464 4604 a

1883 4642 2172 4699 sacriﬁciis
2203 4643 2537 4697 salutaribus
2566 4641 2804 4697 ﬁliorum
2852 4642 3039 4707 lsracl,
3075 4641 3318 4712 demptio
3354 4640 3465 4696 Do-

1884 4737 2053 4792 mino.
2081 4756 2098 4787 ›
2145 4735 2213 4790 Et
2234 4744 2356 4805 post
2393 4750 2601 4805 pauca:
2669 4735 2779 4793 «Et
2833 4735 3064 4791 arietem
3115 4747 3464 4790 consumma-

1884 4829 2049 4886 tionis
2082 4844 2288 4892 sumes,
2341 4838 2398 4884 et
2444 4844 2649 4899 coques
2696 4845 2891 4887 carnes
2921 4829 3125 4883 inloco
3168 4833 3379 4891 sancto,
3410 4833 3467 4882 et

1883 4921 2048 4978 edent
2082 4919 2264 4976 Aaron
2286 4930 2343 4975 et
2366 4921 2462 4975 ﬁlii
2484 4921 2605 4992 ejus
2634 4936 2829 4977 carnes
2859 4919 3054 4975 arietis
3074 4930 3130 4973 et
3152 4932 3342 4989 panes,
3369 4918 3466 4988 qui

1884 5021 2014 5068 sunt
2055 5012 2108 5066 in
2135 5011 2410 5079 canistro;
2449 5021 2505 5068 et
2535 5013 2603 5069 ad
2626 5015 2826 5070 ostium
2852 5009 3194 5067 tabernaculi
3218 5009 3468 5065 testimo-

1884 5103 1961 5159 nii
1994 5105 2162 5160 edent
2197 5120 2283 5170 en,
2308 5105 2364 5159 in
2388 5106 2591 5176 quibus
2619 5104 2947 5163 sanctiﬁcati
2982 5113 3111 5160 sunt
3144 5105 3202 5159 in
3224 5103 3379 5174 ipsis,
3407 5112 3468 5160 ut

1881 5202 2346 5250 consecrarentur
2400 5212 2596 5250 manus
2640 5211 2833 5252 eorum
2881 5193 2951 5249 ad
3007 5192 3466 5251 sanctiﬁcaudum

1878 5298 2017 5353 eos;
2050 5294 2106 5343 et
2137 5288 2442 5358 alienigena
2473 5303 2584 5342 non
2611 5286 2739 5342 edet
2760 5303 2827 5343 ex
2855 5286 2969 5348 eis:
3003 5294 3133 5343 sunt
3165 5286 3313 5341 enim
3335 5298 3463 5338 san-

1883 5383 1991 5433 cta.
2014 5374 2170 5444 Quod
2197 5377 2241 5431 si
2273 5379 2525 5432 relictum
2557 5377 2725 5432 fuerit
2744 5377 2811 5433 dc
2845 5377 3104 5434 carnibus
3124 5373 3317 5430 hostiae
3333 5386 3465 5426 con-

1882 5468 2289 5535 summationis,
2343 5477 2399 5523 et
2430 5468 2497 5525 de
2539 5470 2774 5540 panibus
2807 5486 2980 5542 usque
3035 5481 3213 5528 mane,
3249 5463 3463 5534 reliqua
3536 5486 3541 5492 -

1880 5562 2177 5618 combures
2225 5561 2336 5634 igni
2378 5579 2394 5619 :
2450 5578 2560 5619 non
2629 5562 3027 5620 comedentur:
3079 5564 3265 5616 aucta
3310 5555 3461 5612 enim

1881 5663 2009 5713 sunt
2033 5656 2097 5711 ".
2121 5674 2141 5709 ι
