3962 6296
475 327 581 382 ’ἶῦδ

1500 319 1556 375 s.
1596 296 1871 375 CYRlLLl
1910 314 2381 374 ALEXANDRINI
2418 314 2738 371 ARCHIEP.

3640 306 3749 365 756

475 443 582 511 uio).
615 437 780 496 αὑτοῦ
802 438 873 501 τὰ
911 439 1048 513 κρέα
1077 438 1171 494 τοῦ
1203 437 1381 512 κριοῦ,
1431 436 1679 501 καὶτοὺς
1713 436 1910 507 άρτους
1938 435 2065 499 τοὺς
2099 435 2158 486 ὲν
2194 431 2273 503 τῷ
2323 431 2496 503 κανῷ,
2552 430 2707 503 παρὰ
2734 429 2838 493 τὰς
2887 426 3062 499 θύρας
3097 424 3195 497 τῆς
3235 425 3444 497 σκηνῆς
3480 420 3577 478 τοῦ
3607 440 3750 496 μαρο

472 537 660 606 τυρίου
706 535 915 589 ἔδονται
954 532 1120 597 αὐτὰ,
1162 533 1222 585 ἐν
1275 526 1356 593 οἷς
1393 529 1739 601 ήγιάσθησαν
1812 529 1870 581 ὲν
1916 527 2099 588 αὐτοῖς
2170 523 2456 578 τελειῶσαι
2498 521 2599 587 τὰς
2643 525 2834 595 χεῖρας
2888 520 3071 575 αὐτῶν
3117 518 3343 587 ἁγιάσαι
3392 517 3613 580 αὐτοὺς,
3654 520 3749 573 καὶ

473 626 770 697 ἀλλογενὴς
822 625 921 693 ούκ
965 624 1142 678 ἔδεται
1203 624 1299 676 ἀπ’
1351 620 1560 676 αὐτῶν·
1610 619 1864 691 ἔστιγὰρ
1897 619 2048 689 ἅγια.
2101 620 2227 673 Ἐὰν
2265 619 2323 673 δὲ
2367 616 2707 688 καταλειφθῇ
2755 614 2864 669 ἀπὸ
2895 613 3007 667 τῶν
3048 612 3226 682 κρεῶν
3251 611 3352 681 τῆς
3390 609 3585 674 θυσίας
3649 611 3751 681 τῆς

470 718 805 783 τελειώσεως
835 719 930 772 καὶ
962 718 1068 771 τῶν
1089 717 1268 788 ἄρτων
1291 715 1397 780 ἕως
1431 714 1606 788 πρωῒ,
1650 713 2023 778 κατακαύσεις
2059 712 2127 767 τὰ
2155 713 2319 768 λοιπὰ
2358 712 2514 784 πυρί.
2545 711 2621 766 Ού
2646 710 2989 782 βρωθήσεται
3009 725 3023 737 ·
3062 707 3310 776 ἁγίασμα
3346 704 3457 775 γάρ
3502 707 3674 759 ἔστω

546 810 745 867 PALL.
775 809 949 877 Quam
975 808 1260 866 recondita
1286 816 1419 864 sunt
1456 807 1573 864 haec
1593 808 1735 881 legis
1766 806 2050 863 mandata!

2228 807 2439 862 HAAA.
2490 805 2580 869 Ὠς
2621 803 2760 874 βαθὺ
2795 802 2856 858 τὸ
2896 802 3086 874 χρῆμα
3114 801 3225 855 τῶν
3266 797 3507 870 νομικῶν
3559 798 3751 852 ὲνταλ-

527 992 992 1049 CYR.Recondita
1010 1006 1143 1046 vero
1157 989 1483 1046 admodum:
1503 998 1650 1046 recte
1667 990 1815 1045 enim
1834 986 2020 1043 dixisti
2038 1005 2054 1042 :

474 1102 587 1143 non
611 1097 794 1143 tamen
822 1101 1053 1155 prorsus
1075 1085 1333 1148 obscura,
1368 1083 1413 1139 si
1457 1083 1621 1138 nobis
1646 1083 1893 1138 divinum
1927 1080 2056 1152 Spi-

476 1181 620 1237 ritus
654 1179 830 1235 sancti
860 1180 1046 1233 lumen
1073 1177 1364 1233 all‘ulserit.
1419 1176 1529 1248 Age
1577 1190 1707 1246 ergo
1730 1174 1962 1245 singula,
1997 1181 2058 1227 ut

477 1273 596 1331 ﬁeri
658 1272 883 1344 poterit,
928 1271 1290 1341 explicemus.
1334 1267 1606 1324 Dominus
1655 1275 1849 1321 noster
1896 1264 2058 1320 Jesus

475 1364 729 1420 Christus
762 1378 863 1418 nos
888 1362 1197 1418 innumeris
1225 1360 1405 1416 modis
1428 1357 1756 1423 sanctiﬁcat,
1787 1365 1846 1413 et
1870 1369 2058 1413 sacros

477 1464 840 1526 acceptosque
879 1453 1090 1520 reddit;
1141 1469 1242 1524 per
1265 1453 1448 1523 ipsum
1475 1464 1715 1520 namque
1738 1456 1797 1505 et
1843 1448 1899 1503 in
1938 1447 2058 1517 ipso

477 1561 762 1602 accessum
797 1546 1118 1610 habuimus,
1146 1553 1203 1601 et
1230 1545 1371 1616 grati
1411 1545 1525 1599 Deo
1547 1558 1613 1598 ac
1640 1541 1787 1598 Patri
1844 1555 2055 1596 sumus.

477 1640 585 1695 Sed
607 1640 770 1695 nobis
798 1639 893 1710 qui
949 1640 1054 1694 sub
1090 1639 1317 1694 interitu
1357 1644 1414 1691 et
1447 1642 1677 1707 peccato
1712 1634 2056 1699 tenebamur,

477 1733 769 1788 utilissima
808 1741 866 1789 et
889 1732 957 1787 ad
983 1732 1217 1788 salutem
1255 1730 1310 1785 in
1332 1729 1529 1801 primis
1573 1727 1888 1806 necessaria
1908 1741 2059 1782 mors

476 1826 598 1897 ejus
615 1832 718 1888 est,
748 1833 912 1894 atque
940 1824 1108 1879 etiam
1140 1822 1251 1877 vita
1277 1838 1292 1888 ;
1327 1829 1597 1891 praeterea
1639 1819 1732 1874 illa
1764 1817 2054 1889 perfectio,

478 1932 585 1986 qua
636 1932 736 1987 per
767 1931 969 1985 corpus
994 1916 1114 1986 ejus
1144 1922 1202 1969 et
1235 1913 1558 1984 sanguinem
1593 1909 1946 1981 perﬁcimur:
2002 1909 2059 1963 in

477 2004 697 2061 Christo
717 2020 975 2075 namque,
995 2020 1104 2060 non
1128 2003 1186 2058 in
1222 2003 1362 2072 lege,
1406 2000 1671 2071 perfectio
1707 1999 1815 2053 sita
1845 2006 1951 2054 est.

548 2175 747 2235 PALL.
777 2179 949 2234 Recte
975 2179 1136 2234 dicis.

548 2270 708 2327 ΟΥΕ.
737 2270 903 2344 394
932 2271 1070 2328 Vide
1101 2271 1270 2342 igitur
1292 2285 1356 2326 ea
1384 2277 1645 2340 tanquam
1677 2269 1733 2324 in
1756 2268 1943 2341 ﬁguris
1967 2268 2065 2323 ad—

2206 899 2373 954 ἁτων.

2436 987 2584 1044 Βαθῦ
2609 987 2709 1060 μὲν
2740 981 2832 1041 οὖν
2869 984 3019 1040 λίαν·
3048 983 3184 1056 ἔφης
3217 984 3327 1055 γὰρ
3365 982 3572 1055 ὀρθῶς·
3605 981 3748 1052 πλὴν

2157 1081 2259 1135 οὐκ
2305 1080 2540 1135 εἰσάπαν
2585 1077 2926 1148 ἁσυμφανὲς,
2964 1076 3027 1130 τὸ
3058 1076 3200 1130 θεῖον
3238 1076 3293 1128 ὲν
3323 1076 3457 1146 ἡμῖν
3487 1073 3751 1143 ὲναστρά-

2159 1189 2383 1236 πτοντος
2412 1170 2530 1240 φῶς
2563 1170 2658 1224 τοῦ
2685 1169 2840 1237 ἁγίου
2862 1169 3199 1239 Πνεύματος.
3231 1168 3343 1221 Καὶ
3378 1166 3511 1237 φέρε
3541 1164 3608 1233 δὴ
3642 1164 3751 1217 πὰ-

2158 1263 2263 1328 λιν,
2300 1262 2375 1326 ὠς
2396 1262 2496 1326 ἔνι,
2526 1261 2595 1316 τὰ
2619 1262 2703 1331 ἐφ’
2736 1261 2950 1332 ἑκάστῳ
2998 1259 3269 1329 λέγωμεν.
3311 1256 3469 1310 Κατὰ
3517 1254 3752 1327 μυρίους

2158 1355 2316 1419 ὅσους
2336 1355 2483 1425 ἡμᾶς
2519 1353 2737 1422 ἁγιάζει
2758 1352 2992 1423 τρόπους
3023 1353 3052 1405 ὁ
3081 1351 3285 1423 Κύριος
3328 1349 3491 1421 ἡμῶν
3532 1348 3744 1421 Ἰησοῦς

2158 1446 2414 1517 Χριστὸς,
2448 1445 2629 1517 ἱερούς
2669 1461 2730 1499 τε
2762 1444 2857 1498 καὶ⁹
2888 1443 3323 1516 εὐπροσδέκτους
3365 1442 3640 1498 ἀποτελεῖ.
3671 1440 3751 1494 Δι’

2159 1535 2325 1590 αὑτοῦ
2348 1537 2457 1609 γάρ
2493 1554 2554 1591 τε
2593 1535 2689 1590 καὶ
2714 1538 2772 1590 ὲν
2814 1533 2962 1605 αὐτῷ
2990 1535 3089 1606 τὴν
3109 1533 3476 1606 προσαγωγὴν
3510 1534 3752 1603 ἐσχήκα-

2163 1647 2281 1701 μεν,
2318 1630 2412 1683 καί
2446 1631 2617 1701 ὲσμεν
2651 1628 2753 1682 οὐκ
2792 1626 3105 1698 ἀνεθέλητοι
3151 1624 3228 1697 τῷ
3267 1624 3387 1698 Θεῷ
3424 1626 3519 1680 καὶ
3553 1623 3751 1695 Πατρί.

2159 1720 2576 1793 Χρειωδέστατά
2602 1736 2665 1773 τε
2688 1721 2782 1773 καὶ¹
2818 1719 3091 1787 ἀναγκαῖα
3124 1718 3262 1790 πρὸς
3291 1716 3565 1789 σωτηρίαν
3587 1717 3751 1787 ἡμῖν,

2158 1815 2272 1875 τοῖς
2294 1813 2400 1868 ὑπὸ
2424 1813 2632 1886 φθοράν
2658 1831 2719 1868 τε
2751 1814 2846 1868 καὶ
2863 1811 3161 1884 ἁμαρτίαν,
3191 1811 3219 1866 ὅ
3244 1828 3302 1865 τε
3331 1811 3560 1873 Θάνατος
3584 1811 3751 1864 αὑτοῦ

2159 1907 2255 1962 καὶ
2290 1906 2388 1978 μέν
2407 1924 2489 1960 τοι
2531 1907 2628 1961 καὶ
2675 1908 2709 1977 ὴ
2740 1904 2875 1977 ζωὴ,
2929 1904 3027 1960 καὶ
3066 1904 3204 1976 πρὸς
3253 1903 3464 1967 τούτοις
3494 1901 3576 1957 ἔτι
3603 1905 3637 1975 ἡ
3664 1899 3754 1956 διὰ

2158 1999 2252 2054 τοῦ
2287 1999 2539 2070 σώματός
2593 2016 2653 2052 τε
2703 1999 2798 2052 καὶ
2844 1997 3076 2067 αἵματος
3116 1996 3283 2051 αὐτοῦ
3331 1995 3610 2059 τελείωσις
3629 2010 3645 2026 ·
3693 1996 3752 2048 ὲν

2160 2089 2382 2163 Χριστῷ
2409 2088 2619 2163 γὰρῆδη,
2637 2088 2731 2143 καὶ
2757 2089 2861 2142 οὐκ
2889 2088 2946 2143 ἐν
2978 2086 3129 2159 νόμῳ
3156 2086 3216 2140 τὸ
3239 2085 3464 2140 τέλειον.

2235 2184 2439 2239 ΠΛΛΛ.
2466 2179 2539 2237 Εὖ
2565 2183 2725 2253 ἔφης.

2235 2277 2402 2333 ΚΥΡ.
2437 2275 2628 2346 Ἀθρει
2655 2274 2718 2346 δὴ
2753 2269 2847 2329 οὖν
2873 2272 2951 2338 ὡς
2969 2274 3028 2327 ὲν
3053 2272 3247 2334 τύποις
3273 2270 3354 2325 ἔτι
3391 2271 3461 2326 τὰ
3483 2271 3550 2326 δι’
3583 2264 3660 2326 ὧν
3689 2264 3750 2326 εὗ

474 2361 608 2425 huc,
638 2377 740 2432 per
770 2378 908 2433 .quae
961 2363 1156 2419 salvati
1211 2371 1269 2418 et
1316 2361 1665 2427 sanctiﬁcati,
1709 2372 1767 2418 et
1819 2363 1961 2417 sacri
2001 2376 2060 2417 ac

2167 2367 2313 2438 μάλα
2348 2364 2677 2436 σεσώσμεθά
2721 2381 2782 2418 τε
2832 2365 2926 2420 καὶ
2966 2362 3316 2434 ἡγιάσμεθα,
3379 2363 3513 2435 ἱεροί
3549 2379 3612 2415 τε
3654 2361 3751 2417 καὶ

475 2454 653 2510 sancti
700 2453 831 2511 facti
876 2455 1050 2511 simus
1074 2455 1127 2509 in
1159 2442 1655 2511 ChristofVitulus
1691 2470 1760 2509 ex
1792 2455 1970 2509 bobus
1994 2454 2062 2511 ad

477 2545 816 2600 sacriﬁcium
831 2545 1149 2609 adducitur,
1169 2553 1223 2600 et
1240 2544 1555 2600 immolatur
1573 2545 1641 2600 ad
1660 2545 1837 2615 ipsum
1856 2545 2062 2601 ostium

479 2636 851 2702 tabernaculi,
875 2637 1132 2691 manibus
1159 2652 1325 2707 super
1354 2637 1507 2691 illum
1546 2636 1855 2706 impositis;
1878 2635 2063 2692 eﬁ‘un-

477 2728 740 2800 diturque
762 2730 885 2801 ejus
904 2729 1144 2814 sanguis
1171 2730 1240 2784 ad
1274 2730 1471 2794 altare,
1501 2737 1560 2784 et
1586 2729 1740 2786 illius
1765 2744 1972 2785 cornua
1995 2745 2064 2785 eo

476 2832 890 2894 peruagantur;
912 2824 1196 2883 interanea
1230 2825 1399 2881 etiam
1435 2833 1695 2896 tanquam
1726 2826 2063 2883 odoratissi-

478 2930 630 2970 mum
662 2914 946 3015 ineeqsum
985 2916 1313 2983 adolentur;
1351 2916 1627 2987 reliquum
1681 2932 1812 2973 vero
1860 2934 2064 2988 corpus

477 3009 827 3077 exportatum
872 3016 1028 3063 extra
1091 3016 1272 3064 castra
1323 3009 1690 3065 comburitur.
1743 3009 1830 3066 Ac
1858 3010 2064 3068 vitulus

478 3098 702 3167 quidem
738 3098 993 3155 Christus
1021 3107 1125 3165 est,
1163 3107 1223 3154 ut
1252 3100 1349 3170 qui
1379 3100 1544 3155 simul
1588 3109 1746 3156 extra
1786 3100 1980 3170 jugum
2006 3107 2065 3155 et

478 3192 583 3247 sub
607 3193 741 3263 jugo
766 3201 950 3259 esset;
973 3209 1122 3257 nam,
1145 3208 1271 3248 cum
1305 3192 1607 3249 secundum
1647 3200 1898 3247 naturam
1919 3193 2064 3248 Deus

395 3279 401 3288 ’
477 3292 644 3349 esset,
678 3284 854 3340 factus
879 3293 968 3343 est
1008 3286 1114 3341 sub
1156 3286 1276 3356 lege
1317 3301 1418 3355 per
1459 3284 1884 3340 humanitatem.
1918 3283 2060 3351 Quid

2163 2459 2306 2528 ἅγιοι
2340 2458 2644 2529 γεγόναμεν
2673 2458 2732 2511 ἐν
2763 2454 3004 2528 Χριστῷ.
3044 2455 3358 2525 Μοσχάριον
3393 2449 3463 2525 ἦν
3498 2454 3563 2507 ἐκ
3604 2452 3748 2524 βοῶν

2162 2553 2226 2605 τὺ
2256 2553 2336 2616 είς
2361 2550 2552 2604 θυσίαν
2576 2550 2837 2622 ἠγμένον,
2866 2550 2961 2604 καὶ
2983 2547 3247 2616 σφάζεται
3273 2546 3372 2618 μὲν
3393 2547 3530 2618 πρὸς
3558 2547 3750 2611 αὑταῖς

2158 2647 2283 2708 ταῖς
2311 2642 2504 2716 θύραις
2528 2643 2627 2714 τῆς
2661 2641 2823 2712 ἁγίας
2865 2640 3092 2713 σκηνῆς,
3123 2639 3572 2711 ἐπενηνεγμένων
3598 2635 3752 2706 αὐτῷ

2162 2734 2273 2788 τῶν
2292 2731 2513 2805 χειρῶν.
2541 2734 2865 2804 Προσεχεῖτο
2896 2732 2953 2785 δὲ
2981 2732 3043 2785 τὸ
3071 2727 3211 2803 αἷμα
3239 2730 3319 2801 τῷ
3354 2729 3752 2801 θυσιαστηρίῳ,

2165 2825 2614 2896 καταχριομένων
2638 2823 2788 2894 αὐτῷ
2814 2824 2921 2877 τῶν
2947 2824 3195 2896 κεράτων
3220 2839 3234 2854 ο
3272 2824 3367 2877 καὶ
3390 2821 3754 2886 -καπνίζονται

2169 2917 2268 2989 μὲν
2294 2919 2353 2971 ὲν
2381 2916 2536 2983 τάξει
2559 2916 2668 2969 τῶν
2707 2916 3088 2986 εύοσμοτάτων
3120 2915 3479 2987 θυμιαμάτων
3503 2914 3572 2968 τὰ
3601 2914 3752 2968 ἐντό-

2166 3010 2313 3064 σθια.
2350 3010 2424 3063 Τὸ
2474 3009 2531 3062 δὲ
2561 3009 2747 3063 λοιπὸν
2792 3008 3140 3079 ἐμπίπραται
3188 3008 3367 3080 σῶμα,
3395 3008 3752 3077 διακομισθὲν

2164 3099 2424 3155 ἐπέκεινα
2469 3101 2573 3172 τῆς
2637 3099 3013 3171 παρεμϐολῆς.
3059 3101 3168 3154 Καὶ
3224 3100 3521 3172 μοσχάριον
3574 3100 3675 3172 μὲν
3724 3103 3754 3154 ὁ

2166 3194 2425 3266 Χριστὸς,
2462 3193 2538 3257 ὡς
2566 3193 2686 3259 ἔξω
2714 3191 2881 3261 ζυγοῦ
2910 3193 3002 3246 καὶ
3035 3191 3141 3246 ὑπὸ
3170 3191 3355 3261 ζυγόν.
3382 3192 3515 3258 Θεὸς
3536 3195 3646 3265 γὰρ
3674 3193 3752 3246 ὢν

2165 3287 2323 3356 φύσει
2356 3286 2578 3354 γέγονεν
2609 3284 2714 3338 ὑπὸ
2746 3283 2909 3354 νόμον
2942 3283 3030 3338 διὰ
3065 3284 3126 3337 τὸ
3156 3283 3514 3354 ἀνθρώπινον.
3563 3280 3600 3356 ἦ
3640 3285 3753 3358 γὰρ

477 3374 666 3431 enim?
699 3391 883 3432 nonne
917 3376 1126 3430 vitulus
1181 3392 1385 3446 parvus
1427 3377 1560 3446 jugo
1605 3374 1829 3446 quidem
1884 3374 2060 3429 adhuc

2168 3378 2290 3448 οὐχὶ
2340 3377 2400 3430 τὸ
2453 3375 2626 3448 βραχῦ
2671 3374 2964 3446 μοσχάριον
3035 3373 3203 3444 ζυγοῦ
3256 3376 3355 3446 μὲν
3388 3374 3554 3445 ἄηθες
3610 3378 3751 3441 ἐστι,

479 3467 732 3521 insuetus
767 3475 872 3529 est,
910 3465 1007 3521 sed
1037 3467 1159 3537 ejus
1190 3473 1406 3521 natura:
1433 3475 1639 3530 tamen,
1666 3479 1789 3535 quae
1816 3465 1954 3536 jugo
1983 3462 2063 3520 fc-

479 3555 657 3611 rendo
686 3556 762 3609 sit
792 3562 917 3625 apta
936 3555 961 3607 ?

548 3647 749 3703 PALL.
785 3647 866 3701 Ita
897 3655 1005 3702 est.

549 3736 711 3790 CYR.
746 3734 964 3789 Vitulus
1008 3733 1176 3804 igitur
1213 3735 1521 3805 appellatus
1555 3744 1639 3791 est
1687 3737 1942 3793 Christus
1973 3752 2063 3793 sa-

479 3825 653 3897 pienti
701 3824 955 3890 consilio,
997 3834 1058 3879 ut
1094 3825 1152 3881 in
1187 3826 1382 3881 eadem
1422 3842 1483 3884 re
1529 3828 1872 3900 intelligatur
1902 3846 1933 3884 a
1960 3847 2063 3886 no-

481 3917 569 3973 bis
600 3926 713 3972 tum
763 3917 885 3987 ejus
909 3918 1076 3973 Verbi
1120 3917 1469 3974 divinitatem
1526 3919 1752 3975 minime
1787 3931 2064 3977 assuetam

480 4019 605 4058 esse
659 4003 939 4067 servituti,
986 4011 1102 4058 tum
1145 4018 1267 4059 eam
1299 4013 1574 4068 naturam,
1614 4020 1737 4075 quae
1782 4004 1886 4060 sub
1930 4007 2063 4077 jugo

481 4104 649 4163 esset,
681 4096 827 4167 quod
854 4096 921 4152 ad
953 4097 1075 4167 ejus
1103 4097 1500 4152 humanitatem
1531 4096 1748 4159 attinet,
1803 4096 2060 4152 subiisse.

480 4191 800 4246 Immolatur
829 4200 1016 4246 autem
1048 4198 1307 4262 tanquam
1344 4206 1445 4262 pro
1475 4207 1631 4248 sacro
1684 4191 2062 4254 tabernaculo,

481 4299 544 4338 ac
564 4299 664 4354 pro
697 4284 784 4346 iis,
820 4283 915 4354 qui
953 4283 1059 4339 sibi
1099 4300 1294 4339 manus
1342 4283 1732 4354 imposuissent
1764 4282 1990 4353 (Levita;
2026 4282 2062 4337 ii

480 4382 638 4429 erant
669 4382 725 4429 et
749 4373 1121 4444 sacerdotes);
1155 4390 1280 4429 nam
1320 4374 1408 4428 ille
1430 4386 1683 4430 mortuus
1701 4383 1788 4429 est
1824 4389 1926 4445 pro
1955 4374 2060 4430 Ec-

481 4463 648 4519 clesia
678 4472 736 4520 et
763 4464 851 4527 iis,
876 4464 969 4534 qui
1010 4471 1140 4519 sunt
1171 4465 1249 4519 illi
1272 4480 1371 4535 per
1408 4465 1570 4521 ﬁdem
1600 4465 1931 4520 consecrati.
1967 4464 2064 4520 Sa»

480 4570 630 4611 cram
660 4570 826 4626 porro
851 4555 1042 4619 fuisse,
1064 4564 1121 4611 et
1162 4556 1217 4610 in
1248 4555 1505 4611 sacriﬁcii
1532 4571 1739 4612 morem
1776 4565 2060 4626 acceptam

480 4648 595 4703 Deo
626 4663 692 4704 ac
729 4647 876 4703 Patri
937 4647 1311 4704 Emmanuelis
1357 4656 1612 4713 mortem,
1662 4664 1730 4704 ex
1773 4665 1841 4703 eo
1874 4648 2062 4704 videre

2167 3468 2381 3537 φύσεώς
2407 3485 2470 3537 γε
2511 3467 2616 3539 μὴν
2653 3468 2749 3536 τῆς
2780 3466 2886 3521 ὑπὸ
2913 3465 3115 3537 ζυγόνς

2236 3648 2445 3703 ΠᾹΛΛ.
2484 3640 2608 3700 Ὧῖε
2641 3646 2773 3718 ἔχει.

2236 3741 2405 3796 ΚΥΡ.
2440 3739 2756 3812 Μοσχάριον
2777 3740 2841 3813 δὴ
2879 3735 2974 3795 οὖν
2998 3740 3315 3811 ὠνόμασται
3348 3738 3508 3793 πάλιν
3541 3737 3753 3791 οἰκονο-

2169 3831 2344 3904 μικῶς
2371 3834 2399 3886 ό
2432 3831 2667 3904 Χριστὸς
2687 3873 2703 3897 ,
2736 3832 2803 3887 ἵν’
2856 3834 2918 3886 ὲν
2965 3831 3145 3901 ταυτῷ
3178 3831 3370 3901 νοῆται
3412 3830 3547 3902 πρὸς
3589 3829 3755 3900 ἡμῶν

2166 3924 2261 3978 καὶ
2309 3923 2372 3977 τὸ
2419 3923 2586 3994 ἄηθες
2611 3924 2711 3995 τῆς
2744 3923 2838 3978 τοῦ
2872 3925 3047 3994 Λόγου
3075 3924 3328 3996 θεότητος
3367 3924 3446 3987 είς
3478 3921 3748 3985 δουλείαν,

2165 4019 2259 4070 καὶ
2286 4017 2347 4070 τὸ
2389 4015 2464 4081 ὡς
2493 4020 2550 4070 ἐν
2585 4017 2745 4087 φύσει
2773 4017 3024 4087 γενέσθαι
3065 4020 3129 4088 τῇ
3168 4017 3273 4071 ὑπὸ
3317 4015 3477 4085 ζυγὸν
3509 4014 3653 4068 κατά
3682 4031 3749 4083 γε

2165 4106 2225 4160 τὸ
2245 4105 2602 4177 ἀνθρώπινον.
2641 4106 2915 4175 Σφάζεται
2945 4107 3003 4161 δὲ
3048 4108 3123 4171 ὡς
3175 4106 3316 4178 ὺπέρ
3347 4124 3410 4176 γε
3441 4107 3540 4177 τῆς
3582 4105 3751 4173 άγίας

2171 4203 2377 4272 σκηνῆς
2413 4198 2646 4253 καὶτῶν
2678 4199 2977 4253 ὲπιθέντων
3012 4200 3163 4272 αὐτῷ
3199 4199 3297 4263 τὰς
3326 4202 3510 4270 χεῖρας
3535 4215 3549 4227 ·
3589 4201 3751 4252 Λευῖ-

2164 4308 2252 4345 ται
2277 4291 2334 4345 δὲ
2361 4282 2506 4344 οὗτοι
2536 4290 2631 4344 καὶ
2662 4290 2830 4361 ἱερεῖς
2856 4308 2868 4349 τ
2915 4289 3154 4344 ἀπέθανε
3185 4289 3294 4360 γὰρ
3352 4289 3493 4359 ὑπέρ
3536 4304 3597 4340 τε
3647 4288 3751 4356 τῆς

2177 4381 2508 4451 Ἐκκλησίαςο
2558 4382 2652 4434 καὶ
2697 4380 2804 4433 τῶν
2849 4378 3000 4449 αὐτῷ
3062 4377 3486 4450 καθιερωμένων
3522 4374 3611 4429 διὰ
3643 4375 3752 4446 τῆς

2165 4477 2422 4536 πίστεως.
2470 4473 2633 4541 Ἰερὸς
2679 4475 2735 4527 δὲ
2763 4474 2846 4528 ὅτι
2904 4474 2998 4528 καὶ
3035 4474 3111 4537 ὡς
3138 4475 3196 4527 ὲν
3216 4473 3405 4543 τρόπῳ
3435 4469 3625 4533 θυσίας
3657 4468 3753 4522 εὐ-

2165 4567 2500 4639 πρόσδεκτος
2547 4566 2627 4636 τῷ
2664 4566 2784 4637 Θεῷ
2831 4568 2926 4621 καὶ
2969 4567 3145 4639 Πατρ“ι
3191 4565 3286 4620 τοῦ
3328 4561 3696 4635 Ἐμμανουήλ.
3722 4564 3753 4616 ὁ

2165 4660 2414 4724 θάνατος,
2452 4657 2605 4729 πάρα
2633 4675 2714 4712 σοι
2747 4661 2908 4720 νοεῖν,
2940 4656 3348 4730 προσχεόμενον
3393 4654 3488 4710 τοῦ
3512 4654 3751 4724 αἵματος

480 4741 631 4806 licet,
687 4741 836 4812 quod
870 4740 1092 4811 sanguis
1129 4741 1196 4796 ad
1229 4741 1401 4796 altare
1453 4740 1729 4805 funditur,
1774 4750 1834 4796 et
1868 4757 1937 4796 ex
1989 4757 2060 4797 eo

2166 4751 2242 4822 τῷ
2268 4717 2412 4821 ἁγίῷ
2440 4717 2844 4821 θυσιαστηρίῳ,
2891 4717 2998 4805 καὶ.
3032 4717 3419 4822 καταγρίοντος
3459 4717 3615 4811 αὑτό,
3646 4743 3747 4797 θυ-

477 4835 826 4905 perungitur,
859 4833 1008 4905 quod
1060 4833 1191 4889 item
1243 4833 1538 4889 adolentur
1594 4834 1879 4897 intestina,
1941 4851 2064 4906 qua:

480 4924 753 4980 virtutum
779 4926 1101 4981 intimarum
1137 4935 1194 4981 et
1226 4926 1289 4980 in
1318 4924 1504 4980 animo
1539 4924 1953 4981 reconditarum
1998 4925 2063 4979 ﬁ-

479 5034 673 5085 guram
703 5028 922 5090 gerunt,
962 5018 1021 5076 in
1039 5020 1245 5092 quibus
1268 5017 1573 5091 spiritualis
1603 5017 1742 5072 odor
1768 5018 1932 5084 inest,
1965 5034 2063 5073 ne-

478 5124 589 5178 que
626 5110 717 5165 ille
746 5109 1003 5183 simplex,
1053 5127 1181 5166 cum
1236 5109 1497 5165 intestina
1548 5109 1874 5181 multiplicia
1930 5112 2062 5177 sint,

480 5202 671 5274 adeps,
702 5218 884 5268 renes,
914 5204 1082 5276 pinna
1101 5203 1324 5274 iecoris.
1352 5201 1712 5259 Comburitur
1741 5210 1927 5259 autem
1974 5221 2063 5260 re-

478 5292 693 5364 liquum
729 5309 933 5366 corpus
978 5303 1136 5350 extra
1184 5300 1395 5361 castra;
1448 5309 1576 5350 nam
1631 5303 1785 5351 extra
1842 5305 2058 5367 portam

479 5400 679 5454 passus
736 5397 824 5443 est
874 5385 1160 5451 Christus;
1214 5387 1297 5444 sic
1342 5387 1490 5443 enim
1534 5387 1729 5443 scribit
1756 5388 1960 5444 Paulus
1992 5389 2056 5442 ⁸⁸.

480 5476 639 5543 Quod
667 5485 851 5534 autem
881 5476 1213 5551 ignicorpus
1236 5479 1564 5544 absumitur,
1615 5479 1804 5537 subtili
1845 5481 2061 5536 ratione

482 5567 773 5639 designare
808 5577 1011 5640 potest,
1053 5571 1207 5626 nullo
1256 5572 1422 5626 modo
1468 5572 1590 5644 ejus
1648 5573 1961 5643 passionem
2004 5581 2060 5629 et

555 5740 602 5776 “
625 5743 792 5800 Hebr.
822 5762 938 5810 mu,
970 5747 1051 5802 l2.

2168 4843 2459 4913 μιωμένων
2503 4841 2561 4895 δὲ
2600 4843 2696 4896 καὶ
2742 4841 2850 4896 τῶν
2889 4840 3198 4904 ὲντοσθίων,
3243 4839 3281 4896 ἁ
3330 4839 3423 4893 καὶ
3461 4839 3542 4900 εἰς
3575 4836 3754 4892 τύπον

2153 4929 2276 5012 (εἷεν
2310 4934 2376 4989 ἂν
2413 4934 2522 4988 τῶν
2584 4936 2664 4997 είς
2723 4933 2784 4988 τὸ
2830 4932 2940 4988 ἔσω
2986 4934 3083 4989 καὶ
3121 4936 3203 4998 είς
3240 4931 3367 4987 νοῦν
3396 4929 3630 5004 ἀρετῶν,
3659 4923 3755 4993 αἶς

2152 5016 2342 5082 δὲνεστι
2378 5027 2479 5098 μὲν
2515 5027 2578 5082 τὺ
2608 5026 2807 5091 εὑῶδες
2842 5026 3249 5098 πνευματικῶς,
3297 5026 3360 5081 ού
3394 5023 3517 5079 καθ’
3551 5022 3656 5078 ἕνα
3691 5020 3753 5075 δὲ

2164 5121 2388 5192 τρόπον.
2414 5121 2537 5175 ἐπεί
2568 5138 2650 5176 τοι
2672 5120 2845 5176 πολλὰ
2874 5120 2944 5175 τὰ
2984 5119 3253 5181 ὲντόσθια,
3287 5116 3495 5190 πιμελὴ
3517 5116 3613 5171 καὶ
3658 5133 3754 5169 νε-

2163 5211 2290 5282 φροὶ
2309 5252 2325 5276 ,
2358 5211 2453 5265 καὶ
2483 5213 2513 5264 ό
2539 5210 2695 5276 λοϐὸς
2737 5208 2832 5265 τοῦ
2877 5210 3110 5283 ἥπατος.
3156 5208 3533 5280 Ἑμπίπραται
3558 5205 3618 5261 δὲ
3648 5204 3749 5259 τοῦ

2164 5300 2416 5372 σώματος
2460 5301 2522 5355 τὸ
2560 5300 2902 5372 λειπόμενον.
2933 5299 3039 5367 ἔξω
3068 5301 3166 5373 τῆς
3194 5298 3565 5372 παρεμϐολῆς.
3598 5295 3751 5361 Ἐξω

2162 5394 2272 5466 γὰρ
2296 5394 2398 5463 τῆς
2430 5392 2603 5466 πύλης
2637 5393 2839 5450 ἔπαθεν
2882 5396 2912 5449 ό
2944 5395 3210 5465 Χριστόςθ
3250 5393 3454 5464 γράφει
3483 5390 3543 5444 δὲ
3566 5388 3747 5463 οὕτως

2162 5486 2192 5538 ὁ
2224 5480 2453 5548 Παῦλος.
2503 5484 2579 5539 Th
2621 5484 2679 5539 δέ
2716 5501 2781 5553 γε
2821 5484 2954 5558 πυρὶ
2984 5482 3328 5538 δαπανᾶσθαι
3348 5482 3411 5535 τὸ
3442 5481 3602 5552 σῶμα
3637 5497 3743 5534 κα-

2161 5575 2528 5646 τατημήνειεν
2556 5573 2621 5630 ἂν
2651 5575 2846 5647 ἰσχνῶς
2865 5618 2878 5645 ,
2897 5573 3054 5630 ὅτιτὸ
3087 5573 3260 5639 πάθος
3286 5572 3434 5645 αὑτῷ
3461 5572 3554 5629 καὶ
3587 5571 3615 5626 5
3645 5568 3745 5627 9i-
