1929 3042
329 363 557 446 VITA
624 359 967 444 SANCTI
1021 363 1411 441 CYRILLI

627 501 860 531 PATRIARCHIE
879 500 1114 529 ALEXANDRINI

394 597 464 630 (Acta
474 598 621 623 Sanctorum
632 594 756 626 Bolland.,
769 595 879 621 Januarii
894 597 953 620 tom.
968 594 998 624 ll,
1009 594 1050 618 die
1061 593 1099 624 28,
1110 601 1174 620 anno
1185 593 1274 621 Christi
1286 594 1349 625 H5.)

161 748 211 784 μ.
229 749 261 777 S.
274 748 371 795 ϐεινίκί
383 749 491 783 natalis,
512 753 587 782 tetas,
602 748 731 784 reliqum.

86 816 106 842 l.
116 816 233 844 Multum
241 816 368 844 Ecclesia
375 816 508 844 catholica
517 815 545 843 S.
553 815 655 851 Cyrillo
660 815 844 843 Alexandrino

58 862 137 894 debet,
146 863 208 898 ejus
220 863 357 898 singulari
369 863 524 890 eruditione
537 862 678 898 animique
691 861 844 890 constantia

58 908 178 936 adversus
185 909 337 937 hareticos
346 909 502 937 ﬁdelissime
512 909 724 944 felicissimeque
742 916 843 944 propu-

58 959 127 989 gnata
144 963 151 981 z
168 955 289 990 ideoque
307 956 321 982 ὁ
343 956 392 991 τῆς
407 956 490 991 ὀρθῆς
502 956 550 983 καὶ
560 956 713 991 ἀμωμήτου
729 955 845 986 πίστεως

60 1002 216 1036 ςυνὴγορος,
245 1007 325 1030 recta:
352 1006 376 1029 et
402 1002 581 1030 immaculata;
608 1001 671 1037 ﬁdei
703 1002 844 1029 advocatus

58 1047 202 1082 appellatur
226 1048 255 1075 in
285 1048 403 1076 concilio
427 1048 598 1076 aecumenico
629 1048 844 1076 Chalcedonensi

58 1097 102 1120 act.
118 1093 153 1126 3,
177 1093 207 1120 in
231 1093 326 1121 libello
351 1093 488 1122 Theodori
511 1094 631 1127 diaconi,
652 1093 845 1122 ecclesiasticis

59 1137 157 1164 concilii
184 1138 372 1166 monumentis
395 1139 508 1166 inserto.
535 1139 592 1166 lmo
614 1143 743 1174 tanquam
773 1138 846 1166 sedis

59 1183 206 1218 apostolica:
218 1184 352 1217 vicarius,
366 1185 463 1220 aequali
478 1192 540 1212 eum
563 1184 592 1213 S.
612 1185 704 1213 Leone
717 1184 846 1220 pontiﬁce

61 1229 174 1256 Romano
186 1230 435 1266 honore-dignatus
446 1235 487 1258 cst
503 1231 531 1258 in
548 1231 666 1259 concilio
685 1230 846 1259 Constanti-

60 1275 208 1309 nopolitano
223 1284 269 1303 an.
283 1276 350 1304 Chr.
366 1277 427 1309 .556,
440 1277 490 1304 sub
509 1277 607 1305 Menna
627 1278 782 1313 patriarcha
795 1278 846 1306 ha-

60 1321 120 1348 bito.
130 1321 170 1349 lta
185 1323 293 1350 actione
308 1323 320 1350 ι
333 1332 340 1349 :
356 1332 364 1348 ι
378 1323 511 1356 Quoniam
523 1323 755 1352 Chalcedonensis
766 1331 847 1360 syno-

61 1368 105 1395 dus
112 1377 164 1396 non
177 1369 265 1396 solum
276 1369 378 1398 Leonis
388 1374 488 1398 sanctae
498 1371 645 1402 memoria),
657 1379 754 1399 verum
764 1371 846 1398 etiam

61 1419 85 1441 et
96 1414 185 1450 Cyrilli
194 1415 445 1444 Alexandrinorum
459 1424 473 1443 a
483 1417 539 1444 Deo
551 1417 633 1444 amati
643 1417 771 1452 pastoris,
785 1424 844 1445 me—

61 1461 166 1489 moriam
179 1462 206 1489 in
221 1462 376 1490 orthodoxa
389 1462 441 1490 ﬁde
456 1462 534 1496 fecit;
551 1467 579 1490 et
598 1453 716 1499 Cyrillus
733 1462 845 1498 quidem

62 1509 252 1537 Alexandrinus
269 1509 298 1536 in
320 1509 456 1546 diptychis
480 1509 654 1544 praedicatur,
677 1509 732 1538 Leo
753 1514 845 1538 autem

62 1557 152 1580 saneta:
166 1553 307 1580 memoriae
321 1561 376 1580 non
387 1552 567 1588 przedicatur;
580 1553 685 1588 justum
705 1557 844 1588 putamus,

63 1603 89 1625 ut
98 1599 166 1634 quod
178 1598 266 1626 defuit
277 1599 438 1634 suppleatur
453 1608 460 1626 :
475 1604 504 1627 et
517 1599 582 1634 quia
591 1599 733 1634 atqualiter
747 1599 781 1626 ab
795 1599 847 1627 hac

63 1650 145 1673 sancta
161 1646 266 1681 synodo
287 1653 339 1681 pro
358 1649 429 1673 statu
453 1645 613 1672 orthodoxa:
632 1645 695 1673 ﬁdei
719 1644 847 1672 honorati

63 1697 118 1719 sunt
131 1692 268 1725 similiter,
287 1696 315 1719 et
330 1692 357 1719 in
374 1692 460 1719 sacris
473 1691 610 1727 diptycliis
632 1698 682 1726 pro
693 1691 809 1718 utilitate
820 1694 847 1718 et

64 1744 120 1771 pace
133 1737 259 1767 Ecclesiae
272 1737 468 1772 praedicentur.
486 1747 495 1762 ι

93 1783 209 1811 2.6mm
219 1788 304 1819 agunt
315 1783 343 1811 S.
355 1780 449 1820 Cyrilli
467 1791 494 1810 lx
510 1782 585 1811 Junii
596 1782 780 1815 festivitatem,
792 1790 846 1817 quo

64 1829 102 1856 die
116 1826 295 1864 Menologium
312 1838 318 1856 :
341 1839 349 1855 ε
369 1829 473 1857 Natalis
487 1828 514 1857 S.
527 1829 633 1865 Cyrilli,
645 1829 696 1856 viri
714 1829 846 1857 eruditis-

64 1874 126 1905 simi,
147 1875 289 1903 catholicae
310 1873 374 1903 ﬁdei
392 1875 603 1912 propugnatoris
623 1875 745 1911 egregii:
765 1883 846 1911 quem

64 1929 176 1948 summus
190 1921 315 1956 pontifex
326 1920 492 1950 leestinus
505 1921 635 1950 idoneum
644 1921 778 1957 judicavit
802 1921 847 1948 cui

65 1973 119 1994 suas
144 1968 217 1995 vices
246 1967 274 1995 in
302 1967 442 2002 Ephesino
463 1967 581 1995 concilio
603 1967 750 2003 delegaret.
781 1977 790 1992 ι
817 1965 861 2007 ln_

65 2012 162 2040 hlenzeis
175 2022 198 2040 ς(
212 2013 307 2041 Sancti
317 2013 407 2041 Patris
422 2014 509 2042 nostri
518 2013 624 2049 Cyrilli,
638 2010 717 2048 Papa:
728 2013 845 2040 Alexan-

65 2058 137 2086 drini.
156 2070 164 2086 ›

126 2114 344 2153 ξύριλλον-ὑμνῶ
357 2115 405 2153 τοῦ
422 2115 526 2153 Κυρίου
544 2114 687 2153 μορ-φίλον
696 2134 704 2144 .
856 2126 876 2153 C

125 2151 177 2176 Καὶ
192 2149 299 2186 Κυρίας
314 2150 457 2186 πρόμαχον
469 2149 664 2186 ἆειπὰρθένου.

126 2203 256 2239 Cyrillum}
266 2204 368 2231 celebro
385 2203 489 2231 Domini
503 2204 553 2230 mei
568 2203 692 2233 amicum,

147 2244 157 2266 t
177 2239 298 2267 Domina:
314 2247 418 2275 semper
436 2239 543 2275 virginis
559 2241 792 2274 propugnatorem.

92 2306 116 2333 3.
136 2306 225 2335 Variis
239 2306 363 2342 ejusdem
379 2306 494 2334 virtutes
507 2306 578 2337 odis,
596 2304 715 2341 hymnis,
735 2308 762 2331 et
777 2303 846 2330 anti-

63 2352 151 2387 phonis
163 2353 340 2381 celebrantur
355 2353 384 2380 in
393 2353 497 2381 eisdem
513 2351 632 2384 Memeis,
647 2356 703 2378 tum
719 2350 771 2378 hoc
790 2349 844 2382 dic,

63 2403 112 2426 tum
126 2408 186 2426 xvut
202 2400 336 2431 Januarii,
358 2407 413 2434 quo
429 2398 543 2426 solemni
559 2405 623 2425 eum
638 2398 712 2424 cultu
733 2396 844 2427 iterum,

62 2452 108 2472 una
118 2453 177 2472 cum
192 2446 220 2473 S.
234 2445 395 2477 Athanasio,
408 2449 584 2477 venerantur,
598 2449 626 2471 ct
638 2444 689 2471 hoc
700 2449 845 2478 utrumque

61 2495 151 2518 ornant
164 2491 308 2519 encomio:
336 2500 344 2516 ι
365 2491 412 2518 SS.
430 2490 596 2518 Athanasius
611 2495 639 2517 et
657 2489 774 2525 Cyrillus
797 2497 845 2524 pa-

61 2535 177 2563 triarcha:
190 2536 382 2563 Alexandrini.
395 2536 435 2563 Ex
447 2536 491 2563 his
507 2535 616 2563 duobus
637 2534 665 2562 S.
680 2531 846 2562 Athanasius

62 2580 119 2607 vixit
145 2581 297 2616 imperante
314 2581 503 2609 Constantino
528 2581 633 2617 Magno,
656 2585 683 2608 et
707 2580 735 2608 in
757 2580 845 2615 primo

58 2626 166 2652 concilio
177 2626 298 2658 Nicaeno,
313 2626 437 2661 nondum
454 2626 598 2661 episcopus
617 2631 736 2658 creatus,
753 2625 845 2653 verbis

58 2674 80 2695 et
98 2671 206 2705 scriptis
222 2672 366 2707 sapientia:
376 2672 465 2707 plenis
480 2672 576 2700 Arium
587 2672 740 2700 confutavit
752 2676 779 2700 et
795 2680 844 2707 pu-

58 2715 157 2744 defecit.
172 2718 236 2745 Post
249 2723 370 2745 mortem
382 2725 448 2749 vero
461 2718 609 2746 Alexandri
619 2719 844 2754 archiepiscopus

59 2761 220 2791 Alexandria:
240 2764 398 2797 ordinatus,
418 2773 433 2792 a
448 2764 608 2794 Constantio
632 2765 718 2793 variis
740 2765 844 2793 exsiliis

58 2809 194 2842 exercitus,
215 2818 266 2845 per
279 2810 351 2838 duos
370 2815 399 2838 et
419 2811 598 2846 quadraginta
620 2819 706 2839 annos
726 2810 843 2838 assiduis
860 2801 882 2828 D

58 2856 288 2886 persecutionibus
305 2857 469 2892 exagitatus,
486 2858 613 2893 migravit
633 2858 666 2884 ad
682 2850 838 2884 Dominum.

59 2897 165 2928 Sanetus
172 2907 260 2930 autem
271 2902 394 2939 Cyrillus
402 2903 452 2930 sub
461 2903 615 2931 Theodosio
624 2904 727 2931 llinore
737 2903 838 2934 floruit,

168 2962 307 2994 PATROL.
326 2963 385 2994 Gn.
403 2963 532 2994 LXVIII.

861 752 881 778 Α
897 746 1041 781 Theophili
1053 745 1252 781 archiepiscopi
1265 745 1443 773 Alexandrini
1457 751 1579 773 esorore
1594 753 1690 781 nepos,

895 798 923 820 et
934 793 961 820 in
975 792 1040 820 sede
1055 792 1281 828 arcltiepiscopali
1294 799 1447 823 successor,
1464 792 1512 826 qui
1528 792 1615 822 tertiae
1626 800 1688 828 syn-

895 839 949 867 odo
965 839 1066 874 Ephesi
1089 839 1235 866 celebratae
1256 838 1383 874 praefuit.
1410 844 1438 866 et
1454 839 1610 866 Nestorium
1632 839 1689 875 (qui

896 887 981 914 multa
996 886 1154 921 blasphema
1174 886 1202 913 in
1212 885 1355 913 Dominam
1370 890 1490 913 nostram
1508 886 1556 913 Dei
1575 885 1690 921 genitri-

895 940 954 960 cem
977 932 1103 967 dogmata
1123 931 1257 967 evomuit)
1281 931 1421 959 damnavit
1441 936 1470 959 et
1491 932 1689 960 exauctoravit.

895 978 1014 1014 Cyrillus
1030 986 1106 1010 vero,
1122 986 1185 1005 cum
1202 977 1297 1005 multis
1309 977 1439 1013 praeclare
1451 977 1530 1005 factis
1543 983 1571 1006 et
1582 978 1690 1006 virtuti-

896 1025 950 1052 bus
959 1025 1100 1056 eluxisset,
1114 1024 1148 1051 ad
1167 1024 1313 1051 Dominum
1330 1023 1466 1059 migravit.

931 1070 958 1097 4.
984 1079 993 1095 ι
1011 1070 1078 1098 Erat
1101 1069 1269 1098 Athanasius
1286 1070 1419 1097 mediocri
1432 1074 1536 1098 statura
1555 1071 1689 1106 corpbris,

897 1116 1021 1144 modeste
1035 1117 1118 1148 latus,
1132 1116 1275 1148 incurvus,
1288 1121 1365 1151 grato
1375 1120 1498 1151 aspectu,
1509 1115 1619 1144 decenti
1633 1116 1690 1143 cal-

896 1162 980 1195 vitie,‘
992 1162 1099 1190 adunco
1113 1170 1195 1196 naso;
1211 1163 1297 1190 barba
1310 1169 1366 1190 non
1385 1162 1532 1190 admodum
1544 1163 1690 1198 promissa,

897 1208 944 1236 sed
965 1208 1065 1236 diﬂ‘usa
1086 1214 1115 1237 et
1130 1216 1214 1244 genas
1229 1208 1378 1242 vestiente;
1399 1216 1447 1236 ore
1463 1209 1552 1241 brevi,
1568 1213 1598 1237 et
1611 1209 1689 1244 quasi

897 1255 998 1288 inciso;
1010 1262 1066 1282 non
1079 1255 1275 1283 omnino-cano
1289 1255 1389 1290 capite,
1409 1262 1461 1283 nec
1473 1262 1542 1290 pure
1552 1255 1625 1288 albo,
1641 1256 1689 1283 sed

897 1300 1029 1329 subﬁavo.
1044 1301 1160 1329 Sanctus
1178 1306 1269 1329 autem
1283 1301 1402 1337 Cyrillus
1410 1301 1494 1329 breve
1507 1301 1574 1336 quid
1586 1302 1691 1329 habens

898 1352 961 1376 etim
975 1348 1068 1376 colore
1084 1347 1213 1383 gratiore,
1226 1347 1358 1375 abnuenti
1367 1346 1464 1375 si‘milis
1480 1353 1607 1383 aspectu;
1621 1349 1690 1376 den-

897 1394 936 1422 sis
963 1399 991 1422 et
1014 1394 1112 1429 pilosis
1135 1393 1291 1429 superciliis
1315 1393 1475 1430 magnisque
1496 1399 1524 1422 et
1547 1395 1575 1422 in
1596 1403 1691 1424 arcum

861 1441 882 1468 Β
896 1440 983 1472 ﬂexis,
1004 1441 1177 1475 frontemque
1198 1440 1405 1473 claudentibus;
1424 1447 1491 1468 naso
1508 1441 1593 1477 justo,
1614 1442 1692 1478 cujus

897 1486 1085 1522 diapbragma,
1111 1494 1160 1514 seu
1185 1486 1361 1514 intervallum
1382 1487 1501 1520 narium,
1524 1489 1693 1518 contractius

896 1537 972 1566 erat;
992 1533 1069 1568 genis
1076 1532 1208 1565 extensis,
1220 1532 1301 1560 labiis
1312 1533 1493 1567 tumentibds,
1505 1541 1553 1562 ore
1567 1534 1691 1567 diducto,

895 1578 986 1607 fronte
1002 1579 1170 1615 angustiore,
1186 1578 1234 1606 sed
1251 1579 1386 1612 recalvus,
1403 1580 1487 1607 densa
1511 1588 1544 1608 ac
1559 1581 1692 1616 promissa

897 1624 982 1652 barba
995 1625 1171 1658 venerabilis,
1184 1626 1278 1660 crispo
1294 1625 1422 1661 utrinque
1438 1626 1537 1662 capillo
1557 1632 1585 1655 ct
1609 1627 1693 1655 llave-

897 1676 989 1699 scente
1011 1679 1042 1698 ac
1062 1671 1211 1699 semieano.
1234 1672 1355 1705 Quorum
1376 1672 1436 1700 dies
1454 1673 1540 1701 festus
1559 1674 1649 1710 agitur
1665 1674 1692 1702 in

898 1717 1075 1744 sanctissimae
1091 1717 1200 1752 Sophiae
1212 1718 1323 1757 templo.
1346 1727 1355 1743 ι

932 1763 958 1789 5.
993 1763 1084 1791 Latini
1112 1763 1245 1799 Cyrillum
1275 1763 1329 1791 hoc
1360 1771 1440 1791 xttvm
1469 1764 1592 1792 Januarii
1621 1765 1693 1793 refc-

898 1813 971 1836 runt.
984 1808 1133 1844 Antiquum
1149 1809 1178 1837 S.
1190 1809 1298 1837 Martini
1312 1809 1433 1838 Treviris
1451 1811 1671 1847 Martyrologium
1685 1822 1692 1840 :

902 1864 910 1880 ι
930 1855 960 1882 In
973 1854 1148 1887 Alexandria,
1169 1855 1264 1891 Cyr-illi
1288 1855 1411 1892 episcopi
1435 1860 1463 1884 et
1480 1857 1657 1886 confessoris.
1681 1870 1690 1884 ι

898 1900 1049 1933 Usuardus,
1062 1901 1145 1934 Beda,
1158 1901 1227 1933 Ado,
1240 1901 1388 1935 Notkcrus,
1400 1902 1539 1930 Bellinus:
1555 1913 1564 1929 ‹
1577 1905 1695 1932 Alexan-

898 1946 974 1979 driaa,
989 1946 1019 1974 B.
1032 1946 1126 1983 Cyrilli
1139 1946 1273 1983 episcopi,
1289 1947 1487 1983 quicatholiea:
1506 1949 1569 1978 ﬁdei
1582 1951 1695 1986 praecla-

899 1993 1023 2021 rissimas
1039 1993 1145 2021 exstitit
1158 1987 1353 2029 propugnator.
1370 2004 1378 2020 ι
1395 1995 1497 2022 Eadem
1519 1996 1622 2024 habent
1634 2005 1692 2025 ma—

898 2039 1039 2075 nuscripta
1059 2039 1195 2075 plurima;
1212 2040 1322 2068 additur
1337 2041 1365 2068 in
1381 2041 1519 2069 Romano:
1538 2051 1547 2068 ι
1564 2043 1694 2072 Doctrina

899 2089 927 2112 et
942 2085 1088 2112 sanctitate
1113 2085 1228 2113 illustris
1247 2085 1352 2121 quievit
1370 2086 1399 2114 in
1415 2094 1493 2122 pace.
1513 2097 1522 2113 ι
1537 2087 1694 2117 Galesinius

897 2135 1000 2159 mutata
1020 2131 1133 2167 paulum
1158 2132 1275 2167 phrasi:
1300 2142 1310 2158 ί
1335 2132 1518 2167 Alexandriae,
1544 2134 1573 2162 S.
1596 2134 1693 2171 Cyrilli

895 2176 1027 2212 episcopi,
1045 2177 1174 2205 acerrimi
1193 2177 1447 2214 religiosissimique
1470 2178 1533 2207 ﬁdei
1550 2180 1694 2208 catholicae

897 2221 1060 2250 defensoris.
1085 2232 1095 2249 ι
1119 2223 1273 2251 Florarium
1302 2231 1354 2252 ms.
1378 2229 1407 2252 et
1429 2224 1570 2260 Martyrol.
1594 2225 1692 2254 Colon.

897 2269 1088 2297 Alexandriam
1111 2269 1140 2297 in
1157 2269 1263 2298 Graecia
1278 2271 1430 2303 collocant,
1451 2271 1558 2299 enormi
1580 2273 1692 2305 mendo,
1729 2275 1732 2278 ’

898 2315 950 2342 nisi
960 2314 1094 2342 Graeciam
1111 2316 1275 2351 generaliter
1289 2316 1467 2351 accipiamus,
1484 2324 1538 2351 qua
1553 2317 1606 2345 late
1627 2323 1694 2345 tunc

897 2367 946 2394 per
958 2360 1098 2388 Orientem
1110 2360 1196 2389 Graeci
1213 2361 1348 2389 sermonis
1361 2369 1426 2389 usus
1439 2362 1560 2396 exstitit;
1572 2371 1634 2390 xxtx
1645 2363 1691 2391 Ja-

897 2407 988 2434 nuarii
1009 2407 1095 2435 refert
1114 2415 1178 2435 eum
1200 2407 1333 2441 Fclicius;
1357 2412 1474 2443 utroque
1497 2408 1690 2445 Maurolycus:

897 2461 912 2481 a
926 2453 1037 2488 quibus,
1055 2456 1096 2482 uti
1109 2454 1192 2481 etiam
1208 2454 1259 2482 hoc
1271 2454 1316 2482 die
1332 2454 1360 2481 in
1371 2454 1564 2490 Martyrologio
1577 2455 1691 2483 Germa-

897 2500 969 2532 nico,
986 2500 1086 2528 dicitur
1104 2510 1112 2526 ι
1129 2500 1285 2528 Theodosio
1304 2500 1419 2528 Seniore
1437 2501 1591 2536 imperante
1613 2502 1691 2536 quie-

898 2547 979 2575 visse.
999 2557 1008 2572 ι

931 2593 957 2621 6.
971 2593 1026 2620 Hos
1038 2593 1106 2621 forte
1123 2598 1235 2621 secutus
1249 2593 1380 2630 Alegrens
1392 2595 1418 2621 in
1433 2594 1564 2622 Paradiso
1578 2594 1692 2624 Carme-

896 2639 963 2668 litici
975 2639 1094 2672 decoris,
1120 2644 1192 2667 statu
1205 2640 1233 2672 2,
1248 2644 1329 2668 aetate
1343 2641 1370 2673 6,
1383 2648 1407 2667 c.
1432 2641 1475 2672 l2,
1499 2640 1536 2668 ita
1557 2641 1673 2676 scripsit

900 2697 908 2712 ι
924 2686 1046 2714 Tandem
1058 2687 1203 2721 sapientia,
1215 2687 1384 2722 eloquentia,
1402 2687 1528 2715 acumine
1540 2693 1568 2715 et
1587 2688 1692 2715 sancti-
1719 2702 1722 2707 -

895 2735 950 2760 tate
974 2732 1099 2768 insignis,
1124 2733 1262 2768 gloriosus
1284 2733 1336 2761 sub
1364 2733 1519 2761 Theodosio
1544 2733 1640 2769 Magno
1663 2739 1692 2761 et

894 2778 1043 2807 Caelestino
1061 2780 1154 2815 papa!
1177 2780 1325 2812 claruerat,
1343 2779 1421 2806 annis
1435 2779 1470 2806 ab
1485 2780 1597 2807 obtenta
1614 2780 1689 2808 orbis

894 2824 981 2851 salute
991 2824 1052 2851 444.
1067 2825 1137 2852 iAst
1153 2824 1204 2851 ista
1215 2832 1297 2859 quam
1313 2824 1426 2855 distant,
1444 2824 1588 2858 imperium
1600 2824 1687 2851 Theo-

893 2870 964 2897 dosii
981 2870 1079 2905 Magni,
1094 2875 1122 2898 et
1139 2870 1280 2898 leestini
1294 2870 1485 2906 pontiﬁcatus!
1504 2870 1628 2897 Mortuus
1646 2875 1686 2898 est

895 2915 1066 2944 Theodosius
1074 2916 1196 2952 Magnus,
1208 2916 1265 2943 sive
1282 2911 1447 2947 Senior,'an.
1459 2915 1524 2942 Chr.
1540 2915 1601 2942 395.
1615 2915 1683 2942 Evc—
1731 2944 1736 2948 ,

1471 2964 1484 2993 1
