1929 3042
215 185 244 212 Η
425 187 428 193 ’
879 184 905 212 S.
927 184 1065 211 CYRIIJJ
1088 183 1177 210 VITA.
1819 186 1854 213 12

213 249 273 271 ctus
285 248 326 271 est
338 242 370 270 ad
387 221 514 270 Romana;
530 243 659 270 Ecclesia:
673 242 862 278 pontiﬁcatum
878 243 1004 270 Ccelesti-
1022 246 1041 271 Α
1059 247 1193 276 pugnaret
1210 242 1235 268 in
1249 241 1380 270 Puradiso
1401 242 1587 270 Curmrliliro:
1608 252 1615 267 ι
1633 242 1799 278 S.Cyrillns,
1811 243 1851 269 in-

213 297 265 317 nus
275 297 318 316 an.
331 289 395 316 Chr.
417 286 478 320 425,
495 288 644 316 Mariniano
667 294 699 316 ct’
719 288 910 324 Asclepiodoto
933 295 1003 315 coss.

211 335 381 370 Theophilus
392 335 538 369 episcopus
552 335 762 368 Alexandrinus,
775 334 868 371 Cyrilli
877 334 1006 361 decessor

211 386 237 407 ct
254 385 378 415 patruus,
399 380 468 408 obiit
494 387 527 407 xv
553 379 664 408 Octobr.
688 380 751 407 anni
774 379 836 413 412,
859 387 915 414 quo
934 384 1004 406 coss.

210 431 289 454 erant
316 426 455 454 Honorius
485 426 552 462 Aug.
591 433 628 459 ix,
654 431 683 454 et
710 422 883 454 Theodosius
908 424 1006 454 Junior

211 473 278 507 Aug.
304 481 329 499 v.
349 471 383 500 At
397 473 478 500 tertio
489 478 551 508 post
563 473 709 508 Theophili
725 472 831 499 obitum
843 472 887 499 die
897 471 1005 507 episco-

210 524 274 553 patu
290 518 394 554 potitus
415 522 457 546 est
471 519 603 555 Cyrillus,
619 524 650 547 ut
664 518 734 546 infra
751 526 784 546 ex
801 518 912 546 Socrate
929 517 1005 545 dice-

211 570 264 592 tur.
279 565 402 601 Triginta
420 573 483 593 eum
497 570 525 594 et
540 565 611 593 duos
625 573 712 593 annos
730 565 887 600 episcopum
905 564 1004 592 vixisse

210 615 345 639 testantur
357 612 417 647 ejus
426 619 459 639 ex
475 619 569 639 sorore
583 618 667 646 nepos
682 611 849 639 Athanasius
862 611 1005 646 presbyter

207 663 235 685 ct
259 658 422 686 Theodorus
446 658 579 686 diaconus
604 658 788 690 Alexandrite,
801 658 829 685 in
849 657 949 685 libellis
970 658 1004 685 ad

208 703 328 732 Leonem
341 712 440 740 papam
453 709 481 731 et
491 704 525 731 ad
544 704 768 732 Cbalcedonensc
777 703 935 735 concilium,
950 703 1003 731 hu-

204 751 250 785 jus
275 750 376 778 actioni
400 750 417 777 ὅ
442 750 571 783 insertis,
603 750 668 778 licet
692 750 718 777 in
743 750 882 778 Theodori
910 750 1004 778 libello

179 796 185 799 “
205 796 298 824 (ιηιεοο
312 796 369 823 haec
380 796 465 824 verba
475 803 530 824 non
541 797 677 832 legantur.
689 796 847 832 Sequuntur
859 797 1005 824 Liberatus

205 843 338 870 diaconus
353 843 380 870 in
391 843 543 876 Breviario,
556 851 582 871 c.
600 844 644 877 if),
657 844 830 880 Nioepborus
843 843 861 870 L
876 851 919 871 xtv
935 843 1003 871 "ist.

206 883 291 922 ἢτοι,
309 896 333 917 c.
355 890 400 917 47.
418 889 517 925 Attigit
540 890 624 925 igitur
644 890 794 918 minimum
815 898 917 917 annum
937 889 1002 917 Chr.

204 936 267 968 444,
284 944 339 971 quo
350 943 413 963 eum
432 936 565 964 Baronius
583 936 685 972 aliique
705 937 872 964 recentiores
879 936 1004 964 scribunt

204 981 318 1013 abiisse,
337 981 388 1008 sub
399 981 548 1009 Theodosii
562 981 684 1009 Junioris
695 981 820 1016 imperio,
836 980 936 1008 Leonis
949 980 1003 1009 Ma-

206 1027 251 1062 gni
266 1027 436 1062 pontiﬁcatu.
454 1027 530 1055 Diem
548 1027 642 1055 obitus
654 1032 780 1055 statuunt
794 1035 809 1054 v
823 1027 887 1054 ldus
905 1026 979 1055 Junii
993 1047 1001 1059 ,

206 1073 281 1108 quod
302 1073 329 1100 in
349 1073 508 1101 Graecorum
531 1073 685 1109 Menologio
707 1073 809 1101 Natalis
828 1077 952 1105 vocetur,
973 1077 1004 1100 ut

204 1127 286 1155 supra
301 1119 416 1151 dictum,
431 1119 568 1155 adeoque,
582 1124 613 1147 ut
626 1119 771 1147 Liberatus
784 1118 904 1150 scribit,c
918 1118 1002 1153 trige-

203 1166 275 1193 simo
299 1171 327 1193 et
347 1165 470 1194 secundo
484 1165 660 1201 episcopatus
684 1166 727 1193 sui
751 1173 822 1192 anno
849 1170 974 1192 mortuus
989 1175 998 1190 ι

203 1211 322 1238 dicetur.
339 1212 442 1239 Verum
457 1218 520 1238 cum
536 1210 596 1238 dies
610 1206 715 1238 Natalis
729 1210 757 1237 in
768 1209 854 1237 sacris
866 1209 944 1237 fastis
955 1216 1001 1236 so-

204 1258 324 1285 lemnem
343 1257 477 1285 duntaxat
489 1264 522 1284 eo
535 1256 580 1284 die
595 1256 693 1284 haberi
700 1261 794 1283 sancto
807 1255 926 1291 cuipiam
942 1255 1001 1282 cul-

203 1310 261 1331 tum
280 1311 470 1339 saepenumero
490 1303 641 1339 signiﬁcet,
663 1311 760 1339 parum
781 1303 807 1330 id
823 1303 941 1330 solidum
959 1306 1003 1330 est

203 1355 406 1386 argumentum.
424 1349 458 1377 Et
479 1349 606 1377 fortassis
629 1350 682 1377 hoc
709 1357 790 1377 xxvtn
810 1349 869 1377 Jan.
888 1357 932 1376 an.
951 1349 1003 1376 M5

201 1395 332 1427 decessit,
348 1395 460 1430 triginta
476 1394 587 1422 duobus
599 1394 628 1422 in
644 1395 803 1430 episcopatu
816 1393 896 1421 annis
907 1394 1000 1428 exple—

203 1439 249 1471 tis,
270 1443 301 1466 ut
316 1438 493 1471 Athanasius,
518 1439 681 1467 Theodorus
715 1444 744 1467 et
765 1439 936 1474 Nieephorus
958 1439 1000 1465 in-

201 1485 305 1513 dicant.

239 1531 265 1558 7.
285 1529 414 1558 Octavius
433 1529 596 1558 Pancirulus
615 1530 643 1557 in
665 1528 814 1556 Thcsauris
833 1527 1001 1556 absconditis

201 1578 281 1605 alma:
300 1576 391 1609 Urbis.
413 1577 523 1612 regione
539 1577 566 1609 5,
588 1576 654 1604 eccl.
676 1575 705 1607 2,
722 1575 819 1603 scribit
833 1575 949 1603 excitata
966 1575 1000 1601 ab

204 1624 288 1659 impio
301 1624 393 1651 Leone
401 1623 523 1651 lsaurico
532 1628 629 1650 contra
641 1630 734 1650 sacras
746 1621 878 1656 imagines
890 1626 1000 1648 sancto-

207 1678 325 1706 rumque
352 1670 494 1705 rcliquias,
521 1669 723 1705 persecutione,
742 1668 814 1695 inter
828 1667 957 1703 profugos
968 1675 1001 1694 ex

201 1717 314 1746 Oriente
327 1717 487 1749 monachos,
502 1715 724 1743 sanctimoniales
745 1715 813 1742 duas
828 1714 911 1742 fuisse
927 1722 999 1749 quae,

202 1769 303 1799 praeter
327 1763 380 1791 alia
404 1768 561 1790 sanctorum
583 1762 707 1797 pignora,
729 1761 852 1796 quaedam
873 1761 955 1796 hujus

203 1809 296 1846 Cyrilli
312 1810 425 1837 Romam
444 1809 597 1839 attulerint,
619 1815 704 1843 eaque
720 1807 852 1835 asservari
868 1807 894 1834 in
911 1807 1000 1834 cccle-

203 1855 243 1883 sia
256 1854 283 1883 S.
301 1854 390 1882 Mariae
404 1854 430 1881 in
443 1853 546 1888 Campo
558 1853 664 1881 Martio.

357 1933 371 1969 §
390 1933 421 1961 ll.
436 1933 542 1964 Patria,
554 1932 651 1963 studia,
665 1932 847 1959 monac/tatus.

240 2002 266 2029 8.
282 2001 516 2037 Religiosissimus
533 1998 674 2027 Carmelit.
687 1998 755 2026 ordo
772 1998 800 2025 S.
813 1997 907 2034 Cyrilli
922 2003 998 2025 nata-

204 2050 258 2076 lem
269 2048 351 2080 oflicii
372 2046 490 2082 duplicis
502 2045 675 2073 solemnitate
690 2044 810 2072 celebrat
822 2052 902 2071 xxvnt
924 2044 997 2076 Jan.,

205 2102 259 2129 quo
276 2094 320 2122 die
341 2093 458 2121 lectione
476 2097 574 2127 quarta
597 2091 631 2118 ad
658 2089 808 2118 secundum
828 2089 997 2118 Nocturnum

205 2141 263 2169 haec
279 2141 307 2168 in
329 2139 468 2168 Matutinis
493 2139 664 2166 recitantur:
686 2147 694 2162 ι
711 2136 829 2172 Cyrillns
852 2138 998 2173 episcopus

205 2186 408 2215 Alexandrinus
417 2185 498 2213 claris
507 2183 666 2219 parentibus
674 2189 761 2216 ortus,
775 2183 918 2219 Theophili
932 2184 997 2212 item

204 2233 326 2269 episcopi
338 2231 516 2260 Alexandrini
533 2239 566 2258 ex
587 2230 669 2258 fratre
684 2237 779 2265 nepos,
796 2237 812 2257 a
830 2238 885 2266 quo
904 2230 997 2258 adole-

1058 288 1131 323 quit,
1144 289 1289 324 cpiscopus
1317 289 1527 321 Alexandrinus,
1547 289 1656 316 natione
1667 289 1786 321 Gra‘cus,
1805 297 1848 323 pa

1058 334 1108 363 tria
1122 334 1448 371 Constantinopolitanus.
1465 345 1474 362 ›
1491 335 1671 363 Tritthemius
1681 343 1791 370 quoque
1805 334 1854 361 lib.

1057 381 1094 409 De
1109 381 1290 416 scriptoribus
1305 382 1501 421 ecclesiasticis
1516 382 1543 409 in
1556 381 1677 409 editione
1693 381 1852 409 Coloniensi

1056 427 1129 456 Petri
1150 426 1286 461 Quentelii
1299 429 1357 455 an.’
1366 428 1446 461 1546,
1459 433 1487 455 ct
1498 426 1721 455 Francofurtensi
1734 427 1848 455 Wechc-

1057 473 1127 501 liana
1152 481 1196 501 an.
1217 473 1296 506 1601,
1319 484 1328 500 ‹
1346 474 1457 501 natione
1477 473 1601 501 Graecum
1628 482 1637 499 ι
1663 473 1774 506 statuit;
1798 481 1853 500 non

1055 524 1146 547 tamen
1165 530 1173 545 ι
1188 527 1221 548 ex
1233 520 1469 555 Constantinopoli
1486 519 1644 552 oriundum,
1666 529 1675 545 ι
1691 520 1764 554 quod
1779 520 1852 554 apud

1055 566 1188 593 Thomam
1204 566 1370 594 Saracenum
1387 567 1470 594 veluti
1487 574 1521 594 ex
1537 566 1693 594 Tritthemii
1714 566 1741 594 in
1761 566 1853 602 Cyril-

1055 611 1111 638 lum
1131 612 1221 647 elogio
1239 613 1348 648 legitur.
1362 612 1463 641 Verum
1475 617 1544 644 esto,
1558 612 1700 648 scripserit
1712 612 1765 639 hoc
1777 611 1852 639 Trit-

1056 659 1176 687 themius
1194 659 1286 686 :unde
1299 659 1326 688 id
1344 659 1454 686 hausit?
1471 667 1526 694 quo
1541 663 1703 694 argumento
1716 658 1836 693 probat?

1090 705 1133 732 10.
1147 705 1310 733 Theodorus
1323 705 1457 732 diaconus
1472 705 1500 732 in
1514 713 1565 732 suo
1576 705 1670 731 libello
1681 708 1734 731 act.
1750 703 1766 731 ὅ
1784 712 1850 731 con-

1053 749 1097 776 cil.
1114 749 1356 782 Chalcedonensis,
1375 757 1458 785 agens
1473 754 1569 777 contra
1582 750 1742 777 Dioscorum
1757 750 1853 785 Cyl-illi

1053 801 1252 827 successorem,
1266 795 1324 822 haec
1334 795 1369 822 de
1382 794 1474 830 Cyrilli
1489 795 1584 822 amicis
1595 795 1677 822 habet
1691 804 1697 821 :
1713 805 1721 820 ι
1735 795 1765 822 ln
1776 795 1854 830 prin-

1054 840 1126 875 cipio
1137 841 1312 876 episcopatus
1326 841 1368 868 sui
1385 841 1532 869 Dioscorus
1548 842 1640 869 statim
1659 849 1701 869 me
1717 842 1852 869 eiericatn

1055 886 1181 921 privavit,
1195 887 1366 916 comminans
1378 892 1406 916 et
1419 895 1434 914 a
1445 879 1541 923 magna
1554 887 1598 915 illa
1611 888 1720 915 civitate
1735 888 1854 915 Alexan—

1055 933 1114 960 dria
1134 933 1237 970 fugare,
1255 939 1368 970 propter
1382 935 1450 962 nihil
1467 935 1551 968 aliud,
1563 934 1616 962 nisi
1630 935 1664 963 ob
1677 935 1703 962 id
1718 935 1792 970 quod
1810 935 1851 962 fa-

1055 979 1238 1007 miliaritatem
1255 985 1283 1008 et
1293 980 1511 1009 benevolentiam
1530 987 1630 1009 sanctze
1641 981 1781 1009 memorize
1797 981 1852 1017 Cy-

1056 1025 1109 1052 riui
1124 1026 1259 1054 merebar.
1272 1027 1391 1055 Intentio
1403 1027 1476 1054 enim
1487 1028 1547 1063 ejus
1562 1028 1623 1055 talis
1632 1033 1683 1059 est,
1693 1035 1748 1055 non
1760 1028 1852 1055 solum

1054 1077 1182 1108 parentes
1196 1072 1255 1108 ejus
1269 1073 1373 1108 (Grmce
1383 1073 1446 1105 τοὺς
1461 1074 1515 1101 ἀπὸ
1526 1074 1622 1108 γένους
1635 1073 1728 1107 αὑτοῦ,
1743 1075 1853 1109 propin—

1054 1127 1118 1154 quos
1135 1119 1201 1155 ejus)
1215 1127 1248 1147 ex
1261 1119 1306 1147 illa
1322 1120 1431 1148 civitate
1444 1120 1592 1155 exagitare,
1604 1127 1652 1147 seu
1663 1120 1717 1148 vita
1728 1121 1851 1156 privare;

1054 1172 1148 1192 verum
1159 1164 1242 1192 etiam
1253 1169 1280 1192 et
1289 1164 1439 1192 familiares
1448 1164 1518 1199 ejus.
1535 1174 1544 1190 ι
1558 1164 1724 1193 Athanasius
1738 1165 1853 1200 presby-

1054 1214 1095 1237 tcr
1106 1209 1133 1237 in
1146 1217 1196 1237 suo
1212 1210 1305 1238 libello
1321 1210 1416 1238 eadem
1429 1211 1555 1246 pluribus
1571 1216 1716 1246 exaggerat
1730 1220 1736 1237 :
1758 1220 1767 1237 ι
1780 1210 1852 1239 San-

1053 1260 1114 1288 cue,
1128 1265 1136 1281 ι
1158 1256 1259 1291 inquit,
1280 1266 1289 1282 ‹
1305 1260 1333 1284 et
1347 1257 1433 1285 beata:
1445 1257 1584 1284 memoria:
1600 1257 1728 1293 Cyrillus,
1746 1265 1853 1292 magna:

1054 1301 1243 1330 Alexandrinas
1260 1302 1380 1330 civitatis
1402 1304 1513 1339 triginta
1536 1307 1565 1331 et
1586 1303 1693 1331 duobus
1709 1303 1789 1331 annis
1805 1311 1852 1330 ar-

1053 1349 1244 1384 chiepiscopus
1269 1349 1549 1384 irreprchensibiliter
1568 1355 1596 1378 et
1620 1358 1681 1378 cum
1702 1355 1776 1378 recta
1798 1350 1853 1377 ﬁde

1053 1392 1157 1424 vivens,
1171 1392 1238 1420 mihi
1254 1393 1366 1428 quidem
1387 1393 1547 1427 Athanasio,
1564 1399 1591 1422 et
1610 1394 1769 1422 clarissimae
1790 1403 1852 1422 mc—

1053 1438 1147 1464 moriae
1160 1438 1243 1465 Paulo
1253 1438 1329 1466 fratri
1344 1446 1414 1472 meo,
1425 1439 1577 1467 avunculus
1589 1439 1688 1472 fuerat,
1701 1447 1770 1468 mea:
1783 1448 1854 1467 vero

1053 1485 1149 1512 matris
1171 1485 1282 1512 lsidora:
1304 1493 1460 1521 germanus.
1486 1496 1494 1512 ι
1517 1487 1551 1514 Et
1573 1487 1655 1522 paulo
1677 1491 1739 1522 post
1757 1496 1763 1513 :
1787 1496 1797 1512 ε
1823 1487 1853 1514 In

1052 1531 1188 1566 principio
1203 1531 1378 1567 episcopatus
1392 1533 1539 1561 Dioscorus
1556 1533 1625 1561 mihi
1641 1538 1669 1561 et
1684 1533 1761 1561 fratri
1777 1542 1852 1565 meo,

1052 1576 1142 1604 adhuc
1159 1581 1223 1604 tunc
1237 1577 1388 1612 superstiti,
1403 1582 1520 1606 mortem
1537 1578 1676 1611 minitans,
1691 1586 1706 1606 a
1722 1579 1853 1606 nomina-

1054 1623 1157 1651 tissima
1173 1623 1338 1651 Alexandria
1352 1624 1501 1652 exclusit...
1519 1625 1603 1652 frater
1615 1625 1774 1653 clarissimze
1792 1634 1853 1653 mc-

1053 1669 1147 1698 morize
1166 1670 1275 1702 Paulus,
1293 1678 1348 1698 non
1365 1671 1503 1699 sustinens
1519 1672 1659 1699 cruciatus
1675 1676 1702 1699 et
1723 1672 1854 1707 injurias,

1052 1716 1180 1743 humanis
1200 1716 1283 1744 rebus
1302 1717 1430 1744 excessit.
1448 1718 1505 1752 Ego
1522 1723 1614 1745 autem
1629 1718 1806 1751 Athanasius,
1826 1724 1855 1746 ct

1051 1767 1151 1789 nostra:
1171 1768 1336 1795 materterzc,
1350 1768 1378 1791 et
1391 1772 1460 1791 uxor
1475 1767 1503 1791 ct
1517 1763 1563 1791 ﬁlii
1581 1764 1674 1792 fratris
1690 1765 1755 1797 mei,
1778 1766 1854 1792 malo

1052 1814 1146 1836 nostro
1170 1809 1198 1836 in
1221 1809 1349 1837 humanis
1377 1810 1459 1837 rebus
1480 1811 1713 1845 permansimus...
1742 1816 1854 1839 nostras

1051 1855 1147 1882 domos
1159 1855 1323 1890 praeparavit
1332 1856 1463 1884 ecclesias
1474 1856 1543 1890 ﬁeri,
1555 1862 1583 1884 et
1593 1865 1680 1884 meam
1694 1857 1851 1890 Athanasii,

1050 1905 1148 1935 quarto
1162 1906 1232 1928 tecto
1242 1902 1470 1937 superjaeentem,
1482 1907 1509 1929 et
1519 1911 1580 1938 qum
1591 1910 1641 1938 pro
1655 1903 1697 1931 sui
1712 1904 1853 1939 positione

1051 1947 1111 1974 ﬁeri
1128 1955 1182 1974 non
1199 1952 1290 1982 posset
1306 1947 1431 1980 ecclesia,
1446 1948 1527 1975 simul
1541 1953 1656 1984 occupat
1670 1957 1734 1977 cum
1748 1951 1852 1986 praedi-

1050 1993 1101 2021 ctis
1117 1993 1255 2025 domibus,
1270 1993 1337 2020 alias
1356 1993 1438 2021 ctiam
1463 1994 1568 2022 vicinas
1589 1995 1686 2023 deuios
1707 2001 1738 2023 et
1758 1997 1853 2024 aditus

1051 2045 1179 2067 tenens...
1200 2039 1264 2067 Post
1278 2039 1326 2067 has
1335 2044 1427 2067 autem
1445 2041 1585 2075 pecunias,
1602 2049 1616 2068 a
1628 2042 1730 2070 nostris
1747 2048 1851 2070 mater-

1049 2085 1126 2118 teris,
1141 2085 1281 2113 sororibus
1295 2093 1361 2113 vero
1377 2090 1478 2113 sanctae
1495 2091 1524 2113 et
1538 2087 1624 2115 beata:
1642 2089 1782 2116 memorite
1795 2089 1851 2125 Cy-

1050 2132 1114 2164 riili,
1133 2131 1292 2167 angustians
1308 2139 1395 2167 usque
1417 2132 1450 2159 ad
1471 2131 1558 2167 ipsam
1580 2134 1709 2166 animam,
1724 2139 1752 2161 et
1772 2135 1851 2162 obsi-

1049 2178 1131 2211 dens,
1154 2177 1337 2206 comminatus
1362 2178 1447 2213 ipsam
1475 2186 1584 2213 quoqne
1606 2173 1740 2212 mortem,
1758 2181 1852 2215 exegit

1048 2223 1107 2250 auri
1121 2222 1212 2258 pondo
1226 2222 1363 2258 octoginta
1373 2223 1506 2258 quinque,
1518 2223 1698 2251 nihilominus
1714 2229 1742 2251 et
1755 2233 1771 2252 a
1786 2225 1850 2253 ﬁliis

204 2268 284 2306 5.3m
295 2278 416 2305 Athenas
429 2275 582 2304 studiorum
600 2283 680 2303 causa
700 2275 808 2307 missus,
826 2282 888 2302 cum
910 2275 996 2310 pluri-
1014 2284 1037 2313 ο
1051 2269 1208 2296 elarissiuue
1220 2268 1359 2296 memoria:
1370 2268 1424 2296 mei
1437 2268 1529 2297 fratris
1546 2269 1663 2297 orbitate
1676 2270 1849 2304 infelicibus,

206 2331 279 2351 mum
294 2322 464 2359 profecisset,
482 2321 516 2348 ad
537 2321 668 2349 Joannem
689 2321 846 2356 episcopum
868 2320 997 2348 Hieroso-

205 2370 376 2405 lymitanum,
390 2373 421 2396 ut
431 2368 594 2396 Christianum
608 2368 670 2396 vitaz
679 2367 846 2403 perfectione
858 2367 996 2395 imbuere-

205 2421 261 2448 tur,
279 2423 308 2442 se
325 2415 452 2446 contulit.
473 2414 558 2449 Cujus
575 2414 774 2441 consuetudine
794 2413 820 2440 in
841 2412 997 2440 Carmelum

205 2465 326 2488 montem
343 2460 485 2492 secedens,
511 2459 548 2487 ibi
571 2467 633 2487 eum
655 2459 759 2494 aliquot
778 2459 831 2494 piis
854 2459 920 2486 viris
942 2459 998 2486 illic

207 2507 370 2543 degentibus
398 2507 536 2535 caelestem
561 2507 644 2534 vitam
676 2506 703 2533 in
736 2511 809 2534 terra
838 2505 997 2541 aliquandiu

206 2556 270 2591 egit.
288 2565 296 2580 ι
323 2555 385 2582 Haec
405 2554 452 2582 ibi.
471 2554 593 2582 Andreas
615 2553 724 2580 Scottus
743 2557 836 2580 noster
855 2552 883 2579 in
903 2551 997 2588 Cyrilli

204 2602 303 2637 elogio,
313 2600 386 2636 quod
397 2601 456 2635 ejus
466 2599 641 2627 sermonibus
650 2598 826 2626 Paschalibus
836 2605 851 2625 a
860 2606 890 2626 se
901 2597 997 2626 Latine

204 2646 293 2675 versis
307 2645 430 2681 praeﬁxit,
447 2645 507 2672 haec
518 2643 551 2671 dc
566 2644 627 2679 ejus
637 2647 701 2670 ante
712 2643 899 2678 epise0patum
915 2643 998 2678 gestis

204 2693 301 2721 scribit
317 2702 323 2718 :
346 2701 354 2717 ι
369 2690 542 2719 Alexandria:
555 2689 663 2725 Egypti
674 2689 784 2717 civitate
800 2694 894 2717 natum
908 2689 996 2725 Cyril-

204 2740 260 2766 lum
271 2743 385 2774 apparet
397 2736 558 2773 parentibus
574 2735 713 2768 honestis;
738 2740 766 2763 et
783 2735 883 2763 litteris
894 2735 996 2763 ibidem

204 2785 349 2817 imbutum,
364 2784 409 2811 ubi
423 2782 573 2817 disciplina:
584 2785 641 2809 tum
652 2782 768 2809 maxime
780 2781 807 2808 in
818 2782 863 2809 illa
874 2782 997 2818 vigerent

203 2831 357 2859 Academia.
374 2831 520 2857 Parentum
535 2827 646 2855 nomina
658 2828 779 2854 nondum
795 2828 926 2863 comperi.
945 2829 996 2855 Pa-

204 2883 294 2906 trunm
310 2876 407 2903 habuit
424 2873 617 2908 Theophilum,
638 2883 647 2899 ι
668 2878 720 2900 etc.

236 2926 262 2953 9.
277 2925 340 2952 Haec
357 2923 391 2950 de
408 2921 496 2956 patria
513 2920 678 2953 sufﬁcerent,
689 2921 742 2948 nisi
759 2920 890 2956 Alegreus
899 2925 996 2949 contra

1051 2320 1078 2343 et
1099 2316 1159 2351 ejus
1179 2323 1264 2343 uxore
1286 2319 1402 2343 mortem
1427 2316 1517 2344 mariti
1538 2317 1581 2344 sui
1605 2317 1763 2352 plangente,
1786 2319 1849 2346 auri

1051 2362 1142 2396 pondo
1158 2361 1349 2396 quadraginta,
1372 2372 1380 2387 I
1403 2367 1456 2390 etc.
1470 2362 1535 2396 Quae
1556 2363 1584 2390 S.
1599 2363 1733 2399 Cyrillum
1753 2369 1783 2392 et
1800 2373 1849 2400 ge-

1051 2415 1116 2435 nere
1132 2412 1160 2434 et
1178 2412 1239 2435 ortu
1255 2408 1470 2437 Alexandrinum
1487 2409 1569 2436 fuisse
1587 2417 1641 2436 non
1664 2409 1785 2438 obscure
1806 2411 1850 2438 in-

1051 2453 1153 2481 dicant.

1088 2509 1130 2536 Η.
1151 2509 1210 2542 Quo
1224 2510 1251 2536 in
1269 2510 1338 2541 loco,
1358 2510 1474 2537 Athenis
1491 2518 1525 2538 an
1544 2510 1726 2550 Alexandrim,
1749 2512 1853 2540 studiis

1051 2555 1204 2582 litterarum
1222 2556 1348 2583 excultus
1369 2556 1413 2588 sit,
1429 2557 1498 2591 apud
1516 2557 1643 2592 antiquos
1660 2565 1715 2585 non
1741 2559 1851 2593 reperi-

1051 2608 1121 2628 mus.
1134 2600 1171 2628 De
1188 2602 1248 2636 ejus
1266 2601 1430 2630 monachatu
1445 2602 1558 2638 grandis
1575 2603 1721 2630 Baronium
1736 2603 1812 2631 inter
1825 2609 1851 2631 et

1050 2646 1210 2674 Carmelitas
1222 2648 1316 2675 Patres
1327 2649 1512 2676 controversia
1525 2653 1576 2676 est.
1589 2648 1736 2676 Baronium
1751 2650 1851 2677 acriter

1051 2692 1192 2720 incessunt
1205 2701 1261 2728 pra!
1273 2694 1381 2721 caeteris
1393 2694 1513 2722 Thomas
1529 2694 1682 2722 Saraccnus
1702 2695 1731 2722 in
1755 2695 1850 2723 Meno-

1050 2739 1122 2774 logio
1144 2739 1364 2772 Carmelitarum,
1390 2745 1418 2767 et
1441 2741 1572 2777 Alegreus
1593 2741 1621 2768 in
1643 2741 1776 2777 Apologia
1802 2749 1852 2777 pro

1049 2785 1154 2812 Joanne
1170 2785 1430 2822 Hicrosolymitano,
1448 2787 1574 2814 discursu
1596 2787 1623 2820 2,
1647 2795 1671 2815 c.
1690 2787 1734 2815 Η.
1755 2787 1851 2815 Histo-

1050 2832 1117 2858 riam
1132 2831 1217 2859 citant
1231 2840 1263 2859 cx
1279 2834 1407 2868 quopiam
1424 2833 1526 2861 Gallico
1546 2833 1682 2861 Chronico
1698 2838 1849 2869 sumptam,

1050 2884 1081 2903 ac
1092 2877 1232 2904 mordicus
1246 2885 1306 2905 eam
1322 2882 1445 2906 tuentur.
1463 2878 1570 2915 Alegrei
1586 2879 1678 2907 verbis
1692 2887 1753 2906 eam
1775 2879 1851 2907 refe—

1050 2930 1141 2950 remus
1160 2932 1165 2949 :
1185 2933 1193 2948 ‹
1212 2924 1319 2951 Etenim
1332 2925 1445 2952 historia
1462 2925 1507 2953 illa
1520 2925 1626 2959 Latina,
1644 2935 1652 2951 ι
1671 2926 1771 2961 inquit,
1789 2936 1798 2951 (
1816 2926 1851 2954 dc
