1929 3042
75 202 102 229 13

76 267 118 293 qua
129 264 206 292 supra
220 257 387 292 agebamus,
405 257 500 286 Latine
513 262 541 285 et
555 257 658 285 Gallice
669 262 778 285 exarata
790 257 862 293 (qua:
876 259 897 287 Α

76 303 212 333 trahebatur
223 305 298 338 apud
313 304 410 332 Galliae
421 311 522 339 regem,
534 308 564 331 ut
575 304 685 331 tradunt
699 303 779 331 Coria
792 303 812 330 l.
822 311 860 335 ix,

78 357 93 377 r.
109 348 137 375 l8
152 348 315 375 Dilucidarii
330 349 461 383 Carmel.,
478 349 611 377 Emanuel
629 348 768 376 Romanus
779 355 863 375 sacrm

73 396 146 429 antiq.
155 394 274 422 Carmel.
287 394 324 422 de
338 395 406 424 viris
418 395 582 426 illustribus.
593 396 620 423 in
633 395 735 431 Cyrillo
745 395 863 422 Alexan-

74 441 151 471 drino.
167 444 193 468 et
209 440 281 476 alii),
299 449 385 477 quam
402 441 540 470 immerito
550 441 682 469 Baronius
700 440 822 468 fastidire
836 443 865 467 et

74 488 194 514 facessere
212 485 319 518 voluit,
342 493 407 514 cum
433 495 448 514 a
472 486 642 523 gravissimis
671 485 865 520 antiquitatum

74 532 313 560 Camielitanarum
332 531 524 568 scriptoribus.
546 537 675 567 tanquam
692 531 745 559 fide
761 531 865 566 dignis-

75 580 142 607 sima.
160 578 202 605 vel
217 578 357 606 ambabus
375 578 502 606 manibus
523 577 706 613 suscrpiatur;
724 577 753 605 S.
769 577 865 614 Cyrilli

76 625 99 652 in
111 624 231 652 Carmelo
247 624 473 652 monachismum
491 626 637 650 attestatur
654 627 759 658 aperte,
775 616 867 650 verbis

76 670 184 706 ejusdem
197 670 281 706 legati
294 675 345 698 aut
362 670 570 698 ambasciatoris
588 677 638 705 pro
653 669 747 698 Gallia:
762 677 825 704 rege
840 669 867 696 in

77 716 200 750 Ephesino
220 715 345 743 concilio
368 715 525 748 residentis,
549 715 597 750 qui
618 714 652 741 ab
669 714 716 741 illo
732 714 818 741 redux
833 713 867 741 ad

78 769 156 796 regem
168 769 247 788 suum
259 761 401 790 allocutus
417 766 469 794 est,
488 761 516 788 in
534 759 682 796 exemplari
698 760 787 796 primo
806 767 866 792 suo,

78 806 139 841 quod
155 814 203 834 nos
213 806 341 846 vidimus
354 811 382 834 et
399 807 515 843 legimus
531 806 559 834 in
576 806 688 842 antiqua
701 805 868 834 bibliotheca

78 852 262 888 religiosissimi
273 851 471 881 Cisterciensis
480 852 599 880 ccenobii
616 852 650 880 de
667 853 692 879 la
707 851 794 884 Oliva,
806 851 869 879 Gal-

77 899 122 926 lico
138 906 185 925 suo
200 898 338 926 idiomatc
353 898 507 934 prorumpit
519 898 560 926 sic
578 907 584 926 :
611 897 666 926 «Au
679 898 784 926 concile
804 897 868 925 d‘E-

78 943 160 979 phesc,
176 944 223 979 qui
239 951 269 971 se
284 944 398 972 célébra
420 952 469 979 par
481 944 552 971 deux
566 951 631 972 cens
652 943 794 979 évesques,
814 943 868 971 l‘an

78 989 109 1016 du
124 989 253 1025 Seigneur
268 990 336 1022 418,
354 998 388 1018 au
401 990 454 1027 lien
466 990 502 1018 du
519 991 591 1026 Pape
609 990 729 1018 Célestin
746 999 761 1026 y
780 990 869 1025 presi-

79 1035 129 1063 doit
140 1035 164 1063 le
177 1035 389 1064 bien-heureux
402 1036 430 1064 S.
445 1036 544 1073 Cyrille
563 1036 654 1064 moine
666 1035 703 1064 du
714 1036 789 1064 Mont
803 1036 870 1064 Car-

79 1082 140 1115 mel;
151 1081 240 1117 lequel
254 1090 330 1118 pour
347 1091 377 1111 sa
394 1083 498 1111 saincte
514 1083 568 1116 vie,
588 1083 740 1111 admirable
760 1083 869 1111 science

79 1132 101 1154 et
112 1127 240 1160 doctrine,
257 1127 405 1163 disputant
424 1133 519 1156 conire
541 1128 640 1156 Nestor
661 1128 819 1156 Patriarche
836 1127 869 1156 de

79 1172 307 1208 Constantinople,
332 1173 380 1208 qui
400 1173 450 1200 mit
470 1173 548 1201 tache
567 1181 602 1200 en
624 1173 770 1201 l’honneur
793 1173 827 1201 de
843 1173 869 1200 la

80 1219 164 1255 Vierge
182 1220 279 1252 Marie,
300 1225 331 1248 et
349 1228 385 1248 en
405 1221 472 1248 celle
487 1220 522 1249 de
543 1220 729 1249 Je’sus-Christ
744 1228 794 1248 son
814 1220 867 1253 fils,

80 1271 189 1301 emporta
204 1266 229 1294 la
241 1266 361 1294 victoirc
369 1275 417 1294 sur
431 1267 505 1303 luy.»
519 1266 584 1300 Quae.
596 1275 670 1295 nunc
686 1267 726 1294 sic
739 1268 793 1304 jam
811 1271 869 1295 tra-

81 1312 151 1340 ducta
161 1312 258 1340 Latino
278 1313 368 1340 verba
388 1317 512 1341 tenemus
527 1322 533 1340 :
547 1312 576 1340 In
589 1312 706 1341 concilio
718 1312 868 1348 Ephesino,

81 1359 143 1393 quod
155 1359 204 1386 fuit
215 1359 390 1387 celebratum
408 1367 456 1394 per
469 1367 499 1387 cc
524 1359 679 1394 episcopos,
693 1367 757 1386 ann.
775 1359 868 1387 Domi-

81 1405 104 1432 ni
116 1405 173 1436 418,
185 1405 365 1440 praesidebat,
382 1405 442 1433 loco
458 1413 534 1441 papae
543 1403 685 1433 leestini
698 1404 720 1438 l,
734 1405 764 1433 Β.
779 1405 868 1441 Cyril-

82 1452 118 1479 lus
131 1452 279 1480 monachus
298 1452 400 1480 Montis
417 1451 546 1484 Carmeli,
565 1451 613 1487 qui
638 1452 674 1479 ob
695 1452 868 1479 sanctitatem

81 1497 144 1529 vine,
156 1498 314 1526 admirabili
332 1498 447 1525 scicntia
459 1502 487 1525 et
503 1497 627 1525 doctrina
643 1498 786 1533 disputans
805 1505 869 1526 con-

84 1551 117 1573 tra
137 1546 292 1574 Nestorium
317 1546 500 1582 patriarcham
522 1545 867 1580 Constantinopolitanum,

82 1592 121 1624 qui
136 1592 268 1620 maculam
280 1592 374 1628 posuit
389 1592 416 1619 in
429 1591 459 1619 Β.
472 1591 583 1627 Virgine
606 1590 702 1623 Maria,
715 1594 743 1617 et
759 1590 786 1618 in
810 1591 870 1627 ejus
884 1607 905 1636 ε

84 1638 131 1666 lilio
140 1639 246 1667 Christo
258 1639 338 1671 Jesu,
347 1646 411 1666 eum
422 1637 584 1674 superavit.»

114 1685 151 1712 12.
168 1685 272 1712 Verum
290 1685 391 1712 merito
410 1684 468 1712 haec
485 1684 638 1720 improbata
661 1688 726 1712 sunt
743 1682 869 1712 Baronio.

83 1730 140 1764 Quis
158 1740 190 1759 eo
207 1736 334 1767 tempore
360 1739 408 1758 rex
427 1730 522 1759 Galliae
543 1730 596 1758 fuit
619 1730 801 1771 Christianus,
824 1729 872 1765 qui

84 1778 174 1813 legatos
194 1777 228 1805 ad
251 1776 403 1805 concilium
421 1777 530 1804 mittere
547 1776 685 1812 potuerit?
700 1775 873 1804 Chlodoveus

84 1832 186 1859 regnum
196 1824 275 1851 circa
295 1831 339 1851 an.
350 1822 416 1851 Chr.
427 1822 478 1850 482
492 1821 659 1858 auspicatus,
672 1829 743 1850 anno
754 1825 872 1858 primum

84 1871 128 1897 496
139 1870 322 1898 Christianam
337 1869 498 1905 religionem
510 1869 653 1905 amplexus
672 1873 724 1896 est.
736 1868 778 1896 An
790 1869 872 1896 etiam

84 1923 163 1951 regem
174 1915 283 1951 legatus
299 1915 430 1942 Francico
444 1914 578 1942 moderuo
589 1914 720 1942 idiomatc
737 1913 782 1950 (ut
793 1913 872 1942 vide-

86 1966 123 1988 tur
132 1963 263 1998 Alegreus
276 1960 410 1997 asserere)
426 1961 581 1989 allocutus?
597 1965 624 1988 at
643 1968 721 1997 reges
738 1961 820 1996 primi
833 1960 872 1988 illi

85 2008 241 2036 Francorum
257 2008 428 2036 Sicambrice
447 2007 544 2040 locuti,
565 2012 594 2036 et
608 2007 770 2035 modemum
787 2007 873 2035 Fran-

85 2063 168 2082 corum
188 2055 292 2082 idioma
308 2054 355 2082 diu
372 2059 434 2089 post
449 2061 464 2081 e
485 2053 582 2081 Latino
598 2052 808 2086 conformatum,
826 2057 874 2080 aut

85 2100 166 2134 potius
180 2100 372 2136 depravatum.
385 2098 421 2127 Ut
436 2098 604 2131 omittamus,
616 2098 763 2126 concilium
780 2097 872 2133 Ephe-

86 2147 165 2174 sinum
184 2155 229 2174 an.
249 2146 317 2174 Chr.
336 2146 398 2179 451,
413 2154 467 2173 non
483 2144 546 2178 418,
560 2153 619 2173 esse
635 2144 770 2173 habitum.
791 2144 873 2173 Mira-

86 2200 140 2219 mur
153 2193 227 2238 viros
251 2193 377 2220 eruditos
391 2192 510 2220 rationes
524 2188 578 2220 tam
595 2190 707 2219 frivolas
729 2190 828 2219 aﬂ‘erre
845 2191 873 2218 in

86 2239 206 2267 medium.

727 201 754 226 Ξ.
776 196 914 227 CYRILU
932 198 1024 226 ῊΤΑ.

1671 193 1707 221 14

913 261 1067 290 ronymum,
1079 252 1241 284 Palladium,
1263 251 1422 288 Evagrium,
1436 250 1608 283 Cassianum,
1624 249 1713 278 Theo-

914 301 1051 332 doretum,
1068 299 1200 335 Cyrillum
1211 298 1388 331 monachum,
1400 302 1428 325 ct
1444 297 1512 325 alios
1522 296 1616 325 saeculi
1632 294 1715 332 hujus

914 347 1062 383 scriptores
1077 346 1208 381 frequens
1223 345 1327 373 mentio
1344 344 1374 373 fit
1393 345 1428 372 de
1448 343 1592 372 monachis
1612 343 1642 370 in
1666 343 1717 370 Pa-

912 393 1020 421 ltestina
1039 391 1214 428 degentibus,
1233 399 1369 426 nusquam
1385 390 1496 426 penitus
1512 389 1585 425 apud
1608 397 1656 417 eos
1681 388 1716 416 do

915 439 1058 468 monachis
1079 437 1244 467 Carmelitis.
1265 437 1393 465 Facessat
1417 437 1501 472 igitur
1523 435 1658 473 ejusmodi
1681 435 1716 462 dc

915 486 1104 514 monachismo
1114 485 1208 522 Cyrilli
1219 484 1246 511 in
1257 483 1382 511 Carmelo
1392 483 1501 515 fabella,
1512 483 1583 511 sicut
1592 483 1638 511 illa
1649 483 1714 510 huic

916 533 989 560 haud
1000 533 1103 567 impar,
1110 540 1165 567 qua
1174 531 1290 558 traditur
1301 535 1329 558 et
1338 530 1456 558 Joannes
1463 529 1714 566 Hierosolymorum

916 578 1064 614 episcopus
1075 577 1240 613 Origenista,
1253 577 1338 605 fuisse
1347 576 1431 605 etiam
1442 577 1591 605 monachus
1601 577 1714 606 Carme-

917 626 982 653 lita:
999 625 1073 653 sicut
1087 625 1162 652 enim
1174 625 1232 653 haec
1246 625 1343 653 leviter
1355 624 1531 660 efﬁnguntur,
1548 625 1585 652 ita
1598 630 1626 653 et
1636 623 1715 652 facile

918 672 1089 700 refelluntur.
1120 672 1250 708 Flagrans
1284 671 1396 707 quidem
1427 671 1529 707 cupido
1564 672 1716 700 nobilitatis

918 719 997 746 avitae
1016 718 1089 754 cogit
1104 718 1242 746 interdum
1263 718 1391 745 homines
1407 717 1536 746 delirare.
1558 727 1566 743 ι
1586 717 1649 745 Haec
1665 719 1716 746 Ba-

920 766 1024 793 ronius.

955 812 999 840 14.
1022 813 1060 841 De
1085 813 1191 841 Joanne
1219 811 1466 848 Hierosolymitano
1488 811 1569 839 aliter
1596 811 1718 839 sentiunt

920 858 1032 893 plurimi
1043 859 1096 887 viri
1110 859 1236 887 doctrina
1249 863 1279 886 et
1296 858 1430 894 sapientia
1447 857 1577 890 illustres,
1591 858 1639 893 qui
1660 858 1720 893 ejus

922 905 1006 940 (quod
1025 905 1081 933 huc
1100 905 1175 942 facit)
1197 905 1386 934 monachicam
1403 904 1487 932 vitam
1504 908 1642 932 astruunt.
1659 903 1719 938 lpsc

921 951 949 979 S.
976 951 1159 988 Hieronymus
1180 952 1237 988 (qui
1262 952 1296 979 ab
1317 952 1433 987 Alegreo
1458 951 1531 979 inter
1557 950 1720 979 Carmelitas

920 1005 1030 1034 quoque
1043 1003 1182 1031 censetur,
1194 1003 1225 1027 ut
1239 997 1296 1026 fere
1309 999 1402 1026 cuncti
1412 998 1487 1026 illius
1495 997 1585 1026 aetatis
1599 997 1720 1033 insignes

920 1043 1060 1079 monachi)
1071 1044 1152 1079 epist.
1164 1043 1208 1076 62,
1220 1044 1255 1071 ad
1265 1043 1434 1079 Theophilum
1443 1044 1592 1079 episcopum
1604 1042 1721 1071 Alexan-
1767 1040 1773 1042 ”

920 1089 1037 1122 drinum,
1053 1089 1087 1117 de
1097 1089 1202 1118 Joanne
1217 1097 1311 1125 agens,
1326 1089 1362 1117 ita
1378 1089 1512 1118 exclamat
1525 1098 1531 1116 :
1549 1099 1558 1115 ι
1572 1089 1721 1118 Monachus

922 1134 1001 1169 (proh
1018 1134 1126 1169 dolori)
1154 1135 1297 1163 monachis
1326 1140 1355 1164 et
1377 1135 1508 1168 minatur,
1537 1140 1565 1163 et
1592 1136 1721 1172 impetrat

919 1179 1061 1212 exsilium,
1075 1184 1105 1207 et
1125 1180 1179 1208 hoc
1201 1179 1353 1208 monachus
1365 1180 1542 1216 apostolicam
1561 1181 1721 1209 cathedram

920 1225 1021 1253 habere
1036 1233 1066 1253 se
1075 1226 1191 1262 jactans.
1211 1235 1220 1251 ι
1241 1225 1296 1253 Sed
1317 1229 1410 1253 utrum
1437 1225 1464 1252 in
1485 1229 1578 1253 monte
1594 1225 1721 1253 Carmelo

920 1272 1082 1305 monachus,
1093 1275 1141 1299 aut
1151 1272 1235 1300 etiam
1248 1272 1334 1300 abbas
1345 1271 1440 1304 fuerit,
1450 1272 1595 1306 quaeritur.
1611 1272 1639 1300 S.
1653 1272 1720 1300 Hie-

921 1325 1051 1354 ronymus
1072 1317 1100 1344 in
1116 1316 1175 1345 Vita
1194 1317 1223 1345 S.
1247 1316 1396 1345 Hilarionis
1418 1321 1534 1345 testatur
1558 1317 1721 1353 priusquam

920 1363 1043 1390 Hilarion
1056 1365 1089 1390 ei
1101 1362 1217 1399 {Egypto
1233 1362 1346 1396 rediret,
1365 1372 1374 1387 ι
1398 1362 1517 1390 necdum
1539 1366 1605 1391 tunc
1624 1370 1721 1390 mona-

919 1408 1002 1436 steria
1013 1408 1097 1436 fuisse
1114 1408 1142 1436 in
1163 1407 1315 1437 Palaestina.
1334 1418 1343 1433 ι
1361 1407 1396 1436 Et
1408 1407 1524 1436 deinde:
1549 1418 1557 1433 ι
1578 1408 1634 1436 Nec
1645 1409 1722 1444 quis-

917 1463 1000 1490 quam
1016 1455 1183 1483 monachum
1196 1460 1261 1483 ante
1282 1455 1311 1482 S.
1327 1455 1495 1483 Hilarionem
1525 1455 1553 1482 in
1571 1454 1649 1491 Syria
1669 1463 1722 1484 no-

919 1505 995 1530 verat
1009 1511 1014 1528 :
1032 1511 1041 1527 i
1056 1505 1086 1529 ut
1099 1501 1200 1530 mirum
1211 1501 1247 1529 sit
1261 1501 1395 1533 Thomam
1405 1500 1571 1529 Saracenum
1585 1502 1718 1535 scribere,

919 1547 1023 1582 absque
1033 1546 1117 1575 ullius
1132 1546 1256 1574 auctoris
1273 1545 1441 1578 testimonio,
1458 1550 1539 1573 antea
1554 1545 1637 1574 fuisse
1651 1546 1720 1575 Car-

921 1593 1078 1621 melitarum
1099 1593 1128 1620 in
1147 1593 1295 1621 Palmstina
1305 1591 1491 1625 monasteria,
1513 1599 1575 1627 qua:
1598 1592 1720 1621 Hilarion

925 1639 1024 1668 deinde
1039 1649 1048 1666 ‹
1062 1639 1192 1668 visitabat
1210 1643 1239 1667 et
1251 1638 1414 1667 instruebat.
1434 1648 1443 1665 ι
1460 1640 1561 1668 Verum
1576 1648 1586 1665 ‹
1599 1640 1723 1675 exemplo

925 1687 994 1723 ejus,
1016 1696 1025 1713 ι
1039 1687 1129 1722 inquit
1142 1687 1336 1721 Hieronymus,
1359 1695 1369 1712 ι
1388 1694 1437 1722 per
1447 1690 1533 1714 totam
1550 1686 1723 1714 Paltestinam

926 1733 1138 1760 innumerabilia
1160 1732 1328 1760 monasteria
1342 1739 1404 1760 esse
1424 1736 1577 1767 cmperunt.
1599 1742 1607 1757 ι
1623 1731 1724 1765 Quidni

927 1784 993 1807 tunc
1018 1779 1123 1814 aliqui,
1150 1778 1237 1806 veteri
1269 1778 1505 1806 sanetissimorum
1528 1778 1724 1814 prophetarum

925 1824 1050 1859 exemplo
1068 1824 1134 1852 Elia:
1144 1828 1173 1852 et
1184 1823 1267 1851 Elisei
1288 1823 1404 1856 incitati,
1420 1828 1542 1852 montem
1568 1823 1725 1852 Carmelum

927 1860 1082 1898 inhabitare
1106 1870 1264 1905 potuerint?
1294 1880 1303 1895 ι
1322 1869 1351 1898 S.
1371 1869 1489 1898 Iacobus
1510 1870 1635 1903 eremita,
1658 1880 1667 1897 ι
1689 1870 1725 1898 de

926 1924 982 1952 quo
996 1916 1066 1944 infra
1081 1923 1204 1951 agemus,
1226 1925 1235 1942 ‹
1247 1923 1332 1951 prope
1358 1915 1488 1951 oppidum
1502 1915 1725 1951 Porphyreonern

926 1962 955 1989 in
978 1961 1133 1990 solitarium
1155 1962 1245 1989 locum
1263 1961 1387 1995 secessit,
1409 1971 1418 1987 ι
1437 1969 1493 1988 ηοη
1512 1961 1608 1997 procul
1627 1969 1642 1989 a
1657 1961 1724 1989 Car-

927 2008 1000 2036 melo
1015 2012 1109 2035 monte
1124 2016 1130 2034 :
1150 2008 1229 2044 cujus
1247 2017 1256 2033 4
1275 2008 1330 2035 vita
1344 2008 1382 2035 ita
1398 2007 1601 2041 celebrabatur,
1617 2012 1648 2035 ut
1659 2015 1674 2034 e
1686 2008 1726 2035 vi-

926 2053 995 2089 ginti
1014 2058 1062 2080 aut
1077 2053 1189 2088 triginta
1202 2053 1378 2080 monasteriis
1393 2052 1522 2080 monachi
1540 2057 1570 2080 et
1583 2052 1677 2081 clerici
1692 2053 1725 2080 ad

926 2109 990 2129 eum
1000 2100 1136 2133 venirent,
1149 2104 1180 2127 ut
1194 2100 1255 2135 ejus
1274 2098 1496 2127 benedictionem
1513 2099 1681 2134 acciperent,
1698 2105 1727 2126 et

927 2147 961 2174 ab
975 2154 1008 2174 eo
1024 2145 1181 2181 confirmari
1198 2148 1318 2180 possent.
1338 2153 1347 2170 ›
1365 2143 1470 2171 Horum
1492 2143 1725 2171 monasteriorum

927 2192 1037 2228 aliquod
1052 2192 1081 2219 in
1091 2191 1228 2223 Carmelo,
1242 2194 1288 2218 aut
1306 2189 1339 2217 ad
1356 2190 1416 2226 ejus
1433 2189 1550 2222 radices,
1567 2189 1662 2222 fuisse,
1675 2189 1725 2216 ad-

927 2239 1039 2267 modum
1053 2238 1206 2274 probabile.
1222 2237 1314 2265 Etcur
1336 2236 1419 2264 isthic
1433 2236 1534 2268 minus,
1548 2240 1596 2262 aut
1608 2243 1658 2262 cur
1671 2244 1725 2262 non

116 2297 155 2324 i5.
167 2296 303 2325 Baronius
315 2297 418 2325 acriter
433 2296 554 2332 profecto
571 2295 600 2324 in
616 2303 676 2324 eam
688 2295 870 2323 narrationem

928 2285 1010 2313 isthic
1029 2284 1137 2321 potius,
1154 2291 1236 2319 quam
1249 2283 1277 2310 in
1289 2282 1394 2318 reliqua
1410 2282 1545 2310 Palaestini
1561 2282 1644 2309 maris
1660 2283 1726 2309 ora?

87 2344 215 2372 invehitur
242 2348 264 2371 t.
280 2344 312 2372 Vl
326 2344 439 2376 Annal.,
453 2352 498 2371 au.
512 2343 576 2376 444,
590 2351 618 2370 n.
632 2343 664 2370 17
681 2352 688 2370 :
703 2352 713 2368 ι
727 2342 798 2370 Sane
811 2342 873 2377 qui-

86 2389 140 2417 dem
169 2391 347 2427 respuimus,
373 2401 382 2416 ι
412 2390 522 2426 inquit,
549 2399 558 2416 ι
586 2395 670 2425 atque
699 2389 876 2417 exsutllamus

87 2435 236 2470 ﬁgmentum
258 2435 336 2469 illud,
354 2435 459 2463 incerto
478 2440 591 2464 auctore
614 2434 763 2471 proditum,
788 2434 876 2462 Chro-

88 2481 142 2509 nico
148 2482 288 2515 nimirum,
302 2482 377 2517 quod
391 2486 512 2510 exstasse
523 2481 630 2518 lingunt
642 2481 714 2517 apud
729 2480 874 2516 quemdam

88 2528 198 2558 Francia
212 2537 304 2565 regem
319 2528 501 2566 [Ludovicum
518 2523 585 2565 XI],
598 2537 654 2564 quo
667 2528 779 2556 tradunt
795 2536 874 2556 eum-

88 2573 142 2601 dem
165 2574 192 2603 S.
212 2576 345 2611 Cyrillum
367 2575 582 2603 Alexandrinum
599 2575 758 2610 episcopum
778 2582 874 2602 mona-

88 2620 162 2648 chum
176 2621 260 2650 fuisse
277 2622 379 2650 Montis
389 2621 509 2650 Carmeli
523 2632 529 2648 :
545 2623 590 2649 cui
602 2621 713 2657 quidem
731 2621 875 2650 assertioni

89 2665 258 2696 Tritthemius
270 2668 461 2699 levitennimis
476 2668 558 2696 fidem
568 2668 703 2704 praestitit.
716 2668 792 2696 Unde
806 2668 874 2700 haec.

89 2721 181 2747 quaso,
200 2715 306 2743 incerto
322 2715 440 2748 auctori,
462 2715 484 2743 si
507 2715 554 2750 qui
578 2715 646 2743 certi
672 2719 753 2750 atque
769 2715 876 2750 probati

91 2765 145 2788 sunt
158 2767 291 2796 auctores,
307 2763 432 2799 ejusdem
449 2762 542 2799 Cyrilli
557 2763 686 2798 :equalcs,
698 2762 876 2798 ejusdemque

93 2814 129 2834 res
140 2814 225 2843 gestas
235 2817 319 2845 quam
332 2809 479 2846 diligenter
490 2809 640 2845 prosecuti,
654 2809 713 2836 haec
724 2809 877 2836 nescientes

93 2853 178 2882 obruta
202 2856 312 2884 silentio
338 2856 529 2891 reliquerunt?
547 2856 596 2884 Vel
616 2863 677 2891 quze
699 2855 771 2890 apud
795 2855 878 2891 hujus

93 2899 212 2933 temporis
224 2901 377 2936 scriptores
393 2901 496 2929 mentio
508 2901 542 2928 de
557 2901 632 2928 culto
646 2900 771 2928 Carmelo
785 2908 800 2927 a
815 2900 877 2927 vita:

94 2946 234 2975 monasticae
252 2947 474 2982 professoribus?
486 2948 595 2976 Etenim
612 2955 674 2975 cum
687 2947 759 2983 apud
771 2946 799 2975 S.
812 2947 876 2974 Hie-

924 2332 966 2359 An
983 2338 1049 2358 vero
1062 2330 1100 2358 ibi
1114 2334 1177 2357 ante
1191 2330 1379 2365 episcopatum
1397 2332 1553 2363 susceptum
1576 2328 1726 2356 monachus

925 2378 1044 2407 Joannes
1064 2377 1158 2410 fuerit,
1181 2380 1229 2404 aut
1251 2376 1334 2403 etiam
1351 2375 1447 2407 abbas,
1464 2379 1491 2402 et
1506 2374 1558 2402 sub
1574 2382 1608 2402 eo
1626 2375 1725 2413 vixerit

925 2424 1077 2452 monachus
1094 2423 1122 2451 S.
1143 2422 1271 2459 Cyrillus,
1283 2421 1354 2457 apud
1372 2421 1499 2456 antiquos
1523 2429 1578 2449 non
1597 2421 1724 2457 legimus.

925 2471 947 2499 Δ
958 2470 1122 2498 Tritthemio
1132 2469 1249 2506 Cyrillus
1266 2478 1274 2494 ι
1288 2467 1390 2495 montis
1400 2467 1518 2495 Carmeli
1530 2468 1666 2503 quondam
1679 2468 1726 2494 de-

926 2525 975 2544 cus
990 2522 1018 2544 et
1028 2516 1118 2543 cultor
1133 2515 1248 2550 insignis
1267 2525 1276 2540 ι
1291 2513 1454 2549 appellatur.
1469 2513 1664 2541 Tritthemium
1681 2522 1723 2540 se-

926 2568 1049 2598 quuntur
1070 2562 1180 2598 plurimi
1207 2561 1388 2594 recentiores,
1406 2568 1475 2596 quos
1495 2559 1638 2595 proferunt
1661 2560 1724 2586 Ale-

926 2618 1008 2646 greus
1020 2614 1047 2637 et
1063 2609 1224 2637 Saraccnus.
1246 2607 1299 2635 Sed
1322 2607 1417 2635 mirari
1432 2606 1493 2642 quis
1514 2606 1601 2641 possit
1629 2613 1681 2632 cur
1697 2605 1724 2632 in

927 2657 1069 2685 Palaestina
1091 2655 1263 2691 potissimum
1281 2654 1459 2681 monasticam
1479 2653 1562 2680 vitam
1578 2652 1722 2686 complecti

927 2702 1055 2735 voluerit,
1075 2710 1138 2730 cum
1159 2701 1186 2728 in
1201 2701 1317 2737 [Egypto
1338 2700 1457 2736 primum
1476 2707 1508 2726 ca
1527 2698 1636 2726 vivendi
1654 2697 1722 2725 ratio

928 2750 1038 2776 inventa
1054 2748 1181 2783 cultaque
1194 2747 1293 2780 fuerit,
1307 2750 1388 2782 atque
1404 2754 1437 2773 eo
1450 2750 1570 2780 tempore
1587 2744 1722 2780 pra-cipue

928 2795 1062 2823 floruerit.

965 2853 1008 2880 15.
1024 2852 1148 2880 Alterum
1164 2850 1252 2886 qumri
1273 2852 1374 2884 potest,
1389 2856 1423 2875 an
1445 2848 1540 2875 saltem
1556 2847 1721 2874 monachum

929 2900 1013 2926 fuisse
1033 2897 1175 2935 Cyrillum,
1191 2903 1355 2932 quocunque
1378 2895 1406 2921 in
1424 2894 1484 2922 loco
1502 2894 1558 2921 sive
1574 2893 1721 2920 Palaestina!

929 2946 985 2973 sive
997 2944 1116 2980 Egypti,
1127 2950 1160 2971 ex
1173 2941 1294 2976 antiquis
1308 2945 1424 2968 constet.
1439 2939 1590 2967 Saracenus
1604 2938 1628 2964 id
1645 2946 1676 2965 ex
1687 2946 1720 2965 eo
