1929 3042
196 194 229 222 1'5

194 254 298 280 clarum
311 251 469 283 arbitratur,
481 250 544 285 quia
554 250 710 276 Grreeorum
722 249 830 277 axioma
847 249 881 276 sit
894 258 899 276 ς
917 260 924 274 ι
938 248 990 276 Ne-

196 301 297 328 minem
313 299 482 334 temporibus
499 298 527 324 Β.
545 297 650 333 Cyrilli,
667 301 695 324 et
712 304 804 331 supra,
826 304 875 331 per
896 296 988 323 orien-

197 345 291 372 talium
315 352 387 376 oras,
409 344 441 370 ad
461 344 635 378 episcopatus
656 341 815 377 dignitatem
839 348 988 373 assumere,

195 392 247 419 nisi
261 391 294 419 de
308 390 504 418 monachorum
529 389 703 416 monasteriis
726 388 872 421 delectum,
894 387 989 415 licuis-

195 445 224 465 sc
239 447 244 464 :
260 447 266 462 ι
280 437 364 472 idquc
379 444 415 464 ex.
427 446 437 461 ε
451 436 609 463 Grmcorum
621 442 730 470 quoque
745 433 897 469 Menologio
913 434 990 461 nullo

195 483 304 519 negotio
320 482 491 518 comprobari
509 489 588 517 posse
609 491 617 506 ι
637 480 744 508 asserit.
761 481 795 508 At
806 480 886 507 nobis
897 480 989 515 quoti-

195 530 239 557 die
250 528 432 564 lllenologium
449 527 515 554 illud
529 531 556 554 et
573 527 673 554 Mentea
687 526 862 554 volventibus
872 525 990 561 probatu

196 575 222 603 id
236 575 362 607 difﬁcile.
383 574 508 609 adeoque
529 573 697 601 contrarium
714 576 771 599 tum
782 579 815 600 ex
827 571 924 599 iisdem
933 571 990 599 Me-

195 622 271 653 nmis,
286 626 343 648 tum
354 621 506 656 przescrtim
519 628 552 647 ex
564 620 638 647 illius
649 619 781 655 temporis
797 619 988 654 scriptoribus,

194 668 370 703 perspicuum
383 666 502 694 videtur.
513 666 582 694 Cum
601 666 760 698 Athanasio,
778 671 809 693 ut
822 673 905 701 supra
919 665 990 692 vidi-

196 721 267 745 mus,
287 713 380 740 colunt
395 711 524 748 Cyrillum
548 711 654 739 Graeci:
676 711 709 738 de
731 710 874 746 utriusque
894 718 990 738 mona—

196 760 277 787 chatu
289 759 380 791 silent,
397 759 461 786 licet
475 758 605 793 Alegreus
615 757 794 784 Athanasium
805 764 914 792 quoque
925 756 991 783 scri-

196 807 243 834 bat
256 816 265 832 ‹
278 814 331 833 non
345 812 431 840 pauco
446 809 567 840 tempore
580 803 744 831 monaclmm
759 804 857 839 egisse,
868 803 990 831 etfuisse

197 853 351 880 ministrum
364 852 453 888 magni
471 851 546 879 illius
561 851 668 878 abbatis
679 850 788 877 Antonii
806 850 832 877 in
843 850 991 878 solitudine

195 899 314 935 {Egypth
332 898 396 934 quia
412 898 470 933 ipse
485 897 512 924 id
529 897 616 932 palam
637 896 753 923 aﬂirmat
769 896 797 923 in
809 896 870 924 Vita
888 895 914 923 S.
934 895 990 922 An-

196 945 274 972 tonii.
301 955 310 970 ›
336 945 411 971 l'lane
434 947 562 970 accurate
597 942 760 970 illustratum
784 942 912 970 dedimus
939 950 991 969 xvu

195 991 267 1022 Jan.,
285 998 336 1017 nec
350 990 436 1017 ullum
451 988 631 1016 monachatus
648 988 676 1016 S.
693 988 835 1016 Athanasii
846 988 992 1024 vestigium

200 1037 364 1072 reperimus.
390 1035 502 1063 Consuli
527 1035 783 1070 prolegomenorum
808 1034 822 1071 §
847 1034 864 1062 8
892 1038 991 1070 potest.

232 1084 274 1111 16.
298 1083 420 1111 Isidorus
442 1082 580 1110 Pelusiota
603 1081 643 1108 uti
662 1080 822 1116 frequentes
842 1080 870 1108 S.
891 1080 993 1117 Cyrillo

194 1133 249 1167 jam
266 1132 396 1166 episcopo
414 1129 524 1165 scripsit
544 1128 683 1164 epistolas,
699 1128 736 1154 ita
751 1127 776 1155 ei
794 1127 915 1154 nondum
932 1127 992 1162 epi-

193 1187 289 1215 scopo,
303 1179 373 1205 inter
390 1176 539 1204 monachos
552 1174 661 1210 degenti
674 1174 702 1201 in
712 1173 870 1205 solitudine,
883 1173 993 1200 videtur

195 1225 354 1253 vicesimam
370 1223 494 1260 quintam
518 1222 582 1249 libri
603 1220 685 1256 primi
709 1219 862 1255 scripsisse,
881 1227 941 1254 qua:
956 1219 993 1247 ita

194 1271 298 1299 habet:
315 1281 323 1296 ε
340 1269 410 1303 Quid
431 1269 481 1297 tibi
493 1268 619 1296 utilitatis
630 1267 710 1294 affert
725 1266 837 1294 Joannis
858 1266 884 1293 in
902 1266 993 1294 locum

197 1319 336 1345 desertum
353 1315 482 1346 secessio,
499 1321 580 1348 quam
593 1313 658 1340 olim
669 1312 791 1340 studiose
809 1312 932 1339 imitatus
946 1319 992 1345 cs;

198 1372 260 1391 cum
272 1369 345 1390 nunc
356 1369 419 1389 cum
436 1360 550 1387 minime
567 1358 692 1390 imiteris,
707 1366 802 1386 verum
821 1358 854 1385 ad
874 1357 994 1393 privatas

197 1418 277 1439 curas
291 1413 316 1437 te
329 1409 441 1440 referas,
454 1411 536 1443 atque
549 1407 577 1434 in
590 1405 738 1434 solitudine
758 1401 945 1437 tumultueris,
966 1409 997 1433 et

196 1460 230 1487 ab
244 1459 385 1486 hominum
398 1462 470 1485 ewtu
487 1460 609 1484 remotus
619 1455 807 1492 perturberis?
820 1454 928 1489 Etenim
944 1463 993 1482 cx-

196 1511 274 1533 terno
287 1503 381 1531 habitu
399 1510 429 1531 ac
442 1503 532 1537 specie
549 1501 701 1537 quiescere,
718 1500 818 1528 mentis
830 1504 921 1528 autem
935 1509 996 1528 mu-

197 1551 347 1580 tationibus
367 1557 398 1577 ac
417 1548 671 1584 perturbationibus
692 1547 841 1583 inquinari,
861 1552 918 1574 tum
930 1555 994 1575 sen-

195 1605 255 1624 sum
271 1595 385 1631 caligine
402 1594 552 1630 perfundit,
577 1599 634 1621 tum
652 1597 794 1628 susceptos
811 1594 866 1629 jam
885 1594 994 1621 labores
1008 1604 1029 1635 ο

195 1643 354 1678 exstinguit,
368 1647 449 1676 atque
464 1640 717 1676 perturbationibus
730 1639 813 1666 animi
831 1648 944 1675 pronam
961 1648 992 1667 ac

195 1690 302 1718 facilem
316 1689 459 1717 victoriam
478 1686 578 1719 reddit,
589 1685 725 1721 ellicitque
740 1692 770 1714 ut
784 1687 863 1714 miles
871 1686 979 1722 abjccto

195 1741 273 1764 scuto
290 1736 384 1771 fugiat.
404 1735 488 1762 Porro
504 1741 584 1760 nemo
598 1732 716 1760 militans
732 1733 855 1768 implicat
868 1740 895 1760 se
908 1740 989 1767 nego-

195 1784 241 1812 tiis
257 1782 446 1814 smcularibus,
468 1785 496 1825 ut
520 1780 545 1807 ei
564 1780 679 1815 placeat,
698 1787 714 1807 a
735 1787 789 1814 quo
814 1779 841 1806 in
867 1779 991 1806 militiam

196 1829 298 1857 ascitus
318 1832 380 1856 est:
398 1824 494 1854 verum
514 1833 592 1852 arma
607 1825 681 1852 omni
698 1833 731 1852 ex
746 1829 822 1860 parte
843 1828 940 1860 gestat,
958 1824 991 1851 ad

196 1875 222 1902 id
240 1878 381 1902 certamen
396 1893 403 1905 ,
425 1871 498 1907 quod
522 1872 634 1899 tribuno
655 1870 768 1898 militari
788 1870 938 1906 placuerit,
963 1877 991 1897 se

196 1927 367 1956 compar-aus.
388 1930 396 1943 ι
418 1919 479 1946 llaec
494 1918 527 1945 de
539 1917 714 1946 monachatu.
729 1917 770 1944 Ad
791 1917 910 1944 certiora
926 1925 991 1952 pro-

198 1974 336 2003 peramus.

196 2047 210 2080 ᾔ
240 2045 284 2072 Ill.
304 2044 489 2079 Episcopatus,
515 2042 653 2112 Iri-prscripti
680 2041 833 2073 Novatiani,
861 2041 991 2068 dmnouia

532 2086 545 2103 ε
565 2082 655 2112 ugata.

532 2082 655 2113 (Πυραία.

233 2158 275 2184 Π.
297 2157 424 2184 Socrates
439 2156 456 2183 l.
472 2151 518 2187 vn,
533 2162 556 2182 e.
569 2156 585 2181 Ἰ
602 2154 670 2189 (sed,
689 2154 761 2189 quod
775 2153 891 2190 Cyrillus
902 2154 991 2181 conti-

198 2212 253 2231 nuo
270 2203 302 2230 ad
317 2210 394 2230 suam
411 2201 561 2229 Ecclesiam
577 2208 592 2227 a
608 2199 823 2228 Novatianorum
836 2199 934 2227 haeresi
948 2207 991 2227 re-

198 2249 364 2285 purgandam
378 2247 503 2275 animum
520 2246 630 2282 adjecit,
644 2245 813 2278 subinfense,
836 2249 910 2273 secta
935 2246 993 2281 ipse

862 191 889 218 S.
911 189 1050 218 CYRllJJ
1072 187 1162 218 \‘lTA.

1806 190 1842 220 16

1008 256 1026 278 Α
1044 249 1142 276 larium
1160 249 1342 284 principatum
1358 249 1501 284 acquisivit
1532 250 1703 286 Quapropter
1722 251 1845 286 Cyrinus

1040 295 1131 322 statim
1160 303 1222 322 cum
1251 295 1465 323 Novatianorum
1497 296 1643 329 ecclesias,
1674 305 1736 332 qua:
1762 302 1844 325 erant

1040 341 1221 375 Alexandriae,
1244 343 1413 374 occlusisset,
1429 351 1486 370 non
1508 343 1590 370 modo
1606 352 1714 371 onmem
1731 352 1843 372 sacrum

1042 387 1212 421 thesaurum,
1225 389 1272 424 qui
1285 389 1312 415 in
1332 388 1387 416 illis
1398 388 1462 421 fuit,
1473 389 1583 424 penitus
1600 389 1728 423 abstulit;
1743 397 1844 417 verum

1040 435 1123 462 etiam
1148 434 1367 470 Theopemptum
1392 435 1502 462 illorum
1526 435 1685 471 episcopum
1712 436 1845 464 omnibus

1041 481 1098 508 suis
1119 480 1236 508 fortunis
1255 481 1383 516 privavit.
1405 491 1413 507 ι
1431 481 1494 509 “me
1507 481 1642 514 Socrates,
1669 482 1716 509 sed
1733 482 1769 510 ob
1786 490 1845 510 sua:

1041 530 1122 554 sectas
1141 527 1324 562 patrocinium
1348 527 1448 563 sacpius
1468 528 1533 555 alibi
1557 536 1666 564 quoque
1683 529 1760 556 malae
1778 529 1844 556 fidei

1041 577 1194 608 suspectus,
1214 578 1243 601 ut
1261 579 1335 601 recte
1362 579 1455 602 monet
1476 574 1612 602 Baronius
1627 583 1671 602 an.
1689 575 1755 603 Chr.
1777 575 1843 608 ΗΞ,

1042 627 1118 647 num.
1134 620 1178 652 45,
1192 624 1219 648 et
1234 621 1259 647 in
1280 621 1358 649 Notis
1379 621 1413 649 ad
1432 611 1652 657 Martyrologium
1673 622 1843 650 Romanum.

1041 666 1098 694 lmo
1110 667 1234 694 eamdem
1253 665 1362 694 inurere
1379 673 1472 695 notam
1492 667 1520 695 S.
1542 668 1692 696 C(elestino
1716 669 1846 696 Pontiﬁci

1042 713 1175 745 Romano,
1195 713 1268 748 quod
1289 723 1298 739 ι
1317 713 1487 747 Novatianis,
1504 715 1550 750 qui
1571 720 1650 743 erant
1670 715 1773 748 Romze,
1795 723 1844 743 cc-

1042 758 1138 786 clesias
1151 758 1317 792 abstulisset,
1339 770 1347 784 ι
1366 765 1482 788 conatur
1499 760 1571 788 idem
1590 760 1716 788 Socrates
1729 761 1777 788 lib.
1795 770 1844 794 vn,

1042 812 1102 841 cap.
1128 805 1169 832 ll.
1187 815 1196 830 ι
1214 805 1403 842 Episcopatus,
1425 815 1433 832 ι
1455 807 1553 842 inquit,
1582 816 1591 832 ‹
1614 807 1764 840 Romanus,
1787 816 1845 835 non

1041 852 1121 879 aliter
1137 856 1219 886 atque
1231 852 1444 885 Alexandrinus,
1459 853 1538 888 quasi
1555 858 1631 881 extra
1648 854 1797 882 sacerdotii
1810 853 1844 881 ﬁ—

1043 906 1093 925 nes
1107 905 1244 933 cgressus,
1266 898 1300 926 ad
1323 899 1483 927 saecularem
1506 899 1689 935 principatum
1712 906 1773 928 erat
1788 901 1845 937 jam

1044 949 1108 972 ante
1119 944 1257 980 delapsus.
1279 955 1287 971 ι
1612 969 1623 978 ,

1079 991 1122 1018 18.
1136 991 1204 1019 Cum
1216 984 1370 1023 haereticos,
1383 991 1538 1020 daemonum
1560 992 1648 1020 socios
1665 997 1748 1028 atque
1765 993 1845 1028 adju-

1043 1041 1127 1070 tores,
1141 1037 1291 1073 expulisset
1301 1037 1428 1074 Cyrillus,
1446 1038 1520 1074 ipsos
1531 1046 1641 1074 quoque
1655 1039 1718 1066 dein
1733 1047 1846 1075 aggres-

1045 1091 1092 1112 sus
1124 1083 1266 1112 daemones
1282 1091 1298 1112 e
1321 1084 1379 1112 suis
1404 1085 1517 1113 sedibus
1538 1085 1676 1122 ellugavit.
1708 1095 1717 1111 ε
1743 1086 1847 1113 Aberat

1042 1130 1216 1163 Alexandria,
1235 1140 1243 1156 ι
1259 1134 1290 1158 ιιι
1308 1135 1444 1158 testantur
1459 1131 1526 1159 Acta
1544 1132 1593 1160 SS.
1610 1132 1673 1168 Cyri
1688 1137 1715 1160 et
1731 1132 1848 1160 Joannis

1043 1177 1071 1205 in
1086 1176 1149 1209 line,
1168 1186 1176 1202 ι
1196 1176 1290 1204 decem
1304 1177 1402 1205 stadiis
1413 1177 1542 1213 Canopus
1557 1188 1562 1206 :
1580 1189 1589 1205 ι
1614 1179 1679 1207 hinc
1697 1187 1762 1206 vero
1777 1188 1787 1204 ί
1801 1179 1846 1206 di-

1043 1222 1132 1250 stabat
1146 1222 1258 1257 quidam
1275 1222 1352 1250 vicus
1367 1223 1455 1258 spatio
1470 1223 1588 1250 duorum
1613 1224 1776 1255 stadiorum,
1794 1230 1846 1249 no-

1043 1269 1117 1296 mine
1129 1269 1266 1297 ?danuthe.
1284 1268 1334 1297 llic
1346 1275 1437 1297 autem
1452 1270 1528 1298 vicus
1541 1276 1601 1299 erat
1618 1271 1772 1299 dremonum
1796 1271 1846 1298 ha-

1045 1316 1151 1348 bitatio,
1162 1321 1189 1344 et
1205 1316 1385 1344 versabantur
1399 1316 1427 1343 in
1442 1325 1476 1344 eo
1489 1317 1601 1352 maligni
1617 1318 1740 1353 spiritus.
1753 1317 1847 1344 Theo-

1044 1362 1136 1398 philus
1155 1370 1219 1391 vero
1237 1362 1292 1395 hic,
1307 1362 1417 1398 praesul,
1435 1368 1465 1391 ut
1480 1363 1558 1399 prius
1572 1363 1702 1396 diximus,
1725 1363 1847 1390 Alexan-

1043 1409 1151 1440 drinus,
1160 1416 1222 1436 cum
1233 1408 1367 1437 voluisset
1379 1409 1495 1438 reddere
1507 1410 1598 1438 locum
1611 1418 1709 1446 purum
1717 1418 1733 1437 a
1745 1410 1849 1438 dtemo-

1044 1455 1136 1487 nibus,
1165 1454 1335 1490 Christique,
1353 1456 1584 1492 evangelistarum
1608 1461 1636 1484 ct
1657 1457 1848 1492 apostolorum

1043 1501 1250 1529 el'nracteribus
1273 1506 1301 1529 et
1322 1502 1427 1537 figuris,
1446 1507 1477 1530 ut
1496 1503 1530 1530 ad
1547 1511 1611 1531 eum
1625 1505 1847 1532 conservandum

1045 1546 1148 1578 idonei,
1161 1554 1308 1581 occupare,
1324 1546 1349 1574 id
1368 1547 1440 1582 quod
1460 1552 1594 1576 statuerat
1605 1557 1659 1576 non
1672 1549 1799 1584 perduxit
1811 1550 1848 1577 ad

1044 1591 1183 1619 cllectum.
1196 1592 1309 1620 Interim
1321 1593 1395 1620 enim
1409 1602 1481 1622 mors
1493 1594 1652 1627 adveniens,
1664 1603 1724 1630 qum
1739 1601 1782 1623 est
1798 1596 1849 1623 ho-

1045 1637 1166 1665 minibus
1181 1645 1224 1665 res
1241 1638 1428 1672 inexorabilis,
1454 1640 1568 1668 abducit
1589 1649 1653 1668 eum
1672 1649 1687 1668 a
1707 1641 1763 1669 vita
1776 1650 1848 1676 pia--

1044 1683 1125 1710 senti.
1140 1683 1243 1711 Deinde
1258 1688 1348 1712 autem
1362 1685 1463 1721 Cyrillo
1475 1694 1596 1721 quoque,
1611 1686 1658 1721 qui
1674 1692 1737 1721 post
1755 1687 1847 1722 ipsum

1044 1729 1102 1756 sedi
1119 1730 1261 1763 successit,
1282 1739 1337 1758 non
1353 1739 1451 1766 parum
1466 1736 1526 1759 erat
1540 1740 1612 1760 curre
1623 1732 1742 1760 liberare
1756 1733 1847 1760 locum

1044 1784 1058 1803 a
1075 1776 1228 1804 daemonum
1245 1777 1356 1812 injuria.
1369 1777 1438 1805 Cum
1456 1786 1521 1805 vero
1534 1778 1568 1806 de
1580 1786 1611 1805 ea
1630 1787 1658 1806 re
1671 1787 1744 1814 saepe
1761 1779 1848 1807 Deum

1044 1826 1183 1857 rogasset,
1205 1823 1317 1858 angelus
1335 1823 1360 1850 ei
1376 1831 1512 1859 apparens
1531 1824 1557 1852 in
1581 1824 1703 1857 visione,
1719 1825 1800 1861 jubet
1818 1831 1849 1854 ut

1044 1870 1134 1905 magni
1152 1870 1224 1898 illius
1245 1870 1308 1907 Cyri
1326 1876 1355 1899 et
1379 1872 1462 1899 Marci
1483 1873 1657 1908 evangelista
1676 1873 1800 1908 reliquiae
1820 1875 1847 1902 in

1044 1915 1096 1942 hoc
1107 1915 1166 1942 rieo
1178 1921 1386 1951 reponerentur.
1406 1916 1450 1944 Sic
1464 1917 1536 1945 enim
1553 1917 1611 1945 fore
1623 1923 1678 1945 uta
1690 1918 1847 1946 daemonum

1044 1963 1360 1991 nocmnentoliberetur.
1370 1963 1424 1991 Cur
1437 1967 1528 1991 autem
1542 1972 1596 1991 non
1611 1964 1724 1991 Joannis
1735 1973 1848 2000 quoque

1044 2008 1156 2040 dixerit,
1177 2009 1244 2037 satis
1265 2009 1377 2044 quidem
1401 2014 1542 2037 ostensum
1559 2015 1602 2038 est
1620 2018 1635 2037 a
1659 2010 1782 2048 Cyrillo:
1805 2017 1848 2039 est

1043 2059 1135 2082 autem
1159 2055 1288 2083 omnibus
1312 2063 1421 2091 quoque
1440 2064 1489 2091 per
1510 2063 1539 2084 se
1563 2056 1750 2089 manifestum,
1773 2058 1848 2092 quod

1044 2100 1154 2128 nomine
1166 2099 1238 2136 Cyri,
1256 2100 1369 2128 omnino
1385 2100 1498 2129 Joannis
1515 2109 1625 2137 quoque
1647 2109 1747 2130 nomen
1765 2103 1848 2130 simul

1043 2146 1208 2174 ostenditur.
1221 2146 1299 2174 Sicut
1311 2147 1383 2174 enim
1394 2155 1485 2175 mores
1498 2147 1611 2176 fuerunt
1621 2148 1661 2176 eis
1673 2157 1845 2182 communes,

1044 2197 1071 2219 et
1083 2200 1143 2227 qua:
1159 2196 1270 2227 propter
1281 2192 1422 2221 Christum
1444 2193 1515 2221 facta
1527 2199 1570 2222 est
1585 2195 1723 2223 confessio
1737 2201 1766 2224 et
1778 2204 1847 2224 eon-

1046 2237 1203 2269 summatio,
1220 2237 1257 2264 ita
1275 2237 1359 2265 etiam
1375 2238 1491 2273 simplex
1503 2243 1545 2266 est
1555 2239 1668 2266 omnino
1684 2241 1804 2274 vocatio,
1819 2246 1849 2268 et

1010 928 1030 956 Β

196 2283 387 2330 Nov'alhnus),
406 2294 443 2322 ita
462 2293 559 2321 scribit
576 2303 582 2319 ;
605 2303 613 2318 ε
633 2292 802 2327 Theophilus
822 2292 993 2320 Alexandria:
1008 2294 1031 2323 ο
1045 2284 1112 2310 citra
1126 2283 1211 2310 ullum
1222 2283 1380 2311 discrimen.
1402 2284 1472 2311 llinc
1494 2284 1522 2312 in
1542 2285 1672 2313 Manuthe
1692 2287 1847 2323 martyricm

197 2341 342 2377 episcopus
352 2341 380 2373 in
392 2344 537 2368 veternum
551 2339 680 2374 delapsus
696 2338 763 2371 abiit
774 2347 789 2365 e
811 2338 876 2371 vita,
893 2338 927 2365 ad
940 2346 991 2366 no-

197 2395 263 2414 num
277 2386 449 2414 consulatum
460 2384 584 2417 Honorii,
599 2383 746 2411 Theodosii
757 2388 848 2411 autem
865 2384 992 2419 quintum

197 2442 230 2461 xv
242 2432 301 2461 Oct.
320 2432 362 2460 Ibi
374 2436 430 2459 tum
448 2431 481 2459 de
501 2431 630 2466 episcopo
646 2429 791 2466 deligendo
802 2434 861 2457 orta
874 2435 917 2457 est
927 2438 993 2457 eon-

198 2479 340 2509 troversia.
358 2479 411 2507 Alii
421 2478 494 2506 enim
511 2478 685 2505 Timotheum
697 2475 932 2508 archidiaconum,
947 2475 992 2503 alii

185 2527 330 2564 ICyrillum
344 2525 430 2554 filium
444 2524 536 2552 fratris
555 2524 712 2560 Theophili,
725 2523 758 2551 ad
774 2523 949 2558 episcopatus
964 2523 994 2549 il-

197 2576 252 2603 lius
265 2574 357 2602 sedem
372 2573 472 2600 efferre
489 2572 658 2599 laborarunt.
676 2571 733 2604 Qua
752 2570 785 2597 de
799 2579 827 2597 re
840 2577 901 2596 cum
916 2577 929 2596 a
945 2577 993 2603 po~

186 2628 188 2633 ν
197 2620 262 2655 pulo
270 2623 405 2647 certatum
417 2622 500 2650 esset,
510 2624 665 2652 quanquam
678 2614 892 2651 Abudacius[al.
903 2615 996 2642 Abun-

198 2664 319 2701 dantius]
330 2664 560 2700 praesidiariorum
577 2662 695 2690 militum
709 2661 855 2697 pnufcctus
870 2661 994 2696 partibus

199 2711 336 2739 Timothei
350 2709 473 2739 subsidio
493 2710 555 2742 fuit,
577 2714 669 2737 tamen
690 2708 782 2735 triduo
801 2713 862 2743 post
879 2712 994 2735 mortem

199 2756 341 2792 Theophili
354 2754 473 2792 Cyrillus
493 2755 521 2782 in
538 2754 603 2782 sede
617 2753 766 2789 episcopali
776 2754 924 2781 collocatus
935 2753 995 2788 epi—

198 2808 310 2839 scopatu
320 2803 423 2839 potitus
433 2806 491 2830 est:
504 2801 691 2836 maioremque
704 2800 898 2835 principatum,
912 2807 994 2835 quam

198 2857 318 2884 unquam
336 2847 506 2882 Theophilus
521 2845 674 2877 habuisset,
694 2844 797 2879 pariter
818 2844 869 2871 sibi
889 2852 995 2872 assum-

199 2897 262 2932 psit.
273 2896 383 2924 Etenim
393 2903 426 2922 cx
437 2894 484 2921 illo
492 2895 617 2927 tempore
627 2891 774 2926 episcopus
784 2890 994 2922 Alexandrinus,

199 2947 298 2978 praeter
309 2941 378 2970 sacri
395 2939 462 2968 cleri
473 2938 653 2971 dominatum,
665 2945 757 2965 rerum
769 2942 901 2972 praeterea
911 2944 995 2963 srecu-

1043 2337 1140 2357 eorum
1164 2329 1299 2365 reliquiae,
1321 2330 1452 2358 vicesimo
1475 2336 1503 2358 et
1518 2335 1615 2359 octavo
1635 2333 1739 2360 mensis
1759 2333 1845 2365 Junii,

1044 2376 1172 2410 praeclare
1194 2375 1275 2403 simul
1297 2380 1325 2404 et
1345 2382 1519 2405 sacrosancte
1545 2378 1763 2413 transferuntur,
1793 2381 1846 2408 vici

1043 2421 1181 2454 custodia,
1201 2422 1355 2450 daamonum
1383 2423 1456 2458 fuga,
1484 2431 1499 2450 a
1522 2424 1627 2452 morbis
1650 2425 1791 2458 liberatio,
1818 2432 1848 2455 et

1044 2477 1079 2496 nu
1085 2477 1117 2496 ne
1130 2469 1206 2496 locus
1215 2473 1259 2496 cst
1270 2469 1326 2496 Deo
1338 2473 1526 2503 consecratus,
1538 2470 1664 2506 illiusque
1678 2473 1848 2509 martyribus

1043 2521 1071 2543 et
1091 2515 1274 2547 administris,
1295 2514 1382 2550 gratia
1403 2519 1432 2542 et
1453 2515 1598 2544 clementia
1628 2517 1736 2545 Domini
1760 2520 1846 2547 nostri

1043 2561 1106 2588 Jcsu
1119 2560 1230 2588 Christi.
1248 2569 1256 2584 ι
1275 2559 1409 2587 Baronius
1423 2560 1482 2588 haec
1496 2566 1555 2589 acta
1570 2562 1653 2590 refert
1667 2563 1699 2590 ad
1719 2572 1764 2591 an.
1779 2565 1844 2592 Chr.

1044 2606 1106 2638 4η,
1119 2614 1196 2633 num.
1222 2605 1266 2638 20,
1281 2605 1328 2632 ubi
1350 2606 1482 2641 templum
1503 2607 1555 2635 hoc
1574 2608 1688 2643 Canopi,
1708 2606 1764 2637 non
1789 2611 1846 2638 Ma-

1045 2653 1147 2684 nuthze,
1165 2651 1203 2679 ait
1219 2651 1370 2684 exstitisse,
1389 2659 1444 2680 non
1465 2653 1535 2680 satis
1549 2653 1623 2681 Actis
1634 2654 1676 2681 his
1690 2657 1845 2691 perpensis.

1045 2706 1105 2733 qum
1117 2698 1315 2725 illustrahimus
1331 2698 1364 2725 ad
1384 2706 1446 2725 xxxi
1460 2699 1593 2726 Januarii.

1224 2776 1293 2812 §lV.
1305 2777 1393 2805 Judwi
1404 2777 1569 2805 Alexandria
1582 2779 1659 2814 pulsi.

1084 2845 1124 2871 19.
1139 2844 1264 2872 Socrates
1274 2845 1322 2872 lib.
1341 2854 1387 2877 vn,
1404 2853 1464 2881 cap.
1487 2846 1529 2879 l3,
1551 2856 1559 2872 ι
1578 2848 1676 2875 eodem
1693 2853 1817 2884 tempore
1832 2863 1842 2877 ι

1046 2891 1137 2926 pulsos
1163 2891 1327 2918 Alexandria
1352 2900 1367 2918 a
1389 2891 1491 2927 Cyrillo
1517 2893 1626 2921 Judzeos
1654 2895 1760 2928 scribit,
1793 2905 1846 2932 quo

1045 2937 1233 2973 Chrysanthus
1246 2938 1390 2973 cpiscopus
1402 2939 1616 2967 Novatianorum
1630 2948 1687 2968 suze
1702 2947 1784 2971 sectre
1794 2943 1846 2971 Ec-
