1929 3042
103 146 130 172 Π

789 150 819 178 5.
834 149 875 178 CY
881 150 975 178 RILLIL
990 150 1080 179 VITA.

1526 119 1543 126 ν

1713 147 1749 174 l3

100 202 203 230 desiaul
217 202 470 240 Constantinopoli
491 205 710 238 administrabat,
723 207 757 234 de
771 215 825 242 quo
841 215 902 241 cap.
920 211 939 237 Λ
955 207 989 234 ab
1002 207 1128 235 incendio
1139 207 1266 235 liberem.
1281 207 1350 235 Tum
1365 208 1451 236 Judmi
1469 208 1593 243 protinus
1604 207 1706 242 impetit
1720 207 1746 233 in

104 247 132 274 Β
154 250 256 294 egerat.
273 247 400 277 Creatus
421 250 445 278 is
462 256 522 278 erat
541 259 589 294 an;
610 251 676 278 Chr.
696 252 758 284 41-2,
781 257 906 280 mortuus

101 293 220 320 Monaxio
237 298 267 321 et
280 294 380 323 Plinta
401 304 488 329 coss.,
510 305 554 324 an.
577 293 642 324 Chr.
663 298 724 325 M9.
741 308 750 323 ι
768 298 870 325 Eodem
893 308 901 323 ι

101 348 163 375 ergo
179 349 189 365 ‹
206 344 346 375 tempore,
368 351 378 367 ι
395 342 485 378 inquit
497 343 634 376 Socrates,
651 353 659 369 ι
673 343 830 372 Judteorum
840 352 906 379 gens

101 393 115 412 a
127 385 227 421 Cyrillo
236 386 375 422 episcopo
388 388 555 427 Alexandria
566 389 636 416 hanc
647 389 683 418 ob
695 397 805 418 causam
819 390 905 424 ejecta

100 436 151 458 est.
169 431 293 466 Populus
304 433 514 462 Alexandrinus
525 438 624 469 praeter
637 439 750 462 caeteros
761 435 904 462 seditioni-

102 477 153 504 bus
166 477 324 505 delectatur
343 488 350 506 :
369 479 398 506 in
415 480 526 514 quibus,
544 480 568 508 si
581 480 692 515 quando
708 481 744 508 sit
759 481 849 508 oblata
871 481 905 508 il—

102 523 187 550 larum
201 524 415 552 conllandarum
431 526 550 559 occasio,
566 526 670 554 scelera
685 526 806 554 eduntur
821 534 906 562 prope

102 569 288 598 intolerabilia
303 580 311 597 :
326 571 430 606 quippe
441 572 500 599 sine
515 572 647 607 sanguine
656 580 797 608 nunquam
811 572 905 608 populi

102 615 222 650 impetus
230 617 356 645 sedatur.
373 617 402 646 id
417 618 548 652 temporis
557 618 704 651 tumultus,
715 626 769 646 non
779 617 814 645 de
823 625 905 645 causa

101 662 190 697 aliqua
207 664 380 696 necessaria,
396 664 444 691 sed
456 664 490 691 de
502 664 592 692 studio
608 664 751 692 saltatores
764 662 905 699 spectandi

102 708 186 743 (quod
213 709 319 737 malum
343 718 393 745 per
415 717 512 737 omnes
529 709 656 737 civitates
675 709 772 744 serpit)
796 709 824 736 in
846 709 904 744 ipsa

102 755 283 782 multitudine
296 755 369 782 forte
383 755 518 783 ciebatur.
530 755 597 783 Nam
609 755 654 782 die
672 747 787 782 Sabbati
808 755 905 790 ingens

103 800 181 828 turba
194 801 231 828 ad
242 801 393 836 quemdam
407 802 563 830 saltatorem
574 801 753 836 spectandum
763 800 903 829 conﬂuxit.

103 845 136 872 Et
150 846 287 880 quoniam
301 846 398 878 Judaai,
419 846 466 881 qui
484 846 530 874 illo
545 846 590 873 die
611 845 756 877 feriantur.
775 853 830 873 non
852 846 904 881 legi

102 891 260 924 audiendas,
276 892 325 919 sed
339 892 503 927 spectaculis
521 897 549 920 et
561 891 633 919 ludis
646 891 764 919 scenicis
779 895 903 918 contem—
921 883 941 912 Β

102 938 209 973 plaudis
223 942 300 966 totos
311 946 371 966 sese
387 938 541 971 dedebant,
559 938 618 966 dies
634 938 679 966 ille
692 937 786 973 populi
806 937 903 965 factio-

102 984 183 1012 nibus
207 985 285 1012 inter
307 993 337 1012 se
357 989 455 1012 mutuo
473 984 622 1012 dimicandi
635 991 718 1012 causa
734 983 847 1012 exstitit.
865 983 904 1012 Ac

102 1039 261 1066 quanquam
283 1031 378 1066 populi
396 1030 535 1058 discordia
554 1038 570 1057 a
589 1030 718 1066 praefecto
732 1029 905 1058 Alexandriae

102 1081 246 1112 utcunque
261 1082 320 1104 tum
333 1077 429 1105 sedata
443 1077 504 1110 fuit,
515 1077 695 1104 nihilominus
711 1080 801 1104 tamen
813 1076 901 1104 Judmi

103 1123 181 1150 alteri
191 1123 291 1158 populi
303 1123 417 1160 factioni
430 1122 580 1151 adversarii
590 1130 650 1150 esse
661 1130 717 1149 non
727 1121 902 1149 destiterunt.

104 1169 189 1203 Atque
200 1169 313 1196 tametsi
322 1169 409 1196 Judaei
422 1168 587 1196 Christianis
595 1172 675 1195 erant
683 1174 791 1202 semper
801 1167 903 1200 infesti,

104 1218 159 1240 tum
177 1218 273 1241 tamen
294 1218 406 1249 propter
427 1214 580 1247 saltatores,
598 1213 685 1242 multo
705 1213 734 1241 in
748 1220 796 1241 eos
814 1213 904 1241 infen-

103 1259 189 1288 siores
208 1260 276 1288 facti
294 1265 360 1288 sunt

139 1306 182 1333 20.
205 1316 215 1332 ‹
234 1306 334 1342 Itaque
353 1313 417 1334 cum
436 1306 546 1334 Orestes
565 1305 711 1342 praefectus
734 1304 904 1333 Alexandriae

105 1353 241 1380 πολιτείαν
259 1352 312 1388 (sic
322 1352 397 1381 enim
409 1351 518 1387 publica
533 1350 654 1387 praefecti
666 1350 755 1378 edicta
767 1349 904 1385 appellant

104 1397 295 1432 Alexandrini)
312 1398 340 1425 in
365 1397 473 1425 theatro
487 1396 692 1433 proponendam
708 1400 827 1428 curaret,
855 1395 904 1423 ad-

104 1448 184 1471 erant
197 1445 286 1472 etiam
298 1444 393 1480 Cyrilli
412 1444 532 1479 episcopi
556 1442 715 1475 necessarii,
732 1446 763 1470 ut
783 1442 873 1469 edicta
887 1449 903 1469 a

105 1490 234 1525 pncfecto
245 1491 385 1526 publicata
398 1489 613 1522 considerarent,
626 1489 698 1516 inter
708 1495 778 1523 quos
792 1492 852 1515 erat
861 1488 904 1514 vir

104 1537 216 1564 iioiiiine
233 1537 346 1570 llierax,
361 1536 516 1564 humilioris
528 1535 690 1563 litteratum
701 1535 840 1570 magister,
855 1534 903 1569 qui

105 1584 308 1611 atzcntissimus
317 1583 429 1611 auditor
442 1582 562 1618 episcopi
575 1582 669 1618 Cyrilli
683 1581 744 1613 fuit,
760 1585 789 1608 ct
800 1581 827 1608 in
839 1588 904 1609 con-

105 1629 234 1656 cionibus
249 1629 311 1665 eius
332 1629 460 1664 plausum
480 1627 688 1663 diligentissime
707 1627 827 1654 excitare
840 1633 907 1654 oon-

106 1675 204 1702 sucvit.
220 1675 299 1704 llunc
315 1674 399 1710 igitur
414 1673 557 1702 llieracem
574 1677 604 1701 ut
614 1673 734 1708 primum
751 1672 907 1701 Iudaeorum

107 1720 258 1748 multitudo
272 1720 301 1748 in
314 1720 424 1747 theatro
435 1719 592 1754 conspicata
606 1722 658 1752 est,
677 1718 817 1754 extemplo
831 1717 907 1746 voci-

109 1765 191 1793 forari
209 1766 307 1801 cmpit,
321 1773 386 1793 eum
401 1765 437 1793 ob
451 1765 555 1793 nullam
570 1765 652 1792 aliam
662 1772 772 1792 causam
785 1765 819 1792 ad
831 1765 908 1793 thea-

111 1818 183 1840 trum
202 1813 371 1845 accessisse,
391 1820 473 1848 quam
494 1816 524 1840 ut
538 1812 670 1847 populum
690 1811 724 1839 ad
745 1811 909 1840 seditionem

109 1861 272 1889 concitaret.
298 1860 410 1888 Orestes
430 1864 532 1891 autem,
557 1858 611 1885 etsi
635 1862 697 1886 ante
717 1858 908 1893 episcoporum

110 1911 230 1941 potestas
254 1906 294 1933 illi
315 1905 381 1933 odio
402 1910 548 1940 propterea
570 1904 671 1936 fuerat,
695 1904 769 1939 quod
789 1912 840 1940 per
861 1913 909 1932 eos

110 1952 236 1981 nonnihil
248 1952 283 1980 de
295 1952 458 1979 auctoritate
480 1958 579 1979 eorum
591 1950 639 1986 qui
648 1950 683 1978 ab
696 1950 862 1986 imperatore
875 1951 909 1979 ad

111 1999 290 2035 magistratus
299 1998 435 2034 gerendos
445 1997 578 2033 designati
594 2001 683 2030 erant,
700 1997 847 2026 admodum
860 1998 909 2025 dc-

111 2050 229 2073 tractum
243 2045 311 2078 fuit;
326 2050 418 2072 tamen
436 2049 493 2072 tum
505 2044 548 2071 vel
560 2043 688 2076 maxime,
704 2044 777 2078 quod
793 2044 910 2080 Cyrillus

111 2091 258 2119 videbatur
276 2091 304 2118 in
323 2091 383 2126 ejus
399 2090 489 2118 edicta
499 2090 607 2118 curiose
624 2089 781 2124 inquirere;
793 2090 910 2125 proinde

113 2137 256 2165 llieracem
267 2137 357 2172 palam
370 2136 399 2164 in
411 2136 519 2164 theatro
536 2135 765 2172 comprehensum
782 2137 910 2172 gravibus

113 2182 253 2212 divexavit
269 2183 423 2218 suppliciis.

919 1565 941 1594 ϐ

957 253 1129 281 Christianos
1145 253 1226 286 facto,
1248 256 1296 281 eos
1316 254 1463 281 trucidant.
1484 253 1573 288 Atque
1596 257 1626 279 ut
1645 260 1659 278 a
1679 254 1746 282 suis,

956 298 1064 329 annulis
1080 298 1284 331 demonstratis,
1301 307 1397 326 manus
1412 298 1603 330 abstinebant;
1617 297 1657 324 sic
1667 296 1748 324 Chri-

956 345 1068 377 stianos,
1081 345 1128 380 qui
1149 344 1215 380 ipsis
1227 344 1296 372 forte
1312 345 1419 373 obviam
1436 345 1498 372 facti
1520 349 1609 376 erant,
1627 351 1642 370 e
1657 342 1748 370 medio

956 391 1098 418 tollebant.

987 437 1031 464 εἳ.
1039 446 1048 463 ‹
1063 437 1114 464 Ubi
1128 442 1218 464 autem
1230 436 1320 464 illuxit
1330 436 1398 469 dies,
1409 437 1519 464 sceleris
1528 441 1654 463 auctores
1664 434 1747 462 inini—

956 492 999 511 me
1015 484 1126 511 obscuri
1142 488 1169 511 ct
1181 483 1311 519 incogniti
1325 482 1445 510 fuerunt.
1457 483 1515 516 Qua
1533 483 1567 510 de
1586 490 1615 509 re
1630 481 1748 518 Cyrillus

955 531 1074 566 graviter
1082 534 1245 562 commotus,
1258 537 1320 556 cum
1332 529 1434 564 ingenti
1446 537 1526 556 manu
1544 528 1577 556 ad
1590 528 1745 556 Iudaeorum

955 584 1103 612 synagogas
1117 576 1167 612 (sic
1182 576 1254 603 enim
1274 583 1369 602 eorum
1391 575 1490 610 templa
1510 573 1652 608 vocantur)
1673 578 1746 601 recta

955 623 1045 658 pergit
1062 631 1068 649 :
1089 626 1117 650 et
1131 630 1165 650 ex
1176 622 1277 651 Judwis
1290 622 1438 649 nonnullos
1460 621 1521 648 neci
1535 621 1600 653 dat;
1617 620 1685 647 alios
1698 628 1746 647 ex-

955 669 1058 703 pellite
1076 669 1196 698 civitate.
1213 675 1365 703 eorumque
1388 667 1513 694 fortunas
1534 675 1550 694 a
1572 666 1748 694 multitudine

955 714 1037 750 diripi
1049 715 1192 750 permittit.
1202 715 1296 749 Itaque
1307 714 1405 746 Judaei,
1422 713 1470 748 qui
1485 720 1573 748 usque
1584 712 1618 740 ab
1630 712 1747 739 Alexan-

955 761 998 788 dri
1014 761 1169 789 Macedonis
1183 761 1350 796 temporibus
1363 760 1436 787 illam
1453 759 1549 786 urbem
1567 758 1746 788 incoluerant.

955 810 1013 834 tum
1029 805 1150 834 universi
1168 806 1230 834 inde
1249 805 1340 841 cjecti,
1363 805 1408 832 alii
1430 805 1457 832 in
1476 805 1528 832 alia
1549 804 1609 831 loca
1630 803 1746 838 dispersi

955 851 1093 879 vixerunt.
1113 851 1292 879 Adamantius
1315 859 1348 877 ex
1370 857 1485 877 numero
1506 848 1675 879 Iudaeorum,
1702 847 1747 882 qui

957 898 1121 925 medicinam
1132 897 1257 930 docebat,
1273 895 1534 931 Constantinopolim
1552 894 1700 930 profectus,
1715 893 1748 920 ad

957 944 1078 971 Atticum
1105 944 1264 978 episcopum
1287 948 1319 970 'se
1347 942 1473 970 contulit.
1497 941 1548 974 Qui
1571 936 1749 976 postcaquam

956 990 1141 1018 Christianam
1157 989 1317 1025 religionem
1340 988 1479 1024 proleSSus
1496 992 1566 1020 erat,
1579 986 1750 1015 Alexandria

957 1036 1047 1064 denuo
1058 1035 1200 1063 habitavit.

992 1082 1053 1109 97m
1066 1082 1187 1114 Orestes,
1202 1082 1277 1109 illius
1294 1082 1370 1109 urbis
1387 1081 1541 1117 prmfectus,
1566 1079 1632 1106 illud
1655 1078 1748 1114 Cyrilli

957 1129 1058 1156 factum
1071 1128 1149 1156 valde
1160 1128 1255 1163 iniquo
1266 1128 1357 1155 animo
1369 1127 1432 1155 tulit
1444 1136 1450 1154 :
1472 1133 1658 1162 magnumque
1678 1124 1751 1159 cepit

957 1174 1090 1206 dolorem,
1107 1178 1162 1203 tam
1181 1174 1338 1210 przeclaram
1351 1173 1502 1201 civitatem"
1513 1176 1587 1199 tanta
1605 1171 1749 1198 hominum

957 1220 1133 1248 multitudine
1148 1228 1260 1256 prorsus
1277 1220 1401 1248 orbatam
1421 1227 1491 1247 esse.
1510 1217 1692 1251 Quamobrem
1715 1215 1751 1242 ad

957 1266 1151 1302 imperatorem
1178 1265 1213 1294 de
1236 1266 1318 1294 rebus
1342 1266 1379 1293 ibi
1403 1265 1488 1301 gestis
1512 1264 1605 1291 refert.
1632 1261 1750 1298 Cyrillus

957 1312 1039 1340 etiam
1052 1312 1210 1348 imperatori
1226 1311 1382 1340 Iudaeorum
1404 1311 1507 1338 scelera
1525 1317 1574 1345 per
1589 1309 1696 1336 litteras
1711 1307 1750 1334 si—

957 1357 1082 1393 gniﬁcat;
1099 1362 1127 1385 et
1147 1357 1326 1385 nihilominus
1343 1361 1434 1384 tamen
1457 1356 1491 1383 de
1515 1354 1636 1383 amicitia
1652 1352 1750 1381 conci-

956 1404 1047 1431 lianda
1060 1404 1105 1440 (ad
1120 1404 1186 1431 illud
1199 1411 1317 1439 namque
1334 1402 1490 1430 faciendum
1502 1401 1621 1437 populus
1636 1399 1751 1427 Alexan-

957 1450 1053 1477 drinus
1067 1450 1143 1477 illum
1155 1449 1311 1484 impulerat)
1325 1456 1387 1476 cum
1399 1448 1497 1476 Oreste
1511 1447 1575 1482 agit.
1588 1447 1689 1474 Verum
1703 1444 1750 1472 ubi

957 1494 1068 1522 Orestes
1076 1494 1110 1522 de
1123 1494 1243 1522 amicitia
1255 1501 1288 1521 ne
1299 1493 1395 1521 audire
1406 1493 1518 1528 quidem
1528 1492 1624 1523 voluit,
1634 1490 1752 1527 Cyrillus

959 1540 1064 1568 librum
1073 1540 1283 1576 Evangeliorum
1298 1540 1382 1576 (hunc
1395 1539 1469 1567 enim
1482 1538 1558 1565 illum
1567 1537 1751 1565 reveriturum

958 1585 1075 1622 putavit)
1090 1586 1116 1614 ei
1131 1594 1214 1614 manu
1233 1586 1366 1621 porrexit.
1390 1585 1425 1612 At
1443 1592 1506 1612 cum
1527 1583 1631 1611 Orestis
1645 1582 1753 1610 animus

958 1640 992 1660 ne
1009 1633 1062 1660 hoc
1075 1632 1157 1660 modo
1173 1632 1284 1668 quidem
1300 1632 1410 1659 deliniri
1427 1635 1529 1666 posset,
1547 1629 1594 1658 sed
1607 1629 1679 1656 inter
1689 1636 1752 1656 eum

958 1683 986 1707 et
1002 1679 1133 1716 Cyrillum
1154 1679 1284 1714 capitales
1301 1677 1451 1706 inimicitia).
1468 1684 1577 1712 semper
1598 1675 1753 1703 intercede-

959 1730 1035 1758 rent;
1050 1725 1108 1753 haec
1115 1725 1216 1758 clades,
1229 1733 1310 1760 quam
1321 1724 1451 1759 deinceps
1461 1723 1695 1754 commemorabo,
1710 1722 1752 1749 in-

959 1771 993 1799 de
1008 1775 1155 1799 consecuta
1169 1775 1221 1798 est.
1238 1780 1248 1797 ›
1260 1770 1324 1798 Haec
1333 1769 1470 1797 Socrates.
1485 1768 1586 1796 Eadem
1599 1772 1693 1795 narrat
1705 1767 1753 1794 Ni-

958 1818 1095 1853 eephorus
1106 1817 1154 1844 lib.
1170 1824 1224 1850 x1v,
1242 1823 1302 1852 cap.
1320 1816 1363 1849 Η,
1382 1815 1455 1851 apud
1473 1823 1555 1850 quem
1573 1819 1664 1842 tamen
1679 1813 1753 1840 nulla

959 1862 1041 1889 czedis
1067 1861 1223 1889 Judaeorum
1249 1861 1352 1889 mentio
1374 1864 1415 1888 est
1436 1869 1442 1886 :
1466 1867 1517 1887 nec
1539 1858 1671 1887 credibile
1692 1865 1752 1885 eam

959 1907 1079 1942 episcopi
1093 1907 1256 1935 auctoritate
1268 1907 1448 1942 designatum.
1467 1905 1622 1941 Agnoscere
1642 1912 1709 1932 vero
1726 1904 1753 1930 in

959 1954 1056 1981 Oreste
1070 1953 1134 1981 licet
1145 1953 1320 1988 politicorum
1334 1953 1420 1980 nostri
1434 1959 1544 1987 quoque
1559 1951 1692 1986 temporis
1710 1950 1753 1977 ins

960 1999 1066 2031 dolcm,
1090 1999 1137 2034 qui
1165 2007 1330 2034 quacunque
1348 2003 1463 2033 possunt
1492 1998 1597 2025 ratione
1617 1997 1754 2031 modoque

961 2045 1120 2081 pontitlcum
1143 2049 1278 2073 conantur
1313 2045 1485 2080 aliorumque
1507 2044 1753 2072 ecclesiasticorum
1802 2075 1804 2078 ι

962 2091 1103 2118 hominum
1125 2091 1195 2118 bona
1218 2090 1357 2123 invadere,
1374 2090 1437 2126 jura
1463 2090 1576 2122 violare,
1602 2089 1754 2117 convellere

961 2137 1161 2169 auctoritatem,
1185 2136 1269 2164 veluti
1296 2141 1391 2172 regum
1413 2136 1606 2164 emolumentis
1627 2135 1752 2165 noxiam;

962 2191 1023 2210 cum
1043 2184 1126 2211 nullis
1142 2184 1251 2219 regibus
1266 2183 1375 2211 felicius
1389 2188 1488 2211 cuncta
1508 2182 1650 2214 cesserint,
1671 2189 1753 2216 quam

141 2243 186 2269 2t.
203 2241 277 2275 «Qua
287 2250 317 2269 re
330 2241 467 2268 intellecta
476 2222 593 2277 Cyi-illus
603 2241 758 2269 Iudaeorum
769 2240 913 2276 primarios
929 2240 950 2266 I)
963 2228 1010 2277 (Ψί
1019 2229 1152 2277 Ἐοθξθθίεξὶ
1160 2229 1308 2277 Ριξξΐίηιυηι
1323 2225 1482 2277 flatile-runt
1491 2232 1606 2277 ;_contra
1617 2235 1682 2277 vero
1694 2226 1754 2261 plu—

114 2289 247 2320 accersit;
265 2287 330 2320 illis,
347 2287 370 2315 si
393 2295 448 2314 non
469 2292 565 2315 contra
583 2287 753 2315 Christianos
777 2287 910 2314 tumultus

115 2335 187 2363 ciere
198 2335 345 2366 desistant,
356 2334 464 2362 debitas
475 2341 569 2369 pmnas
582 2341 612 2362 se
622 2333 806 2370 irrogaturum
821 2334 910 2360 mina-

116 2384 169 2407 tur.
181 2380 216 2407 At
232 2378 383 2406 multitudo
402 2378 569 2411 Iudaeorum,
589 2378 706 2414 cognitis
720 2378 841 2414 episcopi
858 2378 911 2405 mi-

116 2425 167 2456 nis,
180 2424 269 2451 multo
283 2424 388 2459 majore
400 2423 549 2451 iracundia:
564 2428 633 2452 aestu
646 2424 835 2457 exardescerc,
852 2432 910 2452 ma-

115 2470 266 2505 chinasque
274 2469 309 2497 ad
315 2469 482 2497 Christianis
489 2470 643 2497 nocendum
651 2470 804 2506 excogitare
813 2471 894 2506 coepit
903 2479 909 2497 :

115 2522 182 2549 quas
193 2514 307 2549 quidem
326 2514 493 2549 praacipuam
509 2522 619 2542 causam
628 2514 736 2543 Judzeos
749 2514 912 2543 Alexandria

116 2560 279 2588 exturbandi
293 2559 390 2592 fuisse,
405 2560 461 2595 jam
472 2560 624 2588 ostendam.
638 2560 724 2589 Judaei
744 2568 807 2588 cum
825 2565 911 2589 tesse-

116 2614 171 2633 ram
183 2606 234 2641 ipsi
245 2606 300 2639 sibi
312 2606 464 2638 dedissent,
474 2607 603 2634 nimirum
615 2610 646 2634 ut
656 2606 771 2642 quisque
780 2607 912 2634 annulum

116 2659 147 2678 ex
170 2652 274 2679 cortice
294 2652 394 2687 palmae
414 2652 568 2680 confectum
595 2656 723 2687 gestaret,
748 2655 911 2680 nocturnam

117 2704 232 2732 pugnam
244 2701 343 2724 contra
359 2697 530 2726 Christianos
546 2698 702 2726 instituunt.
725 2698 820 2733 Itaque
832 2703 913 2726 nocte

116 2742 232 2777 quadam
246 2751 298 2778 per
314 2743 459 2771 universas
473 2744 549 2771 urbis
574 2745 699 2779 regiones
718 2753 732 2772 a
748 2744 911 2780 quibusdam

117 2789 344 2816 conclamandum
367 2794 474 2821 curant,
498 2793 581 2817 totam
601 2791 743 2818 ecclesiam
767 2791 912 2818 Alexandri

119 2834 226 2862 nomine
244 2839 434 2870 nuncupatam
459 2835 520 2870 igne
541 2836 716 2872 conﬂagrare.
738 2838 798 2871 Quo
820 2837 914 2864 audito

119 2879 276 2913 Christiani,
293 2881 365 2911 alius
384 2881 492 2911 aliunde
519 2887 696 2915 concurrunt.
722 2888 751 2911 ut
770 2883 913 2912 ecclesiam

964 2275 1041 2302 rimis
1050 2275 1250 2303 calamitatibus
1261 2283 1308 2304 cas
1323 2275 1422 2303 involvi
1436 2274 1590 2310 provincias
1602 2272 1752 2303 videamus,

964 2329 1079 2356 quarum
1110 2321 1302 2357 gubernaculis
1332 2321 1465 2356 ejusmodi
1499 2319 1623 2347 homines
1651 2317 1760 2346 admoti

964 2371 1037 2394 sunt.

1031 2444 1044 2480 ᾗ
1059 2445 1091 2472 ν.
1110 2445 1199 2473 Turba:
1212 2444 1409 2473 Alexandrines.
1425 2443 1551 2471 Errantes
1563 2443 1680 2470 correcti.

998 2513 1043 2541 ‘24.
1066 2513 1218 2549 Tragicam,
1244 2521 1326 2548 quam
1345 2517 1485 2540 narratum
1511 2511 1591 2544 imus,
1614 2511 1756 2538 historiam

965 2559 1124 2595 imperatori
1139 2564 1167 2587 et
1178 2559 1289 2587 Orestes
1301 2559 1445 2593 praefectus
1454 2562 1482 2585 et
1490 2557 1607 2593 Cyrillus
1622 2549 1756 2591 significa-

966 2610 1040 2633 runt.
1064 2605 1173 2633 Utinam
1194 2605 1292 2632 littem
1315 2604 1409 2640 Cyrilli
1431 2603 1584 2631 exstarent!
1609 2602 1697 2637 majus
1718 2608 1758 2628 eae

965 2651 1082 2686 pondus,
1108 2658 1189 2686 quam
1216 2650 1333 2678 furentis
1354 2649 1427 2676 illius
1446 2649 1561 2680 Orestis,
1586 2648 1659 2683 apud
1683 2650 1758 2674 recte

966 2696 1115 2724 sentientes
1126 2695 1381 2730 obtinerent.Hujus
1392 2699 1483 2722 tamen
1494 2694 1653 2721 relationem
1663 2693 1757 2728 potius

965 2743 1082 2777 arripuit
1094 2742 1229 2775 Socrates,
1246 2742 1347 2778 Cyrillo
1355 2741 1487 2772 infensus,
1505 2740 1553 2767 lib.
1565 2748 1612 2772 vn,
1640 2747 1700 2774 cap.
1724 2739 1757 2766 Η

966 2794 993 2817 ct
1007 2790 1046 2816 l5.
1062 2799 1069 2813 ι
1085 2788 1213 2816 Nonnulli
1225 2797 1258 2816 ex
1270 2787 1420 2819 monachis,
1435 2797 1443 2813 ι
1461 2786 1559 2821 inquit,
1574 2796 1583 2810 ι
1596 2785 1642 2820 qui
1653 2785 1758 2812 Nitram

968 2841 1087 2863 montem
1113 2834 1282 2865 accolebant,
1312 2833 1421 2868 ingenio
1445 2831 1610 2860 ferventiorc
1640 2831 1755 2865 praediti,

968 2883 1039 2912 sicut
1058 2880 1218 2914 iampridem
1232 2879 1304 2908 idem
1320 2878 1410 2913 ipsum
1425 2877 1608 2909 declararunt,
1629 2875 1718 2903 cxorsi
1741 2883 1758 2902 ι
