1929 3042
99 142 131 169 Π

789 145 817 174 S.
835 145 975 173 CYRHJJ
991 145 1081 174 VITA.

1714 141 1750 168 l8

101 198 208 227 clesiam
223 198 471 236 Constantinopoli
492 201 710 234 administrabant,
724 202 757 229 de
771 210 825 237 quo
842 210 902 236 cap.
921 206 940 232 Α
956 202 990 229 ab
1003 202 1129 230 inccndio
1140 202 1267 230 libercut.
1282 202 1351 230 Tum
1366 203 1452 231 Judaei
1469 203 1594 238 protinus
1605 201 1707 236 impetu
1721 201 1747 227 in

106 244 137 270 t2
159 247 262 278 egerat.
279 244 402 273 Creatus
422 246 446 273 is
463 251 523 273 erat
542 254 589 290 an.’
610 246 676 274 Chr.
697 247 759 280 M2,
781 252 907 275 mortuus

103 289 226 317 Monaxio
242 294 272 317 et
285 290 382 319 Plinta
402 299 488 324 coss.,
511 301 555 319 an.
577 292 643 320 Chr.
663 293 725 320 “9.
741 303 750 319 ί
769 293 871 320 Eodem
894 303 902 318 ι

101 344 166 371 ergo
183 346 192 361 ε
211 340 349 371 tempore,
370 347 379 363 ι
397 337 485 373 inquit
497 338 634 371 Socrates,
651 349 660 364 ‹
673 339 830 367 Iudaeorum
840 347 907 374 gens

102 390 116 408 a
128 381 231 417 Cyrillo
241 382 377 418 episcopo
390 384 556 423 Alexandria
567 384 637 412 hanc
647 385 683 413 ob
696 392 805 412 causam
820 385 906 420 ejecta

101 432 153 454 est.
171 427 297 462 Populus
307 429 515 457 Alexandrinus
526 433 625 464 praeter
637 434 751 458 caeteros
762 430 905 458 seditioni-

103 474 155 500 bus
167 473 327 501 delectatur
345 483 351 501 :
370 475 399 502 in
416 475 527 510 quibus,
545 475 568 503 si
582 475 692 511 quando
708 476 745 503 sit
759 476 850 503 oblata
872 477 906 504 il-

102 520 189 546 larum
204 519 416 548 conﬂaudarum
432 521 551 554 occasio,
567 522 671 549 scelera
686 521 807 549 eduntur
821 529 907 557 prope

102 565 290 593 intolerabilia
306 576 313 593 :
328 567 431 602 quippe
441 567 501 594 sine
516 567 648 602 sanguine
657 575 798 603 nunquam
812 567 906 603 populi

102 611 225 646 impetus
233 612 357 640 sedatur.
374 613 403 641 ld
417 613 549 648 temporis
558 613 705 646 tumultus,
716 621 770 641 non
780 613 814 640 de
824 620 906 640 causa

101 658 193 693 aliqua
210 659 380 692 necessaria,
397 659 445 686 sed
456 659 490 686 de
503 659 593 687 studio
609 659 752 687 saltatores
765 656 906 694 spectandi

103 704 189 739 (quod
215 705 321 732 malum
344 713 394 740 per
417 712 512 733 omnes
530 705 657 733 civitates
676 704 773 739 serpit)
797 704 825 731 in
847 704 906 739 ipsa

103 750 284 778 multitudine
298 751 370 778 forte
384 751 520 778 ciebatur.
530 750 598 778 Nam
610 750 655 778 die
673 742 789 777 Sabbati
810 750 906 785 ingens

103 796 184 824 turba
198 797 233 824 ad
245 797 395 832 quemdam
409 797 564 825 saltatorem
575 796 754 832 spectandum
764 795 904 824 conﬂuxit.

104 841 138 868 Et
153 841 288 875 quoniam
302 841 400 874 Judrei,
421 841 467 877 qui
484 841 531 869 illo
546 841 591 868 die
612 840 757 872 feriantur,
776 849 831 868 non
852 841 905 876 legi

104 887 262 920 audienda},
278 888 326 915 sed
340 887 504 922 spectaculis
522 892 550 915 et
562 887 634 914 ludis
648 887 765 914 scenicis
780 890 904 914 contem-
922 878 942 907 Β

104 933 212 968 plaudis
226 937 301 961 totos
312 941 372 961 sese
388 933 542 966 dedebant,
560 933 620 961 dies
635 933 681 961 ille
693 933 786 968 populi
806 932 904 960 factio—

104 980 186 1008 nibus
211 980 287 1008 iuter
308 988 338 1008 se
359 985 456 1008 mutuo
474 979 623 1007 dimicandi
637 987 719 1007 causa
735 979 848 1007 exstitit.
866 978 906 1007 Ac

104 1034 264 1061 quanquam
285 1027 380 1062 populi
398 1026 536 1054 discordia
555 1033 571 1052 a
591 1025 720 1061 praefecto
734 1025 906 1053 Alexandria:

106 1077 249 1108 utcunque
263 1078 322 1100 tum
335 1073 430 1100 sedata
444 1072 505 1105 fuit,
516 1072 697 1100 nihilominus
713 1074 803 1099 tamen
814 1071 902 1099 Iudici

106 1119 185 1146 alteri
195 1119 293 1154 populi
305 1118 418 1156 factioni
431 1117 582 1146 adversarii
592 1125 652 1145 esse
663 1125 718 1144 non
728 1116 903 1144 destiterunt.

107 1164 193 1199 Atque
203 1164 315 1192 tametsi
324 1164 411 1192 Judmi
424 1163 589 1192 Christianis
597 1167 677 1191 erant
685 1169 792 1198 semper
802 1161 904 1195 infesti,

108 1214 162 1236 tum
181 1214 275 1236 tamen
295 1213 408 1244 propter
428 1209 581 1242 saltatores,
599 1209 686 1236 multo
706 1208 735 1236 in
749 1215 798 1237 eos
816 1208 906 1236 infen-

107 1256 192 1283 siores
211 1255 278 1283 facti
296 1260 362 1284 sunt
762 1282 763 1286 η

142 1301 186 1328 20.
208 1312 218 1328 ι
237 1302 336 1337 Itaque
355 1309 418 1329 cum
437 1301 547 1329 Orestes
566 1300 712 1338 praefectus
735 1299 906 1328 Alexandriae

108 1348 244 1376 πολιτείαν
262 1347 314 1383 (sic
323 1347 399 1376 enim
411 1347 519 1383 publica
535 1345 655 1382 praefecti
667 1345 757 1374 edicta
769 1345 906 1380 appellant

107 1393 298 1429 Alexandrini)
314 1393 343 1420 in
367 1393 474 1420 theatro
489 1392 693 1428 proponendam
710 1395 829 1423 curaret,
855 1390 906 1418 ad-

107 1444 187 1467 erant
200 1440 288 1468 etiam
300 1439 396 1475 Cyrilli
415 1439 534 1475 episcopi
557 1438 717 1470 necessarii,
733 1441 764 1465 ut
785 1437 874 1465 edicta
889 1444 905 1464 a

108 1486 237 1521 ιιι-πτυριο
247 1486 388 1522 publicata
400 1485 615 1516 considerarent,
628 1484 699 1512 inter
709 1490 779 1518 quos
794 1487 854 1511 erat
862 1483 906 1510 vir

108 1532 218 1560 nomine
236 1533 349 1566 llicrax,
363 1531 518 1560 humilioris
530 1531 692 1558 litteratum
703 1530 842 1566 magister,
856 1529 905 1564 qui

108 1579 310 1607 atzentissimus
320 1578 431 1606 auditor
444 1578 564 1614 episcopi
577 1577 671 1613 Cyrilli
684 1576 746 1608 fuit,
761 1580 790 1603 et
801 1576 830 1603 in
840 1583 906 1604 eon-

107 1625 237 1652 cionibus
251 1625 313 1661 eius
335 1624 462 1659 plausum
482 1622 690 1658 diligentissime
708 1622 829 1650 excitare
842 1629 908 1649 eon-

108 1671 206 1698 sncvit.
223 1670 302 1699 llunc
317 1670 401 1705 igitur
416 1669 559 1697 Hieracem
575 1672 606 1695 ut
616 1668 736 1704 primum
753 1667 909 1696 Judaaorum

110 1716 261 1744 multitudo
276 1716 304 1743 in
317 1715 426 1743 theatro
437 1714 594 1749 conspicata
607 1718 660 1747 est,
679 1714 818 1749 extemplo
833 1712 909 1741 voci-

110 1762 193 1789 ferari
211 1761 309 1796 erepit,
323 1769 388 1788 cum
403 1760 439 1788 ob
453 1760 557 1788 nullam
572 1760 654 1787 aliam
664 1767 773 1787 causam
787 1759 821 1787 ad
833 1760 910 1788 thea-

112 1814 184 1836 trum
204 1808 374 1841 accessisse,
393 1815 475 1843 quam
496 1811 526 1835 ut
540 1807 672 1842 populum
692 1807 726 1834 ad
747 1806 910 1835 seditionem

111 1856 275 1884 concitaret.
300 1855 413 1883 Orestes
431 1859 534 1886 autem,
560 1853 613 1881 etsi
637 1857 699 1881 ante
719 1853 910 1889 episcoporum

111 1906 233 1937 potestas
257 1901 297 1928 illi
318 1901 383 1928 odio
404 1905 551 1936 propterea
572 1899 673 1932 fuerat,
697 1899 771 1935 quod
791 1907 842 1935 per
863 1908 912 1927 eos

112 1948 240 1976 nonnihil
251 1947 286 1975 de
298 1947 460 1975 auctoritate
483 1953 582 1974 eorum
593 1946 641 1981 qui
650 1945 685 1973 ab
697 1945 864 1981 imperatore
877 1946 911 1974 ad

115 1995 293 2030 magistratus
302 1993 438 2030 gerendos
448 1993 581 2028 designati
596 1997 686 2025 erant,
703 1992 849 2020 admodum
862 1993 911 2020 de-

115 2045 232 2069 tractum
246 2041 314 2073 fuit;
330 2045 420 2068 tamen
439 2044 495 2067 tum
507 2039 550 2066 vel
562 2039 690 2071 maxime,
707 2039 779 2074 quod
795 2039 913 2075 Cyrillus

115 2087 261 2114 videbatur
279 2087 306 2114 in
326 2087 386 2122 ejus
402 2085 492 2113 edicta
501 2085 610 2113 curiose
626 2084 783 2120 inquirere;
795 2085 912 2120 proinde

118 2133 259 2161 llieracem
270 2133 360 2168 palam
373 2132 401 2159 in
414 2132 522 2159 theatro
539 2131 767 2167 comprehensum
784 2132 912 2167 gravibus

118 2178 257 2207 divexavit
273 2178 426 2213 suppliciis.

957 248 1130 276 Christianos
1146 247 1228 280 facto,
1249 251 1297 276 cos
1317 249 1464 276 trucidant.
1485 248 1573 282 Atque
1597 251 1627 273 ut
1645 254 1660 272 a
1679 248 1747 276 suis,

956 293 1065 324 annulis
1080 293 1284 326 demonstratis,
1302 301 1398 322 manus
1413 293 1604 325 abstinebant;
1618 291 1658 319 sic
1668 290 1748 318 Cirri-

957 340 1069 372 stianos,
1082 340 1129 374 qui
1150 339 1216 375 ipsis
1228 339 1297 367 forte
1313 340 1420 368 obviam
1436 340 1499 367 facti
1521 343 1609 371 erant,
1628 345 1643 365 e
1658 336 1749 364 medio

957 386 1099 413 tollebant.

988 432 1031 458 22.
1040 441 1049 458 ‹
1064 432 1116 459 Uhi
1129 436 1220 459 autem
1231 431 1321 459 illuxit
1331 431 1399 463 dies,
1409 431 1520 459 sceleris
1529 435 1655 458 auctores
1665 429 1748 456 mini—

957 487 1000 507 me
1017 479 1127 506 obscuri
1143 484 1171 506 et
1183 478 1312 513 incogniti
1325 477 1445 505 fuerunt.
1458 477 1516 511 Qua
1534 477 1568 505 de
1588 485 1616 503 re
1631 475 1748 512 Cyrillus

955 525 1075 561 graviter
1083 528 1246 557 commotus,
1259 531 1321 551 cum
1333 523 1435 559 ingenti
1447 531 1527 550 manu
1545 523 1578 550 ad
1591 523 1746 551 Iudaeorum

956 579 1104 607 synagogas
1119 571 1168 606 (sic
1183 571 1256 598 enim
1275 577 1370 597 eorum
1392 569 1492 604 templa
1510 567 1652 603 vocantur)
1674 573 1747 595 recta

957 618 1046 653 pergit
1063 626 1069 644 :
1090 621 1118 645 et
1132 625 1166 645 ex
1177 617 1279 645 Iudaeis
1292 617 1439 644 nonnullos
1461 615 1522 643 neci
1536 615 1582 642 dat
1594 623 1601 648 ;
1619 615 1686 642 alios
1699 623 1748 641 ex-

956 664 1059 699 pellite
1078 664 1198 693 civitatc.
1215 670 1366 697 eorumque
1390 662 1514 689 fortunas
1535 669 1551 688 a
1572 660 1748 688 multitudine

956 709 1038 745 diripi
1050 710 1193 745 permittit.
1204 709 1298 744 Itaque
1308 708 1406 741 Judtei,
1424 707 1471 743 qui
1487 715 1573 742 usque
1585 707 1619 734 ab
1632 707 1748 733 Alexan-

956 756 999 783 dri
1016 756 1170 784 Macedonis
1184 755 1351 790 temporibus
1364 754 1437 782 illam
1454 754 1550 781 urbem
1567 753 1748 783 incoluerant.

957 805 1014 829 tum
1031 799 1151 829 universi
1169 801 1232 828 inde
1251 800 1341 836 ejecti,
1364 799 1410 826 alii
1431 800 1458 826 in
1477 799 1529 826 alia
1551 799 1610 825 loca
1631 798 1746 832 dispersi

956 847 1094 874 vixerunt.
1114 845 1293 874 Adamantius
1316 853 1350 872 ex
1372 852 1486 872 numero
1508 843 1677 874 Iudaeorum,
1703 841 1748 876 qui

958 893 1122 920 medicinam
1133 892 1258 925 docebat,
1275 890 1536 925 Constantinopolim
1552 888 1701 924 profectus,
1716 887 1750 914 ad

958 939 1080 966 Atticum
1107 939 1265 973 episcopum
1290 944 1320 965 se
1348 936 1474 964 contulit.
1498 935 1549 968 Qui
1572 930 1750 969 post'eaquam

957 985 1142 1013 Christianam
1159 984 1318 1020 religionem
1341 983 1481 1019 professus
1497 987 1567 1015 erat,
1581 980 1751 1009 Alexandriae

958 1031 1048 1059 denuo
1060 1031 1202 1058 habitavit.

993 1077 1054 1104 234
1068 1077 1188 1109 Orestes,
1203 1077 1278 1104 illius
1295 1076 1371 1104 urbis
1388 1075 1542 1111 prasfectus,
1568 1073 1633 1101 illud
1656 1072 1750 1108 Cyrilli

958 1123 1059 1151 factum
1072 1123 1150 1150 valde
1162 1123 1257 1158 iniquo
1268 1123 1359 1150 animo
1370 1122 1433 1150 tulit
1445 1130 1451 1148 τ
1473 1127 1659 1156 magnumque
1679 1118 1753 1153 cepit

958 1169 1091 1201 dolorem,
1109 1173 1164 1198 tam
1182 1169 1339 1204 praeclaram
1352 1167 1589 1195 civitatem‘tanta
1606 1165 1750 1193 hominum

958 1215 1134 1243 multitudine
1149 1223 1261 1250 prorsus
1278 1215 1402 1242 orbatam
1422 1221 1492 1242 esse.
1511 1211 1693 1246 Quamobrem
1717 1209 1752 1236 ad

959 1261 1152 1296 imperatorem
1180 1261 1214 1289 de
1237 1261 1320 1288 rebus
1343 1261 1381 1288 ibi
1405 1259 1489 1295 gestis
1513 1258 1607 1286 refert.
1633 1255 1752 1292 Cyrillus

959 1307 1041 1334 etiam
1053 1307 1211 1342 imperatori
1228 1306 1383 1334 Iudaeorum
1406 1305 1509 1333 scelera
1526 1312 1575 1339 per
1590 1303 1697 1331 litteras
1712 1301 1751 1328 si-

959 1353 1083 1388 gniticat;
1101 1357 1129 1380 et
1148 1352 1327 1380 nihilominus
1345 1356 1436 1379 tamen
1459 1351 1493 1377 de
1517 1348 1637 1378 amicitia
1657 1346 1752 1375 conci-

958 1399 1049 1426 lianda
1062 1399 1106 1435 (ad
1122 1399 1188 1426 illud
1200 1406 1319 1433 namque
1336 1397 1491 1425 faciendum
1504 1395 1622 1431 populus
1638 1394 1753 1421 Alexan-

959 1444 1056 1472 drinus
1069 1444 1145 1472 illum
1157 1444 1313 1479 impulerat)
1327 1450 1389 1470 cum
1401 1442 1498 1470 Oreste
1512 1442 1577 1476 agit.
1589 1441 1691 1468 Verum
1704 1438 1751 1466 ubi

958 1489 1069 1517 Orestes
1078 1489 1112 1516 de
1125 1489 1245 1517 amicitia
1256 1496 1290 1516 ne
1301 1487 1396 1516 audire
1408 1487 1519 1522 quidem
1529 1486 1625 1518 voluit,
1636 1484 1754 1520 Cyrillus

961 1535 1066 1563 librum
1075 1535 1285 1571 Evangeliorum
1299 1534 1384 1570 (hunc
1396 1533 1471 1561 enim
1484 1533 1560 1560 illum
1569 1531 1753 1559 reveriturnm

960 1580 1076 1616 putavit)
1092 1581 1118 1608 ei
1133 1588 1216 1608 manu
1235 1580 1367 1616 porrexit.
1391 1580 1427 1607 At
1445 1587 1508 1607 cum
1528 1577 1633 1606 Orestis
1646 1576 1755 1604 animus

960 1635 995 1654 ne
1011 1627 1063 1654 hoc
1077 1627 1159 1655 modo
1175 1626 1286 1662 quidem
1302 1626 1412 1653 deliniri
1429 1629 1531 1661 posset,
1548 1624 1595 1652 sed
1608 1623 1680 1651 inter
1691 1630 1754 1650 eum

960 1678 988 1702 et
1004 1673 1135 1710 Cyrillum
1155 1673 1286 1709 capitales
1302 1672 1453 1701 inimicitia:
1470 1679 1579 1707 semper
1600 1669 1755 1698 intercede-

961 1725 1037 1753 rent;
1052 1720 1110 1748 haec
1117 1719 1218 1752 clades,
1230 1727 1313 1755 quam
1323 1719 1452 1754 deinceps
1462 1717 1697 1749 commemorabo,
1712 1716 1754 1743 in-

961 1766 995 1794 de
1010 1770 1157 1794 consecuta
1171 1770 1223 1793 est.
1240 1774 1249 1791 ι
1262 1765 1326 1792 Haec
1336 1764 1472 1792 Socrates.
1486 1762 1588 1791 Eadem
1601 1766 1695 1789 narrat
1707 1761 1755 1788 Ni—

961 1813 1097 1848 cephorus
1108 1811 1156 1839 lib.
1172 1819 1226 1845 x1v,
1243 1818 1304 1847 cap.
1323 1811 1365 1843 l4,
1384 1809 1457 1845 apud
1475 1817 1557 1844 quem
1575 1813 1666 1836 tamen
1680 1807 1755 1834 nulla

961 1856 1043 1884 caedis
1069 1856 1226 1884 Iudaeorum
1250 1855 1353 1883 mentio
1376 1859 1417 1882 est
1438 1863 1444 1881 :
1467 1861 1519 1881 nec
1541 1852 1673 1880 credibile
1694 1859 1754 1879 eam

961 1902 1082 1937 episcopi
1095 1902 1258 1929 auctoritate
1271 1901 1451 1937 designatum.
1469 1900 1624 1935 Agnoscere
1645 1906 1711 1926 vero
1728 1898 1755 1924 in

961 1949 1059 1976 Oreste
1072 1947 1137 1975 licet
1147 1947 1322 1983 politicorum
1335 1947 1422 1974 nostri
1436 1953 1546 1981 quoque
1561 1945 1694 1980 temporis
1712 1944 1755 1971 in—

962 1994 1068 2026 dolem,
1092 1993 1140 2029 qui
1167 2001 1331 2029 quacunque
1350 1997 1466 2028 possunt
1494 1992 1600 2019 ratione
1619 1991 1757 2025 modoque

963 2040 1122 2076 pontilicnm
1146 2044 1281 2068 conantur
1315 2039 1487 2074 aliorumque
1509 2037 1756 2066 ecclesiasticorum
1804 2068 1806 2072 γ

964 2086 1105 2113 hominum
1127 2085 1197 2113 bona
1220 2085 1360 2117 invadere,
1376 2085 1440 2120 jura
1465 2084 1578 2116 violare,
1604 2083 1756 2111 convellere

963 2132 1163 2164 auctoritatem,
1187 2131 1271 2159 veluti
1299 2136 1393 2167 regum
1416 2130 1608 2158 emolumentis
1629 2129 1754 2158 noxiam:

964 2186 1025 2206 cum
1046 2179 1129 2206 nullis
1144 2179 1254 2214 regibus
1269 2178 1377 2205 felicius
1391 2183 1490 2205 cuncta
1510 2176 1652 2209 cesserint,
1674 2183 1756 2210 quam

144 2238 189 2265 Ἡ.
206 2237 280 2270 «Qua
291 2244 321 2264 re
332 2236 470 2264 intellecta
479 2218 595 2273 Cyrillus
605 2236 760 2265 Judaeorum
771 2236 915 2271 primarios
931 2235 952 2261 l)
966 2224 1013 2273 Qui
1021 2223 1154 2273 -Εθοξεδίὶἒ
1162 2224 1311 2273 Ριξξτίῐηιιπι
1325 2219 1485 2273 detulerunt
1493 2226 1608 2273 {contra
1619 2229 1685 2273 vero
1697 2221 1756 2255 plu-

120 2284 251 2317 accersit;
269 2283 333 2315 illis,
350 2282 373 2310 si
395 2290 450 2310 non
471 2286 568 2310 contra
585 2283 755 2310 Christianos
779 2281 913 2309 tumultus

120 2331 190 2358 ciere
201 2330 348 2361 desistant,
359 2329 467 2357 debitas
478 2336 572 2364 pmnas
585 2336 614 2356 se
625 2329 808 2364 irrogaturum
824 2329 912 2355 mina-

122 2379 171 2402 tur.
184 2375 220 2402 At
236 2373 385 2402 multitudo
405 2373 572 2406 Iudaeorum,
592 2374 709 2409 cognitis
723 2373 843 2409 episcopi
861 2374 913 2400 mi—

123 2420 170 2451 nis,
183 2419 272 2447 multo
287 2419 391 2454 majore
403 2418 552 2446 iracundia:
567 2424 635 2447 testu
648 2419 838 2452 exardescere,
855 2427 912 2447 rna-

121 2465 270 2500 chinasque
278 2464 312 2492 ad
319 2464 485 2493 Christianis
492 2465 645 2492 nocendum
653 2465 807 2500 excogitare
816 2466 896 2501 coepit
906 2474 912 2492 :

121 2518 186 2545 quas
197 2509 311 2545 quidem
330 2509 495 2544 praecipuam
512 2517 622 2537 causam
631 2509 740 2537 Iudaeos
751 2510 914 2538 Alexandria

121 2555 282 2584 exturbaudi
297 2555 393 2588 fuisse,
408 2555 463 2590 jam
476 2555 626 2583 ostendam.
641 2555 727 2583 Judaei
746 2564 809 2583 cum
828 2560 914 2584 tesse-

122 2610 176 2629 ram
187 2602 238 2637 ipsi
249 2601 303 2635 sibi
315 2601 467 2633 dedissent.
477 2601 606 2629 nimirum
619 2605 649 2629 ut
659 2601 774 2637 quisque
783 2602 914 2628 annulum

123 2655 152 2674 ex
174 2647 278 2675 cortice
297 2647 397 2682 palmae
417 2647 571 2675 confectum
598 2651 726 2682 gestaret,
751 2650 914 2674 nocturnam

123 2700 236 2728 pugnam
248 2697 346 2720 contra
362 2692 534 2721 Christianos
549 2693 706 2721 instituunt.
729 2693 823 2729 Itaque
835 2698 915 2721 nocte

123 2738 235 2772 quadam
250 2746 301 2773 per
317 2738 461 2766 universas
477 2739 553 2766 urbis
577 2739 702 2775 regiones
721 2747 735 2766 a
751 2739 914 2775 quibusdam

123 2784 347 2812 conclamandum
370 2789 477 2816 curant,
501 2789 584 2812 totam
604 2786 747 2813 ecclesiam
770 2785 915 2813 Alexandri

125 2830 229 2858 nomine
246 2835 437 2865 nuncupatam
461 2831 523 2865 igne
544 2831 719 2867 conﬂagrare.
741 2832 801 2866 Quo
823 2832 916 2859 audito

125 2875 278 2910 Christiani,
297 2877 368 2906 alius
387 2876 495 2906 aliunde
523 2882 700 2910 concurrunt.
725 2883 755 2906 ut
773 2877 916 2907 ecclesiam

967 2270 1043 2297 rimis
1052 2269 1252 2298 calamitatibus
1263 2277 1311 2299 eas
1325 2269 1424 2298 involvi
1439 2269 1592 2304 provincias
1604 2267 1754 2297 videamus,

966 2324 1081 2352 quarum
1113 2316 1304 2352 gubernaculis
1334 2315 1468 2351 ejusmodi
1501 2313 1625 2342 homines
1653 2312 1763 2340 admoti~

967 2366 1039 2389 sunt.

1034 2439 1047 2475 ᾗ
1062 2440 1094 2467 V.
1113 2440 1202 2468 Turba:
1215 2439 1412 2468 Alexandrinaz.
1427 2438 1554 2465 Errantes
1565 2437 1682 2464 correcti.

1001 2508 1046 2535 24.
1069 2508 1220 2544 Tragicam,
1247 2515 1328 2543 quam
1348 2511 1487 2534 narratum
1514 2506 1594 2537 imus,
1616 2505 1758 2544 historiam

968 2554 1127 2589 imperatori
1142 2558 1171 2582 et
1181 2553 1292 2581 Orestes
1304 2553 1448 2588 praefectus
1456 2556 1485 2579 ct
1493 2551 1610 2588 Cyrillus
1625 2543 1759 2585 significa-

969 2605 1042 2628 runt.
1067 2600 1176 2628 Utinam
1196 2599 1295 2626 litterae
1317 2598 1412 2634 Cyrilli
1434 2597 1587 2625 exstarent!
1611 2596 1700 2631 majus
1721 2603 1760 2623 eae

968 2645 1085 2680 pondus,
1111 2653 1192 2680 quam
1219 2643 1336 2682 furentis
1357 2643 1430 2671 illius
1449 2643 1563 2675 Orestis,
1589 2642 1662 2678 apud
1685 2645 1761 2669 recte

969 2691 1118 2719 sentientes
1129 2690 1384 2725 obtinerent.Hujus
1395 2693 1485 2716 tamen
1497 2688 1655 2715 relationem
1667 2687 1760 2722 potius

968 2737 1085 2771 arripuit
1097 2736 1233 2769 Socrates,
1249 2736 1350 2772 Cyrillo
1359 2735 1490 2767 infensus,
1508 2735 1556 2761 lib.
1569 2742 1615 2766 vn,
1643 2742 1703 2769 cap.
1727 2733 1760 2760 M

969 2790 996 2812 et
1010 2784 1049 2811 l5.
1065 2794 1073 2807 α
1088 2783 1216 2810 Nonnulli
1228 2791 1261 2810 ex
1274 2782 1423 2813 monachis,
1437 2791 1446 2807 ι
1464 2781 1562 2815 inquit,
1577 2790 1586 2805 ε
1599 2780 1645 2814 qui
1657 2780 1761 2807 Nrtram

971 2836 1090 2858 montem
1116 2829 1285 2860 accolebant,
1315 2827 1424 2862 ingenio
1449 2825 1613 2854 ferventiore
1643 2825 1758 2860 praaditi,

971 2877 1042 2907 sicut
1061 2875 1222 2910 iampridem
1236 2873 1307 2902 idem
1323 2873 1413 2907 ipsum
1428 2871 1611 2904 declararunt,
1633 2869 1721 2897 exorsi
1744 2877 1761 2896 τι

1768 2954 1881 2994 ,Α
