  <div class='ocr_page' id='page_1' title='image "/cluster/home/n/w/nwhite01/storage/ocr_20150623/68/njp.32101077772711/017.png"; bbox 0 0 1929 3042; ppageno 0'>
   <div class='ocr_carea' id='block_1_1' title="bbox 177 169 211 197">
    <p class='ocr_par' dir='ltr' id='par_1_1' title="bbox 177 169 211 197">
     <span class='ocr_line' id='line_1_1' title="bbox 177 169 211 197; baseline 0.029 -1"><span class='ocrx_word' id='word_1_1' title='bbox 177 169 211 197; x_wconf 79' lang='lat' dir='ltr'><strong>i9</strong></span> 
     </span>
    </p>
   </div>
   <div class='ocr_carea' id='block_1_2' title="bbox 177 226 1007 262">
    <p class='ocr_par' dir='ltr' id='par_1_2' title="bbox 177 226 1007 262">
     <span class='ocr_line' id='line_1_2' title="bbox 177 226 1007 262; baseline 0.001 -9"><span class='ocrx_word' id='word_1_2' title='bbox 177 226 322 262; x_wconf 83' lang='lat' dir='ltr'><strong>Theophili</strong></span> <span class='ocrx_word' id='word_1_3' title='bbox 341 227 520 262; x_wconf 87' lang='lat' dir='ltr'><strong>temporibus,</strong></span> <span class='ocrx_word' id='word_1_4' title='bbox 538 226 648 262; x_wconf 78' lang='lat' dir='ltr'><strong>quando</strong></span> <span class='ocrx_word' id='word_1_5' title='bbox 666 230 746 253; x_wconf 90' lang='lat' dir='ltr'><strong>erant</strong></span> <span class='ocrx_word' id='word_1_6' title='bbox 765 226 800 254; x_wconf 89' lang='lat' dir='ltr'><strong>ab</strong></span> <span class='ocrx_word' id='word_1_7' title='bbox 814 227 861 254; x_wconf 93' lang='lat' dir='ltr'><strong>illo</strong></span> <span class='ocrx_word' id='word_1_8' title='bbox 875 232 970 254; x_wconf 85' lang='lat' dir='ltr'><strong>contra</strong></span> <span class='ocrx_word' id='word_1_9' title='bbox 986 230 1007 258; x_wconf 79' lang='grc' dir='ltr'>Α</span> 
     </span>
    </p>
   </div>
   <div class='ocr_carea' id='block_1_3' title="bbox 178 271 970 308">
    <p class='ocr_par' dir='ltr' id='par_1_3' title="bbox 178 271 970 308">
     <span class='ocr_line' id='line_1_3' title="bbox 178 271 970 308; baseline 0.001 -9"><span class='ocrx_word' id='word_1_10' title='bbox 178 271 339 301; x_wconf 85' lang='lat' dir='ltr'><strong>Dioscorum</strong></span> <span class='ocrx_word' id='word_1_11' title='bbox 351 277 379 300; x_wconf 89' lang='lat' dir='ltr'><strong>et</strong></span> <span class='ocrx_word' id='word_1_12' title='bbox 395 273 455 308; x_wconf 89' lang='lat' dir='ltr'><strong>ejus</strong></span> <span class='ocrx_word' id='word_1_13' title='bbox 466 272 565 304; x_wconf 84' lang='lat' dir='ltr'><strong>fratres</strong></span> <span class='ocrx_word' id='word_1_14' title='bbox 576 271 669 307; x_wconf 89' lang='lat' dir='ltr'><strong>inique</strong></span> <span class='ocrx_word' id='word_1_15' title='bbox 682 272 798 305; x_wconf 87' lang='lat' dir='ltr'><strong>armati;</strong></span> <span class='ocrx_word' id='word_1_16' title='bbox 811 273 852 300; x_wconf 85' lang='lat' dir='ltr'><strong>sic</strong></span> <span class='ocrx_word' id='word_1_17' title='bbox 863 273 889 300; x_wconf 89' lang='lat' dir='ltr'><strong>id</strong></span> <span class='ocrx_word' id='word_1_18' title='bbox 901 277 970 300; x_wconf 90' lang='lat' dir='ltr'><strong>tem-</strong></span> 
     </span>
    </p>
   </div>
   <div class='ocr_carea' id='block_1_4' title="bbox 176 316 965 352">
    <p class='ocr_par' dir='ltr' id='par_1_4' title="bbox 176 316 965 352">
     <span class='ocr_line' id='line_1_4' title="bbox 176 316 965 352; baseline 0 -8"><span class='ocrx_word' id='word_1_19' title='bbox 176 316 252 351; x_wconf 88' lang='lat' dir='ltr'><strong>poris</strong></span> <span class='ocrx_word' id='word_1_20' title='bbox 267 325 377 352; x_wconf 87' lang='lat' dir='ltr'><strong>quoque</strong></span> <span class='ocrx_word' id='word_1_21' title='bbox 387 317 569 345; x_wconf 70' lang='lat' dir='ltr'><strong>aemulationis</strong></span> <span class='ocrx_word' id='word_1_22' title='bbox 577 317 674 345; x_wconf 88' lang='lat' dir='ltr'><strong>ardore</strong></span> <span class='ocrx_word' id='word_1_23' title='bbox 688 316 858 349; x_wconf 83' lang='lat' dir='ltr'><strong>inﬂammati,</strong></span> <span class='ocrx_word' id='word_1_24' title='bbox 871 325 965 352; x_wconf 88' lang='lat' dir='ltr'><strong>prom-</strong></span> 
     </span>
    </p>
   </div>
   <div class='ocr_carea' id='block_1_5' title="bbox 175 363 969 399">
    <p class='ocr_par' dir='ltr' id='par_1_5' title="bbox 175 363 969 399">
     <span class='ocr_line' id='line_1_5' title="bbox 175 363 969 399; baseline 0 -9"><span class='ocrx_word' id='word_1_25' title='bbox 175 367 224 398; x_wconf 91' lang='lat' dir='ltr'><strong>pto</strong></span> <span class='ocrx_word' id='word_1_26' title='bbox 230 367 258 391; x_wconf 89' lang='lat' dir='ltr'><strong>et</strong></span> <span class='ocrx_word' id='word_1_27' title='bbox 265 363 346 391; x_wconf 84' lang='lat' dir='ltr'><strong>alacri</strong></span> <span class='ocrx_word' id='word_1_28' title='bbox 355 363 447 391; x_wconf 90' lang='lat' dir='ltr'><strong>animo</strong></span> <span class='ocrx_word' id='word_1_29' title='bbox 455 371 504 398; x_wconf 89' lang='lat' dir='ltr'><strong>pro</strong></span> <span class='ocrx_word' id='word_1_30' title='bbox 511 363 613 399; x_wconf 80' lang='lat' dir='ltr'><strong>Cyrillo</strong></span> <span class='ocrx_word' id='word_1_31' title='bbox 621 363 751 392; x_wconf 79' lang='lat' dir='ltr'><strong>dimicare</strong></span> <span class='ocrx_word' id='word_1_32' title='bbox 759 363 969 392; x_wconf 86' lang='lat' dir='ltr'><strong>constituerunt.</strong></span> 
     </span>
    </p>
   </div>
   <div class='ocr_carea' id='block_1_6' title="bbox 177 407 972 444">
    <p class='ocr_par' dir='ltr' id='par_1_6' title="bbox 177 407 972 444">
     <span class='ocr_line' id='line_1_6' title="bbox 177 407 972 444; baseline 0 -9"><span class='ocrx_word' id='word_1_33' title='bbox 177 407 272 443; x_wconf 81' lang='lat' dir='ltr'><strong>itaque</strong></span> <span class='ocrx_word' id='word_1_34' title='bbox 287 408 338 435; x_wconf 90' lang='lat' dir='ltr'><strong>viri</strong></span> <span class='ocrx_word' id='word_1_35' title='bbox 362 408 396 435; x_wconf 90' lang='lat' dir='ltr'><strong>ad</strong></span> <span class='ocrx_word' id='word_1_36' title='bbox 418 409 582 444; x_wconf 83' lang='lat' dir='ltr'><strong>quingentos</strong></span> <span class='ocrx_word' id='word_1_37' title='bbox 605 416 722 436; x_wconf 89' lang='lat' dir='ltr'><strong>numero</strong></span> <span class='ocrx_word' id='word_1_38' title='bbox 742 416 774 436; x_wconf 88' lang='lat' dir='ltr'><strong>ex</strong></span> <span class='ocrx_word' id='word_1_39' title='bbox 798 409 972 436; x_wconf 75' lang='lat' dir='ltr'><strong>monasteriis</strong></span> 
     </span>
    </p>
   </div>
   <div class='ocr_carea' id='block_1_7' title="bbox 177 453 971 489">
    <p class='ocr_par' dir='ltr' id='par_1_7' title="bbox 177 453 971 489">
     <span class='ocr_line' id='line_1_7' title="bbox 177 453 971 489; baseline 0.001 -9"><span class='ocrx_word' id='word_1_40' title='bbox 177 453 290 488; x_wconf 86' lang='lat' dir='ltr'><strong>egressi,</strong></span> <span class='ocrx_word' id='word_1_41' title='bbox 308 454 403 481; x_wconf 87' lang='lat' dir='ltr'><strong>urbem</strong></span> <span class='ocrx_word' id='word_1_42' title='bbox 420 453 611 482; x_wconf 82' lang='lat' dir='ltr'><strong>Alexandriam</strong></span> <span class='ocrx_word' id='word_1_43' title='bbox 623 454 799 486; x_wconf 79' lang='lat' dir='ltr'><strong>contendere,</strong></span> <span class='ocrx_word' id='word_1_44' title='bbox 812 453 971 489; x_wconf 73' lang='lat' dir='ltr'><strong>prrefcctum</strong></span> 
     </span>
    </p>
   </div>
   <div class='ocr_carea' id='block_1_8' title="bbox 178 498 971 531">
    <p class='ocr_par' dir='ltr' id='par_1_8' title="bbox 178 498 971 531">
     <span class='ocr_line' id='line_1_8' title="bbox 178 498 971 531; baseline 0 -5"><span class='ocrx_word' id='word_1_45' title='bbox 178 498 264 526; x_wconf 86' lang='lat' dir='ltr'><strong>rheda</strong></span> <span class='ocrx_word' id='word_1_46' title='bbox 280 498 496 527; x_wconf 85' lang='lat' dir='ltr'><strong>circumvectum</strong></span> <span class='ocrx_word' id='word_1_47' title='bbox 513 499 670 531; x_wconf 86' lang='lat' dir='ltr'><strong>observare,</strong></span> <span class='ocrx_word' id='word_1_48' title='bbox 683 506 745 526; x_wconf 88' lang='lat' dir='ltr'><strong>eum</strong></span> <span class='ocrx_word' id='word_1_49' title='bbox 758 499 844 531; x_wconf 88' lang='lat' dir='ltr'><strong>adire,</strong></span> <span class='ocrx_word' id='word_1_50' title='bbox 865 498 971 526; x_wconf 79' lang='lat' dir='ltr'><strong>sacriﬁ—</strong></span> 
     </span>
    </p>
   </div>
   <div class='ocr_carea' id='block_1_9' title="bbox 176 545 972 581">
    <p class='ocr_par' dir='ltr' id='par_1_9' title="bbox 176 545 972 581">
     <span class='ocr_line' id='line_1_9' title="bbox 176 545 972 581; baseline 0.003 -9"><span class='ocrx_word' id='word_1_51' title='bbox 176 552 250 577; x_wconf 88' lang='lat' dir='ltr'><strong>cum,</strong></span> <span class='ocrx_word' id='word_1_52' title='bbox 264 545 404 581; x_wconf 81' lang='lat' dir='ltr'><strong>gentilem,</strong></span> <span class='ocrx_word' id='word_1_53' title='bbox 427 549 454 573; x_wconf 88' lang='lat' dir='ltr'><strong>et</strong></span> <span class='ocrx_word' id='word_1_54' title='bbox 473 545 535 575; x_wconf 88' lang='lat' dir='ltr'><strong>aliis</strong></span> <span class='ocrx_word' id='word_1_55' title='bbox 557 546 747 580; x_wconf 81' lang='lat' dir='ltr'><strong>compluribus</strong></span> <span class='ocrx_word' id='word_1_56' title='bbox 767 546 972 574; x_wconf 78' lang='lat' dir='ltr'><strong>contumeliosis</strong></span> 
     </span>
    </p>
   </div>
   <div class='ocr_carea' id='block_1_10' title="bbox 177 591 653 627">
    <p class='ocr_par' dir='ltr' id='par_1_10' title="bbox 177 591 653 627">
     <span class='ocr_line' id='line_1_10' title="bbox 177 591 653 627; baseline 0.004 -9"><span class='ocrx_word' id='word_1_57' title='bbox 177 591 336 619; x_wconf 87' lang='lat' dir='ltr'><strong>nominibus</strong></span> <span class='ocrx_word' id='word_1_58' title='bbox 347 591 485 627; x_wconf 88' lang='lat' dir='ltr'><strong>appellare</strong></span> <span class='ocrx_word' id='word_1_59' title='bbox 501 597 653 627; x_wconf 64' lang='lat' dir='ltr'><strong>coeperunt.</strong></span> 
     </span>
    </p>
   </div>
   <div class='ocr_carea' id='block_1_11' title="bbox 207 637 970 674">
    <p class='ocr_par' dir='ltr' id='par_1_11' title="bbox 207 637 970 674">
     <span class='ocr_line' id='line_1_11' title="bbox 207 637 970 674; baseline 0.001 -10"><span class='ocrx_word' id='word_1_60' title='bbox 207 637 252 665; x_wconf 71' lang='lat'><strong>25.</strong></span> <span class='ocrx_word' id='word_1_61' title='bbox 272 648 280 663; x_wconf 77' lang='grc' dir='ltr'><strong><em>ι</em></strong></span> <span class='ocrx_word' id='word_1_62' title='bbox 296 637 354 671; x_wconf 88' lang='lat' dir='ltr'><strong>Ille,</strong></span> <span class='ocrx_word' id='word_1_63' title='bbox 374 638 530 673; x_wconf 79' lang='lat' dir='ltr'><strong>suspicatus</strong></span> <span class='ocrx_word' id='word_1_64' title='bbox 546 638 599 665; x_wconf 88' lang='lat' dir='ltr'><strong>sibi</strong></span> <span class='ocrx_word' id='word_1_65' title='bbox 611 645 626 665; x_wconf 90' lang='lat' dir='ltr'><strong>a</strong></span> <span class='ocrx_word' id='word_1_66' title='bbox 641 638 742 674; x_wconf 78' lang='lat' dir='ltr'><strong>Cyrillo</strong></span> <span class='ocrx_word' id='word_1_67' title='bbox 757 638 871 665; x_wconf 87' lang='lat' dir='ltr'><strong>insidias</strong></span> <span class='ocrx_word' id='word_1_68' title='bbox 886 637 970 665; x_wconf 77' lang='lat' dir='ltr'><strong>Collo-</strong></span> 
     </span>
    </p>
   </div>
   <div class='ocr_carea' id='block_1_12' title="bbox 177 683 972 716">
    <p class='ocr_par' dir='ltr' id='par_1_12' title="bbox 177 683 972 716">
     <span class='ocr_line' id='line_1_12' title="bbox 177 683 972 716; baseline -0.001 -5"><span class='ocrx_word' id='word_1_69' title='bbox 177 688 252 711; x_wconf 87' lang='lat' dir='ltr'><strong>catas</strong></span> <span class='ocrx_word' id='word_1_70' title='bbox 271 691 342 716; x_wconf 86' lang='lat' dir='ltr'><strong>esse,</strong></span> <span class='ocrx_word' id='word_1_71' title='bbox 364 683 517 713; x_wconf 81' lang='lat' dir='ltr'><strong>exclamare</strong></span> <span class='ocrx_word' id='word_1_72' title='bbox 540 692 569 711; x_wconf 89' lang='lat' dir='ltr'><strong>se</strong></span> <span class='ocrx_word' id='word_1_73' title='bbox 589 683 776 712; x_wconf 81' lang='lat' dir='ltr'><strong>Christianum</strong></span> <span class='ocrx_word' id='word_1_74' title='bbox 798 691 870 715; x_wconf 86' lang='lat' dir='ltr'><strong>esse,</strong></span> <span class='ocrx_word' id='word_1_75' title='bbox 895 683 972 711; x_wconf 84' lang='lat' dir='ltr'><strong>etab</strong></span> 
     </span>
    </p>
   </div>
   <div class='ocr_carea' id='block_1_13' title="bbox 177 729 970 765">
    <p class='ocr_par' dir='ltr' id='par_1_13' title="bbox 177 729 970 765">
     <span class='ocr_line' id='line_1_13' title="bbox 177 729 970 765; baseline 0 -9"><span class='ocrx_word' id='word_1_76' title='bbox 177 729 267 756; x_wconf 82' lang='lat' dir='ltr'><strong>Attico</strong></span> <span class='ocrx_word' id='word_1_77' title='bbox 281 729 410 764; x_wconf 89' lang='lat' dir='ltr'><strong>episcopo</strong></span> <span class='ocrx_word' id='word_1_78' title='bbox 421 729 656 765; x_wconf 88' lang='lat' dir='ltr'><strong>Constantinopoli</strong></span> <span class='ocrx_word' id='word_1_79' title='bbox 668 729 846 765; x_wconf 82' lang='lat' dir='ltr'><strong>baptizatum.</strong></span> <span class='ocrx_word' id='word_1_80' title='bbox 859 729 970 762; x_wconf 78' lang='lat' dir='ltr'><strong>Verum,</strong></span> 
     </span>
    </p>
   </div>
   <div class='ocr_carea' id='block_1_14' title="bbox 178 775 970 811">
    <p class='ocr_par' dir='ltr' id='par_1_14' title="bbox 178 775 970 811">
     <span class='ocr_line' id='line_1_14' title="bbox 178 775 970 811; baseline 0.001 -9"><span class='ocrx_word' id='word_1_81' title='bbox 178 775 226 803; x_wconf 91' lang='lat' dir='ltr'><strong>ubi</strong></span> <span class='ocrx_word' id='word_1_82' title='bbox 250 775 377 803; x_wconf 87' lang='lat' dir='ltr'><strong>monachi</strong></span> <span class='ocrx_word' id='word_1_83' title='bbox 403 777 464 811; x_wconf 88' lang='lat' dir='ltr'><strong>ejus</strong></span> <span class='ocrx_word' id='word_1_84' title='bbox 484 776 568 804; x_wconf 82' lang='lat' dir='ltr'><strong>verba</strong></span> <span class='ocrx_word' id='word_1_85' title='bbox 593 776 758 804; x_wconf 83' lang='lat' dir='ltr'><strong>videbantur</strong></span> <span class='ocrx_word' id='word_1_86' title='bbox 784 780 970 808; x_wconf 75' lang='lat' dir='ltr'><strong>contemnere.</strong></span> 
     </span>
    </p>
   </div>
   <div class='ocr_carea' id='block_1_15' title="bbox 178 820 971 857">
    <p class='ocr_par' dir='ltr' id='par_1_15' title="bbox 178 820 971 857">
     <span class='ocr_line' id='line_1_15' title="bbox 178 820 971 857; baseline 0.003 -9"><span class='ocrx_word' id='word_1_87' title='bbox 178 828 249 848; x_wconf 91' lang='lat' dir='ltr'><strong>unus</strong></span> <span class='ocrx_word' id='word_1_88' title='bbox 264 820 333 849; x_wconf 86' lang='lat' dir='ltr'><strong>forte</strong></span> <span class='ocrx_word' id='word_1_89' title='bbox 346 829 379 849; x_wconf 83' lang='lat' dir='ltr'><strong>ex</strong></span> <span class='ocrx_word' id='word_1_90' title='bbox 397 821 460 853; x_wconf 87' lang='lat' dir='ltr'><strong>illis,</strong></span> <span class='ocrx_word' id='word_1_91' title='bbox 476 821 587 849; x_wconf 88' lang='lat' dir='ltr'><strong>nomine</strong></span> <span class='ocrx_word' id='word_1_92' title='bbox 597 821 767 854; x_wconf 83' lang='lat' dir='ltr'><strong>Ammonius,</strong></span> <span class='ocrx_word' id='word_1_93' title='bbox 782 827 867 857; x_wconf 87' lang='lat' dir='ltr'><strong>caput</strong></span> <span class='ocrx_word' id='word_1_94' title='bbox 875 821 971 857; x_wconf 67' lang='lat' dir='ltr'><strong>praefe-v</strong></span> 
     </span>
    </p>
   </div>
   <div class='ocr_carea' id='block_1_16' title="bbox 178 866 970 904">
    <p class='ocr_par' dir='ltr' id='par_1_16' title="bbox 178 866 970 904">
     <span class='ocr_line' id='line_1_16' title="bbox 178 866 970 904; baseline 0.003 -11"><span class='ocrx_word' id='word_1_95' title='bbox 178 866 214 893; x_wconf 85' lang='lat' dir='ltr'><strong>eti</strong></span> <span class='ocrx_word' id='word_1_96' title='bbox 228 866 318 902; x_wconf 90' lang='lat' dir='ltr'><strong>lapide</strong></span> <span class='ocrx_word' id='word_1_97' title='bbox 332 871 477 902; x_wconf 79' lang='lat' dir='ltr'><strong>percutere</strong></span> <span class='ocrx_word' id='word_1_98' title='bbox 490 876 496 895; x_wconf 71' lang='grc' dir='ltr'>ε</span> <span class='ocrx_word' id='word_1_99' title='bbox 510 867 657 904; x_wconf 64' lang='lat' dir='ltr'><strong>praefectus</strong></span> <span class='ocrx_word' id='word_1_100' title='bbox 670 868 717 896; x_wconf 92' lang='lat' dir='ltr'><strong>illo</strong></span> <span class='ocrx_word' id='word_1_101' title='bbox 729 868 842 896; x_wconf 87' lang='lat' dir='ltr'><strong>vulnere</strong></span> <span class='ocrx_word' id='word_1_102' title='bbox 856 868 970 901; x_wconf 89' lang='lat' dir='ltr'><strong>inﬂicto,</strong></span> 
     </span>
    </p>
   </div>
   <div class='ocr_carea' id='block_1_17' title="bbox 178 905 1009 950">
    <p class='ocr_par' dir='ltr' id='par_1_17' title="bbox 178 905 1009 950">
     <span class='ocr_line' id='line_1_17' title="bbox 178 905 1009 950; baseline 0.004 -11"><span class='ocrx_word' id='word_1_103' title='bbox 178 915 253 940; x_wconf 84' lang='lat' dir='ltr'><strong>totus</strong></span> <span class='ocrx_word' id='word_1_104' title='bbox 269 913 402 949; x_wconf 78' lang='lat' dir='ltr'><strong>sanguine</strong></span> <span class='ocrx_word' id='word_1_105' title='bbox 415 921 536 942; x_wconf 85' lang='lat' dir='ltr'><strong>manare.</strong></span> <span class='ocrx_word' id='word_1_106' title='bbox 555 914 727 950; x_wconf 84' lang='lat' dir='ltr'><strong>Quapropter</strong></span> <span class='ocrx_word' id='word_1_107' title='bbox 749 914 867 950; x_wconf 71' lang='lat' dir='ltr'><strong>praefecti</strong></span> <span class='ocrx_word' id='word_1_108' title='bbox 887 923 971 950; x_wconf 51' lang='lat' dir='ltr'><strong>appae</strong></span> <span class='ocrx_word' id='word_1_109' title='bbox 987 905 1009 934; x_wconf 68' lang='grc' dir='ltr'><strong>Β</strong></span> 
     </span>
    </p>
   </div>
   <div class='ocr_carea' id='block_1_18' title="bbox 179 958 972 996">
    <p class='ocr_par' dir='ltr' id='par_1_18' title="bbox 179 958 972 996">
     <span class='ocr_line' id='line_1_18' title="bbox 179 958 972 996; baseline 0.004 -11"><span class='ocrx_word' id='word_1_110' title='bbox 179 958 288 991; x_wconf 88' lang='lat' dir='ltr'><strong>ritores,</strong></span> <span class='ocrx_word' id='word_1_111' title='bbox 302 959 424 995; x_wconf 73' lang='lat' dir='ltr'><strong>exceptis</strong></span> <span class='ocrx_word' id='word_1_112' title='bbox 438 960 543 996; x_wconf 86' lang='lat' dir='ltr'><strong>paucis,</strong></span> <span class='ocrx_word' id='word_1_113' title='bbox 557 968 653 988; x_wconf 89' lang='lat' dir='ltr'><strong>omnes</strong></span> <span class='ocrx_word' id='word_1_114' title='bbox 669 968 697 988; x_wconf 87' lang='lat' dir='ltr'><strong>se</strong></span> <span class='ocrx_word' id='word_1_115' title='bbox 713 961 783 988; x_wconf 88' lang='lat' dir='ltr'><strong>clam</strong></span> <span class='ocrx_word' id='word_1_116' title='bbox 796 960 858 988; x_wconf 92' lang='lat' dir='ltr'><strong>inde</strong></span> <span class='ocrx_word' id='word_1_117' title='bbox 867 961 972 989; x_wconf 84' lang='lat' dir='ltr'><strong>subdu-</strong></span> 
     </span>
    </p>
   </div>
   <div class='ocr_carea' id='block_1_19' title="bbox 178 1005 972 1043">
    <p class='ocr_par' dir='ltr' id='par_1_19' title="bbox 178 1005 972 1043">
     <span class='ocr_line' id='line_1_19' title="bbox 178 1005 972 1043; baseline 0.004 -11"><span class='ocrx_word' id='word_1_118' title='bbox 178 1011 251 1037; x_wconf 88' lang='lat' dir='ltr'><strong>cere,</strong></span> <span class='ocrx_word' id='word_1_119' title='bbox 269 1005 340 1034; x_wconf 87' lang='lat' dir='ltr'><strong>alius</strong></span> <span class='ocrx_word' id='word_1_120' title='bbox 358 1006 412 1035; x_wconf 91' lang='lat' dir='ltr'><strong>alio</strong></span> <span class='ocrx_word' id='word_1_121' title='bbox 429 1014 458 1034; x_wconf 89' lang='lat' dir='ltr'><strong>se</strong></span> <span class='ocrx_word' id='word_1_122' title='bbox 474 1007 503 1035; x_wconf 93' lang='lat' dir='ltr'><strong>in</strong></span> <span class='ocrx_word' id='word_1_123' title='bbox 519 1007 723 1037; x_wconf 86' lang='lat' dir='ltr'><strong>multitudinem</strong></span> <span class='ocrx_word' id='word_1_124' title='bbox 739 1007 852 1040; x_wconf 85' lang='lat' dir='ltr'><strong>abdere,</strong></span> <span class='ocrx_word' id='word_1_125' title='bbox 870 1015 972 1043; x_wconf 69' lang='lat' dir='ltr'><strong>praeca-</strong></span> 
     </span>
    </p>
   </div>
   <div class='ocr_carea' id='block_1_20' title="bbox 178 1051 973 1088">
    <p class='ocr_par' dir='ltr' id='par_1_20' title="bbox 178 1051 973 1088">
     <span class='ocr_line' id='line_1_20' title="bbox 178 1051 973 1088; baseline 0.003 -10"><span class='ocrx_word' id='word_1_126' title='bbox 178 1055 274 1080; x_wconf 86' lang='lat' dir='ltr'><strong>ventes</strong></span> <span class='ocrx_word' id='word_1_127' title='bbox 292 1059 327 1080; x_wconf 91' lang='lat' dir='ltr'><strong>ne</strong></span> <span class='ocrx_word' id='word_1_128' title='bbox 345 1051 466 1088; x_wconf 83' lang='lat' dir='ltr'><strong>lapidum</strong></span> <span class='ocrx_word' id='word_1_129' title='bbox 480 1053 556 1088; x_wconf 88' lang='lat' dir='ltr'><strong>jactu</strong></span> <span class='ocrx_word' id='word_1_130' title='bbox 575 1053 780 1081; x_wconf 85' lang='lat' dir='ltr'><strong>interimantur.</strong></span> <span class='ocrx_word' id='word_1_131' title='bbox 796 1053 908 1081; x_wconf 82' lang='lat' dir='ltr'><strong>interim</strong></span> <span class='ocrx_word' id='word_1_132' title='bbox 923 1061 973 1088; x_wconf 90' lang='lat' dir='ltr'><strong>po-</strong></span> 
     </span>
    </p>
   </div>
   <div class='ocr_carea' id='block_1_21' title="bbox 178 1097 975 1135">
    <p class='ocr_par' dir='ltr' id='par_1_21' title="bbox 178 1097 975 1135">
     <span class='ocr_line' id='line_1_21' title="bbox 178 1097 975 1135; baseline 0.003 -11"><span class='ocrx_word' id='word_1_133' title='bbox 178 1097 260 1133; x_wconf 83' lang='lat' dir='ltr'><strong>pulus</strong></span> <span class='ocrx_word' id='word_1_134' title='bbox 270 1098 474 1127; x_wconf 80' lang='lat' dir='ltr'><strong>Alexandrinus</strong></span> <span class='ocrx_word' id='word_1_135' title='bbox 482 1098 613 1135; x_wconf 78' lang='lat' dir='ltr'><strong>frequens</strong></span> <span class='ocrx_word' id='word_1_136' title='bbox 620 1106 653 1127; x_wconf 91' lang='lat' dir='ltr'><strong>eo</strong></span> <span class='ocrx_word' id='word_1_137' title='bbox 665 1099 815 1131; x_wconf 88' lang='lat' dir='ltr'><strong>conﬂuere,</strong></span> <span class='ocrx_word' id='word_1_138' title='bbox 826 1099 975 1127; x_wconf 86' lang='lat' dir='ltr'><strong>monachos</strong></span> 
     </span>
    </p>
   </div>
   <div class='ocr_carea' id='block_1_22' title="bbox 178 1143 972 1181">
    <p class='ocr_par' dir='ltr' id='par_1_22' title="bbox 178 1143 972 1181">
     <span class='ocr_line' id='line_1_22' title="bbox 178 1143 972 1181; baseline 0.001 -10"><span class='ocrx_word' id='word_1_139' title='bbox 178 1143 299 1179; x_wconf 66' lang='lat' dir='ltr'><strong>praefecti</strong></span> <span class='ocrx_word' id='word_1_140' title='bbox 311 1151 394 1172; x_wconf 84' lang='lat' dir='ltr'><strong>causa</strong></span> <span class='ocrx_word' id='word_1_141' title='bbox 405 1143 498 1173; x_wconf 87' lang='lat' dir='ltr'><strong>animo</strong></span> <span class='ocrx_word' id='word_1_142' title='bbox 510 1149 638 1181; x_wconf 91' lang='lat' dir='ltr'><strong>prompto</strong></span> <span class='ocrx_word' id='word_1_143' title='bbox 656 1144 768 1178; x_wconf 87' lang='lat' dir='ltr'><strong>ulcisci;</strong></span> <span class='ocrx_word' id='word_1_144' title='bbox 785 1152 855 1180; x_wconf 90' lang='lat' dir='ltr'><strong>quos</strong></span> <span class='ocrx_word' id='word_1_145' title='bbox 867 1151 972 1176; x_wconf 84' lang='lat' dir='ltr'><strong>omnes,</strong></span> 
     </span>
    </p>
   </div>
   <div class='ocr_carea' id='block_1_23' title="bbox 179 1189 974 1227">
    <p class='ocr_par' dir='ltr' id='par_1_23' title="bbox 179 1189 974 1227">
     <span class='ocr_line' id='line_1_23' title="bbox 179 1189 974 1227; baseline 0.003 -11"><span class='ocrx_word' id='word_1_146' title='bbox 179 1195 280 1224; x_wconf 75' lang='lat' dir='ltr'><strong>prmter</strong></span> <span class='ocrx_word' id='word_1_147' title='bbox 302 1189 490 1224; x_wconf 80' lang='lat' dir='ltr'><strong>Ammonium,</strong></span> <span class='ocrx_word' id='word_1_148' title='bbox 513 1191 542 1219; x_wconf 88' lang='lat' dir='ltr'><strong>in</strong></span> <span class='ocrx_word' id='word_1_149' title='bbox 569 1191 661 1227; x_wconf 90' lang='lat' dir='ltr'><strong>fugam</strong></span> <span class='ocrx_word' id='word_1_150' title='bbox 684 1195 795 1219; x_wconf 84' lang='lat' dir='ltr'><strong>vertunt</strong></span> <span class='ocrx_word' id='word_1_151' title='bbox 814 1200 821 1218; x_wconf 88' lang='lat'>:</span> <span class='ocrx_word' id='word_1_152' title='bbox 843 1191 919 1218; x_wconf 90' lang='lat' dir='ltr'><strong>illum</strong></span> <span class='ocrx_word' id='word_1_153' title='bbox 940 1190 974 1219; x_wconf 89' lang='lat' dir='ltr'><strong>ad</strong></span> 
     </span>
    </p>
   </div>
   <div class='ocr_carea' id='block_1_24' title="bbox 180 1236 976 1273">
    <p class='ocr_par' dir='ltr' id='par_1_24' title="bbox 180 1236 976 1273">
     <span class='ocr_line' id='line_1_24' title="bbox 180 1236 976 1273; baseline 0.001 -10"><span class='ocrx_word' id='word_1_154' title='bbox 180 1236 339 1270; x_wconf 68' lang='lat' dir='ltr'><strong>prmfectum</strong></span> <span class='ocrx_word' id='word_1_155' title='bbox 361 1236 510 1265; x_wconf 86' lang='lat' dir='ltr'><strong>deducere.</strong></span> <span class='ocrx_word' id='word_1_156' title='bbox 536 1237 686 1265; x_wconf 73' lang='lat' dir='ltr'><strong>Praefectus</strong></span> <span class='ocrx_word' id='word_1_157' title='bbox 706 1237 812 1273; x_wconf 86' lang='lat' dir='ltr'><strong>palam,</strong></span> <span class='ocrx_word' id='word_1_158' title='bbox 838 1236 879 1266; x_wconf 93' lang='lat' dir='ltr'><strong>uti</strong></span> <span class='ocrx_word' id='word_1_159' title='bbox 902 1237 976 1272; x_wconf 83' lang='lat' dir='ltr'><strong>leges</strong></span> 
     </span>
    </p>
   </div>
   <div class='ocr_carea' id='block_1_25' title="bbox 180 1282 976 1318">
    <p class='ocr_par' dir='ltr' id='par_1_25' title="bbox 180 1282 976 1318">
     <span class='ocr_line' id='line_1_25' title="bbox 180 1282 976 1318; baseline 0 -9"><span class='ocrx_word' id='word_1_160' title='bbox 180 1282 329 1317; x_wconf 84' lang='lat' dir='ltr'><strong>postulant,</strong></span> <span class='ocrx_word' id='word_1_161' title='bbox 354 1282 388 1310; x_wconf 90' lang='lat' dir='ltr'><strong>de</strong></span> <span class='ocrx_word' id='word_1_162' title='bbox 413 1290 446 1310; x_wconf 88' lang='lat' dir='ltr'><strong>eo</strong></span> <span class='ocrx_word' id='word_1_163' title='bbox 464 1283 646 1318; x_wconf 82' lang='lat' dir='ltr'><strong>quaestionem</strong></span> <span class='ocrx_word' id='word_1_164' title='bbox 669 1290 811 1316; x_wconf 85' lang='lat' dir='ltr'><strong>exercere,</strong></span> <span class='ocrx_word' id='word_1_165' title='bbox 833 1283 976 1310; x_wconf 85' lang='lat' dir='ltr'><strong>tormentis</strong></span> 
     </span>
    </p>
   </div>
   <div class='ocr_carea' id='block_1_26' title="bbox 180 1328 943 1364">
    <p class='ocr_par' dir='ltr' id='par_1_26' title="bbox 180 1328 943 1364">
     <span class='ocr_line' id='line_1_26' title="bbox 180 1328 943 1364; baseline 0 -8"><span class='ocrx_word' id='word_1_166' title='bbox 180 1328 314 1363; x_wconf 82' lang='lat' dir='ltr'><strong>tantisper</strong></span> <span class='ocrx_word' id='word_1_167' title='bbox 325 1328 468 1361; x_wconf 80' lang='lat' dir='ltr'><strong>afﬂictare,</strong></span> <span class='ocrx_word' id='word_1_168' title='bbox 481 1329 547 1356; x_wconf 93' lang='lat' dir='ltr'><strong>dum</strong></span> <span class='ocrx_word' id='word_1_169' title='bbox 564 1334 718 1358; x_wconf 81' lang='lat' dir='ltr'><strong>extremum</strong></span> <span class='ocrx_word' id='word_1_170' title='bbox 734 1329 861 1364; x_wconf 82' lang='lat' dir='ltr'><strong>spiritum</strong></span> <span class='ocrx_word' id='word_1_171' title='bbox 876 1329 943 1356; x_wconf 89' lang='lat' dir='ltr'><strong>edit.</strong></span> 
     </span>
    </p>
   </div>
   <div class='ocr_carea' id='block_1_27' title="bbox 214 1375 977 1411">
    <p class='ocr_par' dir='ltr' id='par_1_27' title="bbox 214 1375 977 1411">
     <span class='ocr_line' id='line_1_27' title="bbox 214 1375 977 1411; baseline 0 -9"><span class='ocrx_word' id='word_1_172' title='bbox 214 1375 259 1402; x_wconf 76' lang='grc'><strong>26.</strong></span> <span class='ocrx_word' id='word_1_173' title='bbox 276 1385 285 1400; x_wconf 73' lang='grc' dir='ltr'><strong><em>ι</em></strong></span> <span class='ocrx_word' id='word_1_174' title='bbox 305 1375 370 1409; x_wconf 79' lang='lat' dir='ltr'><strong>Quae</strong></span> <span class='ocrx_word' id='word_1_175' title='bbox 381 1383 428 1402; x_wconf 91' lang='lat' dir='ltr'><strong>res</strong></span> <span class='ocrx_word' id='word_1_176' title='bbox 439 1383 494 1402; x_wconf 90' lang='lat' dir='ltr'><strong>non</strong></span> <span class='ocrx_word' id='word_1_177' title='bbox 503 1375 552 1403; x_wconf 89' lang='lat' dir='ltr'><strong>diu</strong></span> <span class='ocrx_word' id='word_1_178' title='bbox 563 1380 625 1410; x_wconf 89' lang='lat' dir='ltr'><strong>post</strong></span> <span class='ocrx_word' id='word_1_179' title='bbox 635 1375 670 1403; x_wconf 89' lang='lat' dir='ltr'><strong>ad</strong></span> <span class='ocrx_word' id='word_1_180' title='bbox 682 1375 881 1411; x_wconf 85' lang='lat' dir='ltr'><strong>imperatorum</strong></span> <span class='ocrx_word' id='word_1_181' title='bbox 897 1382 977 1404; x_wconf 87' lang='lat' dir='ltr'><strong>aures</strong></span> 
     </span>
    </p>
   </div>
   <div class='ocr_carea' id='block_1_28' title="bbox 180 1421 976 1458">
    <p class='ocr_par' dir='ltr' id='par_1_28' title="bbox 180 1421 976 1458">
     <span class='ocr_line' id='line_1_28' title="bbox 180 1421 976 1458; baseline 0.001 -10"><span class='ocrx_word' id='word_1_182' title='bbox 180 1421 284 1456; x_wconf 86' lang='lat' dir='ltr'><strong>perlata</strong></span> <span class='ocrx_word' id='word_1_183' title='bbox 298 1426 349 1453; x_wconf 75' lang='lat' dir='ltr'><strong>est,</strong></span> <span class='ocrx_word' id='word_1_184' title='bbox 367 1421 438 1455; x_wconf 89' lang='lat' dir='ltr'><strong>Quin</strong></span> <span class='ocrx_word' id='word_1_185' title='bbox 459 1422 543 1450; x_wconf 86' lang='lat' dir='ltr'><strong>etiam</strong></span> <span class='ocrx_word' id='word_1_186' title='bbox 562 1421 681 1458; x_wconf 81' lang='lat' dir='ltr'><strong>Cyrillus</strong></span> <span class='ocrx_word' id='word_1_187' title='bbox 696 1421 820 1450; x_wconf 83' lang='lat' dir='ltr'><strong>eamdem</strong></span> <span class='ocrx_word' id='word_1_188' title='bbox 838 1429 895 1450; x_wconf 87' lang='lat' dir='ltr'><strong>rem</strong></span> <span class='ocrx_word' id='word_1_189' title='bbox 912 1421 976 1455; x_wconf 89' lang='lat' dir='ltr'><strong>illis,</strong></span> 
     </span>
    </p>
   </div>
   <div class='ocr_carea' id='block_1_29' title="bbox 179 1467 977 1504">
    <p class='ocr_par' dir='ltr' id='par_1_29' title="bbox 179 1467 977 1504">
     <span class='ocr_line' id='line_1_29' title="bbox 179 1467 977 1504; baseline 0.001 -9"><span class='ocrx_word' id='word_1_190' title='bbox 179 1467 228 1495; x_wconf 87' lang='lat' dir='ltr'><strong>sed</strong></span> <span class='ocrx_word' id='word_1_191' title='bbox 242 1474 324 1495; x_wconf 86' lang='lat' dir='ltr'><strong>secus</strong></span> <span class='ocrx_word' id='word_1_192' title='bbox 340 1467 493 1502; x_wconf 80' lang='lat' dir='ltr'><strong>expositam</strong></span> <span class='ocrx_word' id='word_1_193' title='bbox 513 1468 627 1495; x_wconf 90' lang='lat' dir='ltr'><strong>omnino</strong></span> <span class='ocrx_word' id='word_1_194' title='bbox 646 1475 696 1504; x_wconf 86' lang='lat' dir='ltr'><strong>per</strong></span> <span class='ocrx_word' id='word_1_195' title='bbox 710 1467 816 1496; x_wconf 84' lang='lat' dir='ltr'><strong>litteras</strong></span> <span class='ocrx_word' id='word_1_196' title='bbox 841 1467 977 1504; x_wconf 76' lang='lat' dir='ltr'><strong>signiﬁca-</strong></span> 
     </span>
    </p>
   </div>
   <div class='ocr_carea' id='block_1_30' title="bbox 179 1513 978 1550">
    <p class='ocr_par' dir='ltr' id='par_1_30' title="bbox 179 1513 978 1550">
     <span class='ocr_line' id='line_1_30' title="bbox 179 1513 978 1550; baseline 0.001 -9"><span class='ocrx_word' id='word_1_197' title='bbox 179 1514 230 1543; x_wconf 79' lang='lat' dir='ltr'><strong>vit,</strong></span> <span class='ocrx_word' id='word_1_198' title='bbox 248 1513 355 1549; x_wconf 79' lang='lat' dir='ltr'><strong>Corpus</strong></span> <span class='ocrx_word' id='word_1_199' title='bbox 371 1521 480 1550; x_wconf 88' lang='lat' dir='ltr'><strong>quoque</strong></span> <span class='ocrx_word' id='word_1_200' title='bbox 500 1514 637 1543; x_wconf 91' lang='lat' dir='ltr'><strong>Ammonii</strong></span> <span class='ocrx_word' id='word_1_201' title='bbox 656 1515 741 1550; x_wconf 86' lang='lat' dir='ltr'><strong>capit,</strong></span> <span class='ocrx_word' id='word_1_202' title='bbox 759 1514 843 1550; x_wconf 88' lang='lat' dir='ltr'><strong>inque</strong></span> <span class='ocrx_word' id='word_1_203' title='bbox 861 1515 978 1542; x_wconf 83' lang='lat' dir='ltr'><strong>ecclesia</strong></span> 
     </span>
    </p>
   </div>
   <div class='ocr_carea' id='block_1_31' title="bbox 180 1559 977 1594">
    <p class='ocr_par' dir='ltr' id='par_1_31' title="bbox 180 1559 977 1594">
     <span class='ocr_line' id='line_1_31' title="bbox 180 1559 977 1594; baseline 0.001 -8"><span class='ocrx_word' id='word_1_204' title='bbox 180 1559 298 1594; x_wconf 84' lang='lat' dir='ltr'><strong>quadam</strong></span> <span class='ocrx_word' id='word_1_205' title='bbox 318 1559 458 1592; x_wconf 83' lang='lat' dir='ltr'><strong>recondit,</strong></span> <span class='ocrx_word' id='word_1_206' title='bbox 475 1564 504 1589; x_wconf 86' lang='lat' dir='ltr'><strong>at</strong></span> <span class='ocrx_word' id='word_1_207' title='bbox 524 1567 579 1588; x_wconf 93' lang='lat' dir='ltr'><strong>non</strong></span> <span class='ocrx_word' id='word_1_208' title='bbox 594 1559 732 1588; x_wconf 84' lang='lat' dir='ltr'><strong>Ammonii</strong></span> <span class='ocrx_word' id='word_1_209' title='bbox 754 1560 802 1588; x_wconf 89' lang='lat' dir='ltr'><strong>sed</strong></span> <span class='ocrx_word' id='word_1_210' title='bbox 819 1559 977 1588; x_wconf 87' lang='lat' dir='ltr'><strong>Thaumasii</strong></span> 
     </span>
    </p>
   </div>
   <div class='ocr_carea' id='block_1_32' title="bbox 180 1606 976 1643">
    <p class='ocr_par' dir='ltr' id='par_1_32' title="bbox 180 1606 976 1643">
     <span class='ocr_line' id='line_1_32' title="bbox 180 1606 976 1643; baseline 0 -9"><span class='ocrx_word' id='word_1_211' title='bbox 180 1606 291 1634; x_wconf 87' lang='lat' dir='ltr'><strong>nomine</strong></span> <span class='ocrx_word' id='word_1_212' title='bbox 310 1607 488 1642; x_wconf 86' lang='lat' dir='ltr'><strong>nuncupavit.</strong></span> <span class='ocrx_word' id='word_1_213' title='bbox 503 1607 613 1636; x_wconf 88' lang='lat' dir='ltr'><strong>Etcum</strong></span> <span class='ocrx_word' id='word_1_214' title='bbox 635 1607 664 1635; x_wconf 85' lang='lat' dir='ltr'><strong>in</strong></span> <span class='ocrx_word' id='word_1_215' title='bbox 676 1607 791 1635; x_wconf 88' lang='lat' dir='ltr'><strong>ecclesia</strong></span> <span class='ocrx_word' id='word_1_216' title='bbox 809 1606 976 1643; x_wconf 55' lang='lat' dir='ltr'><strong>magnitudis</strong></span> 
     </span>
    </p>
   </div>
   <div class='ocr_carea' id='block_1_33' title="bbox 181 1653 977 1689">
    <p class='ocr_par' dir='ltr' id='par_1_33' title="bbox 181 1653 977 1689">
     <span class='ocr_line' id='line_1_33' title="bbox 181 1653 977 1689; baseline 0 -9"><span class='ocrx_word' id='word_1_217' title='bbox 181 1660 244 1681; x_wconf 86' lang='lat' dir='ltr'><strong>nem</strong></span> <span class='ocrx_word' id='word_1_218' title='bbox 258 1653 342 1684; x_wconf 85' lang='lat' dir='ltr'><strong>animi</strong></span> <span class='ocrx_word' id='word_1_219' title='bbox 358 1653 443 1686; x_wconf 86' lang='lat' dir='ltr'><strong>illius,</strong></span> <span class='ocrx_word' id='word_1_220' title='bbox 454 1657 550 1689; x_wconf 87' lang='lat' dir='ltr'><strong>utpote</strong></span> <span class='ocrx_word' id='word_1_221' title='bbox 564 1660 646 1689; x_wconf 87' lang='lat' dir='ltr'><strong>grave</strong></span> <span class='ocrx_word' id='word_1_222' title='bbox 657 1657 797 1681; x_wconf 88' lang='lat' dir='ltr'><strong>certamen</strong></span> <span class='ocrx_word' id='word_1_223' title='bbox 813 1660 864 1688; x_wconf 89' lang='lat' dir='ltr'><strong>pro</strong></span> <span class='ocrx_word' id='word_1_224' title='bbox 875 1653 977 1688; x_wconf 83' lang='lat' dir='ltr'><strong>pietate</strong></span> 
     </span>
    </p>
   </div>
   <div class='ocr_carea' id='block_1_34' title="bbox 181 1698 978 1734">
    <p class='ocr_par' dir='ltr' id='par_1_34' title="bbox 181 1698 978 1734">
     <span class='ocr_line' id='line_1_34' title="bbox 181 1698 978 1734; baseline 0.003 -10"><span class='ocrx_word' id='word_1_225' title='bbox 181 1698 315 1734; x_wconf 83' lang='lat' dir='ltr'><strong>perpessi,</strong></span> <span class='ocrx_word' id='word_1_226' title='bbox 340 1698 420 1727; x_wconf 85' lang='lat' dir='ltr'><strong>laude</strong></span> <span class='ocrx_word' id='word_1_227' title='bbox 443 1703 471 1726; x_wconf 89' lang='lat' dir='ltr'><strong>et</strong></span> <span class='ocrx_word' id='word_1_228' title='bbox 491 1698 686 1734; x_wconf 77' lang='lat' dir='ltr'><strong>prmdicatione</strong></span> <span class='ocrx_word' id='word_1_229' title='bbox 713 1698 872 1730; x_wconf 76' lang='lat' dir='ltr'><strong>extulisset,</strong></span> <span class='ocrx_word' id='word_1_230' title='bbox 896 1698 978 1733; x_wconf 80' lang='lat' dir='ltr'><strong>jussit</strong></span> 
     </span>
    </p>
   </div>
   <div class='ocr_carea' id='block_1_35' title="bbox 182 1744 976 1782">
    <p class='ocr_par' dir='ltr' id='par_1_35' title="bbox 182 1744 976 1782">
     <span class='ocr_line' id='line_1_35' title="bbox 182 1744 976 1782; baseline -0.001 -9"><span class='ocrx_word' id='word_1_231' title='bbox 182 1750 329 1782; x_wconf 84' lang='lat' dir='ltr'><strong>martyrem</strong></span> <span class='ocrx_word' id='word_1_232' title='bbox 345 1746 488 1782; x_wconf 88' lang='lat' dir='ltr'><strong>appellari.</strong></span> <span class='ocrx_word' id='word_1_233' title='bbox 506 1745 608 1774; x_wconf 81' lang='lat' dir='ltr'><strong>Verum</strong></span> <span class='ocrx_word' id='word_1_234' title='bbox 624 1745 672 1780; x_wconf 90' lang='lat' dir='ltr'><strong>qui</strong></span> <span class='ocrx_word' id='word_1_235' title='bbox 687 1744 868 1775; x_wconf 83' lang='lat' dir='ltr'><strong>modestiores</strong></span> <span class='ocrx_word' id='word_1_236' title='bbox 887 1749 976 1776; x_wconf 80' lang='lat' dir='ltr'><strong>erant,</strong></span> 
     </span>
    </p>
   </div>
   <div class='ocr_carea' id='block_1_36' title="bbox 180 1791 976 1828">
    <p class='ocr_par' dir='ltr' id='par_1_36' title="bbox 180 1791 976 1828">
     <span class='ocr_line' id='line_1_36' title="bbox 180 1791 976 1828; baseline -0.003 -8"><span class='ocrx_word' id='word_1_237' title='bbox 180 1793 264 1820; x_wconf 79' lang='lat' dir='ltr'><strong>etiam</strong></span> <span class='ocrx_word' id='word_1_238' title='bbox 276 1800 310 1820; x_wconf 85' lang='lat' dir='ltr'><strong>ex</strong></span> <span class='ocrx_word' id='word_1_239' title='bbox 326 1792 394 1828; x_wconf 84' lang='lat' dir='ltr'><strong>ipsis</strong></span> <span class='ocrx_word' id='word_1_240' title='bbox 402 1792 578 1825; x_wconf 78' lang='lat' dir='ltr'><strong>Christianis,</strong></span> <span class='ocrx_word' id='word_1_241' title='bbox 592 1791 685 1827; x_wconf 82' lang='lat' dir='ltr'><strong>Cyrilli</strong></span> <span class='ocrx_word' id='word_1_242' title='bbox 699 1791 823 1821; x_wconf 89' lang='lat' dir='ltr'><strong>studium</strong></span> <span class='ocrx_word' id='word_1_243' title='bbox 835 1798 899 1827; x_wconf 83' lang='lat' dir='ltr'><strong>erga</strong></span> <span class='ocrx_word' id='word_1_244' title='bbox 910 1791 976 1819; x_wconf 90' lang='lat' dir='ltr'><strong>Am—</strong></span> 
     </span>
    </p>
   </div>
   <div class='ocr_carea' id='block_1_37' title="bbox 182 1831 976 1875">
    <p class='ocr_par' dir='ltr' id='par_1_37' title="bbox 182 1831 976 1875">
     <span class='ocr_line' id='line_1_37' title="bbox 182 1831 976 1875; baseline -0.003 -9"><span class='ocrx_word' id='word_1_245' title='bbox 182 1839 305 1866; x_wconf 90' lang='lat' dir='ltr'><strong>monium</strong></span> <span class='ocrx_word' id='word_1_246' title='bbox 318 1831 431 1867; x_wconf 75' lang='lat' dir='ltr'><strong>minime</strong></span> <span class='ocrx_word' id='word_1_247' title='bbox 442 1838 641 1875; x_wconf 81' lang='lat' dir='ltr'><strong>approbarunt.</strong></span> <span class='ocrx_word' id='word_1_248' title='bbox 657 1837 724 1867; x_wconf 87' lang='lat' dir='ltr'><strong>Nam</strong></span> <span class='ocrx_word' id='word_1_249' title='bbox 737 1837 908 1873; x_wconf 80' lang='lat' dir='ltr'><strong>exploratum</strong></span> <span class='ocrx_word' id='word_1_250' title='bbox 927 1837 976 1864; x_wconf 79' lang='lat' dir='ltr'><strong>ha—</strong></span> 
     </span>
    </p>
   </div>
   <div class='ocr_carea' id='block_1_38' title="bbox 183 1884 978 1919">
    <p class='ocr_par' dir='ltr' id='par_1_38' title="bbox 183 1884 978 1919">
     <span class='ocr_line' id='line_1_38' title="bbox 183 1884 978 1919; baseline -0.003 -5"><span class='ocrx_word' id='word_1_251' title='bbox 183 1886 284 1914; x_wconf 87' lang='lat' dir='ltr'><strong>bebant</strong></span> <span class='ocrx_word' id='word_1_252' title='bbox 299 1886 484 1919; x_wconf 85' lang='lat' dir='ltr'><strong>Ammonium,</strong></span> <span class='ocrx_word' id='word_1_253' title='bbox 506 1893 561 1914; x_wconf 92' lang='lat' dir='ltr'><strong>non</strong></span> <span class='ocrx_word' id='word_1_254' title='bbox 577 1886 606 1913; x_wconf 90' lang='lat' dir='ltr'><strong>in</strong></span> <span class='ocrx_word' id='word_1_255' title='bbox 620 1884 763 1913; x_wconf 84' lang='lat' dir='ltr'><strong>tomentis</strong></span> <span class='ocrx_word' id='word_1_256' title='bbox 780 1884 928 1917; x_wconf 86' lang='lat' dir='ltr'><strong>interiisse,</strong></span> <span class='ocrx_word' id='word_1_257' title='bbox 942 1892 978 1912; x_wconf 90' lang='lat' dir='ltr'><strong>ne</strong></span> 
     </span>
    </p>
   </div>
   <div class='ocr_carea' id='block_1_39' title="bbox 182 1930 979 1971">
    <p class='ocr_par' dir='ltr' id='par_1_39' title="bbox 182 1930 979 1971">
     <span class='ocr_line' id='line_1_39' title="bbox 182 1930 979 1971; baseline -0.004 -11"><span class='ocrx_word' id='word_1_258' title='bbox 182 1932 323 1971; x_wconf 85' lang='lat' dir='ltr'><strong>Christum</strong></span> <span class='ocrx_word' id='word_1_259' title='bbox 341 1932 476 1968; x_wconf 76' lang='lat' dir='ltr'><strong>denegare</strong></span> <span class='ocrx_word' id='word_1_260' title='bbox 498 1936 657 1967; x_wconf 85' lang='lat' dir='ltr'><strong>cogeretur;</strong></span> <span class='ocrx_word' id='word_1_261' title='bbox 676 1930 725 1958; x_wconf 87' lang='lat' dir='ltr'><strong>sed</strong></span> <span class='ocrx_word' id='word_1_262' title='bbox 740 1930 902 1958; x_wconf 87' lang='lat' dir='ltr'><strong>temeritatis</strong></span> <span class='ocrx_word' id='word_1_263' title='bbox 921 1938 979 1958; x_wconf 65' lang='lat' dir='ltr'><strong>sua:</strong></span> 
     </span>
    </p>
   </div>
   <div class='ocr_carea' id='block_1_40' title="bbox 183 1975 979 2013">
    <p class='ocr_par' dir='ltr' id='par_1_40' title="bbox 183 1975 979 2013">
     <span class='ocr_line' id='line_1_40' title="bbox 183 1975 979 2013; baseline -0.004 -8"><span class='ocrx_word' id='word_1_264' title='bbox 183 1985 280 2013; x_wconf 81' lang='lat' dir='ltr'><strong>poenas</strong></span> <span class='ocrx_word' id='word_1_265' title='bbox 300 1978 419 2009; x_wconf 85' lang='lat' dir='ltr'><strong>dedisse.</strong></span> <span class='ocrx_word' id='word_1_266' title='bbox 436 1977 570 2011; x_wconf 81' lang='lat' dir='ltr'><strong>Quocirca</strong></span> <span class='ocrx_word' id='word_1_267' title='bbox 589 1976 708 2012; x_wconf 85' lang='lat' dir='ltr'><strong>Cyrillus</strong></span> <span class='ocrx_word' id='word_1_268' title='bbox 725 1975 784 2011; x_wconf 80' lang='lat' dir='ltr'><strong>ipse</strong></span> <span class='ocrx_word' id='word_1_269' title='bbox 803 1975 870 2003; x_wconf 86' lang='lat' dir='ltr'><strong>illud</strong></span> <span class='ocrx_word' id='word_1_270' title='bbox 892 1975 979 2011; x_wconf 79' lang='lat' dir='ltr'><strong>ipsius</strong></span> 
     </span>
    </p>
   </div>
   <div class='ocr_carea' id='block_1_41' title="bbox 183 2021 979 2057">
    <p class='ocr_par' dir='ltr' id='par_1_41' title="bbox 183 2021 979 2057">
     <span class='ocr_line' id='line_1_41' title="bbox 183 2021 979 2057; baseline -0.006 -5"><span class='ocrx_word' id='word_1_271' title='bbox 183 2024 292 2052; x_wconf 80' lang='lat' dir='ltr'><strong>facinus</strong></span> <span class='ocrx_word' id='word_1_272' title='bbox 317 2023 427 2052; x_wconf 89' lang='lat' dir='ltr'><strong>silentio</strong></span> <span class='ocrx_word' id='word_1_273' title='bbox 452 2023 481 2051; x_wconf 87' lang='lat' dir='ltr'><strong>in</strong></span> <span class='ocrx_word' id='word_1_274' title='bbox 502 2022 669 2051; x_wconf 85' lang='lat' dir='ltr'><strong>oblivionem</strong></span> <span class='ocrx_word' id='word_1_275' title='bbox 692 2021 858 2057; x_wconf 87' lang='lat' dir='ltr'><strong>pedetentim</strong></span> <span class='ocrx_word' id='word_1_276' title='bbox 884 2021 979 2048; x_wconf 88' lang='lat' dir='ltr'><strong>venire</strong></span> 
     </span>
    </p>
   </div>
   <div class='ocr_carea' id='block_1_42' title="bbox 183 2067 977 2106">
    <p class='ocr_par' dir='ltr' id='par_1_42' title="bbox 183 2067 977 2106">
     <span class='ocr_line' id='line_1_42' title="bbox 183 2067 977 2106; baseline -0.008 -7"><span class='ocrx_word' id='word_1_277' title='bbox 183 2078 281 2106; x_wconf 86' lang='lat' dir='ltr'><strong>passus</strong></span> <span class='ocrx_word' id='word_1_278' title='bbox 292 2074 344 2099; x_wconf 89' lang='lat' dir='ltr'><strong>est.</strong></span> <span class='ocrx_word' id='word_1_279' title='bbox 355 2070 390 2098; x_wconf 90' lang='lat' dir='ltr'><strong>At</strong></span> <span class='ocrx_word' id='word_1_280' title='bbox 402 2078 438 2098; x_wconf 89' lang='lat' dir='ltr'><strong>ne</strong></span> <span class='ocrx_word' id='word_1_281' title='bbox 449 2069 540 2098; x_wconf 89' lang='lat' dir='ltr'><strong>adhuc</strong></span> <span class='ocrx_word' id='word_1_282' title='bbox 552 2069 665 2104; x_wconf 89' lang='lat' dir='ltr'><strong>quidem</strong></span> <span class='ocrx_word' id='word_1_283' title='bbox 675 2067 774 2095; x_wconf 88' lang='lat' dir='ltr'><strong>acerba</strong></span> <span class='ocrx_word' id='word_1_284' title='bbox 787 2067 832 2095; x_wconf 87' lang='lat' dir='ltr'><strong>illa</strong></span> <span class='ocrx_word' id='word_1_285' title='bbox 842 2067 914 2095; x_wconf 87' lang='lat' dir='ltr'><strong>inter</strong></span> <span class='ocrx_word' id='word_1_286' title='bbox 925 2067 977 2103; x_wconf 77' lang='lat' dir='ltr'><strong>Cy-</strong></span> 
     </span>
    </p>
   </div>
   <div class='ocr_carea' id='block_1_43' title="bbox 185 2113 977 2151">
    <p class='ocr_par' dir='ltr' id='par_1_43' title="bbox 185 2113 977 2151">
     <span class='ocr_line' id='line_1_43' title="bbox 185 2113 977 2151; baseline 0 -8"><span class='ocrx_word' id='word_1_287' title='bbox 185 2116 278 2144; x_wconf 88' lang='lat' dir='ltr'><strong>rillum</strong></span> <span class='ocrx_word' id='word_1_288' title='bbox 294 2121 322 2144; x_wconf 91' lang='lat' dir='ltr'><strong>et</strong></span> <span class='ocrx_word' id='word_1_289' title='bbox 340 2116 464 2145; x_wconf 85' lang='lat' dir='ltr'><strong>Orestem</strong></span> <span class='ocrx_word' id='word_1_290' title='bbox 488 2120 615 2151; x_wconf 83' lang='lat' dir='ltr'><strong>suscepta</strong></span> <span class='ocrx_word' id='word_1_291' title='bbox 639 2113 780 2143; x_wconf 80' lang='lat' dir='ltr'><strong>contentio</strong></span> <span class='ocrx_word' id='word_1_292' title='bbox 802 2114 895 2142; x_wconf 81' lang='lat' dir='ltr'><strong>sedata</strong></span> <span class='ocrx_word' id='word_1_293' title='bbox 915 2119 977 2142; x_wconf 79' lang='lat' dir='ltr'><strong>est:</strong></span> 
     </span>
    </p>
   </div>
   <div class='ocr_carea' id='block_1_44' title="bbox 183 2159 979 2198">
    <p class='ocr_par' dir='ltr' id='par_1_44' title="bbox 183 2159 979 2198">
     <span class='ocr_line' id='line_1_44' title="bbox 183 2159 979 2198; baseline -0.003 -9"><span class='ocrx_word' id='word_1_294' title='bbox 183 2163 286 2198; x_wconf 87' lang='lat' dir='ltr'><strong>quippe</strong></span> <span class='ocrx_word' id='word_1_295' title='bbox 304 2162 357 2191; x_wconf 89' lang='lat' dir='ltr'><strong>alia</strong></span> <span class='ocrx_word' id='word_1_296' title='bbox 378 2162 470 2190; x_wconf 85' lang='lat' dir='ltr'><strong>clades</strong></span> <span class='ocrx_word' id='word_1_297' title='bbox 485 2162 551 2190; x_wconf 87' lang='lat' dir='ltr'><strong>huic</strong></span> <span class='ocrx_word' id='word_1_298' title='bbox 569 2166 625 2189; x_wconf 80' lang='lat' dir='ltr'><strong>non</strong></span> <span class='ocrx_word' id='word_1_299' title='bbox 640 2159 792 2192; x_wconf 82' lang='lat' dir='ltr'><strong>dissimilis,</strong></span> <span class='ocrx_word' id='word_1_300' title='bbox 813 2167 894 2195; x_wconf 87' lang='lat' dir='ltr'><strong>quam</strong></span> <span class='ocrx_word' id='word_1_301' title='bbox 917 2168 979 2188; x_wconf 88' lang='lat' dir='ltr'><strong>sum</strong></span> 
     </span>
    </p>
   </div>
   <div class='ocr_carea' id='block_1_45' title="bbox 184 2206 660 2243">
    <p class='ocr_par' dir='ltr' id='par_1_45' title="bbox 184 2206 660 2243">
     <span class='ocr_line' id='line_1_45' title="bbox 184 2206 660 2243; baseline -0.002 -8"><span class='ocrx_word' id='word_1_302' title='bbox 184 2208 238 2243; x_wconf 69' lang='lat' dir='ltr'><strong>iam</strong></span> <span class='ocrx_word' id='word_1_303' title='bbox 251 2212 422 2240; x_wconf 85' lang='lat' dir='ltr'><strong>narraturus,</strong></span> <span class='ocrx_word' id='word_1_304' title='bbox 434 2215 494 2239; x_wconf 83' lang='lat' dir='ltr'><strong>eam</strong></span> <span class='ocrx_word' id='word_1_305' title='bbox 509 2206 660 2235; x_wconf 86' lang='lat' dir='ltr'><strong>renovavit.</strong></span> 
     </span>
    </p>
   </div>
   <div class='ocr_carea' id='block_1_46' title="bbox 218 2256 1014 2300">
    <p class='ocr_par' dir='ltr' id='par_1_46' title="bbox 218 2256 1014 2300">
     <span class='ocr_line' id='line_1_46' title="bbox 218 2256 1014 2300; baseline -0.006 -8"><span class='ocrx_word' id='word_1_306' title='bbox 218 2265 263 2292; x_wconf 77' lang='lat'><strong>27.</strong></span> <span class='ocrx_word' id='word_1_307' title='bbox 287 2275 296 2291; x_wconf 78' lang='grc' dir='ltr'>ι</span> <span class='ocrx_word' id='word_1_308' title='bbox 313 2265 411 2293; x_wconf 88' lang='lat' dir='ltr'><strong>Mulier</strong></span> <span class='ocrx_word' id='word_1_309' title='bbox 430 2263 554 2300; x_wconf 70' lang='lat' dir='ltr'><strong>quaedam</strong></span> <span class='ocrx_word' id='word_1_310' title='bbox 577 2268 638 2291; x_wconf 87' lang='lat' dir='ltr'><strong>erat</strong></span> <span class='ocrx_word' id='word_1_311' title='bbox 660 2263 839 2294; x_wconf 57' lang='lat' dir='ltr'><strong>Alexandriae,</strong></span> <span class='ocrx_word' id='word_1_312' title='bbox 863 2260 976 2297; x_wconf 76' lang='lat' dir='ltr'><strong>Hypatio</strong></span> <span class='ocrx_word' id='word_1_313' title='bbox 993 2256 1014 2284; x_wconf 84' lang='grc' dir='ltr'><strong>ι)</strong></span> 
     </span>
    </p>
   </div>
   <div class='ocr_carea' id='block_1_47' title="bbox 185 2307 978 2345">
    <p class='ocr_par' dir='ltr' id='par_1_47' title="bbox 185 2307 978 2345">
     <span class='ocr_line' id='line_1_47' title="bbox 185 2307 978 2345; baseline -0.005 -6"><span class='ocrx_word' id='word_1_314' title='bbox 185 2316 292 2344; x_wconf 83' lang='lat' dir='ltr'><strong>vocata,</strong></span> <span class='ocrx_word' id='word_1_315' title='bbox 306 2311 361 2339; x_wconf 85' lang='lat' dir='ltr'><strong>ﬁlia</strong></span> <span class='ocrx_word' id='word_1_316' title='bbox 373 2310 494 2339; x_wconf 87' lang='lat' dir='ltr'><strong>Theonis</strong></span> <span class='ocrx_word' id='word_1_317' title='bbox 512 2309 678 2345; x_wconf 89' lang='lat' dir='ltr'><strong>philosophi.</strong></span> <span class='ocrx_word' id='word_1_318' title='bbox 696 2309 759 2337; x_wconf 83' lang='lat' dir='ltr'><strong>Haec</strong></span> <span class='ocrx_word' id='word_1_319' title='bbox 775 2314 865 2337; x_wconf 89' lang='lat' dir='ltr'><strong>tantos</strong></span> <span class='ocrx_word' id='word_1_320' title='bbox 885 2307 913 2335; x_wconf 91' lang='lat' dir='ltr'><strong>in</strong></span> <span class='ocrx_word' id='word_1_321' title='bbox 932 2307 978 2334; x_wconf 86' lang='lat' dir='ltr'><strong>lit-</strong></span> 
     </span>
    </p>
   </div>
   <div class='ocr_carea' id='block_1_48' title="bbox 186 2354 979 2393">
    <p class='ocr_par' dir='ltr' id='par_1_48' title="bbox 186 2354 979 2393">
     <span class='ocr_line' id='line_1_48' title="bbox 186 2354 979 2393; baseline -0.005 -8"><span class='ocrx_word' id='word_1_322' title='bbox 186 2357 253 2385; x_wconf 82' lang='lat' dir='ltr'><strong>teris</strong></span> <span class='ocrx_word' id='word_1_323' title='bbox 262 2357 326 2385; x_wconf 87' lang='lat' dir='ltr'><strong>fecit</strong></span> <span class='ocrx_word' id='word_1_324' title='bbox 334 2364 505 2393; x_wconf 81' lang='lat' dir='ltr'><strong>progressus,</strong></span> <span class='ocrx_word' id='word_1_325' title='bbox 518 2360 549 2383; x_wconf 90' lang='lat' dir='ltr'><strong>ut</strong></span> <span class='ocrx_word' id='word_1_326' title='bbox 559 2363 655 2383; x_wconf 89' lang='lat' dir='ltr'><strong>omnes</strong></span> <span class='ocrx_word' id='word_1_327' title='bbox 665 2355 842 2391; x_wconf 84' lang='lat' dir='ltr'><strong>philosophos</strong></span> <span class='ocrx_word' id='word_1_328' title='bbox 853 2354 895 2382; x_wconf 92' lang='lat' dir='ltr'><strong>sui</strong></span> <span class='ocrx_word' id='word_1_329' title='bbox 909 2357 979 2381; x_wconf 84' lang='lat' dir='ltr'><strong>tem-</strong></span> 
     </span>
    </p>
   </div>
   <div class='ocr_carea' id='block_1_49' title="bbox 186 2400 980 2440">
    <p class='ocr_par' dir='ltr' id='par_1_49' title="bbox 186 2400 980 2440">
     <span class='ocr_line' id='line_1_49' title="bbox 186 2400 980 2440; baseline -0.006 -9"><span class='ocrx_word' id='word_1_330' title='bbox 186 2404 261 2440; x_wconf 89' lang='lat' dir='ltr'><strong>poris</strong></span> <span class='ocrx_word' id='word_1_331' title='bbox 277 2404 355 2439; x_wconf 79' lang='lat' dir='ltr'><strong>longe</strong></span> <span class='ocrx_word' id='word_1_332' title='bbox 369 2408 528 2439; x_wconf 85' lang='lat' dir='ltr'><strong>superaret:</strong></span> <span class='ocrx_word' id='word_1_333' title='bbox 542 2410 574 2430; x_wconf 91' lang='lat' dir='ltr'><strong>ac</strong></span> <span class='ocrx_word' id='word_1_334' title='bbox 586 2410 641 2430; x_wconf 90' lang='lat' dir='ltr'><strong>non</strong></span> <span class='ocrx_word' id='word_1_335' title='bbox 655 2402 736 2430; x_wconf 91' lang='lat' dir='ltr'><strong>modo</strong></span> <span class='ocrx_word' id='word_1_336' title='bbox 748 2401 775 2429; x_wconf 92' lang='lat' dir='ltr'><strong>in</strong></span> <span class='ocrx_word' id='word_1_337' title='bbox 787 2401 907 2429; x_wconf 89' lang='lat' dir='ltr'><strong>scholam</strong></span> <span class='ocrx_word' id='word_1_338' title='bbox 921 2400 980 2427; x_wconf 84' lang='lat' dir='ltr'><strong>Pla—</strong></span> 
     </span>
    </p>
   </div>
   <div class='ocr_carea' id='block_1_50' title="bbox 188 2448 978 2483">
    <p class='ocr_par' dir='ltr' id='par_1_50' title="bbox 188 2448 978 2483">
     <span class='ocr_line' id='line_1_50' title="bbox 188 2448 978 2483; baseline -0.005 -6"><span class='ocrx_word' id='word_1_339' title='bbox 188 2449 317 2483; x_wconf 85' lang='lat' dir='ltr'><strong>tonicam,</strong></span> <span class='ocrx_word' id='word_1_340' title='bbox 341 2458 355 2476; x_wconf 90' lang='lat' dir='ltr'><strong>a</strong></span> <span class='ocrx_word' id='word_1_341' title='bbox 380 2449 487 2477; x_wconf 87' lang='lat' dir='ltr'><strong>Plotino</strong></span> <span class='ocrx_word' id='word_1_342' title='bbox 510 2448 665 2481; x_wconf 86' lang='lat' dir='ltr'><strong>deductam,</strong></span> <span class='ocrx_word' id='word_1_343' title='bbox 693 2448 861 2479; x_wconf 88' lang='lat' dir='ltr'><strong>succederet,</strong></span> <span class='ocrx_word' id='word_1_344' title='bbox 884 2454 978 2474; x_wconf 90' lang='lat' dir='ltr'><strong>verum</strong></span> 
     </span>
    </p>
   </div>
   <div class='ocr_carea' id='block_1_51' title="bbox 187 2493 981 2530">
    <p class='ocr_par' dir='ltr' id='par_1_51' title="bbox 187 2493 981 2530">
     <span class='ocr_line' id='line_1_51' title="bbox 187 2493 981 2530; baseline -0.003 -8"><span class='ocrx_word' id='word_1_345' title='bbox 187 2496 270 2523; x_wconf 79' lang='lat' dir='ltr'><strong>etiam</strong></span> <span class='ocrx_word' id='word_1_346' title='bbox 287 2503 383 2523; x_wconf 84' lang='lat' dir='ltr'><strong>omnes</strong></span> <span class='ocrx_word' id='word_1_347' title='bbox 399 2495 623 2530; x_wconf 88' lang='lat' dir='ltr'><strong>philosophorum</strong></span> <span class='ocrx_word' id='word_1_348' title='bbox 642 2495 765 2523; x_wconf 86' lang='lat' dir='ltr'><strong>omnium</strong></span> <span class='ocrx_word' id='word_1_349' title='bbox 784 2493 981 2530; x_wconf 62' lang='lat' dir='ltr'><strong>praeceptiones</strong></span> 
     </span>
    </p>
   </div>
   <div class='ocr_carea' id='block_1_52' title="bbox 187 2539 979 2577">
    <p class='ocr_par' dir='ltr' id='par_1_52' title="bbox 187 2539 979 2577">
     <span class='ocr_line' id='line_1_52' title="bbox 187 2539 979 2577; baseline -0.004 -8"><span class='ocrx_word' id='word_1_350' title='bbox 187 2547 216 2569; x_wconf 84' lang='lat' dir='ltr'><strong>et</strong></span> <span class='ocrx_word' id='word_1_351' title='bbox 231 2541 390 2576; x_wconf 78' lang='lat' dir='ltr'><strong>disciplinas</strong></span> <span class='ocrx_word' id='word_1_352' title='bbox 411 2541 540 2570; x_wconf 91' lang='lat' dir='ltr'><strong>omnibus</strong></span> <span class='ocrx_word' id='word_1_353' title='bbox 572 2541 620 2577; x_wconf 86' lang='lat' dir='ltr'><strong>qui</strong></span> <span class='ocrx_word' id='word_1_354' title='bbox 642 2549 703 2569; x_wconf 87' lang='lat' dir='ltr'><strong>eam</strong></span> <span class='ocrx_word' id='word_1_355' title='bbox 726 2541 822 2568; x_wconf 88' lang='lat' dir='ltr'><strong>audire</strong></span> <span class='ocrx_word' id='word_1_356' title='bbox 841 2539 979 2571; x_wconf 80' lang='lat' dir='ltr'><strong>volebant,</strong></span> 
     </span>
    </p>
   </div>
   <div class='ocr_carea' id='block_1_53' title="bbox 188 2585 981 2624">
    <p class='ocr_par' dir='ltr' id='par_1_53' title="bbox 188 2585 981 2624">
     <span class='ocr_line' id='line_1_53' title="bbox 188 2585 981 2624; baseline 0 -10"><span class='ocrx_word' id='word_1_357' title='bbox 188 2588 346 2624; x_wconf 68' lang='lat' dir='ltr'><strong>explicaret.</strong></span> <span class='ocrx_word' id='word_1_358' title='bbox 362 2587 532 2623; x_wconf 85' lang='lat' dir='ltr'><strong>Quapropter</strong></span> <span class='ocrx_word' id='word_1_359' title='bbox 545 2592 680 2624; x_wconf 89' lang='lat' dir='ltr'><strong>quotquot</strong></span> <span class='ocrx_word' id='word_1_360' title='bbox 694 2586 873 2623; x_wconf 82' lang='lat' dir='ltr'><strong>philosophiae</strong></span> <span class='ocrx_word' id='word_1_361' title='bbox 889 2585 981 2614; x_wconf 91' lang='lat' dir='ltr'><strong>studio</strong></span> 
     </span>
    </p>
   </div>
   <div class='ocr_carea' id='block_1_54' title="bbox 189 2633 981 2670">
    <p class='ocr_par' dir='ltr' id='par_1_54' title="bbox 189 2633 981 2670">
     <span class='ocr_line' id='line_1_54' title="bbox 189 2633 981 2670; baseline -0.004 -7"><span class='ocrx_word' id='word_1_362' title='bbox 189 2634 417 2667; x_wconf 85' lang='lat' dir='ltr'><strong>incendebantur,</strong></span> <span class='ocrx_word' id='word_1_363' title='bbox 428 2634 549 2670; x_wconf 89' lang='lat' dir='ltr'><strong>undique</strong></span> <span class='ocrx_word' id='word_1_364' title='bbox 561 2634 594 2662; x_wconf 89' lang='lat' dir='ltr'><strong>ad</strong></span> <span class='ocrx_word' id='word_1_365' title='bbox 610 2634 684 2662; x_wconf 89' lang='lat' dir='ltr'><strong>illam</strong></span> <span class='ocrx_word' id='word_1_366' title='bbox 699 2634 884 2662; x_wconf 88' lang='lat' dir='ltr'><strong>conﬂuebant.</strong></span> <span class='ocrx_word' id='word_1_367' title='bbox 896 2633 981 2666; x_wconf 85' lang='lat' dir='ltr'><strong>Quin-</strong></span> 
     </span>
    </p>
   </div>
   <div class='ocr_carea' id='block_1_55' title="bbox 161 2676 980 2716">
    <p class='ocr_par' dir='ltr' id='par_1_55' title="bbox 161 2676 980 2716">
     <span class='ocr_line' id='line_1_55' title="bbox 161 2676 980 2716; baseline -0.002 -8"><span class='ocrx_word' id='word_1_368' title='bbox 161 2676 163 2681; x_wconf 68' lang='grc'>’</span> <span class='ocrx_word' id='word_1_369' title='bbox 189 2681 272 2708; x_wconf 80' lang='lat' dir='ltr'><strong>etiam</strong></span> <span class='ocrx_word' id='word_1_370' title='bbox 284 2685 396 2716; x_wconf 89' lang='lat' dir='ltr'><strong>propter</strong></span> <span class='ocrx_word' id='word_1_371' title='bbox 410 2688 519 2716; x_wconf 86' lang='lat' dir='ltr'><strong>gravem</strong></span> <span class='ocrx_word' id='word_1_372' title='bbox 532 2680 615 2708; x_wconf 88' lang='lat' dir='ltr'><strong>animi</strong></span> <span class='ocrx_word' id='word_1_373' title='bbox 627 2680 777 2711; x_wconf 87' lang='lat' dir='ltr'><strong>ﬁdentiam,</strong></span> <span class='ocrx_word' id='word_1_374' title='bbox 787 2687 868 2715; x_wconf 87' lang='lat' dir='ltr'><strong>quam</strong></span> <span class='ocrx_word' id='word_1_375' title='bbox 881 2687 914 2707; x_wconf 85' lang='lat' dir='ltr'><strong>ex</strong></span> <span class='ocrx_word' id='word_1_376' title='bbox 929 2679 980 2706; x_wconf 90' lang='lat' dir='ltr'><strong>do-</strong></span> 
     </span>
    </p>
   </div>
   <div class='ocr_carea' id='block_1_56' title="bbox 189 2725 980 2760">
    <p class='ocr_par' dir='ltr' id='par_1_56' title="bbox 189 2725 980 2760">
     <span class='ocr_line' id='line_1_56' title="bbox 189 2725 980 2760; baseline -0.001 -8"><span class='ocrx_word' id='word_1_377' title='bbox 189 2725 285 2753; x_wconf 61' lang='lat' dir='ltr'><strong>ctrinae</strong></span> <span class='ocrx_word' id='word_1_378' title='bbox 311 2725 432 2753; x_wconf 86' lang='lat' dir='ltr'><strong>fontibus</strong></span> <span class='ocrx_word' id='word_1_379' title='bbox 458 2725 605 2757; x_wconf 87' lang='lat' dir='ltr'><strong>hauserat,</strong></span> <span class='ocrx_word' id='word_1_380' title='bbox 635 2726 718 2753; x_wconf 84' lang='lat' dir='ltr'><strong>etiam</strong></span> <span class='ocrx_word' id='word_1_381' title='bbox 747 2725 773 2752; x_wconf 92' lang='lat' dir='ltr'><strong>in</strong></span> <span class='ocrx_word' id='word_1_382' title='bbox 803 2730 980 2760; x_wconf 86' lang='lat' dir='ltr'><strong>conspectum</strong></span> 
     </span>
    </p>
   </div>
   <div class='ocr_carea' id='block_1_57' title="bbox 189 2771 981 2807">
    <p class='ocr_par' dir='ltr' id='par_1_57' title="bbox 189 2771 981 2807">
     <span class='ocr_line' id='line_1_57' title="bbox 189 2771 981 2807; baseline 0 -9"><span class='ocrx_word' id='word_1_383' title='bbox 189 2771 344 2807; x_wconf 90' lang='lat' dir='ltr'><strong>principum</strong></span> <span class='ocrx_word' id='word_1_384' title='bbox 362 2779 468 2799; x_wconf 88' lang='lat' dir='ltr'><strong>summa</strong></span> <span class='ocrx_word' id='word_1_385' title='bbox 489 2779 552 2799; x_wconf 90' lang='lat' dir='ltr'><strong>cum</strong></span> <span class='ocrx_word' id='word_1_386' title='bbox 569 2771 702 2799; x_wconf 88' lang='lat' dir='ltr'><strong>modestia</strong></span> <span class='ocrx_word' id='word_1_387' title='bbox 717 2772 810 2799; x_wconf 88' lang='lat' dir='ltr'><strong>venire</strong></span> <span class='ocrx_word' id='word_1_388' title='bbox 829 2779 883 2798; x_wconf 88' lang='lat' dir='ltr'><strong>non</strong></span> <span class='ocrx_word' id='word_1_389' title='bbox 899 2771 981 2798; x_wconf 77' lang='lat' dir='ltr'><strong>dubi~</strong></span> 
     </span>
    </p>
   </div>
   <div class='ocr_carea' id='block_1_58' title="bbox 191 2817 982 2854">
    <p class='ocr_par' dir='ltr' id='par_1_58' title="bbox 191 2817 982 2854">
     <span class='ocr_line' id='line_1_58' title="bbox 191 2817 982 2854; baseline -0.001 -9"><span class='ocrx_word' id='word_1_390' title='bbox 191 2818 267 2845; x_wconf 80' lang='lat' dir='ltr'><strong>tavit.</strong></span> <span class='ocrx_word' id='word_1_391' title='bbox 282 2819 374 2854; x_wconf 80' lang='lat' dir='ltr'><strong>Neque</strong></span> <span class='ocrx_word' id='word_1_392' title='bbox 386 2819 457 2846; x_wconf 81' lang='lat' dir='ltr'><strong>illam</strong></span> <span class='ocrx_word' id='word_1_393' title='bbox 474 2818 594 2854; x_wconf 88' lang='lat' dir='ltr'><strong>pudebat</strong></span> <span class='ocrx_word' id='word_1_394' title='bbox 605 2817 631 2845; x_wconf 93' lang='lat' dir='ltr'><strong>in</strong></span> <span class='ocrx_word' id='word_1_395' title='bbox 643 2817 759 2845; x_wconf 78' lang='lat' dir='ltr'><strong>mediam</strong></span> <span class='ocrx_word' id='word_1_396' title='bbox 774 2817 915 2844; x_wconf 89' lang='lat' dir='ltr'><strong>hominum</strong></span> <span class='ocrx_word' id='word_1_397' title='bbox 928 2818 982 2844; x_wconf 87' lang='lat' dir='ltr'><strong>fre-</strong></span> 
     </span>
    </p>
   </div>
   <div class='ocr_carea' id='block_1_59' title="bbox 190 2863 981 2899">
    <p class='ocr_par' dir='ltr' id='par_1_59' title="bbox 190 2863 981 2899">
     <span class='ocr_line' id='line_1_59' title="bbox 190 2863 981 2899; baseline 0 -8"><span class='ocrx_word' id='word_1_398' title='bbox 190 2865 329 2899; x_wconf 87' lang='lat' dir='ltr'><strong>quentiam</strong></span> <span class='ocrx_word' id='word_1_399' title='bbox 347 2865 466 2899; x_wconf 75' lang='lat' dir='ltr'><strong>prodire.</strong></span> <span class='ocrx_word' id='word_1_400' title='bbox 484 2864 585 2892; x_wconf 83' lang='lat' dir='ltr'><strong>Omnes</strong></span> <span class='ocrx_word' id='word_1_401' title='bbox 597 2863 669 2890; x_wconf 85' lang='lat' dir='ltr'><strong>enim</strong></span> <span class='ocrx_word' id='word_1_402' title='bbox 684 2871 754 2894; x_wconf 84' lang='lat' dir='ltr'><strong>eam,</strong></span> <span class='ocrx_word' id='word_1_403' title='bbox 770 2863 805 2890; x_wconf 88' lang='lat' dir='ltr'><strong>ob</strong></span> <span class='ocrx_word' id='word_1_404' title='bbox 818 2863 981 2897; x_wconf 76' lang='lat' dir='ltr'><strong>singularem</strong></span> 
     </span>
    </p>
   </div>
   <div class='ocr_carea' id='block_1_60' title="bbox 191 2909 981 2944">
    <p class='ocr_par' dir='ltr' id='par_1_60' title="bbox 191 2909 981 2944">
     <span class='ocr_line' id='line_1_60' title="bbox 191 2909 981 2944; baseline -0.009 -2"><span class='ocrx_word' id='word_1_405' title='bbox 191 2910 276 2942; x_wconf 71' lang='lat' dir='ltr'><strong>animi</strong></span> <span class='ocrx_word' id='word_1_406' title='bbox 299 2911 523 2943; x_wconf 81' lang='lat' dir='ltr'><strong>moderationem,</strong></span> <span class='ocrx_word' id='word_1_407' title='bbox 550 2917 612 2937; x_wconf 89' lang='lat' dir='ltr'><strong>cum</strong></span> <span class='ocrx_word' id='word_1_408' title='bbox 635 2910 786 2937; x_wconf 77' lang='lat' dir='ltr'><strong>reverentia</strong></span> <span class='ocrx_word' id='word_1_409' title='bbox 811 2909 927 2944; x_wconf 77' lang='lat' dir='ltr'><strong>quadam</strong></span> <span class='ocrx_word' id='word_1_410' title='bbox 955 2914 981 2936; x_wconf 75' lang='lat' dir='ltr'><strong>et</strong></span> 
     </span>
    </p>
   </div>
   <div class='ocr_carea' id='block_1_61' title="bbox 854 170 1150 199">
    <p class='ocr_par' dir='ltr' id='par_1_61' title="bbox 854 170 1150 199">
     <span class='ocr_line' id='line_1_61' title="bbox 854 170 1150 199; baseline 0 -2"><span class='ocrx_word' id='word_1_411' title='bbox 854 170 881 198; x_wconf 88' lang='lat' dir='ltr'><strong>S.</strong></span> <span class='ocrx_word' id='word_1_412' title='bbox 902 170 1040 199; x_wconf 78' lang='lat' dir='ltr'><strong>CYRILLI</strong></span> <span class='ocrx_word' id='word_1_413' title='bbox 1058 170 1150 198; x_wconf 79' lang='lat' dir='ltr'><strong>VlTA.</strong></span> 
     </span>
    </p>
   </div>
   <div class='ocr_carea' id='block_1_62' title="bbox 1780 170 1821 197">
    <p class='ocr_par' dir='ltr' id='par_1_62' title="bbox 1780 170 1821 197">
     <span class='ocr_line' id='line_1_62' title="bbox 1780 170 1821 197; baseline 0 0"><span class='ocrx_word' id='word_1_414' title='bbox 1780 170 1821 197; x_wconf 70' lang='grc'><strong>20</strong></span> 
     </span>
    </p>
   </div>
   <div class='ocr_carea' id='block_1_63' title="bbox 1022 226 1820 261">
    <p class='ocr_par' dir='ltr' id='par_1_63' title="bbox 1022 226 1820 261">
     <span class='ocr_line' id='line_1_63' title="bbox 1022 226 1820 261; baseline 0 -7"><span class='ocrx_word' id='word_1_415' title='bbox 1022 226 1225 254; x_wconf 84' lang='lat' dir='ltr'><strong>venerabantur</strong></span> <span class='ocrx_word' id='word_1_416' title='bbox 1237 226 1470 261; x_wconf 81' lang='lat' dir='ltr'><strong>etsuscipiebant.</strong></span> <span class='ocrx_word' id='word_1_417' title='bbox 1482 227 1575 261; x_wconf 89' lang='lat' dir='ltr'><strong>itaque</strong></span> <span class='ocrx_word' id='word_1_418' title='bbox 1587 227 1696 254; x_wconf 64' lang='lat' dir='ltr'><strong>invidiae</strong></span> <span class='ocrx_word' id='word_1_419' title='bbox 1709 227 1820 254; x_wconf 84' lang='lat' dir='ltr'><strong>ﬂamma</strong></span> 
     </span>
    </p>
   </div>
   <div class='ocr_carea' id='block_1_64' title="bbox 1023 272 1823 301">
    <p class='ocr_par' dir='ltr' id='par_1_64' title="bbox 1023 272 1823 301">
     <span class='ocr_line' id='line_1_64' title="bbox 1023 272 1823 301; baseline -0.001 -1"><span class='ocrx_word' id='word_1_420' title='bbox 1023 279 1080 301; x_wconf 90' lang='lat' dir='ltr'><strong>tum</strong></span> <span class='ocrx_word' id='word_1_421' title='bbox 1099 277 1194 301; x_wconf 88' lang='lat' dir='ltr'><strong>contra</strong></span> <span class='ocrx_word' id='word_1_422' title='bbox 1213 280 1273 300; x_wconf 87' lang='lat' dir='ltr'><strong>eam</strong></span> <span class='ocrx_word' id='word_1_423' title='bbox 1288 272 1399 300; x_wconf 85' lang='lat' dir='ltr'><strong>incensa</strong></span> <span class='ocrx_word' id='word_1_424' title='bbox 1411 277 1462 300; x_wconf 80' lang='lat' dir='ltr'><strong>est.</strong></span> <span class='ocrx_word' id='word_1_425' title='bbox 1480 273 1587 300; x_wconf 89' lang='lat' dir='ltr'><strong>Etenim</strong></span> <span class='ocrx_word' id='word_1_426' title='bbox 1608 280 1671 299; x_wconf 80' lang='lat' dir='ltr'><strong>cum</strong></span> <span class='ocrx_word' id='word_1_427' title='bbox 1691 272 1823 300; x_wconf 77' lang='lat' dir='ltr'><strong>crebrius</strong></span> 
     </span>
    </p>
   </div>
   <div class='ocr_carea' id='block_1_65' title="bbox 1022 318 1823 354">
    <p class='ocr_par' dir='ltr' id='par_1_65' title="bbox 1022 318 1823 354">
     <span class='ocr_line' id='line_1_65' title="bbox 1022 318 1823 354; baseline -0.001 -8"><span class='ocrx_word' id='word_1_428' title='bbox 1022 327 1085 346; x_wconf 90' lang='lat' dir='ltr'><strong>cum</strong></span> <span class='ocrx_word' id='word_1_429' title='bbox 1100 319 1197 347; x_wconf 90' lang='lat' dir='ltr'><strong>Oreste</strong></span> <span class='ocrx_word' id='word_1_430' title='bbox 1208 319 1235 346; x_wconf 93' lang='lat' dir='ltr'><strong>in</strong></span> <span class='ocrx_word' id='word_1_431' title='bbox 1245 318 1412 354; x_wconf 87' lang='lat' dir='ltr'><strong>colloquium</strong></span> <span class='ocrx_word' id='word_1_432' title='bbox 1424 319 1541 351; x_wconf 88' lang='lat' dir='ltr'><strong>veniret,</strong></span> <span class='ocrx_word' id='word_1_433' title='bbox 1559 318 1677 354; x_wconf 87' lang='lat' dir='ltr'><strong>populus</strong></span> <span class='ocrx_word' id='word_1_434' title='bbox 1690 318 1823 346; x_wconf 62' lang='lat' dir='ltr'><strong>Ecclesiae</strong></span> 
     </span>
    </p>
   </div>
   <div class='ocr_carea' id='block_1_66' title="bbox 1022 364 1822 400">
    <p class='ocr_par' dir='ltr' id='par_1_66' title="bbox 1022 364 1822 400">
     <span class='ocr_line' id='line_1_66' title="bbox 1022 364 1822 400; baseline -0.001 -8"><span class='ocrx_word' id='word_1_435' title='bbox 1022 366 1096 392; x_wconf 86' lang='lat' dir='ltr'><strong>illam</strong></span> <span class='ocrx_word' id='word_1_436' title='bbox 1113 365 1196 400; x_wconf 82' lang='lat' dir='ltr'><strong>coepit</strong></span> <span class='ocrx_word' id='word_1_437' title='bbox 1213 364 1370 392; x_wconf 88' lang='lat' dir='ltr'><strong>insimulare</strong></span> <span class='ocrx_word' id='word_1_438' title='bbox 1383 365 1457 400; x_wconf 92' lang='lat' dir='ltr'><strong>quod</strong></span> <span class='ocrx_word' id='word_1_439' title='bbox 1469 364 1599 400; x_wconf 87' lang='lat' dir='ltr'><strong>episcopo</strong></span> <span class='ocrx_word' id='word_1_440' title='bbox 1619 364 1653 391; x_wconf 89' lang='lat' dir='ltr'><strong>ad</strong></span> <span class='ocrx_word' id='word_1_441' title='bbox 1669 364 1822 391; x_wconf 86' lang='lat' dir='ltr'><strong>amicitiam</strong></span> 
     </span>
    </p>
   </div>
   <div class='ocr_carea' id='block_1_67' title="bbox 1021 409 1822 445">
    <p class='ocr_par' dir='ltr' id='par_1_67' title="bbox 1021 409 1822 445">
     <span class='ocr_line' id='line_1_67' title="bbox 1021 409 1822 445; baseline -0.004 -7"><span class='ocrx_word' id='word_1_442' title='bbox 1021 410 1127 438; x_wconf 79' lang='lat' dir='ltr'><strong>Orestis</strong></span> <span class='ocrx_word' id='word_1_443' title='bbox 1135 410 1365 438; x_wconf 82' lang='lat' dir='ltr'><strong>reconciliandam</strong></span> <span class='ocrx_word' id='word_1_444' title='bbox 1376 410 1481 438; x_wconf 86' lang='lat' dir='ltr'><strong>aditum</strong></span> <span class='ocrx_word' id='word_1_445' title='bbox 1490 410 1599 445; x_wconf 88' lang='lat' dir='ltr'><strong>penitus</strong></span> <span class='ocrx_word' id='word_1_446' title='bbox 1607 409 1822 437; x_wconf 77' lang='lat' dir='ltr'><strong>intercludebat.</strong></span> 
     </span>
    </p>
   </div>
   <div class='ocr_carea' id='block_1_68' title="bbox 1022 455 1821 492">
    <p class='ocr_par' dir='ltr' id='par_1_68' title="bbox 1022 455 1821 492">
     <span class='ocr_line' id='line_1_68' title="bbox 1022 455 1821 492; baseline -0.003 -8"><span class='ocrx_word' id='word_1_447' title='bbox 1022 456 1141 484; x_wconf 86' lang='lat' dir='ltr'><strong>Proinde</strong></span> <span class='ocrx_word' id='word_1_448' title='bbox 1154 457 1223 484; x_wconf 88' lang='lat' dir='ltr'><strong>certi</strong></span> <span class='ocrx_word' id='word_1_449' title='bbox 1239 456 1376 490; x_wconf 88' lang='lat' dir='ltr'><strong>homines,</strong></span> <span class='ocrx_word' id='word_1_450' title='bbox 1393 457 1439 492; x_wconf 92' lang='lat' dir='ltr'><strong>qui</strong></span> <span class='ocrx_word' id='word_1_451' title='bbox 1457 461 1536 484; x_wconf 88' lang='lat' dir='ltr'><strong>erant</strong></span> <span class='ocrx_word' id='word_1_452' title='bbox 1547 462 1645 484; x_wconf 88' lang='lat' dir='ltr'><strong>natura</strong></span> <span class='ocrx_word' id='word_1_453' title='bbox 1658 456 1741 491; x_wconf 90' lang='lat' dir='ltr'><strong>paulo</strong></span> <span class='ocrx_word' id='word_1_454' title='bbox 1762 455 1821 482; x_wconf 84' lang='lat' dir='ltr'><strong>fer-</strong></span> 
     </span>
    </p>
   </div>
   <div class='ocr_carea' id='block_1_69' title="bbox 1022 502 1822 538">
    <p class='ocr_par' dir='ltr' id='par_1_69' title="bbox 1022 502 1822 538">
     <span class='ocr_line' id='line_1_69' title="bbox 1022 502 1822 538; baseline -0.003 -8"><span class='ocrx_word' id='word_1_455' title='bbox 1022 503 1170 535; x_wconf 80' lang='lat' dir='ltr'><strong>ventiores,</strong></span> <span class='ocrx_word' id='word_1_456' title='bbox 1184 503 1286 538; x_wconf 90' lang='lat' dir='ltr'><strong>quibus</strong></span> <span class='ocrx_word' id='word_1_457' title='bbox 1300 503 1398 531; x_wconf 80' lang='lat' dir='ltr'><strong>Petrus</strong></span> <span class='ocrx_word' id='word_1_458' title='bbox 1409 502 1509 531; x_wconf 78' lang='lat' dir='ltr'><strong>Lector</strong></span> <span class='ocrx_word' id='word_1_459' title='bbox 1528 503 1556 530; x_wconf 94' lang='lat' dir='ltr'><strong>in</strong></span> <span class='ocrx_word' id='word_1_460' title='bbox 1572 502 1617 529; x_wconf 88' lang='lat' dir='ltr'><strong>illa</strong></span> <span class='ocrx_word' id='word_1_461' title='bbox 1636 502 1752 529; x_wconf 86' lang='lat' dir='ltr'><strong>ecclesia</strong></span> <span class='ocrx_word' id='word_1_462' title='bbox 1767 502 1822 528; x_wconf 93' lang='lat' dir='ltr'><strong>du—</strong></span> 
     </span>
    </p>
   </div>
   <div class='ocr_carea' id='block_1_70' title="bbox 1021 549 1822 585">
    <p class='ocr_par' dir='ltr' id='par_1_70' title="bbox 1021 549 1822 585">
     <span class='ocr_line' id='line_1_70' title="bbox 1021 549 1822 585; baseline -0.002 -8"><span class='ocrx_word' id='word_1_463' title='bbox 1021 558 1081 577; x_wconf 88' lang='lat' dir='ltr'><strong>cem</strong></span> <span class='ocrx_word' id='word_1_464' title='bbox 1098 557 1127 577; x_wconf 87' lang='lat' dir='ltr'><strong>se</strong></span> <span class='ocrx_word' id='word_1_465' title='bbox 1146 549 1275 585; x_wconf 66' lang='lat' dir='ltr'><strong>praebuit,</strong></span> <span class='ocrx_word' id='word_1_466' title='bbox 1295 557 1350 578; x_wconf 85' lang='lat' dir='ltr'><strong>uno</strong></span> <span class='ocrx_word' id='word_1_467' title='bbox 1370 557 1519 582; x_wconf 87' lang='lat' dir='ltr'><strong>consensu,</strong></span> <span class='ocrx_word' id='word_1_468' title='bbox 1541 549 1685 576; x_wconf 77' lang='lat' dir='ltr'><strong>mulierem</strong></span> <span class='ocrx_word' id='word_1_469' title='bbox 1706 549 1822 576; x_wconf 91' lang='lat' dir='ltr'><strong>domum</strong></span> 
     </span>
    </p>
   </div>
   <div class='ocr_carea' id='block_1_71' title="bbox 1022 595 1822 629">
    <p class='ocr_par' dir='ltr' id='par_1_71' title="bbox 1022 595 1822 629">
     <span class='ocr_line' id='line_1_71' title="bbox 1022 595 1822 629; baseline -0.003 -7"><span class='ocrx_word' id='word_1_470' title='bbox 1022 595 1149 623; x_wconf 86' lang='lat' dir='ltr'><strong>alicunde</strong></span> <span class='ocrx_word' id='word_1_471' title='bbox 1170 595 1330 624; x_wconf 88' lang='lat' dir='ltr'><strong>redeuntem</strong></span> <span class='ocrx_word' id='word_1_472' title='bbox 1349 596 1510 628; x_wconf 78' lang='lat' dir='ltr'><strong>observant;</strong></span> <span class='ocrx_word' id='word_1_473' title='bbox 1532 595 1566 623; x_wconf 90' lang='lat' dir='ltr'><strong>de</strong></span> <span class='ocrx_word' id='word_1_474' title='bbox 1581 602 1676 627; x_wconf 86' lang='lat' dir='ltr'><strong>curru,</strong></span> <span class='ocrx_word' id='word_1_475' title='bbox 1696 602 1752 629; x_wconf 91' lang='lat' dir='ltr'><strong>quo</strong></span> <span class='ocrx_word' id='word_1_476' title='bbox 1771 602 1822 621; x_wconf 90' lang='lat' dir='ltr'><strong>vc-</strong></span> 
     </span>
    </p>
   </div>
   <div class='ocr_carea' id='block_1_72' title="bbox 1023 639 1822 675">
    <p class='ocr_par' dir='ltr' id='par_1_72' title="bbox 1023 639 1822 675">
     <span class='ocr_line' id='line_1_72' title="bbox 1023 639 1822 675; baseline -0.003 -7"><span class='ocrx_word' id='word_1_477' title='bbox 1023 641 1150 674; x_wconf 85' lang='lat' dir='ltr'><strong>hebatur,</strong></span> <span class='ocrx_word' id='word_1_478' title='bbox 1165 641 1313 669; x_wconf 86' lang='lat' dir='ltr'><strong>deturbant</strong></span> <span class='ocrx_word' id='word_1_479' title='bbox 1330 639 1337 668; x_wconf 68' lang='grc' dir='ltr'><strong>ὲ</strong></span> <span class='ocrx_word' id='word_1_480' title='bbox 1354 641 1388 668; x_wconf 84' lang='lat' dir='ltr'><strong>ad</strong></span> <span class='ocrx_word' id='word_1_481' title='bbox 1409 641 1553 669; x_wconf 87' lang='lat' dir='ltr'><strong>ecclesiam</strong></span> <span class='ocrx_word' id='word_1_482' title='bbox 1583 648 1644 675; x_wconf 60' lang='lat' dir='ltr'><strong>quae</strong></span> <span class='ocrx_word' id='word_1_483' title='bbox 1663 639 1822 668; x_wconf 68' lang='lat' dir='ltr'><strong>Caesareum</strong></span> 
     </span>
    </p>
   </div>
   <div class='ocr_carea' id='block_1_73' title="bbox 1021 686 1823 723">
    <p class='ocr_par' dir='ltr' id='par_1_73' title="bbox 1021 686 1823 723">
     <span class='ocr_line' id='line_1_73' title="bbox 1021 686 1823 723; baseline -0.001 -9"><span class='ocrx_word' id='word_1_484' title='bbox 1021 687 1134 719; x_wconf 89' lang='lat' dir='ltr'><strong>dicitur,</strong></span> <span class='ocrx_word' id='word_1_485' title='bbox 1151 687 1262 723; x_wconf 86' lang='lat' dir='ltr'><strong>rapiunt</strong></span> <span class='ocrx_word' id='word_1_486' title='bbox 1279 692 1465 722; x_wconf 86' lang='lat' dir='ltr'><strong>:exutamque</strong></span> <span class='ocrx_word' id='word_1_487' title='bbox 1486 687 1620 719; x_wconf 82' lang='lat' dir='ltr'><strong>vestibus,</strong></span> <span class='ocrx_word' id='word_1_488' title='bbox 1637 687 1715 714; x_wconf 87' lang='lat' dir='ltr'><strong>testis</strong></span> <span class='ocrx_word' id='word_1_489' title='bbox 1731 686 1823 714; x_wconf 82' lang='lat' dir='ltr'><strong>acutis</strong></span> 
     </span>
    </p>
   </div>
   <div class='ocr_carea' id='block_1_74' title="bbox 1022 732 1821 768">
    <p class='ocr_par' dir='ltr' id='par_1_74' title="bbox 1022 732 1821 768">
     <span class='ocr_line' id='line_1_74' title="bbox 1022 732 1821 768; baseline -0.001 -8"><span class='ocrx_word' id='word_1_490' title='bbox 1022 732 1055 760; x_wconf 89' lang='lat' dir='ltr'><strong>ad</strong></span> <span class='ocrx_word' id='word_1_491' title='bbox 1068 740 1164 761; x_wconf 86' lang='lat' dir='ltr'><strong>necem</strong></span> <span class='ocrx_word' id='word_1_492' title='bbox 1173 741 1260 768; x_wconf 88' lang='lat' dir='ltr'><strong>usque</strong></span> <span class='ocrx_word' id='word_1_493' title='bbox 1271 733 1433 765; x_wconf 86' lang='lat' dir='ltr'><strong>dilacerant,</strong></span> <span class='ocrx_word' id='word_1_494' title='bbox 1442 733 1502 768; x_wconf 88' lang='lat' dir='ltr'><strong>ejus</strong></span> <span class='ocrx_word' id='word_1_495' title='bbox 1513 733 1635 760; x_wconf 88' lang='lat' dir='ltr'><strong>membra</strong></span> <span class='ocrx_word' id='word_1_496' title='bbox 1646 732 1821 767; x_wconf 85' lang='lat' dir='ltr'><strong>discerpunt,</strong></span> 
     </span>
    </p>
   </div>
   <div class='ocr_carea' id='block_1_75' title="bbox 1022 778 1822 814">
    <p class='ocr_par' dir='ltr' id='par_1_75' title="bbox 1022 778 1822 814">
     <span class='ocr_line' id='line_1_75' title="bbox 1022 778 1822 814; baseline -0.001 -8"><span class='ocrx_word' id='word_1_497' title='bbox 1022 778 1215 814; x_wconf 87' lang='lat' dir='ltr'><strong>diseerptaque</strong></span> <span class='ocrx_word' id='word_1_498' title='bbox 1235 779 1269 806; x_wconf 81' lang='lat' dir='ltr'><strong>ad</strong></span> <span class='ocrx_word' id='word_1_499' title='bbox 1288 779 1380 807; x_wconf 87' lang='lat' dir='ltr'><strong>locum</strong></span> <span class='ocrx_word' id='word_1_500' title='bbox 1402 779 1449 814; x_wconf 87' lang='lat' dir='ltr'><strong>qui</strong></span> <span class='ocrx_word' id='word_1_501' title='bbox 1471 778 1590 806; x_wconf 88' lang='lat' dir='ltr'><strong>Cinaron</strong></span> <span class='ocrx_word' id='word_1_502' title='bbox 1619 779 1721 806; x_wconf 91' lang='lat' dir='ltr'><strong>dicitur</strong></span> <span class='ocrx_word' id='word_1_503' title='bbox 1743 786 1822 806; x_wconf 84' lang='lat' dir='ltr'><strong>coru-</strong></span> 
     </span>
    </p>
   </div>
   <div class='ocr_carea' id='block_1_76' title="bbox 1023 824 1823 860">
    <p class='ocr_par' dir='ltr' id='par_1_76' title="bbox 1023 824 1823 860">
     <span class='ocr_line' id='line_1_76' title="bbox 1023 824 1823 860; baseline 0 -9"><span class='ocrx_word' id='word_1_504' title='bbox 1023 829 1142 860; x_wconf 84' lang='lat' dir='ltr'><strong>portant,</strong></span> <span class='ocrx_word' id='word_1_505' title='bbox 1158 829 1240 860; x_wconf 85' lang='lat' dir='ltr'><strong>atque</strong></span> <span class='ocrx_word' id='word_1_506' title='bbox 1254 825 1310 860; x_wconf 83' lang='lat' dir='ltr'><strong>igni</strong></span> <span class='ocrx_word' id='word_1_507' title='bbox 1321 825 1497 853; x_wconf 87' lang='lat' dir='ltr'><strong>comburunt.</strong></span> <span class='ocrx_word' id='word_1_508' title='bbox 1509 825 1566 852; x_wconf 89' lang='lat' dir='ltr'><strong>Hoc</strong></span> <span class='ocrx_word' id='word_1_509' title='bbox 1576 824 1682 852; x_wconf 87' lang='lat' dir='ltr'><strong>facinus</strong></span> <span class='ocrx_word' id='word_1_510' title='bbox 1693 832 1756 851; x_wconf 90' lang='lat' dir='ltr'><strong>cum</strong></span> <span class='ocrx_word' id='word_1_511' title='bbox 1770 824 1823 860; x_wconf 75' lang='lat' dir='ltr'><strong>Cy-</strong></span> 
     </span>
    </p>
   </div>
   <div class='ocr_carea' id='block_1_77' title="bbox 1024 870 1823 905">
    <p class='ocr_par' dir='ltr' id='par_1_77' title="bbox 1024 870 1823 905">
     <span class='ocr_line' id='line_1_77' title="bbox 1024 870 1823 905; baseline -0.001 -8"><span class='ocrx_word' id='word_1_512' title='bbox 1024 870 1094 903; x_wconf 88' lang='lat' dir='ltr'><strong>rillc,</strong></span> <span class='ocrx_word' id='word_1_513' title='bbox 1108 875 1166 898; x_wconf 85' lang='lat' dir='ltr'><strong>tum</strong></span> <span class='ocrx_word' id='word_1_514' title='bbox 1177 870 1307 898; x_wconf 71' lang='lat' dir='ltr'><strong>Ecclesia:</strong></span> <span class='ocrx_word' id='word_1_515' title='bbox 1315 870 1516 903; x_wconf 67' lang='lat' dir='ltr'><strong>Alexandrinae,</strong></span> <span class='ocrx_word' id='word_1_516' title='bbox 1527 878 1581 898; x_wconf 93' lang='lat' dir='ltr'><strong>non</strong></span> <span class='ocrx_word' id='word_1_517' title='bbox 1594 870 1718 905; x_wconf 75' lang='lat' dir='ltr'><strong>exiguam</strong></span> <span class='ocrx_word' id='word_1_518' title='bbox 1730 870 1823 897; x_wconf 77' lang='lat' dir='ltr'><strong>labem</strong></span> 
     </span>
    </p>
   </div>
   <div class='ocr_carea' id='block_1_78' title="bbox 1024 916 1823 952">
    <p class='ocr_par' dir='ltr' id='par_1_78' title="bbox 1024 916 1823 952">
     <span class='ocr_line' id='line_1_78' title="bbox 1024 916 1823 952; baseline -0.001 -8"><span class='ocrx_word' id='word_1_519' title='bbox 1024 917 1140 952; x_wconf 90' lang='lat' dir='ltr'><strong>aspersit</strong></span> <span class='ocrx_word' id='word_1_520' title='bbox 1158 916 1285 944; x_wconf 70' lang='lat' dir='ltr'><strong>infamire.</strong></span> <span class='ocrx_word' id='word_1_521' title='bbox 1300 916 1368 944; x_wconf 85' lang='lat' dir='ltr'><strong>Nam</strong></span> <span class='ocrx_word' id='word_1_522' title='bbox 1390 916 1437 951; x_wconf 88' lang='lat' dir='ltr'><strong>qui</strong></span> <span class='ocrx_word' id='word_1_523' title='bbox 1454 916 1616 952; x_wconf 87' lang='lat' dir='ltr'><strong>religionem</strong></span> <span class='ocrx_word' id='word_1_524' title='bbox 1635 916 1823 944; x_wconf 86' lang='lat' dir='ltr'><strong>Christianam</strong></span> 
     </span>
    </p>
   </div>
   <div class='ocr_carea' id='block_1_79' title="bbox 1024 960 1824 996">
    <p class='ocr_par' dir='ltr' id='par_1_79' title="bbox 1024 960 1824 996">
     <span class='ocr_line' id='line_1_79' title="bbox 1024 960 1824 996; baseline -0.003 -7"><span class='ocrx_word' id='word_1_525' title='bbox 1024 960 1198 996; x_wconf 83' lang='lat' dir='ltr'><strong>proﬁtentur,</strong></span> <span class='ocrx_word' id='word_1_526' title='bbox 1211 970 1226 989; x_wconf 89' lang='lat' dir='ltr'><strong>a</strong></span> <span class='ocrx_word' id='word_1_527' title='bbox 1238 961 1322 994; x_wconf 68' lang='lat' dir='ltr'><strong>aede,</strong></span> <span class='ocrx_word' id='word_1_528' title='bbox 1332 961 1441 996; x_wconf 77' lang='lat' dir='ltr'><strong>pugnis,</strong></span> <span class='ocrx_word' id='word_1_529' title='bbox 1454 965 1482 989; x_wconf 91' lang='lat' dir='ltr'><strong>et</strong></span> <span class='ocrx_word' id='word_1_530' title='bbox 1495 961 1522 988; x_wconf 91' lang='lat' dir='ltr'><strong>id</strong></span> <span class='ocrx_word' id='word_1_531' title='bbox 1535 969 1621 996; x_wconf 80' lang='lat' dir='ltr'><strong>genus</strong></span> <span class='ocrx_word' id='word_1_532' title='bbox 1636 961 1697 988; x_wconf 88' lang='lat' dir='ltr'><strong>aliis</strong></span> <span class='ocrx_word' id='word_1_533' title='bbox 1707 961 1824 987; x_wconf 84' lang='lat' dir='ltr'><strong>omnino</strong></span> 
     </span>
    </p>
   </div>
   <div class='ocr_carea' id='block_1_80' title="bbox 1024 1007 1824 1042">
    <p class='ocr_par' dir='ltr' id='par_1_80' title="bbox 1024 1007 1824 1042">
     <span class='ocr_line' id='line_1_80' title="bbox 1024 1007 1824 1042; baseline -0.001 -8"><span class='ocrx_word' id='word_1_534' title='bbox 1024 1007 1106 1034; x_wconf 89' lang='lat' dir='ltr'><strong>alieni</strong></span> <span class='ocrx_word' id='word_1_535' title='bbox 1128 1014 1188 1034; x_wconf 85' lang='lat' dir='ltr'><strong>esse</strong></span> <span class='ocrx_word' id='word_1_536' title='bbox 1202 1007 1313 1035; x_wconf 89' lang='lat' dir='ltr'><strong>debent.</strong></span> <span class='ocrx_word' id='word_1_537' title='bbox 1331 1007 1378 1035; x_wconf 72' lang='lat' dir='ltr'><strong>Ha:</strong></span> <span class='ocrx_word' id='word_1_538' title='bbox 1393 1014 1437 1034; x_wconf 89' lang='lat' dir='ltr'><strong>res</strong></span> <span class='ocrx_word' id='word_1_539' title='bbox 1452 1012 1536 1042; x_wconf 65' lang='lat' dir='ltr'><strong>gestae</strong></span> <span class='ocrx_word' id='word_1_540' title='bbox 1554 1011 1618 1034; x_wconf 90' lang='lat' dir='ltr'><strong>sunt</strong></span> <span class='ocrx_word' id='word_1_541' title='bbox 1635 1010 1733 1041; x_wconf 87' lang='lat' dir='ltr'><strong>quarto</strong></span> <span class='ocrx_word' id='word_1_542' title='bbox 1749 1013 1824 1033; x_wconf 90' lang='lat' dir='ltr'><strong>anno</strong></span> 
     </span>
    </p>
   </div>
   <div class='ocr_carea' id='block_1_81' title="bbox 1024 1052 1823 1089">
    <p class='ocr_par' dir='ltr' id='par_1_81' title="bbox 1024 1052 1823 1089">
     <span class='ocr_line' id='line_1_81' title="bbox 1024 1052 1823 1089; baseline 0 -9"><span class='ocrx_word' id='word_1_543' title='bbox 1024 1053 1198 1088; x_wconf 86' lang='lat' dir='ltr'><strong>episcopatus</strong></span> <span class='ocrx_word' id='word_1_544' title='bbox 1208 1053 1312 1089; x_wconf 80' lang='lat' dir='ltr'><strong>Cyrilli,</strong></span> <span class='ocrx_word' id='word_1_545' title='bbox 1326 1053 1359 1083; x_wconf 85' lang='lat' dir='ltr'><strong>ad</strong></span> <span class='ocrx_word' id='word_1_546' title='bbox 1371 1052 1508 1080; x_wconf 85' lang='lat' dir='ltr'><strong>decimum</strong></span> <span class='ocrx_word' id='word_1_547' title='bbox 1520 1053 1691 1082; x_wconf 86' lang='lat' dir='ltr'><strong>consulatum</strong></span> <span class='ocrx_word' id='word_1_548' title='bbox 1706 1053 1823 1081; x_wconf 88' lang='lat' dir='ltr'><strong>Honorii</strong></span> 
     </span>
    </p>
   </div>
   <div class='ocr_carea' id='block_1_82' title="bbox 1024 1099 1823 1135">
    <p class='ocr_par' dir='ltr' id='par_1_82' title="bbox 1024 1099 1823 1135">
     <span class='ocr_line' id='line_1_82' title="bbox 1024 1099 1823 1135; baseline 0 -9"><span class='ocrx_word' id='word_1_549' title='bbox 1024 1104 1053 1127; x_wconf 90' lang='lat' dir='ltr'><strong>et</strong></span> <span class='ocrx_word' id='word_1_550' title='bbox 1064 1099 1210 1127; x_wconf 86' lang='lat' dir='ltr'><strong>Theodosii</strong></span> <span class='ocrx_word' id='word_1_551' title='bbox 1224 1100 1382 1135; x_wconf 87' lang='lat' dir='ltr'><strong>septimum,</strong></span> <span class='ocrx_word' id='word_1_552' title='bbox 1405 1106 1499 1128; x_wconf 88' lang='lat' dir='ltr'><strong>mense</strong></span> <span class='ocrx_word' id='word_1_553' title='bbox 1518 1099 1625 1133; x_wconf 82' lang='lat' dir='ltr'><strong>Martio,</strong></span> <span class='ocrx_word' id='word_1_554' title='bbox 1643 1107 1706 1127; x_wconf 90' lang='lat' dir='ltr'><strong>cum</strong></span> <span class='ocrx_word' id='word_1_555' title='bbox 1725 1100 1823 1127; x_wconf 86' lang='lat' dir='ltr'><strong>obser-</strong></span> 
     </span>
    </p>
   </div>
   <div class='ocr_carea' id='block_1_83' title="bbox 1024 1145 1315 1181">
    <p class='ocr_par' dir='ltr' id='par_1_83' title="bbox 1024 1145 1315 1181">
     <span class='ocr_line' id='line_1_83' title="bbox 1024 1145 1315 1181; baseline 0.003 -10"><span class='ocrx_word' id='word_1_556' title='bbox 1024 1145 1161 1173; x_wconf 82' lang='lat' dir='ltr'><strong>vabantur</strong></span> <span class='ocrx_word' id='word_1_557' title='bbox 1175 1146 1289 1181; x_wconf 85' lang='lat' dir='ltr'><strong>jejunia.</strong></span> <span class='ocrx_word' id='word_1_558' title='bbox 1306 1156 1315 1172; x_wconf 82' lang='lat' dir='ltr'>I</span> 
     </span>
    </p>
   </div>
   <div class='ocr_carea' id='block_1_84' title="bbox 1057 1191 1824 1228">
    <p class='ocr_par' dir='ltr' id='par_1_84' title="bbox 1057 1191 1824 1228">
     <span class='ocr_line' id='line_1_84' title="bbox 1057 1191 1824 1228; baseline -0.003 -8"><span class='ocrx_word' id='word_1_559' title='bbox 1057 1192 1101 1220; x_wconf 78' lang='grc'><strong>28.</strong></span> <span class='ocrx_word' id='word_1_560' title='bbox 1116 1192 1239 1228; x_wconf 67' lang='lat' dir='ltr'><strong>Hypatiae</strong></span> <span class='ocrx_word' id='word_1_561' title='bbox 1254 1193 1347 1228; x_wconf 85' lang='lat' dir='ltr'><strong>plures</strong></span> <span class='ocrx_word' id='word_1_562' title='bbox 1357 1193 1488 1228; x_wconf 84' lang='lat' dir='ltr'><strong>epistolas</strong></span> <span class='ocrx_word' id='word_1_563' title='bbox 1506 1191 1616 1228; x_wconf 88' lang='lat' dir='ltr'><strong>scripsit</strong></span> <span class='ocrx_word' id='word_1_564' title='bbox 1629 1191 1771 1227; x_wconf 78' lang='lat' dir='ltr'><strong>Synesius.</strong></span> <span class='ocrx_word' id='word_1_565' title='bbox 1785 1191 1824 1218; x_wconf 85' lang='lat' dir='ltr'><strong>De</strong></span> 
     </span>
    </p>
   </div>
   <div class='ocr_carea' id='block_1_85' title="bbox 1026 1237 1823 1274">
    <p class='ocr_par' dir='ltr' id='par_1_85' title="bbox 1026 1237 1823 1274">
     <span class='ocr_line' id='line_1_85' title="bbox 1026 1237 1823 1274; baseline -0.004 -8"><span class='ocrx_word' id='word_1_566' title='bbox 1026 1247 1057 1267; x_wconf 87' lang='lat' dir='ltr'><strong>ea</strong></span> <span class='ocrx_word' id='word_1_567' title='bbox 1073 1238 1198 1274; x_wconf 88' lang='lat' dir='ltr'><strong>pluribus</strong></span> <span class='ocrx_word' id='word_1_568' title='bbox 1207 1239 1262 1274; x_wconf 86' lang='lat' dir='ltr'><strong>agit</strong></span> <span class='ocrx_word' id='word_1_569' title='bbox 1273 1238 1417 1272; x_wconf 86' lang='lat' dir='ltr'><strong>Baronius,</strong></span> <span class='ocrx_word' id='word_1_570' title='bbox 1435 1243 1463 1266; x_wconf 89' lang='lat' dir='ltr'><strong>et</strong></span> <span class='ocrx_word' id='word_1_571' title='bbox 1475 1238 1567 1274; x_wconf 84' lang='lat' dir='ltr'><strong>potius</strong></span> <span class='ocrx_word' id='word_1_572' title='bbox 1577 1237 1823 1265; x_wconf 81' lang='lat' dir='ltr'><strong>Alexandrinon</strong></span> 
     </span>
    </p>
   </div>
   <div class='ocr_carea' id='block_1_86' title="bbox 1026 1282 1825 1320">
    <p class='ocr_par' dir='ltr' id='par_1_86' title="bbox 1026 1282 1825 1320">
     <span class='ocr_line' id='line_1_86' title="bbox 1026 1282 1825 1320; baseline -0.004 -8"><span class='ocrx_word' id='word_1_573' title='bbox 1026 1285 1121 1312; x_wconf 88' lang='lat' dir='ltr'><strong>furore</strong></span> <span class='ocrx_word' id='word_1_574' title='bbox 1135 1291 1168 1312; x_wconf 85' lang='lat' dir='ltr'><strong>ac</strong></span> <span class='ocrx_word' id='word_1_575' title='bbox 1187 1284 1317 1317; x_wconf 88' lang='lat' dir='ltr'><strong>tumultu,</strong></span> <span class='ocrx_word' id='word_1_576' title='bbox 1335 1292 1417 1320; x_wconf 92' lang='lat' dir='ltr'><strong>quam</strong></span> <span class='ocrx_word' id='word_1_577' title='bbox 1432 1285 1498 1312; x_wconf 89' lang='lat' dir='ltr'><strong>cleri</strong></span> <span class='ocrx_word' id='word_1_578' title='bbox 1515 1283 1728 1319; x_wconf 87' lang='lat' dir='ltr'><strong>conspiratione,</strong></span> <span class='ocrx_word' id='word_1_579' title='bbox 1747 1282 1825 1309; x_wconf 84' lang='lat' dir='ltr'><strong>occi-</strong></span> 
     </span>
    </p>
   </div>
   <div class='ocr_carea' id='block_1_87' title="bbox 1027 1328 1825 1365">
    <p class='ocr_par' dir='ltr' id='par_1_87' title="bbox 1027 1328 1825 1365">
     <span class='ocr_line' id='line_1_87' title="bbox 1027 1328 1825 1365; baseline -0.003 -8"><span class='ocrx_word' id='word_1_580' title='bbox 1027 1337 1085 1358; x_wconf 86' lang='lat' dir='ltr'><strong>sam</strong></span> <span class='ocrx_word' id='word_1_581' title='bbox 1100 1337 1160 1357; x_wconf 87' lang='lat' dir='ltr'><strong>esse</strong></span> <span class='ocrx_word' id='word_1_582' title='bbox 1180 1329 1328 1358; x_wconf 77' lang='lat' dir='ltr'><strong>existimat.</strong></span> <span class='ocrx_word' id='word_1_583' title='bbox 1352 1330 1416 1358; x_wconf 60' lang='lat' dir='ltr'><strong>Hac</strong></span> <span class='ocrx_word' id='word_1_584' title='bbox 1435 1335 1534 1365; x_wconf 86' lang='lat' dir='ltr'><strong>quarto</strong></span> <span class='ocrx_word' id='word_1_585' title='bbox 1556 1337 1628 1357; x_wconf 84' lang='lat' dir='ltr'><strong>anno</strong></span> <span class='ocrx_word' id='word_1_586' title='bbox 1648 1328 1825 1364; x_wconf 84' lang='lat' dir='ltr'><strong>episcopatus</strong></span> 
     </span>
    </p>
   </div>
   <div class='ocr_carea' id='block_1_88' title="bbox 1026 1375 1825 1412">
    <p class='ocr_par' dir='ltr' id='par_1_88' title="bbox 1026 1375 1825 1412">
     <span class='ocr_line' id='line_1_88' title="bbox 1026 1375 1825 1412; baseline -0.005 -7"><span class='ocrx_word' id='word_1_587' title='bbox 1026 1376 1120 1412; x_wconf 86' lang='lat' dir='ltr'><strong>Cyrilli</strong></span> <span class='ocrx_word' id='word_1_588' title='bbox 1132 1376 1278 1412; x_wconf 83' lang='lat' dir='ltr'><strong>contigisse</strong></span> <span class='ocrx_word' id='word_1_589' title='bbox 1289 1377 1372 1404; x_wconf 89' lang='lat' dir='ltr'><strong>etiam</strong></span> <span class='ocrx_word' id='word_1_590' title='bbox 1384 1377 1555 1412; x_wconf 78' lang='lat' dir='ltr'><strong>Nicephorus</strong></span> <span class='ocrx_word' id='word_1_591' title='bbox 1574 1375 1678 1404; x_wconf 83' lang='lat' dir='ltr'><strong>scribit.</strong></span> <span class='ocrx_word' id='word_1_592' title='bbox 1694 1375 1784 1410; x_wconf 86' lang='lat' dir='ltr'><strong>Coepit</strong></span> <span class='ocrx_word' id='word_1_593' title='bbox 1800 1375 1825 1402; x_wconf 87' lang='lat' dir='ltr'><strong>is</strong></span> 
     </span>
    </p>
   </div>
   <div class='ocr_carea' id='block_1_89' title="bbox 1027 1420 1826 1458">
    <p class='ocr_par' dir='ltr' id='par_1_89' title="bbox 1027 1420 1826 1458">
     <span class='ocr_line' id='line_1_89' title="bbox 1027 1420 1826 1458; baseline -0.004 -8"><span class='ocrx_word' id='word_1_594' title='bbox 1027 1427 1144 1458; x_wconf 83' lang='lat' dir='ltr'><strong>quartus</strong></span> <span class='ocrx_word' id='word_1_595' title='bbox 1158 1430 1246 1450; x_wconf 87' lang='lat' dir='ltr'><strong>annus</strong></span> <span class='ocrx_word' id='word_1_596' title='bbox 1258 1431 1319 1450; x_wconf 84' lang='lat' dir='ltr'><strong>xvul</strong></span> <span class='ocrx_word' id='word_1_597' title='bbox 1331 1422 1459 1450; x_wconf 79' lang='lat' dir='ltr'><strong>Octobris</strong></span> <span class='ocrx_word' id='word_1_598' title='bbox 1473 1423 1537 1450; x_wconf 90' lang='lat' dir='ltr'><strong>anni</strong></span> <span class='ocrx_word' id='word_1_599' title='bbox 1552 1422 1605 1450; x_wconf 79' lang='lat' dir='ltr'><strong>M5</strong></span> <span class='ocrx_word' id='word_1_600' title='bbox 1614 1443 1621 1454; x_wconf 95' lang='lat'><strong>,</strong></span> <span class='ocrx_word' id='word_1_601' title='bbox 1634 1421 1758 1456; x_wconf 86' lang='lat' dir='ltr'><strong>adeoque</strong></span> <span class='ocrx_word' id='word_1_602' title='bbox 1777 1420 1826 1448; x_wconf 88' lang='lat' dir='ltr'><strong>hic</strong></span> 
     </span>
    </p>
   </div>
   <div class='ocr_carea' id='block_1_90' title="bbox 1029 1465 1825 1502">
    <p class='ocr_par' dir='ltr' id='par_1_90' title="bbox 1029 1465 1825 1502">
     <span class='ocr_line' id='line_1_90' title="bbox 1029 1465 1825 1502; baseline -0.004 -6"><span class='ocrx_word' id='word_1_603' title='bbox 1029 1469 1131 1496; x_wconf 88' lang='lat' dir='ltr'><strong>mensis</strong></span> <span class='ocrx_word' id='word_1_604' title='bbox 1150 1468 1263 1496; x_wconf 86' lang='lat' dir='ltr'><strong>Martius</strong></span> <span class='ocrx_word' id='word_1_605' title='bbox 1287 1468 1443 1496; x_wconf 85' lang='lat' dir='ltr'><strong>necessario</strong></span> <span class='ocrx_word' id='word_1_606' title='bbox 1464 1472 1507 1496; x_wconf 87' lang='lat' dir='ltr'><strong>est</strong></span> <span class='ocrx_word' id='word_1_607' title='bbox 1523 1468 1587 1495; x_wconf 89' lang='lat' dir='ltr'><strong>anni</strong></span> <span class='ocrx_word' id='word_1_608' title='bbox 1611 1467 1752 1502; x_wconf 78' lang='lat' dir='ltr'><strong>sequentis</strong></span> <span class='ocrx_word' id='word_1_609' title='bbox 1770 1465 1825 1494; x_wconf 75' lang='lat' dir='ltr'><strong>M6</strong></span> 
     </span>
    </p>
   </div>
   <div class='ocr_carea' id='block_1_91' title="bbox 1028 1513 1826 1550">
    <p class='ocr_par' dir='ltr' id='par_1_91' title="bbox 1028 1513 1826 1550">
     <span class='ocr_line' id='line_1_91' title="bbox 1028 1513 1826 1550; baseline -0.003 -8"><span class='ocrx_word' id='word_1_610' title='bbox 1028 1515 1171 1542; x_wconf 85' lang='lat' dir='ltr'><strong>consulatu</strong></span> <span class='ocrx_word' id='word_1_611' title='bbox 1193 1514 1289 1550; x_wconf 87' lang='lat' dir='ltr'><strong>imper.</strong></span> <span class='ocrx_word' id='word_1_612' title='bbox 1315 1514 1461 1542; x_wconf 88' lang='lat' dir='ltr'><strong>Theodosii</strong></span> <span class='ocrx_word' id='word_1_613' title='bbox 1481 1519 1527 1546; x_wconf 72' lang='lat' dir='ltr'><strong>vn,</strong></span> <span class='ocrx_word' id='word_1_614' title='bbox 1555 1518 1586 1540; x_wconf 91' lang='lat' dir='ltr'><strong>ut</strong></span> <span class='ocrx_word' id='word_1_615' title='bbox 1602 1513 1647 1541; x_wconf 88' lang='lat' dir='ltr'><strong>hic</strong></span> <span class='ocrx_word' id='word_1_616' title='bbox 1667 1513 1778 1545; x_wconf 89' lang='lat' dir='ltr'><strong>dicitur,</strong></span> <span class='ocrx_word' id='word_1_617' title='bbox 1796 1516 1826 1541; x_wconf 85' lang='lat' dir='ltr'><strong>et</strong></span> 
     </span>
    </p>
   </div>
   <div class='ocr_carea' id='block_1_92' title="bbox 1029 1559 1825 1596">
    <p class='ocr_par' dir='ltr' id='par_1_92' title="bbox 1029 1559 1825 1596">
     <span class='ocr_line' id='line_1_92' title="bbox 1029 1559 1825 1596; baseline -0.001 -8"><span class='ocrx_word' id='word_1_618' title='bbox 1029 1561 1159 1593; x_wconf 84' lang='lat' dir='ltr'><strong>Palladii,</strong></span> <span class='ocrx_word' id='word_1_619' title='bbox 1175 1569 1229 1589; x_wconf 92' lang='lat' dir='ltr'><strong>non</strong></span> <span class='ocrx_word' id='word_1_620' title='bbox 1252 1561 1365 1589; x_wconf 82' lang='lat' dir='ltr'><strong>Honorii</strong></span> <span class='ocrx_word' id='word_1_621' title='bbox 1381 1569 1408 1588; x_wconf 89' lang='lat' dir='ltr'><strong>x.</strong></span> <span class='ocrx_word' id='word_1_622' title='bbox 1424 1560 1502 1596; x_wconf 83' lang='lat' dir='ltr'><strong>Apud</strong></span> <span class='ocrx_word' id='word_1_623' title='bbox 1520 1560 1703 1595; x_wconf 83' lang='lat' dir='ltr'><strong>Nicephorum</strong></span> <span class='ocrx_word' id='word_1_624' title='bbox 1724 1559 1825 1587; x_wconf 65' lang='lat' dir='ltr'><strong>foedius</strong></span> 
     </span>
    </p>
   </div>
   <div class='ocr_carea' id='block_1_93' title="bbox 1030 1606 1824 1643">
    <p class='ocr_par' dir='ltr' id='par_1_93' title="bbox 1030 1606 1824 1643">
     <span class='ocr_line' id='line_1_93' title="bbox 1030 1606 1824 1643; baseline -0.004 -8"><span class='ocrx_word' id='word_1_625' title='bbox 1030 1608 1159 1635; x_wconf 88' lang='lat' dir='ltr'><strong>mendum</strong></span> <span class='ocrx_word' id='word_1_626' title='bbox 1175 1617 1181 1634; x_wconf 72' lang='grc' dir='ltr'>ε</span> <span class='ocrx_word' id='word_1_627' title='bbox 1201 1615 1263 1635; x_wconf 88' lang='lat' dir='ltr'><strong>nam</strong></span> <span class='ocrx_word' id='word_1_628' title='bbox 1276 1615 1338 1635; x_wconf 90' lang='lat' dir='ltr'><strong>cum</strong></span> <span class='ocrx_word' id='word_1_629' title='bbox 1354 1611 1432 1635; x_wconf 86' lang='lat' dir='ltr'><strong>antea</strong></span> <span class='ocrx_word' id='word_1_630' title='bbox 1447 1606 1578 1643; x_wconf 89' lang='lat' dir='ltr'><strong>Cyrillum</strong></span> <span class='ocrx_word' id='word_1_631' title='bbox 1598 1606 1752 1642; x_wconf 84' lang='lat' dir='ltr'><strong>scripsisset</strong></span> <span class='ocrx_word' id='word_1_632' title='bbox 1766 1606 1824 1632; x_wconf 86' lang='lat' dir='ltr'><strong>ele-</strong></span> 
     </span>
    </p>
   </div>
   <div class='ocr_carea' id='block_1_94' title="bbox 1030 1650 1825 1689">
    <p class='ocr_par' dir='ltr' id='par_1_94' title="bbox 1030 1650 1825 1689">
     <span class='ocr_line' id='line_1_94' title="bbox 1030 1650 1825 1689; baseline -0.004 -8"><span class='ocrx_word' id='word_1_633' title='bbox 1030 1658 1104 1682; x_wconf 88' lang='lat' dir='ltr'><strong>ctum</strong></span> <span class='ocrx_word' id='word_1_634' title='bbox 1121 1661 1193 1681; x_wconf 90' lang='lat' dir='ltr'><strong>anno</strong></span> <span class='ocrx_word' id='word_1_635' title='bbox 1208 1653 1306 1689; x_wconf 87' lang='lat' dir='ltr'><strong>quinto</strong></span> <span class='ocrx_word' id='word_1_636' title='bbox 1318 1652 1464 1681; x_wconf 88' lang='lat' dir='ltr'><strong>Theodosii</strong></span> <span class='ocrx_word' id='word_1_637' title='bbox 1479 1653 1589 1688; x_wconf 84' lang='lat' dir='ltr'><strong>imper.,</strong></span> <span class='ocrx_word' id='word_1_638' title='bbox 1602 1652 1647 1679; x_wconf 91' lang='lat' dir='ltr'><strong>hic</strong></span> <span class='ocrx_word' id='word_1_639' title='bbox 1661 1656 1755 1679; x_wconf 81' lang='lat' dir='ltr'><strong>tamen</strong></span> <span class='ocrx_word' id='word_1_640' title='bbox 1768 1650 1825 1686; x_wconf 85' lang='lat' dir='ltr'><strong>Hy-</strong></span> 
     </span>
    </p>
   </div>
   <div class='ocr_carea' id='block_1_95' title="bbox 1030 1697 1824 1734">
    <p class='ocr_par' dir='ltr' id='par_1_95' title="bbox 1030 1697 1824 1734">
     <span class='ocr_line' id='line_1_95' title="bbox 1030 1697 1824 1734; baseline -0.003 -8"><span class='ocrx_word' id='word_1_641' title='bbox 1030 1699 1130 1734; x_wconf 87' lang='lat' dir='ltr'><strong>patiam</strong></span> <span class='ocrx_word' id='word_1_642' title='bbox 1142 1699 1259 1726; x_wconf 89' lang='lat' dir='ltr'><strong>occisam</strong></span> <span class='ocrx_word' id='word_1_643' title='bbox 1272 1699 1311 1727; x_wconf 87' lang='lat' dir='ltr'><strong>ait</strong></span> <span class='ocrx_word' id='word_1_644' title='bbox 1326 1706 1398 1726; x_wconf 88' lang='lat' dir='ltr'><strong>anno</strong></span> <span class='ocrx_word' id='word_1_645' title='bbox 1417 1703 1514 1734; x_wconf 87' lang='lat' dir='ltr'><strong>quarto</strong></span> <span class='ocrx_word' id='word_1_646' title='bbox 1528 1698 1700 1734; x_wconf 87' lang='lat' dir='ltr'><strong>episcopatus</strong></span> <span class='ocrx_word' id='word_1_647' title='bbox 1718 1697 1824 1733; x_wconf 83' lang='lat' dir='ltr'><strong>Cyrilli,</strong></span> 
     </span>
    </p>
   </div>
   <div class='ocr_carea' id='block_1_96' title="bbox 1030 1742 1826 1781">
    <p class='ocr_par' dir='ltr' id='par_1_96' title="bbox 1030 1742 1826 1781">
     <span class='ocr_line' id='line_1_96' title="bbox 1030 1742 1826 1781; baseline -0.006 -8"><span class='ocrx_word' id='word_1_648' title='bbox 1030 1751 1107 1773; x_wconf 89' lang='lat' dir='ltr'><strong>sexto</strong></span> <span class='ocrx_word' id='word_1_649' title='bbox 1127 1745 1236 1781; x_wconf 87' lang='lat' dir='ltr'><strong>imperii</strong></span> <span class='ocrx_word' id='word_1_650' title='bbox 1258 1745 1421 1777; x_wconf 87' lang='lat' dir='ltr'><strong>Theodosii,</strong></span> <span class='ocrx_word' id='word_1_651' title='bbox 1443 1752 1506 1773; x_wconf 91' lang='lat' dir='ltr'><strong>cum</strong></span> <span class='ocrx_word' id='word_1_652' title='bbox 1530 1744 1610 1778; x_wconf 83' lang='lat' dir='ltr'><strong>hujus</strong></span> <span class='ocrx_word' id='word_1_653' title='bbox 1633 1747 1746 1771; x_wconf 87' lang='lat' dir='ltr'><strong>octavus</strong></span> <span class='ocrx_word' id='word_1_654' title='bbox 1768 1742 1826 1769; x_wconf 87' lang='lat' dir='ltr'><strong>fere</strong></span> 
     </span>
    </p>
   </div>
   <div class='ocr_carea' id='block_1_97' title="bbox 1030 1788 1828 1827">
    <p class='ocr_par' dir='ltr' id='par_1_97' title="bbox 1030 1788 1828 1827">
     <span class='ocr_line' id='line_1_97' title="bbox 1030 1788 1828 1827; baseline -0.006 -8"><span class='ocrx_word' id='word_1_655' title='bbox 1030 1792 1191 1827; x_wconf 72' lang='lat' dir='ltr'><strong>exspiraret.</strong></span> <span class='ocrx_word' id='word_1_656' title='bbox 1205 1792 1286 1819; x_wconf 85' lang='lat' dir='ltr'><strong>Petro</strong></span> <span class='ocrx_word' id='word_1_657' title='bbox 1292 1791 1399 1819; x_wconf 74' lang='lat' dir='ltr'><strong>Lectori</strong></span> <span class='ocrx_word' id='word_1_658' title='bbox 1413 1791 1449 1826; x_wconf 90' lang='lat' dir='ltr'><strong>(ei</strong></span> <span class='ocrx_word' id='word_1_659' title='bbox 1459 1790 1582 1818; x_wconf 86' lang='lat' dir='ltr'><strong>fortassis</strong></span> <span class='ocrx_word' id='word_1_660' title='bbox 1591 1789 1638 1824; x_wconf 90' lang='lat' dir='ltr'><strong>qui</strong></span> <span class='ocrx_word' id='word_1_661' title='bbox 1651 1788 1734 1824; x_wconf 86' lang='lat' dir='ltr'><strong>hujus</strong></span> <span class='ocrx_word' id='word_1_662' title='bbox 1743 1788 1828 1815; x_wconf 68' lang='lat' dir='ltr'><strong>credis</strong></span> 
     </span>
    </p>
   </div>
   <div class='ocr_carea' id='block_1_98' title="bbox 1030 1834 1825 1873">
    <p class='ocr_par' dir='ltr' id='par_1_98' title="bbox 1030 1834 1825 1873">
     <span class='ocr_line' id='line_1_98' title="bbox 1030 1834 1825 1873; baseline -0.006 -8"><span class='ocrx_word' id='word_1_663' title='bbox 1030 1842 1126 1866; x_wconf 83' lang='lat' dir='ltr'><strong>auctor</strong></span> <span class='ocrx_word' id='word_1_664' title='bbox 1147 1837 1277 1873; x_wconf 88' lang='lat' dir='ltr'><strong>habetur)</strong></span> <span class='ocrx_word' id='word_1_665' title='bbox 1290 1838 1401 1873; x_wconf 90' lang='lat' dir='ltr'><strong>scripsit</strong></span> <span class='ocrx_word' id='word_1_666' title='bbox 1417 1838 1445 1865; x_wconf 90' lang='lat' dir='ltr'><strong>S.</strong></span> <span class='ocrx_word' id='word_1_667' title='bbox 1463 1837 1584 1864; x_wconf 86' lang='lat' dir='ltr'><strong>lsidorus</strong></span> <span class='ocrx_word' id='word_1_668' title='bbox 1604 1836 1741 1864; x_wconf 86' lang='lat' dir='ltr'><strong>Pelusiota</strong></span> <span class='ocrx_word' id='word_1_669' title='bbox 1764 1834 1825 1869; x_wconf 68' lang='lat' dir='ltr'><strong>cpi-</strong></span> 
     </span>
    </p>
   </div>
   <div class='ocr_carea' id='block_1_99' title="bbox 1030 1881 1826 1917">
    <p class='ocr_par' dir='ltr' id='par_1_99' title="bbox 1030 1881 1826 1917">
     <span class='ocr_line' id='line_1_99' title="bbox 1030 1881 1826 1917; baseline -0.006 -5"><span class='ocrx_word' id='word_1_670' title='bbox 1030 1885 1114 1912; x_wconf 88' lang='lat' dir='ltr'><strong>stolas</strong></span> <span class='ocrx_word' id='word_1_671' title='bbox 1129 1884 1179 1911; x_wconf 80' lang='lat' dir='ltr'><strong>i&#39;l&#39;l</strong></span> <span class='ocrx_word' id='word_1_672' title='bbox 1192 1888 1220 1912; x_wconf 86' lang='lat' dir='ltr'><strong>et</strong></span> <span class='ocrx_word' id='word_1_673' title='bbox 1235 1884 1297 1917; x_wconf 75' lang='lat'><strong>305,</strong></span> <span class='ocrx_word' id='word_1_674' title='bbox 1311 1884 1358 1911; x_wconf 89' lang='lat' dir='ltr'><strong>lib.</strong></span> <span class='ocrx_word' id='word_1_675' title='bbox 1372 1892 1412 1916; x_wconf 81' lang='lat' dir='ltr'><strong>ut,</strong></span> <span class='ocrx_word' id='word_1_676' title='bbox 1429 1887 1457 1911; x_wconf 90' lang='lat' dir='ltr'><strong>et</strong></span> <span class='ocrx_word' id='word_1_677' title='bbox 1474 1882 1555 1917; x_wconf 83' lang='lat' dir='ltr'><strong>epist.</strong></span> <span class='ocrx_word' id='word_1_678' title='bbox 1565 1883 1617 1910; x_wconf 83' lang='lat'><strong>555</strong></span> <span class='ocrx_word' id='word_1_679' title='bbox 1627 1902 1634 1914; x_wconf 93' lang='lat'><strong>,</strong></span> <span class='ocrx_word' id='word_1_680' title='bbox 1652 1882 1700 1909; x_wconf 91' lang='lat' dir='ltr'><strong>lib.</strong></span> <span class='ocrx_word' id='word_1_681' title='bbox 1722 1889 1750 1909; x_wconf 74' lang='grc' dir='ltr'><strong>ν.</strong></span> <span class='ocrx_word' id='word_1_682' title='bbox 1773 1881 1826 1914; x_wconf 88' lang='lat' dir='ltr'><strong>Qui</strong></span> 
     </span>
    </p>
   </div>
   <div class='ocr_carea' id='block_1_100' title="bbox 1030 1925 1826 1964">
    <p class='ocr_par' dir='ltr' id='par_1_100' title="bbox 1030 1925 1826 1964">
     <span class='ocr_line' id='line_1_100' title="bbox 1030 1925 1826 1964; baseline -0.005 -8"><span class='ocrx_word' id='word_1_683' title='bbox 1030 1929 1076 1957; x_wconf 90' lang='lat' dir='ltr'><strong>alii</strong></span> <span class='ocrx_word' id='word_1_684' title='bbox 1090 1929 1117 1956; x_wconf 91' lang='lat' dir='ltr'><strong>id</strong></span> <span class='ocrx_word' id='word_1_685' title='bbox 1132 1929 1238 1956; x_wconf 85' lang='lat' dir='ltr'><strong>facinus</strong></span> <span class='ocrx_word' id='word_1_686' title='bbox 1250 1933 1453 1964; x_wconf 86' lang='lat' dir='ltr'><strong>perpetrarunt,</strong></span> <span class='ocrx_word' id='word_1_687' title='bbox 1468 1927 1597 1954; x_wconf 86' lang='lat' dir='ltr'><strong>videntur</strong></span> <span class='ocrx_word' id='word_1_688' title='bbox 1611 1926 1695 1954; x_wconf 88' lang='lat' dir='ltr'><strong>fuisse</strong></span> <span class='ocrx_word' id='word_1_689' title='bbox 1704 1925 1826 1954; x_wconf 90' lang='lat' dir='ltr'><strong>Parabo-</strong></span> 
     </span>
    </p>
   </div>
   <div class='ocr_carea' id='block_1_101' title="bbox 1030 1972 1826 2008">
    <p class='ocr_par' dir='ltr' id='par_1_101' title="bbox 1030 1972 1826 2008">
     <span class='ocr_line' id='line_1_101' title="bbox 1030 1972 1826 2008; baseline -0.003 -6"><span class='ocrx_word' id='word_1_690' title='bbox 1030 1975 1096 2007; x_wconf 86' lang='lat' dir='ltr'><strong>lani,</strong></span> <span class='ocrx_word' id='word_1_691' title='bbox 1115 1975 1158 2002; x_wconf 87' lang='lat' dir='ltr'><strong>vel</strong></span> <span class='ocrx_word' id='word_1_692' title='bbox 1171 1975 1349 2007; x_wconf 80' lang='lat' dir='ltr'><strong>i&#39;arabolarii,</strong></span> <span class='ocrx_word' id='word_1_693' title='bbox 1367 1982 1415 2003; x_wconf 92' lang='lat' dir='ltr'><strong>seu</strong></span> <span class='ocrx_word' id='word_1_694' title='bbox 1428 1973 1562 2006; x_wconf 85' lang='lat' dir='ltr'><strong>Paraboli,</strong></span> <span class='ocrx_word' id='word_1_695' title='bbox 1575 1973 1622 2008; x_wconf 88' lang='lat' dir='ltr'><strong>qui</strong></span> <span class='ocrx_word' id='word_1_696' title='bbox 1635 1972 1826 2008; x_wconf 67' lang='lat' dir='ltr'><strong>mgrotantium</strong></span> 
     </span>
    </p>
   </div>
   <div class='ocr_carea' id='block_1_102' title="bbox 1031 2018 1825 2057">
    <p class='ocr_par' dir='ltr' id='par_1_102' title="bbox 1031 2018 1825 2057">
     <span class='ocr_line' id='line_1_102' title="bbox 1031 2018 1825 2057; baseline -0.005 -8"><span class='ocrx_word' id='word_1_697' title='bbox 1031 2029 1126 2049; x_wconf 89' lang='lat' dir='ltr'><strong>curam</strong></span> <span class='ocrx_word' id='word_1_698' title='bbox 1140 2021 1337 2057; x_wconf 87' lang='lat' dir='ltr'><strong>suscipiebant,</strong></span> <span class='ocrx_word' id='word_1_699' title='bbox 1353 2025 1381 2048; x_wconf 90' lang='lat' dir='ltr'><strong>et</strong></span> <span class='ocrx_word' id='word_1_700' title='bbox 1394 2025 1470 2057; x_wconf 88' lang='lat' dir='ltr'><strong>peste</strong></span> <span class='ocrx_word' id='word_1_701' title='bbox 1484 2027 1594 2055; x_wconf 88' lang='lat' dir='ltr'><strong>quoque</strong></span> <span class='ocrx_word' id='word_1_702' title='bbox 1606 2019 1713 2047; x_wconf 87' lang='lat' dir='ltr'><strong>infectis</strong></span> <span class='ocrx_word' id='word_1_703' title='bbox 1723 2018 1825 2046; x_wconf 82' lang='lat' dir='ltr'><strong>subve-</strong></span> 
     </span>
    </p>
   </div>
   <div class='ocr_carea' id='block_1_103' title="bbox 1031 2065 1825 2102">
    <p class='ocr_par' dir='ltr' id='par_1_103' title="bbox 1031 2065 1825 2102">
     <span class='ocr_line' id='line_1_103' title="bbox 1031 2065 1825 2102; baseline -0.003 -8"><span class='ocrx_word' id='word_1_704' title='bbox 1031 2067 1159 2099; x_wconf 78' lang='lat' dir='ltr'><strong>niebant:</strong></span> <span class='ocrx_word' id='word_1_705' title='bbox 1172 2067 1219 2102; x_wconf 92' lang='lat' dir='ltr'><strong>qui</strong></span> <span class='ocrx_word' id='word_1_706' title='bbox 1238 2075 1301 2094; x_wconf 90' lang='lat' dir='ltr'><strong>cum</strong></span> <span class='ocrx_word' id='word_1_707' title='bbox 1316 2067 1444 2102; x_wconf 85' lang='lat' dir='ltr'><strong>episcopo</strong></span> <span class='ocrx_word' id='word_1_708' title='bbox 1467 2067 1621 2098; x_wconf 83' lang='lat' dir='ltr'><strong>subessent,</strong></span> <span class='ocrx_word' id='word_1_709' title='bbox 1639 2066 1729 2093; x_wconf 82' lang='lat' dir='ltr'><strong>eidem</strong></span> <span class='ocrx_word' id='word_1_710' title='bbox 1748 2065 1825 2092; x_wconf 89' lang='lat' dir='ltr'><strong>fave-</strong></span> 
     </span>
    </p>
   </div>
   <div class='ocr_carea' id='block_1_104' title="bbox 1031 2110 1826 2149">
    <p class='ocr_par' dir='ltr' id='par_1_104' title="bbox 1031 2110 1826 2149">
     <span class='ocr_line' id='line_1_104' title="bbox 1031 2110 1826 2149; baseline -0.004 -8"><span class='ocrx_word' id='word_1_711' title='bbox 1031 2114 1107 2145; x_wconf 89' lang='lat' dir='ltr'><strong>bant,</strong></span> <span class='ocrx_word' id='word_1_712' title='bbox 1121 2118 1150 2141; x_wconf 89' lang='lat' dir='ltr'><strong>et</strong></span> <span class='ocrx_word' id='word_1_713' title='bbox 1164 2114 1304 2149; x_wconf 80' lang='lat' dir='ltr'><strong>negotium</strong></span> <span class='ocrx_word' id='word_1_714' title='bbox 1326 2113 1496 2140; x_wconf 77' lang='lat' dir='ltr'><strong>facesscbant</strong></span> <span class='ocrx_word' id='word_1_715' title='bbox 1517 2112 1663 2147; x_wconf 71' lang='lat' dir='ltr'><strong>praefectis.</strong></span> <span class='ocrx_word' id='word_1_716' title='bbox 1682 2111 1773 2144; x_wconf 85' lang='lat' dir='ltr'><strong>Quare</strong></span> <span class='ocrx_word' id='word_1_717' title='bbox 1791 2110 1826 2138; x_wconf 87' lang='lat' dir='ltr'><strong>de</strong></span> 
     </span>
    </p>
   </div>
   <div class='ocr_carea' id='block_1_105' title="bbox 1032 2157 1826 2194">
    <p class='ocr_par' dir='ltr' id='par_1_105' title="bbox 1032 2157 1826 2194">
     <span class='ocr_line' id='line_1_105' title="bbox 1032 2157 1826 2194; baseline -0.005 -6"><span class='ocrx_word' id='word_1_718' title='bbox 1032 2160 1074 2188; x_wconf 91' lang='lat' dir='ltr'><strong>his</strong></span> <span class='ocrx_word' id='word_1_719' title='bbox 1085 2167 1157 2188; x_wconf 91' lang='lat' dir='ltr'><strong>anno</strong></span> <span class='ocrx_word' id='word_1_720' title='bbox 1167 2160 1219 2187; x_wconf 90' lang='lat' dir='ltr'><strong>hoc</strong></span> <span class='ocrx_word' id='word_1_721' title='bbox 1230 2159 1282 2187; x_wconf 76' lang='lat' dir='ltr'><strong>M6</strong></span> <span class='ocrx_word' id='word_1_722' title='bbox 1294 2159 1434 2194; x_wconf 88' lang='lat' dir='ltr'><strong>rescripsit</strong></span> <span class='ocrx_word' id='word_1_723' title='bbox 1444 2159 1616 2186; x_wconf 85' lang='lat' dir='ltr'><strong>Theodosius</strong></span> <span class='ocrx_word' id='word_1_724' title='bbox 1625 2158 1658 2185; x_wconf 87' lang='lat' dir='ltr'><strong>ad</strong></span> <span class='ocrx_word' id='word_1_725' title='bbox 1670 2157 1826 2185; x_wconf 86' lang='lat' dir='ltr'><strong>Monaxium</strong></span> 
     </span>
    </p>
   </div>
   <div class='ocr_carea' id='block_1_106' title="bbox 1032 2203 1825 2242">
    <p class='ocr_par' dir='ltr' id='par_1_106' title="bbox 1032 2203 1825 2242">
     <span class='ocr_line' id='line_1_106' title="bbox 1032 2203 1825 2242; baseline -0.006 -8"><span class='ocrx_word' id='word_1_726' title='bbox 1032 2206 1188 2242; x_wconf 71' lang='lat' dir='ltr'><strong>praefectum</strong></span> <span class='ocrx_word' id='word_1_727' title='bbox 1208 2205 1346 2241; x_wconf 64' lang='lat' dir='ltr'><strong>praetorio,</strong></span> <span class='ocrx_word' id='word_1_728' title='bbox 1370 2205 1388 2232; x_wconf 95' lang='lat' dir='ltr'><strong>I.</strong></span> <span class='ocrx_word' id='word_1_729' title='bbox 1414 2212 1476 2237; x_wconf 81' lang='lat' dir='ltr'><strong>xui,</strong></span> <span class='ocrx_word' id='word_1_730' title='bbox 1504 2205 1542 2232; x_wconf 89' lang='lat' dir='ltr'><strong>De</strong></span> <span class='ocrx_word' id='word_1_731' title='bbox 1558 2204 1642 2239; x_wconf 88' lang='lat' dir='ltr'><strong>episc.</strong></span> <span class='ocrx_word' id='word_1_732' title='bbox 1668 2209 1696 2230; x_wconf 87' lang='lat' dir='ltr'><strong>et</strong></span> <span class='ocrx_word' id='word_1_733' title='bbox 1720 2203 1825 2235; x_wconf 89' lang='lat' dir='ltr'><strong>cleric.,</strong></span> 
     </span>
    </p>
   </div>
   <div class='ocr_carea' id='block_1_107' title="bbox 1028 2249 1826 2287">
    <p class='ocr_par' dir='ltr' id='par_1_107' title="bbox 1028 2249 1826 2287">
     <span class='ocr_line' id='line_1_107' title="bbox 1028 2249 1826 2287; baseline -0.008 -6"><span class='ocrx_word' id='word_1_734' title='bbox 1028 2251 1095 2281; x_wconf 84' lang='lat' dir='ltr'><strong>Cod.</strong></span> <span class='ocrx_word' id='word_1_735' title='bbox 1109 2251 1226 2284; x_wconf 89' lang='lat' dir='ltr'><strong>Theod.,</strong></span> <span class='ocrx_word' id='word_1_736' title='bbox 1240 2251 1392 2287; x_wconf 85' lang='lat' dir='ltr'><strong>prohibens</strong></span> <span class='ocrx_word' id='word_1_737' title='bbox 1403 2259 1438 2279; x_wconf 87' lang='lat' dir='ltr'><strong>ne</strong></span> <span class='ocrx_word' id='word_1_738' title='bbox 1450 2250 1594 2286; x_wconf 87' lang='lat' dir='ltr'><strong>collegium</strong></span> <span class='ocrx_word' id='word_1_739' title='bbox 1605 2250 1672 2277; x_wconf 93' lang='lat' dir='ltr'><strong>illud</strong></span> <span class='ocrx_word' id='word_1_740' title='bbox 1680 2249 1826 2277; x_wconf 85' lang='lat' dir='ltr'><strong>excederet</strong></span> 
     </span>
    </p>
   </div>
   <div class='ocr_carea' id='block_1_108' title="bbox 1029 2296 1826 2333">
    <p class='ocr_par' dir='ltr' id='par_1_108' title="bbox 1029 2296 1826 2333">
     <span class='ocr_line' id='line_1_108' title="bbox 1029 2296 1826 2333; baseline -0.005 -8"><span class='ocrx_word' id='word_1_741' title='bbox 1029 2305 1176 2326; x_wconf 87' lang='lat' dir='ltr'><strong>numerum</strong></span> <span class='ocrx_word' id='word_1_742' title='bbox 1189 2297 1418 2333; x_wconf 84' lang='lat' dir='ltr'><strong>quingentorum;</strong></span> <span class='ocrx_word' id='word_1_743' title='bbox 1434 2296 1599 2331; x_wconf 88' lang='lat' dir='ltr'><strong>eosdemque</strong></span> <span class='ocrx_word' id='word_1_744' title='bbox 1608 2296 1709 2331; x_wconf 86' lang='lat' dir='ltr'><strong>jubens</strong></span> <span class='ocrx_word' id='word_1_745' title='bbox 1726 2303 1782 2322; x_wconf 92' lang='lat' dir='ltr'><strong>non</strong></span> <span class='ocrx_word' id='word_1_746' title='bbox 1793 2302 1826 2321; x_wconf 88' lang='lat' dir='ltr'><strong>ex</strong></span> 
     </span>
    </p>
   </div>
   <div class='ocr_carea' id='block_1_109' title="bbox 1029 2340 1825 2378">
    <p class='ocr_par' dir='ltr' id='par_1_109' title="bbox 1029 2340 1825 2378">
     <span class='ocr_line' id='line_1_109' title="bbox 1029 2340 1825 2378; baseline -0.004 -8"><span class='ocrx_word' id='word_1_747' title='bbox 1029 2343 1164 2371; x_wconf 82' lang='lat' dir='ltr'><strong>divitibus</strong></span> <span class='ocrx_word' id='word_1_748' title='bbox 1177 2342 1225 2370; x_wconf 83' lang='lat' dir='ltr'><strong>sed</strong></span> <span class='ocrx_word' id='word_1_749' title='bbox 1238 2343 1408 2378; x_wconf 89' lang='lat' dir='ltr'><strong>pauperibus</strong></span> <span class='ocrx_word' id='word_1_750' title='bbox 1424 2342 1492 2378; x_wconf 83' lang='lat' dir='ltr'><strong>legi;</strong></span> <span class='ocrx_word' id='word_1_751' title='bbox 1506 2349 1559 2369; x_wconf 81' lang='lat' dir='ltr'><strong>nec</strong></span> <span class='ocrx_word' id='word_1_752' title='bbox 1573 2342 1659 2368; x_wconf 82' lang='lat' dir='ltr'><strong>ullum</strong></span> <span class='ocrx_word' id='word_1_753' title='bbox 1678 2340 1755 2369; x_wconf 88' lang='lat' dir='ltr'><strong>adire</strong></span> <span class='ocrx_word' id='word_1_754' title='bbox 1773 2348 1825 2377; x_wconf 78' lang='lat' dir='ltr'><strong>pu-</strong></span> 
     </span>
    </p>
   </div>
   <div class='ocr_carea' id='block_1_110' title="bbox 993 2385 1826 2426">
    <p class='ocr_par' dir='ltr' id='par_1_110' title="bbox 993 2385 1826 2426">
     <span class='ocr_line' id='line_1_110' title="bbox 993 2385 1826 2426; baseline -0.005 -9"><span class='ocrx_word' id='word_1_755' title='bbox 993 2396 995 2398; x_wconf 78' lang='lat'><strong>&#39;</strong></span> <span class='ocrx_word' id='word_1_756' title='bbox 1030 2390 1131 2418; x_wconf 89' lang='lat' dir='ltr'><strong>blicum</strong></span> <span class='ocrx_word' id='word_1_757' title='bbox 1151 2390 1349 2426; x_wconf 87' lang='lat' dir='ltr'><strong>spectaculum,</strong></span> <span class='ocrx_word' id='word_1_758' title='bbox 1370 2393 1417 2418; x_wconf 90' lang='lat' dir='ltr'><strong>aut</strong></span> <span class='ocrx_word' id='word_1_759' title='bbox 1432 2389 1465 2416; x_wconf 90' lang='lat' dir='ltr'><strong>ad</strong></span> <span class='ocrx_word' id='word_1_760' title='bbox 1485 2389 1590 2416; x_wconf 86' lang='lat' dir='ltr'><strong>curiam</strong></span> <span class='ocrx_word' id='word_1_761' title='bbox 1611 2387 1753 2419; x_wconf 89' lang='lat' dir='ltr'><strong>accedere,</strong></span> <span class='ocrx_word' id='word_1_762' title='bbox 1774 2385 1826 2414; x_wconf 86' lang='lat' dir='ltr'><strong>nisi</strong></span> 
     </span>
    </p>
   </div>
   <div class='ocr_carea' id='block_1_111' title="bbox 1029 2434 1820 2472">
    <p class='ocr_par' dir='ltr' id='par_1_111' title="bbox 1029 2434 1820 2472">
     <span class='ocr_line' id='line_1_111' title="bbox 1029 2434 1820 2472; baseline -0.005 -8"><span class='ocrx_word' id='word_1_763' title='bbox 1029 2435 1160 2472; x_wconf 84' lang='lat' dir='ltr'><strong>singulos,</strong></span> <span class='ocrx_word' id='word_1_764' title='bbox 1180 2441 1209 2464; x_wconf 89' lang='lat' dir='ltr'><strong>et</strong></span> <span class='ocrx_word' id='word_1_765' title='bbox 1225 2440 1339 2472; x_wconf 86' lang='lat' dir='ltr'><strong>urgente</strong></span> <span class='ocrx_word' id='word_1_766' title='bbox 1363 2435 1533 2464; x_wconf 85' lang='lat' dir='ltr'><strong>necessitate.</strong></span> <span class='ocrx_word' id='word_1_767' title='bbox 1560 2434 1709 2470; x_wconf 83' lang='lat' dir='ltr'><strong>Rescripsit</strong></span> <span class='ocrx_word' id='word_1_768' title='bbox 1727 2439 1820 2461; x_wconf 79' lang='lat' dir='ltr'><strong>tamen</strong></span> 
     </span>
    </p>
   </div>
   <div class='ocr_carea' id='block_1_112' title="bbox 1030 2481 1827 2519">
    <p class='ocr_par' dir='ltr' id='par_1_112' title="bbox 1030 2481 1827 2519">
     <span class='ocr_line' id='line_1_112' title="bbox 1030 2481 1827 2519; baseline -0.003 -9"><span class='ocrx_word' id='word_1_769' title='bbox 1030 2488 1124 2519; x_wconf 86' lang='lat' dir='ltr'><strong>postea</strong></span> <span class='ocrx_word' id='word_1_770' title='bbox 1135 2483 1154 2510; x_wconf 92' lang='grc'>1.</span> <span class='ocrx_word' id='word_1_771' title='bbox 1169 2491 1245 2516; x_wconf 80' lang='lat' dir='ltr'><strong>mn,</strong></span> <span class='ocrx_word' id='word_1_772' title='bbox 1260 2483 1374 2515; x_wconf 87' lang='lat' dir='ltr'><strong>ibidem,</strong></span> <span class='ocrx_word' id='word_1_773' title='bbox 1386 2487 1417 2510; x_wconf 88' lang='lat' dir='ltr'><strong>ut</strong></span> <span class='ocrx_word' id='word_1_774' title='bbox 1430 2490 1527 2511; x_wconf 91' lang='lat' dir='ltr'><strong>corum</strong></span> <span class='ocrx_word' id='word_1_775' title='bbox 1538 2486 1627 2510; x_wconf 66' lang='lat' dir='ltr'><strong>cintus</strong></span> <span class='ocrx_word' id='word_1_776' title='bbox 1635 2481 1669 2508; x_wconf 89' lang='lat' dir='ltr'><strong>ad</strong></span> <span class='ocrx_word' id='word_1_777' title='bbox 1681 2486 1827 2509; x_wconf 85' lang='lat' dir='ltr'><strong>sexcentos</strong></span> 
     </span>
    </p>
   </div>
   <div class='ocr_carea' id='block_1_113' title="bbox 1030 2527 1828 2566">
    <p class='ocr_par' dir='ltr' id='par_1_113' title="bbox 1030 2527 1828 2566">
     <span class='ocr_line' id='line_1_113' title="bbox 1030 2527 1828 2566; baseline -0.005 -8"><span class='ocrx_word' id='word_1_778' title='bbox 1030 2535 1123 2566; x_wconf 84' lang='lat' dir='ltr'><strong>posset</strong></span> <span class='ocrx_word' id='word_1_779' title='bbox 1139 2530 1308 2565; x_wconf 83' lang='lat' dir='ltr'><strong>amplificari,</strong></span> <span class='ocrx_word' id='word_1_780' title='bbox 1330 2529 1431 2564; x_wconf 91' lang='lat' dir='ltr'><strong>quibus</strong></span> <span class='ocrx_word' id='word_1_781' title='bbox 1447 2529 1474 2556; x_wconf 94' lang='lat' dir='ltr'><strong>in</strong></span> <span class='ocrx_word' id='word_1_782' title='bbox 1485 2529 1614 2556; x_wconf 87' lang='lat' dir='ltr'><strong>omnibus</strong></span> <span class='ocrx_word' id='word_1_783' title='bbox 1627 2532 1756 2563; x_wconf 63' lang='lat' dir='ltr'><strong>praeesset</strong></span> <span class='ocrx_word' id='word_1_784' title='bbox 1769 2527 1828 2562; x_wconf 78' lang='lat' dir='ltr'><strong>epi-</strong></span> 
     </span>
    </p>
   </div>
   <div class='ocr_carea' id='block_1_114' title="bbox 1031 2573 1826 2611">
    <p class='ocr_par' dir='ltr' id='par_1_114' title="bbox 1031 2573 1826 2611">
     <span class='ocr_line' id='line_1_114' title="bbox 1031 2573 1826 2611; baseline -0.005 -7"><span class='ocrx_word' id='word_1_785' title='bbox 1031 2583 1131 2611; x_wconf 82' lang='lat' dir='ltr'><strong>scopus</strong></span> <span class='ocrx_word' id='word_1_786' title='bbox 1149 2575 1366 2608; x_wconf 83' lang='lat' dir='ltr'><strong>Alexandrinus;</strong></span> <span class='ocrx_word' id='word_1_787' title='bbox 1380 2582 1444 2602; x_wconf 89' lang='lat' dir='ltr'><strong>nam</strong></span> <span class='ocrx_word' id='word_1_788' title='bbox 1458 2580 1487 2602; x_wconf 89' lang='lat' dir='ltr'><strong>et</strong></span> <span class='ocrx_word' id='word_1_789' title='bbox 1496 2574 1612 2602; x_wconf 89' lang='lat' dir='ltr'><strong>clericos</strong></span> <span class='ocrx_word' id='word_1_790' title='bbox 1627 2573 1745 2609; x_wconf 70' lang='lat' dir='ltr'><strong>appellat</strong></span> <span class='ocrx_word' id='word_1_791' title='bbox 1759 2582 1765 2600; x_wconf 83' lang='lat'><strong>2</strong></span> <span class='ocrx_word' id='word_1_792' title='bbox 1778 2573 1826 2600; x_wconf 76' lang='lat' dir='ltr'><strong>sed</strong></span> 
     </span>
    </p>
   </div>
   <div class='ocr_carea' id='block_1_115' title="bbox 1031 2620 1827 2657">
    <p class='ocr_par' dir='ltr' id='par_1_115' title="bbox 1031 2620 1827 2657">
     <span class='ocr_line' id='line_1_115' title="bbox 1031 2620 1827 2657; baseline -0.005 -7"><span class='ocrx_word' id='word_1_793' title='bbox 1031 2623 1146 2650; x_wconf 84' lang='lat' dir='ltr'><strong>minoris</strong></span> <span class='ocrx_word' id='word_1_794' title='bbox 1160 2622 1265 2650; x_wconf 89' lang='lat' dir='ltr'><strong>ordinis</strong></span> <span class='ocrx_word' id='word_1_795' title='bbox 1279 2622 1475 2657; x_wconf 87' lang='lat' dir='ltr'><strong>interpretatur</strong></span> <span class='ocrx_word' id='word_1_796' title='bbox 1490 2621 1623 2649; x_wconf 82' lang='lat' dir='ltr'><strong>Baronius</strong></span> <span class='ocrx_word' id='word_1_797' title='bbox 1634 2628 1678 2647; x_wconf 91' lang='lat' dir='ltr'><strong>an.</strong></span> <span class='ocrx_word' id='word_1_798' title='bbox 1690 2620 1756 2647; x_wconf 89' lang='lat' dir='ltr'><strong>Chr.</strong></span> <span class='ocrx_word' id='word_1_799' title='bbox 1774 2620 1827 2646; x_wconf 69' lang='lat' dir='ltr'><strong>uti</strong></span> 
     </span>
    </p>
   </div>
   <div class='ocr_carea' id='block_1_116' title="bbox 1031 2665 1825 2702">
    <p class='ocr_par' dir='ltr' id='par_1_116' title="bbox 1031 2665 1825 2702">
     <span class='ocr_line' id='line_1_116' title="bbox 1031 2665 1825 2702; baseline -0.005 -6"><span class='ocrx_word' id='word_1_800' title='bbox 1031 2670 1059 2696; x_wconf 92' lang='lat' dir='ltr'><strong>in</strong></span> <span class='ocrx_word' id='word_1_801' title='bbox 1079 2669 1142 2696; x_wconf 85' lang='lat' dir='ltr'><strong>ﬁne.</strong></span> <span class='ocrx_word' id='word_1_802' title='bbox 1166 2669 1225 2696; x_wconf 89' lang='lat' dir='ltr'><strong>Huc</strong></span> <span class='ocrx_word' id='word_1_803' title='bbox 1243 2667 1353 2696; x_wconf 80' lang='lat' dir='ltr'><strong>videtur</strong></span> <span class='ocrx_word' id='word_1_804' title='bbox 1369 2667 1522 2702; x_wconf 85' lang='lat' dir='ltr'><strong>respexisse</strong></span> <span class='ocrx_word' id='word_1_805' title='bbox 1543 2666 1664 2694; x_wconf 85' lang='lat' dir='ltr'><strong>Isidorus</strong></span> <span class='ocrx_word' id='word_1_806' title='bbox 1688 2665 1825 2693; x_wconf 75' lang='lat' dir='ltr'><strong>Pelusiota</strong></span> 
     </span>
    </p>
   </div>
   <div class='ocr_carea' id='block_1_117' title="bbox 1031 2710 1826 2750">
    <p class='ocr_par' dir='ltr' id='par_1_117' title="bbox 1031 2710 1826 2750">
     <span class='ocr_line' id='line_1_117' title="bbox 1031 2710 1826 2750; baseline -0.005 -8"><span class='ocrx_word' id='word_1_807' title='bbox 1031 2714 1080 2742; x_wconf 88' lang='lat' dir='ltr'><strong>lib.</strong></span> <span class='ocrx_word' id='word_1_808' title='bbox 1097 2723 1123 2747; x_wconf 77' lang='grc' dir='ltr'><strong>ν,</strong></span> <span class='ocrx_word' id='word_1_809' title='bbox 1137 2715 1218 2750; x_wconf 83' lang='lat' dir='ltr'><strong>epist.</strong></span> <span class='ocrx_word' id='word_1_810' title='bbox 1233 2714 1296 2746; x_wconf 67' lang='lat'><strong>268,</strong></span> <span class='ocrx_word' id='word_1_811' title='bbox 1308 2713 1348 2741; x_wconf 81' lang='lat' dir='ltr'><strong>Ad</strong></span> <span class='ocrx_word' id='word_1_812' title='bbox 1360 2713 1388 2740; x_wconf 89' lang='lat' dir='ltr'><strong>S.</strong></span> <span class='ocrx_word' id='word_1_813' title='bbox 1403 2713 1543 2749; x_wconf 79' lang='lat' dir='ltr'><strong>Cyrillum,</strong></span> <span class='ocrx_word' id='word_1_814' title='bbox 1555 2717 1583 2740; x_wconf 86' lang='lat' dir='ltr'><strong>et</strong></span> <span class='ocrx_word' id='word_1_815' title='bbox 1599 2710 1679 2747; x_wconf 85' lang='lat' dir='ltr'><strong>epist.</strong></span> <span class='ocrx_word' id='word_1_816' title='bbox 1701 2711 1764 2743; x_wconf 73' lang='grc'><strong>278,</strong></span> <span class='ocrx_word' id='word_1_817' title='bbox 1784 2711 1826 2738; x_wconf 77' lang='lat' dir='ltr'><strong>Ad</strong></span> 
     </span>
    </p>
   </div>
   <div class='ocr_carea' id='block_1_118' title="bbox 1032 2758 1825 2796">
    <p class='ocr_par' dir='ltr' id='par_1_118' title="bbox 1032 2758 1825 2796">
     <span class='ocr_line' id='line_1_118' title="bbox 1032 2758 1825 2796; baseline -0.005 -8"><span class='ocrx_word' id='word_1_818' title='bbox 1032 2761 1150 2793; x_wconf 73' lang='lat' dir='ltr'><strong>Petrum,</strong></span> <span class='ocrx_word' id='word_1_819' title='bbox 1170 2761 1312 2795; x_wconf 85' lang='lat' dir='ltr'><strong>disputans</strong></span> <span class='ocrx_word' id='word_1_820' title='bbox 1325 2768 1359 2787; x_wconf 92' lang='lat' dir='ltr'><strong>an</strong></span> <span class='ocrx_word' id='word_1_821' title='bbox 1376 2760 1449 2796; x_wconf 79' lang='lat' dir='ltr'><strong>regia</strong></span> <span class='ocrx_word' id='word_1_822' title='bbox 1465 2763 1585 2794; x_wconf 79' lang='lat' dir='ltr'><strong>potestas</strong></span> <span class='ocrx_word' id='word_1_823' title='bbox 1611 2759 1714 2786; x_wconf 86' lang='lat' dir='ltr'><strong>clerum</strong></span> <span class='ocrx_word' id='word_1_824' title='bbox 1734 2758 1761 2785; x_wconf 91' lang='lat' dir='ltr'><strong>in</strong></span> <span class='ocrx_word' id='word_1_825' title='bbox 1778 2765 1825 2784; x_wconf 92' lang='lat' dir='ltr'><strong>or-</strong></span> 
     </span>
    </p>
   </div>
   <div class='ocr_carea' id='block_1_119' title="bbox 1032 2806 1365 2842">
    <p class='ocr_par' dir='ltr' id='par_1_119' title="bbox 1032 2806 1365 2842">
     <span class='ocr_line' id='line_1_119' title="bbox 1032 2806 1365 2842; baseline -0.006 -8"><span class='ocrx_word' id='word_1_826' title='bbox 1032 2807 1123 2834; x_wconf 86' lang='lat' dir='ltr'><strong>dinem</strong></span> <span class='ocrx_word' id='word_1_827' title='bbox 1136 2807 1257 2842; x_wconf 84' lang='lat' dir='ltr'><strong>redigere</strong></span> <span class='ocrx_word' id='word_1_828' title='bbox 1272 2806 1365 2841; x_wconf 87' lang='lat' dir='ltr'><strong>possit.</strong></span> 
     </span>
    </p>
   </div>
   <div class='ocr_carea' id='block_1_120' title="bbox 1068 2859 1825 2897">
    <p class='ocr_par' dir='ltr' id='par_1_120' title="bbox 1068 2859 1825 2897">
     <span class='ocr_line' id='line_1_120' title="bbox 1068 2859 1825 2897; baseline -0.005 -8"><span class='ocrx_word' id='word_1_829' title='bbox 1068 2863 1112 2890; x_wconf 73' lang='lat'><strong>29.</strong></span> <span class='ocrx_word' id='word_1_830' title='bbox 1139 2862 1306 2897; x_wconf 81' lang='lat' dir='ltr'><strong>Subjicimus</strong></span> <span class='ocrx_word' id='word_1_831' title='bbox 1336 2870 1396 2897; x_wconf 63' lang='lat' dir='ltr'><strong>«ptio</strong></span> <span class='ocrx_word' id='word_1_832' title='bbox 1425 2863 1451 2889; x_wconf 91' lang='lat' dir='ltr'><strong>in</strong></span> <span class='ocrx_word' id='word_1_833' title='bbox 1480 2861 1633 2889; x_wconf 79' lang='lat' dir='ltr'><strong>revocando</strong></span> <span class='ocrx_word' id='word_1_834' title='bbox 1661 2859 1825 2887; x_wconf 68' lang='lat' dir='ltr'><strong>anachoreta</strong></span> 
     </span>
    </p>
   </div>
   <div class='ocr_carea' id='block_1_121' title="bbox 1033 2904 1824 2944">
    <p class='ocr_par' dir='ltr' id='par_1_121' title="bbox 1033 2904 1824 2944">
     <span class='ocr_line' id='line_1_121' title="bbox 1033 2904 1824 2944; baseline -0.006 -9"><span class='ocrx_word' id='word_1_835' title='bbox 1033 2908 1161 2944; x_wconf 88' lang='lat' dir='ltr'><strong>quodam,</strong></span> <span class='ocrx_word' id='word_1_836' title='bbox 1179 2908 1237 2934; x_wconf 83' lang='lat' dir='ltr'><strong>viro</strong></span> <span class='ocrx_word' id='word_1_837' title='bbox 1260 2911 1364 2939; x_wconf 78' lang='lat' dir='ltr'><strong>sancto,</strong></span> <span class='ocrx_word' id='word_1_838' title='bbox 1388 2907 1434 2934; x_wconf 83' lang='lat' dir='ltr'><strong>sed</strong></span> <span class='ocrx_word' id='word_1_839' title='bbox 1456 2906 1488 2933; x_wconf 82' lang='lat' dir='ltr'><strong>ad</strong></span> <span class='ocrx_word' id='word_1_840' title='bbox 1508 2906 1631 2934; x_wconf 65' lang='lat' dir='ltr'><strong>haeresim</strong></span> <span class='ocrx_word' id='word_1_841' title='bbox 1656 2904 1824 2940; x_wconf 65' lang='lat' dir='ltr'><strong>prolabi-nte,</strong></span> 
     </span>
    </p>
   </div>
  </div>
