1929 3042
83 119 123 147 21
773 123 801 151 S.
822 123 888 151 CYll

941 124 960 151 ιι
982 123 1070 151 “TK.
1703 125 1738 151 ξε

86 178 239 213 prudenter
259 179 395 216 aCyrillo
404 177 661 217 gesta-referuntur,
682 182 759 210 lib.v
780 182 818 209 De
829 182 887 210 vilis
905 185 924 212 A
938 182 1120 217 Nicephorus,
1152 183 1200 210 lib.
1233 191 1288 216 xiv,
1318 190 1377 218 cap.
1405 182 1441 210 25
1471 187 1503 210 et
1524 183 1703 217 sequentibus
1729 191 1737 209 :

86 223 212 257 Patrum,
227 225 324 254 libello
336 227 383 260 18',
400 236 477 255 num.
492 228 518 255 4.
535 237 543 253 ι
556 228 648 256 Abbas
658 228 753 256 Daniel
769 227 891 256 narravit

85 271 125 299 de
142 271 195 299 alio
208 280 276 300 sene
293 281 406 309 magno,
418 274 465 309 qui
481 274 621 302 habitabat
634 274 661 302 in
672 274 816 302 inferiores
826 281 889 310 par-

86 323 130 346 tes
152 318 273 355 Egypti,
297 320 364 355 quia
386 321 492 349 diceret
515 329 564 356 per
583 321 796 357 simplicitatem,
816 322 890 357 quod

85 364 291 394 Melchisedech
311 367 370 402 ipse
383 372 426 396 est
440 368 511 397 [ilius
525 369 584 397 Dei.
602 369 660 397 Hoc
678 374 770 397 autem
785 369 889 398 indica-

85 415 146 438 tum
174 416 220 439 est
250 417 353 441 sanctae
385 415 525 443 memoriae
553 415 653 451 Cyrillo
684 416 890 451 archiepiscopo

85 459 286 492 Alexandrino,
302 465 331 488 et
348 461 423 490 misit
443 462 477 490 ad
499 470 573 490 eum.
597 462 693 491 Sciens
709 467 801 491 autem
825 464 890 498 quia

84 504 200 539 signifer
212 510 290 533 esset
307 506 354 534 ille
370 515 463 540 senex,
484 512 511 535 et
530 507 663 543 quidquid
687 513 794 544 peteret
806 517 822 536 a
834 509 890 537 Deo

86 549 266 578 rcvelabatur
284 551 322 584 ei,
340 557 370 580 et
379 552 442 587 quia
457 553 619 588 simpliciter
632 553 738 582 diceret
757 554 811 582 hoc
826 562 889 582 ver-

85 595 163 627 bum,
182 604 253 624 usus
272 602 317 625 est.
336 598 493 633 huiusmodi
516 599 632 632 ratione,-
656 600 751 628 dicens
769 609 783 628 :*
799 600 888 633 Abba,

86 650 152 677 rogo
167 647 204 675 te,
222 643 296 678 quia:
310 643 339 671 in
355 644 520 680 cogitatione
543 654 605 674 mea
617 650 661 674 est
683 646 756 682 quod
776 645 889 674 Melchi-

86 688 189 716 sedech
214 689 275 723 ipse
295 690 334 718 sit
354 690 428 719 filius
448 691 517 719 Dei:
534 696 564 719 et
583 699 680 720 rursus
690 691 744 720 alia
760 692 890 728 cogitatio

86 743 152 762 mea»
167 734 236 763 dicit
253 736 328 771 quia-
341 744 398 764 non
414 737 460 770 sit,
481 738 528 765 sed
547 738 630 766 homo
644 737 691 771 sit,
716 742 745 766 et
761 739 889 767 sacerdos

85 788 212 808 summus
234 781 324 809 fuerit
342 782 401 810 Dei.
423 782 558 816 Quoniam
575 791 640 820 ergo
659 784 756 813 haesito
773 784 808 812 de
824 784 887 819 hoc,

86 824 190 852 idcirco
210 826 276 854 misi
300 827 336 854 ad
353 832 390 860 te,
410 833 440 856 ut
458 828 615 864 depreceris
637 830 734 863 Deum,
752 835 889 866 quatenus

949 238 958 254 σ
974 228 1127 256 Alexander
1140 229 1231 264 itaque
1242 234 1271 257 et
1289 229 1344 257 vita
1353 233 1382 257 et
1393 228 1518 256 doctrina
1537 229 1668 264 optimus,
1682 229 1740 256 zelo

944 274 1048 310 ingenti
1062 274 1175 303 Joannis
1188 283 1297 303 causam
1306 275 1411 308 fovens,
1426 275 1532 310 primus
1548 275 1623 302 illius
1638 282 1740 301 nomen

944 322 972 349 in
989 320 1206 349 ecclesiasticum
1223 321 1318 349 retulit
1336 321 1428 349 album
1445 330 1452 348 :
1467 310 1549 356 aique
1568 320 1603 348 ad
1623 321 1737 355 impera-

944 371 1032 394 torem
1049 374 1200 402 omnesquc
1218 366 1321 402 ubique
1336 367 1491 402 episcopos,
1509 370 1539 393 ut
1556 366 1627 393 idem
1639 370 1667 393 et
1689 365 1738 399 ipsi

943 413 1074 446 facerent,
1090 417 1118 441 et
1131 421 1163 440 ea
1178 421 1208 440 re
1220 420 1315 448 pacem
1328 418 1431 441 certam
1449 417 1479 440 et
1495 416 1666 441 constantem
1686 412 1723 439 Et?
1734 427 1739 431 -

943 459 1033 487 clesiae
1049 458 1240 492 conciliarent,
1259 458 1377 494 scripsit.
1394 458 1528 486 Caeterum
1548 466 1611 485 cum
1632 457 1739 485 Atticus

943 513 1053 541 quoque
1068 505 1214 541 episcopus
1226 510 1339 541 propter
1355 504 1497 532 Joannitas
1513 503 1662 532 Ecclesiam
1677 510 1737 530 esse

943 551 1056 579 scissam
1067 551 1184 584 videret,
1203 551 1238 578 de
1257 549 1416 586 principum
1431 549 1577 581 sententia,
1596 548 1655 584 ipse
1669 556 1737 583 quo-
1760 562 1766 569 ι

942 606 996 634 que
1012 598 1181 627 mentionem
1198 597 1273 626 illius
1291 597 1350 625 ﬁeri
1370 596 1399 624 in
1417 595 1624 632 precationibus
1639 595 1735 630 jussit;

941 645 1173 681 quemadmodum
1197 644 1225 673 id
1246 649 1276 673 et
1297 644 1326 672 in
1349 644 1412 671 aliis
1440 642 1587 678 episcopis,
1612 642 1659 676 qui
1681 642 1737 669 vita

941 692 1134 725 excessissent,
1145 690 1205 719 ﬁeri
1219 690 1332 719 solitum
1347 693 1416 718 erat.
1427 689 1517 724 A=tque
1528 696 1561 715 ex
1574 695 1607 715 eo
1616 692 1736 722 tempore

941 747 994 774 pax
1008 738 1123 771 exstitit,
1138 738 1228 766 donec
1239 742 1334 773 postea
1344 743 1454 772 quoque
1468 734 1592 770 reliquie
1603 734 1663 770 ejus
1675 734 1736 761 urbi

940 784 1087 820 imperanti
1110 784 1193 812 illata).
1213 788 1288 812 sunt.
1309 783 1419 823 Atticus
1441 781 1584 813 invidiam,
1605 780 1634 807 in
1654 788 1735 815 quam

940 835 1052 866 propter
1066 830 1190 858 divinum
1202 829 1335 859 Joannem
1346 828 1496 861 deciderat,
1511 828 1564 855 hoc
1575 826 1658 854 modo
1677 834 1735 854 ma-

86 872 209 900 revelare
222 873 274 900 tibi
290 873 422 909 dignetur
443 874 478 903 de
489 875 551 908 hoc,
567 875 634 912 quid
653 876 758 905 veritas
776 877 885 905 habeat.
902 870 924 898 Β
937 874 1036 910 gniﬁce
1057 875 1190 903 abolevit.
1208 875 1265 903 Nec
1288 874 1334 902 ille
1355 873 1436 901 modo
1458 872 1487 899 id
1506 872 1588 905 fecit;
1608 869 1656 899 sed
1675 871 1737 902 aliis

86 918 176 946 Senes
193 925 289 948 autem
303 921 338 948 de
354 922 563 950 conversatione
575 930 625 951 sua
635 931 812 958 praesumens,
824 931 888 952 cum

87 965 185 992 ﬁducia
202 966 276 995 dixit
298 975 304 993 :
327 967 366 995 Da
382 967 450 995 mihi
472 976 522 1003 per
543 973 600 997 tres
620 969 680 997 dies
707 969 842 1003 inducias,
859 975 888 999 et

85 1018 135 1045 ego
146 1010 284 1046 deprecor
296 1013 385 1041 Deum
399 1014 432 1042 de
444 1014 496 1042 hac
508 1022 549 1047 re,
566 1019 595 1043 et
609 1016 739 1044 renuntio
750 1016 800 1043 tibi
813 1016 886 1051 quod

86 1056 151 1084 mihi
165 1057 252 1086 fuerit
264 1059 417 1088 revelatum
427 1061 461 1089 de
476 1061 537 1090 hoc.
552 1062 660 1090 intrans
669 1070 734 1098 ergo
745 1063 774 1090 in
790 1063 887 1091 cellam

86 1110 161 1130 suam
178 1103 385 1139 deprecabatur
398 1107 485 1134 Deum
499 1107 533 1135 de
552 1108 637 1136 verbo
650 1108 704 1136 hoc
718 1117 724 1135 :
736 1113 764 1136 et
774 1109 888 1137 veniens

87 1155 146 1184 post
160 1155 216 1177 tres
232 1151 295 1179 dies
310 1151 491 1180 dixitsancta:
507 1153 645 1181 memoriae
661 1153 782 1190 Cyrillo:
799 1154 888 1183 Homo

85 1201 126 1224 est
144 1196 361 1226 Melchisedech.
377 1198 611 1236 Archiepiscopus
631 1205 724 1228 autem
745 1200 887 1236 respondit

86 1241 109 1268 ei
123 1250 131 1268 :
145 1241 293 1275 Quomodo
310 1248 419 1272 constat
441 1244 513 1280 apud
533 1249 570 1278 te,
591 1245 682 1273 abba?
701 1245 736 1274 Et
756 1245 802 1274 ille
819 1245 888 1274 dixit

86 1288 131 1315 ei:
151 1289 226 1317 Deus
245 1289 369 1318 ostendit
387 1290 455 1318 mihi
477 1298 573 1320 omnes
596 1292 778 1327 patriarchas,
797 1292 835 1320 ita
856 1298 888 1321 ut

87 1333 185 1369 singuli
201 1342 302 1362 eorum
315 1343 410 1363 coram
426 1343 470 1364 me
486 1337 637 1365 transirent
649 1337 683 1365 ab
698 1338 783 1366 Adam
800 1346 887 1374 usque

87 1379 120 1406 ad
140 1379 356 1414 Melchisedech,
379 1386 407 1409 et
424 1382 538 1418 angelus
559 1383 692 1412 assistens
711 1384 779 1412 mihi
798 1384 885 1413 dixit:

86 1426 155 1454 Ecce
176 1426 228 1454 istc
238 1431 283 1454 est
290 1427 512 1456 Melchisedech:
530 1433 559 1456 et
577 1429 651 1463 ideo,
667 1430 885 1467 archiepiscopo,

87 1477 178 1499 certus
192 1477 256 1500 esto
286 1473 351 1509 quia
373 1473 414 1501 sic
427 1478 478 1501 est.
497 1474 600 1503 Abiens
619 1480 711 1504 autem
727 1484 822 1510 senex,
838 1484 887 1512 per

86 1518 266 1553 semetipsum
297 1519 462 1554 praedicabat
487 1521 553 1555 quia
575 1521 658 1550 homo
680 1528 754 1551 esset
773 1523 887 1551 Melchi—

87 1564 197 1635 sccdeﬁh.
214 1564 250 1592 Et
266 1565 376 1601 gavisus
394 1570 437 1594 est
456 1567 599 1602 magniﬁce
623 1573 724 1597 sanctae
747 1569 887 1598 memoriae

111 1615 148 1634 Vri
172 1615 214 1635 us.
234 1619 243 1634 Ι

111 1615 214 1635 πιυυε.
234 1619 243 1634 Ι

105 1685 117 1720 §
131 1687 174 1714 Vl.
196 1687 300 1716 Nomen
314 1688 343 1717 S.
356 1689 534 1726 Chrysostomi
556 1691 684 1727 diptychis
696 1691 861 1727 inscriptum.

123 1752 167 1780 30.
192 1753 390 1784 Controversia
413 1757 472 1785 hate
497 1758 597 1791 omnis,
623 1757 762 1787 diuturnis
788 1758 888 1794 agitata

90 1797 198 1831 studiis,
214 1799 382 1836 tandemque
405 1801 521 1830 Romani
544 1802 682 1838 pontiﬁcis
700 1802 801 1839 insigni
819 1811 887 1831 con-

90 1843 201 1878 stantia,
225 1844 385 1874 felicissime
406 1854 440 1875 ex
459 1855 600 1876 sacrarum
623 1848 713 1884 legum
735 1849 888 1877 reverentia

92 1891 247 1924 terminata,
266 1893 347 1927 plene
359 1898 402 1922 est
420 1902 437 1922 a
448 1894 528 1922 nobis
544 1895 578 1922 ad
592 1894 681 1923 Vitam
695 1895 723 1923 S.
734 1894 816 1923 Attici
828 1895 888 1930 epi-

91 1937 164 1972 scopi
179 1938 479 1975 Constantinopolitani
502 1949 547 1968 vni
567 1941 690 1970 Januarii
706 1941 839 1974 discussa,
860 1946 889 1970 et

91 1984 196 2020 singula
215 1985 275 2013 suis
285 1987 457 2022 temporibus
468 1993 531 2023 apte
543 1988 679 2016 restituta.
695 1987 745 2016 Hic
755 1996 787 2016 ea
799 1988 888 2016 solum

90 2039 151 2065 qum
162 2031 197 2059 ad
208 2031 343 2067 Cyrillum
359 2035 499 2069 pertinent
509 2034 690 2069 proferemus.
702 2035 812 2063 Nicetas
824 2035 889 2062 Phi-

91 2078 236 2112 losophus,
253 2078 373 2107 Baronio
389 2084 462 2107 torno
476 2080 511 2113 X,
525 2088 570 2108 an.
581 2079 648 2108 Chr.
666 2080 728 2114 848,
745 2088 821 2109 num.
843 2081 889 2114 54,

93 2124 270 2152 ﬁdelissimus
279 2125 398 2160 scriptor
408 2126 518 2154 habitus
530 2126 574 2163 (de
585 2134 641 2162 quo
660 2135 726 2154 xxrn
739 2126 836 2155 Octob.
855 2127 890 2155 ad

92 2170 180 2199 Vitam
201 2170 229 2198 S.
240 2171 340 2206 lgnatii
357 2171 524 2200 Patriarchae
535 2172 843 2209 Constantinopolitani,
856 2174 890 2202 ab

937 928 1048 956 quoque
1058 920 1171 948 Joannis
1185 919 1346 948 memoriam
1361 918 1491 953 precibus
1512 917 1634 944 inserere
1654 924 1735 943 recu-

938 967 1073 1000 santibus,
1096 971 1124 994 et
1147 966 1249 1002 Cyrillo
1271 965 1389 993 maxime
1414 963 1586 992 Alexandria:
1613 962 1735 998 praesuli.

937 1013 985 1049 qui
999 1012 1138 1041 hostiliter
1151 1013 1284 1041 Joannem
1297 1011 1404 1044 oderat,
1421 1011 1495 1046 quod
1511 1010 1556 1038 ille
1566 1018 1581 1037 a
1594 1008 1735 1045 Theophi—

937 1059 964 1088 lo
975 1063 1075 1096 patruo
1093 1066 1144 1087 suo
1159 1058 1343 1091 dissensisset,
1365 1057 1511 1093 persuasit.
1531 1066 1540 1083 ι

971 1116 1014 1144 52.
1027 1116 1111 1144 Attici
1122 1116 1266 1151 epistolam
1280 1115 1408 1144 dedimus
1420 1123 1466 1144 vui
1480 1115 1603 1143 Januarii
1621 1114 1734 1150 :Cyrilli

938 1170 1100 1198 responsum
1116 1162 1213 1190 hicne
1231 1161 1325 1194 detur,
1338 1161 1455 1190 nimium
1475 1161 1610 1189 alienatus
1627 1161 1701 1188 illius
1719 1168 1735 1188 a

936 1207 1041 1236 Joanne
1050 1208 1159 1236 animus
1168 1212 1197 1236 et
1207 1207 1331 1235 oll‘ensus
1344 1211 1428 1239 vetat.
1443 1205 1645 1234 Oblitterentur
1655 1213 1732 1236 sane.

937 1254 960 1282 si
980 1261 1041 1289 qua
1062 1261 1117 1281 non
1131 1254 1220 1281 solum
1234 1253 1304 1281 male
1321 1256 1396 1288 gesta
1417 1260 1433 1279 a
1453 1251 1566 1284 sanctis,
1585 1251 1634 1278 sed
1656 1251 1735 1286 pejus

937 1299 1020 1328 etiam
1029 1300 1143 1328 defensa
1156 1303 1231 1332 sunt,
1245 1303 1276 1327 ut
1288 1306 1344 1326 non
1360 1302 1415 1326 tam
1434 1298 1549 1325 cicatrix
1565 1297 1665 1327 decore
1683 1296 1734 1323 ob-

937 1336 1030 1379 ducta,
1043 1353 1126 1381 quam
1141 1345 1213 1373 finde
1231 1344 1382 1373 etiamnum
1400 1343 1480 1372 hians
1498 1348 1526 1371 et
1548 1342 1625 1371 sanie
1646 1342 1736 1373 ﬂuens

937 1392 1038 1420 vulnus
1053 1391 1143 1420 videri
1162 1391 1278 1426 possint.
1294 1390 1348 1419 Eas
1361 1391 1467 1419 litteras
1482 1390 1529 1418 ubi
1547 1397 1607 1425 cap.
1625 1389 1659 1416 2'1
1689 1397 1735 1417 re-

937 1438 1032 1467 citavit
1049 1438 1232 1474 Nicephorns,
1246 1438 1284 1466 ita
1299 1445 1359 1473 cap.
1372 1438 1407 1466 28
1431 1437 1530 1466 scribit
1545 1446 1551 1464 :
1575 1447 1584 1463 ‹
1601 1437 1665 1464 Haec
1674 1437 1736 1472 qui-

938 1484 1000 1513 dem
1018 1484 1138 1520 Cyrillus
1160 1484 1193 1512 de
1213 1492 1289 1512 sacro
1312 1484 1509 1520 Chrysostomo
1533 1487 1561 1511 et
1580 1483 1691 1518 scripsit
1707 1487 1746 1510 et.

900 1540 922 1570 ε
938 1531 1208 1566 sensit,praesumptae
1217 1529 1341 1565 opinioni
1353 1529 1516 1562 inscrviens,
1529 1536 1610 1564 quam
1620 1528 1735 1561 dudum,

936 1581 1065 1612 patruum
1094 1584 1175 1604 suum
1202 1576 1387 1611 Theophilum
1410 1580 1537 1608 secutus,
1560 1577 1733 1609 conceperat.

937 1621 1071 1655 Quoniam
1087 1629 1152 1649 vero
1163 1620 1308 1648 dissidium
1318 1620 1371 1648 hoc
1380 1619 1493 1655 quidem
1506 1627 1540 1646 ex
1549 1618 1734 1650 aimulationc,

937 1667 1063 1704 quamvis
1074 1675 1129 1695 non
1137 1667 1289 1695 secundum
1302 1665 1461 1698 scientiam,
1474 1673 1531 1693 non
1543 1670 1635 1693 autem
1649 1672 1683 1692 ex
1694 1664 1736 1691 in-

938 1713 1028 1745 vidia,
1051 1719 1141 1747 neque
1160 1712 1295 1739 diabolica
1313 1710 1505 1743 contentione,
1529 1709 1660 1742 manavit,
1680 1717 1743 1736 nou»

938 1763 1067 1794 oportere
1082 1758 1171 1786 virum
1187 1762 1216 1786 et
1232 1757 1358 1785 doctrina
1379 1761 1408 1784 et
1424 1756 1527 1784 virtute
1548 1759 1734 1791 praestantem,

939 1804 991 1832 hac
1020 1812 1074 1832 una
1091 1803 1120 1831 in
1137 1811 1167 1831 re
1186 1802 1355 1835 claudicare,
1377 1802 1525 1837 quominus
1543 1801 1576 1829 ad
1600 1809 1735 1829 summam

939 1850 1136 1886 perfectionem
1160 1849 1328 1886 perveniret,
1348 1849 1405 1876 Deo
1420 1848 1510 1876 visum
1529 1852 1581 1875 est.
1605 1847 1737 1875 Ilomincs

939 1897 1013 1925 enim
1033 1897 1073 1924 illi
1090 1901 1179 1929 erant,
1199 1901 1228 1924 et
1247 1895 1376 1923 humanis
1395 1894 1588 1922 aifectionibus
1613 1893 1735 1921 obnoxii.

939 1943 1111 1980 Quapropter
1124 1943 1264 1979 aliquanto
1275 1946 1347 1978 post,
1362 1941 1481 1978 Cyrillus
1493 1949 1556 1969 cum
1575 1948 1673 1976 magno
1687 1940 1735 1969 illo

940 1990 1010 2022 viro,
1022 1989 1106 2018 etiam
1118 1994 1180 2025 post
1193 1989 1252 2025 ejus
1265 1990 1393 2020 mortem,
1411 1988 1438 2015 in
1452 1987 1567 2023 gratiam
1585 1986 1677 2019 rediit,
1691 1995 1736 2014 er-

941 2043 1086 2071 roremque
1101 2043 1181 2063 suum
1192 2043 1254 2063 cum
1267 2034 1440 2062 multisaliis
1452 2033 1665 2066 concitantibus,
1679 2036 1747 2061 tum-

940 2082 1058 2110 maxime
1072 2082 1176 2110 Isidoro
1190 2081 1330 2110 Pelusiota
1341 2088 1415 2108 nunc
1429 2080 1646 2116 reprehensione
1663 2086 1739 2107 nunc

941 2128 1128 2157 admonitione
1139 2135 1203 2155 eum
1217 2127 1389 2160 eohortante,
1409 2126 1503 2154 divina
1514 2127 1597 2154 etiam
1612 2131 1641 2154 et
1658 2134 1737 2154 arui-

941 2174 1020 2202 niore
1034 2174 1151 2209 quadam
1162 2173 1330 2202 revelatione
1341 2172 1500 2206 accedente,
1514 2173 1644 2200 correxit.
1656 2172 1738 2200 Vide—

91 2224 123 2243 eo
133 2216 365 2258 scriptam,plura
375 2217 521 2254 dicemus);
533 2218 578 2246 hic
586 2218 778 2254 ergoNicetas,
787 2219 890 2255 quibus
907 2216 928 2244 D
942 2227 972 2247 re
986 2226 1104 2255 namque
1114 2219 1190 2246 visus
1209 2223 1262 2252 est,
1278 2218 1400 2254 seipsum
1415 2218 1502 2247 sacris
1515 2217 1622 2246 aedibus
1638 2217 1741 2252 expul--

94 2263 285 2298 progressibus
299 2271 345 2291 res
361 2267 436 2291 tanto
454 2268 575 2299 tempore
586 2270 757 2300 pertractata
765 2270 887 2301 optatum

93 2313 240 2336 consecuta
257 2308 293 2336 sit
309 2308 403 2342 linem,
418 2309 546 2337 Historias
559 2317 616 2337 suae
624 2310 751 2344 inseruit,
765 2311 890 2339 adductis

94 2355 190 2383 litteris
204 2355 288 2383 Attici
300 2360 385 2390 atque
401 2355 495 2391 Cyrilli
511 2356 563 2384 hac
578 2356 613 2384 de
630 2364 660 2384 re
675 2357 746 2386 ultro
766 2358 890 2393 citroque

95 2401 173 2432 datis,
190 2409 260 2436 quas
271 2401 348 2428 omni
366 2401 420 2428 [ide
433 2402 603 2437 conscriptas
623 2403 805 2438 pronuntians
818 2403 890 2432 reei-

96 2452 133 2474 tat
148 2447 283 2475 Barouius
301 2455 380 2475 num.
403 2447 437 2475 46
456 2452 485 2475 et
505 2455 595 2483 seqq.,
608 2456 681 2476 anno
702 2449 764 2482 M2;
784 2457 847 2477 nam
857 2457 892 2478 eo

96 2493 261 2521 existimavit
268 2501 371 2520 nomen
378 2492 564 2528 Chrysostomi
574 2494 710 2531 diptychis
718 2495 890 2530 inscriptum,

98 2540 165 2574 quod
180 2540 292 2568 nonnisi
317 2539 424 2568 ultimis
438 2541 518 2568 annis
528 2540 610 2569 Attici
621 2540 723 2569 factum
734 2541 767 2569 ad
778 2542 837 2577 ejus
849 2542 893 2570 V2-

99 2592 148 2613 tam
169 2587 359 2622 probavimus.
378 2586 453 2614 Obiit
474 2587 520 2616 ille
542 2596 558 2614 x
577 2587 674 2616 Octob.
693 2588 757 2615 anni
782 2589 844 2616 425.
861 2588 892 2616 Ei

99 2633 214 2660 convixit
231 2632 389 2660 Alexander
403 2633 549 2669 episcopus
571 2634 770 2667 Antiochenus,
791 2635 826 2663 de
838 2643 893 2670 quo

99 2686 165 2711 mox,
176 2679 209 2706 ad
222 2687 328 2707 annum
342 2687 430 2714 usque
449 2679 612 2715 vigesimum
626 2680 700 2708 illius
713 2681 819 2714 saieuli;
834 2685 895 2716 post

100 2725 170 2760 cujus
181 2725 289 2753 obitum
305 2725 416 2753 Atticus
437 2733 538 2753 nomen
552 2726 739 2762 Chrysostomi
757 2727 894 2764 diptychis

100 2770 406 2807 Constantinopolitanis
420 2771 570 2808 inscripsit,
587 2777 668 2808 atque
686 2778 715 2801 ut
732 2774 804 2802 idem
823 2782 893 2810 prae-

100 2822 208 2846 staretur
219 2818 410 2850 Alexandriae,
429 2818 530 2846 litteris
550 2820 608 2847 suis
625 2820 732 2848 monuit
749 2821 892 2856 Cyrillum.

128 2864 166 2892 3L
181 2865 223 2894 Ex
233 2865 335 2893 Niceta
355 2863 523 2901 Philosbpho
538 2874 593 2893 rem
606 2870 690 2894 totam
703 2867 741 2895 ita
755 2867 893 2895 describit

940 2273 1000 2293 sum
1015 2273 1076 2294 esse
1088 2273 1104 2293 a
1117 2265 1232 2297 Joanne,
1249 2264 1382 2293 comitatu
1397 2269 1426 2293 et
1442 2263 1547 2297 divino,
1568 2263 1642 2298 quod
1664 2264 1737 2290 circa

939 2319 1004 2340 eum
1015 2316 1084 2344 erat,
1105 2311 1236 2340 satellitio
1254 2311 1372 2339 maxime
1393 2310 1475 2344 freto,
1495 2315 1524 2339 et
1544 2313 1659 2338 matrem
1682 2310 1736 2337 Do-

940 2356 1008 2384 mini
1031 2364 1081 2392 pro
1105 2356 1165 2392 ipso
1185 2356 1378 2392 deprecantem
1401 2356 1544 2389 Joannem,
1567 2359 1650 2391 atque
1673 2363 1737 2382 cum

942 2403 1027 2431 multa
1041 2402 1125 2431 etiam
1140 2402 1203 2436 alia,
1221 2408 1278 2431 tum
1299 2402 1367 2431 illud
1386 2402 1528 2438 praecipue
1541 2402 1614 2438 quod
1629 2410 1679 2437 pro
1697 2402 1738 2437 ip-

942 2449 1000 2477 sius
1013 2449 1100 2484 gloria
1117 2449 1265 2484 plurimum
1280 2449 1326 2476 ille
1345 2448 1503 2480 decertarit,
1527 2448 1600 2476 sicut
1618 2447 1736 2481 dicetur,

942 2495 1117 2527 referentem.
1145 2500 1176 2523 ut
1197 2495 1224 2523 in
1239 2503 1319 2524 sacra
1333 2496 1434 2532 templa
1452 2495 1632 2531 reciperetur,
1647 2502 1735 2522 orare.

944 2541 1019 2569 Hanc
1037 2541 1171 2569 visionem
1190 2549 1254 2569 eum
1278 2542 1308 2570 B.
1334 2542 1454 2579 Cyrinus
1481 2541 1682 2578 cogitabundus
1710 2541 1738 2568 in

944 2588 1036 2616 animo
1057 2597 1150 2617 secum
1167 2589 1299 2622 volveret,
1318 2589 1451 2625 seipsum,
1468 2587 1542 2623 quod
1564 2587 1592 2615 in
1613 2591 1737 2615 sanctum

944 2636 1034 2662 virum
1050 2635 1175 2663 invectus
1185 2640 1268 2668 esset,
1279 2635 1419 2663 damnavit
1430 2643 1437 2661 :
1451 2639 1480 2662 et
1489 2633 1588 2661 deinde
1603 2633 1661 2668 ipse
1672 2641 1740 2668 quo-

944 2689 998 2716 que
1014 2689 1043 2709 re
1058 2681 1177 2716 cognita,
1193 2681 1322 2709 Ecclesia:
1337 2679 1526 2717 Chrys05tomi
1545 2679 1681 2712 addictus,
1700 2679 1739 2705 vi—

945 2733 1006 2753 rum
1021 2734 1084 2754 eum
1099 2726 1252 2754 admiratus
1264 2731 1318 2759 est,
1328 2725 1461 2760 valdeque
1472 2733 1547 2756 eum,
1559 2725 1632 2759 quod
1643 2730 1738 2752 contra

945 2771 1022 2800 illum
1042 2772 1202 2807 imprudens
1218 2780 1331 2807 prorsus
1347 2772 1471 2799 irritatus
1483 2770 1576 2803 fuerit,
1598 2771 1736 2806 pcnnituit.

945 2818 1062 2846 Proinde
1073 2819 1212 2846 diversum
1231 2819 1344 2846 omnino
1359 2826 1374 2845 a
1389 2817 1480 2853 priore
1492 2817 1609 2844 consilio
1624 2817 1737 2847 faciens,

945 2865 1078 2902 synodum
1089 2865 1284 2901 provincialem
1300 2865 1397 2901 coegit,
1413 2868 1439 2891 et
1453 2863 1566 2891 Joannis
1586 2871 1685 2892 nomen
1701 2863 1738 2890 si-
