1929 3042
187 121 223 150 ιδ
867 123 895 152 6.
917 124 1055 152 CYRIIJJ
1077 125 1167 152 VITA.

1799 122 1845 151 24

188 181 244 208 mut
258 185 287 208 et
305 180 362 215 ipse
379 185 406 207 et
421 180 518 216 reliqui
543 187 700 216 magnarum
721 179 826 208 scdium
843 181 978 209 antistites
995 185 1013 210 Α
1063 180 1106 208 36.
1128 181 1240 213 Verum,
1253 178 1354 210 utinox
1367 182 1507 218 subjungit
1523 182 1595 210 idem
1603 182 1734 219 Cyrinus,
1751 192 1759 207 ε
1775 182 1845 209 ele—

188 228 216 255 in
231 234 308 255 sacro
323 228 385 255 albo
404 231 616 262 proposuerunt.

219 274 263 301 55.
281 284 290 299 ε
316 274 357 301 Illi
379 281 444 302 vero
464 274 556 301 min‘us
578 282 642 302 vere
659 275 751 302 dicere
773 275 912 306 videntur.
934 276 981 310 qui

185 320 316 356 Cyrillum
329 321 416 348 libros
440 320 509 348 alios
524 320 615 356 magni
628 320 716 349 Patris
727 321 877 348 abolevisse
891 321 982 356 perhi~

186 366 261 393 bent.
276 366 343 393 Nam
363 366 386 393 si
401 373 455 400 qua
467 366 567 402 scripta
583 367 643 402 ejus
660 367 793 395 abolenda
813 373 902 398 erant,
924 367 982 394 haec

185 419 246 447 qum
261 412 351 439 adhuc
368 416 491 445 exstant,
507 413 580 448 quod
596 410 744 440 consilium
771 414 982 448 institutumque

184 457 244 492 ejus
256 457 284 483 in
298 456 339 484 eis
349 458 467 485 maxime
481 466 639 493 expressum
656 465 707 491 est,
721 459 823 487 abolita
841 459 981 494 oportuis-

185 507 244 535 set;
261 503 313 530 nisi
326 504 399 531 Deus
414 505 540 532 utilitatis
555 505 696 532 hominum
714 513 807 533 euram
824 513 931 540 gerens,
950 513 982 533 ea

186 554 386 577 conservasset.
400 550 458 578 Hoc
467 557 529 578 cum
539 550 566 578 in
578 558 678 578 arcana
697 550 799 580 Hicetas
809 551 980 587 Philosophi,

185 594 273 628 quiet
287 594 373 622 David
385 595 476 623 dictus
488 595 676 628 est,llistoria,
693 601 722 624 et
735 596 808 632 apud
825 596 894 624 alios
917 597 981 624 item

186 638 349 673 invenerim,
366 641 443 676 operi
459 640 524 669 huic
538 649 599 668 meo
614 641 788 670 inserendum
801 650 861 670 esse
873 650 983 678 quoque

186 685 251 713 duxi
268 694 275 712 :
292 693 326 713 ne
339 687 383 713 cui
399 686 537 721 ambigere
553 686 580 713 in
594 691 714 714 mentem
726 687 828 720 veniat,
844 687 983 722 quomodo

187 735 262 758 tanta
273 731 429 764 luminaria,
450 731 609 764 inimicitias
622 736 731 760 mutuas
745 732 912 765 exercentia,
924 739 982 760 am-

186 777 223 805 bo
234 777 267 805 ad
280 785 413 805 summam
430 777 602 806 sanctitatem
620 779 805 814 pervenerint,
816 783 845 806 et
855 779 984 807 Ecclesia

187 822 322 850 columine
341 823 509 856 exstiterint,
526 823 678 852 inimicitiis
698 824 854 860 huiusmodi
877 825 983 852 nullum

187 869 297 897 illorum
311 869 405 906 gloria:
418 870 613 898 detrimentum
624 870 812 899 efferentibus.
832 881 840 897 ι

325 925 339 961 §
357 926 413 954 VII.
433 927 548 955 Heresis
560 927 721 955 Nestoriana
735 928 845 964 detecta.

222 972 378 1000 54.¢Attico
387 972 442 1000 vita
451 973 545 1000 functo
559 973 692 1001 successit
706 973 853 1006 Sisinnius,
868 978 930 1011 post
938 982 985 1001 cu-

186 1020 232 1054 jus
241 1023 383 1052 mortem,»
396 1019 677 1054 inquitSocrateslib.
689 1028 734 1053 vn,
744 1027 803 1055 cap.
815 1020 859 1052 29,
875 1030 883 1046 ι
896 1020 984 1048 visum

187 1068 230 1092 est
246 1063 417 1100 imperatori,
432 1069 546 1100 propter
558 1064 683 1092 homines
695 1065 817 1092 inanium
829 1072 921 1092 rerum
936 1072 984 1099 ap-

187 1115 324 1146 petentes,
337 1111 475 1139 neminem
489 1119 522 1139 ex
534 1112 580 1139 illa
594 1112 717 1140 Ecclesia
731 1112 807 1147 (licet
821 1112 899 1139 multi
919 1112 985 1139 Phi—

187 1156 305 1192 lippum,
323 1157 481 1192 complures
502 1157 629 1185 Proclum
650 1157 823 1194 designatum
841 1158 984 1193 cuperent)

188 1202 223 1230 ad
234 1202 423 1238 episcopatum
442 1203 519 1235 illum
530 1204 633 1239 eligere
649 1213 656 1230 :
673 1203 720 1232 sed
739 1204 871 1232 advenam
889 1204 985 1231 Antio-

187 1247 251 1275 chia
267 1256 409 1276 accersere
425 1249 577 1277 constituit.
602 1249 667 1277 Erat
680 1256 798 1284 namque
817 1249 873 1276 illic
886 1249 985 1276 Nesto-

189 1294 248 1322 rius
258 1301 292 1321 ex
299 1292 461 1322 Germanica
470 1294 615 1327 oriundus,
624 1301 692 1322 voce
701 1294 862 1329 cumprimis
875 1301 985 1326 sonora,

188 1340 338 1376 linguaque
352 1340 472 1377 diserta:
489 1345 517 1368 et
530 1341 566 1368 ob
581 1348 643 1368 eam
660 1348 780 1373 causam,
802 1345 930 1374 tanquam
952 1339 985 1367 ad

190 1385 346 1414 docendum
373 1386 505 1421 populum
525 1385 674 1414 admodum
697 1386 930 1418 accommodatus,
952 1386 986 1413 de

190 1432 302 1460 illorum
316 1432 453 1460 sententia
466 1432 626 1460 accersitur.
644 1431 788 1459 Trimestri
800 1432 883 1467 igitur
898 1433 986 1467 spatio

191 1486 340 1514 percurso,
373 1477 519 1506 Antiochia
538 1478 804 1513 Constantinopolim
840 1477 987 1506 deducitur

1033 234 1093 258 ctus
1106 236 1148 258 est
1166 235 1195 257 ut
1210 230 1279 261 ovis,
1299 229 1346 256 sed
1361 230 1489 257 inventus
1502 235 1544 257 est
1559 235 1589 257 ut
1604 230 1703 264 lupus;
1724 234 1757 256 ut
1772 230 1845 256 sin-

1032 284 1112 304 cerus
1128 276 1269 311 fidelisque
1286 275 1414 306 famulus,
1427 275 1475 302 sed
1491 274 1587 302 dilexit
1600 275 1780 310 oppositum;
1805 278 1845 302 ut

1033 323 1155 349 uvarum'
1162 322 1237 349 ferax
1250 322 1339 354 vinea,
1350 321 1397 348 sed
1406 322 1482 356 juxta
1490 320 1648 355 Scripturas
1657 320 1752 355 spinas
1767 327 1844 355 pro-

1034 369 1110 401 tulit;
1122 373 1153 396 ut
1169 367 1322 395 industrius
1335 366 1465 402 agricola,
1479 366 1527 393 sed
1538 365 1683 392 insidiatus
1698 369 1741 392 est
1754 371 1842 399 agro:

1033 420 1063 443 ut
1075 415 1164 443 bonus
1178 414 1298 450 denique
1317 417 1421 448 pastor,
1435 412 1483 441 sed
1503 411 1658 447 agrestibus
1676 410 1745 439 feris
1761 410 1843 438 effe——

1034 461 1118 488 ratior
1128 459 1224 488 evasit.
1241 469 1250 485 ι
1269 458 1371 495 Cyrillo
1383 457 1560 486 consentiens
1578 457 1740 484 Vincentius
1756 455 1841 482 Liri~

1034 506 1136 538 nensis,
1160 506 1260 533 horum
1280 509 1434 540 temporum
1459 504 1589 540 scriptor,
1612 503 1769 539 ingemiscit
1797 501 1841 528 ob

1033 551 1191 578 scandalum
1208 549 1338 578 Ecclesiae
1354 557 1403 584 per
1415 549 1572 576 Nestorium
1589 549 1706 577 illatum.
1728 558 1737 573 ι
1759 548 1841 581 Qua-

1033 599 1086 626 lem
1102 597 1195 629 fuisse,
1210 607 1219 622 ι
1240 596 1339 631 inquit,
1357 605 1366 621 ι
1386 603 1475 631 nuper
1491 595 1669 627 tentationem
1689 600 1837 631 putamus,

1033 652 1096 671 cum
1112 643 1207 670 infelix
1222 642 1269 670 ille
1284 641 1436 673 Nestorius,
1451 641 1543 669 subito
1558 649 1592 668 ex
1611 648 1663 668 ove
1680 647 1841 671 conversus

1034 691 1062 717 in
1079 691 1184 725 lupum,
1206 695 1316 724 gregem
1331 687 1433 715 Christi
1458 687 1581 714 lacerare
1599 687 1747 722 coepisset?
1768 694 1840 713 cum

1035 736 1062 763 hi
1076 735 1137 771 ipsi,
1149 735 1196 770 qui
1207 734 1385 767 rodebantur,
1403 741 1437 761 ex
1447 741 1545 769 magna
1557 732 1648 760 adhuc
1661 738 1738 768 parte
1751 740 1839 759 ovem

1035 781 1190 813 crederent,
1212 780 1331 815 ideoque
1352 779 1492 807 morsibus
1511 779 1572 814 ejus
1589 778 1675 813 magis
1694 783 1838 814 paterent.

1035 827 1102 854 Nam
1130 826 1193 862 quis
1213 833 1276 853 eum
1301 825 1381 853 facile
1409 832 1503 852 errare
1531 823 1724 856 arbitraretur,
1750 831 1841 858 quem

1038 878 1113 901 tanto
1129 872 1301 900 sacerdotum
1326 871 1418 903 studio
1438 876 1614 906 persecutum
1632 870 1760 898 videret?
1775 871 1840 905 qui,

1036 927 1099 948 cum
1114 926 1212 955 magno
1222 924 1381 947 sanctorum
1395 925 1499 951 amore,
1511 924 1619 944 summo
1633 917 1727 952 populi
1741 917 1843 944 favore

1036 965 1237 997 celebraretur,
1255 964 1379 1000 quotidie
1397 963 1486 999 palam
1506 963 1599 990 divina
1619 962 1756 990 tractabat
1776 962 1842 989 elo-

1037 1012 1110 1047 quia,
1124 1016 1153 1039 et
1165 1011 1263 1038 noxios
1279 1017 1388 1045 quoque
1407 1009 1564 1037 Iudaeorum
1585 1013 1667 1043 atque
1683 1008 1842 1035 Gentilium

1037 1057 1196 1085 confutabat
1218 1056 1344 1084 errores?
1364 1055 1424 1088 Quo
1449 1054 1559 1082 tandem
1582 1054 1656 1089 justo
1676 1053 1759 1080 modo
1780 1061 1841 1080 non

1036 1103 1125 1132 cuivis
1134 1103 1215 1130 fidem
1223 1102 1325 1131 faceret
1337 1109 1366 1130 se
1379 1106 1453 1129 recta
1464 1101 1574 1133 docere,
1583 1104 1658 1128 recta
1670 1099 1840 1136 praedicare,

1037 1155 1114 1178 recta
1129 1150 1231 1178 sentire
1242 1169 1250 1183 ,
1267 1149 1316 1184 qui
1331 1153 1362 1176 ut
1375 1147 1423 1175 uni
1440 1147 1539 1175 haeresi
1556 1154 1612 1174 sua:
1632 1146 1735 1174 aditum
1755 1152 1841 1181 pate-

1036 1198 1149 1229 faceret,
1174 1201 1336 1232 cuuctarum
1347 1195 1492 1223 haereseon
1508 1193 1691 1228 blaSphemias
1713 1193 1842 1220 insecta-

1038 1243 1150 1271 batur?r
1161 1248 1215 1271 etc.

1071 1301 1116 1328 57.
1130 1300 1168 1328 De
1185 1300 1243 1335 ipsa
1267 1299 1327 1335 ejus
1339 1298 1446 1331 h’aeresi,
1456 1297 1592 1333 hujusque
1615 1296 1734 1324 strenuis
1745 1302 1842 1331 Oppu-

1037 1345 1206 1382 gnatoribus,
1226 1345 1263 1372 ita
1288 1343 1383 1379 paucis
1405 1343 1522 1378 Prosper
1551 1341 1579 1369 in
1599 1341 1738 1373 Chronico,
1762 1347 1842 1368 coss.

1037 1391 1127 1418 Tauro
1139 1395 1166 1418 et
1180 1390 1280 1422 Felice,
1294 1396 1365 1416 anno
1374 1388 1439 1416 Chr.
1451 1387 1517 1418 428-.
1528 1398 1535 1413 ε
1549 1386 1691 1414 Ncstorius
1700 1385 1839 1416 Constan-

1038 1436 1233 1472 tinopolitanus
1245 1435 1390 1470 episcopus
1402 1441 1503 1462 novum
1520 1432 1651 1461 Eeclesiis
1666 1431 1781 1459 molitur
1791 1439 1842 1458 er-

1037 1491 1128 1510 rorem
1156 1482 1306 1514 inducere,
1333 1480 1486 1525 praedicans
1515 1479 1656 1507 Christum
1689 1486 1723 1505 ex
1750 1477 1841 1504 Maria

189 1525 350 1558 Nestorius;
364 1525 411 1560 qui
423 1532 579 1560 quanquam
602 1533 617 1552 a
628 1524 766 1559 plerisque
782 1524 818 1552 ob
831 1529 986 1559 temperan-
1000 1534 1021 1563 ς
1038 1529 1177 1557 hominem
1193 1533 1310 1561 tantum,
1322 1523 1350 1555 et
1362 1534 1418 1555 non
1430 1527 1527 1558 Deum,
1541 1530 1648 1558 natum,
1665 1524 1747 1558 eique
1761 1523 1841 1550 Divi-

192 1571 257 1599 tiam
267 1571 348 1599 laude
358 1571 588 1606 etprtedicatione
602 1570 778 1603 efferebatur,
791 1575 882 1598 tamen
893 1570 988 1605 quales

193 1622 325 1652 prasterea
340 1617 400 1653 ejus
420 1624 511 1644 mores
526 1616 639 1649 fuerint,
652 1617 758 1652 primus
770 1616 844 1644 illius
857 1615 988 1643 doctrinas

191 1672 306 1692 exorsus
325 1663 508 1699 prudentibus
522 1663 590 1690 viris
606 1663 673 1690 satis
690 1663 898 1693 demonstravit.
920 1662 987 1690 Nam

192 1711 274 1738 simul
291 1717 323 1738 ac
338 1710 484 1746 episcopus
508 1717 533 1737 tv
555 1709 619 1737 ldus
640 1709 742 1744 Aprilis
765 1708 910 1737 ordinatus
926 1708 987 1740 fuit,

194 1756 284 1784 Felice
294 1761 321 1784 et
329 1757 419 1784 Tauro
432 1764 515 1789 coss...
526 1755 673 1790 extemplo,
684 1763 747 1782 cum
754 1755 905 1782 orationem
917 1754 988 1790 apud

194 1803 391 1838 imperatorem
407 1803 531 1835 haberet,
544 1803 615 1830 hanc
625 1801 799 1833 sententiam,
816 1809 877 1836 qua:
896 1800 990 1828 multis

194 1851 222 1877 in
234 1857 281 1877 ore
292 1854 344 1882 est,
358 1857 449 1877 coram
464 1849 595 1877 universo
606 1848 708 1884 populo
727 1847 843 1883 protulit
857 1856 864 1874 :
883 1846 958 1878 Mihi,
973 1854 990 1874 ο

194 1895 353 1931 imperator,
369 1901 470 1924 terram
484 1895 620 1923 haereticis
636 1899 665 1922 tu
678 1899 819 1930 purgatam
840 1894 940 1925 tribue,
962 1899 991 1921 ct

193 1946 244 1977 ego
255 1939 308 1969 tibi
318 1942 418 1970 caelum
438 1941 606 1969 retribuam:
630 1945 658 1968 tu
678 1940 746 1967 mihi
765 1940 793 1967 in
814 1939 990 1975 proﬂigandis

194 1987 332 2015 haereticis
346 1987 470 2020 subveni,
487 1991 514 2014 et
526 1994 577 2022 ego
594 1986 644 2014 tibi
657 1986 685 2013 in
703 1985 880 2021 profligandis
900 1985 990 2012 Persis

194 2033 366 2061 subveniam.
385 2043 394 2059 ι
900 2055 903 2057 .

229 2079 274 2107 55.
288 2079 454 2107 Ρτωοίςπυω
473 2079 593 2107 Nestorii
612 2078 732 2110 initium,
746 2078 811 2106 licet
823 2083 917 2114 pergat
931 2079 991 2114 pitt-

194 2125 273 2152 ribus
294 2125 440 2160 suggillare
455 2124 600 2156 Socrates,
614 2129 642 2152 ct
662 2124 720 2159 ipse
739 2125 821 2151 homo
834 2124 988 2156 haereticus,

194 2169 343 2197 laudarunt
360 2168 525 2197 Coeiestinns
552 2176 622 2204 papa
644 2173 673 2196 et
690 2168 817 2204 Cyrillus,
835 2169 934 2197 litteris
956 2169 990 2197 ad

1037 1576 1151 1603 nitatem
1167 1575 1291 1603 collatam
1307 1581 1368 1601 esse
1387 1580 1438 1609 pro
1466 1572 1576 1600 merito.
1599 1571 1670 1598 iluie
1699 1568 1840 1605 impietati

1039 1623 1175 1658 praecipue
1191 1621 1285 1658 Cyrilli
1304 1619 1481 1648 Alexandrini
1496 1618 1616 1654 episcopi
1637 1617 1790 1648 industria,
1810 1621 1841 1643 et

1039 1675 1115 1703 papa:
1132 1666 1274 1696 Coelestini
1293 1670 1427 1701 repugnat
1440 1664 1600 1692 auctoritas.
1621 1673 1629 1689 ι
1652 1663 1730 1691 Unde
1746 1662 1839 1689 haere-

1039 1715 1076 1742 sis
1095 1713 1141 1741 illa
1159 1712 1329 1748 proﬂuxerit,
1351 1715 1477 1739 accurate
1497 1709 1618 1744 disputat
1641 1708 1777 1736 Barouius
1800 1708 1838 1735 ad

1038 1760 1165 1788 eumdem
1181 1767 1282 1787 annum
1300 1766 1377 1786 num.
1392 1758 1427 1786 30
1453 1762 1481 1785 et
1494 1756 1682 1793 sequentibus.
1704 1755 1761 1783 Nos
1777 1763 1840 1782 sce-

1040 1805 1195 1834 leratissimi
1220 1804 1395 1841 sycophantae
1419 1803 1539 1830 fallacias
1558 1810 1572 1829 a
1593 1801 1693 1837 Cyrillo
1714 1801 1841 1828 detectas

1040 1859 1248 1887 prosequamur.
1263 1850 1407 1878 Nestorius
1429 1848 1523 1884 igitur,
1543 1849 1617 1884 jacto
1638 1847 1839 1875 Constantino-

1040 1898 1095 1933 poli
1106 1897 1209 1925 erroris
1220 1896 1316 1924 nefarii
1332 1896 1436 1924 semine
1447 1894 1659 1929 haudquaquam
1677 1898 1837 1925 contentus,

1041 1948 1071 1970 ut
1093 1950 1157 1970 eum
1180 1943 1262 1970 latius
1287 1946 1437 1977 spargeret,
1463 1940 1571 1968 libellos
1596 1940 1705 1967 occulto
1728 1947 1840 1966 veneno

1040 1988 1159 2017 suﬂ'usos
1182 1996 1230 2024 per
1251 1992 1360 2015 exteras
1384 1993 1493 2022 quoque
1516 1993 1580 2013 oras
1601 1985 1732 2020 vulgavit,
1753 1988 1839 2019 atque

1041 2034 1073 2062 ad
1102 2034 1176 2069 ipsos
1199 2032 1307 2069 λεπριί
1335 2032 1484 2060 monachos
1512 2031 1605 2064 misit;
1632 2031 1702 2058 nihil
1728 2039 1758 2058 se
1782 2031 1838 2059 nisi

1040 2088 1074 2110 ex
1090 2080 1191 2108 Nicasni
1212 2079 1322 2107 concilii
1340 2078 1501 2113 praescripto
1517 2078 1627 2110 docere,
1645 2076 1838 2107 fraudulenter

1039 2126 1179 2163 jactitans.

1077 2173 1121 2200 38.
1136 2172 1238 2200 Horum
1256 2178 1339 2199 causa
1355 2177 1459 2206 magnae
1477 2170 1549 2198 inter
1561 2169 1669 2206 Egypti
1687 2170 1838 2198 monachos

194 2215 284 2251 ipsum
294 2215 452 2243 Nestorium
462 2215 549 2243 datis:
562 2215 608 2242 hic
618 2222 729 2243 suarum
743 2215 867 2243 meminit
880 2215 908 2243 in
920 2223 986 2251 apo-
1000 2215 1021 2243 D
1039 2220 1162 2248 excitata:
1172 2222 1236 2246 sunt
1245 2217 1343 2249 turbas,
1352 2217 1386 2244 ad
1397 2224 1464 2251 quas
1476 2216 1611 2244 sedandas
1619 2216 1749 2252 Cyrilius,
1760 2223 1838 2244 acer

194 2261 312 2297 logetica
342 2261 457 2297 epistola
491 2261 524 2289 ad
556 2261 740 2289 Theodosium
782 2261 986 2297 imperatorem,

195 2314 270 2336 tomo
288 2309 309 2337 V
323 2308 423 2336 conci].
437 2308 577 2344 Ephesini,
589 2315 649 2344 cap.
661 2308 688 2335 ‘2.
705 2318 714 2334 ι
731 2308 842 2336 Electus
853 2313 906 2341 est,
921 2319 930 2335 ι
947 2309 989 2338 iu-

194 2355 266 2390 quit,
281 2364 291 2380 ε
307 2354 451 2382 Nestorius
463 2359 592 2389 tanquam
607 2353 762 2389 apostolicm
771 2355 988 2390 evangelicaaquc

194 2401 328 2429 doctrinae
343 2407 434 2436 praeco
450 2400 585 2436 egregius,
612 2401 859 2436 promovenquue
879 2401 990 2436 pietatis

195 2447 294 2475 artifex
309 2446 434 2482 insignis,
448 2454 554 2474 necnon
566 2452 693 2482 tanquam
715 2447 739 2475 is
760 2447 807 2482 qui
821 2447 849 2474 in
863 2451 936 2474 recta
949 2447 989 2474 in-

196 2492 360 2528 culpataque
377 2491 430 2520 fide
449 2491 578 2526 praeclare
599 2496 672 2519 esset
697 2491 835 2519 fundatus.
862 2490 896 2518 Et
917 2490 989 2526 ejus-

195 2539 271 2567 modi
287 2539 362 2566 hunc
374 2538 514 2566 hominem
528 2545 588 2565 esse
603 2538 731 2573 cupiebat
744 2541 836 2564 vestra
850 2537 987 2572 majestas,

195 2585 373 2619 universique
383 2588 539 2613 sanctarum
554 2583 738 2611 Eeclesiarum
749 2582 890 2618 praesides,
899 2587 927 2610 et
939 2590 988 2618 ego

196 2632 255 2667 ipse
267 2637 386 2666 quoque.
404 2630 472 2658 Sane
487 2637 551 2657 cum
566 2630 600 2657 de
614 2629 689 2656 illius
697 2629 870 2656 ordinatione
884 2629 990 2656 litteras

196 2686 211 2705 a
223 2677 355 2712 piissimis
367 2676 504 2712 episcopis
525 2676 631 2710 adhoc
652 2675 794 2703 destinatis
811 2676 987 2710 accepissem,

197 2722 266 2750 nihil
283 2723 346 2750 mali
362 2723 526 2758 suspicatus,
539 2722 594 2749 imo
605 2729 671 2749 vero
685 2720 800 2748 laudans
813 2725 842 2748 et
855 2721 987 2756 gaudens,

197 2771 291 2805 illique
306 2774 436 2806 tanquam
451 2768 530 2797 fratri
549 2771 576 2795 et
590 2768 777 2796 oomministro
797 2768 899 2804 optima
914 2776 989 2804 quae-

198 2825 251 2853 que
268 2825 318 2852 per
332 2817 453 2845 divinam
469 2814 663 2844 liberalitatem
682 2814 825 2850 obtingere
847 2820 987 2851 exoptans,

199 2863 338 2908 rescripsi.
359 2872 369 2891 ι

1042 2266 1129 2293 rimus
1146 2263 1306 2291 orthodoxae
1327 2263 1389 2291 fidei
1408 2271 1423 2290 a
1441 2262 1497 2290 Deo
1513 2262 1618 2290 electus
1637 2267 1836 2297 propugnator,

1042 2319 1105 2339 mox
1123 2317 1153 2338 se
1167 2309 1294 2341 accinxit,
1308 2314 1337 2337 et
1353 2316 1415 2336 cutn
1434 2308 1544 2336 schedis
1573 2316 1633 2343 qua:
1649 2308 1684 2335 de
1695 2316 1727 2335 ea
1741 2316 1771 2335 re
1786 2309 1837 2335 sub

1042 2357 1152 2385 nomine
1170 2355 1290 2384 Nestorii
1309 2354 1480 2387 ferebantur,
1504 2362 1601 2389 parum
1627 2353 1689 2381 fidei
1710 2354 1836 2386 haberet,

1042 2403 1193 2438 prudenter
1206 2402 1242 2429 ab
1255 2401 1315 2436 ejus
1326 2400 1439 2427 nomine
1453 2399 1596 2427 abstinuit.
1615 2399 1733 2426 Prima’m
1754 2399 1838 2434 igitur

1041 2447 1183 2483 epistolam
1198 2447 1294 2474 scribit
1305 2445 1337 2473 ad
1358 2446 1431 2481 ipsos
1443 2445 1602 2477 monachos,
1620 2444 1666 2472 ubi
1680 2445 1752 2472 inter
1763 2445 1815 2472 alia
1829 2454 1836 2472 :

1046 2504 1056 2520 ι
1073 2494 1163 2523 Audio
1177 2493 1302 2521 exitiales
1317 2491 1448 2527 quosdam
1462 2499 1588 2518 rumores
1599 2491 1670 2518 inter
1685 2498 1733 2518 vos
1743 2499 1838 2525 prosc—

1043 2540 1170 2572 minatos,
1188 2538 1335 2566 nonnullos
1346 2543 1455 2572 quoque
1471 2536 1613 2569 oberrarc,
1630 2536 1678 2570 qui
1697 2535 1835 2563 sinceram

1043 2590 1162 2612 vestram
1185 2584 1267 2611 fidem
1284 2581 1410 2610 demoliri
1432 2581 1577 2614 studeant,
1598 2585 1626 2608 et
1644 2581 1766 2608 inanium
1786 2589 1832 2608 vo-

1043 2631 1203 2658 cabulorum
1212 2629 1301 2657 bullas
1308 2628 1380 2663 apud
1389 2627 1456 2655 rude
1464 2627 1562 2662 vulgus
1568 2630 1735 2660 eructantes,
1743 2632 1833 2654 utrum

1043 2677 1166 2705 θεοτόκον
1183 2682 1291 2704 sacram
1305 2673 1443 2709 Virginem
1460 2673 1598 2708 appellare
1614 2671 1705 2705 liceat,
1721 2672 1748 2700 in
1769 2681 1834 2700 con-

1044 2722 1205 2751 troversiam
1224 2728 1324 2748 vocare
1337 2720 1465 2752 audeant,
1479 2728 1487 2744 ι
1507 2723 1561 2746 etc.
1585 2718 1678 2754 Pergit
1696 2719 1833 2746 validissi—

1043 2770 1096 2798 mis
1119 2768 1282 2798 rationibus,
1304 2765 1526 2801 gravissimisque
1548 2773 1610 2792 eutn
1630 2763 1831 2800 Scripturarum

1044 2822 1101 2844 tum
1113 2818 1270 2842 sanctorum
1283 2813 1393 2840 Patrum
1406 2810 1579 2841 testimoniis,
1591 2810 1729 2837 Christum
1739 2819 1830 2837 verum

1044 2869 1103 2889 esse
1125 2861 1209 2888 Deum
1223 2858 1350 2894 probare,
1368 2857 1439 2885 unde
1458 2864 1519 2883 mox
1540 2856 1747 2892 appellationem
1770 2857 1828 2884 Dci-
