1929 3042
59 188 87 215 25
731 186 758 215 S.
776 186 914 215 CYRILLI
933 185 1024 214 Vl'l‘A.
1650 180 1684 208 26

58 251 124 280 pars
134 251 196 271 vere
212 250 245 271 ac
267 245 387 279 proprie
403 244 482 272 Matri
496 245 602 280 Virgini
617 245 765 272 convenire
776 252 840 271 con-
857 247 879 274 Α
893 249 921 271 et
935 252 950 271 a
965 243 1066 278 quibus
1089 242 1115 269 id
1134 242 1246 269 minime
1260 238 1462 276 exspectabam,
1483 237 1616 264 hactenus
1631 236 1687 263 sint

59 289 139 318 cludit.
151 290 241 324 Atque
255 289 298 317 ita
310 291 432 326 epistola
445 291 497 318 hac
506 290 677 326 gravissima,
691 290 847 318 eruditione

58 343 79 365 et
91 340 178 365 sancto
193 336 259 363 ﬁdei
275 337 343 365 zelo
360 338 450 373 plena,
463 337 612 372 provincia:
627 345 683 365 suae
699 337 847 368 solitarios,

59 384 129 411 veluti
137 383 355 418 prophylactico
365 384 482 420 quodam
491 383 782 418 pharmac0,adversus
791 383 850 418 pul-

58 430 174 458 lulantem
197 429 336 459 hteresim
362 429 537 466 prmmunire,
565 434 593 457 et
609 429 637 456 in
653 429 764 464 antiqua
786 428 850 456 ﬁdei

59 475 169 503 doctrina
189 474 368 503 conﬁrmare
389 476 504 507 studuit.
523 475 634 503 Veritus
655 480 787 510 praeterea
816 482 851 502 ne

59 521 129 549 ferale
140 520 261 548 Nestorii
273 521 357 550 virus
382 522 440 559 ipsa
458 528 567 558 quoque
583 520 659 547 orbis
673 520 762 556 capita
777 519 851 546 ama-

60 574 102 599 ret,
114 567 185 594 unde
202 567 309 603 ingens
335 567 499 595 Christianae
519 566 679 603 reipublica:
699 565 852 601 periculum

59 611 188 640 formidari
207 612 318 640 merito
330 616 436 648 posset,
457 613 490 640 de
503 618 577 640 recta
594 612 622 639 in
634 612 721 639 Deum
737 610 800 643 ﬂde,
813 610 854 637 di-

60 659 165 692 vinaque
185 657 273 685 Verbi
291 658 488 688 Incarnatione
505 658 661 698 trcs_libros
681 656 853 691 conscripsit,

60 712 118 741 quos
128 704 230 738 Λάγους
247 707 500 740 προσφωνητικούς
517 704 673 745 appellavit.
684 703 787 731 Horum
799 702 856 737 pri-

61 759 126 779 mum
140 752 321 786 nuncupavit
345 751 500 779 Theodosio
515 756 542 779 et
556 751 748 779 Valentiniano
768 749 855 783 impe-

63 797 197 831 ratoribus,
222 797 300 825 duos
317 798 489 833 posteriores
509 797 637 826 Eudociae
659 801 687 824 et
705 794 856 824 Pulcheriae

62 843 162 878 reginis,
184 842 273 874 tacito
301 842 408 877 ubique
429 841 549 870 Nestorii
571 842 693 874 nomine,
712 848 748 868 ne
768 847 802 867 ex
823 846 857 866 eo

62 886 196 914 Theodosii
213 887 336 915 animus
351 888 547 920 otl'enderetur,
564 887 611 922 qui
629 886 785 914 Nestorium
800 884 857 912 An—

63 932 151 960 tiochia
165 932 355 966 accersitum,
370 933 528 968 episcopum
540 932 620 968 deligi
636 935 755 959 curarat.

91 979 130 1006 '59.
143 978 252 1006 Interea
265 978 357 1006 latius
370 979 472 1005 malum
483 978 619 1013 serpebat,
631 982 659 1004 et
672 977 786 1008 Romam
801 981 857 1001 non

64 1025 125 1052 fama
138 1025 227 1052 solum
245 1024 360 1066 perlata
373 1024 407 1051 ad
421 1023 601 1051 Caelestinum
619 1029 728 1057 papam,
745 1019 792 1048 sed
805 1018 857 1054 ipsi

64 1079 162 1106 quoque
178 1071 352 1106 pestilentes
362 1071 459 1098 libelli.
473 1069 596 1103 Quorum
610 1070 656 1096 ille
669 1065 856 1102 blasphemiis,

65 1118 153 1153 quibus
168 1118 331 1149 scatebant,
346 1117 516 1149 examinatis,
530 1115 631 1152 Cyl-illo
645 1114 766 1149 scripsit,
777 1116 807 1139 ut
818 1111 859 1139 di-

66 1164 170 1199 ligenter
180 1164 365 1199 perquireret
386 1171 453 1190 num
468 1163 513 1190 illa
527 1169 623 1189 revera
635 1165 726 1188 essent
740 1159 860 1186 aNesto—

68 1210 102 1237 rio
124 1210 308 1246 conscripta:
333 1217 424 1245 neque
449 1209 522 1236 enim
548 1207 680 1236 credibile
703 1205 858 1237 videbatur,

67 1256 226 1289 Nestorium,
246 1256 286 1284 de
302 1264 357 1291 quo
378 1263 467 1291 nuper
483 1259 523 1282 tot
539 1261 571 1281 ac
590 1258 666 1280 tanta
684 1251 859 1279 orientalium

68 1302 254 1338 episcoporum
269 1302 375 1330 litteris
389 1300 527 1337 praeconia
539 1299 700 1334 accepisset,
716 1297 754 1325 ita
768 1296 860 1324 subito

70 1349 93 1376 in
99 1353 289 1376 transversum
299 1354 392 1376 actum
402 1356 473 1381 esse,
481 1347 583 1382 talique
593 1345 684 1373 furore
692 1348 859 1379 correptum.

70 1395 125 1423 Haec
140 1396 197 1431 ipse
210 1400 337 1424 testatur
348 1395 468 1431 Cyrillus
480 1394 507 1421 in
522 1393 618 1429 primis
627 1391 661 1419 ad
673 1390 799 1422 eumdem
809 1389 862 1416 Ne—

71 1441 175 1469 storium
194 1441 313 1474 litteris,
333 1450 365 1471 ea
380 1441 522 1469 occasione
542 1438 672 1470 exaratis,
689 1436 761 1472 quod
780 1435 861 1462 intel-

71 1487 173 1517 lexisset
197 1488 325 1523 graviter
342 1495 405 1515 eum
426 1486 510 1514 fuisse
532 1484 667 1512 olfensum
689 1482 725 1509 ob
747 1481 863 1515 scriptas

72 1542 85 1561 a
94 1542 120 1561 se
133 1534 244 1562 litteras
260 1535 295 1562 ad
310 1533 419 1570 [Egypti
431 1532 580 1560 monachos
590 1530 722 1558 adversus
736 1527 863 1562 blasphe-

74 1589 125 1608 mos
135 1581 259 1609 libellos.
280 1581 312 1607 In
326 1580 372 1607 his
387 1584 449 1615 post
462 1578 640 1609 luculentam,
656 1582 706 1603 cur
721 1574 754 1602 ad
768 1581 862 1601 mona-

75 1627 133 1655 chos
148 1626 306 1662 scripserit,
325 1616 460 1652 redditam
478 1623 623 1654 rationem,
642 1621 715 1649 serio
734 1620 810 1648 illum
827 1619 862 1651 ad

76 1671 302 1707 resipiscentiam,
316 1671 471 1705 elapswquc
487 1676 536 1703 per
557 1666 770 1702 imprudentiam
787 1664 864 1692 vocis

77 1717 237 1752 palinodiam
266 1715 394 1743 hortatur
416 1722 422 1740 :
449 1712 524 1748 quod
551 1711 637 1740 altera
661 1717 724 1737 mox
749 1708 864 1744 epistola

78 1770 181 1798 prorsus
194 1761 353 1797 dogmatica
367 1765 396 1787 et
415 1757 575 1795 gravissima
590 1757 690 1784 iterum
705 1754 863 1782 inculcavit.

108 1819 148 1847 40.
161 1818 269 1846 Verum
285 1815 402 1851 singulis
418 1822 474 1842 suae
493 1822 508 1841 a
526 1812 653 1841 Nestorio
670 1811 784 1840 reddita:
803 1814 868 1838 sunt

80 1865 181 1897 litterae,
196 1868 325 1898 utraeque
340 1859 496 1896 arrogantia
507 1866 614 1886 summa
631 1864 662 1884 ac
672 1856 754 1888 fastu,
770 1862 824 1890 quo
839 1862 868 1881 se

80 1917 155 1945 supra
183 1909 308 1943 reliquos
333 1905 474 1934 antistites
502 1903 644 1935 eﬁ‘erebat,
669 1902 786 1929 refertzc.
811 1899 869 1927 Imo

81 1956 148 1988 omni
161 1955 229 1983 dolo
250 1953 384 1990 Cyrillum
401 1958 553 1987 aggressus,
571 1948 680 1984 collegit
697 1946 868 1978 circuitores,

82 2003 214 2038 projectos
228 2000 264 2028 ad
282 2006 364 2032 omne
379 1998 457 2025 nefas
474 2005 506 2025 ac
521 1995 654 2032 flagitium
670 1994 805 2026 homines,
823 1991 873 2028 qui

83 2050 111 2076 ad
126 2050 178 2076 hoc
189 2052 365 2083 vagarentur,
381 2050 411 2078 ut
425 2045 527 2079 ubique
543 2043 666 2071 locorum
682 2042 813 2069 adversus
822 2040 872 2077 Cy-

84 2096 170 2123 rillum
185 2094 290 2130 probra
311 2092 534 2124 dissemiuarent,
556 2099 566 2115 ‹
581 2089 723 2120 Jactabant
738 2091 840 2119 autem,
861 2095 870 2112 ι

85 2142 138 2177 ipso
150 2146 220 2169 teste
234 2140 336 2176 Cyrillo
347 2138 463 2174 epistola
473 2137 553 2164 tertia
562 2136 596 2163 ad
608 2134 764 2167 Nestorium
776 2137 841 2160 tom.
851 2132 873 2164 l,

86 2197 140 2224 cap.
156 2189 200 2220 12,
218 2187 285 2215 edit.
306 2186 422 2218 Peltaui,
443 2195 452 2211 r
469 2192 552 2212 voces
571 2182 677 2211 insania
695 2181 806 2216 plenas;
832 2179 877 2207 hic

86 2235 205 2270 quidem,
226 2233 300 2268 quod
317 2239 405 2263 caecos
430 2237 585 2265 egenosque
607 2236 656 2263 per
681 2226 809 2261 injuriam
826 2233 877 2260 op-

88 2281 261 2316 presserim,n
280 2279 388 2314 inquit;
405 2287 414 2303 ι
427 2277 506 2310 alius,
516 2276 589 2312 quod
597 2275 702 2302 ferrum
719 2274 747 2301 in
763 2276 877 2300 matrem

88 2327 260 2360 strinxerim;
276 2319 414 2357 notinulli,
431 2323 502 2358 quod
519 2322 624 2350 ancilla
637 2320 765 2356 praesidio
779 2325 877 2347 aurum

89 2375 206 2402 alienum
231 2371 409 2404 abstulerim";
430 2369 542 2404 quidam
556 2367 688 2403 denique,
704 2365 778 2401 quod
802 2364 878 2399 ejus-

90 2422 159 2450 modi
172 2420 362 2456 improbitatis
384 2417 540 2453 suspicione
556 2413 737 2443 laboraverim
758 2419 877 2446 semper,

90 2468 241 2504 cujusmodi
254 2475 289 2494 ne
306 2463 500 2495 infestissimos
513 2462 625 2498 quidem
648 2461 741 2488 hostes
754 2458 880 2486 laborare

90 2503 224 2548 optaverit
235 2511 384 2546 quispiam.
397 2510 497 2537 Verum
515 2508 592 2539 istos,
606 2512 634 2535 et
649 2506 671 2533 si
685 2504 731 2540 qui
745 2505 803 2540 ejus
816 2503 882 2530 fari-

92 2568 129 2587 nae
148 2563 214 2587 sunt
230 2558 287 2591 alii,
301 2565 360 2585 non
380 2556 497 2583 multum
513 2562 617 2586 moror,
635 2560 670 2580 ne
691 2559 775 2587 supra
796 2549 880 2584 Magi-

93 2610 175 2632 strum
192 2608 220 2632 et
233 2603 394 2634 Dominum,
407 2600 449 2628 vel
463 2600 545 2627 etiam
561 2606 644 2634 supra
659 2597 776 2632 majores
794 2602 880 2627 meos,

95 2651 231 2679 tenuitatis
245 2657 314 2677 mea:
327 2654 486 2675 mensuram
497 2645 644 2673 extendere
657 2643 762 2673 videar.
777 2651 786 2668 ι

126 2697 169 2724 Η.
186 2696 272 2730 Quam
284 2701 380 2722 autem
391 2699 527 2728 propenso
542 2690 634 2718 studio
644 2689 807 2717 Christiana:
820 2687 883 2714 cha-

58 2776 63 2781 ,
97 2744 189 2776 ritatis,
212 2742 333 2778 Cyrillus
352 2738 472 2768 Nestorii
491 2737 607 2766 salutem
625 2743 730 2764 summa
752 2733 883 2770 patientia

99 2790 259 2825 procuravit,
281 2790 401 2815 testatur
412 2784 527 2819 epistola
543 2782 665 2819 ejusdem
683 2781 717 2808 ad
738 2780 884 2816 quemdam

101 2835 208 2863 Nestorii
232 2837 411 2862 sectatorem,
429 2838 488 2864 cap.
509 2829 535 2856 9.
562 2837 571 2854 ι
592 2828 632 2855 Me
648 2827 741 2863 igitur,
758 2837 767 2852 ι
784 2826 883 2861 inquit,

103 2892 111 2907 ί
125 2882 192 2908 nulla
207 2888 297 2915 neque
309 2876 423 2913 injuria,
432 2884 522 2910 neque
534 2874 708 2906 contumelia,
722 2881 810 2908 neque
821 2880 886 2899 eon-

103 2928 162 2956 ricia
177 2931 304 2959 movent;
319 2922 429 2951 etiamsi
445 2921 653 2956 quamplurima,
672 2924 699 2948 ct
718 2919 884 2948 immerenti.

897 290 980 317 illata.
996 289 1049 317 Sed
1062 288 1157 315 isthaec
1168 287 1258 314 omnia
1269 286 1407 313 oblivione
1419 283 1573 311 voluntaria
1591 287 1687 309 conte—

898 341 992 363 rantur
1006 345 1011 361 :
1033 335 1105 362 Deus
1117 333 1190 360 enim
1207 331 1360 360 istiusmodi
1377 334 1525 365 nugatores
1537 328 1603 355 olim
1616 327 1690 363 judi-

899 387 1011 410 caturus
1027 385 1078 409 est.
1102 379 1220 407 Tantum
1239 378 1306 405 lides
1325 377 1431 412 integra
1449 378 1476 402 et
1497 375 1570 402 salva
1594 374 1640 405 sit,
1662 378 1691 400 et

900 430 1000 457 Charus
1011 428 1116 455 amicus
1127 425 1256 454 omnibus
1271 431 1337 451 ero:
1357 431 1446 458 neque
1468 421 1516 449 ulli
1541 420 1689 448 concedam

900 479 931 502 ut
943 473 1177 510 religiosissimum
1195 470 1354 505 episcopum
1372 467 1528 494 Nestorium
1550 464 1692 492 ardentius

901 524 987 552 amet,
1010 526 1092 554 quam
1112 525 1182 553 ego:
1204 523 1285 551 quem
1310 513 1392 541 etiam
1409 512 1515 548 (Deum
1542 510 1645 548 testor)
1665 509 1691 535 in

901 566 1010 594 Christo
1021 569 1135 600 peropto
1145 562 1217 598 apud
1231 568 1327 589 omnes
1337 560 1408 586 bene
1422 557 1528 589 audire,
1545 560 1693 589 notamque

903 612 938 639 ob
952 619 994 643 ea,
1008 617 1069 646 quae
1084 609 1190 645 pridem
1205 606 1325 638 admisit,
1338 601 1507 632 contractam
1523 602 1631 634 eluere;
1644 608 1693 635 pa-

903 658 1012 692 lamque
1028 656 1130 687 facere,
1150 652 1316 682 calumniam
1335 658 1397 679 eses
1423 655 1538 679 meram,
1553 655 1608 674 non
1621 645 1693 673 veri-

905 708 1002 735 tatem,
1027 710 1088 737 qua',
1110 701 1144 728 de
1165 707 1214 727 sua
1237 697 1352 733 perﬁdia
1370 705 1385 723 a
1402 693 1543 722 nonnullis
1560 692 1695 726 involgata

905 754 978 778 sunt.
997 749 1065 777 Nam
1082 747 1105 775 si
1121 745 1223 774 Christi
1239 743 1367 771 mandato
1382 741 1417 768 ad
1436 739 1608 767 inimicorum
1628 737 1697 763 dile»

906 796 1026 824 ctiouem
1045 800 1185 829 urgemur,
1196 789 1334 826 quomodo
1360 790 1573 816 consentaneum
1584 791 1638 810 non
1657 787 1699 809 est

907 848 937 871 ut
949 842 1052 870 amicos
1062 843 1091 868 et
1106 836 1316 867 consacerdotes
1333 833 1408 862 omni
1422 829 1620 859 benevolentiae
1638 833 1697 855 stu—

908 889 954 916 dio
969 883 1200 921 complectamur?
1215 881 1293 916 Quod
1310 880 1332 908 si
1347 887 1412 907 vero
1428 877 1588 906 exoriantur
1601 874 1649 910 qui
1667 873 1700 900 ﬁ-
1748 885 1753 891 κ

873 927 893 954 Β
908 935 969 962 dem
989 931 1116 960 demoliri
1140 932 1271 964 satagunt,
1292 925 1429 962 quomodo
1451 927 1556 950 nostras
1578 921 1700 955 ipsorum

908 978 1014 1006 animas
1034 976 1107 1003 ultro
1130 982 1185 1001 non
1203 963 1372 1000 oderemus?
1399 968 1526 996 Profecto
1551 965 1616 992 licet
1642 963 1701 998 ipsa

908 1032 1019 1063 quoque
1028 1030 1102 1051 mors
1115 1020 1196 1056 capiti
1209 1024 1303 1046 nostro
1315 1008 1481 1052 impendeat,
1491 1012 1564 1040 nulla
1579 1011 1606 1038 in
1622 1009 1702 1037 nobis

909 1073 963 1100 erit
975 1061 1131 1100 cunctatio:
1148 1075 1210 1095 nam
1221 1066 1244 1093 si
1258 1072 1310 1100 pro
1321 1063 1404 1099 gloria
1416 1061 1463 1089 Dei
1480 1059 1622 1087 veritatem
1635 1064 1703 1091 prm-

909 1119 1002 1147 dieare
1030 1114 1283 1144 formidaverimus,
1309 1118 1344 1138 ne
1369 1102 1500 1136 virielicet
1529 1105 1556 1132 in
1584 1104 1703 1138 aliquam

910 1164 1063 1193 molestiam
1080 1161 1250 1191 incidamus;
1270 1165 1334 1192 qua,
1359 1161 1461 1190 quaeso,
1481 1153 1570 1179 fronte
1594 1153 1704 1177 sancto—

910 1219 972 1239 rum
987 1212 1138 1244 martyrum
1149 1204 1299 1233 certamina
1312 1205 1340 1229 et
1356 1199 1511 1234 triumphos
1528 1195 1599 1231 apud
1618 1202 1705 1231 pppu-

910 1259 966 1286 lum
981 1255 1108 1284 laudibus
1121 1250 1288 1281 evehemus?
1307 1248 1408 1284 quippe
1421 1253 1491 1281 quos
1508 1250 1563 1270 uno
1582 1242 1636 1269 hoc
1653 1248 1704 1267 no-

911 1305 985 1332 mine
1004 1301 1141 1338 praecipue
1161 1298 1353 1326 decantamus,
1375 1292 1449 1327 quod
1469 1291 1532 1322 hoc,
1558 1288 1631 1324 quod
1649 1287 1705 1322 jam

912 1333 1016 1377 dictum
1030 1333 1201 1379 esu—magna
1224 1339 1309 1368 animi
1335 1335 1487 1365 constantia
1508 1333 1705 1372 pnestitertrnt,

912 1395 965 1422 hoc
988 1395 1040 1425 est,
1059 1389 1094 1418 ad
1112 1377 1230 1417 mortem
1250 1391 1339 1419 usque
1355 1389 1406 1418 pro
1426 1380 1542 1408 veritate
1558 1377 1706 1405 dimicave—

913 1443 988 1467 runt.
1007 1448 1016 1464 ι

944 1496 990 1529 42.
1009 1494 1229 1530 Composuerunt
1245 1496 1278 1517 eo
1294 1492 1417 1522 tempore
1432 1482 1524 1512 clerici
1555 1477 1710 1508 Constanti—

913 1541 1066 1579 uopolitaui
1078 1524 1209 1568 adversus
1218 1535 1329 1571 impiam
1339 1529 1458 1560 Nestorii
1470 1527 1622 1556 doctrinam
1633 1524 1711 1552 libel-

875 1594 896 1624 c
913 1573 970 1619 lum
984 1596 1065 1624 quem
1077 1586 1177 1613 oli‘erre
1191 1580 1350 1618 imperatori
1365 1577 1532 1613 cogitabant.
1549 1573 1662 1602 Verum,
1676 1577 1710 1596 ne

915 1642 1017 1665 temere
1032 1633 1097 1669 quid
1108 1631 1205 1659 fecisse
1216 1628 1387 1657 viderentur,
1403 1623 1522 1658 primum
1536 1618 1568 1646 ad
1579 1616 1711 1653 Cyrillum

915 1662 1059 1713 miserunt,
1077 1684 1108 1707 ut
1127 1678 1202 1705 illius
1220 1674 1383 1711 probaretur
1403 1669 1518 1706 judicio.
1541 1665 1647 1699 Quibus
1667 1662 1712 1689 ille

915 1737 1022 1759 summa
1035 1723 1245 1756 mansuetudine
1257 1725 1286 1748 et
1306 1717 1390 1747 animi
1403 1713 1592 1749 moderatione
1615 1707 1713 1736 reseri-

916 1754 1029 1812 "uﬁt
1039 1754 1158 1800 habetur
1170 1776 1230 1803 cap.
1244 1766 1285 1798 l0,
1298 1763 1420 1803 ejusdem
1435 1759 1520 1788 tomil
1534 1767 1540 1784 :
1555 1767 1564 1782 ‹
1578 1754 1712 1807 [:ihelluiit
1743 1778 1751 1785 _

917 1799 1068 1856 supplicem
1078 1819 1170 1843 vestra
1182 1820 1265 1848 opera
1276 1811 1310 1838 ad
1322 1817 1365 1836 mc
1382 1807 1508 1837 missum,
1519 1801 1596 1838 quasi
1610 1801 1634 1827 is
1644 1799 1713 1826 citra

1376 1854 1381 1856 '
1462 1851 1467 1856 '
1490 1849 1495 1856 ‘
1580 1847 1588 1856 1
1608 1844 1685 1856 L._.._:
1692 1848 1699 1856 ιη

917 1844 979 1856 ν““Ι⁷⁷ι
989 1844 1006 1845 ““
1013 1844 1021 1846 “
1030 1844 1036 1845 ί
1200 1844 1207 1848 .

917 1863 1038 1895 nostrain
1048 1861 1212 1891 sententiam
1225 1854 1382 1893 imperatori
1395 1849 1497 1888 porrigi
1507 1857 1561 1876 non
1572 1844 1711 1875 debuerit,

919 1911 1012 1946 accepi
1028 1913 1056 1941 et_
1067 1907 1119 1943 legi
1131 1916 1137 1933 :
1150 1911 1246 1933 verum
1260 1901 1332 1937 quod
1347 1898 1452 1935 prolixe
1464 1897 1492 1923 in
1503 1901 1566 1922 eum
1581 1892 1712 1922 incurrat,

920 1959 967 1994 qui
983 1956 1065 1984 isthic
1076 1954 1132 1990 agit
1153 1952 1221 1989 (sive
1236 1948 1338 1980 fratris,
1356 1946 1412 1973 slve
1422 1943 1476 1971 alio
1491 1945 1655 1976 quocunque
1667 1944 1716 1963 no-

921 2005 995 2033 mine
1011 1999 1324 2035 censeatur),hacleuus
1343 1989 1494 2028 suppressi,
1514 1995 1549 2015 ne
1570 1986 1715 2014 adversum

922 2058 973 2078 nos
986 2050 1140 2083 insurgens,
1155 2053 1184 2072 se
1198 2052 1247 2080 per
1263 2049 1315 2069 nos
1329 2040 1465 2067 hmreseos
1479 2033 1551 2069 apud
1571 2032 1716 2066 imperato-

923 2107 982 2126 rem
1001 2078 1122 2124 delatum
1144 2078 1295 2121 cav'illetur.
1326 2088 1433 2115 Interea
1460 2078 1602 2118 protestati
1623 2081 1717 2126 sumus

924 2144 984 2172 fore
1009 2148 1040 2169 ut
1050 2138 1257 2168 inimicitiarum
1273 2141 1354 2163 causa
1369 2130 1483 2167 posthac
1494 2125 1628 2163 judicium
1644 2122 1717 2150 illius

926 2190 1125 2219 dctrectemus,
1139 2186 1358 2221 praesentemque
1383 2173 1608 2205 controversiam,
1624 2169 1646 2196 si
1661 2175 1719 2196 om-

927 2236 994 2266 nino
1021 2231 1170 2268 importuni
1192 2237 1252 2257 esse
1271 2223 1452 2263 perrexerint,
1476 2220 1508 2248 ad
1532 2217 1605 2246 aliud
1628 2215 1718 2242 forum

894 2287 916 2315 D
929 2259 1135 2309 transferamus.
1157 2277 1226 2305 Cum
1244 2259 1337 2310 itaque
1355 2270 1478 2299 libellum
1496 2262 1676 2302 perlegeritis,
1696 2259 1719 2287 si

929 2335 982 2363 qua
997 2325 1149 2354 necessitas
1172 2320 1339 2359 poposcerit,
1361 2317 1459 2345 tradite
1477 2323 1484 2340 :
1509 2316 1537 2340 et
1560 2311 1583 2338 si
1608 2316 1671 2336 eum
1692 2307 1719 2333 in

930 2374 1005 2401 hisce
1015 2371 1123 2400 insidiis
1134 2371 1366 2406 perseverantem,
1382 2367 1410 2391 et
1421 2360 1490 2389 nihil
1506 2365 1561 2386 non
1576 2355 1720 2402 adversum

930 2397 1004 2401 ...ην
1101 2397 1120 2398 η
1135 2397 1144 2406 _

929 2427 980 2446 nos
991 2418 1147 2445 molientem
1163 2408 1422 2442 animadverteritis,
1442 2404 1589 2439 diligenter
1604 2397 1722 2435 perscri-

930 2465 997 2492 bitc.
1015 2463 1119 2499 Eligam
1144 2461 1217 2488 enim
1241 2458 1316 2486 viros
1341 2455 1400 2491 pios
1423 2459 1454 2480 ac
1479 2449 1639 2486 prudentes,
1659 2451 1722 2494 cum

931 2489 997 2492 ’ν’-ν’
1016 2489 1083 2499 -““σ⁷
1343 2489 1350 2491 .

931 2511 1083 2547 episcopos,
1099 2512 1156 2534 tum
1166 2504 1314 2533 monachos
1327 2506 1446 2536 quoque,
1462 2503 1531 2532 quos
1540 2493 1621 2521 etiam
1634 2489 1723 2525 primo

1445 2544 1467 2547 ’⁵
1589 2538 1595 2544 ³
1607 2545 1622 2547 ν.
1639 2544 1649 2547 -
1657 2535 1723 2547 -..ηρ

933 2535 945 2539 -
968 2535 1054 2545 Her
1077 2535 1083 2541 ,
1337 2535 1344 2536 7

931 2535 1040 2593 qiioque
1055 2560 1177 2589 tempore
1194 2551 1227 2580 ad
1239 2558 1288 2578 vos
1307 2547 1424 2576 mittam.
1445 2544 1539 2577 Neque
1553 2538 1625 2567 enim
1636 2535 1724 2564 oculis

932 2586 1011 2635 meis,
1030 2606 1059 2629 ut
1073 2586 1206 2635 scriptum
1225 2601 1266 2633 est
1276 2595 1358 2632 (Psal.
1373 2599 1460 2623 cxxxr,
1472 2586 1580 2624 ιδῃ),
1597 2588 1722 2612 somnum

933 2650 1014 2681 dabo,
1033 2634 1280 2682 nequeipalpebris
1296 2640 1365 2668 meis
1383 2634 1617 2682 dormitationem,
1635 2634 1724 2682 neque

934 2695 1057 2730 requiem
1081 2689 1252 2726 temporibus
1273 2686 1357 2716 meis,
1379 2683 1466 2710 donec
1489 2676 1638 2706 certamine
1660 2673 1723 2705 hoc,

934 2721 1057 2768 oninium
1071 2736 1168 2765 salutis
1178 2741 1270 2766 causa,
1282 2730 1441 2767 perfunctus
1456 2725 1543 2752 fuero.
1558 2721 1648 2754 Quare
1661 2725 1723 2746 cum

935 2792 1023 2812 meam
1052 2789 1127 2810 nunc
1151 2779 1313 2808 sententiam
1337 2771 1507 2802 didiceritis,
1536 2767 1590 2795 viri
1624 2770 1722 2793 estote.

936 2828 1142 2864 Quamprimum
1166 2825 1240 2853 enim
1262 2822 1431 2859 parabuntur
1457 2826 1471 2844 a
1498 2825 1541 2844 mc
1564 2817 1672 2848 litterm,
1697 2819 1724 2842 et

937 2861 1032 2910 quale
1052 2876 1171 2909 oportet,
1194 2876 1222 2898 et
1245 2870 1277 2897 ad
1300 2876 1367 2904 quos
1388 2867 1494 2901 oportet
1513 2872 1518 2889 :
1544 2861 1724 2889 statuit-nim

938 2904 1047 2952 propter
1059 2904 1160 2944 Christi
1175 2913 1255 2941 ﬁdem
1271 2909 1393 2944 quemvis
1403 2907 1523 2936 laborem
1535 2904 1637 2933 subire,
1649 2910 1722 2935 quie-
