1929 3042
218 157 252 184 27

890 156 917 184 S.
939 154 1076 184 CYRJLLI
1094 154 1184 183 VITA.

1819 152 1859 180 28

217 217 375 251 visquoque
382 215 504 250 perferre
513 215 780 248 wrmcnta,etiamea
795 216 1004 251 quaeintersup—
1018 217 1041 246 Α
1056 214 1162 241 ratione
1175 213 1256 240 fidem
1268 213 1295 240 in
1308 216 1448 248 posterum
1464 212 1655 240 eonfessurum
1663 212 1858 257 scspondeat,

217 261 299 296 plicia
311 263 458 288 censentur
472 260 642 295 gravissima,
661 260 748 288 donec
764 261 872 288 tandem
887 265 1006 288 inertem

216 305 268 334 hac
275 306 308 334 de
325 313 407 334 causa
420 309 575 341 susceptam
584 306 651 334 mihi
663 307 812 343 jucundam
824 307 977 342 pertulero.
991 316 1000 332 ι

267 381 357 417 ξνιιι.
377 382 446 409 Vicus
461 382 528 410 sedis
537 382 686 418 apostolica:
699 383 800 419 Cyrillo
814 383 948 418 delegatur.

249 447 293 474 43.
308 447 375 474 Cum
395 447 496 476 frustra
511 449 630 477 Nestorii
643 450 862 479 emendationem
876 456 1007 481 tentasset

214 491 343 528 Cyrillus,
356 494 545 521 Possidonium
561 494 660 529 legavit
673 495 803 523 Ecclesia:
816 496 1007 531 Alexandrinae

217 537 363 566 diaconum
378 539 411 566 ad
428 539 604 569 Cwlestinum
621 541 789 576 pontiﬁcem,
804 543 851 578 qui
871 544 905 571 de
919 545 1008 572 omni-

214 582 266 610 bus
282 591 345 611 eum
364 584 466 612 faceret
488 585 644 614 certiorem.
666 587 766 614 Verum
789 596 823 615 ne
845 589 878 615 ad
895 589 1007 617 damna-

214 628 316 657 tionem
337 629 455 658 Nestorii
475 630 603 659 incitasse
623 631 712 666 ipsum
729 634 887 668 pontiﬁcem
899 635 1007 663 videre-

214 679 268 707 tur,
286 675 358 703 istud
373 676 448 703 dedit
464 677 626 706 Possidonio
639 679 796 707 mandatum
813 689 819 707 :
839 691 848 706 ι
865 681 894 708 Si
911 681 1007 710 Nesto-

212 717 247 744 rii
262 718 376 751 litteras,
397 723 425 746 et
438 721 640 756 expositionum
662 723 737 751 illius
756 725 865 752 codices
884 726 1007 755 redditos

211 762 359 793 Caelestino
382 767 561 801 compereris,
584 773 614 796 tu
638 777 748 805 quoque
766 770 806 797 illi
826 779 900 800 meas
922 773 1006 800 redde

212 809 335 844 litteras;
354 811 397 839 sin
415 812 522 846 secius;
534 821 589 840 non
601 814 709 842 reddas.
727 825 736 841 ι
759 817 936 845 l’ossidonius
955 827 1005 845 au-

213 860 278 888 tem,
293 864 356 884 cum
369 859 551 893 comperisset
565 864 620 887 tam
635 860 765 894 epistolas
779 870 860 897 quam
878 871 1007 898 cxcgcses

210 901 286 930 illius
299 902 449 932 Caelestino
460 905 545 933 fuisse
560 907 706 941 exhibitas,
720 909 878 944 compulsus
886 915 930 937 est
945 910 1003 945 ipse

210 956 320 983 quoque
340 958 409 984 quas
427 951 533 980 ferebat
554 954 696 986 exhibere,
712 959 742 982 ut
766 959 883 984 testatur
907 956 1004 984 relatio

210 994 282 1021 Petri
292 995 443 1030 primicerii
455 998 635 1030 notariorum,
647 999 798 1036 presbyteri
811 1001 1003 1035 Alexandrini,

210 1039 313 1068 intexta
327 1041 436 1068 concilii
451 1043 580 1078 Ephesini
592 1048 665 1071 tumo
675 1044 707 1076 ll,
724 1045 751 1071 in
762 1045 883 1073 editione
897 1047 1002 1074 Peltani

208 1087 306 1114 nostri.
326 1087 387 1122 Ipsa
409 1093 499 1116 autem
515 1089 630 1124 epistola
650 1089 745 1126 Cyrilli
765 1091 798 1118 ad
823 1091 1002 1120 Ctelcstinmu

209 1132 327 1160 refertur
340 1130 414 1161 tomo
430 1134 451 1165 l,
467 1142 527 1169 cap.
540 1135 584 1168 39,
602 1135 630 1162 in
645 1143 698 1170 qua
714 1135 786 1163 inter
803 1137 855 1163 alia
874 1137 910 1165 ita
930 1145 1001 1172 pra:—

207 1179 297 1206 fatur:
320 1189 329 1205 ι
351 1180 489 1208 Hactenus
502 1181 587 1208 altum
608 1181 679 1208 tacui
697 1190 703 1208 :
725 1190 813 1216 neque
829 1182 903 1209 enim
919 1183 1001 1217 quid-

207 1233 289 1259 quam
300 1226 413 1253 omnino
428 1226 462 1253 de
476 1226 522 1253 illo
539 1227 586 1261 qui
605 1227 934 1264 Constantinopolitanam
948 1229 1000 1256 Ec—

207 1271 318 1299 clesiam
333 1272 385 1299 hoc
401 1275 522 1306 tempore
539 1272 722 1306 administrat,
738 1278 769 1300 ut
787 1274 820 1301 ad
839 1275 1000 1310 religionem

208 1323 293 1350 tuam,
304 1319 347 1346 vel
359 1318 393 1346 ad
409 1319 495 1346 ullum
507 1318 591 1346 alium
602 1320 827 1347 consacerdotum
842 1326 1000 1349 nostrorum

206 1363 321 1398 scripsi;
348 1372 404 1391 non
425 1364 563 1400 ignorans,
585 1365 753 1400 praecipitem
779 1367 946 1395 celeritatem
972 1369 1000 1396 in

205 1409 339 1444 ejusmodi
364 1410 446 1437 rebus
466 1418 527 1437 cum
551 1410 618 1437 vitio
638 1411 800 1447 plerumque
826 1414 999 1448 coniunctam

205 1463 265 1483 esse
281 1456 379 1483 solere.
396 1455 431 1483 At
443 1456 507 1491 quia
528 1463 601 1483 nunc
624 1456 657 1483 ad
679 1461 830 1485 extremum
853 1467 998 1494 propemo-

205 1501 271 1528 dum
287 1501 420 1528 malorum
445 1501 588 1528 devenisse
614 1502 750 1535 videmur,
767 1511 857 1537 opera:
880 1505 998 1539 pretimn

205 1545 370 1579 existimavi,
388 1550 468 1581 rupto
484 1546 604 1579 silentio,
621 1547 718 1574 ordine
734 1548 825 1575 omnia
848 1557 909 1584 qme
924 1550 998 1577 acci-

205 1591 307 1619 derunt
321 1599 467 1627 exponere.
486 1602 495 1618 ι

240 1637 285 1664 44.
301 1637 476 1675 εωιεειὶιιιιε,
493 1638 622 1673 perlectis
635 1638 729 1675 Cyrilli
746 1644 773 1667 et
789 1640 907 1668 Nestorii
923 1641 997 1669 litte-

206 1682 254 1715 ris,
267 1687 348 1717 atque
360 1683 421 1710 aliis
441 1683 514 1710 ultro
531 1683 657 1718 citroque
681 1684 708 1712 in
730 1679 875 1721 utramque
893 1691 997 1721 partem

205 1729 325 1764 scriptis,
333 1729 455 1757 evocatis
466 1730 579 1758 Romam
588 1731 724 1766 episcopis
732 1732 879 1759 concilium
891 1733 996 1767 habuit;

206 1777 233 1803 in
249 1785 314 1811 quo,
332 1777 454 1804 omnium
474 1778 618 1810 sententia,
636 1782 664 1805 et
680 1779 848 1814 blasphemia
867 1780 995 1814 Nestorii,

204 1822 298 1849 decem
329 1822 381 1857 ipsi
410 1823 444 1850 ad
475 1823 692 1858 resipiscendum
724 1825 823 1852 diebus
848 1827 996 1859 concessis,

204 1867 341 1899 damnata,
354 1872 381 1895 ct
394 1868 468 1896 vices
482 1868 621 1896 lecstini
639 1869 664 1896 in
678 1864 759 1897 causa
771 1871 890 1898 Nestorii
904 1880 998 1907 prose-

203 1914 311 1948 quenda
331 1914 432 1950 Cyrillo
447 1915 552 1950 legam,
571 1915 672 1943 litteris
691 1916 802 1950 utrique
826 1917 936 1952 scriptis
968 1927 996 1945 ιιι

203 1960 267 1987 Idus
292 1960 417 1995 Augusti,
445 1960 600 1988 Theodosio
622 1969 669 1988 xm
693 1966 721 1989 et
753 1961 941 1990 Valentiniano
968 1971 995 1991 ιιι

203 2006 271 2042 Aug.
286 2014 368 2039 coss.,
381 2014 452 2034 anno
468 2006 569 2035 Christi
587 2007 647 2036 450.
673 2008 702 2035 ln
724 2008 767 2035 his
783 2008 877 2044 Cyrilli
892 2009 996 2036 doctri—

204 2062 266 2080 nam
285 2054 405 2088 appellat
421 2053 554 2089 pontifex,
582 2064 590 2079 ι
610 2062 731 2090 pra'sens
757 2055 920 2092 remedium,
942 2064 1009 2090 quo

204 2101 317 2135 pestifer
327 2101 372 2128 ille
383 2100 590 2132 morbus,velut
604 2101 717 2127 salutari
731 2100 848 2136 quodam
861 2102 994 2134 antidoto,

203 2146 302 2181 depelli
319 2146 422 2181 possit;
440 2146 502 2180 puri
521 2145 603 2173 fontis
623 2146 829 2182 scaturigincm,
847 2156 896 2182 per
914 2156 995 2183 quam

203 2189 293 2219 onmis
315 2192 361 2219 illa
379 2191 431 2219 faex
452 2192 522 2218 male
538 2192 675 2219 currentis
692 2193 772 2219 rivuli
788 2193 922 2227 aufertur,
935 2203 995 2222 om-

187 2235 306 2273 .iies'quc
325 2237 357 2266 ad
375 2241 479 2264 certam
495 2245 641 2272 veramque
656 2237 735 2266 fidem
756 2238 954 2267 instituuntur:
980 2249 990 2266 ι

203 2284 292 2319 ipsum
315 2285 445 2320 Cyrillum
467 2285 591 2312 nominat
611 2294 620 2310 ι
645 2285 745 2312 bonum
772 2291 920 2321 pastorem,
945 2288 992 2322 qui

202 2330 321 2361 animam
344 2338 421 2358 suam
439 2334 522 2366 ponat
541 2339 590 2365 pro
606 2331 704 2358 ovibus
724 2332 798 2365 suis;
814 2332 993 2361 fortissimunl

203 2376 230 2404 in
246 2375 298 2404 fide
317 2376 451 2404 servanda
467 2377 674 2412 antagonistam,
688 2377 735 2412 qui
749 2378 871 2405 omnium
888 2386 993 2406 sermo-

202 2429 267 2453 num
292 2420 411 2448 Nestorii
440 2421 552 2448 technas
576 2422 684 2455 retexit,
708 2423 843 2458 [idemque
868 2424 902 2451 ad
930 2432 993 2452 eum

202 2466 313 2496 modum
328 2467 525 2500 corroboravit,
544 2472 574 2494 ut
593 2468 677 2495 corda
701 2469 728 2496 in
748 2469 888 2496 Christum
908 2470 994 2497 Deum

201 2517 326 2543 nostrum
341 2513 481 2541 credentia
505 2514 533 2541 iu
555 2515 668 2542 alteram
690 2520 797 2550 partem
818 2516 917 2543 abduci
940 2525 995 2544 non

202 2558 282 2587 facile
296 2562 416 2593 queant:
438 2568 447 2584 ι
473 2558 589 2594 ideoque
612 2559 722 2587 tandem
746 2560 789 2587 his
812 2561 905 2589 verbis
927 2569 994 2589 con—

202 2603 289 2633 cludit
303 2613 308 2630 :
326 2614 334 2629 ι
353 2601 534 2637 Quamobrem
548 2610 647 2634 nostra:
660 2606 733 2633 sedis
746 2607 909 2634 auctoritate
925 2608 996 2635 asci-

203 2655 240 2682 ta,
255 2655 402 2686 nostraque
416 2651 474 2679 vice
486 2656 514 2679 et
526 2651 588 2679 loco
602 2659 664 2679 cum
674 2656 810 2687 potestate
827 2661 902 2685 usus,
919 2653 995 2689 ejus-

202 2697 277 2724 modi
300 2705 354 2724 non
387 2698 490 2733 absque
510 2698 646 2733 exquisita
666 2697 811 2726 severitate
831 2699 995 2726 sententiam

203 2743 376 2777 exsequeris:
394 2752 504 2779 nempe,
522 2747 562 2775 ut,
585 2743 639 2770 nisi
661 2743 755 2770 decem
779 2743 887 2770 dierum
908 2745 995 2772 inter-

207 2789 277 2816 tallo
292 2790 325 2817 ab
342 2791 423 2826 hujus
435 2794 536 2817 nostra:
549 2788 741 2816 admonitionis
755 2788 799 2816 die
811 2790 995 2817 numerando-

209 2843 283 2868 rum,
305 2835 438 2863 nefariam
459 2834 612 2862 doctrinam
639 2842 715 2861 suam
743 2835 881 2870 conceptis
904 2836 997 2865 verbis

210 2880 432 2916 anathematizet,
447 2889 560 2917 eamque
577 2880 609 2908 dc
623 2880 724 2908 Christi
744 2880 790 2908 Dei
812 2880 896 2908 nostri
912 2889 994 2917 gene-

1058 269 1139 295 quam
1151 266 1178 288 et
1192 261 1323 293 Romana,
1335 265 1363 287 et
1375 264 1427 287 tua:
1440 260 1591 288 sanctitatis
1606 260 1739 293 Ecclesia,
1752 265 1781 287 et
1795 260 1861 287 uni-

1057 315 1136 334 versa
1156 307 1287 342 deinceps
1310 307 1407 342 religio
1427 307 1583 334 Christiana
1607 307 1753 342 praedicat,
1780 307 1861 334 illico

1057 353 1186 380 sanctitas
1203 357 1249 380 tua
1266 353 1306 379 illi
1323 353 1451 380 Ecclesia:
1467 352 1625 388 prospiciat.
1643 353 1668 379 Is
1682 360 1747 379 vero
1764 352 1861 394 modis

1056 398 1186 425 omnibus
1204 406 1232 425 se
1244 406 1259 424 a
1274 402 1369 426 nostro
1382 406 1496 433 corpore
1510 403 1679 433 segregatum
1691 406 1751 425 esse
1770 398 1859 425 inth—

1056 443 1138 478 ligat;
1157 448 1187 471 ut
1205 444 1252 479 qui
1265 452 1374 471 onmem
1387 444 1555 471 medentium
1569 452 1662 470 curam
1676 449 1858 480 aspernatus,

1056 497 1107 517 nec
1118 498 1171 516 non
1185 490 1272 517 instar
1286 489 1516 526 pestiferi-morbi
1531 498 1578 524 per
1591 490 1859 517 universumEcclc-

1057 536 1103 563 size
1124 544 1224 571 corpus
1247 536 1343 563 insano
1367 537 1448 563 modo
1469 541 1616 572 grassatus,
1641 541 1694 563 tam
1718 537 1856 572 scipsum,

1056 589 1137 616 quam
1153 586 1268 609 etetcros
1284 590 1379 609 omnes
1392 582 1443 609 sibi
1455 583 1616 610 commissos
1627 603 1633 615 ,
1652 584 1678 610 in
1694 588 1856 611 extremum

1055 627 1169 655 exitium
1185 628 1355 663 praecipitare
1368 629 1513 657 studuerit.
1534 639 1542 654 ι
1558 629 1620 657 llzec
1636 630 1802 658 Caelestinus
1817 631 1856 657 ad

1055 671 1202 706 Cyrillum,
1226 680 1287 707 qua:
1310 673 1409 708 repetit
1429 673 1458 700 in
1485 673 1606 709 Epistula
1631 675 1665 701 ad
1687 675 1855 708 Nestorium,

1055 725 1136 752 quam
1155 719 1191 745 ita
1204 719 1343 746 concludit
1357 728 1363 745 :
1380 729 1388 744 t
1406 719 1497 746 Nostri
1510 720 1536 747 in
1553 725 1578 748 te
1592 721 1689 756 judicii
1705 721 1855 749 formulam

1056 763 1089 790 ad
1116 764 1143 791 S.
1172 764 1303 799 Cyrillum
1330 766 1543 799 transmisimus,
1572 771 1601 793 ut
1627 772 1720 794 noster
1744 768 1796 795 hac
1825 768 1857 795 in

1056 815 1133 843 parte
1160 809 1279 838 vicarius
1298 810 1407 843 cfliciat,
1428 819 1484 846 quo
1505 817 1630 838 nostrum
1655 811 1798 840 decretum
1825 817 1858 840 et

1057 854 1107 881 tibi
1131 860 1159 883 ct
1186 856 1299 891 reliquis
1322 865 1433 892 quoque
1457 858 1586 886 omnibus
1610 858 1743 887 fratribus
1772 864 1856 895 pate-

1021 903 1040 930 Β
1053 899 1109 932 flat,
1131 910 1140 925 ι
1156 906 1208 928 etc.

1088 945 1131 972 45.
1143 945 1270 980 Cyrillus,
1281 948 1401 982 acceptis
1413 956 1429 976 ι
1438 947 1587 976 C(elcstino
1597 949 1726 984 pontiﬁce
1737 951 1852 984 litteris,

1053 991 1149 1018 scribit
1160 991 1256 1020 Joanni
1273 993 1435 1027 Antiochize,
1448 995 1571 1023 .luvcnali
1584 995 1853 1032 Hierosolymorum,

1052 1042 1080 1065 et
1094 1038 1194 1066 Acacio
1211 1039 1314 1067 Beruae
1333 1040 1480 1076 episcopis,
1501 1050 1579 1076 quos,
1598 1047 1627 1070 ut
1649 1043 1682 1071 ad
1705 1044 1854 1072 vindican—

1052 1082 1114 1110 dam
1135 1084 1226 1112 hesam
1244 1085 1407 1114 catholicam
1429 1086 1508 1114 fidem
1528 1096 1604 1116 arma
1625 1095 1777 1124 capessant,
1800 1092 1855 1118 ad-

1053 1130 1189 1163 hortatur,
1201 1132 1313 1167 ipseque
1323 1133 1450 1168 exemplo
1460 1142 1510 1160 suo
1523 1134 1611 1169 prmit,
1626 1136 1721 1163 accitis
1733 1136 1856 1164 Alexan-

1052 1176 1141 1203 driam
1166 1177 1265 1213 vicinis
1283 1178 1423 1213 episcopis
1433 1178 1566 1214 synodum
1586 1180 1668 1215 cogit,
1688 1186 1855 1216 quantoque

1052 1221 1080 1249 in
1104 1223 1263 1250 discrimine
1286 1229 1412 1251 versetur
1435 1225 1562 1252 universa
1588 1226 1720 1259 Ecclesia,
1744 1227 1854 1262 prolixe

1052 1269 1182 1299 ostendit.
1197 1269 1323 1305 Synodus
1339 1270 1507 1303 Nestorium,
1523 1271 1655 1299 discussis
1670 1273 1730 1308 ejus
1744 1274 1853 1308 episto-

1052 1314 1086 1342 lis
1103 1320 1131 1342 et
1147 1316 1318 1351 exegcsibus,
1345 1317 1504 1345 lncreticum
1527 1319 1686 1353 pronuntiat
1704 1329 1710 1346 :
1731 1325 1854 1355 quatuor

1051 1360 1175 1388 decernit
1191 1361 1304 1397 legatos,
1317 1362 1535 1397 Theopemptum
1553 1362 1732 1397 Cabasorum,
1749 1365 1854 1394 Danie-

1051 1405 1103 1432 lcm
1128 1406 1308 1434 Darncnsium
1335 1407 1488 1443 episcopos,
1511 1409 1688 1436 Potamonem
1711 1415 1739 1438 et
1759 1412 1853 1439 Maca—

1051 1452 1122 1479 rium
1137 1452 1268 1480 Ecclesia:
1285 1453 1477 1481 Alexandrina:
1492 1454 1641 1488 ministros,
1656 1456 1702 1490 qui
1714 1457 1854 1485 Constan-

1051 1496 1192 1530 tinopolim
1202 1497 1412 1532 proficiscantur
1424 1498 1558 1526 reddituri
1568 1500 1699 1534 epistolas
1706 1501 1852 1531 Caelestini

1050 1542 1101 1576 ipsi
1116 1541 1252 1576 Nestorio,
1276 1551 1339 1570 cum
1356 1544 1468 1572 decreto
1488 1545 1681 1579 damnationis,
1703 1547 1755 1575 nisi
1778 1548 1852 1575 intra

1011 1584 1032 1612 C
1049 1588 1239 1623 prmscriptum
1266 1589 1361 1617 decem
1384 1590 1490 1617 dierum
1517 1592 1634 1626 spatium
1663 1593 1851 1628 rcsipisceret.

1049 1634 1128 1663 Missa
1150 1635 1232 1670 igitur
1247 1635 1373 1662 Nestorio
1392 1636 1530 1672 synodalis
1551 1637 1677 1672 cpistola,
1704 1647 1766 1673 quae
1786 1639 1851 1666 fidei

1048 1680 1208 1708 orthodoxa:
1224 1680 1424 1708 confessionem
1436 1686 1464 1709 et
1477 1682 1621 1710 duodecim
1633 1691 1762 1711 errorum
1781 1692 1851 1712 ana-

1049 1725 1238 1754 thematismos
1253 1726 1422 1754 continebat.

1083 1772 1125 1798 t6.
1140 1772 1292 1805 Nestorius,
1311 1778 1422 1808 accepta
1437 1775 1487 1802 hac
1499 1775 1614 1809 epistola
1633 1775 1766 1811 lectisque
1781 1785 1850 1804 ana-

1049 1817 1239 1850 thematismis,
1260 1817 1286 1845 in
1307 1819 1439 1854 Cyrillum
1467 1820 1565 1848 horum
1591 1826 1731 1850 auctorem
1754 1823 1850 1851 insur-

1048 1873 1123 1900 gens,
1140 1864 1276 1892 haereseos
1301 1865 1465 1901 Apollinaris
1484 1875 1547 1894 cmn
1568 1870 1715 1901 accusavit,
1738 1874 1796 1897 tum
1820 1876 1851 1898 ut
1893 1878 1898 1882 '

1047 1909 1093 1935 alii
1113 1909 1183 1936 idem
1201 1915 1362 1945 prmslarent
1378 1911 1479 1938 effecit.
1499 1923 1506 1936 ι
1525 1912 1609 1948 Cujus
1630 1915 1769 1948 exemplar
1787 1915 1850 1950 epi—

1048 1956 1134 1989 stolae,
1166 1966 1174 1981 ι
1205 1957 1293 1991 inquit
1320 1957 1466 1984 Liberatus
1493 1958 1520 1985 in
1545 1958 1686 1987 Breviario
1709 1960 1743 1987 de
1765 1969 1850 1988 causa

1047 2001 1218 2035 Nestoriana,
1237 2011 1296 2038 cap.
1317 2003 1343 2034 4,
1362 2013 1370 2028 ‹
1393 2004 1557 2038 perveniens
1579 2005 1612 2032 ad
1638 2006 1771 2034 Joannem
1789 2007 1849 2035 An-

1048 2047 1216 2080 tiochenam,
1236 2048 1358 2075 ochnsus
1377 2053 1419 2075 est
1443 2049 1471 2076 in
1496 2049 1562 2084 ipsis
1583 2050 1677 2086 Cyrilli
1699 2053 1847 2087 capitulis;

1047 2093 1153 2128 putavit
1163 2094 1236 2120 enim
1249 2101 1324 2126 eum,
1340 2093 1405 2120 dum
1423 2094 1601 2123 immoderate
1616 2101 1775 2124 accurreret
1790 2098 1847 2125 Ne-

1047 2140 1143 2172 storio,
1171 2140 1198 2167 in
1221 2144 1322 2167 sectam
1347 2140 1513 2174 Apollinaris
1541 2140 1680 2169 incidisse.
1706 2143 1849 2171 Mandavit

1046 2193 1111 2221 ergo
1126 2186 1241 2213 Andreae
1262 2190 1290 2213 et
1313 2186 1480 2213 Thcodorito
1499 2187 1636 2224 episcopis
1656 2189 1767 2216 concilii
1791 2191 1848 2223 sui,

1050 2235 1080 2258 ut
1100 2232 1202 2266 scripto
1219 2231 1417 2266 responderent
1440 2237 1536 2260 contra
1557 2234 1613 2268 ipsa
1632 2235 1778 2263 duodecim
1800 2245 1848 2264 ca-

1048 2276 1133 2311 pitula
1150 2280 1278 2311 tanquam
1294 2276 1461 2312 Apollinaris
1475 2278 1573 2314 dogma
1586 2279 1777 2308 instanrantia.
1792 2283 1848 2309 Co-

1044 2329 1177 2357 gnosccns
1192 2321 1284 2357 itaque
1300 2322 1443 2350 Nestorius
1474 2324 1546 2358 quod
1561 2324 1680 2360 Cyrillus
1695 2335 1749 2354 non
1767 2332 1849 2362 pate-

1045 2372 1122 2394 retur
1150 2367 1299 2395 Ecclesiam
1326 2368 1366 2395 sic
1387 2376 1448 2395 esse
1475 2369 1502 2396 in
1528 2371 1796 2405 perturbationibus,
1820 2378 1848 2401 et

1045 2414 1161 2448 populos
1175 2413 1202 2440 in
1220 2414 1359 2447 seandalo,
1376 2415 1514 2450 subripuit
1526 2416 1572 2450 pio
1589 2416 1706 2452 principi
1720 2417 1849 2446 Theodo~

1045 2461 1095 2494 sio,
1111 2466 1141 2488 ut
1155 2462 1266 2489 Sacram
1285 2462 1318 2489 ad
1331 2470 1393 2490 eum
1410 2463 1550 2498 dirigeret,
1569 2468 1596 2491 et
1613 2472 1628 2491 a
1641 2472 1690 2492 sua
1701 2473 1765 2492 eum
1783 2474 1848 2501 per-

1045 2507 1185 2535 Seeutione
1199 2513 1395 2543 compesceret.
1419 2509 1453 2535 Et
1473 2509 1585 2544 scripsit
1604 2509 1716 2544 quidem
1733 2511 1767 2537 ad
1782 2519 1848 2538 eum

1046 2552 1156 2580 Sacram
1175 2553 1332 2588 imperator,
1347 2561 1464 2588 arguens
1477 2562 1539 2581 eum
1552 2558 1678 2589 tanquam
1691 2555 1848 2590 inquietum

1045 2603 1073 2626 et
1088 2599 1216 2626 scandala
1232 2603 1394 2631 sectantem,
1411 2600 1457 2635 qui
1477 2600 1537 2628 sine
1557 2601 1696 2629 consortio
1714 2603 1845 2636 sacerdo-

1048 2649 1104 2672 tum
1120 2649 1214 2680 ageret
1225 2648 1308 2680 atquc
1324 2645 1468 2673 scriberet.

1080 2701 1093 2738 ᾗ
1107 2701 1153 2730 1X.
1168 2701 1315 2730 Concilium
1333 2702 1506 2738 Ephesinum.
1523 2702 1636 2731 Ηωνσεῐδ
1649 2703 1810 2733 Nestorium

1371 2737 1512 2765 damnata.

1081 2794 1123 2821 47.
1140 2794 1313 2822 Theodosius
1325 2794 1483 2830 imperator,
1499 2803 1532 2822 eo
1550 2803 1607 2822 rem
1623 2795 1785 2830 perductam
1803 2805 1845 2823 ra-

1048 2841 1091 2864 tus
1118 2842 1149 2865 ut
1163 2846 1232 2873 opus
1250 2843 1323 2866 esset
1334 2839 1480 2866 universali
1497 2840 1623 2873 concilio,
1643 2840 1758 2868 Romam
1770 2841 1844 2869 misit

1049 2883 1076 2910 S.
1093 2883 1251 2912 Petronium
1264 2883 1369 2920 (postea
1385 2890 1508 2914 creatum
1525 2886 1724 2917 Bononiensem
1738 2887 1844 2923 cpisco-
