1929 3042
44 148 78 175 E9

748 153 776 180 S.
797 152 935 181 CYRlLLl
956 151 1045 180 VITA.

1675 153 1709 181 30

45 213 124 242 pum,
143 205 179 232 dc
197 213 256 240 quo
277 214 306 234 Iv
330 194 466 236 Octobris
488 209 611 245 agemus)
630 209 664 236 ad
688 209 866 237 leestinnm
882 212 903 240 Α
918 216 974 235 non
990 207 1104 236 concedi
1123 207 1209 238 soleat
1223 208 1256 236 iis
1271 209 1372 244 quibus
1385 208 1508 237 creditur
1525 208 1627 237 vicaria
1642 216 1711 245 pne—

47 259 162 288 papam,
179 256 213 279 ut
231 251 341 287 Ephesi
357 254 422 289 ejus
436 255 599 282 auctoritate
614 255 762 282 concilium
779 255 865 283 habe—

49 303 138 329 retur,
156 298 282 326 maxime
297 299 377 334 quod
398 308 454 328 non
475 300 620 328 Nestorius
639 304 756 334 tantum,
775 301 822 328 sed
837 306 866 329 et

48 344 170 380 Cyrillus
188 344 334 373 haereseos
354 350 542 374 accusaretur.
564 355 574 371 ι
592 346 658 374 Post
676 342 734 374 hare
756 347 865 382 scripsit

54 391 171 418 Sacram
188 390 225 417 ad
239 391 391 419 universos
406 391 600 427 episcopos,ut
612 392 750 426 Ephesum
763 400 864 420 conve-

49 437 155 468 nirent,
180 441 211 464 et
237 437 403 466 conferrent
425 438 460 466 de
480 438 600 466 Nestorii
622 438 711 471 libris,
722 443 750 466 et
769 438 865 474 Cyrilli

48 482 189 518 judicium
208 483 416 518 expenderent.
438 493 447 510 ι
465 484 504 512 Ita
520 483 668 511 Liberatus
683 492 743 519 cap.
757 484 784 511 5.
799 484 865 517 Quae

50 533 125 564 gesta
145 529 193 556 hic
210 534 291 562 sunt,
309 530 442 558 universa
463 529 587 565 proferre
607 530 716 557 animus
735 537 790 557 non
811 534 862 557 est.

51 575 112 609 Ipsa
135 575 256 602 concilii
275 575 345 603 Acta
367 576 469 611 passim
489 580 607 608 exstant,
627 583 715 610 eaque
735 576 864 611 praeclare

53 620 181 646 discussa
199 627 217 647 ει
234 620 358 648 Baronio
373 620 408 648 ad
424 621 497 649 hunc
512 628 615 648 armum
636 620 699 653 451,
717 620 764 655 qui
785 628 862 647 num.

53 666 84 692 57
100 665 136 692 de
151 665 300 701 episcopis
317 667 353 694 ad
373 667 507 703 synodum
524 667 698 695 venientibus
713 675 805 702 agens,
825 668 863 695 ita

53 711 191 746 Cyrillum
204 712 303 740 laudat
318 721 325 739 :
346 722 355 738 ε
374 713 448 741 Inter
460 721 557 742 omnes
569 713 687 749 Cyrillus
696 713 793 749 primas
802 718 864 749 post

55 757 214 785 Romanam
229 758 415 794 prmrogativa
430 759 514 792 sedis,
531 763 560 787 et
578 759 666 795 ipsius
683 760 778 795 prima:
789 760 864 788 sedis

55 802 159 830 vicaria
177 803 361 838 praefectura,
380 805 500 840 reliquos
511 813 608 833 omnes
621 806 766 841 episcopos
784 810 862 833 ante—

56 849 170 882 cellens,
187 849 304 883 enituit,
317 855 401 886 atque
421 851 508 886 magis
521 851 661 887 magisque
677 859 741 879 cum
752 859 861 879 morum

916 254 1086 282 fectura.vel
1113 254 1212 289 legatio
1235 262 1250 281 a
1275 255 1377 288 latere,
1402 260 1430 283 et
1453 260 1534 291 negat
1557 256 1710 291 exemplum

917 300 1001 335 (quod
1017 300 1130 335 quidem
1145 300 1204 335 ipse
1216 300 1300 336 norit)
1311 306 1419 329 exstare
1434 301 1579 336 potestatis
1592 302 1712 337 ejusmo-

915 346 943 373 di
958 346 992 373 ad
1010 350 1135 381 posteros
1149 351 1315 382 propagatae,
1332 355 1387 374 non
1402 347 1556 382 insignibus
1573 347 1650 380 solis,
1664 347 1712 375 sed

915 392 1088 420 auctoritatis
1102 400 1212 428 quoque
1230 393 1418 427 usurpatione.
1440 393 1568 429 Episcopi
1591 393 1712 421 Orientis

914 439 1027 466 Memias
1041 438 1372 474 Constantinopolitanus,
1396 438 1558 467 Theodorus
1580 439 1712 467 Caesarea:

914 483 1103 519 Cappadociae,
1123 483 1248 513 Andreas
1264 483 1430 519 Ephesinus,
1446 484 1547 519 aliique
1562 485 1710 520 quamplu-

914 530 976 557 rimi
997 530 1024 557 in
1039 530 1211 565 professione
1225 530 1314 565 prima
1329 529 1393 556 ﬁdei
1406 537 1486 564 quam
1502 530 1536 557 ad
1556 530 1584 557 S.
1600 530 1710 565 Euphe-

913 576 976 604 mite
1002 576 1135 611 templum
1163 575 1402 611 Constantinopoli
1430 575 1458 602 iu
1487 576 1582 610 quinta
1606 576 1710 611 synodo

913 622 1093 655 meumenica,
1126 630 1171 650 an.
1190 622 1256 650 Chr.
1281 622 1343 654 553,
1357 620 1493 653 fecerunt,
1525 631 1534 646 ι
1559 621 1711 656 suscipiunt

913 672 1031 703 quatuor
1052 673 1161 696 sanctas
1177 667 1306 704 synodos,
1322 671 1350 694 et
1371 667 1443 694 inter
1464 666 1523 694 illas
1544 666 1709 701 Ephesinam

913 714 1029 749 primatu
1052 714 1244 746 ducentorum,
1269 713 1298 740 in
1317 721 1371 748 qua
1388 713 1417 740 in
1437 712 1533 748 legatis
1554 713 1612 740 suis
1629 717 1711 747 atque

912 761 1033 793 vicariis,
1049 761 1077 788 id
1089 765 1141 794 est,
1156 760 1316 788 beatissimo
1331 760 1436 796 Cyrillo
1449 759 1642 788 Alexandrina:
1661 768 1710 787 ur—

912 807 956 835 bis
969 807 1109 842 episcopo,
1126 807 1246 834 Arcadio
1264 811 1293 834 et
1312 807 1438 842 Projecto
1455 805 1592 841 episcopis
1603 810 1630 833 et
1644 806 1709 833 Phi-

911 853 986 888 lippo
1000 853 1177 889 presbytero,
1200 853 1378 880 beatissimus
1398 852 1564 880 leestiuus
1578 860 1648 888 papa
1665 859 1709 879 sc-

56 896 167 931 egregia
196 891 356 929 sanctitate,
382 901 441 924 tum
461 898 561 925 eximia
584 895 754 926 divinarum’
766 906 859 927 rerum
877 890 898 918 ⁸
911 899 997 927 nioris
1011 899 1104 927 Romae
1111 899 1234 927 noscitur
1249 899 1435 935 praesedisse.»

58 942 174 969 scientia
186 942 299 970 claruit.
314 952 324 968 ι
335 942 419 970 Certe
428 950 543 978 magnus
551 943 726 979 Euthymius,
733 948 764 972 ut
775 944 803 972 in
810 944 859 972 Vi-

948 955 992 982 49.
1010 954 1175 983 Convolarat
1199 955 1337 990 Ephesum
1363 955 1455 982 statim
1479 958 1542 989 post
1563 953 1710 981 Paschales

60 994 84 1016 ta
99 988 161 1023 ejus
176 988 281 1023 legitur
295 997 330 1015 xx
341 989 476 1021 Januarii,
491 997 568 1017 num.
585 990 629 1023 55,
648 999 657 1015 ι
672 998 735 1018 cum
747 990 781 1018 ad
793 999 855 1027 syn-

912 1001 994 1029 fcrias
1008 988 1271 1036 Nestorius,maéna
1291 1001 1386 1036 populi
1406 988 1523 1035 stipatus
1543 999 1707 1034 frequentia.

60 1034 142 1082 equm
158 1042 272 1082 quoque
281 1036 446 1082 conventurj
457 1041 550 1064 essem
563 1036 685 1072 episcopi
698 1037 859 1070 Ρθιωειίιιεε.
912 1046 1007 1075 Adfuit
1020 1051 1048 1074 et
1063 1047 1182 1082 Cyrillus
1199 1034 1275 1074 cultu
1292 1034 1479 1082 bi'apparaiu
1494 1045 1635 1080 pontiﬁcio
1656 1045 1708 1072 sub

61 1079 139 1127 lube!
163 1080 250 1108 Ρειτο
272 1081 405 1118 θΡίπίΨο
429 1081 639 1115 δίπδθθηοτωητ
660 1086 690 1110 u‘
715 1082 861 1111 accederet
913 1079 1094 1123 Pentecostes-
1109 1093 1311 1122 solemnitatem
1331 1112 1338 1124 ,
1361 1079 1424 1127 post
1442 1079 1523 1126 quam
1546 1095 1646 1126 quarto
1663 1090 1708 1117 dic

62 1125 161 1160 Cyrillo
185 1126 358 1154 Alexandria:
381 1131 410 1154 et
429 1127 529 1155 Aeaeio
548 1128 691 1156 Melitenes
713 1130 855 1165 episcopis,

912 1139 1023 1168 advenit
1037 1139 1177 1168 Iuvenalis
1187 1125 1439 1174 Hierosolymorum
1450 1125 1619 1173 cpiscopus.
1634 1137 1707 1164 Con-

63 1178 92 1199 ut
113 1180 177 1207 quae
200 1173 241 1200 eis
265 1173 440 1206 viderentur,
462 1181 491 1201 se
517 1182 627 1209 quoque
652 1175 707 1202 illis
732 1176 855 1203 assentiri

912 1190 1047 1215 venerunt
1065 1185 1184 1220 denique
1203 1192 1266 1213 cum
1289 1173 1332 1212 his
1352 1184 1464 1212 ducenti
1488 1188 1564 1211 eteo
1586 1175 1709 1219 amplius

65 1218 253 1253 profiteretur;
265 1228 274 1245 ι
287 1224 403 1252 nam,ut
414 1228 491 1247 num.
504 1220 538 1247 54
550 1220 664 1254 dicitur,
677 1230 686 1247 α
696 1226 855 1257 exposueral

912 1233 1044 1269 episcopi.
1059 1218 1152 1260 Solum
1164 1231 1376 1266 exspectabatur
1390 1230 1507 1258 Joannes
1518 1229 1709 1256 Antioclienus

65 1264 89 1315 Ῠί
104 1263 290 1315 δῖηθδωςᾱῗ
306 1265 410 1315 Cyrillo
423 1265 609 1315 Hennam?
623 1270 652 1294 εί
666 1266 766 1294 Acad"
782 1266 860 1315 δεδί-
912 1263 975 1309 cum
991 1263 1129 1315 episcopis
1140 1263 1235 1314 Syriae,
1254 1277 1313 1313 qui,
1329 1281 1360 1304 ut
1378 1276 1508 1304 Nestorio
1533 1283 1638 1302 morem
1662 1282 1708 1309 ge-

67 1312 161 1362 “m:
171 1310 406 1362 quemadmoflf'm
417 1319 510 1362 “cf”?
524 1316 553 1340 ⁸⁸
567 1313 758 1341 Vehemen‘em
771 1314 860 1341 zelum
912 1331 997 1359 reret,
1008 1310 1359 1362 plusquam'hebdoinadas
1371 1323 1440 1350 duas
1457 1322 1529 1349 ultra
1550 1321 1707 1348 condictum

69 1357 244 1385 ostenderent
261 1366 312 1394 pro
329 1358 384 1387 ﬁde
399 1359 563 1387 orthodoxa.
583 1369 592 1386 ι

911 1357 994 1401 diem
1007 1357 1140 1404 moratus,
1158 1370 1268 1398 tandem
1284 1369 1413 1397 Patribus
1429 1367 1560 1395 indicavit
1573 1374 1622 1402 per
1638 1366 1708 1393 duos

99 1413 142 1441 48.
167 1413 238 1442 Suas
261 1413 365 1451 Cyrillo
389 1415 466 1443 vices
490 1415 658 1443 concessisse
681 1415 860 1454 Ccelestinum
912 1419 1139 1454 metropolitanos
1162 1424 1237 1449 suos,
1264 1423 1320 1444 non
1340 1423 1402 1443 esse
1422 1414 1556 1450 synodum
1574 1412 1707 1440 diﬂ'eren—

70 1459 148 1487 misso
160 1459 289 1496 phrygio,
310 1469 359 1489 seu
382 1462 473 1494 mitra,
493 1462 597 1489 indicat
619 1462 780 1490 Theodorus
797 1463 859 1490 Bal-
911 1464 984 1491 dam.
999 1464 1095 1499 Magno
1109 1469 1176 1498 ergo
1194 1462 1388 1496 episcoporum
1402 1467 1537 1487 consensu
1564 1458 1706 1485 decretum

70 1515 157 1534 samon
166 1507 196 1534 in
211 1507 399 1535 Nomocanone
415 1508 515 1541 Photii,
531 1508 611 1536 titulo
620 1508 646 1542 8,
658 1516 718 1544 cap.
736 1509 748 1535 1
762 1518 768 1536 :
785 1519 793 1534 ε
805 1509 862 1536 Ηυ-
911 1515 954 1538 est
972 1509 1106 1546 synodum
1122 1509 1244 1536 inchoari
1259 1510 1397 1542 oportere.
1410 1505 1531 1533 Collecta
1548 1512 1580 1532 ea
1592 1507 1634 1531 est
1651 1511 1705 1531 xxn

68 1553 108 1587 jus
130 1560 241 1588 quoque
262 1552 396 1588 temporis
414 1554 569 1589 patriarcha
589 1554 804 1586 Alexandrinus,
824 1562 857 1581 ex
871 1573 891 1589 ,η
910 1556 984 1584 Junii
996 1556 1024 1583 in
1037 1555 1154 1583 ecclesia
1163 1553 1343 1582 sanctissimae
1359 1553 1408 1580 Dei
1418 1551 1585 1580 Genitrieis:
1601 1557 1704 1585 praese-

71 1599 190 1633 przesenti
205 1599 297 1627 edicto
308 1600 355 1635 jus
373 1599 456 1627 habet
467 1604 497 1627 ut
516 1607 578 1628 cum
592 1600 707 1636 phrygio
722 1599 855 1628 celebret.
872 1596 892 1602 ν
908 1602 949 1630 dit
960 1602 1077 1638 Cyrillus
1092 1600 1232 1629 Caelestini
1250 1607 1327 1635 papae
1347 1598 1468 1626 vicarius
1482 1607 1489 1624 :
1514 1596 1701 1624 interfuerunt

71 1644 165 1671 ilabuit
182 1649 276 1673 autem
292 1645 363 1672 hanc
378 1645 535 1673 facultatem
555 1645 583 1673 S.
603 1645 721 1681 Cyrinus
739 1644 856 1673 Alexan-
906 1648 1026 1684 episcopi
1039 1648 1184 1682 plusquam
1194 1645 1317 1674 ducenti.
1331 1645 1462 1673 Perlccue
1474 1643 1649 1679 imperatoris
1661 1643 1706 1670 lit—

70 1690 184 1718 drinusa
196 1691 322 1719 Romano
330 1699 402 1727 papa
412 1691 569 1725 Caelestino,
586 1692 695 1727 quando
704 1691 757 1719 fuit
768 1691 858 1727 Ephe—
907 1700 990 1727 tam,
1012 1695 1115 1730 quibus
1140 1694 1286 1729 episcopos
1315 1691 1350 1719 ad
1373 1691 1508 1727 synodum
1533 1694 1705 1719 evocaverat.

70 1737 122 1764 sina
137 1737 256 1773 synodus
271 1737 404 1765 adversus
419 1738 586 1765 Nestorium.
601 1737 671 1766 Cum
687 1745 743 1766 non
765 1741 858 1773 posset
905 1741 1050 1770 Nestorius
1060 1741 1143 1768 tertio
1153 1740 1264 1772 citatus,
1278 1738 1375 1767 abnuit
1388 1738 1499 1774 prodire
1513 1747 1519 1764 :
1531 1745 1566 1764 eo
1579 1737 1705 1772 neglecto

69 1783 228 1811 Conlestinus
248 1784 346 1811 adesse
365 1784 477 1820 Ephesi,
500 1788 528 1812 et
543 1784 667 1820 judicare
687 1784 855 1816 Nestorium,

911 1789 963 1815 itur
977 1788 1011 1815 ad
1032 1787 1190 1824 synodicam
1209 1785 1434 1822 dijudicationem
1451 1793 1457 1811 :
1481 1783 1634 1811 recitantur
1652 1791 1702 1818 pu—

70 1829 152 1856 visum
169 1834 212 1857 est
229 1835 260 1857 ut
273 1829 302 1857 Β.
319 1829 422 1866 Cyrillo
445 1838 461 1857 a
480 1830 628 1858 Caelestino
651 1830 858 1865 permitteretur

71 1874 129 1902 huic
152 1875 258 1911 synodo
280 1876 439 1910 praesidere.
459 1875 495 1904 Ut
518 1876 610 1911 itaque
632 1883 696 1903 eum
718 1879 858 1903 constaret

71 1921 165 1949 habere
174 1922 223 1957 jus
233 1926 262 1949 et
274 1922 467 1950 auctoritatem
480 1929 568 1958 papae,
580 1921 652 1949 sedit
660 1928 724 1949 cum
737 1921 853 1958 phrygio

71 1967 292 1995 cteondemnavit
303 1968 470 1996 Nestorium.
479 1968 520 1996 Ab
533 1975 567 1996 eo
574 1975 639 2004 ergo
654 1972 778 2003 tempore
793 1974 856 1995 cum

72 2013 162 2041 eodem
178 2014 294 2050 phrygio
309 2014 465 2042 sacriﬁcant
478 2019 507 2043 et
521 2015 676 2050 procedunt
691 2015 857 2050 patriarchae

72 2060 252 2093 Alexandrini,
269 2064 298 2088 et
318 2068 374 2089 non
396 2065 527 2088 verentur
545 2060 721 2096 reprehendi.
744 2070 753 2087 ι
770 2060 855 2088 Baro-

72 2107 128 2134 nius
137 2115 180 2134 an.
193 2106 261 2135 Chr.
279 2106 341 2140 450,
357 2115 385 2134 n.
405 2107 449 2140 26,
467 2115 517 2143 per
531 2107 676 2144 phrygium
690 2107 856 2143 interpreta-

74 2158 113 2181 tur
129 2154 250 2189 pallium.
276 2153 439 2181 Theodorus
459 2153 546 2190 λῶρον
569 2154 697 2189 scripsit,
718 2161 771 2189 qua
788 2161 856 2182 voce

74 2201 173 2228 mitram
192 2200 286 2236 potius
300 2199 450 2236 signiﬁcari
464 2199 545 2228 docet
558 2200 722 2235 Spondanus
733 2200 767 2227 ad
781 2200 856 2228 hunc

906 1834 978 1862 blice
994 1834 1112 1862 Nicaeum
1132 1833 1195 1861 ﬁdei
1210 1831 1376 1868 symbolum,
1396 1830 1553 1862 conciones,
1569 1828 1702 1864 epistolae.

905 1880 991 1908 libelli
1007 1887 1038 1907 ac
1060 1882 1193 1906 tractatus
1208 1877 1328 1906 Ncstorii
1342 1886 1348 1904 :
1371 1881 1454 1904 testes
1473 1875 1508 1903 de
1523 1873 1703 1910 blasphemiis

904 1925 940 1952 ab
959 1932 994 1953 eo
1016 1925 1043 1953 in
1065 1924 1206 1952 Christum
1225 1930 1258 1950 ac
1273 1921 1419 1957 Deiparam
1438 1921 1577 1956 Virginem
1592 1919 1702 1956 jactatis

905 1971 1096 2006 producuntur
1112 1979 1119 1998 :
1135 1969 1229 2005 Cyrilli
1243 1968 1277 1997 ad
1296 1967 1465 2000 Nestorium,
1480 1971 1509 1994 et
1521 1965 1604 2002 hujus
1621 1965 1655 1993 ad
1669 1965 1704 1993 il-

904 2017 962 2045 lum
972 2015 1071 2043 litterae
1085 2015 1224 2051 leguntur.

939 2061 983 2090 50.
1001 2060 1107 2094 Quibus
1119 2059 1250 2087 omnibus
1265 2057 1385 2094 graviter
1395 2061 1425 2085 et
1437 2059 1567 2084 accurate
1584 2062 1701 2090 perpen-

905 2107 953 2140 sis,
967 2107 1002 2134 ab
1015 2106 1176 2142 episcopatu
1194 2103 1425 2138 sacerdotumque
1444 2100 1584 2130 consortio
1603 2101 1703 2129 Nesto-

905 2153 964 2188 rius
972 2151 1110 2188 dejicitur,
1119 2149 1341 2179 constantissima
1353 2148 1438 2176 totius
1446 2147 1543 2184 synodi
1554 2146 1701 2179 sententia,

904 2201 1218 2237 Cyrilliczeterorumque
1228 2198 1352 2227 omnium
1371 2197 1565 2233 episcoporum
1583 2195 1700 2224 subscri-

75 2253 175 2278 annum,
195 2245 358 2280 interposita
372 2245 452 2273 docta
466 2245 573 2281 phrygii
590 2245 780 2281 explicatione.
803 2245 852 2273 Isi-
869 2254 891 2282 ι)
905 2247 998 2284 ptione
1013 2246 1128 2275 munita.
1144 2246 1183 2274 Ea
1196 2245 1234 2273 ita
1246 2245 1365 2273 refertur
1379 2247 1401 2271 t.
1413 2243 1448 2276 ll,
1461 2250 1521 2278 cap.
1539 2241 1588 2269 1οε
1608 2250 1617 2267 ε
1633 2241 1702 2269 San-

75 2291 158 2325 dorus,
179 2291 228 2319 lib.
246 2299 291 2319 xxx
307 2291 468 2327 Etymolog.,
486 2299 546 2327 cap.
562 2292 612 2319 5i:
632 2302 641 2318 ‹
660 2292 738 2320 Mitra
754 2296 797 2320 est
812 2291 854 2327 pi—

76 2338 139 2365 lcum
155 2338 311 2374 phrygium,
324 2341 407 2373 caput
417 2341 572 2374 protegens.
591 2348 600 2364 ι
619 2337 854 2371 Quemadmodum

77 2388 100 2411 et
119 2384 288 2419 Nicephorus
305 2384 413 2419 accepit
435 2383 485 2412 lib.
509 2392 564 2416 xxv,
588 2392 648 2419 cap.
675 2385 720 2418 54,
747 2385 795 2412 ubi
819 2384 856 2412 ita

77 2430 162 2457 scribit
175 2438 182 2456 :
199 2439 208 2455 ι
226 2429 392 2457 Ctelestinus
407 2429 499 2458 Romae
513 2429 669 2464 episcopus,
684 2435 797 2465 propter
809 2438 857 2457 na-

78 2475 210 2511 rigationis
222 2476 356 2511 pericula,
375 2475 433 2511 ipse
449 2476 552 2512 synodo
563 2476 659 2503 adesse
674 2476 854 2504 detrectavit:

80 2521 107 2548 ad
120 2521 246 2557 Cyrillum
264 2527 368 2554 tamen,
385 2526 415 2548 ut
433 2521 523 2549 locum
547 2521 585 2548 ibi
604 2529 684 2549 suum
707 2521 855 2554 obtineret,

78 2568 184 2603 scripsit.
202 2568 241 2595 Ex
263 2576 318 2603 quo
338 2571 462 2602 tempore
483 2567 555 2595 fama
573 2572 625 2600 est,
647 2567 757 2594 mitram
779 2567 856 2594 illum

83 2614 170 2649 (Graece
189 2614 220 2641 τὸ
236 2616 286 2649 τῆς
305 2613 407 2649 μίτρας
422 2613 552 2648 ἐπίθεμα)
572 2618 600 2641 et
614 2621 690 2649 papae
698 2613 857 2649 appellatio-

82 2667 142 2692 nem,
157 2665 236 2694 atque
259 2664 291 2687 ut
310 2658 388 2686 orbis
409 2658 529 2686 universi
549 2658 632 2693 judex
660 2658 855 2693 appellaretur,

83 2704 210 2739 accrpisse.
232 2714 241 2730 ›
257 2703 411 2739 Exquibus
421 2703 522 2739 colligit
534 2703 707 2738 Spondanus,
726 2713 734 2728 ε
753 2703 857 2738 priscos

85 2749 132 2776 illos
145 2750 285 2785 episcopos
301 2749 453 2776 orientales
465 2749 554 2776 mitris
565 2749 605 2776 uti
616 2749 728 2776 minime
742 2756 857 2776 consue-

85 2796 147 2827 visse,
161 2800 186 2824 ct
201 2804 281 2832 papm
294 2795 533 2823 nomenclaturam
553 2795 624 2823 haud
646 2795 690 2826 iis,
710 2795 781 2822 sicut
798 2799 856 2822 erat

85 2843 291 2874 occidentalibus,
312 2841 399 2869 fuisse
411 2850 593 2870 communem.
611 2852 620 2867 ι
640 2841 783 2870 Existimat
804 2841 855 2868 Ba-

84 2890 154 2919 ronius
173 2891 241 2918 nihil
264 2888 373 2922 Cyrillo
397 2895 556 2916 concessum
574 2896 588 2916 a
605 2889 762 2920 (iwlestino,
783 2887 854 2922 quod

905 2298 950 2321 cla
958 2293 1077 2330 synodus
1087 2292 1156 2320 dixit
1173 2291 1259 2320 :Cum
1274 2291 1346 2319 inter
1363 2295 1461 2318 caetera
1480 2287 1702 2324 religiosissimus

905 2338 1058 2370 Nestorius,
1083 2345 1174 2373 neque
1202 2341 1304 2365 nostrae
1324 2335 1449 2372 citationi
1471 2342 1586 2370 parere,
1613 2341 1702 2369 neque

906 2385 1093 2412 sanctissimos
1118 2391 1229 2412 rursum
1258 2382 1534 2418 religiosissimosque
1559 2380 1705 2417 episcopos

905 2436 1015 2459 nostros
1039 2430 1073 2458 ad
1098 2437 1127 2458 se
1147 2429 1246 2457 missos
1266 2428 1412 2456 admittere
1432 2427 1562 2460 voluerit,
1578 2435 1633 2454 non
1653 2434 1703 2462 po-

907 2476 1009 2504 tuimus
1022 2475 1056 2503 ad
1068 2483 1164 2503 eorum
1188 2483 1250 2510 quae
1259 2474 1343 2510 impie
1355 2474 1448 2503 docuit
1472 2472 1708 2501 examinationi-nt

906 2522 1028 2549 animum
1052 2528 1107 2548 non
1131 2521 1290 2556 adjungere.
1312 2520 1409 2548 Edocti
1432 2520 1524 2555 itaque
1546 2518 1647 2554 partim
1668 2526 1701 2547 ex

907 2567 1007 2595 litteris
1023 2567 1282 2602 commentariisque
1305 2566 1380 2594 illius
1400 2565 1446 2594 hic
1469 2565 1580 2600 publice
1605 2565 1704 2596 lectis,

907 2613 1006 2650 partim
1024 2621 1133 2641 rursum
1155 2621 1189 2641 ex
1205 2613 1384 2641 concionibus
1415 2620 1484 2647 quas
1500 2611 1529 2638 in
1545 2611 1597 2638 hac
1611 2611 1706 2645 Ephe-i

906 2661 1011 2688 siorum
1024 2659 1169 2695 metropoli
1186 2659 1299 2692 habuit,
1317 2659 1417 2694 partim
1439 2658 1557 2692 denique
1574 2665 1607 2684 ex
1626 2656 1702 2684 testi-

907 2705 960 2733 bus
970 2705 1023 2733 ﬁde
1041 2705 1142 2740 dignis,
1158 2705 1236 2732 illum
1254 2705 1338 2740 impie
1357 2704 1456 2739 docere
1479 2707 1507 2730 et.
1527 2709 1634 2736 sapere,
1652 2709 1703 2735 per-

907 2723 1023 2733 υυσιιυυ
1041 2723 1142 2740 manu,
1255 2723 1338 2740 ...Ψιυ
1357 2723 1456 2739 ww...
1479 2723 1507 2730 ν.
1527 2723 1634 2736 “quo,
1653 2723 1696 2735 γ-.

907 2759 1001 2779 sacros
1023 2759 1152 2783 canones,
1174 2750 1397 2784 sanctissimique
1421 2749 1550 2776 Romanis
1571 2747 1701 2774 Ecclesia)
1719 2723 1726 2767 Ι

906 2797 1028 2832 episcopi
1045 2796 1185 2825 Caelestini
1208 2795 1293 2831 patris
1312 2794 1397 2822 nostri
1421 2794 1541 2825 litteras,
1569 2792 1699 2827 lacrymis

908 2839 1003 2868 suil‘usi
1019 2846 1047 2868 et
1060 2849 1129 2875 pene
1141 2841 1218 2868 inviti
1234 2839 1267 2867 ad
1286 2839 1429 2874 lugubrem
1448 2839 1516 2866 hanc
1533 2836 1698 2865 sententiam

909 2895 1047 2924 argi-mur.
1073 2887 1157 2921 Igitur
1182 2887 1313 2915 Dominus
1338 2890 1430 2914 uoster
1455 2885 1534 2914 Jcsus
1558 2883 1697 2916 Christus,
