1929 3042
240 159 271 186 51
909 165 936 192 S.
958 164 1022 192 CYll

1074 164 1097 191 λι
1118 162 1206 191 γΙΤΛ.
1838 161 1875 188 3‘3

237 211 319 252 quem
344 217 402 245 suis
422 217 466 245 ille
489 217 655 253 blasphemis
672 219 787 248 vocibus
808 221 952 256 ilnpetivit,
978 231 1027 257 per
1042 226 1062 252 Α
1077 221 1119 247 sui
1140 225 1168 248 et
1190 228 1252 248 cum
1277 221 1370 248 multis
1390 222 1552 258 Pelagianis,
1571 223 1618 258 qui
1643 226 1792 258 cognatum
1816 221 1875 248 sibi

237 270 343 290 sacram
359 263 429 290 hanc
450 263 594 298 synodum,
614 265 741 292 eumdem
765 266 932 299 Nestorium,
949 269 1024 295 omni

237 315 350 343 prorsus
365 308 512 343 episcopali
528 308 659 344 dignitate
680 311 827 345 privatum,
854 317 882 339 et
904 313 938 340 ab
961 314 1024 340 uni—

237 361 316 381 verso
336 353 514 382 nihilominus
542 356 717 384 sacerdotum
740 358 880 386 consortio
901 363 930 386 et
952 365 1024 387 coetu

236 399 355 426 alienum
372 407 432 427 esse
445 400 580 429 decernit.
601 411 611 427 ο

268 445 311 472 5i.
329 444 404 473 Hanc
420 446 584 474 sententiam
600 447 714 475 solemni
735 449 827 476 statim
842 457 939 485 pompa
954 458 1024 486 prae—

235 498 318 518 cones
336 495 392 518 tota
411 492 479 520 urbe
495 493 739 532 circumtulerunt,
757 499 785 522 et
804 495 891 523 allixis
914 496 1024 531 publice

235 537 398 572 syngraphis
415 539 630 574 promulgarunt.
654 539 775 575 Populus
798 541 954 576 Ephesinus
981 543 1023 570 in-

234 584 359 612 credibili
371 586 470 621 gaudio
480 587 606 622 perfusus
617 588 817 617 collucentibus
828 590 905 618 uedis
913 590 1024 618 domum

235 630 349 657 deduxit
367 632 518 667 episcopos,
537 634 767 668 pra-tcreuntibus
784 635 864 662 thura
882 639 909 663 ct
926 636 1024 664 odores

236 676 368 708 incendit,
381 677 510 712 impiique
524 678 641 706 Nestorii
656 680 911 709 condemnationem
927 682 1023 717 plausu

235 723 402 751 faustissimo
417 724 533 760 excepit.
549 725 679 760 Sequenti
696 725 740 753 die
753 726 871 762 Cyrillus
886 728 918 754 ad
935 736 1023 763 popu-

235 768 292 796 lum
307 769 472 804 Ephesinum
490 769 517 796 in
532 770 640 797 laudem
651 771 828 799 sanctissimae
839 772 887 800 Dei
902 773 1022 800 Genitri-

235 814 277 841 cis
291 814 450 842 concionem
462 814 568 847 habuit,
582 816 769 852 acerrimeque
783 817 809 844 in
820 818 938 845 Nestorii
950 819 1022 846 blas-

236 859 359 895 phemias
372 860 494 887 invectus
506 865 557 887 est.
576 861 697 896 Denique
711 862 744 889 ad
766 862 951 890 Theodosium
973 864 1024 891 im-

1075 267 1173 302 dogma
1191 267 1333 302 juvabant,
1351 268 1506 296 damnatur.
1523 279 1533 294 ι

1111 314 1154 341 55.
1168 314 1274 341 Interea
1285 314 1442 350 imperator,
1457 315 1524 342 falsa
1540 315 1720 343 Orientalium
1732 314 1876 342 relatione

1075 360 1217 395 deceptus,
1236 369 1291 388 non
1306 361 1394 388 solum
1418 361 1547 394 Nestorii,
1561 369 1656 388 verum
1675 361 1758 388 etiam
1770 360 1874 396 Cyrilli

1074 411 1102 433 ct
1126 406 1278 434 Memnonis
1305 407 1567 440 exauctorationem,
1589 411 1718 442 tanquam
1744 406 1875 442 legitime

1074 451 1188 484 factam,
1216 452 1349 488 approbat
1373 461 1379 479 :
1414 453 1546 480 Joannem
1570 461 1711 480 sacrorum
1736 452 1874 480 comitem

1074 499 1309 534 Constantinopoli
1328 499 1466 535 Ephesum
1485 499 1566 534 legat,
1588 499 1635 533 qui
1655 498 1730 533 pacis
1746 505 1873 525 concor-

1074 545 1178 580 dizeque
1191 553 1272 572 causa
1285 545 1389 581 synodo
1404 545 1484 577 adsit,
1496 549 1527 571 ut
1541 545 1642 572 dicitur
1657 548 1730 571 torno
1744 544 1790 575 lll,
1803 551 1871 577 cap.

1075 591 1118 618 15.
1137 591 1187 618 llic
1200 591 1247 618 ubi
1262 591 1399 626 Ephesum
1416 590 1538 623 advenit,
1553 590 1640 625 prima
1655 590 1700 617 die
1716 590 1797 617 lectis
1813 589 1872 616 im-

1074 637 1208 671 peratoris
1237 637 1346 668 litteris,
1375 636 1495 664 declarat
1523 636 1690 668 Nestorium,
1718 635 1872 671 Cyrillum,

1073 686 1155 717 atque
1169 682 1338 709 Memnonem
1357 682 1419 717 jure
1440 681 1599 716 depositos:
1619 689 1694 717 quos.
1705 689 1813 713 omnes,
1836 689 1874 708 ne

1073 729 1186 758 dissidia
1198 729 1300 764 majora
1310 728 1523 760 concitarentur,
1536 728 1640 756 carceri
1659 736 1797 763 quemque
1816 736 1874 754 suo

1073 774 1205 807 includit;
1220 779 1248 802 et
1260 773 1417 801 Nestorium
1430 773 1544 808 quidem
1556 773 1766 801 custodiendum
1781 773 1874 801 tradit

1072 818 1241 846 Candidiano
1252 818 1357 850 comiti,
1373 817 1503 854 Cyrillum
1511 826 1576 846 vero
1590 822 1619 846 et
1631 818 1804 846 Memnonem
1819 818 1871 846 Ja-

1072 865 1143 892 cobo
1170 865 1264 892 itidem
1287 864 1392 896 comiti,
1420 869 1451 892 ut
1477 865 1535 900 ipse
1559 865 1679 893 Joannes
1701 865 1803 892 litteris
1835 865 1870 891 ad

235 909 388 939 peratorem
406 909 435 932 et
452 906 555 932 clerum
570 906 901 943 Constantinopolitanum
912 909 1022 944 scriptae
1037 899 1059 929 Β
1074 902 1258 939 Theodosium
1269 910 1362 938 missis
1375 910 1479 938 indicat
1488 899 1559 938 tom.
1573 910 1618 942 Ill,
1632 910 1749 946 append.
1760 910 1789 942 2,
1803 917 1868 945 cap.

235 955 300 978 sunt
310 951 409 978 litterae
419 952 570 987 synodales.

234 1029 249 1065 ﬁ
263 1030 295 1058 Χ.
307 1030 387 1059 Noua:
401 1032 429 1058 in
440 1031 570 1067 Cyrillum
581 1032 721 1060 calumnia:
729 1041 738 1066 ,'
751 1041 884 1066 carceres;
900 1035 1019 1062 victoria.

272 1099 316 1127 52.
331 1099 394 1127 Ilaec
408 1099 473 1127 dum
487 1108 593 1128 summa
612 1101 827 1129 orthodoxorum
849 1102 942 1130 laetitia
957 1110 1020 1138 per-

236 1149 362 1179 aguntur,
372 1150 511 1173 certamen
525 1146 658 1174 instaurat
672 1147 852 1175 hmrcsiarcha
868 1148 1019 1176 Nestorius.

236 1189 267 1216 Ei
290 1190 416 1218 favebant
440 1192 568 1225 comites,
587 1192 773 1221 Candidianus
801 1194 835 1221 ab
856 1194 1022 1229 imperatore

236 1235 390 1264 Theodosio
405 1238 440 1265 ad
452 1245 546 1273 pacem
560 1238 697 1274 publicam
711 1240 858 1267 curandam
870 1241 1020 1275 appositus,

234 1286 263 1308 et
275 1281 393 1311 lrenzeus
407 1283 535 1311 amicitia
556 1284 646 1311 studio
664 1284 820 1312 Nestorium
839 1290 958 1313 secutus.
976 1286 1021 1313 ln-

236 1326 428 1355 tercluduntur
443 1335 508 1363 ergo
520 1328 555 1355 ab
566 1328 610 1365 his
621 1328 672 1356 viae
688 1336 792 1362 omnes,
810 1337 845 1357 ne
856 1338 910 1365 qua
925 1330 1021 1366 synodi

236 1372 333 1400 littera:
345 1373 378 1400 ad
396 1373 589 1408 imperatorem
603 1374 772 1408 deferantur,
786 1379 859 1403 terra
877 1380 925 1402 aut
941 1377 1018 1404 mari.

235 1418 347 1446 Interim
373 1419 491 1447 Joannes
521 1420 665 1455 episcopus
692 1420 881 1449 Antiochenus
917 1421 1019 1457 aliique

235 1463 387 1492 Orientales
400 1465 531 1500 episcopi,
548 1465 582 1493 ad
599 1466 783 1494 damnandum
802 1466 957 1495 Nestorium
970 1476 1021 1503 po-

235 1511 358 1544 pularem
370 1519 450 1538 suum
462 1511 585 1547 ingratiis
594 1512 684 1544 acciti,
693 1520 764 1539 xxvu
775 1513 851 1540 Junii
860 1513 1019 1548 adveniunt,

235 1561 264 1583 ct
279 1556 456 1584 tumultuario
473 1560 567 1584 coacto
586 1557 766 1586 conciliabqu
781 1558 909 1594 legitimae
924 1560 1020 1596 synodi

236 1603 303 1630 Acta
320 1603 488 1635 rescindunt,
504 1611 536 1631 ac
547 1603 680 1639 Cyrillum
692 1609 720 1632 et
731 1604 901 1633 Memnonem
922 1606 1022 1641 Ephesi

235 1650 393 1684 episcopum
408 1649 555 1683 damnant;
570 1649 702 1686 Cyrillum
713 1652 835 1686 quidem,
858 1652 936 1687 quasi
953 1653 1022 1680 scri-

236 1695 292 1730 ptis
315 1695 372 1722 suis
386 1695 418 1722 ad
430 1695 585 1723 Nestorium
594 1697 856 1733 Constantinopolim
870 1699 960 1727 missis
969 1699 1023 1727 ha-

238 1748 317 1767 reses
333 1741 536 1774 admiscuisset,
550 1742 721 1771 Memnonem
747 1751 813 1772 vero
837 1745 911 1779 quod
929 1745 1024 1781 Cyrilli

235 1785 353 1821 capitula
365 1787 760 1825 promulgasset,Nestorioque
781 1798 877 1819 omnes
895 1792 1024 1820 ecclesias

237 1832 336 1867 Ephesi
353 1833 504 1867 clausisset,
521 1839 549 1863 et
564 1836 618 1863 alia
639 1836 774 1872 permulta
791 1842 886 1865 contra
906 1845 1024 1866 canones

236 1879 386 1914 peregisset
401 1888 408 1906 :
424 1880 545 1916 reliquos
558 1885 650 1909 autem
665 1882 840 1910 (scamoniae
852 1883 947 1919 synodi
963 1883 1023 1918 epi-

237 1932 333 1959 scopos
345 1926 621 1955 excommunicationi
641 1928 801 1964 subjiciunt,
821 1929 908 1958 donec
929 1929 1023 1966 Cyrilli

236 1970 355 2006 capitula
377 1971 548 2000 damnarent.
569 1973 678 2002 Charta:
697 1974 816 2010 denique
839 1975 947 2011 publice
963 1976 1022 2004 alli-

236 2022 346 2052 gnntur,
361 2019 461 2053 quibus
474 2019 592 2055 Cyrillus
605 2020 750 2056 episcopus
761 2021 960 2050 Alexandrinus
973 2023 1023 2051 de-

237 2063 356 2091 claratur
380 2068 460 2093 secta:
480 2066 645 2101 Apollinaris
669 2066 824 2100 hmreticus,
846 2073 927 2103 atque
953 2069 1024 2097 hanc

237 2110 296 2145 ejus
311 2111 435 2139 hreresim
450 2112 607 2147 imperatori
623 2113 810 2141 denuntiatam
827 2121 896 2142 csse.

271 2156 315 2183 53.
335 2155 456 2190 Quarum
479 2165 572 2185 rerum
595 2159 757 2194 indignitate
782 2161 910 2188 commoti
930 2161 1024 2190 Patres

237 2201 380 2236 Ephesinae
396 2203 503 2238 synodi,
519 2204 638 2239 acceptis
657 2204 758 2232 libellis
775 2205 945 2240 supplicibus
955 2214 1023 2241 quos

1075 957 1101 989 l,
1115 957 1215 991 quibus
1228 957 1344 992 aliisque
1360 957 1460 985 litteris
1476 961 1551 984 tanta
1570 957 1744 992 improbitate
1764 961 1871 984 cuncta

1074 1003 1178 1035 retulit,
1195 1007 1225 1030 ut
1237 1003 1270 1030 de
1281 1002 1375 1039 Cyrilli
1390 1003 1487 1030 exsilio
1502 1003 1646 1031 consilium
1667 1002 1870 1030 Constantino-

1073 1047 1128 1083 poli
1143 1048 1270 1081 iniretur,
1281 1049 1359 1084 quasi
1369 1056 1445 1076 sacra
1459 1049 1579 1084 synodus
1593 1049 1654 1084 ejus
1663 1048 1872 1075 exallctoratio-

1073 1101 1136 1121 nem
1148 1099 1233 1121 ratam
1246 1094 1386 1122 habuisset
1396 1115 1403 1127 ,
1414 1099 1445 1122 ut
1458 1095 1514 1130 ipse
1525 1094 1643 1132 Cyrillus
1656 1094 1683 1121 in
1695 1094 1819 1129 Epistula
1832 1095 1872 1122 ad

1073 1138 1173 1166 clerum
1197 1139 1372 1175 populumque
1401 1139 1721 1176 Constantiuopolitanum
1748 1144 1870 1167 testatur

1075 1188 1149 1211 tomo
1159 1184 1203 1216 ιν,
1216 1192 1275 1219 cap.
1290 1184 1333 1217 l9,
1347 1184 1394 1212 ubi
1405 1185 1528 1212 detectas
1539 1185 1652 1212 Joannis
1663 1185 1773 1212 comitis
1788 1184 1868 1212 fmu—

1073 1229 1123 1257 des
1135 1230 1254 1265 postulat
1271 1230 1333 1257 aliis
1347 1230 1480 1266 pateﬁeri,
1497 1231 1613 1259 maxime
1628 1231 1868 1264 archimandritis,

1073 1282 1191 1310 quorum
1212 1275 1336 1303 omnium
1351 1283 1431 1310 opem
1451 1276 1586 1311 ﬁdemque
1605 1276 1705 1303 obnixe
1725 1277 1871 1311 implorat,

1073 1318 1147 1353 quod
1157 1319 1276 1354 synodus
1286 1319 1411 1347 maximis
1421 1319 1539 1347 miseriis
1550 1320 1696 1353 obruatur;
1707 1326 1735 1348 ct
1747 1329 1807 1355 cap.
1822 1321 1867 1352 18,

1073 1365 1106 1392 ad
1132 1365 1275 1401 episcopos
1300 1365 1536 1401 Constantinopoli
1559 1371 1670 1401 agentes
1697 1366 1731 1393 de
1756 1374 1787 1393 se
1812 1366 1869 1393 hoc

1073 1411 1169 1439 scribit
1180 1419 1187 1438 :
1204 1421 1213 1437 ‹
1224 1411 1279 1439 Nos
1290 1411 1374 1439 vincti
1387 1411 1570 1447 custoditique
1581 1420 1763 1444 asservamnr,
1776 1413 1867 1447 ignari

1075 1465 1187 1492 prorsus
1213 1465 1268 1493 quo
1282 1458 1391 1486 tandem
1408 1466 1451 1486 res
1471 1458 1529 1487 haec
1549 1459 1584 1486 sit
1603 1467 1727 1487 evasura.
1747 1459 1868 1486 Verum-

1075 1506 1166 1529 tamen
1182 1503 1282 1538 gratias
1297 1503 1404 1538 agimus
1414 1502 1534 1536 Christo,
1548 1503 1622 1539 quod
1640 1512 1690 1539 pro
1705 1505 1817 1532 nomine
1833 1505 1869 1532 il-

1075 1548 1128 1576 lius
1138 1548 1211 1584 digni
1227 1549 1385 1582 habeamur,
1400 1557 1455 1577 non
1467 1550 1554 1578 solum
1569 1550 1686 1578 vinculis
1701 1551 1868 1586 constringi,

1074 1594 1120 1622 scd
1133 1599 1231 1622 ctetcra
1242 1603 1352 1630 quoque
1370 1595 1462 1622 omnia
1475 1595 1580 1632 perpeti
1593 1605 1599 1622 :
1613 1604 1702 1631 neque
1717 1597 1791 1624 enim
1813 1596 1870 1624 ista

1074 1641 1194 1676 praemiis
1214 1641 1273 1668 suis
1291 1641 1457 1669 carebunt...
1478 1642 1628 1670 Precentur
1648 1650 1697 1678 pro
1716 1642 1798 1670 nobis
1818 1650 1868 1669 or-

1073 1687 1186 1715 thodoxi
1200 1695 1304 1716 omnes.
1318 1688 1352 1716 Ut
1363 1687 1436 1716 enim
1450 1688 1546 1716 beatus
1568 1688 1651 1715 David
1663 1688 1701 1716 ait
1715 1697 1722 1715 :
1747 1688 1803 1724 Ego
1833 1689 1870 1715 ad

1073 1733 1182 1769 ﬂagella
1197 1738 1307 1769 paratus
1322 1742 1392 1764 sum.
1409 1733 1493 1768 (Paul.
1506 1742 1604 1767 xxxvu,
1623 1733 1677 1768 18.)
1689 1743 1697 1759 ι

1104 1790 1147 1818 56.
1163 1790 1271 1824 Quanta
1290 1791 1375 1818 animi
1390 1791 1554 1823 constantia,
1567 1799 1704 1827 quamque
1727 1791 1868 1819 indefesso

1073 1836 1175 1869 studio,
1190 1837 1297 1872 egerint
1316 1837 1389 1872 apud
1413 1837 1605 1873 imperatorem
1625 1837 1771 1865 orthodoxi
1791 1838 1867 1865 Con—

1072 1882 1319 1918 stantinopolitani,
1329 1882 1432 1910 indicat
1439 1883 1549 1910 libellus
1559 1883 1598 1910 illi
1607 1883 1727 1916 oblatus,
1736 1887 1810 1911 tonio
1819 1884 1866 1915 ιν,

1072 1936 1132 1964 cap.
1150 1929 1193 1961 16,
1213 1937 1268 1964 quo
1282 1921 1344 1956 cum
1356 1929 1525 1962 docuissent,
1548 1929 1631 1964 justis
1651 1930 1808 1965 principum
1825 1931 1867 1959 lc-

1072 1973 1153 2008 gibus
1178 1973 1435 2009 obtemperandum,
1469 1973 1578 2009 injustis
1608 1982 1673 2002 vero
1702 1975 1866 2003 corumdem

1072 2019 1260 2047 sanctionibus
1282 2019 1489 2055 repugnandum
1507 2021 1572 2048 totis
1587 2020 1693 2048 viribus
1706 2029 1778 2053 esse,
1800 2021 1868 2048 sub-

1071 2064 1190 2100 junguut
1205 2073 1234 2093 se
1254 2065 1363 2100 quidvis
1380 2066 1459 2093 malle
1482 2066 1598 2101 perpeti,
1622 2074 1704 2101 quam
1732 2067 1866 2102 injustam

1063 2111 1257 2150 damnationis
1271 2112 1434 2139 sententiam
1455 2112 1559 2139 nefarie
1576 2112 1610 2140 ab
1626 2112 1814 2141 Orientalibus
1838 2114 1865 2140 in

1072 2157 1202 2193 Cyrillum
1218 2162 1246 2185 et
1261 2158 1430 2185 Memnonem
1447 2157 1540 2190 latam,
1559 2163 1587 2186 et
1608 2158 1710 2194 injuste
1723 2159 1758 2186 ab
1774 2160 1865 2194 impe-

1073 2204 1212 2232 ratoribus
1224 2204 1423 2236 conﬁrmatam,
1435 2205 1568 2240 recipere.
1581 2205 1702 2240 Denique
1713 2205 1763 2234 bis.
1771 2206 1864 2235 verbis

235 2256 286 2282 pro
302 2256 351 2275 sua
367 2248 523 2277 innocentia
533 2250 652 2286 Cyrillus
669 2259 701 2278 ac
713 2251 838 2279 Memnon
855 2253 1021 2286 obtulerant,
1039 2261 1060 2288 ι)
1074 2249 1243 2277 colldudunl
1256 2258 1263 2276 ι
1289 2259 1298 2275 ‹
1313 2249 1381 2277 Cum
1397 2249 1488 2285 itaque
1499 2251 1640 2278 Nestorius
1655 2256 1768 2286 propter
1783 2260 1862 2280 suam

234 2294 365 2322 Joannem
382 2296 469 2323 missis
481 2296 568 2324 tribus
581 2298 715 2333 episcopis
727 2302 838 2326 monent
859 2303 889 2326 ut
912 2306 941 2326 se
961 2307 1023 2334 syn-

235 2341 289 2367 odo
299 2341 386 2374 sistat,
399 2342 532 2370 rationem
544 2343 585 2370 sui
598 2343 660 2371 lacti
673 2344 840 2371 redditurus.
854 2344 956 2371 Abnuit
966 2344 1020 2377 ille,

236 2387 353 2414 militum
372 2388 464 2422 potius
483 2389 578 2416 virtuti
591 2398 672 2425 quam
691 2398 779 2418 causa:
796 2389 916 2425 aequitati
935 2389 1021 2416 conli-

236 2439 291 2460 sus.
311 2433 400 2466 Quare
423 2435 542 2470 synodus
559 2435 690 2463 Joannem
710 2443 772 2463 cum
794 2435 885 2468 sociis,
907 2435 1022 2463 anathe-

235 2484 305 2506 mate
312 2484 393 2514 atque
401 2480 574 2515 episcopatus
581 2481 754 2509 abdicatione
763 2481 870 2513 multat;
880 2481 1020 2516 Cyrillum,

235 2525 418 2559 Memnonem,
428 2535 460 2554 ac
471 2527 591 2562 reliquos
602 2531 697 2555 contra
707 2527 752 2562 jus
762 2534 794 2554 ac
806 2527 846 2554 las
854 2532 934 2554 omne
944 2527 1021 2553 dam-

236 2577 312 2599 natos
331 2572 414 2601 fuisse
429 2574 597 2608 pronuntiat.
631 2573 750 2609 Cyrillus
776 2581 842 2600 vero
863 2578 1023 2600 ostensurus

236 2625 315 2651 quam
324 2617 515 2653 longcabesset
530 2618 714 2653 utaliquando
721 2618 905 2653 Apollinarem
921 2619 964 2645 vel
976 2618 1023 2645 ali-

235 2671 318 2697 quem
324 2664 514 2692 luercticorum
524 2668 645 2692 sectatus
651 2663 743 2696 luerit,
753 2663 780 2691 in
789 2663 1022 2699 eumdemApolli-

236 2718 329 2737 narem
339 2715 367 2737 et
378 2711 446 2738 alios
455 2718 550 2738 omnes
559 2709 755 2737 haeresiarchas
763 2710 855 2737 intulit
865 2711 1021 2738 anathema.

270 2755 313 2782 54.
330 2756 489 2791 Pelagianos
505 2763 566 2782 eum
581 2755 706 2782 Nestorio
724 2755 867 2783 damnatos
880 2756 963 2783 fuisse
981 2761 1022 2783 te-

235 2806 323 2828 statur
338 2801 456 2836 Prospcr
472 2801 500 2828 in
513 2800 639 2829 Chronico
654 2801 688 2828 ad
702 2801 775 2828 hunc
790 2808 890 2828 annum
908 2809 914 2827 :
932 2810 940 2825 ε
953 2799 1024 2827 Con-

236 2852 344 2882 grrgata
367 2847 438 2882 apud
462 2847 600 2882 Ephesum
626 2847 687 2882 plus
709 2847 889 2874 ducentorum
916 2845 1020 2882 synodo

238 2890 422 2923 sacerdotum,
447 2891 588 2919 Nestorius
613 2899 674 2919 cum
696 2891 770 2920 omni
793 2891 889 2920 haeresi
905 2891 1024 2918 nominis

1075 2294 1242 2329 impietatem
1253 2294 1325 2330 juste
1341 2294 1376 2321 sit
1392 2299 1601 2329 exauctoratus;
1615 2296 1733 2331 Cyrillus
1752 2305 1819 2325 vero
1837 2302 1865 2324 et

1073 2340 1198 2367 Memnon
1213 2339 1378 2367 sanctissimi
1395 2340 1566 2375 piissimique
1584 2341 1716 2377 episcopi,
1730 2350 1764 2369 ex
1781 2351 1865 2378 prava

1073 2386 1257 2422 suggestione,
1270 2386 1382 2421 indigne
1395 2391 1423 2413 et
1436 2387 1537 2422 injuste
1553 2387 1612 2422 pari
1628 2395 1708 2422 poena
1722 2388 1780 2416 sint
1793 2390 1865 2417 mul-

1073 2432 1138 2466 tati;
1152 2440 1260 2468 atquum
1275 2437 1327 2465 est,
1340 2432 1442 2460 Christi
1454 2437 1577 2460 amantes
1606 2441 1693 2469 reges,
1706 2434 1807 2462 scdulo
1818 2444 1867 2463 vos

1073 2489 1169 2508 curare
1194 2489 1228 2508 ne
1241 2480 1288 2508 Dei
1303 2480 1434 2512 Ecclesia,
1446 2488 1506 2515 qua:
1515 2487 1592 2507 more
1602 2479 1719 2507 nutricis
1731 2480 1865 2514 pietatem

1071 2531 1189 2554 vestram
1208 2526 1344 2557 confovet,
1367 2525 1564 2560 victoriamque
1584 2525 1618 2554 de
1636 2525 1774 2557 hostibus.
1797 2526 1866 2554 citra

1073 2579 1197 2607 magnam
1211 2571 1397 2599 diliicultatem
1408 2571 1541 2607 majestati
1553 2576 1650 2599 vestra:
1665 2571 1784 2599 subinde
1797 2580 1865 2599 con—

1073 2618 1158 2650 ciliat,
1182 2618 1210 2645 in
1232 2622 1372 2653 posterum
1397 2617 1560 2652 dissipetur;
1585 2625 1653 2644 neve
1678 2618 1755 2652 regni
1780 2619 1864 2645 vestri

1074 2669 1197 2700 tempore
1226 2669 1374 2699 martyrum
1403 2664 1533 2691 saeculum
1559 2663 1651 2691 denuo
1676 2668 1833 2692 revertatur
1857 2673 1863 2690 ε

1073 2710 1139 2745 quin
1156 2710 1184 2737 in
1202 2710 1229 2737 id
1246 2710 1337 2744 potius
1349 2709 1508 2737 incumbere
1522 2717 1571 2737 vos
1586 2718 1635 2744 par
1646 2714 1698 2741 est,
1720 2718 1821 2745 nempe
1837 2716 1865 2738 ut

1074 2756 1210 2790 majorum
1226 2760 1381 2782 vestrorum
1397 2762 1462 2790 erga
1478 2754 1524 2781 Dei
1543 2754 1678 2782 Ecclesias
1693 2763 1816 2782 amorem
1833 2763 1864 2782 ac

1073 2801 1195 2828 studium
1208 2800 1237 2827 in
1251 2800 1350 2827 animis
1364 2800 1463 2827 vestris
1481 2799 1568 2835 magis
1589 2799 1728 2834 magisque
1746 2800 1864 2827 subinde

1075 2845 1259 2874 exsuscitetis.
1291 2845 1526 2879 Quemadmodum
1552 2853 1620 2879 ergo
1642 2844 1743 2880 singuli
1765 2853 1861 2872 eorum

1076 2896 1232 2920 sanctorum
1248 2892 1360 2919 Patrum
1374 2890 1486 2923 synodis
1503 2889 1608 2925 imperii
1623 2890 1664 2918 sui
1683 2895 1805 2925 tempore
1819 2897 1862 2918 ce-
