1929 3042
70 135 117 169 33

758 147 786 172 δ.
807 146 885 172 Cilil

936 148 944 172 Ι
967 142 1014 172 ΠΙ
1025 148 1053 172 Α.
1686 151 1721 179 54

76 198 186 226 lebratis
209 204 384 232 paruerunt,
412 200 579 235 Patrumquo
602 186 758 228 sanctiones
775 201 882 236 legibus
895 204 918 231 Λ
934 201 1069 235 (-ipalihus
1088 205 1116 228 et
1133 203 1324 238 potestatibus,
1349 204 1414 232 dum
1438 205 1543 232 mundi
1557 205 1676 234 dominis
1694 212 1722 234 et

77 245 137 271 suis
150 244 322 277 munierunt,
341 249 372 273 et
387 254 470 281 quam
491 246 545 273 illis
563 246 711 278 deferrent,
728 247 880 274 observan-

78 291 144 317 tiam
161 290 280 318 decretis
296 292 360 319 suis
381 292 573 325 ostenderunt,
598 293 636 320 ita
658 297 687 320 et
706 301 756 321 vos
771 300 881 328 quoque

76 344 142 364 eum
159 338 343 372 quem‘decet
364 339 497 366 affectum
514 347 578 374 erga
598 340 732 375 synodum
747 344 880 371 sanctam,

76 390 161 416 quam
175 383 329 411 convenire
341 384 474 419 jussistis,
489 384 627 412 declarate
641 393 647 410 :
666 392 721 419 quo
741 385 801 419 pias
822 384 881 419 ipsa

76 430 228 465 gratiarum
260 431 389 459 actiones
411 440 461 467 pro
490 431 599 467 imperii
629 432 714 459 vestri
734 432 881 459 incolumi-

79 481 135 502 tate
163 476 316 510 persolvat,
342 481 372 504 et
402 485 454 504 nos
484 485 594 512 quoque
615 485 665 511 pro
694 477 771 512 regni
797 478 881 504 vestri

77 521 229 549 stabilitate
252 521 371 550 devotas
397 523 433 550 ad
452 523 592 551 Christum
618 523 764 551 Dominum
786 531 882 558 preces

78 567 313 595 transmittamus.
335 578 344 593 ι

107 613 151 639 57.
168 613 326 648 Imperator
341 615 478 643 acerrimo
496 616 542 642 illo
557 616 774 644 orthodoxorum
787 616 881 644 libello

51 690 53 692 ι
77 659 301 694 expergefactus,
314 665 343 688 et
357 661 452 689 amissi
475 661 502 689 in
521 662 613 689 Africa
627 663 766 690 exercitus
782 663 880 690 nuntio

79 710 247 736 commotus,
275 714 387 734 necnon
404 707 433 734 S.
449 707 598 735 Pulcheria:
608 708 712 735 sororis
727 716 784 735 suae
794 708 882 743 preci-

80 753 132 779 bus
144 752 286 788 fatigatus,
303 753 415 780 saniora
431 753 538 781 tandem
553 754 667 781 consilia
687 753 758 785 iniit,
776 758 804 781 et
832 761 878 781 se-

82 804 158 834 ptem
188 799 224 826 ab
254 804 373 834 utraque
390 804 467 834 parte
491 800 600 835 Epheso
616 799 880 837 Constantinopolim

81 845 320 880 mittiepiscopos
330 845 425 881 jussit.
443 845 608 876 Orthodoxis
622 846 649 873 in
664 846 760 874 urbem
778 845 879 881 regiam

81 891 145 917 solis
167 890 301 917 admissis
320 891 490 926 auditisque,
512 891 579 919 Acta
597 886 730 919 adversus
749 891 882 927 Cyrillum

82 936 315 971 Memfionemque
331 941 361 964 et
373 937 532 965 universam
544 937 679 973 synodum
696 937 805 972 penitus
818 936 883 964 abov

82 983 156 1010 levit.
165 984 273 1010 Verum
287 983 489 1018 multiplicibus
503 983 680 1011 factiosorum
695 983 796 1010 libellis
807 983 886 1010 indu-

82 1034 152 1061 ctus,
160 1036 330 1064 eosqueque
341 1029 369 1056 in
380 1029 477 1056 urbem
486 1029 606 1061 admisit,
616 1034 713 1056 etcum
723 1028 884 1056 orthodoxis

82 1074 231 1109 quinquies
246 1082 276 1101 se
292 1081 387 1102 coram
400 1081 572 1109 congressos,
594 1081 626 1100 ac
647 1077 709 1108 post
732 1073 834 1100 multas
849 1072 883 1100 de

83 1119 229 1146 duodecim
243 1118 342 1155 Cyrilli
356 1118 603 1150 anathematismis,
616 1118 737 1153 aliasque
748 1117 883 1153 ejusmodi

83 1165 306 1200 disputationes,
336 1165 488 1200 impietatis
515 1164 666 1196 cenvictos,
691 1164 821 1199 praecepit
849 1163 883 1191 ad

83 1211 193 1245 propria
209 1210 328 1237 reverti.
345 1209 436 1245 Atque
449 1210 528 1238 .hunc
545 1209 656 1236 tandem
679 1209 761 1236 ﬁnem
782 1205 885 1236 habue-

83 1261 145 1284 runt
159 1257 361 1284 haereticorum
375 1260 403 1283 et
415 1256 652 1283 schismaticorum
671 1255 807 1282 seditiosae
824 1255 884 1282 ma-

83 1303 269 1330 (-hinaliones.
284 1303 328 1334 Et,
342 1306 412 1330 teste
427 1302 454 1329 S.
467 1302 602 1337 Prospero
614 1305 710 1329 contra
720 1301 883 1329 Collatorcm

84 1348 134 1374 sub
146 1348 245 1380 ﬁnem,
266 1357 275 1373 r
299 1355 396 1375 omnes
418 1348 565 1375 orientales
576 1346 705 1374 Ecclesia:
719 1346 827 1382 gemina
838 1353 884 1381 pc-

84 1398 124 1420 ste
139 1393 266 1420 liberatae
276 1397 352 1426 sunt,
364 1393 476 1428 quando
490 1392 591 1428 Cyrillo
606 1392 797 1420 Alexandrinas
808 1392 884 1419 urbis

85 1440 223 1473 antistiti,
253 1439 456 1475 gloriosissimo
483 1439 546 1466 ﬁdei
571 1439 712 1466 catholica:
734 1429 882 1470 defensori,

86 1485 118 1512 ad
131 1485 334 1512 exsecrandam
349 1484 541 1513 Nestor-iuriam
553 1483 720 1519 impietatem
735 1483 884 1518 apostolico

85 1532 252 1560 lecstinus
272 1531 424 1558 auxiliatos
447 1535 489 1558 est
512 1530 613 1566 gladio,
633 1538 688 1565 quo
701 1530 783 1557 etiam
803 1529 883 1556 Pela-

86 1577 168 1612 giani,
181 1577 249 1604 dum
262 1577 388 1612 cognatis
398 1576 652 1604 confmderarentur
668 1575 820 1607 erroribus,
834 1575 884 1602 ite-

88 1631 146 1650 rum
164 1627 421 1658 prosternerentur.
445 1631 453 1648 ι

121 1681 164 1708 58.
179 1680 325 1708 Nestorius
341 1680 368 1707 in
384 1680 530 1715 pristinum
545 1687 626 1707 suum
640 1678 838 1707 monasterium
853 1677 882 1705 S.

89 1726 220 1761 Euprepii
235 1726 308 1761 apud
318 1726 503 1756 Antiochiam,
516 1725 539 1753 si
548 1725 618 1753 forte
626 1725 811 1760 resipisceret,
826 1730 885 1752 tan-

89 1774 175 1809 tisper
187 1774 338 1809 relegatus,
352 1774 455 1801 nmltos
469 1773 632 1809 contagione
644 1773 686 1800 sui
698 1772 800 1800 erroris
813 1772 886 1800 allia-

89 1821 144 1848 bat.
160 1820 252 1854 Quare
270 1820 299 1847 in
316 1819 408 1847 Oasim
424 1819 601 1847 solitudinem
617 1818 710 1854 Libya:
724 1818 886 1846 amandatus

89 1869 140 1897 est,
161 1865 255 1900 ibique
276 1870 373 1900 postea
393 1865 564 1892 verminante
587 1864 680 1900 lingua
702 1864 885 1891 miserabilem

89 1912 153 1940 vita:
167 1912 284 1939 sortitus
299 1912 404 1939 exitum
416 1932 423 1944 ,
443 1911 521 1939 libris
533 1911 603 1947 ejus,
618 1911 766 1939 Theodosii
784 1911 884 1943 edicto,

88 1957 318 1993 igneabsumptis.
326 1957 368 1985 illi
380 1958 409 1985 in
423 1957 487 1985 sede
500 1957 802 1993 Constantinopolitana
818 1957 886 1985 sub-

90 2009 202 2040 rogatus
220 2008 263 2031 est
288 2003 470 2031 Maximianus
484 2004 637 2039 presbyter,
652 2004 699 2039 qui
710 2004 744 2031 ad
755 2003 885 2040 Cyrillum

91 2050 140 2077 has
154 2050 261 2077 litteras
275 2049 361 2082 dedit,
381 2054 447 2077 tom.
466 2049 501 2076 IV
517 2049 617 2077 conci].
637 2048 751 2085 Ephes.,
766 2057 826 2085 cap.
840 2049 884 2076 24:

96 2106 104 2121 ί
118 2096 266 2131 Expletum
288 2100 331 2124 est
344 2095 511 2123 desiderium
526 2099 615 2128 tuum,
626 2095 683 2123 Deo
692 2095 866 2123 devotissime
878 2104 884 2122 :

93 2141 246 2176 perfectum
259 2145 311 2173 est,
324 2140 399 2176 quod
414 2141 554 2176 religionis
567 2148 649 2169 causa
661 2149 836 2180 susceperas:
852 2141 886 2168 ad

93 2188 175 2216 ﬁnem
191 2187 358 2224 perductum
370 2191 414 2215 est
428 2187 538 2223 pietatis
553 2191 605 2216 ture
618 2192 712 2216 votum
726 2197 732 2215 :
749 2188 886 2215 theatrum

932 247 1106 274 tenebrarum
1119 249 1210 276 saeculi
1229 249 1310 285 hujus
1328 250 1489 283 rectoribus,
1507 251 1574 279 dum
1591 253 1723 287 nequitiae

931 292 1075 327 spiritibus
1086 294 1223 326 resistitis,
1233 296 1378 328 tolerastis,
1389 297 1528 324 auditione
1542 298 1698 333 accepimus
1713 307 1721 324 :

931 338 999 366 alias
1013 347 1077 366 vero
1091 345 1166 367 certa
1177 341 1355 375 experientia:
1368 342 1420 370 ﬁde
1435 343 1480 370 hic
1491 344 1632 371 constituti
1649 344 1722 371 didi-

932 383 1044 419 cimus),
1062 389 1090 412 et
1109 385 1172 419 quia
1191 386 1301 413 rursum
1319 387 1353 414 ad
1374 395 1477 423 magna:
1500 389 1580 424 hujus
1603 389 1723 416 civitatis

931 430 1198 466 archiepiscopatum
1213 433 1331 467 promoti
1349 440 1443 460 sumus
1453 454 1460 465 ,
1476 434 1597 470 dignare,
1613 435 1667 462 Deo
1681 435 1723 461 di-

931 471 1090 509 lectissime,
1106 485 1169 504 cum
1185 479 1313 513 precibus
1335 486 1384 506 nos
1398 479 1504 511 fulcire,
1527 484 1583 507 tum
1600 481 1722 508 consiliis

932 530 1042 559 quoque
1062 522 1196 559 dirigere,
1216 529 1273 551 tum
1293 524 1368 551 omni
1386 524 1505 560 denique
1526 525 1722 554 benevolentia:

932 569 1023 596 studio
1040 569 1186 604 prosequi;
1210 577 1265 605 quo
1289 570 1340 597 hac
1363 570 1469 597 ratione
1491 570 1557 598 illud
1575 571 1722 608 Scriptura:

932 614 1036 641 dictum
1057 614 1085 641 in
1095 614 1175 642 nobis
1192 614 1393 650 adimpleatur:
1407 614 1501 642 Frater
1523 617 1568 651 qui
1581 617 1723 651 adjuvutur

931 669 947 687 α
966 661 1058 695 fratre,
1074 662 1151 696 quasi
1161 662 1252 689 civitas
1263 661 1343 696 ﬁrma
1363 661 1460 697 (Prov.
1480 670 1554 695 xvi",
1577 662 1632 698 19).
1653 663 1722 690 Vere

931 707 1033 738 etenim
1051 707 1201 742 spiritualis
1219 707 1340 740 dilectio,
1357 707 1461 734 munita
1476 707 1573 735 civitas
1586 712 1643 742 est;
1663 716 1724 743 quas

932 760 1021 787 neque
1039 753 1174 780 cuniculis
1187 753 1323 780 adiabolo
1344 753 1455 785 suﬂ‘odd',
1477 761 1566 788 neque
1587 754 1667 781 scalis
1689 754 1723 781 ab

932 799 1028 826 eodem
1042 803 1132 834 potest
1145 798 1278 833 superari.
1299 799 1393 833 Neque
1404 798 1476 825 enim
1493 798 1536 825 illa
1555 798 1662 826 bellicis
1675 799 1724 826 Sa-

933 850 1003 872 tanae
1018 844 1154 871 machinis
1171 844 1268 871 cedere
1282 844 1368 876 novit,
1386 849 1417 871 ut
1433 852 1493 879 quae
1515 853 1530 871 a
1548 844 1657 872 Christo
1669 845 1723 872 Do-

934 890 1009 918 mino
1028 890 1207 922 custodiatur,
1222 891 1332 918 Christo
1355 891 1450 925 utique
1467 891 1524 923 illo,
1541 891 1587 926 qui
1607 896 1634 918 et
1652 891 1725 919 hunc

933 935 1066 963 mundum
1080 935 1192 968 devicit,
1208 940 1236 963 et
1250 937 1415 971 sempiterna
1432 936 1502 963 bona
1522 936 1570 963 tibi
1588 944 1723 971 prmpara-

932 982 982 1012 vit,
995 981 1177 1027 etaliquando
1197 981 1377 1009 nihilominus
1392 981 1461 1008 dixit
1478 990 1483 1008 :
1500 980 1551 1014 Qui
1564 990 1615 1008 non
1631 983 1724 1016 accipit

933 1035 1036 1064 cruce";
1056 1036 1150 1059 suum,
1166 1032 1190 1054 et
1213 1027 1330 1063 sequitur
1359 1035 1409 1059 me,
1431 1035 1482 1053 non
1509 1031 1547 1054 est
1571 1036 1611 1054 me
1631 1027 1724 1062 dignus

935 1073 1040 1110 (Matth.
1057 1082 1083 1106 x,
1100 1073 1155 1109 58).
1172 1073 1240 1101 Cum
1259 1073 1350 1108 itaque
1367 1073 1476 1101 Christo
1490 1074 1605 1101 Domino
1625 1073 1725 1108 dignus

933 1120 1064 1151 evaseris,
1083 1114 1229 1154 propterea
1248 1119 1320 1153 quod
1344 1127 1453 1146 crucem
1477 1124 1548 1146 tuam
1577 1119 1723 1151 sustulisti,

934 1169 1105 1200 sectatorque
1125 1165 1199 1192 illius
1217 1165 1332 1192 eﬁ‘ectus
1350 1165 1403 1198 sis;
1417 1166 1556 1193 Christum
1576 1173 1626 1200 pro
1645 1165 1725 1192 nobis

934 1212 1075 1247 deprecari
1097 1219 1131 1239 ne
1149 1212 1268 1244 omittas,
1291 1211 1416 1239 fraterna:
1433 1212 1542 1239 virtutis
1565 1216 1724 1239 ornamenta

934 1257 1058 1292 proprias
1073 1257 1266 1292 prmrogativas
1280 1265 1340 1284 esse
1356 1262 1440 1284 ratus.
1464 1258 1528 1285 Vale
1552 1258 1578 1284 in
1597 1257 1723 1290 Domino,

934 1307 961 1330 et
977 1311 1027 1338 pro
1046 1311 1101 1335 me,
1120 1303 1176 1330 Deo
1200 1302 1379 1331 dilectissime
1398 1308 1426 1330 et
1449 1303 1620 1331 sanctissime
1641 1303 1725 1330 frater

934 1356 966 1376 ac
985 1348 1182 1381 comminister,
1200 1356 1257 1376 ora.
1283 1359 1292 1374 ι

969 1404 1012 1432 60.
1027 1404 1087 1431 Non
1099 1403 1197 1431 minori
1217 1405 1297 1432 laude
1312 1405 1433 1432 celebrat
1453 1406 1579 1434 eumdem
1594 1406 1725 1442 Cyrillum

934 1450 1098 1478 leestinus
1115 1459 1183 1486 papa
1193 1451 1309 1486 epistola
1326 1451 1360 1478 ad
1381 1452 1485 1479 clerum
1499 1452 1727 1487 Constantinopo-

935 1497 1060 1529 litanum,
1071 1497 1144 1524 edita
1154 1505 1187 1524 ex
1200 1497 1294 1524 codice
1304 1497 1435 1524 Vaticano
1447 1505 1462 1524 a
1473 1498 1590 1524 Baronio
1601 1505 1646 1524 an.
1659 1498 1725 1525 Chr.

898 1551 919 1580 ο
937 1541 998 1574 652,
1015 1542 1062 1569 ubi
1077 1549 1154 1569 num.
1168 1542 1202 1569 24
1225 1542 1284 1569 haec
1299 1542 1454 1570 habentur:
1476 1553 1485 1568 ‹
1504 1543 1626 1575 Vitastis,
1644 1551 1726 1578 quem

935 1596 951 1615 a
965 1587 1096 1618 memoria
1119 1589 1199 1624 digna
1219 1593 1313 1616 sancta
1337 1589 1519 1617 Alexandrina
1538 1590 1661 1617 Ecclesia
1682 1598 1726 1617 sc—

935 1634 1056 1662 cundum
1074 1635 1104 1661 B.
1118 1634 1195 1662 Pauli
1214 1634 1330 1670 apostoli
1343 1634 1367 1670 (ι
1382 1634 1442 1662 Cor.
1456 1634 1481 1670 v)
1498 1636 1662 1663 sententiam
1670 1636 1726 1671 jam

935 1681 1043 1709 sciretis
1056 1688 1116 1707 esse
1131 1684 1296 1708 correctum.
1315 1680 1431 1716 chistis
1446 1689 1562 1716 namque
1574 1685 1602 1708 et
1620 1689 1725 1708 memo-

936 1727 1003 1754 riter
1024 1727 1079 1762 jam
1098 1727 1195 1754 tenetis
1221 1726 1381 1758 sacerdotis,
1403 1727 1455 1754 hoc
1473 1732 1524 1758 est,
1545 1727 1672 1755 catholici
1692 1728 1727 1755 ad

936 1772 1009 1799 hunc
1022 1772 1130 1809 scripta
1152 1772 1286 1804 doctoris,
1305 1772 1406 1807 quibus
1421 1781 1483 1800 eum
1502 1773 1539 1800 ita
1555 1778 1726 1808 corruptum,

936 1824 966 1846 ut
982 1819 1048 1846 velit
1064 1825 1124 1845 esse
1140 1822 1290 1850 correctus,
1302 1818 1418 1850 studuit,
1433 1818 1514 1846 nixus
1532 1823 1574 1846 est
1589 1819 1727 1846 labentem

936 1872 1065 1892 revocare
1078 1863 1219 1899 collegam,
1232 1863 1354 1898 porrexit
1373 1864 1496 1891 dextram
1511 1864 1660 1900 magisterii
1671 1864 1726 1897 sui,

936 1911 964 1939 in
982 1918 1036 1938 uno
1055 1910 1151 1938 volens
1162 1909 1288 1945 plurimis
1300 1910 1446 1938 subvenire
1462 1919 1468 1936 :
1483 1910 1648 1945 percellebat
1667 1911 1729 1938 ani—

937 1965 1011 1985 mum
1021 1957 1122 1984 veteris
1136 1956 1296 1990 sacerdotis,
1311 1957 1385 1992 quod
1400 1962 1479 1984 nutat
1491 1958 1637 1993 episcopus
1648 1958 1728 1986 ruina

937 2004 1095 2031 multorum.
1109 2003 1180 2038 Egit,
1197 2002 1267 2030 sicut
1276 2003 1408 2038 scriptum
1423 2007 1465 2030 est
1478 2024 1484 2030 .
1495 2003 1652 2031 Benedicam
1663 2012 1729 2039 opus

937 2049 1043 2076 Domini
1064 2048 1211 2089 diligenter.
1233 2048 1264 2075 In
1289 2048 1365 2076 nullo
1386 2048 1410 2076 ei
1435 2048 1523 2076 oﬁicio
1549 2050 1666 2084 apostoli
1685 2050 1727 2077 vir

937 2095 1102 2131 apostolicus
1121 2094 1226 2122 defuit:
1240 2094 1404 2127 obsecravit,
1425 2095 1578 2128 admonuit,
1602 2096 1727 2131 increpa—

937 2142 986 2170 vit.
1001 2141 1090 2169 Atille
1100 2140 1147 2176 qui
1158 2140 1185 2167 in
1197 2139 1362 2175 profundum
1373 2140 1604 2176 blasphemiarum
1618 2148 1729 2168 suarum

938 2187 1061 2223 pondere
1079 2191 1261 2222 mergeretur,
1277 2186 1346 2214 tanti
1362 2186 1415 2213 viri
1430 2186 1581 2218 doctrinam
1600 2195 1728 2218 renuens,

93 2234 181 2262 factus
196 2242 227 2262 es
241 2233 345 2269 angelis
357 2237 385 2260 et
397 2233 566 2266 hominibus,
583 2234 773 2269 universisque
784 2233 887 2261 Christi
903 2231 924 2258 D
937 2237 965 2260 et
984 2232 1087 2260 abusus
1102 2231 1223 2263 hortatu,
1242 2230 1341 2258 docilis
1361 2238 1420 2258 esse
1439 2230 1539 2262 renuit,
1558 2238 1620 2257 cum
1635 2230 1731 2257 doctor

94 2278 284 2306 sacerdotibus
301 2287 308 2305 z
329 2285 420 2313 neque
433 2278 506 2306 enim
522 2278 610 2305 solum
628 2278 656 2306 in
671 2278 810 2306 Christum
825 2285 886 2306 cre-

95 2326 204 2359 didisti;
219 2325 269 2353 sed
287 2324 461 2352 incommoda
476 2332 586 2360 quoque
603 2332 651 2359 pro
667 2324 726 2360 ipso
738 2323 886 2360 pertulisti.

95 2373 175 2400 Solus
191 2372 292 2408 dignus
317 2378 418 2399 census
437 2378 467 2409 es
488 2370 535 2406 qui
551 2370 677 2406 stigmam
694 2370 767 2397 illius
783 2370 810 2397 in
825 2377 887 2398 cor-

96 2427 161 2454 pore
176 2423 224 2446 tuo
239 2422 377 2453 portares.
392 2416 540 2444 Confessus
556 2416 632 2443 illum
657 2424 748 2443 coram
768 2416 887 2443 homini-

97 2466 157 2497 bus,
173 2463 344 2500 promeritus
363 2470 394 2489 es
417 2467 447 2490 ut
467 2462 547 2489 Pater
569 2466 594 2489 te
616 2461 778 2489 conﬁteatur
796 2469 888 2489 coram

97 2510 208 2546 angelis.
226 2508 382 2537 Redimitus
398 2515 427 2536 es
441 2507 552 2535 coronis
575 2515 636 2542 quae
648 2515 698 2543 pro
713 2507 814 2543 pietate
831 2515 890 2534 cer-

99 2556 218 2584 tantibus
230 2555 368 2583 debentur
378 2562 386 2587 ;
398 2553 511 2588 potuisti
520 2554 613 2580 omnia
627 2553 655 2580 in
666 2553 787 2587 Christo,
802 2553 849 2588 qui
863 2558 889 2581 te

87 2601 283 2634 -oonlirmavit;
306 2599 458 2627 bumiliasti
484 2599 611 2627 Satanam
636 2607 686 2634 per
711 2599 887 2634 patientiam;

101 2646 285 2682 contempsisti
300 2649 456 2678 tormenta;
472 2645 639 2673 conculcasti
654 2645 775 2672 furorem
788 2645 890 2680 princi-

103 2702 177 2730 pum;
197 2693 298 2721 famem
316 2699 368 2728 pro
390 2691 476 2718 nihilo
490 2690 592 2718 duxisti
607 2700 613 2717 :
630 2698 728 2726 panem
743 2691 816 2718 enim
839 2691 889 2719 ha-
902 2723 911 2727 κ

104 2740 180 2768 bebas
196 2739 243 2775 qui
263 2739 299 2766 de
317 2737 389 2766 ccelo
402 2736 581 2769 descendens,
592 2736 732 2764 caelestem
744 2736 828 2764 vitam
838 2737 890 2765 ho-

104 2787 215 2814 minibus
234 2783 406 2820 impcrtitur.
429 2792 438 2808 ›

131 2833 171 2860 ‘59.
194 2842 204 2859 ‹
235 2831 307 2865 Quia
328 2837 397 2856 vero
420 2836 469 2856 nos
491 2826 559 2855 nihil
580 2827 679 2854 horum
702 2828 886 2864 ignoravimus

105 2878 239 2914 (siquidem
257 2876 332 2905 alias
348 2879 455 2902 vestras
467 2873 636 2907 afﬂictioncs,
651 2881 729 2910 quas,
741 2874 805 2901 dum
816 2874 892 2909 prin-

939 2287 999 2307 esse
1022 2286 1078 2306 nou
1102 2283 1194 2313 posset
1210 2286 1216 2303 :
1237 2277 1294 2312 egit
1314 2276 1431 2312 injuriis,
1450 2280 1571 2303 tenacem
1589 2275 1656 2302 recti
1670 2282 1730 2302 esse

939 2324 1128 2360 perversitatis
1138 2327 1260 2351 assertor
1273 2322 1415 2358 gloriatus.
1429 2322 1498 2349 Hinc
1517 2329 1570 2349 nec
1586 2321 1732 2349 contrista-

941 2376 985 2398 tus
1008 2375 1050 2399 est
1072 2370 1170 2402 frater,
1193 2376 1286 2397 secum
1315 2374 1444 2404 reputans
1463 2368 1536 2403 quod
1558 2368 1656 2395 merito
1678 2367 1732 2395 sibi

925 2425 1074 2445 iconservo
1086 2424 1142 2444 non
1157 2419 1292 2451 parceret,
1308 2415 1354 2450 qui
1369 2422 1420 2442 suo
1443 2414 1559 2442 Domino
1577 2414 1731 2449 derogaret.

940 2464 1070 2492 Inventus
1081 2467 1124 2490 est
1140 2470 1190 2498 per
1200 2462 1369 2497 diligentiam
1391 2461 1437 2488 ille
1451 2461 1485 2488 de
1502 2460 1649 2496 Evangelio
1662 2460 1733 2495 frugi

941 2508 1014 2536 ﬁlius
1026 2511 1054 2535 et
1067 2507 1198 2542 providus
1214 2514 1327 2540 servus;
1343 2514 1406 2534 nam
1418 2511 1446 2534 et
1459 2510 1598 2542 paternam
1615 2506 1735 2534 servavit

941 2553 1132 2586 substantiam,
1154 2556 1182 2580 et
1202 2553 1278 2580 auxit
1299 2559 1449 2580 numerum
1475 2552 1651 2579 talentorum.
1679 2551 1735 2578 Nec

941 2599 1095 2635 duplicasse
1108 2606 1182 2631 eum,
1201 2598 1248 2626 sed
1269 2598 1465 2633 multiplicasse
1482 2597 1596 2624 dixerim
1620 2600 1734 2626 sortem,

942 2653 1023 2681 quem
1053 2644 1216 2672 videbamus
1240 2644 1323 2672 etiam
1346 2645 1426 2679 longe
1451 2643 1548 2678 positis
1569 2642 1614 2677 pio
1640 2641 1735 2669 fenore.

941 2691 1112 2720 subvenisse.
1124 2690 1146 2718 Ο
1157 2695 1259 2719 sanctae
1273 2689 1476 2726 pmdicationis
1486 2696 1569 2716 usura
1579 2689 1586 2714 l
1598 2695 1679 2722 quam
1691 2687 1735 2714 hic

942 2738 1057 2774 gratiam
1072 2740 1134 2764 ante
1147 2744 1322 2764 communem
1335 2735 1482 2764 Dominum
1497 2734 1561 2761 ﬁdei
1583 2734 1736 2767 negotiator

943 2784 1074 2816 inveniet,
1092 2783 1138 2818 qui
1153 2787 1266 2818 propter
1283 2783 1435 2810 animarum
1456 2781 1573 2811 lucrum,
1595 2779 1735 2813 negotium

942 2834 971 2856 et
982 2829 1038 2856 illic
1046 2829 1178 2862 exercuit,
1192 2828 1239 2856 ubi
1252 2829 1352 2855 talenta
1371 2827 1494 2862 accepit?
1510 2826 1605 2853 Nonne
1619 2823 1664 2850 hic
1677 2832 1736 2851 me-

944 2876 998 2902 rito
1012 2883 1027 2902 a
1041 2875 1238 2902 Patrefamiiias
1247 2875 1391 2902 auditurus
1408 2880 1449 2902 est
1464 2884 1469 2901 :
1488 2874 1569 2907 Euqe,
1587 2881 1658 2900 serue
1674 2872 1737 2899 bona
