1929 3042
207 159 243 189 55
881 155 908 182 S.
930 152 1068 182 CYRILLI
1089 152 1181 181 VITA.
1665 186 1670 190 1
1820 141 1860 169 36

214 223 240 246 ct
265 217 361 253 ﬁdelis,
394 217 465 244 intra
495 216 522 242 in
541 214 667 250 gaudium
694 213 800 241 Domini
823 213 884 241 tui!
900 213 1004 249 (Matth.
1022 216 1042 244 Α
1059 213 1167 245 tituros,
1185 211 1237 238 nisi
1253 217 1285 237 ea
1303 209 1381 244 prius
1400 216 1460 244 quae
1483 207 1574 235 facere
1588 207 1727 236 debebam
1754 205 1863 235 confe-

208 272 271 295 xxv,
286 264 344 299 ‘25.)
360 263 422 290 llaec
439 262 503 289 huic
517 264 688 296 competunt,
702 260 748 296 qui
764 260 808 287 illa
824 267 934 294 quoque
944 267 1005 294 quze

208 310 270 338 aliis
288 314 352 338 sunt
369 307 514 336 commissa
530 306 658 334 servavit.
671 316 681 332 ι
699 307 763 335 llaec
775 306 949 334 Coelestinus.

361 387 374 423 §
393 386 438 414 Xl.
458 386 646 414 Reconciliatio
661 385 852 414 Ecclesiarum.

247 455 292 482 (il.
320 453 471 481 Caelestino
486 460 563 488 papae
581 460 627 480 \‘Ill
641 452 705 480 ldus
720 452 821 487 Aprilis
839 453 894 480 vita
911 453 1005 481 functo

209 500 342 527 successit
357 499 451 527 Sixtus
467 499 513 531 lll,
536 507 654 534 quocum
676 499 785 526 tandem
802 504 830 527 et
851 499 879 527 S.
904 499 1005 535 Cyrillo

207 552 302 579 pacem
317 544 379 571 iniit
393 544 513 572 Joannes
534 543 730 576 Antiochenus,
755 543 789 571 iis
813 543 912 571 litteris
932 544 1004 579 (cum

210 591 271 618 fidei
286 592 427 619 catholica
443 592 551 619 sincera
571 590 750 626 professione)
766 590 847 623 datis,
859 598 920 625 qua:
936 589 1006 617 refe-

209 642 308 664 runtur
323 642 398 664 torno
412 637 434 665 ν
448 637 549 664 eoneil.
564 637 677 672 Ephes..
698 644 776 672 capp.
798 637 815 664 5
830 640 858 663 et
872 636 915 663 17.
933 636 1004 663 Exa-

209 689 281 711 ctam
302 685 340 711 rei
353 688 435 720 gestas
451 684 550 710 seriem
567 683 660 718 pandit
674 683 732 718 ipse
743 674 861 718 Cyrillus
883 681 1005 718 Epistula

209 729 244 756 ad
263 730 396 765 Dynatum
412 729 544 765 Nicopolis
559 730 651 756 veteris
668 729 745 764 Epiri
760 729 918 765 episcopum,
932 732 1005 756 tomo

207 776 240 808 ν,
264 783 323 811 cap.
344 776 387 807 16,
413 784 494 811 quam
517 776 563 803 hic
582 775 703 803 damus:
732 786 740 801 ι
764 776 860 811 Opera:
884 776 1005 811 pretium

208 821 274 847 duxi
291 820 420 856 pietatem
441 825 514 847 tuam
530 820 564 847 de
579 820 613 848 iis
629 820 712 848 rebus
734 820 881 848 certiorem
903 819 1004 852 facere,

209 875 270 902 qua:
294 875 377 902 super
400 867 584 894 Eeelesiarum
602 874 668 901 pace
689 866 880 894 constituenda
903 873 1005 893 evene-

208 917 282 940 runt.
305 913 385 940 Venit
409 913 500 947 itaque
523 912 651 939 dominus
679 919 756 939 meus
779 911 1006 947 praeclarissimas

208 961 337 988 tribunus
351 964 378 987 et
394 960 517 987 notarius
530 959 682 987 Aristolaus
697 958 881 999 Antiochiam,
900 958 1006 985 litteras

208 1007 297 1042 regias
310 1014 402 1033 secum
419 1006 556 1038 deferens,
572 1005 673 1040 quibus
686 1005 784 1032 Joanni
808 1004 932 1039 piissimo
952 1004 1006 1032 Ec-

208 1052 299 1080 clesiae
316 1052 493 1079 Antiochena:
511 1051 641 1086 episcopo
662 1051 845 1078 mandabatur
875 1055 904 1078 ut
919 1051 1006 1078 scele-

209 1103 266 1125 rata
281 1097 400 1124 Nestorii
411 1096 536 1132 dogmata
546 1096 800 1127 anathematizaret,
813 1103 921 1123 necnon
951 1103 1006 1122 una

169 1172 174 1175 κ
208 1151 270 1170 eum
291 1150 369 1170 sacra
394 1142 498 1178 synodo
521 1141 700 1176 depositionis
724 1140 888 1168 sententiam
910 1145 1005 1168 contra

208 1187 285 1214 illum
294 1187 388 1219 ferret,
398 1195 483 1221 eaque
494 1187 598 1214 ratione
609 1186 642 1213 ad
653 1190 774 1213 nostram
785 1186 1006 1213 communionem

207 1233 279 1260 viam
291 1233 343 1260 sibi
358 1233 488 1259 muniret.
507 1242 515 1257 ι
535 1232 568 1259 Et
580 1232 638 1259 haec
653 1231 765 1267 quidem
785 1239 880 1259 earum
896 1231 1006 1259 littera-

211 1286 274 1305 rum
295 1285 401 1305 summa
418 1282 488 1305 erat.

243 1325 286 1351 62.
311 1324 450 1357 «Quidam
478 1328 569 1351 autem
594 1331 626 1351 ex
653 1322 835 1350 orientalibus
858 1322 1007 1358 episcopis,

208 1371 255 1405 qui
275 1370 430 1398 Nestorium
443 1370 513 1397 forte
527 1370 644 1397 necdum
661 1369 891 1402 condemnarunt,
907 1370 955 1397 sed
967 1369 1008 1396 illi

208 1425 292 1451 porro
306 1416 407 1449 favere,
424 1423 581 1451 rectamque
596 1416 676 1443 ﬁdem
688 1415 799 1443 turbare
815 1418 943 1450 pergunt,
957 1424 1008 1444 Ic-

209 1472 263 1499 que
279 1463 382 1491 Christi
392 1463 515 1490 omnium
527 1461 681 1489 Servatoris
692 1461 779 1488 nostri
795 1461 910 1496 gloriam
925 1469 1009 1497 agno-

208 1513 305 1542 scunt;
331 1509 460 1536 Acacium
484 1508 688 1535 sanctissimum
716 1507 926 1542 piissimumque
955 1507 1006 1535 Be—

1055 258 1167 290 eissent,
1177 258 1311 284 miserunt
1321 255 1512 282 Alexandriam
1522 255 1636 282 Paulum
1644 254 1863 290 pientissimum

1056 303 1347 339 religiosissimumque
1370 301 1563 330 Emisenorum
1583 302 1756 337 episcopum,
1783 301 1863 328 affe-

1055 354 1161 378 rentem
1189 349 1301 384 quidem
1329 349 1363 376 ad
1389 348 1592 376 communionis
1622 348 1863 376 instaurationem

1055 395 1232 431 pertinentia,
1250 402 1346 430 parum
1364 398 1455 422 tamen
1471 394 1571 421 decore
1584 399 1613 421 et
1628 394 1774 422 commode
1788 401 1864 429 pro—

1057 442 1144 477 posita
1157 450 1163 468 :
1177 449 1233 477 pra:
1243 449 1272 469 se
1283 441 1407 469 ferebant
1419 440 1491 467 enim
1499 440 1589 475 justas
1605 440 1736 474 quasdam
1753 446 1865 475 quere-

1056 488 1096 516 las
1109 489 1241 515 adversus
1258 494 1309 514 nos
1327 494 1357 514 se
1373 486 1485 519 habere,
1501 493 1535 513 eo
1549 486 1621 521 quod
1636 486 1761 521 quaidam
1781 493 1798 512 a
1813 493 1864 512 sa-

1055 541 1104 562 cro
1114 533 1241 565 concilio,
1258 541 1348 568 neque
1363 537 1437 560 recte
1447 532 1530 564 dicta,
1549 539 1637 568 neque
1651 535 1724 559 recte
1739 539 1864 566 quoque

1056 580 1127 607 facta
1143 584 1244 608 essent.
1258 580 1359 615 Verum
1379 578 1537 615 hujusmodi
1573 578 1702 614 epistolas
1719 577 1862 614 equidem

1056 632 1111 652 non
1125 625 1234 657 admisi,
1259 625 1308 653 sed
1332 625 1407 652 dixi:
1428 624 1497 652 Cum
1521 624 1556 652 de
1576 625 1715 659 prioribus
1740 624 1862 652 veniam

1057 672 1218 707 suppliciter
1228 677 1321 707 petere
1334 671 1477 703 deberent,
1492 679 1576 698 novas
1591 671 1689 698 iterum
1705 676 1863 698 contume-

1056 716 1108 744 lias
1122 717 1224 745 inferre
1237 716 1378 744 festinant.
1392 716 1460 744 Cum
1477 721 1568 744 autem
1593 721 1762 744 memoratus
1785 717 1862 752 piis-

1057 764 1142 792 simus
1165 764 1311 799 episcopus
1335 764 1436 791 factum
1462 767 1616 796 excusaret,
1641 763 1863 799 juramcntoque

1056 811 1109 838 hoc
1121 810 1230 838 illorum
1244 810 1417 846 propositum
1432 818 1487 837 non
1500 817 1560 837 esse
1577 809 1734 843 adiuuaret,
1749 818 1786 838 ex
1800 818 1864 837 me-

1057 865 1086 885 ra
1101 862 1192 885 autem
1212 857 1297 884 animi
1319 855 1496 891 simplicitate
1515 855 1606 884 isthue
1622 856 1721 884 litteris
1737 856 1800 884 suis
1815 856 1862 882 in-

1055 903 1186 935 seruisse,
1203 902 1359 930 dilectionis
1376 910 1458 930 eausa
1471 901 1660 938 purgationem
1674 901 1785 929 admisi.

1091 950 1136 978 64.
1154 959 1163 976 ε
1178 949 1314 978 Caeterum
1333 957 1388 977 non
1406 957 1484 988 prius
1499 949 1576 976 illum
1590 948 1622 976 ad
1635 949 1758 985 synaxim
1775 955 1863 976 rece-

1056 996 1094 1032 pi,
1113 1004 1195 1031 quam
1214 996 1307 1024 oblato
1330 996 1433 1028 libello,
1458 996 1576 1023 Nestorii
1595 995 1721 1031 dogmata
1740 995 1863 1030 proprio

1056 1041 1238 1076 chirographo
1267 1041 1540 1073 anathematizasset;
1564 1048 1679 1076 seseque
1703 1041 1782 1068 illum
1806 1049 1863 1076 pro

1057 1087 1183 1123 deposito
1199 1087 1312 1118 habere,
1326 1087 1436 1122 publice
1450 1086 1593 1114 confessus
1603 1091 1686 1118 esset,
1701 1092 1729 1114 et
1743 1087 1863 1114 ordina-

1058 1133 1125 1160 tioni
1145 1132 1256 1159 tandem
1279 1131 1477 1167 religiosissimi
1497 1132 1618 1167 episcopi
1636 1132 1793 1159 Maximiani
1813 1140 1861 1159 as-

1057 1180 1197 1211 sensisset.
1210 1178 1293 1206 Petiit
1307 1183 1400 1206 autem
1416 1183 1457 1211 ut,
1474 1178 1575 1206 libellis
1593 1178 1715 1206 omnium
1731 1179 1862 1206 orienta-

1056 1226 1124 1253 lium
1149 1225 1343 1260 episcoporum
1372 1225 1432 1252 loco
1455 1224 1555 1252 oblatis
1585 1225 1770 1260 receptisque,
1785 1225 1862 1252 nihil

1058 1272 1175 1308 amplius
1195 1272 1343 1307 exigerem.
1368 1271 1422 1298 Sed
1442 1271 1517 1298 nulla
1539 1271 1645 1298 ratione
1666 1271 1693 1298 id
1716 1271 1776 1298 ﬁeri
1795 1279 1861 1299 sum

1058 1325 1154 1353 passus
1170 1326 1176 1344 :
1193 1317 1240 1344 sed
1254 1317 1369 1344 domino
1384 1325 1446 1344 meo
1466 1317 1676 1352 praeclarissimo
1697 1317 1812 1344 tribuno
1828 1326 1863 1345 ac

1058 1363 1166 1391 notario
1175 1363 1297 1390 chartam
1313 1363 1387 1396 misi,
1399 1371 1453 1398 qua
1467 1363 1492 1390 ei
1508 1362 1676 1398 significavi:
1693 1362 1721 1390 Si
1736 1363 1864 1391 Joannes

1058 1408 1248 1444 pientissimus
1274 1408 1404 1435 Ecclesiae
1433 1407 1610 1434 Antiochenaa
1639 1407 1785 1442 episcopus
1819 1407 1862 1433 illi

1058 1451 1266 1490 subscripserit,
1282 1459 1348 1482 tunc
1362 1454 1473 1482 demum
1490 1453 1711 1481 communionem
1727 1453 1782 1480 illis
1794 1453 1863 1481 red-

1058 1501 1133 1534 dite;
1147 1508 1218 1536 zegre
1233 1500 1306 1528 enim
1323 1500 1432 1528 illorum
1449 1507 1553 1527 moram
1569 1499 1674 1527 ferebat
1687 1499 1863 1527 clarissimus

208 1556 356 1583 raeensium
384 1555 553 1590 episcopum,
570 1558 600 1581 ut
615 1554 648 1581 ad
670 1561 713 1580 me
731 1553 872 1587 scriberet,
890 1556 1009 1583 manu]-
1023 1559 1044 1588 ο
1061 1548 1189 1576 tribunus
1204 1547 1366 1575 Aristolaus.
1384 1547 1452 1575 Cum
1470 1547 1554 1582 igitur
1572 1547 1714 1582 piissimus
1736 1546 1863 1574 Joannes

208 1602 289 1636 Iaque
311 1602 441 1634 absurda,
463 1609 524 1636 qua:
546 1601 597 1636 ipsi
624 1600 810 1636 postulabant,
828 1606 1005 1636 proponeret,

208 1648 385 1683 instigaruut.
406 1648 526 1683 Urgebat
541 1647 645 1674 etenim
665 1651 696 1674 ut
716 1647 855 1680 omnibus,
875 1655 937 1683 quae
957 1648 1007 1675 ad-

208 1703 305 1722 versus
316 1695 472 1722 Nestorium
483 1693 654 1728 scripsimus,
669 1693 791 1726 abolitis;
804 1698 832 1721 et
860 1695 945 1722 veluti
966 1695 1008 1722 in-

208 1742 323 1769 utilibus
339 1741 457 1777 rejectis,
469 1741 559 1767 solum
575 1740 728 1776 symbolum
741 1749 755 1767 a
769 1741 870 1769 sanctis
880 1741 1007 1770 Patribus

208 1788 235 1815 in
251 1788 361 1815 civitate
377 1787 466 1815 Nicaea
482 1786 656 1821 congregatis
667 1787 823 1822 expositum
846 1787 1005 1815 admittere-

208 1842 279 1861 mus.
303 1833 425 1860 Meminit
448 1833 577 1860 sanctitas
601 1836 657 1866 tua,
684 1833 811 1861 eamdem
838 1833 909 1862 hanc
949 1842 1006 1862 rem

210 1880 314 1906 ursisse
326 1887 436 1914 quoque
456 1886 519 1905 cum
541 1886 631 1913 nuper
647 1878 675 1906 in
690 1878 873 1914 Ephesiorum
895 1879 1007 1907 civitate

209 1925 440 1952 adhucaderant.
459 1924 516 1958 Ego
532 1931 597 1950 vero
611 1923 645 1951 ad
661 1923 719 1951 hare
736 1925 875 1960 rescripsi,
892 1933 950 1952 rem
972 1925 1006 1953 il-

208 1971 250 1999 los
264 1971 402 2006 postulare
415 1970 549 2006 ejusmodi
569 1978 629 2005 quae
648 1970 706 1998 ﬁeri
723 1971 802 2006 plane
826 1979 881 1998 non
905 1976 1006 2007 posset,

209 2017 283 2052 quod
318 2024 492 2051 qumcunque
513 2016 728 2051 scripsissemus,
754 2021 828 2044 recte
849 2017 1006 2052 scripsisse-

208 2071 287 2094 mus;
309 2067 404 2098 utpote
423 2066 505 2090 recta:
522 2062 722 2097 inculpataeque
738 2061 800 2090 ﬁdei
822 2062 924 2098 ubique
948 2063 1006 2091 suf-

208 2109 318 2143 fragati,
333 2109 458 2143 nihilque
474 2108 509 2135 ob
525 2107 552 2135 id
569 2115 665 2135 eorum
691 2108 814 2135 omnium
828 2117 888 2144 quae
899 2117 914 2136 a
927 2110 1008 2137 nobis

207 2154 309 2189 scripta
327 2159 428 2186 essent,
452 2154 582 2181 damnare
600 2157 648 2181 aut
664 2162 764 2190 negare
776 2163 830 2182 non
848 2163 936 2191 posse.
952 2156 1007 2183 Ne-

207 2207 262 2235 que
274 2200 348 2227 enim
363 2200 513 2234 quidquam
535 2200 648 2227 omnino
671 2204 773 2227 temere
794 2208 809 2228 a
832 2208 877 2228 me
900 2201 1006 2231 dictum

1058 1594 1275 1629 subscripsisset,
1303 1593 1461 1628 exterique,
1489 1593 1536 1628 qui
1564 1594 1666 1629 majore
1691 1594 1862 1621 auctoritate

1057 1640 1128 1676 apud
1152 1640 1242 1676 ipsum
1259 1644 1347 1672 erant,
1366 1639 1485 1667 Nestorii
1500 1639 1652 1666 doctrinam
1671 1639 1861 1666 anathemati--

1057 1693 1176 1720 tassent,
1188 1692 1217 1715 et
1228 1687 1302 1722 quod
1316 1687 1406 1722 ipsum
1426 1694 1476 1722 pro
1491 1686 1617 1721 deposito
1635 1686 1781 1717 haberent,
1795 1693 1862 1721 pro-

1057 1733 1122 1761 fessi
1135 1738 1247 1767 esseut;
1266 1733 1479 1768 Maximianique
1499 1732 1696 1768 religiosissimi
1711 1731 1858 1767 pientissi-

1057 1780 1150 1816 nique
1172 1779 1296 1816 episcopi
1328 1779 1528 1807 ordinationem
1549 1779 1756 1814 approbassem,
1779 1786 1859 1806 com-

1056 1827 1215 1854 munionem
1237 1826 1292 1853 illis
1315 1826 1496 1853 restituimus.
1524 1825 1587 1853 Hec
1609 1825 1683 1852 enim
1698 1825 1768 1858 sola,
1793 1833 1858 1851 cum

1058 1871 1159 1907 Ephesi
1171 1871 1263 1900 adhuc
1279 1875 1382 1904 essent,
1397 1878 1413 1898 a
1425 1878 1501 1898 sacra
1515 1871 1620 1907 synodo
1634 1871 1668 1898 ab
1684 1870 1751 1906 ipsis
1762 1871 1858 1906 exige—

1058 1919 1168 1946 bantur.
1189 1928 1199 1945 ι
1215 1920 1218 1922 ’

1093 1975 1138 2003 65.
1157 1974 1269 2008 Paulus,
1283 1983 1314 2003 re
1327 1975 1398 2003 bene
1413 1973 1548 2006 confecta,
1563 1973 1596 2001 ad
1612 1973 1743 2002 Joannem
1758 1975 1858 2002 Ant'o-

1058 2021 1177 2048 ebenum
1203 2022 1337 2057 aliosque,
1363 2029 1378 2048 a
1405 2021 1506 2056 quibus
1533 2020 1566 2047 ad
1595 2019 1727 2056 Cyrillum
1753 2021 1859 2048 missus

1059 2066 1160 2100 fuerat,
1184 2067 1268 2095 rediit
1291 2067 1411 2094 afferens
1435 2074 1527 2094 secum
1553 2066 1588 2094 ad
1612 2066 1700 2101 ipsum
1722 2066 1857 2097 Joannem

1058 2114 1214 2149 epistolam,
1233 2121 1286 2149 qua
1306 2121 1358 2148 pax
1378 2111 1615 2147 tranquillitasque
1632 2111 1762 2139 Ecclesize
1783 2117 1857 2139 esset

1060 2160 1176 2187 reddita.
1200 2159 1266 2195 Ejus
1287 2158 1411 2194 epistolae.
1431 2158 1484 2185 hoc
1506 2162 1549 2185 est
1571 2157 1726 2189 exordium,
1748 2165 1809 2192 cap.
1829 2158 1856 2189 6,

1059 2207 1133 2231 tonio
1146 2203 1191 2231 iV:
1205 2213 1214 2228 ι
1232 2203 1366 2230 Lwtentur
1376 2202 1434 2229 σίζ’Ιί
1450 2207 1474 2229 et
1489 2202 1600 2229 exsultet
1613 2207 1683 2229 terra
1694 2201 1782 2238 (Paul.
1795 2211 1857 2235 xcv,

209 2251 256 2273 aut
271 2246 404 2280 scriptum
416 2249 468 2278 est,
485 2249 515 2272 ut
526 2245 571 2273 isti
586 2246 691 2278 dicunt,
707 2246 754 2274 sed
773 2255 804 2274 ea
818 2252 923 2275 tantum
937 2256 951 2275 a
963 2257 1006 2276 me
1024 2254 1045 2283 [)
1060 2249 1104 2285 ll)
1123 2259 1129 2277 :
1148 2250 1269 2277 solutum
1284 2249 1356 2276 enim
1370 2253 1413 2276 est
1427 2249 1601 2276 intervallum
1624 2249 1766 2282 macerize;
1782 2249 1856 2284 quod

209 2292 282 2319 dicta
307 2296 335 2319 et
357 2292 458 2326 scripta
483 2297 557 2323 sunt,
578 2300 639 2327 qua:
662 2300 724 2320 cum
748 2292 811 2320 ildei
837 2293 1004 2323 rectitudine

209 2339 312 2373 ubique
324 2338 494 2373 conspirant,
510 2339 674 2373 veritatique
687 2347 737 2374 per
753 2340 844 2367 omnia
859 2346 1004 2368 consenta-

209 2392 260 2411 nea
284 2388 358 2411 sunt.
384 2383 483 2411 Addidi
506 2391 582 2415 vero,
605 2384 708 2412 rectius
731 2385 805 2420 ipsos
827 2385 959 2417 facturos,
982 2387 1004 2414 si

209 2428 371 2463 ambagibus
393 2429 448 2455 illis
470 2428 702 2464 dilationibusque
726 2430 827 2464 quibus
846 2431 1004 2463 utebantur,

209 2474 310 2505 missis,
324 2474 449 2508 intraque
463 2474 531 2501 recti
544 2478 572 2501 et
585 2475 734 2502 necessarii
751 2476 854 2503 limites
866 2485 926 2504 sese
940 2485 1006 2504 con-

209 2520 338 2551 tinentes,
358 2519 473 2555 piissimi
488 2519 599 2555 Deoque
616 2521 787 2549 dilectissimi
805 2523 871 2558 imp.
884 2524 1004 2558 placitis,

207 2574 346 2601 sacraeque
364 2566 461 2601 synodi
476 2566 595 2594 decretis
607 2568 830 2603 acquiescerent;
844 2576 875 2596 ac
887 2569 1004 2596 Nestorii

208 2620 292 2647 nugas
311 2613 539 2648 blasphemasque
559 2614 682 2650 ejusdem
699 2619 794 2642 contra
807 2614 946 2642 Christum
957 2623 1005 2642 vo-

207 2666 252 2685 ces
271 2659 551 2693 anathematizarent;
569 2668 676 2688 necnon
702 2665 730 2688 et
753 2661 953 2696 depositionem
970 2662 1003 2688 il-

207 2704 260 2731 lius
272 2705 373 2739 justam
388 2713 448 2733 esse
462 2711 654 2741 agnoscerent,
667 2711 694 2733 et
709 2707 877 2734 ordinationi
895 2708 1003 2735 tandem

206 2750 372 2777 sanctissimi
385 2751 604 2785 pientissimique
618 2752 740 2786 episcopi
757 2751 912 2779 Maximiani
937 2753 1004 2780 sub-

206 2796 368 2824 scriberent.

242 2855 285 2881 65.
306 2865 315 2880 ι
332 2854 400 2882 Cum
418 2854 510 2890 itaque,
526 2856 575 2883 has
592 2855 625 2882 ad
642 2855 703 2882 illos
721 2855 826 2882 litteras
848 2855 983 2884 misissem
995 2876 1002 2887 ,

206 2900 457 2939 animadvertentes
471 2909 531 2930 sese
549 2902 742 2930 communione
763 2909 936 2936 nequaquam
952 2910 1001 2936 po-

1057 2303 1205 2324 mmrorem
1229 2296 1380 2328 afferebat,
1404 2296 1576 2331 conquievit;
1596 2299 1624 2323 et
1640 2303 1722 2322 omne
1744 2296 1856 2323 tandem

1055 2341 1233 2368 dissidiorum
1256 2348 1342 2376 genus
1359 2341 1497 2368 sublatum
1518 2345 1578 2374 est;
1596 2341 1719 2368 omnium
1741 2341 1855 2376 quidem

1056 2392 1181 2415 nostrum
1192 2387 1333 2414 Salvatore
1345 2386 1454 2415 Christo
1468 2395 1563 2423 pacem
1573 2387 1705 2415 Eeclesiis
1717 2389 1776 2415 suis
1787 2396 1854 2415 con-

1057 2434 1179 2465 ciliante,
1195 2433 1411 2469 religiosissimis
1420 2438 1522 2465 autem,
1540 2434 1650 2468 Deoque
1665 2434 1856 2462 dilectissimis

1056 2477 1279 2513 imperatoribus,
1306 2485 1357 2505 nos
1384 2477 1417 2505 ad
1448 2478 1520 2505 istud
1549 2478 1775 2513 provocantibus.
1803 2479 1854 2513 Qui

1056 2532 1117 2551 eum
1139 2524 1219 2551 avita:
1234 2524 1374 2559 religionis
1394 2525 1490 2559 optimi
1514 2525 1686 2552 mmulatores
1708 2526 1853 2557 exsistant,

1055 2569 1119 2596 dant
1145 2577 1257 2605 operam
1275 2574 1306 2596 ut
1321 2569 1401 2597 ﬁdem
1416 2575 1517 2598 rectam
1535 2571 1632 2598 animis
1652 2572 1709 2598 suis
1730 2572 1852 2603 infixam,

1056 2616 1163 2643 lirmam
1174 2616 1369 2651 immotamque
1380 2617 1547 2644 custodiant.
1559 2617 1629 2650 Quin
1642 2622 1670 2644 et
1685 2618 1852 2652 singularem

1055 2669 1165 2696 quoque
1177 2661 1280 2689 sanctis
1292 2662 1422 2694 Ecclesiis
1431 2670 1526 2695 curam
1536 2663 1707 2698 impendunt,
1719 2671 1775 2698 quo
1790 2664 1852 2690 hinc

1055 2707 1186 2734 nimirum
1198 2711 1226 2734 et
1234 2708 1349 2743 gloriam
1360 2708 1503 2735 obtineant
1517 2713 1686 2744 perpetuam,
1695 2714 1723 2736 et
1736 2718 1851 2746 regnum

1055 2761 1135 2780 suum
1155 2754 1380 2782 ﬂorentissimum
1396 2755 1574 2782 constituant.
1589 2765 1598 2781 ι

1090 2811 1133 2838 66.
1150 2811 1215 2844 Qute
1235 2819 1250 2838 a
1269 2811 1360 2839 reditu
1386 2811 1462 2839 Pauli
1484 2813 1668 2848 contigerunt,
1695 2813 1732 2840 ita
1758 2817 1850 2845 narrat

1055 2855 1199 2883 Liberatus
1215 2857 1241 2884 in
1260 2857 1409 2889 lireviario,
1432 2866 1510 2892 capp.
1527 2859 1544 2885 8
1559 2859 1613 2886 et9
1636 2868 1642 2886 :
1663 2869 1671 2884 ι
1691 2859 1850 2888 Ascendens

1054 2909 1119 2936 ergo
1129 2901 1301 2929 Antiochiam
1311 2903 1420 2935 Paulus,
1429 2903 1528 2931 obtulit
1535 2903 1632 2932 Joanni
1642 2905 1848 2941 archiepiscopo
